  <div class='ocr_page' id='page_1' title='image "/cluster/home/n/w/nwhite01/storage/ocr_20150623/10/hvd.32044019207620/418.png"; bbox 0 0 3862 6534; ppageno 0'>
   <div class='ocr_carea' id='block_1_1' title="bbox 247 391 344 449">
    <p class='ocr_par' dir='ltr' id='par_1_1' title="bbox 247 391 344 449">
     <span class='ocr_line' id='line_1_1' title="bbox 247 391 344 449; baseline 0 0"><span class='ocrx_word' id='word_1_1' title='bbox 247 391 344 449; x_wconf 67' lang='grc'><strong>821</strong></span> 
     </span>
    </p>
   </div>
   <div class='ocr_carea' id='block_1_2' title="bbox 1429 392 2340 450">
    <p class='ocr_par' dir='ltr' id='par_1_2' title="bbox 1429 392 2340 450">
     <span class='ocr_line' id='line_1_2' title="bbox 1429 392 2340 450; baseline -0.002 -2"><span class='ocrx_word' id='word_1_2' title='bbox 1429 392 1710 449; x_wconf 79' lang='lat' dir='ltr'><strong>CONTRA</strong></span> <span class='ocrx_word' id='word_1_3' title='bbox 1751 393 2074 449; x_wconf 74' lang='grc' dir='ltr'><strong>ΗΑΞιὶΕΞΙΝ</strong></span> <span class='ocrx_word' id='word_1_4' title='bbox 2114 392 2340 450; x_wconf 81' lang='lat' dir='ltr'><strong>NOETI.</strong></span> 
     </span>
    </p>
   </div>
   <div class='ocr_carea' id='block_1_3' title="bbox 3419 394 3523 449">
    <p class='ocr_par' dir='ltr' id='par_1_3' title="bbox 3419 394 3523 449">
     <span class='ocr_line' id='line_1_3' title="bbox 3419 394 3523 449; baseline 0.038 -4"><span class='ocrx_word' id='word_1_5' title='bbox 3419 394 3523 449; x_wconf 72' lang='lat'><strong>3’22</strong></span> 
     </span>
    </p>
   </div>
   <div class='ocr_carea' id='block_1_4' title="bbox 315 505 1838 585">
    <p class='ocr_par' dir='ltr' id='par_1_4' title="bbox 315 505 1836 585">
     <span class='ocr_line' id='line_1_4' title="bbox 315 505 1836 585; baseline 0.001 -21"><span class='ocrx_word' id='word_1_6' title='bbox 315 511 501 566; x_wconf 79' lang='grc' dir='ltr'>Ταῦτα</span> <span class='ocrx_word' id='word_1_7' title='bbox 536 524 636 582; x_wconf 84' lang='grc' dir='ltr'><strong>μεν</strong></span> <span class='ocrx_word' id='word_1_8' title='bbox 666 505 780 577; x_wconf 79' lang='grc' dir='ltr'>οὗν,</span> <span class='ocrx_word' id='word_1_9' title='bbox 814 512 1054 583; x_wconf 69' lang='grc' dir='ltr'>ἀδελφοὶ,</span> <span class='ocrx_word' id='word_1_10' title='bbox 1088 511 1450 585; x_wconf 75' lang='grc' dir='ltr'><strong>σημαίνουσιν</strong></span> <span class='ocrx_word' id='word_1_11' title='bbox 1497 515 1552 567; x_wconf 79' lang='grc' dir='ltr'>αἱ</span> <span class='ocrx_word' id='word_1_12' title='bbox 1600 513 1836 583; x_wconf 83' lang='grc' dir='ltr'>Γραφαί.</span> 
     </span>
    </p>
   </div>
   <div class='ocr_carea' id='block_1_5' title="bbox 1950 505 3529 585">
    <p class='ocr_par' dir='ltr' id='par_1_5' title="bbox 2014 509 3529 583">
     <span class='ocr_line' id='line_1_5' title="bbox 2014 509 3529 583; baseline 0.001 -17"><span class='ocrx_word' id='word_1_13' title='bbox 2014 511 2154 567; x_wconf 76' lang='lat' dir='ltr'><strong>XIV.</strong></span> <span class='ocrx_word' id='word_1_14' title='bbox 2187 511 2310 566; x_wconf 66' lang='lat' dir='ltr'><strong>Haec</strong></span> <span class='ocrx_word' id='word_1_15' title='bbox 2354 512 2517 583; x_wconf 64' lang='lat' dir='ltr'><strong>igitur</strong></span> <span class='ocrx_word' id='word_1_16' title='bbox 2540 554 2552 572; x_wconf 91' lang='lat'><strong>,</strong></span> <span class='ocrx_word' id='word_1_17' title='bbox 2598 509 2819 575; x_wconf 79' lang='lat' dir='ltr'><strong>fratres,</strong></span> <span class='ocrx_word' id='word_1_18' title='bbox 2864 511 3170 580; x_wconf 76' lang='lat' dir='ltr'><strong>signiﬁcant</strong></span> <span class='ocrx_word' id='word_1_19' title='bbox 3201 512 3356 567; x_wconf 88' lang='lat' dir='ltr'><strong>nobis</strong></span> <span class='ocrx_word' id='word_1_20' title='bbox 3381 510 3529 568; x_wconf 85' lang='lat' dir='ltr'><strong>Scri-</strong></span> 
     </span>
    </p>
   </div>
   <div class='ocr_carea' id='block_1_6' title="bbox 243 603 1832 679">
    <p class='ocr_par' dir='ltr' id='par_1_6' title="bbox 243 603 1832 679">
     <span class='ocr_line' id='line_1_6' title="bbox 243 603 1832 679; baseline 0.001 -21"><span class='ocrx_word' id='word_1_21' title='bbox 243 603 462 675; x_wconf 74' lang='grc' dir='ltr'>Ταύτην</span> <span class='ocrx_word' id='word_1_22' title='bbox 486 607 584 674; x_wconf 76' lang='grc' dir='ltr'>τὴν</span> <span class='ocrx_word' id='word_1_23' title='bbox 609 605 922 676; x_wconf 73' lang='grc' dir='ltr'><strong>οἰκονομίαν</strong></span> <span class='ocrx_word' id='word_1_24' title='bbox 962 607 1325 679; x_wconf 83' lang='grc' dir='ltr'>παραδίδωσιν</span> <span class='ocrx_word' id='word_1_25' title='bbox 1369 609 1500 677; x_wconf 82' lang='grc' dir='ltr'>ἡμῖν</span> <span class='ocrx_word' id='word_1_26' title='bbox 1539 606 1631 659; x_wconf 74' lang='grc' dir='ltr'><strong>καὶ</strong></span> <span class='ocrx_word' id='word_1_27' title='bbox 1661 608 1689 658; x_wconf 94' lang='lat'><strong>6</strong></span> <span class='ocrx_word' id='word_1_28' title='bbox 1731 624 1832 676; x_wconf 88' lang='grc' dir='ltr'>μα-</span> 
     </span>
    </p>
   </div>
   <div class='ocr_carea' id='block_1_7' title="bbox 242 697 1832 772">
    <p class='ocr_par' dir='ltr' id='par_1_7' title="bbox 242 697 1832 772">
     <span class='ocr_line' id='line_1_7' title="bbox 242 697 1832 772; baseline 0.003 -24"><span class='ocrx_word' id='word_1_29' title='bbox 242 697 435 767; x_wconf 74' lang='grc' dir='ltr'>κάριος</span> <span class='ocrx_word' id='word_1_30' title='bbox 471 697 723 768; x_wconf 71' lang='grc' dir='ltr'>Ἰωάννης</span> <span class='ocrx_word' id='word_1_31' title='bbox 745 698 805 751; x_wconf 82' lang='grc' dir='ltr'><strong>ὲν</strong></span> <span class='ocrx_word' id='word_1_32' title='bbox 834 699 1154 770; x_wconf 80' lang='grc' dir='ltr'>Εὐαγγελίῳ</span> <span class='ocrx_word' id='word_1_33' title='bbox 1194 699 1505 772; x_wconf 80' lang='grc' dir='ltr'>μαρτυρῶν,</span> <span class='ocrx_word' id='word_1_34' title='bbox 1527 701 1620 752; x_wconf 71' lang='grc' dir='ltr'><strong>καὶ</strong></span> <span class='ocrx_word' id='word_1_35' title='bbox 1647 698 1832 752; x_wconf 80' lang='grc' dir='ltr'>τοῦτον</span> 
     </span>
    </p>
   </div>
   <div class='ocr_carea' id='block_1_8' title="bbox 238 789 1830 863">
    <p class='ocr_par' dir='ltr' id='par_1_8' title="bbox 238 789 1830 863">
     <span class='ocr_line' id='line_1_8' title="bbox 238 789 1830 863; baseline 0.003 -23"><span class='ocrx_word' id='word_1_36' title='bbox 238 789 329 842; x_wconf 79' lang='grc' dir='ltr'><strong>τὸν</strong></span> <span class='ocrx_word' id='word_1_37' title='bbox 364 789 536 857; x_wconf 81' lang='grc' dir='ltr'>Λόγον</span> <span class='ocrx_word' id='word_1_38' title='bbox 569 789 702 842; x_wconf 83' lang='grc' dir='ltr'>Θεὸν</span> <span class='ocrx_word' id='word_1_39' title='bbox 736 791 989 860; x_wconf 75' lang='grc' dir='ltr'>ὁμολογεῖ</span> <span class='ocrx_word' id='word_1_40' title='bbox 1033 791 1203 856; x_wconf 74' lang='grc' dir='ltr'>οὕτως</span> <span class='ocrx_word' id='word_1_41' title='bbox 1245 793 1446 862; x_wconf 80' lang='grc' dir='ltr'>λέγων·</span> <span class='ocrx_word' id='word_1_42' title='bbox 1505 812 1520 842; x_wconf 76' lang='grc' dir='ltr'><strong>ι</strong></span> <span class='ocrx_word' id='word_1_43' title='bbox 1575 791 1663 845; x_wconf 82' lang='grc' dir='ltr'>Ἑν</span> <span class='ocrx_word' id='word_1_44' title='bbox 1692 793 1830 863; x_wconf 83' lang='grc' dir='ltr'><strong>ἀρχῇ</strong></span> 
     </span>
    </p>
   </div>
   <div class='ocr_carea' id='block_1_9' title="bbox 237 876 1834 955">
    <p class='ocr_par' dir='ltr' id='par_1_9' title="bbox 237 876 1834 955">
     <span class='ocr_line' id='line_1_9' title="bbox 237 876 1834 955; baseline 0.001 -22"><span class='ocrx_word' id='word_1_45' title='bbox 237 876 302 949; x_wconf 75' lang='grc' dir='ltr'>ἦν</span> <span class='ocrx_word' id='word_1_46' title='bbox 331 882 361 932; x_wconf 84' lang='grc' dir='ltr'><strong>ό</strong></span> <span class='ocrx_word' id='word_1_47' title='bbox 393 882 586 950; x_wconf 85' lang='grc' dir='ltr'>Λόγος,</span> <span class='ocrx_word' id='word_1_48' title='bbox 613 883 705 934; x_wconf 78' lang='grc' dir='ltr'><strong>καὶ</strong></span> <span class='ocrx_word' id='word_1_49' title='bbox 729 882 757 934; x_wconf 98' lang='lat'><strong>6</strong></span> <span class='ocrx_word' id='word_1_50' title='bbox 780 883 952 950; x_wconf 84' lang='grc' dir='ltr'>Λόγος</span> <span class='ocrx_word' id='word_1_51' title='bbox 974 878 1042 954; x_wconf 76' lang='grc' dir='ltr'>ἦν</span> <span class='ocrx_word' id='word_1_52' title='bbox 1068 883 1205 955; x_wconf 86' lang='grc' dir='ltr'>πρὸς</span> <span class='ocrx_word' id='word_1_53' title='bbox 1236 883 1326 936; x_wconf 85' lang='grc' dir='ltr'><strong>τὸν</strong></span> <span class='ocrx_word' id='word_1_54' title='bbox 1359 883 1488 936; x_wconf 89' lang='grc' dir='ltr'>Θεὸν</span> <span class='ocrx_word' id='word_1_55' title='bbox 1509 924 1521 946; x_wconf 92' lang='grc'><strong>,</strong></span> <span class='ocrx_word' id='word_1_56' title='bbox 1578 883 1669 935; x_wconf 78' lang='grc' dir='ltr'><strong>καὶ</strong></span> <span class='ocrx_word' id='word_1_57' title='bbox 1701 882 1834 944; x_wconf 87' lang='grc' dir='ltr'>Θεὸς</span> 
     </span>
    </p>
   </div>
   <div class='ocr_carea' id='block_1_10' title="bbox 238 970 1834 1049">
    <p class='ocr_par' dir='ltr' id='par_1_10' title="bbox 238 970 1834 1049">
     <span class='ocr_line' id='line_1_10' title="bbox 238 970 1834 1049; baseline 0.001 -23"><span class='ocrx_word' id='word_1_58' title='bbox 238 970 306 1044; x_wconf 75' lang='grc' dir='ltr'>ἦν</span> <span class='ocrx_word' id='word_1_59' title='bbox 336 977 367 1027; x_wconf 79' lang='grc' dir='ltr'>ὀ</span> <span class='ocrx_word' id='word_1_60' title='bbox 400 977 590 1043; x_wconf 84' lang='grc' dir='ltr'>Λόγος.</span> <span class='ocrx_word' id='word_1_61' title='bbox 633 995 652 1026; x_wconf 73' lang='grc' dir='ltr'><strong>ι</strong></span> <span class='ocrx_word' id='word_1_62' title='bbox 697 977 760 1029; x_wconf 89' lang='grc' dir='ltr'>Εί</span> <span class='ocrx_word' id='word_1_63' title='bbox 783 975 840 1029; x_wconf 74' lang='grc' dir='ltr'>δὲ</span> <span class='ocrx_word' id='word_1_64' title='bbox 867 972 958 1030; x_wconf 80' lang='grc' dir='ltr'><strong>οὖν</strong></span> <span class='ocrx_word' id='word_1_65' title='bbox 990 977 1018 1028; x_wconf 92' lang='lat'><strong>6</strong></span> <span class='ocrx_word' id='word_1_66' title='bbox 1046 978 1219 1046; x_wconf 84' lang='grc' dir='ltr'>Λόγος</span> <span class='ocrx_word' id='word_1_67' title='bbox 1243 977 1378 1049; x_wconf 86' lang='grc' dir='ltr'>πρὸς</span> <span class='ocrx_word' id='word_1_68' title='bbox 1400 979 1490 1030; x_wconf 88' lang='grc' dir='ltr'><strong>τὸν</strong></span> <span class='ocrx_word' id='word_1_69' title='bbox 1519 977 1670 1039; x_wconf 86' lang='grc' dir='ltr'>Θεὸν,</span> <span class='ocrx_word' id='word_1_70' title='bbox 1703 975 1834 1038; x_wconf 84' lang='grc' dir='ltr'>Θεὸς</span> 
     </span>
    </p>
   </div>
   <div class='ocr_carea' id='block_1_11' title="bbox 238 1063 1834 1139">
    <p class='ocr_par' dir='ltr' id='par_1_11' title="bbox 238 1063 1834 1139">
     <span class='ocr_line' id='line_1_11' title="bbox 238 1063 1834 1139; baseline 0.001 -23"><span class='ocrx_word' id='word_1_71' title='bbox 238 1068 335 1128; x_wconf 77' lang='grc' dir='ltr'><strong>ὢν,</strong></span> <span class='ocrx_word' id='word_1_72' title='bbox 363 1067 418 1118; x_wconf 76' lang='grc' dir='ltr'><strong>τί</strong></span> <span class='ocrx_word' id='word_1_73' title='bbox 443 1063 570 1131; x_wconf 72' lang='grc' dir='ltr'>οὖνς</span> <span class='ocrx_word' id='word_1_74' title='bbox 601 1069 821 1139; x_wconf 77' lang='grc' dir='ltr'>φήσειεν</span> <span class='ocrx_word' id='word_1_75' title='bbox 851 1068 916 1122; x_wconf 85' lang='grc' dir='ltr'>ἄν</span> <span class='ocrx_word' id='word_1_76' title='bbox 951 1086 1034 1131; x_wconf 86' lang='grc' dir='ltr'><strong>τις</strong></span> <span class='ocrx_word' id='word_1_77' title='bbox 1055 1069 1146 1122; x_wconf 76' lang='grc' dir='ltr'>δύο</span> <span class='ocrx_word' id='word_1_78' title='bbox 1168 1068 1347 1135; x_wconf 79' lang='grc' dir='ltr'>λέγειν</span> <span class='ocrx_word' id='word_1_79' title='bbox 1377 1067 1573 1131; x_wconf 79' lang='grc' dir='ltr'>Θεούς;</span> <span class='ocrx_word' id='word_1_80' title='bbox 1606 1067 1708 1118; x_wconf 81' lang='grc' dir='ltr'><strong>Δύο</strong></span> <span class='ocrx_word' id='word_1_81' title='bbox 1737 1067 1834 1135; x_wconf 77' lang='grc' dir='ltr'><strong>μὲν</strong></span> 
     </span>
    </p>
   </div>
   <div class='ocr_carea' id='block_1_12' title="bbox 238 1158 1836 1232">
    <p class='ocr_par' dir='ltr' id='par_1_12' title="bbox 238 1158 1836 1232">
     <span class='ocr_line' id='line_1_12' title="bbox 238 1158 1836 1232; baseline 0 -22"><span class='ocrx_word' id='word_1_82' title='bbox 238 1161 337 1211; x_wconf 67' lang='grc' dir='ltr'><strong>οὐκ</strong></span> <span class='ocrx_word' id='word_1_83' title='bbox 362 1158 677 1231; x_wconf 79' lang='grc' dir='ltr'>ἐρῶΘεοὺς,</span> <span class='ocrx_word' id='word_1_84' title='bbox 709 1160 825 1213; x_wconf 85' lang='grc' dir='ltr'>ἀλλ’</span> <span class='ocrx_word' id='word_1_85' title='bbox 860 1162 891 1232; x_wconf 85' lang='grc' dir='ltr'>ἢ</span> <span class='ocrx_word' id='word_1_86' title='bbox 923 1161 1038 1225; x_wconf 74' lang='grc' dir='ltr'>ἕνα,</span> <span class='ocrx_word' id='word_1_87' title='bbox 1069 1161 1345 1232; x_wconf 84' lang='grc' dir='ltr'>Πρόσωπα</span> <span class='ocrx_word' id='word_1_88' title='bbox 1373 1161 1428 1214; x_wconf 81' lang='grc' dir='ltr'>δὲ</span> <span class='ocrx_word' id='word_1_89' title='bbox 1467 1159 1559 1212; x_wconf 78' lang='grc' dir='ltr'>δύο</span> <span class='ocrx_word' id='word_1_90' title='bbox 1582 1201 1595 1223; x_wconf 91' lang='grc'><strong>,</strong></span> <span class='ocrx_word' id='word_1_91' title='bbox 1632 1159 1836 1212; x_wconf 78' lang='grc' dir='ltr'>οἰκονο-</span> 
     </span>
    </p>
   </div>
   <div class='ocr_carea' id='block_1_13' title="bbox 244 1252 1836 1327">
    <p class='ocr_par' dir='ltr' id='par_1_13' title="bbox 244 1252 1836 1327">
     <span class='ocr_line' id='line_1_13' title="bbox 244 1252 1836 1327; baseline 0 -24"><span class='ocrx_word' id='word_1_92' title='bbox 244 1253 373 1321; x_wconf 88' lang='grc' dir='ltr'>μίαν</span> <span class='ocrx_word' id='word_1_93' title='bbox 399 1253 458 1304; x_wconf 77' lang='grc' dir='ltr'>δὲ</span> <span class='ocrx_word' id='word_1_94' title='bbox 486 1252 693 1324; x_wconf 79' lang='grc' dir='ltr'><strong>τρίτην,</strong></span> <span class='ocrx_word' id='word_1_95' title='bbox 727 1253 823 1324; x_wconf 79' lang='grc' dir='ltr'><strong>τὴν</strong></span> <span class='ocrx_word' id='word_1_96' title='bbox 855 1255 1013 1327; x_wconf 79' lang='grc' dir='ltr'>χάριν</span> <span class='ocrx_word' id='word_1_97' title='bbox 1038 1255 1130 1307; x_wconf 74' lang='grc' dir='ltr'>τοῦ</span> <span class='ocrx_word' id='word_1_98' title='bbox 1160 1255 1315 1322; x_wconf 82' lang='grc' dir='ltr'>ἁγίου</span> <span class='ocrx_word' id='word_1_99' title='bbox 1339 1252 1679 1323; x_wconf 77' lang='grc' dir='ltr'>Πνεύματος.</span> <span class='ocrx_word' id='word_1_100' title='bbox 1725 1253 1836 1303; x_wconf 86' lang='grc' dir='ltr'>Πα-</span> 
     </span>
    </p>
   </div>
   <div class='ocr_carea' id='block_1_14' title="bbox 239 1340 1837 1418">
    <p class='ocr_par' dir='ltr' id='par_1_14' title="bbox 239 1340 1837 1418">
     <span class='ocr_line' id='line_1_14' title="bbox 239 1340 1837 1418; baseline -0.001 -22"><span class='ocrx_word' id='word_1_101' title='bbox 239 1345 339 1416; x_wconf 71' lang='grc' dir='ltr'><strong>τὴρ</strong></span> <span class='ocrx_word' id='word_1_102' title='bbox 375 1345 478 1414; x_wconf 81' lang='grc' dir='ltr'><strong>μὲν</strong></span> <span class='ocrx_word' id='word_1_103' title='bbox 512 1345 619 1416; x_wconf 73' lang='grc' dir='ltr'><strong>γὰρ</strong></span> <span class='ocrx_word' id='word_1_104' title='bbox 653 1340 755 1410; x_wconf 69' lang='grc' dir='ltr'>εἷς,</span> <span class='ocrx_word' id='word_1_105' title='bbox 792 1347 1067 1418; x_wconf 80' lang='grc' dir='ltr'>Πρόσωπα</span> <span class='ocrx_word' id='word_1_106' title='bbox 1095 1347 1150 1400; x_wconf 68' lang='grc' dir='ltr'>δὲ</span> <span class='ocrx_word' id='word_1_107' title='bbox 1171 1346 1283 1410; x_wconf 73' lang='grc' dir='ltr'>δύο,</span> <span class='ocrx_word' id='word_1_108' title='bbox 1316 1347 1397 1399; x_wconf 82' lang='grc' dir='ltr'>ὅτι</span> <span class='ocrx_word' id='word_1_109' title='bbox 1422 1345 1516 1397; x_wconf 80' lang='grc' dir='ltr'><strong>καὶ</strong></span> <span class='ocrx_word' id='word_1_110' title='bbox 1542 1347 1570 1397; x_wconf 90' lang='grc' dir='ltr'><strong>ὁ</strong></span> <span class='ocrx_word' id='word_1_111' title='bbox 1600 1344 1749 1406; x_wconf 82' lang='grc' dir='ltr'>Υἱὸς,</span> <span class='ocrx_word' id='word_1_112' title='bbox 1777 1343 1837 1394; x_wconf 89' lang='grc' dir='ltr'><strong>τὸ</strong></span> 
     </span>
    </p>
   </div>
   <div class='ocr_carea' id='block_1_15' title="bbox 239 1436 1834 1509">
    <p class='ocr_par' dir='ltr' id='par_1_15' title="bbox 239 1436 1834 1509">
     <span class='ocr_line' id='line_1_15' title="bbox 239 1436 1834 1509; baseline -0.001 -20"><span class='ocrx_word' id='word_1_113' title='bbox 239 1436 293 1489; x_wconf 78' lang='grc' dir='ltr'>δὲ</span> <span class='ocrx_word' id='word_1_114' title='bbox 316 1436 501 1507; x_wconf 81' lang='grc' dir='ltr'>τρίτον</span> <span class='ocrx_word' id='word_1_115' title='bbox 547 1437 606 1490; x_wconf 86' lang='grc' dir='ltr'><strong>τὸ</strong></span> <span class='ocrx_word' id='word_1_116' title='bbox 641 1437 793 1506; x_wconf 79' lang='grc' dir='ltr'>ἆγιον</span> <span class='ocrx_word' id='word_1_117' title='bbox 844 1439 1070 1509; x_wconf 72' lang='grc' dir='ltr'>Ηνεῦμα</span> <span class='ocrx_word' id='word_1_118' title='bbox 1116 1439 1246 1509; x_wconf 80' lang='lat'><strong>(99).</strong></span> <span class='ocrx_word' id='word_1_119' title='bbox 1279 1437 1470 1508; x_wconf 82' lang='grc' dir='ltr'>Πατὴρ</span> <span class='ocrx_word' id='word_1_120' title='bbox 1510 1436 1834 1500; x_wconf 77' lang='grc' dir='ltr'>ἐντέλλεται,</span> 
     </span>
    </p>
   </div>
   <div class='ocr_carea' id='block_1_16' title="bbox 243 1518 1837 1596">
    <p class='ocr_par' dir='ltr' id='par_1_16' title="bbox 243 1518 1837 1596">
     <span class='ocr_line' id='line_1_16' title="bbox 243 1518 1837 1596; baseline -0.003 -16"><span class='ocrx_word' id='word_1_121' title='bbox 243 1527 416 1594; x_wconf 86' lang='grc' dir='ltr'>Λόγος</span> <span class='ocrx_word' id='word_1_122' title='bbox 447 1525 718 1589; x_wconf 78' lang='grc' dir='ltr'>ἀποτελεῖ,</span> <span class='ocrx_word' id='word_1_123' title='bbox 751 1526 879 1591; x_wconf 87' lang='grc' dir='ltr'>Υἱὸς</span> <span class='ocrx_word' id='word_1_124' title='bbox 904 1527 960 1580; x_wconf 74' lang='grc' dir='ltr'>δὲ</span> <span class='ocrx_word' id='word_1_125' title='bbox 996 1527 1270 1581; x_wconf 87' lang='grc' dir='ltr'>δείκνυται</span> <span class='ocrx_word' id='word_1_126' title='bbox 1291 1527 1358 1579; x_wconf 80' lang='grc' dir='ltr'>δι’</span> <span class='ocrx_word' id='word_1_127' title='bbox 1401 1518 1461 1579; x_wconf 74' lang='grc' dir='ltr'>οὗ</span> <span class='ocrx_word' id='word_1_128' title='bbox 1509 1524 1698 1596; x_wconf 81' lang='grc' dir='ltr'>Πατὴρ</span> <span class='ocrx_word' id='word_1_129' title='bbox 1747 1543 1837 1577; x_wconf 83' lang='grc' dir='ltr'>πι-</span> 
     </span>
    </p>
   </div>
   <div class='ocr_carea' id='block_1_17' title="bbox 245 1616 1838 1690">
    <p class='ocr_par' dir='ltr' id='par_1_17' title="bbox 245 1616 1838 1690">
     <span class='ocr_line' id='line_1_17' title="bbox 245 1616 1838 1690; baseline -0.001 -20"><span class='ocrx_word' id='word_1_130' title='bbox 245 1619 515 1672; x_wconf 70' lang='grc' dir='ltr'>στεύεται.</span> <span class='ocrx_word' id='word_1_131' title='bbox 569 1620 863 1690; x_wconf 85' lang='grc' dir='ltr'>Οἰκονομία</span> <span class='ocrx_word' id='word_1_132' title='bbox 908 1621 1226 1690; x_wconf 78' lang='grc' dir='ltr'>συμφωνίας</span> <span class='ocrx_word' id='word_1_133' title='bbox 1290 1618 1580 1687; x_wconf 79' lang='grc' dir='ltr'>συνάγεται</span> <span class='ocrx_word' id='word_1_134' title='bbox 1625 1619 1704 1680; x_wconf 78' lang='grc' dir='ltr'><strong>είς</strong></span> <span class='ocrx_word' id='word_1_135' title='bbox 1742 1616 1838 1668; x_wconf 76' lang='grc' dir='ltr'><strong>ἕνα</strong></span> 
     </span>
    </p>
   </div>
   <div class='ocr_carea' id='block_1_18' title="bbox 243 1707 1836 1783">
    <p class='ocr_par' dir='ltr' id='par_1_18' title="bbox 243 1707 1836 1783">
     <span class='ocr_line' id='line_1_18' title="bbox 243 1707 1836 1783; baseline 0.024 -47"><span class='ocrx_word' id='word_1_136' title='bbox 243 1709 375 1765; x_wconf 56' lang='grc' dir='ltr'>θεόν</span> <span class='ocrx_word' id='word_1_137' title='bbox 396 1729 408 1740; x_wconf 94' lang='grc'><strong>.</strong></span> <span class='ocrx_word' id='word_1_138' title='bbox 443 1707 526 1775; x_wconf 66' lang='grc' dir='ltr'><strong>εἷς</strong></span> <span class='ocrx_word' id='word_1_139' title='bbox 555 1711 660 1782; x_wconf 74' lang='grc' dir='ltr'><strong>γάρ</strong></span> <span class='ocrx_word' id='word_1_140' title='bbox 679 1713 824 1764; x_wconf 70' lang='grc' dir='ltr'>ἐστιν</span> <span class='ocrx_word' id='word_1_141' title='bbox 845 1715 872 1765; x_wconf 83' lang='grc' dir='ltr'>ὁ</span> <span class='ocrx_word' id='word_1_142' title='bbox 894 1712 1026 1776; x_wconf 82' lang='grc' dir='ltr'>Θεός</span> <span class='ocrx_word' id='word_1_143' title='bbox 1041 1729 1054 1742; x_wconf 77' lang='grc' dir='ltr'><strong><em>ο</em></strong></span> <span class='ocrx_word' id='word_1_144' title='bbox 1085 1715 1114 1765; x_wconf 87' lang='lat'><strong>6</strong></span> <span class='ocrx_word' id='word_1_145' title='bbox 1131 1712 1238 1783; x_wconf 80' lang='grc' dir='ltr'>γὰρ</span> <span class='ocrx_word' id='word_1_146' title='bbox 1265 1710 1502 1765; x_wconf 82' lang='grc' dir='ltr'>κελεύων</span> <span class='ocrx_word' id='word_1_147' title='bbox 1525 1709 1716 1781; x_wconf 85' lang='grc' dir='ltr'>Πατὴρ</span> <span class='ocrx_word' id='word_1_148' title='bbox 1739 1709 1836 1779; x_wconf 65' lang='grc' dir='ltr'>(ί),</span> 
     </span>
    </p>
   </div>
   <div class='ocr_carea' id='block_1_19' title="bbox 242 1801 1832 1873">
    <p class='ocr_par' dir='ltr' id='par_1_19' title="bbox 242 1801 1832 1873">
     <span class='ocr_line' id='line_1_19' title="bbox 242 1801 1832 1873; baseline 0 -17"><span class='ocrx_word' id='word_1_149' title='bbox 242 1807 270 1857; x_wconf 83' lang='grc' dir='ltr'><strong>ὀ</strong></span> <span class='ocrx_word' id='word_1_150' title='bbox 301 1805 359 1856; x_wconf 75' lang='grc' dir='ltr'>δὲ</span> <span class='ocrx_word' id='word_1_151' title='bbox 392 1805 683 1858; x_wconf 75' lang='grc' dir='ltr'>ὑπακούων</span> <span class='ocrx_word' id='word_1_152' title='bbox 709 1805 856 1869; x_wconf 69' lang='grc' dir='ltr'>Υἱὸς,</span> <span class='ocrx_word' id='word_1_153' title='bbox 890 1805 951 1858; x_wconf 87' lang='grc' dir='ltr'><strong>τὸ</strong></span> <span class='ocrx_word' id='word_1_154' title='bbox 994 1805 1052 1858; x_wconf 80' lang='grc' dir='ltr'><strong>δὲ</strong></span> <span class='ocrx_word' id='word_1_155' title='bbox 1080 1805 1354 1870; x_wconf 76' lang='grc' dir='ltr'>συνετίζον</span> <span class='ocrx_word' id='word_1_156' title='bbox 1389 1805 1542 1873; x_wconf 77' lang='grc' dir='ltr'>ἅγιον</span> <span class='ocrx_word' id='word_1_157' title='bbox 1589 1801 1832 1873; x_wconf 80' lang='grc' dir='ltr'>Πνεῦμα.</span> 
     </span>
    </p>
   </div>
   <div class='ocr_carea' id='block_1_20' title="bbox 255 1871 1913 1969">
    <p class='ocr_par' dir='ltr' id='par_1_20' title="bbox 255 1871 1913 1969">
     <span class='ocr_line' id='line_1_20' title="bbox 255 1871 1913 1969; baseline -0.001 -20"><span class='ocrx_word' id='word_1_158' title='bbox 255 1898 313 1949; x_wconf 80' lang='grc' dir='ltr'><strong>Ὀ</strong></span> <span class='ocrx_word' id='word_1_159' title='bbox 340 1897 418 1949; x_wconf 75' lang='grc' dir='ltr'>ὢν</span> <span class='ocrx_word' id='word_1_160' title='bbox 441 1897 629 1969; x_wconf 78' lang='grc' dir='ltr'>Πατὴρ</span> <span class='ocrx_word' id='word_1_161' title='bbox 669 1916 686 1948; x_wconf 79' lang='grc' dir='ltr'><strong>ι</strong></span> <span class='ocrx_word' id='word_1_162' title='bbox 729 1897 822 1949; x_wconf 73' lang='grc' dir='ltr'>ἐπὶ</span> <span class='ocrx_word' id='word_1_163' title='bbox 845 1896 1060 1952; x_wconf 78' lang='grc' dir='ltr'>πάντων</span> <span class='ocrx_word' id='word_1_164' title='bbox 1097 1897 1194 1968; x_wconf 72' lang='lat'><strong>(2),</strong></span> <span class='ocrx_word' id='word_1_165' title='bbox 1223 1916 1240 1948; x_wconf 80' lang='grc'><strong>›</strong></span> <span class='ocrx_word' id='word_1_166' title='bbox 1263 1899 1290 1950; x_wconf 88' lang='grc' dir='ltr'>ὁ</span> <span class='ocrx_word' id='word_1_167' title='bbox 1318 1897 1374 1950; x_wconf 77' lang='grc' dir='ltr'>δὲ</span> <span class='ocrx_word' id='word_1_168' title='bbox 1397 1871 1524 1960; x_wconf 64' lang='lat' dir='ltr'><strong>re;</strong></span> <span class='ocrx_word' id='word_1_169' title='bbox 1551 1915 1569 1947; x_wconf 90' lang='grc'><strong>‹</strong></span> <span class='ocrx_word' id='word_1_170' title='bbox 1600 1895 1686 1949; x_wconf 79' lang='grc' dir='ltr'><strong>διὰ</strong></span> <span class='ocrx_word' id='word_1_171' title='bbox 1708 1871 1841 1949; x_wconf 62' lang='grc' dir='ltr'>τεάν-</span> <span class='ocrx_word' id='word_1_172' title='bbox 1873 1871 1913 1928; x_wconf 78' lang='grc' dir='ltr'>Β</span> 
     </span>
    </p>
   </div>
   <div class='ocr_carea' id='block_1_21' title="bbox 241 1988 1838 2062">
    <p class='ocr_par' dir='ltr' id='par_1_21' title="bbox 241 1988 1838 2062">
     <span class='ocr_line' id='line_1_21' title="bbox 241 1988 1838 2062; baseline -0.001 -20"><span class='ocrx_word' id='word_1_173' title='bbox 241 2005 370 2051; x_wconf 86' lang='grc' dir='ltr'>των,</span> <span class='ocrx_word' id='word_1_174' title='bbox 418 2008 435 2039; x_wconf 73' lang='grc' dir='ltr'><strong>ι</strong></span> <span class='ocrx_word' id='word_1_175' title='bbox 478 1990 535 2042; x_wconf 82' lang='grc' dir='ltr'><strong>τὸ</strong></span> <span class='ocrx_word' id='word_1_176' title='bbox 566 1989 621 2042; x_wconf 79' lang='grc' dir='ltr'>δὲ</span> <span class='ocrx_word' id='word_1_177' title='bbox 648 1988 799 2058; x_wconf 76' lang='grc' dir='ltr'>ἆγιον</span> <span class='ocrx_word' id='word_1_178' title='bbox 825 1989 1051 2062; x_wconf 75' lang='grc' dir='ltr'>Πνεῦμα</span> <span class='ocrx_word' id='word_1_179' title='bbox 1083 2011 1100 2042; x_wconf 88' lang='grc'><em>‹</em></span> <span class='ocrx_word' id='word_1_180' title='bbox 1133 1993 1190 2043; x_wconf 82' lang='grc' dir='ltr'><strong>ὲν</strong></span> <span class='ocrx_word' id='word_1_181' title='bbox 1216 1992 1403 2045; x_wconf 82' lang='grc' dir='ltr'>πᾶσιν.</span> <span class='ocrx_word' id='word_1_182' title='bbox 1446 2009 1465 2042; x_wconf 81' lang='grc'><strong>›</strong></span> <span class='ocrx_word' id='word_1_183' title='bbox 1523 1989 1732 2052; x_wconf 82' lang='grc' dir='ltr'>’Λλλως</span> <span class='ocrx_word' id='word_1_184' title='bbox 1778 2005 1838 2040; x_wconf 86' lang='grc' dir='ltr'><strong>τε</strong></span> 
     </span>
    </p>
   </div>
   <div class='ocr_carea' id='block_1_22' title="bbox 242 2080 1840 2154">
    <p class='ocr_par' dir='ltr' id='par_1_22' title="bbox 242 2080 1840 2154">
     <span class='ocr_line' id='line_1_22' title="bbox 242 2080 1840 2154; baseline -0.001 -20"><span class='ocrx_word' id='word_1_185' title='bbox 242 2082 339 2135; x_wconf 77' lang='grc' dir='ltr'><strong>ἕνα</strong></span> <span class='ocrx_word' id='word_1_186' title='bbox 367 2082 504 2135; x_wconf 84' lang='grc' dir='ltr'>Θεὸν</span> <span class='ocrx_word' id='word_1_187' title='bbox 547 2081 620 2153; x_wconf 82' lang='lat'>(&#39;5)</span> <span class='ocrx_word' id='word_1_188' title='bbox 660 2083 879 2152; x_wconf 81' lang='grc' dir='ltr'>νομίσαι</span> <span class='ocrx_word' id='word_1_189' title='bbox 930 2083 1004 2154; x_wconf 84' lang='grc' dir='ltr'><strong>μὴ</strong></span> <span class='ocrx_word' id='word_1_190' title='bbox 1039 2083 1347 2153; x_wconf 83' lang='grc' dir='ltr'>δυνάμεθα,</span> <span class='ocrx_word' id='word_1_191' title='bbox 1399 2082 1493 2136; x_wconf 72' lang='grc' dir='ltr'><strong>ἐὰν</strong></span> <span class='ocrx_word' id='word_1_192' title='bbox 1550 2081 1624 2153; x_wconf 84' lang='grc' dir='ltr'>μὴ</span> <span class='ocrx_word' id='word_1_193' title='bbox 1671 2080 1840 2143; x_wconf 76' lang='grc' dir='ltr'>ὅντως</span> 
     </span>
    </p>
   </div>
   <div class='ocr_carea' id='block_1_23' title="bbox 241 2174 1835 2246">
    <p class='ocr_par' dir='ltr' id='par_1_23' title="bbox 241 2174 1835 2246">
     <span class='ocr_line' id='line_1_23' title="bbox 241 2174 1835 2246; baseline 0.001 -20"><span class='ocrx_word' id='word_1_194' title='bbox 241 2174 564 2246; x_wconf 70' lang='grc' dir='ltr'>Πατρὶ.κα“ι</span> <span class='ocrx_word' id='word_1_195' title='bbox 615 2174 726 2246; x_wconf 81' lang='grc' dir='ltr'><strong>Υἱῷ</strong></span> <span class='ocrx_word' id='word_1_196' title='bbox 773 2176 865 2228; x_wconf 75' lang='grc' dir='ltr'><strong>καὶ</strong></span> <span class='ocrx_word' id='word_1_197' title='bbox 912 2176 1054 2246; x_wconf 83' lang='grc' dir='ltr'>ἁγίῳ</span> <span class='ocrx_word' id='word_1_198' title='bbox 1105 2174 1381 2246; x_wconf 81' lang='grc' dir='ltr'>Πνεύματι</span> <span class='ocrx_word' id='word_1_199' title='bbox 1437 2175 1835 2245; x_wconf 81' lang='grc' dir='ltr'>πιστεύσωμεν.</span> 
     </span>
    </p>
   </div>
   <div class='ocr_carea' id='block_1_24' title="bbox 254 2269 1840 2340">
    <p class='ocr_par' dir='ltr' id='par_1_24' title="bbox 254 2269 1840 2340">
     <span class='ocr_line' id='line_1_24' title="bbox 254 2269 1840 2340; baseline 0.001 -20"><span class='ocrx_word' id='word_1_200' title='bbox 254 2269 498 2321; x_wconf 77' lang='grc' dir='ltr'>Ἰουδαῖοι</span> <span class='ocrx_word' id='word_1_201' title='bbox 530 2269 627 2339; x_wconf 80' lang='grc' dir='ltr'><strong>μὲν</strong></span> <span class='ocrx_word' id='word_1_202' title='bbox 658 2269 764 2340; x_wconf 80' lang='grc' dir='ltr'><strong>γὰρ</strong></span> <span class='ocrx_word' id='word_1_203' title='bbox 791 2269 1047 2334; x_wconf 72' lang='grc' dir='ltr'>ἐδόξασαν</span> <span class='ocrx_word' id='word_1_204' title='bbox 1080 2269 1321 2340; x_wconf 83' lang='grc' dir='ltr'>Πατέρα,</span> <span class='ocrx_word' id='word_1_205' title='bbox 1366 2269 1480 2322; x_wconf 81' lang='grc' dir='ltr'>ἀλλ’</span> <span class='ocrx_word' id='word_1_206' title='bbox 1530 2269 1628 2321; x_wconf 71' lang='grc' dir='ltr'><strong>οὐκ</strong></span> <span class='ocrx_word' id='word_1_207' title='bbox 1671 2270 1840 2340; x_wconf 74' lang='grc' dir='ltr'>ηὐχα-</span> 
     </span>
    </p>
   </div>
   <div class='ocr_carea' id='block_1_25' title="bbox 245 2361 1839 2434">
    <p class='ocr_par' dir='ltr' id='par_1_25' title="bbox 245 2361 1839 2434">
     <span class='ocr_line' id='line_1_25' title="bbox 245 2361 1839 2434; baseline 0.001 -22"><span class='ocrx_word' id='word_1_208' title='bbox 245 2361 545 2432; x_wconf 74' lang='grc' dir='ltr'>ρίστησαν,</span> <span class='ocrx_word' id='word_1_209' title='bbox 575 2362 702 2416; x_wconf 82' lang='grc' dir='ltr'>Υἱὸν</span> <span class='ocrx_word' id='word_1_210' title='bbox 734 2363 974 2433; x_wconf 39' lang='grc' dir='ltr'>γὰρσοὺκ</span> <span class='ocrx_word' id='word_1_211' title='bbox 1021 2362 1354 2430; x_wconf 77' lang='grc' dir='ltr'>ἐπέγνωσαν.</span> <span class='ocrx_word' id='word_1_212' title='bbox 1410 2361 1668 2434; x_wconf 75' lang='grc' dir='ltr'>Μαθηταὶ</span> <span class='ocrx_word' id='word_1_213' title='bbox 1712 2363 1839 2414; x_wconf 74' lang='grc' dir='ltr'>ἐπέ-</span> 
     </span>
    </p>
   </div>
   <div class='ocr_carea' id='block_1_26' title="bbox 241 2453 1839 2524">
    <p class='ocr_par' dir='ltr' id='par_1_26' title="bbox 241 2453 1839 2524">
     <span class='ocr_line' id='line_1_26' title="bbox 241 2453 1839 2524; baseline 0 -19"><span class='ocrx_word' id='word_1_214' title='bbox 241 2469 462 2520; x_wconf 81' lang='grc' dir='ltr'>γνωσαν</span> <span class='ocrx_word' id='word_1_215' title='bbox 499 2453 647 2515; x_wconf 83' lang='grc' dir='ltr'>Υἱὸν,</span> <span class='ocrx_word' id='word_1_216' title='bbox 683 2453 796 2506; x_wconf 83' lang='grc' dir='ltr'>ἀλλ’</span> <span class='ocrx_word' id='word_1_217' title='bbox 821 2455 920 2506; x_wconf 70' lang='grc' dir='ltr'><strong>οὐκ</strong></span> <span class='ocrx_word' id='word_1_218' title='bbox 947 2455 1003 2506; x_wconf 84' lang='grc' dir='ltr'><strong>ὲν</strong></span> <span class='ocrx_word' id='word_1_219' title='bbox 1036 2453 1315 2524; x_wconf 79' lang='grc' dir='ltr'>Πνεύματι</span> <span class='ocrx_word' id='word_1_220' title='bbox 1368 2454 1529 2524; x_wconf 81' lang='grc' dir='ltr'>ἁγίῳ,</span> <span class='ocrx_word' id='word_1_221' title='bbox 1559 2454 1626 2507; x_wconf 81' lang='grc' dir='ltr'>δι’</span> <span class='ocrx_word' id='word_1_222' title='bbox 1669 2453 1697 2505; x_wconf 86' lang='grc' dir='ltr'><strong>ὃ</strong></span> <span class='ocrx_word' id='word_1_223' title='bbox 1746 2454 1839 2507; x_wconf 72' lang='grc' dir='ltr'><strong>καὶ</strong></span> 
     </span>
    </p>
   </div>
   <div class='ocr_carea' id='block_1_27' title="bbox 240 2542 1837 2617">
    <p class='ocr_par' dir='ltr' id='par_1_27' title="bbox 240 2542 1837 2617">
     <span class='ocr_line' id='line_1_27' title="bbox 240 2542 1837 2617; baseline 0.002 -21"><span class='ocrx_word' id='word_1_224' title='bbox 240 2546 556 2616; x_wconf 69' lang='grc' dir='ltr'>ἠρνήσαντο</span> <span class='ocrx_word' id='word_1_225' title='bbox 587 2545 683 2617; x_wconf 64' lang='grc'><strong>(4).</strong></span> <span class='ocrx_word' id='word_1_226' title='bbox 712 2543 1002 2599; x_wconf 80' lang='grc' dir='ltr'>Γινώσκων</span> <span class='ocrx_word' id='word_1_227' title='bbox 1035 2542 1127 2599; x_wconf 71' lang='grc' dir='ltr'><strong>οὖν</strong></span> <span class='ocrx_word' id='word_1_228' title='bbox 1155 2549 1182 2599; x_wconf 90' lang='lat'><strong>6</strong></span> <span class='ocrx_word' id='word_1_229' title='bbox 1226 2544 1479 2616; x_wconf 77' lang='grc' dir='ltr'>πατρῷος</span> <span class='ocrx_word' id='word_1_230' title='bbox 1520 2547 1691 2615; x_wconf 85' lang='grc' dir='ltr'>Λόγος</span> <span class='ocrx_word' id='word_1_231' title='bbox 1740 2545 1837 2615; x_wconf 81' lang='grc' dir='ltr'><strong>τὴν</strong></span> 
     </span>
    </p>
   </div>
   <div class='ocr_carea' id='block_1_28' title="bbox 240 2636 1840 2709">
    <p class='ocr_par' dir='ltr' id='par_1_28' title="bbox 240 2636 1840 2709">
     <span class='ocr_line' id='line_1_28' title="bbox 240 2636 1840 2709; baseline 0.001 -20"><span class='ocrx_word' id='word_1_232' title='bbox 240 2637 686 2707; x_wconf 73' lang='grc' dir='ltr'>οἰκονομίαν⁹καὶ</span> <span class='ocrx_word' id='word_1_233' title='bbox 714 2637 773 2688; x_wconf 83' lang='grc' dir='ltr'><strong>τὸ</strong></span> <span class='ocrx_word' id='word_1_234' title='bbox 815 2636 1023 2708; x_wconf 78' lang='grc' dir='ltr'>θέλημα</span> <span class='ocrx_word' id='word_1_235' title='bbox 1052 2637 1145 2690; x_wconf 75' lang='grc' dir='ltr'>τοῦ</span> <span class='ocrx_word' id='word_1_236' title='bbox 1165 2637 1398 2709; x_wconf 84' lang='grc' dir='ltr'>Πατρὸς,</span> <span class='ocrx_word' id='word_1_237' title='bbox 1426 2638 1508 2690; x_wconf 82' lang='grc' dir='ltr'><strong>ὅτι</strong></span> <span class='ocrx_word' id='word_1_238' title='bbox 1539 2637 1637 2690; x_wconf 81' lang='grc' dir='ltr'><strong>οὐκ</strong></span> <span class='ocrx_word' id='word_1_239' title='bbox 1665 2637 1840 2702; x_wconf 79' lang='grc' dir='ltr'>ἄλλως</span> 
     </span>
    </p>
   </div>
   <div class='ocr_carea' id='block_1_29' title="bbox 239 2728 1838 2803">
    <p class='ocr_par' dir='ltr' id='par_1_29' title="bbox 239 2728 1838 2803">
     <span class='ocr_line' id='line_1_29' title="bbox 239 2728 1838 2803; baseline 0.002 -22"><span class='ocrx_word' id='word_1_240' title='bbox 239 2728 498 2794; x_wconf 71' lang='grc' dir='ltr'>βούλεται</span> <span class='ocrx_word' id='word_1_241' title='bbox 528 2730 842 2797; x_wconf 77' lang='grc' dir='ltr'>δοξάζεσθαι</span> <span class='ocrx_word' id='word_1_242' title='bbox 867 2734 896 2784; x_wconf 91' lang='lat'><strong>6</strong></span> <span class='ocrx_word' id='word_1_243' title='bbox 926 2732 1114 2803; x_wconf 80' lang='grc' dir='ltr'>Πατὴρ</span> <span class='ocrx_word' id='word_1_244' title='bbox 1141 2731 1173 2803; x_wconf 84' lang='grc' dir='ltr'>ἢ</span> <span class='ocrx_word' id='word_1_245' title='bbox 1197 2731 1390 2795; x_wconf 73' lang='grc' dir='ltr'>οὕτως,</span> <span class='ocrx_word' id='word_1_246' title='bbox 1423 2731 1666 2795; x_wconf 80' lang='grc' dir='ltr'>ἀναστὰς</span> <span class='ocrx_word' id='word_1_247' title='bbox 1694 2750 1838 2803; x_wconf 86' lang='grc' dir='ltr'>παρ-</span> 
     </span>
    </p>
   </div>
   <div class='ocr_carea' id='block_1_30' title="bbox 238 2821 1838 2895">
    <p class='ocr_par' dir='ltr' id='par_1_30' title="bbox 238 2821 1838 2895">
     <span class='ocr_line' id='line_1_30' title="bbox 238 2821 1838 2895; baseline 0.001 -21"><span class='ocrx_word' id='word_1_248' title='bbox 238 2821 448 2875; x_wconf 80' lang='grc' dir='ltr'>έδωκεν</span> <span class='ocrx_word' id='word_1_249' title='bbox 501 2826 616 2887; x_wconf 82' lang='grc' dir='ltr'>τοῖς</span> <span class='ocrx_word' id='word_1_250' title='bbox 663 2822 933 2895; x_wconf 78' lang='grc' dir='ltr'>μαθηταῖς</span> <span class='ocrx_word' id='word_1_251' title='bbox 961 2822 1165 2892; x_wconf 89' lang='grc' dir='ltr'>λέγων·</span> <span class='ocrx_word' id='word_1_252' title='bbox 1207 2841 1226 2874; x_wconf 74' lang='grc' dir='ltr'><strong>ι</strong></span> <span class='ocrx_word' id='word_1_253' title='bbox 1268 2823 1635 2895; x_wconf 78' lang='grc' dir='ltr'>Πορευθέντες</span> <span class='ocrx_word' id='word_1_254' title='bbox 1662 2823 1838 2895; x_wconf 81' lang='grc' dir='ltr'>μαθη-</span> 
     </span>
    </p>
   </div>
   <div class='ocr_carea' id='block_1_31' title="bbox 239 2912 1840 2986">
    <p class='ocr_par' dir='ltr' id='par_1_31' title="bbox 239 2912 1840 2986">
     <span class='ocr_line' id='line_1_31' title="bbox 239 2912 1840 2986; baseline 0.002 -20"><span class='ocrx_word' id='word_1_255' title='bbox 239 2912 474 2967; x_wconf 78' lang='grc' dir='ltr'>τεύσατε</span> <span class='ocrx_word' id='word_1_256' title='bbox 500 2914 676 2968; x_wconf 78' lang='grc' dir='ltr'>πάντα</span> <span class='ocrx_word' id='word_1_257' title='bbox 700 2915 768 2968; x_wconf 75' lang='grc' dir='ltr'><strong>τὰ</strong></span> <span class='ocrx_word' id='word_1_258' title='bbox 800 2914 972 2986; x_wconf 78' lang='grc' dir='ltr'>ἕθνη,,</span> <span class='ocrx_word' id='word_1_259' title='bbox 1029 2913 1380 2985; x_wconf 75' lang='grc' dir='ltr'>βαπτίζοντες</span> <span class='ocrx_word' id='word_1_260' title='bbox 1426 2915 1623 2979; x_wconf 77' lang='grc' dir='ltr'>αὐτοὺς</span> <span class='ocrx_word' id='word_1_261' title='bbox 1666 2917 1744 2976; x_wconf 85' lang='grc' dir='ltr'><strong>είς</strong></span> <span class='ocrx_word' id='word_1_262' title='bbox 1781 2917 1840 2969; x_wconf 87' lang='grc' dir='ltr'><strong>τὸ</strong></span> 
     </span>
    </p>
   </div>
   <div class='ocr_carea' id='block_1_32' title="bbox 241 3005 1841 3077">
    <p class='ocr_par' dir='ltr' id='par_1_32' title="bbox 241 3005 1841 3077">
     <span class='ocr_line' id='line_1_32' title="bbox 241 3005 1841 3077; baseline 0.001 -19"><span class='ocrx_word' id='word_1_263' title='bbox 241 3005 418 3077; x_wconf 74' lang='grc' dir='ltr'>ὕνομα</span> <span class='ocrx_word' id='word_1_264' title='bbox 451 3005 545 3058; x_wconf 80' lang='grc' dir='ltr'>τοῦ</span> <span class='ocrx_word' id='word_1_265' title='bbox 572 3005 805 3077; x_wconf 86' lang='grc' dir='ltr'>Πατρὸς,</span> <span class='ocrx_word' id='word_1_266' title='bbox 825 3007 920 3060; x_wconf 74' lang='grc' dir='ltr'><strong>καὶ</strong></span> <span class='ocrx_word' id='word_1_267' title='bbox 947 3006 1042 3059; x_wconf 77' lang='grc' dir='ltr'><strong>τοῦ</strong></span> <span class='ocrx_word' id='word_1_268' title='bbox 1067 3005 1220 3069; x_wconf 82' lang='grc' dir='ltr'><strong>Υἱοῦ,</strong></span> <span class='ocrx_word' id='word_1_269' title='bbox 1243 3007 1338 3061; x_wconf 68' lang='grc' dir='ltr'><strong>καὶ</strong></span> <span class='ocrx_word' id='word_1_270' title='bbox 1362 3007 1455 3060; x_wconf 77' lang='grc' dir='ltr'>τοῦ</span> <span class='ocrx_word' id='word_1_271' title='bbox 1486 3008 1640 3076; x_wconf 82' lang='grc' dir='ltr'>ἁγίου</span> <span class='ocrx_word' id='word_1_272' title='bbox 1670 3006 1841 3060; x_wconf 75' lang='grc' dir='ltr'>Πνεύ-</span> 
     </span>
    </p>
   </div>
   <div class='ocr_carea' id='block_1_33' title="bbox 246 3097 1834 3171">
    <p class='ocr_par' dir='ltr' id='par_1_33' title="bbox 246 3097 1834 3171">
     <span class='ocr_line' id='line_1_33' title="bbox 246 3097 1834 3171; baseline -0.001 -19"><span class='ocrx_word' id='word_1_273' title='bbox 246 3115 439 3169; x_wconf 86' lang='grc' dir='ltr'>ματος,</span> <span class='ocrx_word' id='word_1_274' title='bbox 479 3117 498 3149; x_wconf 73' lang='grc' dir='ltr'><strong>ι</strong></span> <span class='ocrx_word' id='word_1_275' title='bbox 523 3098 783 3152; x_wconf 77' lang='grc' dir='ltr'>δεικνύων</span> <span class='ocrx_word' id='word_1_276' title='bbox 814 3099 1020 3162; x_wconf 83' lang='grc' dir='ltr'>ὅτιπᾶς</span> <span class='ocrx_word' id='word_1_277' title='bbox 1043 3098 1102 3162; x_wconf 87' lang='grc' dir='ltr'>ὃς</span> <span class='ocrx_word' id='word_1_278' title='bbox 1131 3097 1196 3152; x_wconf 84' lang='grc' dir='ltr'><strong>ἂν</strong></span> <span class='ocrx_word' id='word_1_279' title='bbox 1228 3098 1287 3151; x_wconf 72' lang='grc' dir='ltr'>ἓν</span> <span class='ocrx_word' id='word_1_280' title='bbox 1320 3117 1370 3152; x_wconf 86' lang='grc' dir='ltr'><strong>τι</strong></span> <span class='ocrx_word' id='word_1_281' title='bbox 1397 3098 1599 3152; x_wconf 84' lang='grc' dir='ltr'>τούτων</span> <span class='ocrx_word' id='word_1_282' title='bbox 1619 3099 1834 3171; x_wconf 81' lang='grc' dir='ltr'>ἐκλίπῃ,</span> 
     </span>
    </p>
   </div>
   <div class='ocr_carea' id='block_1_34' title="bbox 1940 601 3534 674">
    <p class='ocr_par' dir='ltr' id='par_1_34' title="bbox 1940 601 3534 674">
     <span class='ocr_line' id='line_1_34' title="bbox 1940 601 3534 674; baseline 0 -17"><span class='ocrx_word' id='word_1_283' title='bbox 1940 615 2132 674; x_wconf 70' lang='lat' dir='ltr'><strong>pturae.</strong></span> <span class='ocrx_word' id='word_1_284' title='bbox 2151 603 2301 658; x_wconf 88' lang='lat' dir='ltr'><strong>Ilaue</strong></span> <span class='ocrx_word' id='word_1_285' title='bbox 2315 603 2677 658; x_wconf 78' lang='lat' dir='ltr'><strong>oeconomiam</strong></span> <span class='ocrx_word' id='word_1_286' title='bbox 2697 602 2861 656; x_wconf 88' lang='lat' dir='ltr'><strong>tradit</strong></span> <span class='ocrx_word' id='word_1_287' title='bbox 2877 603 3033 657; x_wconf 89' lang='lat' dir='ltr'><strong>nobis</strong></span> <span class='ocrx_word' id='word_1_288' title='bbox 3046 601 3284 658; x_wconf 82' lang='lat' dir='ltr'><strong>Joannes</strong></span> <span class='ocrx_word' id='word_1_289' title='bbox 3298 604 3352 657; x_wconf 91' lang='lat' dir='ltr'><strong>in</strong></span> <span class='ocrx_word' id='word_1_290' title='bbox 3366 602 3534 657; x_wconf 80' lang='lat' dir='ltr'><strong>Evan-</strong></span> 
     </span>
    </p>
   </div>
   <div class='ocr_carea' id='block_1_35' title="bbox 1937 693 3532 765">
    <p class='ocr_par' dir='ltr' id='par_1_35' title="bbox 1937 693 3532 765">
     <span class='ocr_line' id='line_1_35' title="bbox 1937 693 3532 765; baseline 0.001 -16"><span class='ocrx_word' id='word_1_291' title='bbox 1937 696 2112 765; x_wconf 78' lang='lat' dir='ltr'><strong>gelio,</strong></span> <span class='ocrx_word' id='word_1_292' title='bbox 2167 693 2483 750; x_wconf 88' lang='lat' dir='ltr'><strong>testimonio</strong></span> <span class='ocrx_word' id='word_1_293' title='bbox 2529 709 2663 760; x_wconf 90' lang='lat' dir='ltr'><strong>suo;</strong></span> <span class='ocrx_word' id='word_1_294' title='bbox 2715 703 2768 748; x_wconf 90' lang='lat' dir='ltr'><strong>et</strong></span> <span class='ocrx_word' id='word_1_295' title='bbox 2806 695 2907 749; x_wconf 88' lang='lat' dir='ltr'><strong>hoc</strong></span> <span class='ocrx_word' id='word_1_296' title='bbox 2951 693 3188 750; x_wconf 82' lang='lat' dir='ltr'><strong>Verbum</strong></span> <span class='ocrx_word' id='word_1_297' title='bbox 3241 696 3532 751; x_wconf 90' lang='lat' dir='ltr'><strong>conﬁtetur</strong></span> 
     </span>
    </p>
   </div>
   <div class='ocr_carea' id='block_1_36' title="bbox 1943 785 3530 854">
    <p class='ocr_par' dir='ltr' id='par_1_36' title="bbox 1943 785 3530 854">
     <span class='ocr_line' id='line_1_36' title="bbox 1943 785 3530 854; baseline 0.002 -16"><span class='ocrx_word' id='word_1_298' title='bbox 1943 785 2134 852; x_wconf 88' lang='lat' dir='ltr'><strong>Deum,</strong></span> <span class='ocrx_word' id='word_1_299' title='bbox 2171 787 2251 841; x_wconf 90' lang='lat' dir='ltr'><strong>sic</strong></span> <span class='ocrx_word' id='word_1_300' title='bbox 2272 785 2526 854; x_wconf 91' lang='lat' dir='ltr'><strong>inquiens</strong></span> <span class='ocrx_word' id='word_1_301' title='bbox 2554 803 2566 838; x_wconf 91' lang='lat'><strong>:</strong></span> <span class='ocrx_word' id='word_1_302' title='bbox 2607 805 2625 836; x_wconf 87' lang='grc'><strong><em>‹</em></strong></span> <span class='ocrx_word' id='word_1_303' title='bbox 2659 786 2714 838; x_wconf 92' lang='lat' dir='ltr'><strong>ln</strong></span> <span class='ocrx_word' id='word_1_304' title='bbox 2751 786 3016 854; x_wconf 86' lang='lat' dir='ltr'><strong>principio</strong></span> <span class='ocrx_word' id='word_1_305' title='bbox 3041 795 3157 840; x_wconf 91' lang='lat' dir='ltr'><strong>erat</strong></span> <span class='ocrx_word' id='word_1_306' title='bbox 3185 785 3451 851; x_wconf 86' lang='lat' dir='ltr'><strong>Verbum,</strong></span> <span class='ocrx_word' id='word_1_307' title='bbox 3476 797 3530 841; x_wconf 92' lang='lat' dir='ltr'><strong>et</strong></span> 
     </span>
    </p>
   </div>
   <div class='ocr_carea' id='block_1_37' title="bbox 1942 877 3521 949">
    <p class='ocr_par' dir='ltr' id='par_1_37' title="bbox 1942 877 3521 949">
     <span class='ocr_line' id='line_1_37' title="bbox 1942 877 3521 949; baseline -0.001 -17"><span class='ocrx_word' id='word_1_308' title='bbox 1942 879 2179 935; x_wconf 86' lang='lat' dir='ltr'><strong>Verbum</strong></span> <span class='ocrx_word' id='word_1_309' title='bbox 2213 889 2330 934; x_wconf 90' lang='lat' dir='ltr'><strong>erat</strong></span> <span class='ocrx_word' id='word_1_310' title='bbox 2363 881 2505 949; x_wconf 89' lang='lat' dir='ltr'><strong>apud</strong></span> <span class='ocrx_word' id='word_1_311' title='bbox 2537 881 2727 944; x_wconf 87' lang='lat' dir='ltr'><strong>Deum,</strong></span> <span class='ocrx_word' id='word_1_312' title='bbox 2761 888 2814 934; x_wconf 89' lang='lat' dir='ltr'><strong>et</strong></span> <span class='ocrx_word' id='word_1_313' title='bbox 2842 879 2984 933; x_wconf 87' lang='lat' dir='ltr'><strong>Deus</strong></span> <span class='ocrx_word' id='word_1_314' title='bbox 3011 890 3128 934; x_wconf 89' lang='lat' dir='ltr'><strong>erat</strong></span> <span class='ocrx_word' id='word_1_315' title='bbox 3149 877 3385 934; x_wconf 89' lang='lat' dir='ltr'><strong>Verbum</strong></span> <span class='ocrx_word' id='word_1_316' title='bbox 3411 881 3474 932; x_wconf 70' lang='lat'><strong>‘9.</strong></span> <span class='ocrx_word' id='word_1_317' title='bbox 3503 899 3521 931; x_wconf 73' lang='grc' dir='ltr'><strong>ι</strong></span> 
     </span>
    </p>
   </div>
   <div class='ocr_carea' id='block_1_38' title="bbox 1945 970 3524 1042">
    <p class='ocr_par' dir='ltr' id='par_1_38' title="bbox 1945 970 3524 1042">
     <span class='ocr_line' id='line_1_38' title="bbox 1945 970 3524 1042; baseline 0.001 -17"><span class='ocrx_word' id='word_1_318' title='bbox 1945 971 2002 1025; x_wconf 93' lang='lat' dir='ltr'><strong>Si</strong></span> <span class='ocrx_word' id='word_1_319' title='bbox 2048 988 2178 1042; x_wconf 76' lang='lat' dir='ltr'><strong>ergo</strong></span> <span class='ocrx_word' id='word_1_320' title='bbox 2227 971 2461 1026; x_wconf 84' lang='lat' dir='ltr'><strong>Verbum</strong></span> <span class='ocrx_word' id='word_1_321' title='bbox 2505 981 2622 1027; x_wconf 90' lang='lat' dir='ltr'><strong>erat</strong></span> <span class='ocrx_word' id='word_1_322' title='bbox 2667 972 2807 1040; x_wconf 82' lang='lat' dir='ltr'><strong>apud</strong></span> <span class='ocrx_word' id='word_1_323' title='bbox 2853 970 3020 1026; x_wconf 75' lang='lat' dir='ltr'><strong>Deum</strong></span> <span class='ocrx_word' id='word_1_324' title='bbox 3049 1011 3062 1034; x_wconf 88' lang='lat'><strong>,</strong></span> <span class='ocrx_word' id='word_1_325' title='bbox 3100 983 3152 1026; x_wconf 91' lang='lat' dir='ltr'><strong>et</strong></span> <span class='ocrx_word' id='word_1_326' title='bbox 3197 972 3336 1027; x_wconf 86' lang='lat' dir='ltr'><strong>Deus</strong></span> <span class='ocrx_word' id='word_1_327' title='bbox 3375 982 3524 1037; x_wconf 81' lang='lat' dir='ltr'><strong>erat,</strong></span> 
     </span>
    </p>
   </div>
   <div class='ocr_carea' id='block_1_39' title="bbox 1939 1064 3529 1136">
    <p class='ocr_par' dir='ltr' id='par_1_39' title="bbox 1939 1064 3529 1136">
     <span class='ocr_line' id='line_1_39' title="bbox 1939 1064 3529 1136; baseline 0.001 -18"><span class='ocrx_word' id='word_1_328' title='bbox 1939 1066 2067 1134; x_wconf 90' lang='lat' dir='ltr'><strong>quid</strong></span> <span class='ocrx_word' id='word_1_329' title='bbox 2127 1066 2302 1136; x_wconf 78' lang='lat' dir='ltr'><strong>ergo?</strong></span> <span class='ocrx_word' id='word_1_330' title='bbox 2359 1067 2570 1120; x_wconf 90' lang='lat' dir='ltr'><strong>dicetne</strong></span> <span class='ocrx_word' id='word_1_331' title='bbox 2614 1066 2813 1135; x_wconf 84' lang='lat' dir='ltr'><strong>aliquis</strong></span> <span class='ocrx_word' id='word_1_332' title='bbox 2857 1065 3035 1119; x_wconf 82' lang='lat' dir='ltr'><strong>dicere</strong></span> <span class='ocrx_word' id='word_1_333' title='bbox 3080 1064 3347 1120; x_wconf 81' lang='lat' dir='ltr'><strong>Joannem</strong></span> <span class='ocrx_word' id='word_1_334' title='bbox 3389 1066 3529 1119; x_wconf 91' lang='lat' dir='ltr'><strong>duos</strong></span> 
     </span>
    </p>
   </div>
   <div class='ocr_carea' id='block_1_40' title="bbox 1941 1157 3526 1228">
    <p class='ocr_par' dir='ltr' id='par_1_40' title="bbox 1941 1157 3526 1228">
     <span class='ocr_line' id='line_1_40' title="bbox 1941 1157 3526 1228; baseline 0 -18"><span class='ocrx_word' id='word_1_335' title='bbox 1941 1157 2114 1213; x_wconf 84' lang='lat' dir='ltr'><strong>Deos?</strong></span> <span class='ocrx_word' id='word_1_336' title='bbox 2149 1159 2296 1213; x_wconf 83' lang='lat' dir='ltr'><strong>Duos</strong></span> <span class='ocrx_word' id='word_1_337' title='bbox 2325 1159 2543 1228; x_wconf 84' lang='lat' dir='ltr'><strong>quidem</strong></span> <span class='ocrx_word' id='word_1_338' title='bbox 2589 1157 2728 1212; x_wconf 87' lang='lat' dir='ltr'><strong>Deos</strong></span> <span class='ocrx_word' id='word_1_339' title='bbox 2776 1173 2884 1212; x_wconf 87' lang='lat' dir='ltr'><strong>non</strong></span> <span class='ocrx_word' id='word_1_340' title='bbox 2918 1159 3094 1212; x_wconf 88' lang='lat' dir='ltr'><strong>dicam</strong></span> <span class='ocrx_word' id='word_1_341' title='bbox 3117 1199 3130 1220; x_wconf 94' lang='lat'><strong>,</strong></span> <span class='ocrx_word' id='word_1_342' title='bbox 3183 1158 3275 1212; x_wconf 88' lang='lat' dir='ltr'><strong>sed</strong></span> <span class='ocrx_word' id='word_1_343' title='bbox 3317 1173 3482 1211; x_wconf 89' lang='lat' dir='ltr'><strong>unum</strong></span> <span class='ocrx_word' id='word_1_344' title='bbox 3512 1175 3526 1221; x_wconf 86' lang='lat'><strong>;</strong></span> 
     </span>
    </p>
   </div>
   <div class='ocr_carea' id='block_1_41' title="bbox 1939 1250 3529 1320">
    <p class='ocr_par' dir='ltr' id='par_1_41' title="bbox 1939 1250 3529 1320">
     <span class='ocr_line' id='line_1_41' title="bbox 1939 1250 3529 1320; baseline 0 -17"><span class='ocrx_word' id='word_1_345' title='bbox 1939 1250 2210 1306; x_wconf 89' lang='lat' dir='ltr'><strong>Personas</strong></span> <span class='ocrx_word' id='word_1_346' title='bbox 2240 1266 2369 1305; x_wconf 87' lang='lat' dir='ltr'><strong>vero</strong></span> <span class='ocrx_word' id='word_1_347' title='bbox 2399 1251 2572 1314; x_wconf 88' lang='lat' dir='ltr'><strong>duas;</strong></span> <span class='ocrx_word' id='word_1_348' title='bbox 2604 1252 2966 1306; x_wconf 65' lang='lat' dir='ltr'><strong>oeconomiam</strong></span> <span class='ocrx_word' id='word_1_349' title='bbox 3015 1251 3227 1306; x_wconf 82' lang='lat' dir='ltr'><strong>tertiam</strong></span> <span class='ocrx_word' id='word_1_350' title='bbox 3252 1292 3265 1313; x_wconf 96' lang='lat'><strong>,</strong></span> <span class='ocrx_word' id='word_1_351' title='bbox 3302 1251 3529 1320; x_wconf 79' lang='lat' dir='ltr'><strong>gratiam</strong></span> 
     </span>
    </p>
   </div>
   <div class='ocr_carea' id='block_1_42' title="bbox 1941 1342 3533 1414">
    <p class='ocr_par' dir='ltr' id='par_1_42' title="bbox 1941 1342 3533 1414">
     <span class='ocr_line' id='line_1_42' title="bbox 1941 1342 3533 1414; baseline -0.001 -17"><span class='ocrx_word' id='word_1_352' title='bbox 1941 1345 2064 1400; x_wconf 90' lang='lat' dir='ltr'><strong>dico</strong></span> <span class='ocrx_word' id='word_1_353' title='bbox 2116 1345 2286 1400; x_wconf 84' lang='lat' dir='ltr'><strong>sancti</strong></span> <span class='ocrx_word' id='word_1_354' title='bbox 2331 1344 2586 1413; x_wconf 81' lang='lat' dir='ltr'><strong>Spiritus.</strong></span> <span class='ocrx_word' id='word_1_355' title='bbox 2635 1343 2792 1398; x_wconf 86' lang='lat' dir='ltr'><strong>Pater</strong></span> <span class='ocrx_word' id='word_1_356' title='bbox 2827 1344 3044 1414; x_wconf 84' lang='lat' dir='ltr'><strong>quidem</strong></span> <span class='ocrx_word' id='word_1_357' title='bbox 3079 1357 3240 1408; x_wconf 92' lang='lat' dir='ltr'><strong>unus,</strong></span> <span class='ocrx_word' id='word_1_358' title='bbox 3279 1342 3533 1397; x_wconf 72' lang='lat' dir='ltr'><strong>Persona:</strong></span> 
     </span>
    </p>
   </div>
   <div class='ocr_carea' id='block_1_43' title="bbox 1943 1436 3535 1507">
    <p class='ocr_par' dir='ltr' id='par_1_43' title="bbox 1943 1436 3535 1507">
     <span class='ocr_line' id='line_1_43' title="bbox 1943 1436 3535 1507; baseline 0 -17"><span class='ocrx_word' id='word_1_359' title='bbox 1943 1454 2070 1491; x_wconf 88' lang='lat' dir='ltr'><strong>vero</strong></span> <span class='ocrx_word' id='word_1_360' title='bbox 2095 1438 2234 1503; x_wconf 70' lang='lat' dir='ltr'><strong>dum,</strong></span> <span class='ocrx_word' id='word_1_361' title='bbox 2263 1438 2392 1506; x_wconf 81' lang='lat' dir='ltr'><strong>quia</strong></span> <span class='ocrx_word' id='word_1_362' title='bbox 2415 1447 2470 1491; x_wconf 89' lang='lat' dir='ltr'><strong>et</strong></span> <span class='ocrx_word' id='word_1_363' title='bbox 2499 1436 2700 1501; x_wconf 89' lang='lat' dir='ltr'><strong>Filius;</strong></span> <span class='ocrx_word' id='word_1_364' title='bbox 2737 1437 2894 1491; x_wconf 82' lang='lat' dir='ltr'><strong>tertia</strong></span> <span class='ocrx_word' id='word_1_365' title='bbox 2924 1447 3104 1492; x_wconf 89' lang='lat' dir='ltr'><strong>autem</strong></span> <span class='ocrx_word' id='word_1_366' title='bbox 3147 1436 3382 1507; x_wconf 79' lang='lat' dir='ltr'><strong>Spiritus</strong></span> <span class='ocrx_word' id='word_1_367' title='bbox 3414 1452 3535 1491; x_wconf 86' lang='lat' dir='ltr'><strong>san-</strong></span> 
     </span>
    </p>
   </div>
   <div class='ocr_carea' id='block_1_44' title="bbox 1941 1525 3533 1596">
    <p class='ocr_par' dir='ltr' id='par_1_44' title="bbox 1941 1525 3533 1596">
     <span class='ocr_line' id='line_1_44' title="bbox 1941 1525 3533 1596; baseline 0.001 -14"><span class='ocrx_word' id='word_1_368' title='bbox 1941 1537 2082 1582; x_wconf 89' lang='lat' dir='ltr'><strong>ctus.</strong></span> <span class='ocrx_word' id='word_1_369' title='bbox 2120 1527 2279 1580; x_wconf 88' lang='lat' dir='ltr'><strong>Pater</strong></span> <span class='ocrx_word' id='word_1_370' title='bbox 2320 1527 2558 1587; x_wconf 90' lang='lat' dir='ltr'><strong>mandat,</strong></span> <span class='ocrx_word' id='word_1_371' title='bbox 2592 1525 2831 1580; x_wconf 86' lang='lat' dir='ltr'><strong>Verbum</strong></span> <span class='ocrx_word' id='word_1_372' title='bbox 2873 1528 3116 1596; x_wconf 84' lang='lat' dir='ltr'><strong>perﬁcit,</strong></span> <span class='ocrx_word' id='word_1_373' title='bbox 3149 1527 3316 1582; x_wconf 80' lang='lat' dir='ltr'><strong>Filius</strong></span> <span class='ocrx_word' id='word_1_374' title='bbox 3348 1537 3533 1583; x_wconf 79' lang='lat' dir='ltr'><strong>autem</strong></span> 
     </span>
    </p>
   </div>
   <div class='ocr_carea' id='block_1_45' title="bbox 1944 1618 3534 1688">
    <p class='ocr_par' dir='ltr' id='par_1_45' title="bbox 1944 1618 3534 1688">
     <span class='ocr_line' id='line_1_45' title="bbox 1944 1618 3534 1688; baseline 0.001 -16"><span class='ocrx_word' id='word_1_375' title='bbox 1944 1619 2252 1674; x_wconf 78' lang='lat' dir='ltr'><strong>ostenditur</strong></span> <span class='ocrx_word' id='word_1_376' title='bbox 2305 1635 2400 1688; x_wconf 87' lang='lat' dir='ltr'><strong>per</strong></span> <span class='ocrx_word' id='word_1_377' title='bbox 2453 1635 2613 1688; x_wconf 90' lang='lat' dir='ltr'><strong>quem</strong></span> <span class='ocrx_word' id='word_1_378' title='bbox 2671 1618 2832 1672; x_wconf 83' lang='lat' dir='ltr'><strong>Pater</strong></span> <span class='ocrx_word' id='word_1_379' title='bbox 2879 1619 3139 1673; x_wconf 78' lang='lat' dir='ltr'><strong>creditur.</strong></span> <span class='ocrx_word' id='word_1_380' title='bbox 3196 1619 3534 1674; x_wconf 81' lang='lat' dir='ltr'><strong>()Economia</strong></span> 
     </span>
    </p>
   </div>
   <div class='ocr_carea' id='block_1_46' title="bbox 1943 1711 3534 1781">
    <p class='ocr_par' dir='ltr' id='par_1_46' title="bbox 1943 1711 3534 1781">
     <span class='ocr_line' id='line_1_46' title="bbox 1943 1711 3534 1781; baseline 0.002 -17"><span class='ocrx_word' id='word_1_381' title='bbox 1943 1711 2326 1765; x_wconf 90' lang='lat' dir='ltr'><strong>consensionis</strong></span> <span class='ocrx_word' id='word_1_382' title='bbox 2357 1711 2621 1781; x_wconf 81' lang='lat' dir='ltr'><strong>redigitur</strong></span> <span class='ocrx_word' id='word_1_383' title='bbox 2661 1711 2726 1763; x_wconf 90' lang='lat' dir='ltr'><strong>ad</strong></span> <span class='ocrx_word' id='word_1_384' title='bbox 2773 1727 2938 1765; x_wconf 74' lang='lat' dir='ltr'><strong>onum</strong></span> <span class='ocrx_word' id='word_1_385' title='bbox 2974 1712 3175 1766; x_wconf 89' lang='lat' dir='ltr'><strong>Deum:</strong></span> <span class='ocrx_word' id='word_1_386' title='bbox 3205 1729 3346 1767; x_wconf 90' lang='lat' dir='ltr'><strong>unus</strong></span> <span class='ocrx_word' id='word_1_387' title='bbox 3386 1713 3534 1767; x_wconf 87' lang='lat' dir='ltr'><strong>enim</strong></span> 
     </span>
    </p>
   </div>
   <div class='ocr_carea' id='block_1_47' title="bbox 1944 1802 3530 1875">
    <p class='ocr_par' dir='ltr' id='par_1_47' title="bbox 1944 1802 3530 1875">
     <span class='ocr_line' id='line_1_47' title="bbox 1944 1802 3530 1875; baseline 0.002 -18"><span class='ocrx_word' id='word_1_388' title='bbox 1944 1813 2026 1859; x_wconf 88' lang='lat' dir='ltr'><strong>est</strong></span> <span class='ocrx_word' id='word_1_389' title='bbox 2059 1803 2202 1858; x_wconf 84' lang='lat' dir='ltr'><strong>Deus</strong></span> <span class='ocrx_word' id='word_1_390' title='bbox 2245 1803 2338 1873; x_wconf 89' lang='lat' dir='ltr'><strong>qui</strong></span> <span class='ocrx_word' id='word_1_391' title='bbox 2381 1805 2636 1870; x_wconf 85' lang='lat' dir='ltr'><strong>mandat,</strong></span> <span class='ocrx_word' id='word_1_392' title='bbox 2684 1804 2875 1868; x_wconf 87' lang='lat' dir='ltr'><strong>Pater;</strong></span> <span class='ocrx_word' id='word_1_393' title='bbox 2922 1804 3014 1875; x_wconf 89' lang='lat' dir='ltr'><strong>qui</strong></span> <span class='ocrx_word' id='word_1_394' title='bbox 3060 1804 3273 1867; x_wconf 86' lang='lat' dir='ltr'><strong>obedit,</strong></span> <span class='ocrx_word' id='word_1_395' title='bbox 3320 1802 3530 1870; x_wconf 85' lang='lat' dir='ltr'><strong>Filius;</strong></span> 
     </span>
    </p>
   </div>
   <div class='ocr_carea' id='block_1_48' title="bbox 1944 1895 3534 1968">
    <p class='ocr_par' dir='ltr' id='par_1_48' title="bbox 1944 1895 3534 1968">
     <span class='ocr_line' id='line_1_48' title="bbox 1944 1895 3534 1968; baseline 0.003 -19"><span class='ocrx_word' id='word_1_396' title='bbox 1944 1898 2038 1968; x_wconf 88' lang='lat' dir='ltr'><strong>qui</strong></span> <span class='ocrx_word' id='word_1_397' title='bbox 2089 1897 2251 1952; x_wconf 88' lang='lat' dir='ltr'><strong>docet</strong></span> <span class='ocrx_word' id='word_1_398' title='bbox 2285 1896 2606 1960; x_wconf 85' lang='lat' dir='ltr'><strong>scientiam,</strong></span> <span class='ocrx_word' id='word_1_399' title='bbox 2656 1896 2892 1966; x_wconf 88' lang='lat' dir='ltr'><strong>Spiritus</strong></span> <span class='ocrx_word' id='word_1_400' title='bbox 2933 1907 3177 1953; x_wconf 83' lang='lat' dir='ltr'><strong>sanctus.</strong></span> <span class='ocrx_word' id='word_1_401' title='bbox 3232 1895 3391 1952; x_wconf 88' lang='lat' dir='ltr'><strong>Pater</strong></span> <span class='ocrx_word' id='word_1_402' title='bbox 3440 1899 3534 1968; x_wconf 87' lang='lat' dir='ltr'><strong>qui</strong></span> 
     </span>
    </p>
   </div>
   <div class='ocr_carea' id='block_1_49' title="bbox 1943 1984 3535 2058">
    <p class='ocr_par' dir='ltr' id='par_1_49' title="bbox 1943 1984 3535 2058">
     <span class='ocr_line' id='line_1_49' title="bbox 1943 1984 3535 2058; baseline 0.002 -19"><span class='ocrx_word' id='word_1_403' title='bbox 1943 1994 2026 2039; x_wconf 89' lang='lat' dir='ltr'><strong>est</strong></span> <span class='ocrx_word' id='word_1_404' title='bbox 2061 2004 2079 2034; x_wconf 83' lang='lat'><strong>(</strong></span> <span class='ocrx_word' id='word_1_405' title='bbox 2120 1999 2286 2053; x_wconf 86' lang='lat' dir='ltr'><strong>super</strong></span> <span class='ocrx_word' id='word_1_406' title='bbox 2311 1985 2517 2048; x_wconf 89' lang='lat' dir='ltr'><strong>omnia,</strong></span> <span class='ocrx_word' id='word_1_407' title='bbox 2559 2005 2576 2036; x_wconf 73' lang='grc' dir='ltr'><strong>ι</strong></span> <span class='ocrx_word' id='word_1_408' title='bbox 2609 1984 2780 2040; x_wconf 86' lang='lat' dir='ltr'><strong>Filius</strong></span> <span class='ocrx_word' id='word_1_409' title='bbox 2812 2005 2830 2037; x_wconf 74' lang='grc' dir='ltr'><strong>ι</strong></span> <span class='ocrx_word' id='word_1_410' title='bbox 2865 2002 2962 2056; x_wconf 91' lang='lat' dir='ltr'><strong>per</strong></span> <span class='ocrx_word' id='word_1_411' title='bbox 2985 1986 3166 2041; x_wconf 84' lang='lat' dir='ltr'><strong>omnia</strong></span> <span class='ocrx_word' id='word_1_412' title='bbox 3188 2029 3204 2055; x_wconf 96' lang='lat'><strong>,</strong></span> <span class='ocrx_word' id='word_1_413' title='bbox 3242 2008 3260 2040; x_wconf 76' lang='grc' dir='ltr'><strong>ι</strong></span> <span class='ocrx_word' id='word_1_414' title='bbox 3298 1986 3535 2058; x_wconf 86' lang='lat' dir='ltr'><strong>Spiritus</strong></span> 
     </span>
    </p>
   </div>
   <div class='ocr_carea' id='block_1_50' title="bbox 1945 2075 3534 2132">
    <p class='ocr_par' dir='ltr' id='par_1_50' title="bbox 1945 2075 3534 2132">
     <span class='ocr_line' id='line_1_50' title="bbox 1945 2075 3534 2132; baseline 0.003 -4"><span class='ocrx_word' id='word_1_415' title='bbox 1945 2083 2167 2128; x_wconf 86' lang='lat' dir='ltr'><strong>sanctus</strong></span> <span class='ocrx_word' id='word_1_416' title='bbox 2205 2093 2223 2125; x_wconf 76' lang='grc' dir='ltr'><strong>ι</strong></span> <span class='ocrx_word' id='word_1_417' title='bbox 2278 2075 2331 2127; x_wconf 92' lang='lat' dir='ltr'><strong>in</strong></span> <span class='ocrx_word' id='word_1_418' title='bbox 2373 2075 2628 2130; x_wconf 92' lang='lat' dir='ltr'><strong>omnibus</strong></span> <span class='ocrx_word' id='word_1_419' title='bbox 2661 2077 2725 2129; x_wconf 84' lang='grc' dir='ltr'><strong>⁷ο.</strong></span> <span class='ocrx_word' id='word_1_420' title='bbox 2766 2096 2784 2126; x_wconf 75' lang='grc' dir='ltr'><strong>ι</strong></span> <span class='ocrx_word' id='word_1_421' title='bbox 2821 2077 2991 2130; x_wconf 84' lang='lat' dir='ltr'><strong>Aliter</strong></span> <span class='ocrx_word' id='word_1_422' title='bbox 3029 2076 3200 2131; x_wconf 82' lang='lat' dir='ltr'><strong>De‘ltm</strong></span> <span class='ocrx_word' id='word_1_423' title='bbox 3239 2093 3407 2132; x_wconf 89' lang='lat' dir='ltr'><strong>unmn</strong></span> <span class='ocrx_word' id='word_1_424' title='bbox 3449 2079 3534 2132; x_wconf 91' lang='lat' dir='ltr'><strong>in-</strong></span> 
     </span>
    </p>
   </div>
   <div class='ocr_carea' id='block_1_51' title="bbox 1947 2170 3537 2241">
    <p class='ocr_par' dir='ltr' id='par_1_51' title="bbox 1947 2170 3537 2241">
     <span class='ocr_line' id='line_1_51' title="bbox 1947 2170 3537 2241; baseline 0.001 -17"><span class='ocrx_word' id='word_1_425' title='bbox 1947 2171 2184 2241; x_wconf 82' lang='lat' dir='ltr'><strong>telligere</strong></span> <span class='ocrx_word' id='word_1_426' title='bbox 2232 2186 2339 2224; x_wconf 92' lang='lat' dir='ltr'><strong>non</strong></span> <span class='ocrx_word' id='word_1_427' title='bbox 2372 2185 2667 2240; x_wconf 87' lang='lat' dir='ltr'><strong>possumus</strong></span> <span class='ocrx_word' id='word_1_428' title='bbox 2693 2210 2706 2234; x_wconf 93' lang='lat'><strong>,</strong></span> <span class='ocrx_word' id='word_1_429' title='bbox 2755 2171 2858 2226; x_wconf 91' lang='lat' dir='ltr'><strong>nisi</strong></span> <span class='ocrx_word' id='word_1_430' title='bbox 2887 2187 3010 2226; x_wconf 84' lang='lat' dir='ltr'><strong>vere</strong></span> <span class='ocrx_word' id='word_1_431' title='bbox 3038 2171 3184 2226; x_wconf 85' lang='lat' dir='ltr'><strong>Patri</strong></span> <span class='ocrx_word' id='word_1_432' title='bbox 3222 2181 3276 2226; x_wconf 89' lang='lat' dir='ltr'><strong>et</strong></span> <span class='ocrx_word' id='word_1_433' title='bbox 3313 2170 3452 2225; x_wconf 88' lang='lat' dir='ltr'><strong>Filio</strong></span> <span class='ocrx_word' id='word_1_434' title='bbox 3482 2181 3537 2225; x_wconf 89' lang='lat' dir='ltr'><strong>et</strong></span> 
     </span>
    </p>
   </div>
   <div class='ocr_carea' id='block_1_52' title="bbox 1945 2262 3532 2334">
    <p class='ocr_par' dir='ltr' id='par_1_52' title="bbox 1945 2262 3532 2334">
     <span class='ocr_line' id='line_1_52' title="bbox 1945 2262 3532 2334; baseline -0.001 -16"><span class='ocrx_word' id='word_1_435' title='bbox 1945 2263 2174 2334; x_wconf 87' lang='lat' dir='ltr'><strong>Spiritui</strong></span> <span class='ocrx_word' id='word_1_436' title='bbox 2225 2271 2416 2318; x_wconf 89' lang='lat' dir='ltr'><strong>sancto</strong></span> <span class='ocrx_word' id='word_1_437' title='bbox 2466 2263 2775 2318; x_wconf 87' lang='lat' dir='ltr'><strong>credamus.</strong></span> <span class='ocrx_word' id='word_1_438' title='bbox 2831 2262 3044 2318; x_wconf 86' lang='lat' dir='ltr'><strong>Etenim</strong></span> <span class='ocrx_word' id='word_1_439' title='bbox 3095 2262 3268 2318; x_wconf 66' lang='lat' dir='ltr'><strong>Judmi</strong></span> <span class='ocrx_word' id='word_1_440' title='bbox 3321 2263 3532 2318; x_wconf 80' lang='lat' dir='ltr'><strong>Patrem</strong></span> 
     </span>
    </p>
   </div>
   <div class='ocr_carea' id='block_1_53' title="bbox 1944 2356 3533 2430">
    <p class='ocr_par' dir='ltr' id='par_1_53' title="bbox 1944 2356 3533 2430">
     <span class='ocr_line' id='line_1_53' title="bbox 1944 2356 3533 2430; baseline -0.001 -17"><span class='ocrx_word' id='word_1_441' title='bbox 1944 2359 2405 2430; x_wconf 81' lang='lat' dir='ltr'><strong>gloriﬁcaverunt,</strong></span> <span class='ocrx_word' id='word_1_442' title='bbox 2441 2357 2535 2411; x_wconf 88' lang='lat' dir='ltr'><strong>sed</strong></span> <span class='ocrx_word' id='word_1_443' title='bbox 2581 2371 2688 2411; x_wconf 91' lang='lat' dir='ltr'><strong>non</strong></span> <span class='ocrx_word' id='word_1_444' title='bbox 2726 2366 2947 2425; x_wconf 83' lang='lat' dir='ltr'><strong>egerunt</strong></span> <span class='ocrx_word' id='word_1_445' title='bbox 2978 2356 3210 2427; x_wconf 83' lang='lat' dir='ltr'><strong>gratias;</strong></span> <span class='ocrx_word' id='word_1_446' title='bbox 3264 2357 3533 2426; x_wconf 86' lang='lat' dir='ltr'><strong>siquidem</strong></span> 
     </span>
    </p>
   </div>
   <div class='ocr_carea' id='block_1_54' title="bbox 1943 2445 3535 2519">
    <p class='ocr_par' dir='ltr' id='par_1_54' title="bbox 1943 2445 3535 2519">
     <span class='ocr_line' id='line_1_54' title="bbox 1943 2445 3535 2519; baseline -0.001 -17"><span class='ocrx_word' id='word_1_447' title='bbox 1943 2464 2052 2503; x_wconf 93' lang='lat' dir='ltr'><strong>non</strong></span> <span class='ocrx_word' id='word_1_448' title='bbox 2103 2458 2445 2519; x_wconf 81' lang='lat' dir='ltr'><strong>agnoverunt</strong></span> <span class='ocrx_word' id='word_1_449' title='bbox 2481 2446 2701 2501; x_wconf 82' lang='lat' dir='ltr'><strong>Filiam.</strong></span> <span class='ocrx_word' id='word_1_450' title='bbox 2742 2445 3004 2516; x_wconf 88' lang='lat' dir='ltr'><strong>Discipuli</strong></span> <span class='ocrx_word' id='word_1_451' title='bbox 3050 2457 3388 2518; x_wconf 82' lang='lat' dir='ltr'><strong>agnoverunt</strong></span> <span class='ocrx_word' id='word_1_452' title='bbox 3446 2447 3535 2501; x_wconf 83' lang='lat' dir='ltr'><strong>Fi-</strong></span> 
     </span>
    </p>
   </div>
   <div class='ocr_carea' id='block_1_55' title="bbox 1942 2535 3534 2610">
    <p class='ocr_par' dir='ltr' id='par_1_55' title="bbox 1942 2535 3534 2610">
     <span class='ocr_line' id='line_1_55' title="bbox 1942 2535 3534 2610; baseline -0.001 -16"><span class='ocrx_word' id='word_1_453' title='bbox 1942 2540 2114 2607; x_wconf 89' lang='lat' dir='ltr'><strong>lium,</strong></span> <span class='ocrx_word' id='word_1_454' title='bbox 2151 2541 2244 2594; x_wconf 90' lang='lat' dir='ltr'><strong>sed</strong></span> <span class='ocrx_word' id='word_1_455' title='bbox 2288 2555 2397 2595; x_wconf 91' lang='lat' dir='ltr'><strong>non</strong></span> <span class='ocrx_word' id='word_1_456' title='bbox 2439 2540 2492 2593; x_wconf 91' lang='lat' dir='ltr'><strong>in</strong></span> <span class='ocrx_word' id='word_1_457' title='bbox 2543 2537 2746 2608; x_wconf 89' lang='lat' dir='ltr'><strong>Spiritu</strong></span> <span class='ocrx_word' id='word_1_458' title='bbox 2776 2535 3002 2605; x_wconf 77' lang='lat' dir='ltr'><strong>sancto;</strong></span> <span class='ocrx_word' id='word_1_459' title='bbox 3057 2539 3264 2593; x_wconf 87' lang='lat' dir='ltr'><strong>idcirco</strong></span> <span class='ocrx_word' id='word_1_460' title='bbox 3295 2555 3534 2610; x_wconf 81' lang='lat' dir='ltr'><strong>negave-</strong></span> 
     </span>
    </p>
   </div>
   <div class='ocr_carea' id='block_1_56' title="bbox 1944 2628 3534 2701">
    <p class='ocr_par' dir='ltr' id='par_1_56' title="bbox 1944 2628 3534 2701">
     <span class='ocr_line' id='line_1_56' title="bbox 1944 2628 3534 2701; baseline -0.002 -15"><span class='ocrx_word' id='word_1_461' title='bbox 1944 2643 2090 2686; x_wconf 90' lang='lat' dir='ltr'><strong>runt.</strong></span> <span class='ocrx_word' id='word_1_462' title='bbox 2147 2632 2337 2687; x_wconf 90' lang='lat' dir='ltr'><strong>Sciens</strong></span> <span class='ocrx_word' id='word_1_463' title='bbox 2393 2632 2562 2701; x_wconf 86' lang='lat' dir='ltr'><strong>igitur</strong></span> <span class='ocrx_word' id='word_1_464' title='bbox 2618 2629 2854 2684; x_wconf 89' lang='lat' dir='ltr'><strong>Verbum</strong></span> <span class='ocrx_word' id='word_1_465' title='bbox 2905 2628 3125 2695; x_wconf 87' lang='lat' dir='ltr'><strong>Patris,</strong></span> <span class='ocrx_word' id='word_1_466' title='bbox 3171 2631 3534 2686; x_wconf 73' lang='lat' dir='ltr'><strong>mmnomiam</strong></span> 
     </span>
    </p>
   </div>
   <div class='ocr_carea' id='block_1_57' title="bbox 1942 2720 3538 2788">
    <p class='ocr_par' dir='ltr' id='par_1_57' title="bbox 1942 2720 3538 2788">
     <span class='ocr_line' id='line_1_57' title="bbox 1942 2720 3538 2788; baseline 0 -14"><span class='ocrx_word' id='word_1_467' title='bbox 1942 2729 1996 2774; x_wconf 88' lang='lat' dir='ltr'><strong>et</strong></span> <span class='ocrx_word' id='word_1_468' title='bbox 2047 2721 2387 2775; x_wconf 82' lang='lat' dir='ltr'><strong>voluntatem</strong></span> <span class='ocrx_word' id='word_1_469' title='bbox 2433 2722 2607 2775; x_wconf 80' lang='lat' dir='ltr'><strong>Patris</strong></span> <span class='ocrx_word' id='word_1_470' title='bbox 2633 2760 2647 2784; x_wconf 96' lang='lat'><strong>,</strong></span> <span class='ocrx_word' id='word_1_471' title='bbox 2697 2720 2841 2788; x_wconf 89' lang='lat' dir='ltr'><strong>quod</strong></span> <span class='ocrx_word' id='word_1_472' title='bbox 2877 2735 2986 2773; x_wconf 91' lang='lat' dir='ltr'><strong>non</strong></span> <span class='ocrx_word' id='word_1_473' title='bbox 3028 2721 3144 2774; x_wconf 92' lang='lat' dir='ltr'><strong>vult</strong></span> <span class='ocrx_word' id='word_1_474' title='bbox 3178 2721 3334 2775; x_wconf 85' lang='lat' dir='ltr'><strong>aliter</strong></span> <span class='ocrx_word' id='word_1_475' title='bbox 3377 2721 3538 2776; x_wconf 88' lang='lat' dir='ltr'><strong>Pater</strong></span> 
     </span>
    </p>
   </div>
   <div class='ocr_carea' id='block_1_58' title="bbox 1944 2813 3535 2884">
    <p class='ocr_par' dir='ltr' id='par_1_58' title="bbox 1944 2813 3535 2884">
     <span class='ocr_line' id='line_1_58' title="bbox 1944 2813 3535 2884; baseline 0.001 -18"><span class='ocrx_word' id='word_1_476' title='bbox 1944 2814 2259 2884; x_wconf 79' lang='lat' dir='ltr'><strong>gloriﬁcari,</strong></span> <span class='ocrx_word' id='word_1_477' title='bbox 2293 2815 2398 2869; x_wconf 90' lang='lat' dir='ltr'><strong>nisi</strong></span> <span class='ocrx_word' id='word_1_478' title='bbox 2434 2815 2547 2878; x_wconf 88' lang='lat' dir='ltr'><strong>sic;</strong></span> <span class='ocrx_word' id='word_1_479' title='bbox 2576 2831 2697 2868; x_wconf 89' lang='lat' dir='ltr'><strong>cum</strong></span> <span class='ocrx_word' id='word_1_480' title='bbox 2735 2814 3143 2879; x_wconf 80' lang='lat' dir='ltr'><strong>resurrexisset,</strong></span> <span class='ocrx_word' id='word_1_481' title='bbox 3176 2813 3395 2867; x_wconf 84' lang='lat' dir='ltr'><strong>tradidit</strong></span> <span class='ocrx_word' id='word_1_482' title='bbox 3430 2814 3535 2868; x_wconf 89' lang='lat' dir='ltr'><strong>hoc</strong></span> 
     </span>
    </p>
   </div>
   <div class='ocr_carea' id='block_1_59' title="bbox 1943 2904 3534 2975">
    <p class='ocr_par' dir='ltr' id='par_1_59' title="bbox 1943 2904 3534 2975">
     <span class='ocr_line' id='line_1_59' title="bbox 1943 2904 3534 2975; baseline -0.001 -18"><span class='ocrx_word' id='word_1_483' title='bbox 1943 2904 2258 2974; x_wconf 87' lang='lat' dir='ltr'><strong>discipulis:</strong></span> <span class='ocrx_word' id='word_1_484' title='bbox 2301 2924 2318 2955; x_wconf 80' lang='grc' dir='ltr'><strong>ι</strong></span> <span class='ocrx_word' id='word_1_485' title='bbox 2357 2904 2590 2971; x_wconf 69' lang='lat' dir='ltr'><strong>Euntes,</strong></span> <span class='ocrx_word' id='word_1_486' title='bbox 2633 2906 2845 2975; x_wconf 90' lang='lat' dir='ltr'><strong>inquit,</strong></span> <span class='ocrx_word' id='word_1_487' title='bbox 2873 2905 3063 2959; x_wconf 86' lang='lat' dir='ltr'><strong>docete</strong></span> <span class='ocrx_word' id='word_1_488' title='bbox 3093 2919 3286 2958; x_wconf 89' lang='lat' dir='ltr'><strong>omnes</strong></span> <span class='ocrx_word' id='word_1_489' title='bbox 3314 2914 3498 2973; x_wconf 81' lang='lat' dir='ltr'><strong>gentes</strong></span> <span class='ocrx_word' id='word_1_490' title='bbox 3518 2943 3534 2964; x_wconf 90' lang='lat'><strong>,</strong></span> 
     </span>
    </p>
   </div>
   <div class='ocr_carea' id='block_1_60' title="bbox 1941 2993 3537 3064">
    <p class='ocr_par' dir='ltr' id='par_1_60' title="bbox 1941 2993 3537 3064">
     <span class='ocr_line' id='line_1_60' title="bbox 1941 2993 3537 3064; baseline 0.001 -17"><span class='ocrx_word' id='word_1_491' title='bbox 1941 2993 2278 3064; x_wconf 86' lang='lat' dir='ltr'><strong>baptizantcs</strong></span> <span class='ocrx_word' id='word_1_492' title='bbox 2305 3011 2400 3049; x_wconf 90' lang='lat' dir='ltr'><strong>eos</strong></span> <span class='ocrx_word' id='word_1_493' title='bbox 2430 2996 2480 3048; x_wconf 89' lang='lat' dir='ltr'><strong>in</strong></span> <span class='ocrx_word' id='word_1_494' title='bbox 2515 2997 2736 3049; x_wconf 88' lang='lat' dir='ltr'><strong>nomine</strong></span> <span class='ocrx_word' id='word_1_495' title='bbox 2762 2995 2960 3057; x_wconf 86' lang='lat' dir='ltr'><strong>Patris,</strong></span> <span class='ocrx_word' id='word_1_496' title='bbox 2989 3002 3039 3048; x_wconf 86' lang='lat' dir='ltr'><strong>et</strong></span> <span class='ocrx_word' id='word_1_497' title='bbox 3058 2993 3203 3057; x_wconf 84' lang='lat' dir='ltr'><strong>Filii,</strong></span> <span class='ocrx_word' id='word_1_498' title='bbox 3231 3005 3284 3049; x_wconf 90' lang='lat' dir='ltr'><strong>et</strong></span> <span class='ocrx_word' id='word_1_499' title='bbox 3302 2993 3537 3063; x_wconf 87' lang='lat' dir='ltr'><strong>Spiritus</strong></span> 
     </span>
    </p>
   </div>
   <div class='ocr_carea' id='block_1_61' title="bbox 1944 3087 3536 3158">
    <p class='ocr_par' dir='ltr' id='par_1_61' title="bbox 1944 3087 3536 3158">
     <span class='ocr_line' id='line_1_61' title="bbox 1944 3087 3536 3158; baseline -0.001 -16"><span class='ocrx_word' id='word_1_500' title='bbox 1944 3089 2117 3142; x_wconf 82' lang='lat' dir='ltr'><strong>sancti</strong></span> <span class='ocrx_word' id='word_1_501' title='bbox 2147 3089 2213 3141; x_wconf 75' lang='grc' dir='ltr'><strong>τι.</strong></span> <span class='ocrx_word' id='word_1_502' title='bbox 2268 3107 2286 3138; x_wconf 74' lang='grc' dir='ltr'><strong>ι</strong></span> <span class='ocrx_word' id='word_1_503' title='bbox 2321 3087 2517 3142; x_wconf 84' lang='lat' dir='ltr'><strong>Docuit.</strong></span> <span class='ocrx_word' id='word_1_504' title='bbox 2545 3089 2654 3153; x_wconf 92' lang='lat' dir='ltr'><strong>hic,</strong></span> <span class='ocrx_word' id='word_1_505' title='bbox 2682 3090 2824 3158; x_wconf 91' lang='lat' dir='ltr'><strong>quod</strong></span> <span class='ocrx_word' id='word_1_506' title='bbox 2859 3089 3173 3157; x_wconf 86' lang='lat' dir='ltr'><strong>quicunque</strong></span> <span class='ocrx_word' id='word_1_507' title='bbox 3203 3103 3370 3141; x_wconf 90' lang='lat' dir='ltr'><strong>ttnum</strong></span> <span class='ocrx_word' id='word_1_508' title='bbox 3404 3088 3536 3157; x_wconf 87' lang='lat' dir='ltr'><strong>quid</strong></span> 
     </span>
    </p>
   </div>
   <div class='ocr_carea' id='block_1_62' title="bbox 243 3176 1838 3285">
    <p class='ocr_par' dir='ltr' id='par_1_62' title="bbox 243 3190 1836 3262">
     <span class='ocr_line' id='line_1_62' title="bbox 243 3190 1836 3262; baseline -0.001 -18"><span class='ocrx_word' id='word_1_509' title='bbox 243 3191 468 3254; x_wconf 79' lang='grc' dir='ltr'>τελείως</span> <span class='ocrx_word' id='word_1_510' title='bbox 518 3190 650 3244; x_wconf 84' lang='grc' dir='ltr'>Θεὸν</span> <span class='ocrx_word' id='word_1_511' title='bbox 699 3191 799 3244; x_wconf 72' lang='grc' dir='ltr'>οὐκ</span> <span class='ocrx_word' id='word_1_512' title='bbox 837 3190 1108 3257; x_wconf 76' lang='grc' dir='ltr'>ἐδόξασεν.</span> <span class='ocrx_word' id='word_1_513' title='bbox 1161 3190 1258 3244; x_wconf 75' lang='grc' dir='ltr'><strong>Διὰ</strong></span> <span class='ocrx_word' id='word_1_514' title='bbox 1305 3190 1413 3262; x_wconf 81' lang='grc' dir='ltr'>γὰρ</span> <span class='ocrx_word' id='word_1_515' title='bbox 1463 3191 1561 3261; x_wconf 79' lang='grc' dir='ltr'>τῆς</span> <span class='ocrx_word' id='word_1_516' title='bbox 1607 3191 1836 3262; x_wconf 75' lang='grc' dir='ltr'>Τριόιδος</span> 
     </span>
    </p>
   </div>
   <div class='ocr_carea' id='block_1_63' title="bbox 1950 3176 3533 3285">
    <p class='ocr_par' dir='ltr' id='par_1_63' title="bbox 1950 3176 3533 3248">
     <span class='ocr_line' id='line_1_63' title="bbox 1950 3176 3533 3248; baseline 0.001 -16"><span class='ocrx_word' id='word_1_517' title='bbox 1950 3182 2140 3233; x_wconf 90' lang='lat' dir='ltr'><strong>horum</strong></span> <span class='ocrx_word' id='word_1_518' title='bbox 2184 3179 2464 3242; x_wconf 90' lang='lat' dir='ltr'><strong>omiserit,</strong></span> <span class='ocrx_word' id='word_1_519' title='bbox 2508 3179 2552 3231; x_wconf 88' lang='lat' dir='ltr'><strong>is</strong></span> <span class='ocrx_word' id='word_1_520' title='bbox 2588 3179 2822 3247; x_wconf 82' lang='lat' dir='ltr'><strong>perfecte</strong></span> <span class='ocrx_word' id='word_1_521' title='bbox 2851 3178 3020 3231; x_wconf 89' lang='lat' dir='ltr'><strong>Deum</strong></span> <span class='ocrx_word' id='word_1_522' title='bbox 3054 3194 3163 3231; x_wconf 89' lang='lat' dir='ltr'><strong>non</strong></span> <span class='ocrx_word' id='word_1_523' title='bbox 3192 3176 3533 3248; x_wconf 81' lang='lat' dir='ltr'><strong>gloriﬁcavit.</strong></span> 
     </span>
    </p>
   </div>
   <div class='ocr_carea' id='block_1_64' title="bbox 243 3280 1836 3356">
    <p class='ocr_par' dir='ltr' id='par_1_64' title="bbox 243 3280 1836 3356">
     <span class='ocr_line' id='line_1_64' title="bbox 243 3280 1836 3356; baseline -0.003 -19"><span class='ocrx_word' id='word_1_524' title='bbox 243 3284 451 3355; x_wconf 75' lang='grc' dir='ltr'>ταύτης</span> <span class='ocrx_word' id='word_1_525' title='bbox 485 3283 674 3356; x_wconf 76' lang='grc' dir='ltr'>Πατὴρ</span> <span class='ocrx_word' id='word_1_526' title='bbox 708 3282 1009 3349; x_wconf 78' lang='grc' dir='ltr'>δοξάζεται.</span> <span class='ocrx_word' id='word_1_527' title='bbox 1034 3282 1226 3353; x_wconf 80' lang='grc' dir='ltr'>Πατὴρ</span> <span class='ocrx_word' id='word_1_528' title='bbox 1259 3280 1369 3352; x_wconf 81' lang='grc' dir='ltr'>γὰρ</span> <span class='ocrx_word' id='word_1_529' title='bbox 1403 3281 1836 3352; x_wconf 73' lang='grc' dir='ltr'>ἠθέλησεν,Υῐὸς</span> 
     </span>
    </p>
   </div>
   <div class='ocr_carea' id='block_1_65' title="bbox 244 3373 1838 3446">
    <p class='ocr_par' dir='ltr' id='par_1_65' title="bbox 244 3373 1838 3446">
     <span class='ocr_line' id='line_1_65' title="bbox 244 3373 1838 3446; baseline -0.001 -18"><span class='ocrx_word' id='word_1_530' title='bbox 244 3373 526 3444; x_wconf 67' lang='grc' dir='ltr'>ἐποίησεν,</span> <span class='ocrx_word' id='word_1_531' title='bbox 563 3375 788 3446; x_wconf 77' lang='grc' dir='ltr'>Πνεῦμα</span> <span class='ocrx_word' id='word_1_532' title='bbox 803 3373 1166 3446; x_wconf 73' lang='grc' dir='ltr'>ἐφανέρωσεν.</span> <span class='ocrx_word' id='word_1_533' title='bbox 1204 3374 1380 3426; x_wconf 79' lang='grc' dir='ltr'>Πᾶσαι</span> <span class='ocrx_word' id='word_1_534' title='bbox 1410 3373 1587 3426; x_wconf 87' lang='grc' dir='ltr'>τοίνυν</span> <span class='ocrx_word' id='word_1_535' title='bbox 1620 3375 1676 3426; x_wconf 82' lang='grc' dir='ltr'>αἱ</span> <span class='ocrx_word' id='word_1_536' title='bbox 1700 3373 1838 3445; x_wconf 85' lang='grc' dir='ltr'>Γρα-</span> 
     </span>
    </p>
   </div>
   <div class='ocr_carea' id='block_1_66' title="bbox 246 3463 1124 3536">
    <p class='ocr_par' dir='ltr' id='par_1_66' title="bbox 246 3463 1124 3536">
     <span class='ocr_line' id='line_1_66' title="bbox 246 3463 1124 3536; baseline 0.001 -21"><span class='ocrx_word' id='word_1_537' title='bbox 246 3465 347 3532; x_wconf 56' lang='lat' dir='ltr'><strong>(gat</strong></span> <span class='ocrx_word' id='word_1_538' title='bbox 389 3466 519 3536; x_wconf 73' lang='grc' dir='ltr'>περὶ</span> <span class='ocrx_word' id='word_1_539' title='bbox 548 3464 738 3517; x_wconf 76' lang='grc' dir='ltr'>τούτου</span> <span class='ocrx_word' id='word_1_540' title='bbox 766 3463 1124 3535; x_wconf 81' lang='grc' dir='ltr'>κηρύσσουσι.</span> 
     </span>
    </p>
   </div>
   <div class='ocr_carea' id='block_1_67' title="bbox 336 3557 1837 3629">
    <p class='ocr_par' dir='ltr' id='par_1_67' title="bbox 336 3557 1837 3629">
     <span class='ocr_line' id='line_1_67' title="bbox 336 3557 1837 3629; baseline 0.019 -20"><span class='ocrx_word' id='word_1_541' title='bbox 336 3557 475 3610; x_wconf 55' lang='grc' dir='ltr'><strong>αᾹλλφ</strong></span> <span class='ocrx_word' id='word_1_542' title='bbox 647 3558 735 3626; x_wconf 83' lang='grc' dir='ltr'><strong>μοί</strong></span> <span class='ocrx_word' id='word_1_543' title='bbox 761 3575 846 3620; x_wconf 82' lang='grc' dir='ltr'><strong>τις</strong></span> <span class='ocrx_word' id='word_1_544' title='bbox 868 3574 879 3586; x_wconf 74' lang='grc'><strong><em>⁸</em></strong></span> <span class='ocrx_word' id='word_1_545' title='bbox 910 3557 1070 3611; x_wconf 78' lang='grc' dir='ltr'>Ξένον</span> <span class='ocrx_word' id='word_1_546' title='bbox 1102 3575 1192 3628; x_wconf 82' lang='grc' dir='ltr'><strong>μοι</strong></span> <span class='ocrx_word' id='word_1_547' title='bbox 1219 3558 1424 3629; x_wconf 60' lang='grc' dir='ltr'><strong>φέρεις,</strong></span> <span class='ocrx_word' id='word_1_548' title='bbox 1458 3559 1628 3626; x_wconf 61' lang='grc' dir='ltr'><strong>Λόγον</strong></span> <span class='ocrx_word' id='word_1_549' title='bbox 1667 3558 1837 3626; x_wconf 64' lang='grc' dir='ltr'><strong>λέγων</strong></span> 
     </span>
    </p>
   </div>
   <div class='ocr_carea' id='block_1_68' title="bbox 248 3645 1838 3720">
    <p class='ocr_par' dir='ltr' id='par_1_68' title="bbox 248 3645 1838 3720">
     <span class='ocr_line' id='line_1_68' title="bbox 248 3645 1838 3720; baseline -0.002 -18"><span class='ocrx_word' id='word_1_550' title='bbox 248 3650 381 3703; x_wconf 82' lang='grc' dir='ltr'>Υἰόν</span> <span class='ocrx_word' id='word_1_551' title='bbox 557 3645 809 3719; x_wconf 79' lang='grc' dir='ltr'>Ἰωάννης</span> <span class='ocrx_word' id='word_1_552' title='bbox 841 3651 940 3720; x_wconf 77' lang='grc' dir='ltr'><strong>μὲν</strong></span> <span class='ocrx_word' id='word_1_553' title='bbox 963 3650 1073 3718; x_wconf 75' lang='grc' dir='ltr'><strong>γὰρ</strong></span> <span class='ocrx_word' id='word_1_554' title='bbox 1099 3648 1244 3717; x_wconf 82' lang='grc' dir='ltr'>λέγει</span> <span class='ocrx_word' id='word_1_555' title='bbox 1274 3651 1475 3716; x_wconf 81' lang='grc' dir='ltr'>Λόγον,</span> <span class='ocrx_word' id='word_1_556' title='bbox 1512 3647 1624 3701; x_wconf 85' lang='grc' dir='ltr'>ἀλλ’</span> <span class='ocrx_word' id='word_1_557' title='bbox 1665 3649 1838 3711; x_wconf 83' lang='grc' dir='ltr'>ἄλλως</span> 
     </span>
    </p>
   </div>
   <div class='ocr_carea' id='block_1_69' title="bbox 263 3781 1285 3856">
    <p class='ocr_par' dir='ltr' id='par_1_69' title="bbox 263 3781 1285 3856">
     <span class='ocr_line' id='line_1_69' title="bbox 263 3781 1285 3856; baseline -0.001 -16"><span class='ocrx_word' id='word_1_558' title='bbox 263 3781 266 3784; x_wconf 75' lang='grc'><em>’</em></span> <span class='ocrx_word' id='word_1_559' title='bbox 323 3789 368 3820; x_wconf 84' lang='grc'><strong>⁶⁹</strong></span> <span class='ocrx_word' id='word_1_560' title='bbox 400 3784 561 3841; x_wconf 86' lang='lat' dir='ltr'><strong>Joan.</strong></span> <span class='ocrx_word' id='word_1_561' title='bbox 602 3802 648 3851; x_wconf 85' lang='grc' dir='ltr'><strong>ι,</strong></span> <span class='ocrx_word' id='word_1_562' title='bbox 691 3787 742 3840; x_wconf 80' lang='lat' dir='ltr'><strong>i.</strong></span> <span class='ocrx_word' id='word_1_563' title='bbox 818 3787 863 3817; x_wconf 88' lang='grc'><strong>⁷⁰</strong></span> <span class='ocrx_word' id='word_1_564' title='bbox 899 3786 1098 3856; x_wconf 76' lang='lat' dir='ltr'><strong>Ephes.</strong></span> <span class='ocrx_word' id='word_1_565' title='bbox 1131 3802 1202 3850; x_wconf 88' lang='lat' dir='ltr'><strong>tv,</strong></span> <span class='ocrx_word' id='word_1_566' title='bbox 1233 3785 1285 3839; x_wconf 83' lang='lat'><strong>6.</strong></span> 
     </span>
    </p>
   </div>
   <div class='ocr_carea' id='block_1_70' title="bbox 250 3902 1838 3976">
    <p class='ocr_par' dir='ltr' id='par_1_70' title="bbox 250 3902 1838 3976">
     <span class='ocr_line' id='line_1_70' title="bbox 250 3902 1838 3976; baseline -0.001 -17"><span class='ocrx_word' id='word_1_567' title='bbox 250 3905 369 3959; x_wconf 88' lang='lat' dir='ltr'><strong>sive</strong></span> <span class='ocrx_word' id='word_1_568' title='bbox 382 3902 595 3976; x_wconf 77' lang='grc' dir='ltr'>Θέλημα</span> <span class='ocrx_word' id='word_1_569' title='bbox 616 3902 795 3959; x_wconf 88' lang='lat' dir='ltr'><strong>Patris</strong></span> <span class='ocrx_word' id='word_1_570' title='bbox 816 3903 1002 3976; x_wconf 65' lang='lat' dir='ltr'><strong>dixere</strong></span> <span class='ocrx_word' id='word_1_571' title='bbox 1017 3905 1173 3958; x_wconf 90' lang='lat' dir='ltr'><strong>multi</strong></span> <span class='ocrx_word' id='word_1_572' title='bbox 1193 3912 1432 3976; x_wconf 83' lang='lat' dir='ltr'><strong>veteres;</strong></span> <span class='ocrx_word' id='word_1_573' title='bbox 1459 3921 1690 3976; x_wconf 72' lang='grc' dir='ltr'>ιμιονιιιη</span> <span class='ocrx_word' id='word_1_574' title='bbox 1722 3905 1838 3976; x_wconf 77' lang='lat' dir='ltr'><strong>loca</strong></span> 
     </span>
    </p>
   </div>
   <div class='ocr_carea' id='block_1_71' title="bbox 250 3974 1839 4044">
    <p class='ocr_par' dir='ltr' id='par_1_71' title="bbox 250 3974 1839 4044">
     <span class='ocr_line' id='line_1_71' title="bbox 250 3974 1839 4044; baseline 0.003 -20"><span class='ocrx_word' id='word_1_575' title='bbox 250 3975 377 4028; x_wconf 80' lang='lat' dir='ltr'><strong>vide</strong></span> <span class='ocrx_word' id='word_1_576' title='bbox 399 4014 414 4038; x_wconf 93' lang='lat'><strong>,</strong></span> <span class='ocrx_word' id='word_1_577' title='bbox 448 3975 493 4027; x_wconf 92' lang='lat' dir='ltr'><strong>si</strong></span> <span class='ocrx_word' id='word_1_578' title='bbox 529 3974 733 4042; x_wconf 83' lang='lat' dir='ltr'><strong>placet.</strong></span> <span class='ocrx_word' id='word_1_579' title='bbox 771 3976 912 4044; x_wconf 89' lang='lat' dir='ltr'><strong>apud</strong></span> <span class='ocrx_word' id='word_1_580' title='bbox 946 3974 1226 4028; x_wconf 89' lang='lat' dir='ltr'><strong>Petavium</strong></span> <span class='ocrx_word' id='word_1_581' title='bbox 1255 3975 1346 4029; x_wconf 90' lang='lat' dir='ltr'><strong>lib.</strong></span> <span class='ocrx_word' id='word_1_582' title='bbox 1376 3992 1428 4027; x_wconf 78' lang='lat' dir='ltr'><strong>Vl</strong></span> <span class='ocrx_word' id='word_1_583' title='bbox 1474 3974 1546 4030; x_wconf 86' lang='lat' dir='ltr'><strong>De</strong></span> <span class='ocrx_word' id='word_1_584' title='bbox 1583 3976 1682 4030; x_wconf 87' lang='lat' dir='ltr'><strong>SS.</strong></span> <span class='ocrx_word' id='word_1_585' title='bbox 1720 3975 1839 4028; x_wconf 84' lang='lat' dir='ltr'><strong>Tri-</strong></span> 
     </span>
    </p>
   </div>
   <div class='ocr_carea' id='block_1_72' title="bbox 250 4044 1835 4117">
    <p class='ocr_par' dir='ltr' id='par_1_72' title="bbox 250 4044 1835 4117">
     <span class='ocr_line' id='line_1_72' title="bbox 250 4044 1835 4117; baseline 0.001 -20"><span class='ocrx_word' id='word_1_586' title='bbox 250 4047 442 4117; x_wconf 69' lang='lat' dir='ltr'><strong>nitate,</strong></span> <span class='ocrx_word' id='word_1_587' title='bbox 464 4060 584 4117; x_wconf 81' lang='lat' dir='ltr'><strong>cap.</strong></span> <span class='ocrx_word' id='word_1_588' title='bbox 612 4044 722 4117; x_wconf 75' lang='lat'><strong>8.§</strong></span> <span class='ocrx_word' id='word_1_589' title='bbox 749 4045 839 4106; x_wconf 71' lang='lat' dir='ltr'><strong>Eii,</strong></span> <span class='ocrx_word' id='word_1_590' title='bbox 864 4055 917 4100; x_wconf 89' lang='lat' dir='ltr'><strong>et</strong></span> <span class='ocrx_word' id='word_1_591' title='bbox 941 4045 1034 4117; x_wconf 91' lang='lat' dir='ltr'><strong>lib_.</strong></span> <span class='ocrx_word' id='word_1_592' title='bbox 1058 4061 1152 4107; x_wconf 82' lang='lat' dir='ltr'><strong>VII,</strong></span> <span class='ocrx_word' id='word_1_593' title='bbox 1176 4061 1295 4115; x_wconf 88' lang='lat' dir='ltr'><strong>cap.</strong></span> <span class='ocrx_word' id='word_1_594' title='bbox 1329 4047 1416 4108; x_wconf 75' lang='lat'><strong>1‘2,</strong></span> <span class='ocrx_word' id='word_1_595' title='bbox 1443 4048 1470 4117; x_wconf 57' lang='grc' dir='ltr'>ᾗ</span> <span class='ocrx_word' id='word_1_596' title='bbox 1495 4047 1579 4101; x_wconf 70' lang='grc' dir='ltr'><strong>1Εὶ.</strong></span> <span class='ocrx_word' id='word_1_597' title='bbox 1615 4047 1835 4100; x_wconf 77' lang='lat' dir='ltr'><strong>FABntc.</strong></span> 
     </span>
    </p>
   </div>
   <div class='ocr_carea' id='block_1_73' title="bbox 324 4114 1836 4186">
    <p class='ocr_par' dir='ltr' id='par_1_73' title="bbox 324 4114 1836 4186">
     <span class='ocr_line' id='line_1_73' title="bbox 324 4114 1836 4186; baseline 0.001 -17"><span class='ocrx_word' id='word_1_598' title='bbox 324 4115 439 4183; x_wconf 83' lang='lat'><strong>(99)</strong></span> <span class='ocrx_word' id='word_1_599' title='bbox 480 4115 595 4168; x_wconf 83' lang='grc' dir='ltr'><strong>Δύο</strong></span> <span class='ocrx_word' id='word_1_600' title='bbox 636 4114 752 4184; x_wconf 77' lang='grc' dir='ltr'><strong>μὲν</strong></span> <span class='ocrx_word' id='word_1_601' title='bbox 795 4118 906 4170; x_wconf 77' lang='grc' dir='ltr'><strong>οὐκ</strong></span> <span class='ocrx_word' id='word_1_602' title='bbox 928 4115 1040 4182; x_wconf 82' lang='grc' dir='ltr'><strong>ἐρῶ</strong></span> <span class='ocrx_word' id='word_1_603' title='bbox 1070 4114 1316 4182; x_wconf 64' lang='grc' dir='ltr'>Θεοὺςέ...</span> <span class='ocrx_word' id='word_1_604' title='bbox 1365 4114 1536 4186; x_wconf 76' lang='grc' dir='ltr'><strong>ᾶγὶον</strong></span> <span class='ocrx_word' id='word_1_605' title='bbox 1575 4118 1836 4186; x_wconf 78' lang='grc' dir='ltr'>Πνεῦμα.</span> 
     </span>
    </p>
   </div>
   <div class='ocr_carea' id='block_1_74' title="bbox 249 4184 1840 4254">
    <p class='ocr_par' dir='ltr' id='par_1_74' title="bbox 249 4184 1840 4254">
     <span class='ocr_line' id='line_1_74' title="bbox 249 4184 1840 4254; baseline 0.002 -15"><span class='ocrx_word' id='word_1_606' title='bbox 249 4184 454 4254; x_wconf 81' lang='lat' dir='ltr'><strong>Liquet</strong></span> <span class='ocrx_word' id='word_1_607' title='bbox 477 4202 543 4239; x_wconf 75' lang='lat' dir='ltr'><strong>ex</strong></span> <span class='ocrx_word' id='word_1_608' title='bbox 579 4186 682 4240; x_wconf 91' lang='lat' dir='ltr'><strong>hoc</strong></span> <span class='ocrx_word' id='word_1_609' title='bbox 710 4187 1021 4240; x_wconf 87' lang='lat' dir='ltr'><strong>testimonio</strong></span> <span class='ocrx_word' id='word_1_610' title='bbox 1057 4203 1224 4240; x_wconf 92' lang='lat' dir='ltr'><strong>unum</strong></span> <span class='ocrx_word' id='word_1_611' title='bbox 1252 4184 1474 4240; x_wconf 86' lang='lat' dir='ltr'><strong>omnino</strong></span> <span class='ocrx_word' id='word_1_612' title='bbox 1505 4186 1697 4250; x_wconf 90' lang='lat' dir='ltr'><strong>Deum,</strong></span> <span class='ocrx_word' id='word_1_613' title='bbox 1730 4184 1840 4242; x_wconf 79' lang='lat' dir='ltr'><strong>tres</strong></span> 
     </span>
    </p>
   </div>
   <div class='ocr_carea' id='block_1_75' title="bbox 248 4255 1839 4328">
    <p class='ocr_par' dir='ltr' id='par_1_75' title="bbox 248 4255 1839 4328">
     <span class='ocr_line' id='line_1_75' title="bbox 248 4255 1839 4328; baseline 0 -18"><span class='ocrx_word' id='word_1_614' title='bbox 248 4255 530 4328; x_wconf 76' lang='lat' dir='ltr'><strong>Personas</strong></span> <span class='ocrx_word' id='word_1_615' title='bbox 573 4257 641 4309; x_wconf 91' lang='lat' dir='ltr'><strong>ab</strong></span> <span class='ocrx_word' id='word_1_616' title='bbox 672 4255 958 4328; x_wconf 71' lang='lat' dir='ltr'><strong>Hippolyto</strong></span> <span class='ocrx_word' id='word_1_617' title='bbox 1001 4257 1208 4312; x_wconf 89' lang='lat' dir='ltr'><strong>doceri.</strong></span> <span class='ocrx_word' id='word_1_618' title='bbox 1241 4255 1412 4328; x_wconf 77' lang='lat' dir='ltr'><strong>Paulo</strong></span> <span class='ocrx_word' id='word_1_619' title='bbox 1461 4266 1588 4313; x_wconf 89' lang='lat' dir='ltr'><strong>ante</strong></span> <span class='ocrx_word' id='word_1_620' title='bbox 1636 4273 1755 4327; x_wconf 89' lang='lat' dir='ltr'><strong>cap.</strong></span> <span class='ocrx_word' id='word_1_621' title='bbox 1806 4258 1839 4310; x_wconf 79' lang='lat'>8</span> 
     </span>
    </p>
   </div>
   <div class='ocr_carea' id='block_1_76' title="bbox 249 4326 1841 4392">
    <p class='ocr_par' dir='ltr' id='par_1_76' title="bbox 249 4326 1841 4392">
     <span class='ocr_line' id='line_1_76' title="bbox 249 4326 1841 4392; baseline 0.001 -12"><span class='ocrx_word' id='word_1_622' title='bbox 249 4327 472 4381; x_wconf 75' lang='lat' dir='ltr'><strong>dixerat</strong></span> <span class='ocrx_word' id='word_1_623' title='bbox 503 4343 673 4380; x_wconf 83' lang='lat' dir='ltr'><strong>unum</strong></span> <span class='ocrx_word' id='word_1_624' title='bbox 707 4326 881 4380; x_wconf 82' lang='lat' dir='ltr'><strong>Deum</strong></span> <span class='ocrx_word' id='word_1_625' title='bbox 906 4341 1029 4381; x_wconf 88' lang='lat' dir='ltr'><strong>esse</strong></span> <span class='ocrx_word' id='word_1_626' title='bbox 1058 4327 1353 4382; x_wconf 90' lang='lat' dir='ltr'><strong>secundum</strong></span> <span class='ocrx_word' id='word_1_627' title='bbox 1387 4329 1638 4382; x_wconf 89' lang='lat' dir='ltr'><strong>virtutem</strong></span> <span class='ocrx_word' id='word_1_628' title='bbox 1665 4370 1679 4392; x_wconf 96' lang='lat'><strong>,</strong></span> <span class='ocrx_word' id='word_1_629' title='bbox 1705 4326 1841 4382; x_wconf 17' lang='lat' dir='ltr'><strong>isive</strong></span> 
     </span>
    </p>
   </div>
   <div class='ocr_carea' id='block_1_77' title="bbox 249 4398 1842 4468">
    <p class='ocr_par' dir='ltr' id='par_1_77' title="bbox 249 4398 1842 4468">
     <span class='ocr_line' id='line_1_77' title="bbox 249 4398 1842 4468; baseline 0.001 -17"><span class='ocrx_word' id='word_1_630' title='bbox 249 4399 580 4468; x_wconf 21' lang='lat' dir='ltr'><strong>secundum,</strong></span> <span class='ocrx_word' id='word_1_631' title='bbox 595 4398 886 4451; x_wconf 84' lang='lat' dir='ltr'><strong>essentiam</strong></span> <span class='ocrx_word' id='word_1_632' title='bbox 917 4398 1155 4452; x_wconf 83' lang='lat' dir='ltr'><strong>divinam</strong></span> <span class='ocrx_word' id='word_1_633' title='bbox 1175 4438 1190 4462; x_wconf 97' lang='lat'><strong>,</strong></span> <span class='ocrx_word' id='word_1_634' title='bbox 1227 4414 1348 4466; x_wconf 74' lang='lat' dir='ltr'><strong>qua)</strong></span> <span class='ocrx_word' id='word_1_635' title='bbox 1373 4415 1477 4452; x_wconf 87' lang='lat' dir='ltr'><strong>una</strong></span> <span class='ocrx_word' id='word_1_636' title='bbox 1507 4414 1734 4468; x_wconf 85' lang='lat' dir='ltr'><strong>prorsus</strong></span> <span class='ocrx_word' id='word_1_637' title='bbox 1760 4408 1842 4452; x_wconf 88' lang='lat' dir='ltr'><strong>est</strong></span> 
     </span>
    </p>
   </div>
   <div class='ocr_carea' id='block_1_78' title="bbox 248 4467 1838 4533">
    <p class='ocr_par' dir='ltr' id='par_1_78' title="bbox 248 4467 1838 4533">
     <span class='ocr_line' id='line_1_78' title="bbox 248 4467 1838 4533; baseline 0.001 -12"><span class='ocrx_word' id='word_1_638' title='bbox 248 4468 307 4521; x_wconf 89' lang='lat' dir='ltr'><strong>in</strong></span> <span class='ocrx_word' id='word_1_639' title='bbox 348 4467 528 4520; x_wconf 87' lang='lat' dir='ltr'><strong>tribus</strong></span> <span class='ocrx_word' id='word_1_640' title='bbox 558 4467 852 4533; x_wconf 88' lang='lat' dir='ltr'><strong>Personis;</strong></span> <span class='ocrx_word' id='word_1_641' title='bbox 894 4469 1193 4523; x_wconf 89' lang='lat' dir='ltr'><strong>secundum</strong></span> <span class='ocrx_word' id='word_1_642' title='bbox 1242 4476 1424 4523; x_wconf 89' lang='lat' dir='ltr'><strong>autem</strong></span> <span class='ocrx_word' id='word_1_643' title='bbox 1475 4467 1838 4524; x_wconf 56' lang='lat' dir='ltr'><strong>obconomiam</strong></span> 
     </span>
    </p>
   </div>
   <div class='ocr_carea' id='block_1_79' title="bbox 249 4537 1846 4609">
    <p class='ocr_par' dir='ltr' id='par_1_79' title="bbox 249 4537 1846 4609">
     <span class='ocr_line' id='line_1_79' title="bbox 249 4537 1846 4609; baseline 0.001 -19"><span class='ocrx_word' id='word_1_644' title='bbox 249 4547 368 4592; x_wconf 84' lang='lat' dir='ltr'><strong>tres</strong></span> <span class='ocrx_word' id='word_1_645' title='bbox 395 4537 666 4592; x_wconf 80' lang='lat' dir='ltr'><strong>Personas</strong></span> <span class='ocrx_word' id='word_1_646' title='bbox 696 4539 933 4609; x_wconf 75' lang='lat' dir='ltr'><strong>ostendi.</strong></span> <span class='ocrx_word' id='word_1_647' title='bbox 973 4538 1228 4609; x_wconf 81' lang='lat' dir='ltr'><strong>intelligit</strong></span> <span class='ocrx_word' id='word_1_648' title='bbox 1258 4554 1420 4608; x_wconf 79' lang='lat' dir='ltr'><strong>ergo,</strong></span> <span class='ocrx_word' id='word_1_649' title='bbox 1459 4551 1518 4595; x_wconf 90' lang='lat' dir='ltr'><strong>ut</strong></span> <span class='ocrx_word' id='word_1_650' title='bbox 1563 4539 1846 4594; x_wconf 88' lang='lat' dir='ltr'><strong>Tertullia-</strong></span> 
     </span>
    </p>
   </div>
   <div class='ocr_carea' id='block_1_80' title="bbox 250 4607 1845 4678">
    <p class='ocr_par' dir='ltr' id='par_1_80' title="bbox 250 4607 1845 4678">
     <span class='ocr_line' id='line_1_80' title="bbox 250 4607 1845 4678; baseline 0 -16"><span class='ocrx_word' id='word_1_651' title='bbox 250 4625 364 4662; x_wconf 85' lang='lat' dir='ltr'><strong>nus</strong></span> <span class='ocrx_word' id='word_1_652' title='bbox 392 4609 644 4662; x_wconf 82' lang='lat' dir='ltr'><strong>adversus</strong></span> <span class='ocrx_word' id='word_1_653' title='bbox 685 4607 950 4662; x_wconf 73' lang='lat' dir='ltr'><strong>Praxeam</strong></span> <span class='ocrx_word' id='word_1_654' title='bbox 974 4649 989 4672; x_wconf 91' lang='lat'><strong>,</strong></span> <span class='ocrx_word' id='word_1_655' title='bbox 1037 4607 1174 4678; x_wconf 44' lang='lat' dir='ltr'><strong>capi</strong></span> <span class='ocrx_word' id='word_1_656' title='bbox 1201 4610 1236 4663; x_wconf 80' lang='grc'><strong>5</strong></span> <span class='ocrx_word' id='word_1_657' title='bbox 1261 4607 1583 4664; x_wconf 63' lang='lat' dir='ltr'><strong>oeconomiae</strong></span> <span class='ocrx_word' id='word_1_658' title='bbox 1624 4610 1845 4663; x_wconf 87' lang='lat' dir='ltr'><strong>nomine</strong></span> 
     </span>
    </p>
   </div>
   <div class='ocr_carea' id='block_1_81' title="bbox 257 4678 1847 4763">
    <p class='ocr_par' dir='ltr' id='par_1_81' title="bbox 257 4678 1847 4763">
     <span class='ocr_line' id='line_1_81' title="bbox 257 4678 1847 4763; baseline 0.001 -33"><span class='ocrx_word' id='word_1_659' title='bbox 257 4699 276 4725; x_wconf 71' lang='grc' dir='ltr'><strong>ι</strong></span> <span class='ocrx_word' id='word_1_660' title='bbox 315 4695 609 4763; x_wconf 78' lang='lat' dir='ltr'><strong>numerum</strong></span> <span class='ocrx_word' id='word_1_661' title='bbox 656 4688 709 4758; x_wconf 75' lang='lat' dir='ltr'><strong>et</strong></span> <span class='ocrx_word' id='word_1_662' title='bbox 751 4678 1158 4763; x_wconf 69' lang='lat' dir='ltr'><strong>dispositionem</strong></span> <span class='ocrx_word' id='word_1_663' title='bbox 1199 4678 1501 4763; x_wconf 71' lang='lat' dir='ltr'><strong>Trinitatis.</strong></span> <span class='ocrx_word' id='word_1_664' title='bbox 1541 4699 1560 4732; x_wconf 89' lang='grc'><strong>›</strong></span> <span class='ocrx_word' id='word_1_665' title='bbox 1603 4679 1717 4734; x_wconf 84' lang='lat' dir='ltr'><strong>Hoc</strong></span> <span class='ocrx_word' id='word_1_666' title='bbox 1738 4691 1847 4761; x_wconf 24' lang='lat' dir='ltr'><strong>Lau-</strong></span> 
     </span>
    </p>
   </div>
   <div class='ocr_carea' id='block_1_82' title="bbox 251 4749 1843 4819">
    <p class='ocr_par' dir='ltr' id='par_1_82' title="bbox 251 4749 1843 4819">
     <span class='ocr_line' id='line_1_82' title="bbox 251 4749 1843 4819; baseline -0.001 -16"><span class='ocrx_word' id='word_1_667' title='bbox 251 4759 364 4804; x_wconf 87' lang='lat' dir='ltr'><strong>tem</strong></span> <span class='ocrx_word' id='word_1_668' title='bbox 421 4750 543 4803; x_wconf 92' lang='lat' dir='ltr'><strong>loco</strong></span> <span class='ocrx_word' id='word_1_669' title='bbox 575 4749 802 4819; x_wconf 76' lang='lat' dir='ltr'><strong>gratiam</strong></span> <span class='ocrx_word' id='word_1_670' title='bbox 833 4749 1068 4818; x_wconf 87' lang='lat' dir='ltr'><strong>Spiritus</strong></span> <span class='ocrx_word' id='word_1_671' title='bbox 1100 4751 1271 4804; x_wconf 90' lang='lat' dir='ltr'><strong>sancti</strong></span> <span class='ocrx_word' id='word_1_672' title='bbox 1307 4752 1539 4819; x_wconf 86' lang='lat' dir='ltr'><strong>appellat</strong></span> <span class='ocrx_word' id='word_1_673' title='bbox 1572 4771 1590 4800; x_wconf 70' lang='grc' dir='ltr'><strong>ι</strong></span> <span class='ocrx_word' id='word_1_674' title='bbox 1630 4749 1843 4805; x_wconf 88' lang='lat' dir='ltr'><strong>tertiam</strong></span> 
     </span>
    </p>
   </div>
   <div class='ocr_carea' id='block_1_83' title="bbox 251 4820 1843 4889">
    <p class='ocr_par' dir='ltr' id='par_1_83' title="bbox 251 4820 1843 4889">
     <span class='ocr_line' id='line_1_83' title="bbox 251 4820 1843 4889; baseline -0.001 -16"><span class='ocrx_word' id='word_1_675' title='bbox 251 4821 685 4885; x_wconf 57' lang='lat' dir='ltr'><strong>teconomiamp</strong></span> <span class='ocrx_word' id='word_1_676' title='bbox 720 4820 809 4872; x_wconf 88' lang='lat' dir='ltr'><strong>sed</strong></span> <span class='ocrx_word' id='word_1_677' title='bbox 835 4822 1024 4874; x_wconf 88' lang='lat' dir='ltr'><strong>eodem</strong></span> <span class='ocrx_word' id='word_1_678' title='bbox 1059 4837 1219 4873; x_wconf 86' lang='lat' dir='ltr'><strong>sensu</strong></span> <span class='ocrx_word' id='word_1_679' title='bbox 1242 4837 1304 4874; x_wconf 86' lang='lat' dir='ltr'><strong>ac</strong></span> <span class='ocrx_word' id='word_1_680' title='bbox 1319 4820 1716 4882; x_wconf 82' lang='lat' dir='ltr'><strong>&#39;l‘ertullianus,</strong></span> <span class='ocrx_word' id='word_1_681' title='bbox 1750 4823 1843 4889; x_wconf 90' lang='lat' dir='ltr'><strong>qui</strong></span> 
     </span>
    </p>
   </div>
   <div class='ocr_carea' id='block_1_84' title="bbox 252 4889 1843 4962">
    <p class='ocr_par' dir='ltr' id='par_1_84' title="bbox 252 4889 1843 4962">
     <span class='ocr_line' id='line_1_84' title="bbox 252 4889 1843 4962; baseline -0.001 -18"><span class='ocrx_word' id='word_1_682' title='bbox 252 4889 526 4957; x_wconf 79' lang='lat' dir='ltr'><strong>Spiritum</strong></span> <span class='ocrx_word' id='word_1_683' title='bbox 553 4901 804 4962; x_wconf 83' lang='lat' dir='ltr'><strong>sanctum</strong></span> <span class='ocrx_word' id='word_1_684' title='bbox 837 4891 1070 4958; x_wconf 82' lang='lat' dir='ltr'><strong>appellat</strong></span> <span class='ocrx_word' id='word_1_685' title='bbox 1090 4911 1108 4940; x_wconf 82' lang='grc'><strong><em>‹</em></strong></span> <span class='ocrx_word' id='word_1_686' title='bbox 1135 4893 1347 4945; x_wconf 86' lang='lat' dir='ltr'><strong>tertium</strong></span> <span class='ocrx_word' id='word_1_687' title='bbox 1377 4893 1627 4962; x_wconf 76' lang='lat' dir='ltr'><strong>gradum.</strong></span> <span class='ocrx_word' id='word_1_688' title='bbox 1662 4913 1678 4942; x_wconf 84' lang='grc'><strong>›</strong></span> <span class='ocrx_word' id='word_1_689' title='bbox 1709 4892 1843 4944; x_wconf 77' lang='lat' dir='ltr'><strong>Nam</strong></span> 
     </span>
    </p>
   </div>
   <div class='ocr_carea' id='block_1_85' title="bbox 249 4961 1841 5030">
    <p class='ocr_par' dir='ltr' id='par_1_85' title="bbox 249 4961 1841 5030">
     <span class='ocr_line' id='line_1_85' title="bbox 249 4961 1841 5030; baseline 0.002 -18"><span class='ocrx_word' id='word_1_690' title='bbox 249 4963 460 5029; x_wconf 75' lang='lat' dir='ltr'><strong>gradus</strong></span> <span class='ocrx_word' id='word_1_691' title='bbox 479 5002 494 5024; x_wconf 97' lang='lat'><strong>,</strong></span> <span class='ocrx_word' id='word_1_692' title='bbox 542 4961 710 5014; x_wconf 81' lang='lat' dir='ltr'><strong>forma</strong></span> <span class='ocrx_word' id='word_1_693' title='bbox 730 5001 744 5023; x_wconf 96' lang='lat'><strong>,</strong></span> <span class='ocrx_word' id='word_1_694' title='bbox 779 4963 985 5028; x_wconf 85' lang='lat' dir='ltr'><strong>species</strong></span> <span class='ocrx_word' id='word_1_695' title='bbox 1003 5001 1016 5022; x_wconf 93' lang='lat'><strong>,</strong></span> <span class='ocrx_word' id='word_1_696' title='bbox 1052 4962 1338 5030; x_wconf 85' lang='lat' dir='ltr'><strong>dispositio</strong></span> <span class='ocrx_word' id='word_1_697' title='bbox 1365 4961 1478 5015; x_wconf 77' lang='lat' dir='ltr'><strong>sive</strong></span> <span class='ocrx_word' id='word_1_698' title='bbox 1505 4963 1807 5016; x_wconf 86' lang='lat' dir='ltr'><strong>oeconomia</strong></span> <span class='ocrx_word' id='word_1_699' title='bbox 1827 5002 1841 5024; x_wconf 95' lang='lat'><strong>,</strong></span> 
     </span>
    </p>
   </div>
   <div class='ocr_carea' id='block_1_86' title="bbox 249 5030 1844 5101">
    <p class='ocr_par' dir='ltr' id='par_1_86' title="bbox 249 5030 1844 5101">
     <span class='ocr_line' id='line_1_86' title="bbox 249 5030 1844 5101; baseline -0.001 -16"><span class='ocrx_word' id='word_1_700' title='bbox 249 5033 397 5085; x_wconf 81' lang='lat' dir='ltr'><strong>idem</strong></span> <span class='ocrx_word' id='word_1_701' title='bbox 442 5043 640 5084; x_wconf 70' lang='lat' dir='ltr'><strong>set-ant</strong></span> <span class='ocrx_word' id='word_1_702' title='bbox 675 5032 816 5095; x_wconf 81' lang='lat' dir='ltr'><strong>apud</strong></span> <span class='ocrx_word' id='word_1_703' title='bbox 846 5030 1263 5086; x_wconf 84' lang='lat' dir='ltr'><strong>Tcrtullianum.</strong></span> <span class='ocrx_word' id='word_1_704' title='bbox 1297 5032 1477 5097; x_wconf 78' lang='lat' dir='ltr'><strong>Quare</strong></span> <span class='ocrx_word' id='word_1_705' title='bbox 1519 5033 1563 5086; x_wconf 93' lang='lat' dir='ltr'><strong>si</strong></span> <span class='ocrx_word' id='word_1_706' title='bbox 1612 5031 1844 5101; x_wconf 87' lang='lat' dir='ltr'><strong>Spiritus</strong></span> 
     </span>
    </p>
   </div>
   <div class='ocr_carea' id='block_1_87' title="bbox 248 5103 1844 5172">
    <p class='ocr_par' dir='ltr' id='par_1_87' title="bbox 248 5103 1844 5172">
     <span class='ocr_line' id='line_1_87' title="bbox 248 5103 1844 5172; baseline -0.001 -15"><span class='ocrx_word' id='word_1_707' title='bbox 248 5110 482 5157; x_wconf 84' lang='lat' dir='ltr'><strong>sanctus</strong></span> <span class='ocrx_word' id='word_1_708' title='bbox 531 5103 729 5154; x_wconf 81' lang='lat' dir='ltr'><strong>dicitur</strong></span> <span class='ocrx_word' id='word_1_709' title='bbox 774 5103 965 5156; x_wconf 83' lang='lat' dir='ltr'><strong>tertius</strong></span> <span class='ocrx_word' id='word_1_710' title='bbox 1013 5105 1252 5172; x_wconf 84' lang='lat' dir='ltr'><strong>gradus,</strong></span> <span class='ocrx_word' id='word_1_711' title='bbox 1301 5104 1406 5157; x_wconf 87' lang='lat' dir='ltr'><strong>dici</strong></span> <span class='ocrx_word' id='word_1_712' title='bbox 1451 5104 1614 5157; x_wconf 87' lang='lat' dir='ltr'><strong>etiam</strong></span> <span class='ocrx_word' id='word_1_713' title='bbox 1667 5113 1844 5171; x_wconf 82' lang='lat' dir='ltr'><strong>potest</strong></span> 
     </span>
    </p>
   </div>
   <div class='ocr_carea' id='block_1_88' title="bbox 252 5171 1840 5240">
    <p class='ocr_par' dir='ltr' id='par_1_88' title="bbox 252 5171 1840 5240">
     <span class='ocr_line' id='line_1_88' title="bbox 252 5171 1840 5240; baseline 0 -16"><span class='ocrx_word' id='word_1_714' title='bbox 252 5173 416 5225; x_wconf 77' lang='lat' dir='ltr'><strong>tertia</strong></span> <span class='ocrx_word' id='word_1_715' title='bbox 460 5172 748 5240; x_wconf 81' lang='lat' dir='ltr'><strong>dispesitio</strong></span> <span class='ocrx_word' id='word_1_716' title='bbox 779 5172 891 5226; x_wconf 82' lang='lat' dir='ltr'><strong>sive</strong></span> <span class='ocrx_word' id='word_1_717' title='bbox 924 5171 1250 5227; x_wconf 65' lang='lat' dir='ltr'><strong>meduomia.</strong></span> <span class='ocrx_word' id='word_1_718' title='bbox 1284 5171 1460 5228; x_wconf 86' lang='lat' dir='ltr'><strong>Minus</strong></span> <span class='ocrx_word' id='word_1_719' title='bbox 1491 5185 1745 5228; x_wconf 85' lang='lat' dir='ltr'><strong>accurate</strong></span> <span class='ocrx_word' id='word_1_720' title='bbox 1788 5173 1840 5225; x_wconf 88' lang='lat' dir='ltr'><strong>in</strong></span> 
     </span>
    </p>
   </div>
   <div class='ocr_carea' id='block_1_89' title="bbox 251 5242 1836 5311">
    <p class='ocr_par' dir='ltr' id='par_1_89' title="bbox 251 5242 1836 5311">
     <span class='ocr_line' id='line_1_89' title="bbox 251 5242 1836 5311; baseline -0.002 -16"><span class='ocrx_word' id='word_1_721' title='bbox 251 5242 452 5296; x_wconf 84' lang='lat' dir='ltr'><strong>Latina</strong></span> <span class='ocrx_word' id='word_1_722' title='bbox 497 5243 942 5311; x_wconf 85' lang='lat' dir='ltr'><strong>interpretatione</strong></span> <span class='ocrx_word' id='word_1_723' title='bbox 985 5244 1291 5297; x_wconf 86' lang='lat' dir='ltr'><strong>incarnatio</strong></span> <span class='ocrx_word' id='word_1_724' title='bbox 1362 5262 1379 5294; x_wconf 81' lang='grc' dir='ltr'><strong>ι</strong></span> <span class='ocrx_word' id='word_1_725' title='bbox 1448 5245 1768 5298; x_wconf 60' lang='lat' dir='ltr'><strong>oeconomiae</strong></span> <span class='ocrx_word' id='word_1_726' title='bbox 1817 5262 1836 5292; x_wconf 83' lang='grc'><strong>)</strong></span> 
     </span>
    </p>
   </div>
   <div class='ocr_carea' id='block_1_90' title="bbox 250 5313 1843 5383">
    <p class='ocr_par' dir='ltr' id='par_1_90' title="bbox 250 5313 1843 5383">
     <span class='ocr_line' id='line_1_90' title="bbox 250 5313 1843 5383; baseline 0 -17"><span class='ocrx_word' id='word_1_727' title='bbox 250 5314 482 5366; x_wconf 82' lang='lat' dir='ltr'><strong>nomine</strong></span> <span class='ocrx_word' id='word_1_728' title='bbox 536 5315 895 5379; x_wconf 70' lang='lat' dir='ltr'><strong>designatur,</strong></span> <span class='ocrx_word' id='word_1_729' title='bbox 947 5313 1004 5366; x_wconf 91' lang='lat' dir='ltr'><strong>in</strong></span> <span class='ocrx_word' id='word_1_730' title='bbox 1058 5313 1143 5366; x_wconf 88' lang='lat' dir='ltr'><strong>his</strong></span> <span class='ocrx_word' id='word_1_731' title='bbox 1192 5314 1383 5383; x_wconf 68' lang='lat' dir='ltr'><strong>verbis</strong></span> <span class='ocrx_word' id='word_1_732' title='bbox 1425 5331 1546 5383; x_wconf 63' lang='lat' dir='ltr'><strong>quae</strong></span> <span class='ocrx_word' id='word_1_733' title='bbox 1591 5315 1843 5382; x_wconf 81' lang='lat' dir='ltr'><strong>leguntur</strong></span> 
     </span>
    </p>
   </div>
   <div class='ocr_carea' id='block_1_91' title="bbox 249 5379 1841 5456">
    <p class='ocr_par' dir='ltr' id='par_1_91' title="bbox 249 5379 1841 5456">
     <span class='ocr_line' id='line_1_91' title="bbox 249 5379 1841 5456; baseline -0.002 -19"><span class='ocrx_word' id='word_1_734' title='bbox 249 5401 374 5452; x_wconf 84' lang='lat' dir='ltr'><strong>cap.</strong></span> <span class='ocrx_word' id='word_1_735' title='bbox 416 5385 452 5436; x_wconf 78' lang='grc'>5</span> <span class='ocrx_word' id='word_1_736' title='bbox 477 5402 499 5456; x_wconf 19' lang='lat' dir='ltr'><strong>:A</strong></span> <span class='ocrx_word' id='word_1_737' title='bbox 517 5383 612 5447; x_wconf 87' lang='grc' dir='ltr'>Τίς</span> <span class='ocrx_word' id='word_1_738' title='bbox 643 5385 749 5456; x_wconf 78' lang='grc' dir='ltr'><strong>γὰρ</strong></span> <span class='ocrx_word' id='word_1_739' title='bbox 778 5384 878 5436; x_wconf 78' lang='grc' dir='ltr'><strong>οὐκ</strong></span> <span class='ocrx_word' id='word_1_740' title='bbox 915 5383 1046 5456; x_wconf 62' lang='grc' dir='ltr'><strong>ἐρεῖΔ</strong></span> <span class='ocrx_word' id='word_1_741' title='bbox 1058 5383 1152 5456; x_wconf 76' lang='grc' dir='ltr'><strong>ἕνα</strong></span> <span class='ocrx_word' id='word_1_742' title='bbox 1179 5383 1310 5436; x_wconf 86' lang='grc' dir='ltr'>Θεὸν</span> <span class='ocrx_word' id='word_1_743' title='bbox 1332 5379 1501 5450; x_wconf 59' lang='lat' dir='ltr'><strong>sivit;</strong></span> <span class='ocrx_word' id='word_1_744' title='bbox 1531 5379 1723 5439; x_wconf 52' lang='grc' dir='ltr'>ἀλλ’-οὐ</span> <span class='ocrx_word' id='word_1_745' title='bbox 1746 5383 1841 5454; x_wconf 85' lang='grc' dir='ltr'>τὴν</span> 
     </span>
    </p>
   </div>
   <div class='ocr_carea' id='block_1_92' title="bbox 255 5452 1838 5526">
    <p class='ocr_par' dir='ltr' id='par_1_92' title="bbox 255 5452 1838 5526">
     <span class='ocr_line' id='line_1_92' title="bbox 255 5452 1838 5526; baseline 0 -20"><span class='ocrx_word' id='word_1_746' title='bbox 255 5454 568 5526; x_wconf 69' lang='grc' dir='ltr'>οἰκονομίαν</span> <span class='ocrx_word' id='word_1_747' title='bbox 601 5452 915 5526; x_wconf 76' lang='grc' dir='ltr'>ἀναιρήσει.</span> <span class='ocrx_word' id='word_1_748' title='bbox 949 5452 973 5503; x_wconf 28' lang='grc' dir='ltr'>ί(</span> <span class='ocrx_word' id='word_1_749' title='bbox 1014 5452 1147 5519; x_wconf 86' lang='lat' dir='ltr'><strong>Quis</strong></span> <span class='ocrx_word' id='word_1_750' title='bbox 1185 5456 1328 5508; x_wconf 88' lang='lat' dir='ltr'><strong>enim</strong></span> <span class='ocrx_word' id='word_1_751' title='bbox 1365 5472 1469 5509; x_wconf 89' lang='lat' dir='ltr'><strong>non</strong></span> <span class='ocrx_word' id='word_1_752' title='bbox 1500 5457 1641 5510; x_wconf 88' lang='lat' dir='ltr'><strong>dicet</strong></span> <span class='ocrx_word' id='word_1_753' title='bbox 1671 5452 1838 5509; x_wconf 83' lang='lat' dir='ltr'><strong>unum</strong></span> 
     </span>
    </p>
   </div>
   <div class='ocr_carea' id='block_1_93' title="bbox 241 5523 1841 5590">
    <p class='ocr_par' dir='ltr' id='par_1_93' title="bbox 241 5523 1841 5590">
     <span class='ocr_line' id='line_1_93' title="bbox 241 5523 1841 5590; baseline 0 -12"><span class='ocrx_word' id='word_1_754' title='bbox 241 5541 377 5578; x_wconf 75' lang='lat' dir='ltr'><strong>esse</strong></span> <span class='ocrx_word' id='word_1_755' title='bbox 412 5523 616 5578; x_wconf 87' lang='lat' dir='ltr'><strong>Deum?</strong></span> <span class='ocrx_word' id='word_1_756' title='bbox 660 5523 803 5578; x_wconf 80' lang='lat' dir='ltr'><strong>Non</strong></span> <span class='ocrx_word' id='word_1_757' title='bbox 827 5535 1008 5579; x_wconf 89' lang='lat' dir='ltr'><strong>tamen</strong></span> <span class='ocrx_word' id='word_1_758' title='bbox 1043 5527 1302 5578; x_wconf 90' lang='lat' dir='ltr'><strong>continuo</strong></span> <span class='ocrx_word' id='word_1_759' title='bbox 1337 5528 1697 5580; x_wconf 72' lang='lat' dir='ltr'><strong>oeconomiam</strong></span> <span class='ocrx_word' id='word_1_760' title='bbox 1726 5566 1740 5590; x_wconf 94' lang='lat'><strong>,</strong></span> <span class='ocrx_word' id='word_1_761' title='bbox 1789 5526 1841 5579; x_wconf 90' lang='lat' dir='ltr'><strong>id</strong></span> 
     </span>
    </p>
   </div>
   <div class='ocr_carea' id='block_1_94' title="bbox 249 5594 1839 5663">
    <p class='ocr_par' dir='ltr' id='par_1_94' title="bbox 249 5594 1839 5663">
     <span class='ocr_line' id='line_1_94' title="bbox 249 5594 1839 5663; baseline 0.001 -15"><span class='ocrx_word' id='word_1_762' title='bbox 249 5604 372 5660; x_wconf 85' lang='lat' dir='ltr'><strong>est,</strong></span> <span class='ocrx_word' id='word_1_763' title='bbox 407 5595 837 5649; x_wconf 86' lang='lat' dir='ltr'><strong>incarnationem</strong></span> <span class='ocrx_word' id='word_1_764' title='bbox 859 5635 873 5659; x_wconf 98' lang='lat'><strong>,</strong></span> <span class='ocrx_word' id='word_1_765' title='bbox 909 5595 1144 5663; x_wconf 84' lang='lat' dir='ltr'><strong>negabit.</strong></span> <span class='ocrx_word' id='word_1_766' title='bbox 1180 5615 1197 5646; x_wconf 68' lang='lat' dir='ltr'><strong>i</strong></span> <span class='ocrx_word' id='word_1_767' title='bbox 1234 5594 1349 5649; x_wconf 88' lang='lat' dir='ltr'><strong>Non</strong></span> <span class='ocrx_word' id='word_1_768' title='bbox 1379 5599 1839 5659; x_wconf 88' lang='lat' dir='ltr'><strong>incarnationem,</strong></span> 
     </span>
    </p>
   </div>
   <div class='ocr_carea' id='block_1_95' title="bbox 251 5665 1842 5735">
    <p class='ocr_par' dir='ltr' id='par_1_95' title="bbox 251 5665 1842 5735">
     <span class='ocr_line' id='line_1_95' title="bbox 251 5665 1842 5735; baseline 0.001 -17"><span class='ocrx_word' id='word_1_769' title='bbox 251 5665 352 5719; x_wconf 86' lang='lat' dir='ltr'><strong>sed</strong></span> <span class='ocrx_word' id='word_1_770' title='bbox 383 5680 670 5719; x_wconf 86' lang='lat' dir='ltr'><strong>numerum</strong></span> <span class='ocrx_word' id='word_1_771' title='bbox 700 5675 752 5720; x_wconf 87' lang='lat' dir='ltr'><strong>et</strong></span> <span class='ocrx_word' id='word_1_772' title='bbox 778 5665 1188 5735; x_wconf 85' lang='lat' dir='ltr'><strong>dispositionem</strong></span> <span class='ocrx_word' id='word_1_773' title='bbox 1220 5665 1500 5721; x_wconf 88' lang='lat' dir='ltr'><strong>Trinitatis</strong></span> <span class='ocrx_word' id='word_1_774' title='bbox 1531 5668 1842 5721; x_wconf 83' lang='lat' dir='ltr'><strong>considerat</strong></span> 
     </span>
    </p>
   </div>
   <div class='ocr_carea' id='block_1_96' title="bbox 253 5735 1837 5806">
    <p class='ocr_par' dir='ltr' id='par_1_96' title="bbox 253 5735 1837 5806">
     <span class='ocr_line' id='line_1_96' title="bbox 253 5735 1837 5806; baseline 0.004 -18"><span class='ocrx_word' id='word_1_775' title='bbox 253 5735 586 5806; x_wconf 76' lang='lat' dir='ltr'><strong>Hippolytus</strong></span> <span class='ocrx_word' id='word_1_776' title='bbox 613 5736 715 5790; x_wconf 89' lang='lat' dir='ltr'><strong>hoc</strong></span> <span class='ocrx_word' id='word_1_777' title='bbox 749 5738 801 5790; x_wconf 91' lang='lat' dir='ltr'><strong>in</strong></span> <span class='ocrx_word' id='word_1_778' title='bbox 835 5737 955 5791; x_wconf 88' lang='lat' dir='ltr'><strong>loco</strong></span> <span class='ocrx_word' id='word_1_779' title='bbox 977 5737 1100 5790; x_wconf 87' lang='lat' dir='ltr'><strong>etin</strong></span> <span class='ocrx_word' id='word_1_780' title='bbox 1127 5737 1372 5806; x_wconf 88' lang='lat' dir='ltr'><strong>pluribus</strong></span> <span class='ocrx_word' id='word_1_781' title='bbox 1395 5738 1534 5793; x_wconf 86' lang='lat' dir='ltr'><strong>aliis.</strong></span> <span class='ocrx_word' id='word_1_782' title='bbox 1557 5737 1837 5803; x_wconf 69' lang='lat' dir='ltr'><strong>MARANUS,</strong></span> 
     </span>
    </p>
   </div>
   <div class='ocr_carea' id='block_1_97' title="bbox 255 5808 694 5874">
    <p class='ocr_par' dir='ltr' id='par_1_97' title="bbox 255 5808 694 5874">
     <span class='ocr_line' id='line_1_97' title="bbox 255 5808 694 5874; baseline 0 -14"><span class='ocrx_word' id='word_1_783' title='bbox 255 5808 291 5860; x_wconf 72' lang='grc' dir='ltr'>Ι.</span> <span class='ocrx_word' id='word_1_784' title='bbox 331 5823 380 5859; x_wconf 69' lang='grc' dir='ltr'><strong>ε.</strong></span> <span class='ocrx_word' id='word_1_785' title='bbox 416 5821 536 5874; x_wconf 65' lang='lat' dir='ltr'><strong>pag.</strong></span> <span class='ocrx_word' id='word_1_786' title='bbox 569 5808 694 5860; x_wconf 46' lang='lat'><strong>4-37.</strong></span> 
     </span>
    </p>
   </div>
   <div class='ocr_carea' id='block_1_98' title="bbox 329 5877 1839 5950">
    <p class='ocr_par' dir='ltr' id='par_1_98' title="bbox 329 5877 1839 5950">
     <span class='ocr_line' id='line_1_98' title="bbox 329 5877 1839 5950; baseline 0.003 -20"><span class='ocrx_word' id='word_1_787' title='bbox 329 5878 406 5947; x_wconf 80' lang='lat' dir='ltr'><strong>(l)</strong></span> <span class='ocrx_word' id='word_1_788' title='bbox 449 5880 724 5932; x_wconf 69' lang='grc' dir='ltr'>Κελεύωγ</span> <span class='ocrx_word' id='word_1_789' title='bbox 778 5881 1043 5950; x_wconf 73' lang='grc' dir='ltr'>Πατὴρ...</span> <span class='ocrx_word' id='word_1_790' title='bbox 1112 5880 1434 5936; x_wconf 73' lang='grc' dir='ltr'>ὑπακούων</span> <span class='ocrx_word' id='word_1_791' title='bbox 1498 5880 1649 5948; x_wconf 75' lang='grc' dir='ltr'>Υἱός.</span> <span class='ocrx_word' id='word_1_792' title='bbox 1725 5877 1839 5937; x_wconf 84' lang='lat' dir='ltr'><strong>Hoc</strong></span> 
     </span>
    </p>
   </div>
   <div class='ocr_carea' id='block_1_99' title="bbox 1877 4544 1926 4602">
    <p class='ocr_par' dir='ltr' id='par_1_99' title="bbox 1877 4544 1926 4602">
     <span class='ocr_line' id='line_1_99' title="bbox 1877 4544 1926 4602; baseline 0 0"><span class='ocrx_word' id='word_1_793' title='bbox 1877 4544 1926 4602; x_wconf 89' lang='lat' dir='ltr'><strong>D</strong></span> 
     </span>
    </p>
   </div>
   <div class='ocr_carea' id='block_1_100' title="bbox 1943 3268 3538 3340">
    <p class='ocr_par' dir='ltr' id='par_1_100' title="bbox 1943 3268 3538 3340">
     <span class='ocr_line' id='line_1_100' title="bbox 1943 3268 3538 3340; baseline -0.003 -15"><span class='ocrx_word' id='word_1_794' title='bbox 1943 3272 2047 3327; x_wconf 87' lang='lat' dir='ltr'><strong>Per</strong></span> <span class='ocrx_word' id='word_1_795' title='bbox 2075 3275 2214 3327; x_wconf 90' lang='lat' dir='ltr'><strong>hanc</strong></span> <span class='ocrx_word' id='word_1_796' title='bbox 2244 3272 2388 3326; x_wconf 86' lang='lat' dir='ltr'><strong>enim</strong></span> <span class='ocrx_word' id='word_1_797' title='bbox 2417 3271 2734 3324; x_wconf 87' lang='lat' dir='ltr'><strong>Trinitatem</strong></span> <span class='ocrx_word' id='word_1_798' title='bbox 2784 3269 2941 3326; x_wconf 89' lang='lat' dir='ltr'><strong>Pater</strong></span> <span class='ocrx_word' id='word_1_799' title='bbox 2987 3269 3340 3340; x_wconf 77' lang='lat' dir='ltr'><strong>gloriﬁcatur.</strong></span> <span class='ocrx_word' id='word_1_800' title='bbox 3378 3268 3538 3323; x_wconf 84' lang='lat' dir='ltr'><strong>Pater</strong></span> 
     </span>
    </p>
   </div>
   <div class='ocr_carea' id='block_1_101' title="bbox 1945 3361 3538 3432">
    <p class='ocr_par' dir='ltr' id='par_1_101' title="bbox 1945 3361 3538 3432">
     <span class='ocr_line' id='line_1_101' title="bbox 1945 3361 3538 3432; baseline -0.003 -11"><span class='ocrx_word' id='word_1_801' title='bbox 1945 3369 2089 3422; x_wconf 90' lang='lat' dir='ltr'><strong>enim</strong></span> <span class='ocrx_word' id='word_1_802' title='bbox 2123 3367 2325 3431; x_wconf 88' lang='lat' dir='ltr'><strong>voluit,</strong></span> <span class='ocrx_word' id='word_1_803' title='bbox 2368 3366 2537 3421; x_wconf 87' lang='lat' dir='ltr'><strong>Filius</strong></span> <span class='ocrx_word' id='word_1_804' title='bbox 2570 3365 2719 3426; x_wconf 77' lang='lat' dir='ltr'><strong>fecit,</strong></span> <span class='ocrx_word' id='word_1_805' title='bbox 2768 3363 3004 3432; x_wconf 86' lang='lat' dir='ltr'><strong>Spiritus</strong></span> <span class='ocrx_word' id='word_1_806' title='bbox 3044 3374 3269 3420; x_wconf 85' lang='lat' dir='ltr'><strong>sanctus</strong></span> <span class='ocrx_word' id='word_1_807' title='bbox 3307 3361 3538 3420; x_wconf 76' lang='lat' dir='ltr'><strong>manife-</strong></span> 
     </span>
    </p>
   </div>
   <div class='ocr_carea' id='block_1_102' title="bbox 1947 3454 3537 3532">
    <p class='ocr_par' dir='ltr' id='par_1_102' title="bbox 1947 3454 3537 3532">
     <span class='ocr_line' id='line_1_102' title="bbox 1947 3454 3537 3532; baseline -0.003 -19"><span class='ocrx_word' id='word_1_808' title='bbox 1947 3470 2089 3513; x_wconf 89' lang='lat' dir='ltr'><strong>stum</strong></span> <span class='ocrx_word' id='word_1_809' title='bbox 2108 3458 2253 3513; x_wconf 84' lang='lat' dir='ltr'><strong>fecit.</strong></span> <span class='ocrx_word' id='word_1_810' title='bbox 2278 3457 2478 3513; x_wconf 89' lang='lat' dir='ltr'><strong>Omnes</strong></span> <span class='ocrx_word' id='word_1_811' title='bbox 2505 3459 2667 3528; x_wconf 81' lang='lat' dir='ltr'><strong>igitur</strong></span> <span class='ocrx_word' id='word_1_812' title='bbox 2685 3457 2977 3526; x_wconf 80' lang='lat' dir='ltr'><strong>Scriptura:</strong></span> <span class='ocrx_word' id='word_1_813' title='bbox 3001 3456 3068 3512; x_wconf 90' lang='lat' dir='ltr'><strong>de</strong></span> <span class='ocrx_word' id='word_1_814' title='bbox 3096 3457 3198 3512; x_wconf 90' lang='lat' dir='ltr'><strong>hoc</strong></span> <span class='ocrx_word' id='word_1_815' title='bbox 3220 3454 3537 3532; x_wconf 54' lang='lat' dir='ltr'><strong>praedicant.</strong></span> 
     </span>
    </p>
   </div>
   <div class='ocr_carea' id='block_1_103' title="bbox 2018 3547 3538 3619">
    <p class='ocr_par' dir='ltr' id='par_1_103' title="bbox 2018 3547 3538 3619">
     <span class='ocr_line' id='line_1_103' title="bbox 2018 3547 3538 3619; baseline -0.003 -15"><span class='ocrx_word' id='word_1_816' title='bbox 2018 3550 2135 3604; x_wconf 69' lang='lat' dir='ltr'><strong>XV.</strong></span> <span class='ocrx_word' id='word_1_817' title='bbox 2181 3549 2286 3604; x_wconf 89' lang='lat' dir='ltr'><strong>Sed</strong></span> <span class='ocrx_word' id='word_1_818' title='bbox 2335 3551 2478 3605; x_wconf 87' lang='lat' dir='ltr'><strong>dicet</strong></span> <span class='ocrx_word' id='word_1_819' title='bbox 2523 3551 2653 3604; x_wconf 88' lang='lat' dir='ltr'><strong>mihi</strong></span> <span class='ocrx_word' id='word_1_820' title='bbox 2705 3549 2942 3619; x_wconf 88' lang='lat' dir='ltr'><strong>aliquis:</strong></span> <span class='ocrx_word' id='word_1_821' title='bbox 2978 3547 3113 3602; x_wconf 80' lang='lat' dir='ltr'><strong>Rem</strong></span> <span class='ocrx_word' id='word_1_822' title='bbox 3161 3563 3358 3601; x_wconf 80' lang='lat' dir='ltr'><strong>novam</strong></span> <span class='ocrx_word' id='word_1_823' title='bbox 3402 3547 3538 3602; x_wconf 89' lang='lat' dir='ltr'><strong>mihi</strong></span> 
     </span>
    </p>
   </div>
   <div class='ocr_carea' id='block_1_104' title="bbox 1950 3638 3534 3711">
    <p class='ocr_par' dir='ltr' id='par_1_104' title="bbox 1950 3638 3534 3711">
     <span class='ocr_line' id='line_1_104' title="bbox 1950 3638 3534 3711; baseline -0.004 -13"><span class='ocrx_word' id='word_1_824' title='bbox 1950 3643 2131 3706; x_wconf 60' lang='lat' dir='ltr'><strong>aﬂ’ers,</strong></span> <span class='ocrx_word' id='word_1_825' title='bbox 2165 3658 2288 3696; x_wconf 90' lang='lat' dir='ltr'><strong>cum</strong></span> <span class='ocrx_word' id='word_1_826' title='bbox 2315 3640 2554 3696; x_wconf 86' lang='lat' dir='ltr'><strong>Verbum</strong></span> <span class='ocrx_word' id='word_1_827' title='bbox 2595 3643 2835 3711; x_wconf 86' lang='lat' dir='ltr'><strong>appellas</strong></span> <span class='ocrx_word' id='word_1_828' title='bbox 2867 3641 3086 3694; x_wconf 83' lang='lat' dir='ltr'><strong>Filium.</strong></span> <span class='ocrx_word' id='word_1_829' title='bbox 3117 3638 3534 3694; x_wconf 64' lang='lat' dir='ltr'><strong>Joannescnim</strong></span> 
     </span>
    </p>
   </div>
   <div class='ocr_carea' id='block_1_105' title="bbox 1367 3783 1983 3850">
    <p class='ocr_par' dir='ltr' id='par_1_105' title="bbox 1367 3783 1983 3850">
     <span class='ocr_line' id='line_1_105' title="bbox 1367 3783 1983 3850; baseline -0.005 -12"><span class='ocrx_word' id='word_1_830' title='bbox 1367 3787 1408 3816; x_wconf 88' lang='grc'>⁷¹</span> <span class='ocrx_word' id='word_1_831' title='bbox 1437 3785 1627 3840; x_wconf 79' lang='lat' dir='ltr'><strong>Matth.</strong></span> <span class='ocrx_word' id='word_1_832' title='bbox 1673 3801 1864 3850; x_wconf 77' lang='lat' dir='ltr'><strong>xxvm,</strong></span> <span class='ocrx_word' id='word_1_833' title='bbox 1898 3783 1983 3837; x_wconf 77' lang='grc'><strong>19.</strong></span> 
     </span>
    </p>
   </div>
   <div class='ocr_carea' id='block_1_106' title="bbox 1954 3896 3537 3971">
    <p class='ocr_par' dir='ltr' id='par_1_106' title="bbox 1954 3896 3537 3971">
     <span class='ocr_line' id='line_1_106' title="bbox 1954 3896 3537 3971; baseline -0.001 -17"><span class='ocrx_word' id='word_1_834' title='bbox 1954 3923 1972 3954; x_wconf 74' lang='grc' dir='ltr'><strong>ι</strong></span> <span class='ocrx_word' id='word_1_835' title='bbox 2009 3902 2303 3958; x_wconf 88' lang='lat' dir='ltr'><strong>mandandi</strong></span> <span class='ocrx_word' id='word_1_836' title='bbox 2339 3911 2393 3956; x_wconf 90' lang='lat' dir='ltr'><strong>et</strong></span> <span class='ocrx_word' id='word_1_837' title='bbox 2426 3900 2772 3971; x_wconf 73' lang='lat' dir='ltr'><strong>praecipiendi</strong></span> <span class='ocrx_word' id='word_1_838' title='bbox 2819 3921 2837 3952; x_wconf 76' lang='grc' dir='ltr'><strong>ι</strong></span> <span class='ocrx_word' id='word_1_839' title='bbox 2870 3897 3235 3971; x_wconf 82' lang='lat' dir='ltr'><strong>vocabulode</strong></span> <span class='ocrx_word' id='word_1_840' title='bbox 3272 3896 3448 3971; x_wconf 78' lang='lat' dir='ltr'><strong>Patre,</strong></span> <span class='ocrx_word' id='word_1_841' title='bbox 3483 3905 3537 3952; x_wconf 80' lang='lat' dir='ltr'><strong>et</strong></span> 
     </span>
    </p>
   </div>
   <div class='ocr_carea' id='block_1_107' title="bbox 1953 3968 3540 4033">
    <p class='ocr_par' dir='ltr' id='par_1_107' title="bbox 1953 3968 3540 4033">
     <span class='ocr_line' id='line_1_107' title="bbox 1953 3968 3540 4033; baseline -0.001 -8"><span class='ocrx_word' id='word_1_842' title='bbox 1953 3993 1972 4025; x_wconf 83' lang='grc'><em>‹</em></span> <span class='ocrx_word' id='word_1_843' title='bbox 2011 3973 2297 4028; x_wconf 90' lang='lat' dir='ltr'><strong>obediendi</strong></span> <span class='ocrx_word' id='word_1_844' title='bbox 2333 3992 2352 4024; x_wconf 85' lang='grc'><strong>›</strong></span> <span class='ocrx_word' id='word_1_845' title='bbox 2388 3968 2455 4026; x_wconf 82' lang='lat' dir='ltr'><strong>de</strong></span> <span class='ocrx_word' id='word_1_846' title='bbox 2481 3968 2638 4033; x_wconf 78' lang='lat' dir='ltr'><strong>Filio,</strong></span> <span class='ocrx_word' id='word_1_847' title='bbox 2673 3972 2790 4026; x_wconf 89' lang='lat' dir='ltr'><strong>sine</strong></span> <span class='ocrx_word' id='word_1_848' title='bbox 2825 3972 2934 4025; x_wconf 73' lang='lat' dir='ltr'><strong>ulla</strong></span> <span class='ocrx_word' id='word_1_849' title='bbox 2965 3969 3264 4024; x_wconf 81' lang='lat' dir='ltr'><strong>oﬂensionc</strong></span> <span class='ocrx_word' id='word_1_850' title='bbox 3297 3968 3377 4022; x_wconf 88' lang='lat' dir='ltr'><strong>usi</strong></span> <span class='ocrx_word' id='word_1_851' title='bbox 3411 3980 3540 4023; x_wconf 90' lang='lat' dir='ltr'><strong>sunt</strong></span> 
     </span>
    </p>
   </div>
   <div class='ocr_carea' id='block_1_108' title="bbox 1949 4036 3535 4107">
    <p class='ocr_par' dir='ltr' id='par_1_108' title="bbox 1949 4036 3535 4107">
     <span class='ocr_line' id='line_1_108' title="bbox 1949 4036 3535 4107; baseline -0.003 -10"><span class='ocrx_word' id='word_1_852' title='bbox 1949 4060 2057 4098; x_wconf 85' lang='lat' dir='ltr'><strong>non</strong></span> <span class='ocrx_word' id='word_1_853' title='bbox 2108 4044 2272 4098; x_wconf 90' lang='lat' dir='ltr'><strong>modo</strong></span> <span class='ocrx_word' id='word_1_854' title='bbox 2306 4050 2433 4097; x_wconf 87' lang='lat' dir='ltr'><strong>ante</strong></span> <span class='ocrx_word' id='word_1_855' title='bbox 2478 4043 2769 4096; x_wconf 86' lang='lat' dir='ltr'><strong>concilium</strong></span> <span class='ocrx_word' id='word_1_856' title='bbox 2818 4040 3094 4096; x_wconf 81' lang='lat' dir='ltr'><strong>Nica3nutn</strong></span> <span class='ocrx_word' id='word_1_857' title='bbox 3152 4039 3210 4092; x_wconf 88' lang='lat' dir='ltr'><strong>S.</strong></span> <span class='ocrx_word' id='word_1_858' title='bbox 3255 4036 3535 4107; x_wconf 70' lang='lat' dir='ltr'><strong>lrenteus,</strong></span> 
     </span>
    </p>
   </div>
   <div class='ocr_carea' id='block_1_109' title="bbox 1953 4107 3538 4196">
    <p class='ocr_par' dir='ltr' id='par_1_109' title="bbox 1953 4107 3538 4196">
     <span class='ocr_line' id='line_1_109' title="bbox 1953 4107 3538 4196; baseline -0.003 -28"><span class='ocrx_word' id='word_1_859' title='bbox 1953 4113 2552 4196; x_wconf 48' lang='lat' dir='ltr'><strong>ilippolytusnnoster,</strong></span> <span class='ocrx_word' id='word_1_860' title='bbox 2591 4107 2858 4196; x_wconf 75' lang='lat' dir='ltr'><strong>Origenes</strong></span> <span class='ocrx_word' id='word_1_861' title='bbox 2903 4122 2957 4196; x_wconf 75' lang='lat' dir='ltr'><strong>et</strong></span> <span class='ocrx_word' id='word_1_862' title='bbox 3007 4112 3096 4196; x_wconf 80' lang='lat' dir='ltr'><strong>alii</strong></span> <span class='ocrx_word' id='word_1_863' title='bbox 3120 4129 3147 4196; x_wconf 74' lang='grc' dir='ltr'><strong>εΔ</strong></span> <span class='ocrx_word' id='word_1_864' title='bbox 3185 4109 3277 4189; x_wconf 76' lang='lat' dir='ltr'><strong>sed</strong></span> <span class='ocrx_word' id='word_1_865' title='bbox 3311 4118 3375 4196; x_wconf 52' lang='lat' dir='ltr'><strong>et.</strong></span> <span class='ocrx_word' id='word_1_866' title='bbox 3414 4121 3538 4177; x_wconf 85' lang='lat' dir='ltr'><strong>post</strong></span> 
     </span>
    </p>
   </div>
   <div class='ocr_carea' id='block_1_110' title="bbox 1950 4179 3537 4249">
    <p class='ocr_par' dir='ltr' id='par_1_110' title="bbox 1950 4179 3537 4249">
     <span class='ocr_line' id='line_1_110' title="bbox 1950 4179 3537 4249; baseline -0.003 -11"><span class='ocrx_word' id='word_1_867' title='bbox 1950 4179 2082 4238; x_wconf 82' lang='lat' dir='ltr'><strong>illtid</strong></span> <span class='ocrx_word' id='word_1_868' title='bbox 2114 4179 2443 4249; x_wconf 81' lang='lat' dir='ltr'><strong>concilium,</strong></span> <span class='ocrx_word' id='word_1_869' title='bbox 2490 4179 2785 4236; x_wconf 75' lang='lat' dir='ltr'><strong>adversarii</strong></span> <span class='ocrx_word' id='word_1_870' title='bbox 2813 4193 2868 4236; x_wconf 91' lang='lat' dir='ltr'><strong>et</strong></span> <span class='ocrx_word' id='word_1_871' title='bbox 2908 4183 3095 4236; x_wconf 82' lang='lat' dir='ltr'><strong>hostes</strong></span> <span class='ocrx_word' id='word_1_872' title='bbox 3121 4179 3537 4249; x_wconf 22' lang='lat' dir='ltr'><strong>Arianaeihaire~</strong></span> 
     </span>
    </p>
   </div>
   <div class='ocr_carea' id='block_1_111' title="bbox 1951 4248 3536 4318">
    <p class='ocr_par' dir='ltr' id='par_1_111' title="bbox 1951 4248 3536 4318">
     <span class='ocr_line' id='line_1_111' title="bbox 1951 4248 3536 4318; baseline -0.003 -9"><span class='ocrx_word' id='word_1_873' title='bbox 1951 4270 2074 4310; x_wconf 89' lang='lat' dir='ltr'><strong>scos</strong></span> <span class='ocrx_word' id='word_1_874' title='bbox 2106 4254 2390 4318; x_wconf 89' lang='lat' dir='ltr'><strong>acerrimi,</strong></span> <span class='ocrx_word' id='word_1_875' title='bbox 2420 4248 2782 4317; x_wconf 83' lang='lat' dir='ltr'><strong>Athanasius,</strong></span> <span class='ocrx_word' id='word_1_876' title='bbox 2818 4253 3088 4311; x_wconf 85' lang='lat' dir='ltr'><strong>Basilius.</strong></span> <span class='ocrx_word' id='word_1_877' title='bbox 3117 4249 3324 4303; x_wconf 77' lang='lat' dir='ltr'><strong>Marius</strong></span> <span class='ocrx_word' id='word_1_878' title='bbox 3349 4248 3536 4304; x_wconf 83' lang='lat' dir='ltr'><strong>Victo-</strong></span> 
     </span>
    </p>
   </div>
   <div class='ocr_carea' id='block_1_112' title="bbox 1951 4320 3536 4392">
    <p class='ocr_par' dir='ltr' id='par_1_112' title="bbox 1951 4320 3536 4392">
     <span class='ocr_line' id='line_1_112' title="bbox 1951 4320 3536 4392; baseline -0.001 -15"><span class='ocrx_word' id='word_1_879' title='bbox 1951 4326 2137 4388; x_wconf 88' lang='lat' dir='ltr'><strong>rinus,</strong></span> <span class='ocrx_word' id='word_1_880' title='bbox 2172 4324 2444 4387; x_wconf 87' lang='lat' dir='ltr'><strong>llilarius,</strong></span> <span class='ocrx_word' id='word_1_881' title='bbox 2483 4323 2745 4392; x_wconf 84' lang='lat' dir='ltr'><strong>Prosper,</strong></span> <span class='ocrx_word' id='word_1_882' title='bbox 2774 4335 2880 4379; x_wconf 91' lang='lat' dir='ltr'><strong>etc.</strong></span> <span class='ocrx_word' id='word_1_883' title='bbox 2919 4321 3051 4376; x_wconf 87' lang='lat' dir='ltr'><strong>Vide</strong></span> <span class='ocrx_word' id='word_1_884' title='bbox 3083 4321 3361 4392; x_wconf 85' lang='lat' dir='ltr'><strong>Petavium</strong></span> <span class='ocrx_word' id='word_1_885' title='bbox 3393 4320 3536 4392; x_wconf 13' lang='lat' dir='ltr'><strong>lib.rt</strong></span> 
     </span>
    </p>
   </div>
   <div class='ocr_carea' id='block_1_113' title="bbox 1953 4391 3533 4463">
    <p class='ocr_par' dir='ltr' id='par_1_113' title="bbox 1953 4391 3533 4463">
     <span class='ocr_line' id='line_1_113' title="bbox 1953 4391 3533 4463; baseline -0.001 -16"><span class='ocrx_word' id='word_1_886' title='bbox 1953 4395 2030 4447; x_wconf 85' lang='lat' dir='ltr'><strong>De</strong></span> <span class='ocrx_word' id='word_1_887' title='bbox 2069 4394 2261 4448; x_wconf 81' lang='lat' dir='ltr'><strong>Triuit.</strong></span> <span class='ocrx_word' id='word_1_888' title='bbox 2286 4437 2300 4462; x_wconf 93' lang='lat'><strong>,</strong></span> <span class='ocrx_word' id='word_1_889' title='bbox 2334 4411 2454 4463; x_wconf 91' lang='lat' dir='ltr'><strong>cap.</strong></span> <span class='ocrx_word' id='word_1_890' title='bbox 2491 4394 2552 4459; x_wconf 85' lang='lat'><strong>7,</strong></span> <span class='ocrx_word' id='word_1_891' title='bbox 2587 4391 2677 4463; x_wconf 56' lang='grc' dir='ltr'><strong>θ’]</strong></span> <span class='ocrx_word' id='word_1_892' title='bbox 2701 4437 2715 4458; x_wconf 86' lang='grc'><strong>,</strong></span> <span class='ocrx_word' id='word_1_893' title='bbox 2750 4405 2802 4449; x_wconf 92' lang='lat' dir='ltr'><strong>et</strong></span> <span class='ocrx_word' id='word_1_894' title='bbox 2833 4393 3045 4447; x_wconf 87' lang='lat' dir='ltr'><strong>Bullum</strong></span> <span class='ocrx_word' id='word_1_895' title='bbox 3093 4395 3146 4446; x_wconf 91' lang='lat' dir='ltr'><strong>in</strong></span> <span class='ocrx_word' id='word_1_896' title='bbox 3192 4391 3402 4461; x_wconf 78' lang='lat' dir='ltr'><strong>Defens.</strong></span> <span class='ocrx_word' id='word_1_897' title='bbox 3436 4391 3533 4460; x_wconf 71' lang='grc' dir='ltr'>βά.</span> 
     </span>
    </p>
   </div>
   <div class='ocr_carea' id='block_1_114' title="bbox 1959 4463 3176 4536">
    <p class='ocr_par' dir='ltr' id='par_1_114' title="bbox 1959 4463 3176 4536">
     <span class='ocr_line' id='line_1_114' title="bbox 1959 4463 3176 4536; baseline -0.002 -18"><span class='ocrx_word' id='word_1_898' title='bbox 1959 4465 2102 4532; x_wconf 63' lang='lat' dir='ltr'><strong>Nm,</strong></span> <span class='ocrx_word' id='word_1_899' title='bbox 2137 4483 2292 4536; x_wconf 71' lang='lat' dir='ltr'><strong>pagg.</strong></span> <span class='ocrx_word' id='word_1_900' title='bbox 2326 4465 2446 4528; x_wconf 75' lang='lat'><strong>158,</strong></span> <span class='ocrx_word' id='word_1_901' title='bbox 2477 4465 2602 4536; x_wconf 75' lang='grc'>164,</span> <span class='ocrx_word' id='word_1_902' title='bbox 2641 4466 2762 4526; x_wconf 67' lang='grc'>167,</span> <span class='ocrx_word' id='word_1_903' title='bbox 2795 4465 2916 4520; x_wconf 77' lang='grc'><strong>170.</strong></span> <span class='ocrx_word' id='word_1_904' title='bbox 2958 4463 3176 4536; x_wconf 67' lang='lat' dir='ltr'><strong>Fannio.</strong></span> 
     </span>
    </p>
   </div>
   <div class='ocr_carea' id='block_1_115' title="bbox 2022 4532 3538 4604">
    <p class='ocr_par' dir='ltr' id='par_1_115' title="bbox 2022 4532 3538 4604">
     <span class='ocr_line' id='line_1_115' title="bbox 2022 4532 3538 4604; baseline 0.001 -16"><span class='ocrx_word' id='word_1_905' title='bbox 2022 4537 2098 4604; x_wconf 77' lang='grc'><strong>(2)</strong></span> <span class='ocrx_word' id='word_1_906' title='bbox 2137 4532 2344 4604; x_wconf 68' lang='grc' dir='ltr'><strong>Ῑιᾱιῖὴρ</strong></span> <span class='ocrx_word' id='word_1_907' title='bbox 2370 4536 2466 4589; x_wconf 80' lang='grc' dir='ltr'><strong>ἐπὶ</strong></span> <span class='ocrx_word' id='word_1_908' title='bbox 2508 4534 2769 4589; x_wconf 78' lang='grc' dir='ltr'>πάντων.</span> <span class='ocrx_word' id='word_1_909' title='bbox 2802 4536 2940 4591; x_wconf 84' lang='lat' dir='ltr'><strong>Cum</strong></span> <span class='ocrx_word' id='word_1_910' title='bbox 2966 4535 3170 4588; x_wconf 82' lang='lat' dir='ltr'><strong>Paulus</strong></span> <span class='ocrx_word' id='word_1_911' title='bbox 3209 4534 3286 4586; x_wconf 88' lang='lat' dir='ltr'><strong>ait</strong></span> <span class='ocrx_word' id='word_1_912' title='bbox 3324 4535 3390 4588; x_wconf 91' lang='lat' dir='ltr'><strong>de</strong></span> <span class='ocrx_word' id='word_1_913' title='bbox 3425 4532 3538 4590; x_wconf 86' lang='lat' dir='ltr'><strong>Deo</strong></span> 
     </span>
    </p>
   </div>
   <div class='ocr_carea' id='block_1_116' title="bbox 1949 4555 3533 4676">
    <p class='ocr_par' dir='ltr' id='par_1_116' title="bbox 1949 4555 3533 4676">
     <span class='ocr_line' id='line_1_116' title="bbox 2022 4555 3533 4604; baseline 0.001 -16"><span class='ocrx_word' id='word_1_914' title='bbox 2022 4555 2098 4604; x_wconf 69' lang='grc' dir='ltr'><strong>(Ζ)</strong></span> <span class='ocrx_word' id='word_1_915' title='bbox 2138 4555 2262 4589; x_wconf 83' lang='grc' dir='ltr'>ιιατ</span> <span class='ocrx_word' id='word_1_916' title='bbox 2370 4555 2466 4589; x_wconf 82' lang='grc' dir='ltr'><strong>επι</strong></span> <span class='ocrx_word' id='word_1_917' title='bbox 2508 4555 2769 4589; x_wconf 78' lang='grc' dir='ltr'>παντων.</span> <span class='ocrx_word' id='word_1_918' title='bbox 2802 4555 2940 4591; x_wconf 63' lang='lat' dir='ltr'><strong>hum</strong></span> <span class='ocrx_word' id='word_1_919' title='bbox 2966 4555 3170 4588; x_wconf 83' lang='lat' dir='ltr'><strong>rautus</strong></span> <span class='ocrx_word' id='word_1_920' title='bbox 3209 4555 3286 4586; x_wconf 80' lang='lat' dir='ltr'><strong>ait</strong></span> <span class='ocrx_word' id='word_1_921' title='bbox 3324 4555 3390 4588; x_wconf 88' lang='lat' dir='ltr'><strong>ue</strong></span> <span class='ocrx_word' id='word_1_922' title='bbox 3425 4555 3533 4590; x_wconf 83' lang='lat' dir='ltr'><strong>ucu</strong></span> 
     </span>
     <span class='ocr_line' id='line_1_117' title="bbox 1949 4555 3533 4676; baseline 0.001 -18"><span class='ocrx_word' id='word_1_923' title='bbox 1949 4605 2149 4675; x_wconf 87' lang='lat' dir='ltr'><strong>Ephes.</strong></span> <span class='ocrx_word' id='word_1_924' title='bbox 2183 4555 2355 4674; x_wconf 36' lang='lat' dir='ltr'><strong>larga:</strong></span> <span class='ocrx_word' id='word_1_925' title='bbox 2395 4625 2413 4656; x_wconf 77' lang='grc' dir='ltr'><strong>ι</strong></span> <span class='ocrx_word' id='word_1_926' title='bbox 2453 4605 2555 4671; x_wconf 86' lang='lat' dir='ltr'><strong>Qui</strong></span> <span class='ocrx_word' id='word_1_927' title='bbox 2583 4615 2670 4676; x_wconf 75' lang='lat' dir='ltr'><strong>est</strong></span> <span class='ocrx_word' id='word_1_928' title='bbox 2691 4621 2854 4676; x_wconf 90' lang='lat' dir='ltr'><strong>super</strong></span> <span class='ocrx_word' id='word_1_929' title='bbox 2879 4607 3061 4661; x_wconf 90' lang='lat' dir='ltr'><strong>omnia</strong></span> <span class='ocrx_word' id='word_1_930' title='bbox 3081 4644 3095 4668; x_wconf 96' lang='lat'><strong>,</strong></span> <span class='ocrx_word' id='word_1_931' title='bbox 3123 4613 3176 4657; x_wconf 90' lang='lat' dir='ltr'><strong>et</strong></span> <span class='ocrx_word' id='word_1_932' title='bbox 3200 4619 3295 4672; x_wconf 85' lang='lat' dir='ltr'><strong>per</strong></span> <span class='ocrx_word' id='word_1_933' title='bbox 3325 4605 3533 4676; x_wconf 81' lang='lat' dir='ltr'><strong>omnia,</strong></span> 
     </span>
    </p>
   </div>
   <div class='ocr_carea' id='block_1_117' title="bbox 1948 4675 3536 4744">
    <p class='ocr_par' dir='ltr' id='par_1_117' title="bbox 1948 4675 3536 4744">
     <span class='ocr_line' id='line_1_118' title="bbox 1948 4675 3536 4744; baseline 0 -14"><span class='ocrx_word' id='word_1_934' title='bbox 1948 4687 2000 4730; x_wconf 91' lang='lat' dir='ltr'><strong>et</strong></span> <span class='ocrx_word' id='word_1_935' title='bbox 2039 4677 2092 4729; x_wconf 91' lang='lat' dir='ltr'><strong>in</strong></span> <span class='ocrx_word' id='word_1_936' title='bbox 2125 4680 2404 4742; x_wconf 91' lang='lat' dir='ltr'><strong>omnibus,</strong></span> <span class='ocrx_word' id='word_1_937' title='bbox 2457 4695 2475 4727; x_wconf 70' lang='grc' dir='ltr'><strong>ι</strong></span> <span class='ocrx_word' id='word_1_938' title='bbox 2515 4686 2624 4730; x_wconf 91' lang='lat' dir='ltr'><strong>tres</strong></span> <span class='ocrx_word' id='word_1_939' title='bbox 2650 4675 2918 4732; x_wconf 75' lang='lat' dir='ltr'><strong>PerSonas</strong></span> <span class='ocrx_word' id='word_1_940' title='bbox 2946 4676 3222 4744; x_wconf 85' lang='lat' dir='ltr'><strong>designat,</strong></span> <span class='ocrx_word' id='word_1_941' title='bbox 3261 4684 3315 4728; x_wconf 86' lang='lat' dir='ltr'><strong>et</strong></span> <span class='ocrx_word' id='word_1_942' title='bbox 3355 4675 3536 4730; x_wconf 78' lang='lat' dir='ltr'><strong>unita-</strong></span> 
     </span>
    </p>
   </div>
   <div class='ocr_carea' id='block_1_118' title="bbox 1948 4744 3535 4815">
    <p class='ocr_par' dir='ltr' id='par_1_118' title="bbox 1948 4744 3535 4815">
     <span class='ocr_line' id='line_1_119' title="bbox 1948 4744 3535 4815; baseline -0.001 -14"><span class='ocrx_word' id='word_1_943' title='bbox 1948 4757 2054 4801; x_wconf 88' lang='lat' dir='ltr'><strong>tetu</strong></span> <span class='ocrx_word' id='word_1_944' title='bbox 2089 4746 2183 4800; x_wconf 91' lang='lat' dir='ltr'><strong>Dei</strong></span> <span class='ocrx_word' id='word_1_945' title='bbox 2219 4750 2272 4802; x_wconf 92' lang='lat' dir='ltr'><strong>in</strong></span> <span class='ocrx_word' id='word_1_946' title='bbox 2304 4748 2444 4802; x_wconf 91' lang='lat' dir='ltr'><strong>illis:</strong></span> <span class='ocrx_word' id='word_1_947' title='bbox 2486 4747 2614 4815; x_wconf 90' lang='lat' dir='ltr'><strong>quia</strong></span> <span class='ocrx_word' id='word_1_948' title='bbox 2646 4747 2806 4801; x_wconf 87' lang='lat' dir='ltr'><strong>unius</strong></span> <span class='ocrx_word' id='word_1_949' title='bbox 2835 4747 3185 4814; x_wconf 83' lang='lat' dir='ltr'><strong>ejusdemque</strong></span> <span class='ocrx_word' id='word_1_950' title='bbox 3215 4744 3432 4798; x_wconf 78' lang='lat' dir='ltr'><strong>virtutis</strong></span> <span class='ocrx_word' id='word_1_951' title='bbox 3470 4761 3535 4800; x_wconf 87' lang='lat' dir='ltr'><strong>ac</strong></span> 
     </span>
    </p>
   </div>
   <div class='ocr_carea' id='block_1_119' title="bbox 1949 4815 3532 4886">
    <p class='ocr_par' dir='ltr' id='par_1_119' title="bbox 1949 4815 3532 4886">
     <span class='ocr_line' id='line_1_120' title="bbox 1949 4815 3532 4886; baseline -0.001 -16"><span class='ocrx_word' id='word_1_952' title='bbox 1949 4819 2197 4886; x_wconf 67' lang='lat' dir='ltr'><strong>potentia!</strong></span> <span class='ocrx_word' id='word_1_953' title='bbox 2226 4828 2328 4883; x_wconf 89' lang='lat' dir='ltr'><strong>est,</strong></span> <span class='ocrx_word' id='word_1_954' title='bbox 2353 4833 2473 4872; x_wconf 90' lang='lat' dir='ltr'><strong>esse</strong></span> <span class='ocrx_word' id='word_1_955' title='bbox 2500 4833 2665 4886; x_wconf 88' lang='lat' dir='ltr'><strong>super</strong></span> <span class='ocrx_word' id='word_1_956' title='bbox 2687 4817 2900 4881; x_wconf 89' lang='lat' dir='ltr'><strong>omnia,</strong></span> <span class='ocrx_word' id='word_1_957' title='bbox 2934 4825 2988 4871; x_wconf 88' lang='lat' dir='ltr'><strong>et</strong></span> <span class='ocrx_word' id='word_1_958' title='bbox 3013 4831 3106 4883; x_wconf 85' lang='lat' dir='ltr'><strong>per</strong></span> <span class='ocrx_word' id='word_1_959' title='bbox 3126 4815 3315 4886; x_wconf 79' lang='lat' dir='ltr'><strong>omnia</strong></span> <span class='ocrx_word' id='word_1_960' title='bbox 3339 4856 3353 4880; x_wconf 91' lang='lat'><strong>,</strong></span> <span class='ocrx_word' id='word_1_961' title='bbox 3386 4825 3440 4870; x_wconf 87' lang='lat' dir='ltr'><strong>et</strong></span> <span class='ocrx_word' id='word_1_962' title='bbox 3478 4815 3532 4868; x_wconf 91' lang='lat' dir='ltr'><strong>in</strong></span> 
     </span>
    </p>
   </div>
   <div class='ocr_carea' id='block_1_120' title="bbox 1948 4884 3535 4951">
    <p class='ocr_par' dir='ltr' id='par_1_120' title="bbox 1948 4884 3535 4951">
     <span class='ocr_line' id='line_1_121' title="bbox 1948 4884 3535 4951; baseline 0.001 -14"><span class='ocrx_word' id='word_1_963' title='bbox 1948 4884 2237 4951; x_wconf 84' lang='lat' dir='ltr'><strong>omnibus;</strong></span> <span class='ocrx_word' id='word_1_964' title='bbox 2284 4901 2336 4944; x_wconf 89' lang='lat' dir='ltr'><strong>et</strong></span> <span class='ocrx_word' id='word_1_965' title='bbox 2377 4884 2678 4942; x_wconf 84' lang='lat' dir='ltr'><strong>secundum</strong></span> <span class='ocrx_word' id='word_1_966' title='bbox 2721 4888 2964 4942; x_wconf 83' lang='lat' dir='ltr'><strong>ordinem</strong></span> <span class='ocrx_word' id='word_1_967' title='bbox 3009 4884 3372 4939; x_wconf 84' lang='lat' dir='ltr'><strong>confessionis</strong></span> <span class='ocrx_word' id='word_1_968' title='bbox 3405 4902 3535 4939; x_wconf 86' lang='lat' dir='ltr'><strong>san-</strong></span> 
     </span>
    </p>
   </div>
   <div class='ocr_carea' id='block_1_121' title="bbox 1947 4955 3530 5028">
    <p class='ocr_par' dir='ltr' id='par_1_121' title="bbox 1947 4955 3530 5028">
     <span class='ocr_line' id='line_1_122' title="bbox 1947 4955 3530 5028; baseline 0 -18"><span class='ocrx_word' id='word_1_969' title='bbox 1947 4969 2044 5011; x_wconf 66' lang='lat' dir='ltr'><strong>ctae</strong></span> <span class='ocrx_word' id='word_1_970' title='bbox 2063 4957 2364 5022; x_wconf 87' lang='lat' dir='ltr'><strong>Trinitatis,</strong></span> <span class='ocrx_word' id='word_1_971' title='bbox 2389 4960 2622 5028; x_wconf 87' lang='lat' dir='ltr'><strong>primum</strong></span> <span class='ocrx_word' id='word_1_972' title='bbox 2652 4959 2838 5011; x_wconf 89' lang='lat' dir='ltr'><strong>tribuit</strong></span> <span class='ocrx_word' id='word_1_973' title='bbox 2856 4957 3023 5021; x_wconf 83' lang='lat' dir='ltr'><strong>Patri,</strong></span> <span class='ocrx_word' id='word_1_974' title='bbox 3050 4957 3349 5028; x_wconf 74' lang='lat' dir='ltr'><strong>secundum</strong></span> <span class='ocrx_word' id='word_1_975' title='bbox 3371 4955 3530 5020; x_wconf 82' lang='lat' dir='ltr'><strong>Filio,</strong></span> 
     </span>
    </p>
   </div>
   <div class='ocr_carea' id='block_1_122' title="bbox 1948 5025 3530 5102">
    <p class='ocr_par' dir='ltr' id='par_1_122' title="bbox 1948 5025 3530 5102">
     <span class='ocr_line' id='line_1_123' title="bbox 1948 5025 3530 5102; baseline -0.001 -20"><span class='ocrx_word' id='word_1_976' title='bbox 1948 5033 2165 5085; x_wconf 87' lang='lat' dir='ltr'><strong>tertium</strong></span> <span class='ocrx_word' id='word_1_977' title='bbox 2201 5025 2427 5102; x_wconf 81' lang='lat' dir='ltr'><strong>Spiritui</strong></span> <span class='ocrx_word' id='word_1_978' title='bbox 2459 5037 2682 5102; x_wconf 80' lang='lat' dir='ltr'><strong>sancto;</strong></span> <span class='ocrx_word' id='word_1_979' title='bbox 2720 5029 2848 5102; x_wconf 84' lang='lat' dir='ltr'><strong>quia</strong></span> <span class='ocrx_word' id='word_1_980' title='bbox 2879 5038 2961 5082; x_wconf 89' lang='lat' dir='ltr'><strong>est</strong></span> <span class='ocrx_word' id='word_1_981' title='bbox 2987 5025 3530 5102; x_wconf 26' lang='lat' dir='ltr'><strong>tertiaAl’et-sonaseﬁ</strong></span> 
     </span>
    </p>
   </div>
   <div class='ocr_carea' id='block_1_123' title="bbox 1947 5097 3530 5167">
    <p class='ocr_par' dir='ltr' id='par_1_123' title="bbox 1947 5097 3530 5167">
     <span class='ocr_line' id='line_1_124' title="bbox 1947 5097 3530 5167; baseline -0.001 -18"><span class='ocrx_word' id='word_1_982' title='bbox 1947 5103 2182 5155; x_wconf 86' lang='lat' dir='ltr'><strong>cundum</strong></span> <span class='ocrx_word' id='word_1_983' title='bbox 2217 5097 2463 5155; x_wconf 79' lang='lat' dir='ltr'><strong>ordinem</strong></span> <span class='ocrx_word' id='word_1_984' title='bbox 2507 5097 2903 5160; x_wconf 75' lang='lat' dir='ltr'><strong>confessionis,</strong></span> <span class='ocrx_word' id='word_1_985' title='bbox 2951 5109 3009 5151; x_wconf 91' lang='lat' dir='ltr'><strong>ut</strong></span> <span class='ocrx_word' id='word_1_986' title='bbox 3055 5097 3264 5167; x_wconf 86' lang='lat' dir='ltr'><strong>antiqui</strong></span> <span class='ocrx_word' id='word_1_987' title='bbox 3297 5097 3530 5167; x_wconf 77' lang='lat' dir='ltr'><strong>theologi</strong></span> 
     </span>
    </p>
   </div>
   <div class='ocr_carea' id='block_1_124' title="bbox 1947 5166 3526 5238">
    <p class='ocr_par' dir='ltr' id='par_1_124' title="bbox 1947 5166 3526 5238">
     <span class='ocr_line' id='line_1_125' title="bbox 1947 5166 3526 5238; baseline -0.001 -16"><span class='ocrx_word' id='word_1_988' title='bbox 1947 5170 2275 5238; x_wconf 89' lang='lat' dir='ltr'><strong>loquuntur,</strong></span> <span class='ocrx_word' id='word_1_989' title='bbox 2313 5179 2365 5224; x_wconf 89' lang='lat' dir='ltr'><strong>et</strong></span> <span class='ocrx_word' id='word_1_990' title='bbox 2400 5186 2500 5224; x_wconf 88' lang='lat' dir='ltr'><strong>nos</strong></span> <span class='ocrx_word' id='word_1_991' title='bbox 2537 5170 2686 5238; x_wconf 75' lang='lat' dir='ltr'><strong>loqui</strong></span> <span class='ocrx_word' id='word_1_992' title='bbox 2716 5171 3036 5223; x_wconf 84' lang='lat' dir='ltr'><strong>docuerunt.</strong></span> <span class='ocrx_word' id='word_1_993' title='bbox 3072 5167 3167 5220; x_wconf 68' lang='lat' dir='ltr'><strong>l’n.</strong></span> <span class='ocrx_word' id='word_1_994' title='bbox 3197 5166 3526 5238; x_wconf 65' lang='lat' dir='ltr'><strong>Tunntsnus.</strong></span> 
     </span>
    </p>
   </div>
   <div class='ocr_carea' id='block_1_125' title="bbox 2018 5237 3526 5312">
    <p class='ocr_par' dir='ltr' id='par_1_125' title="bbox 2018 5237 3526 5312">
     <span class='ocr_line' id='line_1_126' title="bbox 2018 5237 3526 5312; baseline -0.004 -16"><span class='ocrx_word' id='word_1_995' title='bbox 2018 5237 2092 5312; x_wconf 73' lang='grc' dir='ltr'><strong>(ὃ)</strong></span> <span class='ocrx_word' id='word_1_996' title='bbox 2116 5245 2346 5306; x_wconf 75' lang='grc' dir='ltr'>Ἄλλως</span> <span class='ocrx_word' id='word_1_997' title='bbox 2385 5258 2446 5293; x_wconf 82' lang='grc' dir='ltr'><strong>τε</strong></span> <span class='ocrx_word' id='word_1_998' title='bbox 2476 5240 2583 5293; x_wconf 76' lang='grc' dir='ltr'><strong>ἕνα</strong></span> <span class='ocrx_word' id='word_1_999' title='bbox 2612 5237 2825 5292; x_wconf 75' lang='grc' dir='ltr'>Θεὸν...</span> <span class='ocrx_word' id='word_1_1000' title='bbox 2856 5240 3096 5312; x_wconf 78' lang='grc' dir='ltr'>Πνεῦμα</span> <span class='ocrx_word' id='word_1_1001' title='bbox 3129 5237 3526 5312; x_wconf 49' lang='grc' dir='ltr'>ἐφανέρωσεν.</span> 
     </span>
    </p>
   </div>
   <div class='ocr_carea' id='block_1_126' title="bbox 1945 5309 3523 5381">
    <p class='ocr_par' dir='ltr' id='par_1_126' title="bbox 1945 5309 3523 5381">
     <span class='ocr_line' id='line_1_127' title="bbox 1945 5309 3523 5381; baseline 0 -19"><span class='ocrx_word' id='word_1_1002' title='bbox 1945 5309 2081 5365; x_wconf 77' lang='lat' dir='ltr'><strong>Non</strong></span> <span class='ocrx_word' id='word_1_1003' title='bbox 2108 5321 2318 5381; x_wconf 87' lang='lat' dir='ltr'><strong>poterat</strong></span> <span class='ocrx_word' id='word_1_1004' title='bbox 2350 5312 2659 5366; x_wconf 88' lang='lat' dir='ltr'><strong>accuratius</strong></span> <span class='ocrx_word' id='word_1_1005' title='bbox 2701 5311 2898 5380; x_wconf 81' lang='lat' dir='ltr'><strong>exponi</strong></span> <span class='ocrx_word' id='word_1_1006' title='bbox 2945 5311 3138 5381; x_wconf 76' lang='lat' dir='ltr'><strong>dogma</strong></span> <span class='ocrx_word' id='word_1_1007' title='bbox 3184 5309 3523 5362; x_wconf 75' lang='lat' dir='ltr'><strong>Christiano-</strong></span> 
     </span>
    </p>
   </div>
   <div class='ocr_carea' id='block_1_127' title="bbox 1945 5379 3595 5436">
    <p class='ocr_par' dir='ltr' id='par_1_127' title="bbox 1945 5379 3595 5436">
     <span class='ocr_line' id='line_1_128' title="bbox 1945 5379 3595 5436; baseline -0.001 -2"><span class='ocrx_word' id='word_1_1008' title='bbox 1945 5398 2087 5436; x_wconf 87' lang='lat' dir='ltr'><strong>rum.</strong></span> <span class='ocrx_word' id='word_1_1009' title='bbox 2109 5379 2244 5436; x_wconf 45' lang='grc' dir='ltr'><strong>-Νοη</strong></span> <span class='ocrx_word' id='word_1_1010' title='bbox 2275 5383 2450 5436; x_wconf 90' lang='lat' dir='ltr'><strong>solum</strong></span> <span class='ocrx_word' id='word_1_1011' title='bbox 2485 5383 2629 5436; x_wconf 85' lang='lat' dir='ltr'><strong>enim</strong></span> <span class='ocrx_word' id='word_1_1012' title='bbox 2664 5379 2952 5435; x_wconf 78' lang='lat' dir='ltr'><strong>uulnerum</strong></span> <span class='ocrx_word' id='word_1_1013' title='bbox 2987 5379 3350 5433; x_wconf 87' lang='lat' dir='ltr'><strong>Personarum</strong></span> <span class='ocrx_word' id='word_1_1014' title='bbox 3395 5380 3530 5434; x_wconf 87' lang='lat' dir='ltr'><strong>nihil</strong></span> <span class='ocrx_word' id='word_1_1015' title='bbox 3591 5409 3595 5414; x_wconf 63' lang='grc' dir='ltr'><strong>ι</strong></span> 
     </span>
    </p>
   </div>
   <div class='ocr_carea' id='block_1_128' title="bbox 1944 5453 3527 5524">
    <p class='ocr_par' dir='ltr' id='par_1_128' title="bbox 1944 5453 3527 5524">
     <span class='ocr_line' id='line_1_129' title="bbox 1944 5453 3527 5524; baseline -0.002 -19"><span class='ocrx_word' id='word_1_1016' title='bbox 1944 5453 2010 5505; x_wconf 89' lang='lat' dir='ltr'><strong>de</strong></span> <span class='ocrx_word' id='word_1_1017' title='bbox 2043 5453 2134 5506; x_wconf 89' lang='lat' dir='ltr'><strong>Dei</strong></span> <span class='ocrx_word' id='word_1_1018' title='bbox 2168 5453 2543 5524; x_wconf 79' lang='lat' dir='ltr'><strong>singularitate</strong></span> <span class='ocrx_word' id='word_1_1019' title='bbox 2572 5453 2854 5524; x_wconf 86' lang='lat' dir='ltr'><strong>detrahere</strong></span> <span class='ocrx_word' id='word_1_1020' title='bbox 2884 5453 3195 5524; x_wconf 75' lang='lat' dir='ltr'><strong>contendit;</strong></span> <span class='ocrx_word' id='word_1_1021' title='bbox 3241 5453 3330 5504; x_wconf 83' lang='lat' dir='ltr'><strong>sed</strong></span> <span class='ocrx_word' id='word_1_1022' title='bbox 3363 5455 3527 5503; x_wconf 74' lang='lat' dir='ltr'><strong>etiam</strong></span> 
     </span>
    </p>
   </div>
   <div class='ocr_carea' id='block_1_129' title="bbox 1946 5521 3528 5594">
    <p class='ocr_par' dir='ltr' id='par_1_129' title="bbox 1946 5521 3528 5594">
     <span class='ocr_line' id='line_1_130' title="bbox 1946 5521 3528 5594; baseline 0 -20"><span class='ocrx_word' id='word_1_1023' title='bbox 1946 5525 2116 5590; x_wconf 88' lang='lat' dir='ltr'><strong>ipsam</strong></span> <span class='ocrx_word' id='word_1_1024' title='bbox 2155 5521 2716 5594; x_wconf 50' lang='lat' dir='ltr'><strong>Dei&#39;singularitatem</strong></span> <span class='ocrx_word' id='word_1_1025' title='bbox 2752 5523 2867 5576; x_wconf 90' lang='lat' dir='ltr'><strong>sine</strong></span> <span class='ocrx_word' id='word_1_1026' title='bbox 2895 5521 3390 5594; x_wconf 65' lang='lat' dir='ltr'><strong>hoc.l’e_r_sonarum</strong></span> <span class='ocrx_word' id='word_1_1027' title='bbox 3424 5537 3528 5575; x_wconf 78' lang='lat' dir='ltr'><strong>uu-</strong></span> 
     </span>
    </p>
   </div>
   <div class='ocr_carea' id='block_1_130' title="bbox 1945 5591 3527 5662">
    <p class='ocr_par' dir='ltr' id='par_1_130' title="bbox 1945 5591 3527 5662">
     <span class='ocr_line' id='line_1_131' title="bbox 1945 5591 3527 5662; baseline 0.001 -18"><span class='ocrx_word' id='word_1_1028' title='bbox 1945 5609 2095 5648; x_wconf 90' lang='lat' dir='ltr'><strong>mero</strong></span> <span class='ocrx_word' id='word_1_1029' title='bbox 2122 5611 2221 5648; x_wconf 87' lang='lat' dir='ltr'><strong>nec</strong></span> <span class='ocrx_word' id='word_1_1030' title='bbox 2251 5591 2584 5660; x_wconf 75' lang='lat' dir='ltr'><strong>consistere,</strong></span> <span class='ocrx_word' id='word_1_1031' title='bbox 2618 5605 2715 5646; x_wconf 91' lang='lat' dir='ltr'><strong>nec</strong></span> <span class='ocrx_word' id='word_1_1032' title='bbox 2745 5594 2848 5647; x_wconf 92' lang='lat' dir='ltr'><strong>coli</strong></span> <span class='ocrx_word' id='word_1_1033' title='bbox 2881 5608 3058 5662; x_wconf 88' lang='lat' dir='ltr'><strong>posse.</strong></span> <span class='ocrx_word' id='word_1_1034' title='bbox 3091 5591 3376 5657; x_wconf 65' lang='lat' dir='ltr'><strong>MAIMNDS,</strong></span> <span class='ocrx_word' id='word_1_1035' title='bbox 3411 5594 3448 5647; x_wconf 82' lang='grc' dir='ltr'>Ι.</span> <span class='ocrx_word' id='word_1_1036' title='bbox 3476 5610 3527 5646; x_wconf 89' lang='lat' dir='ltr'><strong>c.</strong></span> 
     </span>
    </p>
   </div>
   <div class='ocr_carea' id='block_1_131' title="bbox 1979 5665 2222 5719">
    <p class='ocr_par' dir='ltr' id='par_1_131' title="bbox 1979 5665 2222 5719">
     <span class='ocr_line' id='line_1_132' title="bbox 1979 5665 2222 5719; baseline -0.008 -2"><span class='ocrx_word' id='word_1_1037' title='bbox 1979 5665 2222 5719; x_wconf 68' lang='lat' dir='ltr'><strong>aa.458.</strong></span> 
     </span>
    </p>
   </div>
   <div class='ocr_carea' id='block_1_132' title="bbox 1943 5678 3528 5805">
    <p class='ocr_par' dir='ltr' id='par_1_132' title="bbox 1943 5678 3528 5805">
     <span class='ocr_line' id='line_1_133' title="bbox 1943 5678 3528 5805; baseline 0 -19"><span class='ocrx_word' id='word_1_1038' title='bbox 1943 5678 2538 5805; x_wconf 40' lang='lat' dir='ltr'><strong>mafégpwicrarto.</strong></span> <span class='ocrx_word' id='word_1_1039' title='bbox 2573 5733 2683 5805; x_wconf 82' lang='lat' dir='ltr'><strong>lloc</strong></span> <span class='ocrx_word' id='word_1_1040' title='bbox 2712 5734 3078 5803; x_wconf 81' lang='lat' dir='ltr'><strong>dicitpropter</strong></span> <span class='ocrx_word' id='word_1_1041' title='bbox 3099 5733 3336 5798; x_wconf 76' lang='lat' dir='ltr'><strong>Petrum,</strong></span> <span class='ocrx_word' id='word_1_1042' title='bbox 3367 5748 3528 5805; x_wconf 80' lang='lat' dir='ltr'><strong>quem</strong></span> 
     </span>
    </p>
   </div>
   <div class='ocr_carea' id='block_1_133' title="bbox 1944 5804 3524 5875">
    <p class='ocr_par' dir='ltr' id='par_1_133' title="bbox 1944 5804 3524 5875">
     <span class='ocr_line' id='line_1_134' title="bbox 1944 5804 3524 5875; baseline -0.003 -16"><span class='ocrx_word' id='word_1_1043' title='bbox 1944 5805 2174 5875; x_wconf 83' lang='lat' dir='ltr'><strong>legimus</strong></span> <span class='ocrx_word' id='word_1_1044' title='bbox 2210 5804 2267 5860; x_wconf 82' lang='lat' dir='ltr'><strong>in</strong></span> <span class='ocrx_word' id='word_1_1045' title='bbox 2315 5807 2605 5874; x_wconf 78' lang='lat' dir='ltr'><strong>Evangelio</strong></span> <span class='ocrx_word' id='word_1_1046' title='bbox 2643 5804 2918 5860; x_wconf 85' lang='lat' dir='ltr'><strong>Christum</strong></span> <span class='ocrx_word' id='word_1_1047' title='bbox 2956 5821 3200 5872; x_wconf 74' lang='lat' dir='ltr'><strong>negasse.</strong></span> <span class='ocrx_word' id='word_1_1048' title='bbox 3242 5805 3338 5859; x_wconf 82' lang='lat' dir='ltr'><strong>Fu.</strong></span> <span class='ocrx_word' id='word_1_1049' title='bbox 3374 5804 3524 5875; x_wconf 64' lang='lat' dir='ltr'><strong>Tim.</strong></span> 
     </span>
    </p>
   </div>
   <div class='ocr_carea' id='block_1_134' title="bbox 2017 5873 3528 5950">
    <p class='ocr_par' dir='ltr' id='par_1_134' title="bbox 2017 5873 3528 5950">
     <span class='ocr_line' id='line_1_135' title="bbox 2017 5873 3528 5950; baseline -0.001 -18"><span class='ocrx_word' id='word_1_1050' title='bbox 2017 5878 2094 5950; x_wconf 78' lang='grc'><strong>(5)</strong></span> <span class='ocrx_word' id='word_1_1051' title='bbox 2123 5879 2315 5934; x_wconf 71' lang='grc' dir='ltr'><em>Ξένον</em></span> <span class='ocrx_word' id='word_1_1052' title='bbox 2336 5896 2435 5949; x_wconf 79' lang='grc' dir='ltr'><strong>μοι</strong></span> <span class='ocrx_word' id='word_1_1053' title='bbox 2465 5873 2685 5948; x_wconf 51' lang='grc' dir='ltr'>ῥέρεις,</span> <span class='ocrx_word' id='word_1_1054' title='bbox 2713 5878 2910 5945; x_wconf 73' lang='grc' dir='ltr'>Λόγον</span> <span class='ocrx_word' id='word_1_1055' title='bbox 2942 5875 3136 5946; x_wconf 68' lang='grc' dir='ltr'>λέγων</span> <span class='ocrx_word' id='word_1_1056' title='bbox 3183 5878 3336 5932; x_wconf 63' lang='lat' dir='ltr'><strong>my.</strong></span> <span class='ocrx_word' id='word_1_1057' title='bbox 3371 5873 3528 5930; x_wconf 67' lang='lat' dir='ltr'><strong>llum:</strong></span> 
     </span>
    </p>
   </div>
  </div>
