3862 6532
345 349 450 404 8‘23

1016 351 1072 406 S.
1116 348 1474 406 HIPPOLYTI
1514 347 1662 402 OPP.
1707 344 1887 400 PARS
1921 343 1984 396 ll.
2023 373 2088 382 --
2127 341 2431 398 DOGMAT.
2471 337 2560 394 ΕΤ
2601 335 2948 394 lllSTORlC.

3493 337 3588 393 834

351 463 591 520 Verhum
611 469 840 537 quidem
879 471 1042 526 dicit-.
1079 471 1171 526 sed
1207 470 1364 524 aliter
1387 485 1482 540 per
1508 469 1817 538 allegoriam
1851 468 1926 520 in-

2035 463 2318 534 ὰλληγορεῖ
2359 463 2456 532 (6).
2501 460 2686 523 Οὕτως
2725 458 2832 532 γὰρ
2861 457 3118 512 δεικνύων
3163 458 3253 510 τὸν
3287 457 3454 526 Λόγον
3501 457 3589 509 τοῦ

347 566 697 629 terpretatur.
747 566 896 630 imo,
942 579 1048 618 non
1091 563 1246 616 aliter
1287 577 1380 630 per
1413 560 1720 630 allegoriam
1767 561 1928 613 inter-

347 659 634 716 pretatur:
669 654 748 708 sic
779 656 922 710 enim
959 653 1250 708 ostendens
1274 653 1374 706 hoc
1399 651 1634 706 Verbum
1665 650 1756 704 Dei
1783 650 1928 718 quod

349 734 420 788 ab
449 737 606 790 initio
639 749 774 804 erat,
823 750 877 795 et
906 757 1050 794 nunc
1077 741 1305 794 missum
1337 751 1454 804 est,
1495 740 1630 794 dixit
1655 750 1840 809 postea
1871 739 1926 791 in

349 823 711 898 Apocalypsi:
742 847 760 878 ι
791 827 854 882 Et
885 829 992 882 vidi
1023 829 1216 882 caelum
1239 836 1504 895 apertum,
1532 835 1582 880 et
1607 841 1730 880 ecce
1754 838 1928 893 equus

353 915 542 983 albus;
578 930 631 972 et
657 920 746 986 qui
785 920 1003 974 sedebat
1033 921 1084 973 in
1113 936 1213 986 eo,
1253 920 1426 974 ﬁdelis
1469 928 1522 972 et
1545 935 1708 972 verax
1731 960 1746 982 .
1785 927 1838 973 et
1871 918 1924 971 in

349 1007 557 1076 jnstit‘ia
581 1007 790 1077 judicat
829 1021 882 1066 et
929 1021 1150 1080 pugnat.
1201 1012 1352 1066 Oculi
1380 1011 1499 1080 ejus
1529 1013 1668 1067 sicut
1711 1011 1926 1064 ﬂamma

353 1099 534 1168 ignis;
584 1109 638 1154 et
707 1102 760 1154 in
815 1103 986 1172 capite
1046 1103 1166 1172 ejus
1239 1103 1545 1158 diademata
1598 1104 1804 1168 multa;
1841 1103 1926 1154 ha-

349 1189 484 1246 bens
566 1208 759 1247 nomen
827 1195 1132 1263 scriptum,
1187 1197 1331 1264 quod
1384 1211 1544 1250 nemo
1607 1195 1754 1249 novit
1821 1194 1924 1247 nisi

350 1283 486 1351 ipse.
555 1282 620 1336 Et
673 1285 896 1339 vestitus
947 1294 1063 1339 erat
1121 1297 1270 1339 veste
1328 1302 1542 1354 aspersa
1613 1285 1921 1352 sanguine;

350 1383 404 1428 ct
432 1385 679 1428 vocatum
705 1387 788 1429 est
817 1391 1010 1430 nomen
1039 1377 1178 1445 ejus,
1208 1375 1443 1431 Verbum
1470 1376 1562 1430 Dei
1588 1377 1655 1428 τ’.
1691 1394 1708 1426 ι
1741 1373 1926 1428 Videte

351 1465 536 1534 igitur,
569 1464 784 1528 fratres,
818 1467 1094 1536 quomodo
1115 1467 1281 1520 vestis
1307 1467 1566 1536 sanguine
1593 1481 1836 1534 aspersa.
1871 1466 1923 1520 in

349 1555 598 1626 symbolo
627 1555 950 1626 signiﬁcavit
979 1570 1196 1609 carnem
1218 1598 1232 1618 ,
1264 1571 1370 1624 qua
1405 1556 1554 1609 venit
1587 1555 1654 1608 ad
1684 1555 1924 1608 subeun-

349 1647 476 1700 dam
509 1646 815 1714 passionem
863 1645 1159 1715 impatibile
1187 1646 1280 1700 Dei
1306 1645 1538 1700 Verbum
1561 1686 1576 1708 ,
1609 1646 1749 1700 sicut
1793 1646 1920 1700 mihi

349 1735 631 1805 prophetae
659 1745 948 1790 testantur.
992 1737 1084 1792 Sic
1112 1738 1254 1790 enim
1295 1739 1370 1791 ait
1400 1738 1590 1792 beatus
1633 1737 1919 1792 Michmas:

2031 554 2165 608 Θεοῦ
2196 553 2384 608 τοῦτον
2413 553 2542 607 ὄντα
2574 553 2668 606 ἀπ’
2701 552 2876 623 ἀρχῆς
2899 553 2992 604 καὶ
3031 550 3124 604 νῦν
3169 549 3594 620 ἀπεσταλμένον,

2031 647 2237 711 ὑποϐὰς
2264 649 2322 699 ὲν
2345 649 2411 717 τῇ
2463 643 2827 713 Ἀποκαλύψει
2858 643 2992 714 ἔφη·
3036 661 3052 692 ι
3092 643 3202 696 Kal
3235 642 3346 695 ἴδον
3379 641 3472 694 τὸν
3503 642 3598 693 οὗ·

2033 737 2190 810 ρανὸν
2223 737 2586 808 ἠνεῳγμένον,
2611 736 2702 788 καὶ
2735 735 2840 788 ἰδοὺ
2871 735 3033 795 ἵππος
3059 731 3266 794 λευκὸς,
3289 733 3384 786 καὶ
3414 733 3444 784 6
3469 731 3601 784 καθ-

2029 831 2229 898 ήμενος
2265 828 2352 880 ἐπ’
2395 827 2556 880 αὑτοῦ
2599 826 2787 889 πιστὸς
2809 825 2902 878 καὶ
2931 823 3200 892 ἀληθινὸς,
3219 824 3313 874 καὶ
3337 824 3394 874 ὲν
3409 822 3604 874 δικαιο-

2031 919 2162 989 σύνῃ
2193 919 2366 988 κρίνει
2399 919 2491 970 καὶ
2520 916 2764 986 πολεμεῖ.
2791 917 2853 968 Οἱ
2885 915 2939 968 δὲ
2967 913 3232 984 ὀφθαλμοὶ
3269 913 3434 967 αὐτοῦ
3469 913 3600 981 φλὸξ

2029 1010 2198 1082 πυρός
2215 1026 2228 1038 ·
2267 1009 2360 1062 καὶ
2391 1009 2696 1079 διαδήματα
2723 1007 2890 1060 πολλὰ
2911 1009 3002 1060 ἐπὶ
3029 1007 3127 1076 τὴν
3155 1007 3395 1077 κεφαλὴν
3411 1006 3598 1070 αὐτοῦ,

2027 1099 2164 1168 ἒχων
2191 1099 2362 1168 ὄνομα
2387 1097 2768 1168 γεγραμμένον
2793 1098 2820 1150 ὃ
2844 1097 3014 1160 οὐδεὶς
3046 1093 3186 1150 οἶδεν
3221 1099 3270 1149 εἰ
3311 1097 3383 1168 μὴ
3415 1097 3596 1160 αὑτός.

2027 1190 2136 1241 Καὶ
2167 1188 2623 1260 περιϐεϐλημένος
2652 1188 2861 1258 ἱμάτιον
2899 1187 3322 1259 ἐρραντισμένον
3363 1189 3558 1258 αἵματι
3579 1205 3594 1216 ·

2027 1281 2119 1334 καὶ
2148 1279 2408 1350 κέκληται
2441 1281 2502 1332 τὸ
2527 1279 2700 1350 ὄνομα
2751 1279 2944 1342 αὑτοῦ,
2981 1282 3010 1332 6
3043 1281 3215 1348 Λόγος
3245 1279 3340 1332 τοῦ
3373 1279 3534 1332 Θεοῦ.
3573 1297 3592 1330 ι

2039 1373 2228 1442 Ὁρᾶτε
2258 1367 2370 1436 οὖν,
2402 1371 2641 1442 ἀδελφοὶ,
2668 1373 2784 1436 πῶς
2814 1374 2871 1424 ὲν
2898 1371 3148 1442 συμϐόλῳ
3185 1371 3262 1442 (7)
3289 1372 3348 1424 τὸ
3389 1373 3600 1442 ἱμάτιον

2025 1462 2085 1515 τὸ
2109 1465 2527 1535 ἐρῤαντισμένον
2549 1463 2756 1532 αἵματι,
2791 1464 2889 1532 τὴν
2937 1465 3113 1534 σάρκα
3169 1464 3469 1534 διηγήσατο
3495 1502 3508 1524 ,
3537 1463 3600 1514 δι’

2021 1551 2090 1626 ἧς
2111 1555 2202 1608 καὶ
2235 1557 2338 1607 ὑπὸ
2371 1556 2538 1619 πάθος
2570 1551 2750 1626 ἦλθεν,
2783 1558 2810 1609 ὁ
2839 1555 3056 1625 ἀπαθὴς
3091 1555 3184 1608 τοῦ
3221 1555 3354 1606 Θεοῦ
3409 1555 3598 1622 Λόγκ,

2025 1645 2204 1704 καθὼς
2227 1647 2588 1718 μαρτυροῦσίν
2617 1664 2705 1716 μοι
2738 1649 2784 1699 οἱ
2808 1647 3094 1717 προφῆται.
3125 1646 3284 1714 Λέγει
3308 1646 3419 1716 γὰρ
3434 1645 3602 1708 οὕτως

2024 1740 2052 1790 6
2097 1739 2362 1809 μακάριος
2416 1739 2679 1808 Μιχαίας·
2741 1758 2759 1789 ι
2811 1733 2973 1802 Οἶκος
3045 1737 3232 1792 Ἰακὼϐ
3281 1738 3602 1809 παῴῳγισε

355 1842 376 1876 ι
407 1824 610 1880 Domus
632 1825 800 1880 Jacoh
829 1825 1060 1880 irritavit
1093 1827 1354 1896 Spiritum
1373 1828 1610 1882 Domini.
1641 1828 1764 1883 llaec
1797 1839 1923 1882 sunt

2035 1831 2247 1900 Πνεῦμα
2267 1830 2488 1902 Κυρίου.
2520 1829 2700 1884 Ταῦτα
2723 1831 2790 1882 τὰ
2807 1829 3207 1900 ἐπιτηδεύματα
3223 1831 3408 1892 αὐτοῖς
3437 1833 3599 1882 ἐστιν.

350 1931 540 1972 eorum
574 1916 772 1972 studia.
815 1915 1003 1972 Nonne
1033 1918 1160 1972 boni
1193 1933 1470 1975 sermones
1504 1919 1654 1988 ejus;
1694 1929 1746 1973 et
1781 1929 1923 1974 recte

348 2020 472 2060 eum
497 2005 628 2076 ipsis
647 2008 948 2064 ambulant?
968 2008 1033 2064 Et
1053 2009 1153 2078 ipsi
1175 2009 1570 2066 suscitaverunt
1587 2010 1922 2065 inimicitiam

348 2108 537 2153 contra
583 2115 770 2170 pacem
811 2101 950 2170 ejus,
1001 2101 1227 2172 gloriam
1262 2102 1380 2172 ejus
1416 2103 1766 2158 detraxerunt
1789 2103 1854 2160 ⁷³.
1899 2123 1918 2154 ι

345 2186 405 2242 ld
454 2197 574 2254 est,
643 2190 886 2246 fecerunt
953 2208 1078 2249 eum
1142 2193 1254 2264 pati
1310 2193 1362 2248 in
1413 2207 1593 2248 carne.
1666 2191 1926 2247 Similiter

347 2277 539 2334 beatus
582 2279 784 2336 Paulus
825 2283 935 2336 ait:
973 2301 991 2332 ι
1043 2281 1199 2348 Quod
1237 2284 1381 2338 enim
1429 2285 1761 2353 impossibile
1809 2294 1926 2338 erat

347 2367 485 2437 legis
519 2369 571 2422 in
602 2385 711 2438 quo
737 2370 1114 2426 inﬁrmabarur
1143 2388 1238 2441 per
1270 2387 1524 2436 carnem;
1561 2370 1702 2425 Deus
1727 2370 1922 2426 Filium

352 2476 512 2514 suum
535 2461 760 2516 mittens
791 2464 842 2516 in
875 2463 1232 2518 similitudine
1276 2465 1457 2518 carnis
1491 2463 1729 2532 peccati,
1766 2463 1924 2516 dam—

351 2555 500 2608 navit
529 2565 806 2622 peceatum
842 2555 894 2606 in
933 2569 1127 2608 carne:
1164 2563 1221 2606 ut
1249 2552 1563 2620 justiﬁcatio
1597 2551 1727 2620 legis
1753 2560 1926 2606 osten-

349 2645 568 2698 deretur
594 2632 646 2700 in
677 2644 862 2706 nobis,
892 2645 984 2712 qui
1015 2660 1121 2698 non
1159 2646 1453 2698 secundum
1486 2657 1700 2696 carnem
1736 2643 1926 2696 ambu-

351 2736 558 2802 lamus,
596 2737 690 2790 sed
725 2735 1022 2789 secundum
1049 2735 1309 2802 Spiritum
1339 2734 1404 2788 "'*.
1443 2753 1462 2784 ι
1495 2731 1718 2799 Qualem
1761 2735 1926 2803 igitur

349 2827 546 2880 Filium
584 2843 740 2883 suum
775 2827 917 2882 Deus
943 2842 1036 2896 per
1071 2842 1290 2882 carnem
1327 2827 1497 2890 misit,
1527 2828 1632 2881 nisi
1663 2824 1922 2890 Verbum,

351 2913 497 2982 quod
527 2929 555 2966 a
585 2915 852 2983 principio
887 2915 1094 2970 scilicet
1133 2914 1333 2969 Filium
1367 2917 1622 2983 vocavit,
1668 2917 1794 2986 quia
1843 2917 1926 2970 fu-

349 3009 534 3058 turum
561 3011 678 3057 erat
714 3013 772 3057 ut
797 3013 976 3057 ortum
1005 3003 1255 3072 caperet?
1291 3004 1352 3058 Et
1393 3020 1514 3058 cum
1557 3004 1729 3060 Filius
1761 3021 1923 3062 voca-

347 3102 470 3160 tur,
509 3109 798 3150 commune
831 3113 1024 3172 nomen
1067 3096 1270 3150 amoris
1301 3111 1427 3166 erga
1458 3097 1708 3152 homines
1737 3099 1920 3152 sumit.

2027 1921 2137 1990 Οὐχ
2173 1923 2221 1973 οἱ
2249 1921 2396 1988 λόγοι
2429 1919 2592 1974 αὐτοῦ
2618 1921 2772 1974 καλοὶ
2801 1923 2917 1992 μετ’
2950 1921 3149 1985 αὐτῶν,
3185 1922 3279 1973 καὶ
3307 1921 3466 1991 ὀρθοὶ
3511 1936 3600 1972 πο-

2027 2013 2272 2084 ρεύονται
2289 2031 2302 2078 ;
2321 2014 2432 2067 Kal.
2447 2013 2595 2066 αὐτοὶ
2615 2013 2837 2083 ἀντέστη
2847 2030 2942 2066 σαν
2964 2014 3041 2076 εἰς
3055 2013 3146 2082 ἐχο
3157 2013 3252 2084 ραν
3276 2013 3418 2065 κατὰ
3443 2010 3604 2082 πρός-

2026 2122 2170 2158 ωπον
2217 2106 2316 2175 τῆς
2368 2107 2584 2176 εἰρήνης
2631 2105 2827 2168 αὑτοῦ,
2879 2105 2978 2176 τὴν
3013 2105 3166 2170 δόξαν
3207 2105 3280 2174 (8)
3335 2104 3602 2174 ἐξέδειραν

2026 2195 2210 2248 αὑτοῦ.
2255 2215 2273 2245 ι
2305 2197 2614 2259 Τουτέστιν,
2645 2195 2704 2247 τὸ
2733 2197 2894 2265 σαρκὶ
2933 2195 3122 2249 παθεῖν
3163 2195 3345 2248 αὐτόν.
3411 2194 3600 2246 Ὡσαύ-

2025 2305 2130 2350 τως
2158 2289 2294 2340 καὶό
2325 2289 2592 2359 μακάριος
2621 2289 2830 2351 Παῦλος
2864 2287 3012 2356 λέγει
3035 2305 3046 2318 ·
3095 2308 3111 2338 ι
3146 2289 3218 2340 Τὸ
3259 2287 3372 2357 γὰρ
3415 2286 3606 2338 dra-Sve-

2024 2395 2115 2431 τον
2145 2379 2238 2430 τοῦ
2273 2380 2458 2450 νόμου,
2483 2382 2540 2432 ἐν
2579 2373 2622 2447 ᾧ
2656 2379 2892 2450 ἠσθένει,
2917 2381 2944 2430 6
2978 2378 3108 2442 Θεὸς
3133 2379 3222 2430 τὸν
3252 2377 3451 2429 ἑαυτοῦ
3483 2377 3604 2429 Υίὸν

2028 2470 2245 2540 πέμψας
2261 2473 2317 2522 ἐν
2346 2470 2652 2542 ὁμοιώματι
2675 2471 2876 2542 σαρκὸς
2895 2471 3164 2542 ἁμαρτίας
3189 2469 3266 2538 (9)
3283 2469 3602 2540 κατέκρινεν

2026 2562 2122 2631 τὴν
2173 2564 2444 2634 ἁμαρτίαν
2471 2567 2537 2635 τῇ
2592 2566 2776 2636 σαρκὶ,
2810 2565 2894 2616 ἵνα
2921 2564 2981 2616 τὸ
3012 2563 3284 2632 δικαίωμα
3321 2562 3417 2614 τοῦ
3443 2563 3602 2632 νόμου

2027 2655 2310 2725 φανερωθῇ
2365 2657 2422 2708 ὲν
2465 2657 2594 2725 ἡμῖν
2626 2658 2738 2719 τοῖς
2771 2653 2842 2726 μὴ
2875 2653 3015 2706 κατὰ
3045 2655 3222 2724 σάρκα
3269 2652 3602 2723 περιπατοῦ-

2029 2765 2136 2810 σιν,
2168 2749 2304 2802 ἀλλὰ
2335 2749 2475 2802 κατὰ
2507 2749 2750 2819 Πνεῦμα.
2797 2769 2815 2799 ι
2851 2749 3008 2800 Ποῖον
3054 2743 3146 2800 οὖν
3181 2745 3308 2798 Υἱδν
3365 2743 3604 2798 tanto-36

2027 2840 2156 2904 Θεὸς
2184 2841 2270 2894 διὰ
2299 2842 2395 2912 τῆς
2443 2842 2644 2913 σαρκὸς
2690 2839 3060 2910 κατέπεμψεν,
3078 2838 3192 2892 ἀλλ’
3227 2837 3260 2908 ἢ
3295 2837 3390 2890 τὸν
3413 2836 3601 2906 Λόγον,

2027 2930 2083 2982 ὃν
2115 2931 2241 2983 Υἱὸν
2275 2933 2644 3003 προσηγόρευε
2671 2931 2758 2984 διὰ
2787 2931 2849 2983 τὺ
2881 2929 3094 3002 μέλλειν
3122 2930 3284 2982 αὐτὸν
3316 2929 3602 2998 γενέσθαις

2027 3021 2137 3073 Καὶ
2167 3021 2227 3074 τὺ
2262 3021 2435 3074 κοινὸν
2475 3022 2643 3092 ὄνομα
2682 3023 2776 3092 τῆς
2827 3023 2906 3084 είς
2952 3019 3272 3090 ἀνθρώπους
3325 3021 3592 3088 φιλοστορ-

2027 3112 2151 3179 γίας
2191 3113 2300 3186 (10)
2335 3114 2706 3185 ἀναλαμϐάνει
2733 3115 2761 3166 6
2784 3113 2912 3175 Υἱὸς
2937 3111 3288 3182 καλούμενος.
3337 3112 3476 3166 Οὔτε
3502 3113 3602 3180 γὰρ

347 3183 462 3240 Nec
496 3188 640 3241 enim
692 3186 926 3242 Verbum
973 3204 1067 3258 per
1097 3203 1154 3244 se
1189 3197 1242 3243 et
1283 3189 1402 3244 sine
1443 3204 1605 3242 carne
1653 3190 1925 3258 perfectus

2035 3205 2264 3274 ἄσαρκος
2281 3207 2372 3260 καὶ
2397 3205 2517 3258 καθ’
2535 3206 2724 3260 ἑαυτὸν
2749 3207 2776 3259 ὁ
2794 3207 2982 3274 Λόγος,
3005 3206 3207 3268 τέλειος
3234 3201 3302 3275 ἦν
3323 3205 3456 3266 Υἱὸς
3475 3204 3518 3270 (Ι
3537 3203 3600 3266 l).

347 3273 520 3338 Filius
553 3289 668 3335 erat
691 3320 706 3344 ,
753 3296 876 3336 cum
907 3289 1086 3334 tamen
1127 3290 1271 3336 esset
1304 3279 1602 3350 perfectum
1651 3281 1920 3348 Verbum,

411 3411 460 3446 "
495 3413 663 3483 Apoc.
700 3431 814 3482 Xlx,
845 3415 1034 3470 11-15.
1107 3417 1152 3447 ⁷³
1183 3415 1343 3472 Mich.
1371 3431 1431 3481 ιι,
1460 3416 1513 3483 7,
1549 3415 1602 3471 8.

349 3551 530 3604 locum
565 3561 693 3618 puto
736 3567 763 3604 a
800 3552 1070 3607 Turriano
1107 3556 1288 3610 minus
1325 3556 1461 3608 bene
1497 3557 1576 3612 sic
1613 3559 1914 3614 redditum:

358 3638 378 3671 ι
415 3619 622 3690 Novum
654 3623 874 3675 verbum
907 3624 1040 3676 mihi
1079 3625 1258 3688 ali'ers,
1292 3641 1414 3678 cum
1447 3624 1640 3680 Filium
1674 3645 1868 3690 vocas;
1893 3651 1910 3681 ι

355 3699 516 3758 atque
556 3689 898 3761 Hippolytum
937 3695 1114 3760 potius
1159 3694 1212 3746 in
1255 3694 1396 3748 hanc
1437 3699 1758 3756 sententiam
1791 3689 1926 3754 scri-

343 3762 561 3826 psisse:
604 3778 622 3812 ι
669 3759 874 3814 Novum
906 3759 1038 3816 mihi
1075 3763 1268 3826 δῦθι-ε,
1300 3779 1423 3816 cum
1455 3763 1648 3818 Filium
1691 3767 1924 3822 Verbum

351 3843 518 3882 vocas
539 3869 552 3891 ,
593 3848 612 3880 ι
646 3831 758 3898 sive
795 3829 952 3884 Verbi
981 3834 1216 3898 appellas
1251 3833 1488 3886 nomine.
1517 3833 1784 3892 Fsamc...
1816 3838 1893 3891 Ne

354 3914 461 3978 que
485 3897 1062 3978 aliterﬁVessdingius
1091 3901 1380 3978 Probabil._
1413 3919 1532 3971 cap.
1561 3905 1652 3970 26,
1675 3923 1796 3978 pag.
1823 3909 1930 3964 ἓδὲ

355 3968 510 4037 cujus
541 3969 764 4039 proinde
807 3968 1112 4026 versionem
1142 3968 1527 4046 expressimus.

429 4085 508 4152 (6)
560 4083 708 4144 Ἀλλ’
738 4083 939 4156 ἄλλως
971 4085 1308 4156 ἀλληγορεῖ.
1350 4107 1368 4140 ι
1419 4088 1524 4142 Sed
1565 4088 1720 4146 aliter
1761 4088 1928 4143 inter-

355 4163 619 4224 pretatur.
664 4173 683 4206 ι
730 4154 1034 4224 Statimque
1072 4157 1172 4210 ista
1199 4154 1268 4209 Vin
1310 4161 1558 4212 versione
1587 4159 1922 4214 subduntur:

360 4223 577 4297 idlllo,
626 4241 728 4297 non
773 4223 1071 4297 aliter’per
1119 4227 1426 4296 allegoriam
1457 4230 1867 4297 interpretatur;
1903 4249 1921 4280 ι

355 4294 601 4366 adeoque
661 4295 851 4365 legerit
907 4295 1172 4366 interpres
1213 4294 1244 4349 :'
1269 4299 1529 4366 μενοῦνγε
1590 4294 1689 4350 οὐκ
1758 4294 1930 4363 ἄλλως

354 4362 678 4440 ἀλληγορεὴ
719 4362 845 4440 qua:
886 4362 1101 4440 quidem
1140 4362 1596 4440 siver'exseriptori
1632 4370 1746 4423 sive
1776 4362 1932 4440 typo-

355 4435 518 4508 {bene
559 4436 628 4488 ob
652 4435 936 4503 repetitum
973 4435 1259 4508 ἀλληγορεῖ
1287 4435 1586 4492 exciderint
1613 4456 1626 4490 :
1659 4455 1722 4492 ea
1757 4435 1930 4508 siqui-

357 4504 478 4556 dem
522 4513 809 4560 contextus
855 4507 1129 4572 postulare
1169 4504 1398 4560 videtur.
1443 4509 1518 4560 Ad
1559 4509 1706 4562 hunc
1752 4504 1930 4562 autem

359 4573 536 4628 locum
575 4575 688 4629 haec
717 4577 935 4628 adnotat
977 4575 1313 4629 Turrianus:
1351 4595 1370 4627 ‹
1409 4575 1641 4630 Verbum
1687 4577 1778 4632 Dei
1829 4595 1935 4631 non

357 4643 678 4716 allegorice,
729 4647 840 4716 sed,
872 4647 1093 4716 proprie,
1117 4645 1313 4698 Filium
1349 4645 1442 4700 Dei
1484 4649 1772 4716 signiﬁcat.
1825 4647 1937 4701 lloc

358 4713 536 4782 ipsum
575 4713 772 4786 beatus
803 4713 1036 4786 Cyrillus
1085 4715 1178 4768 lib.
1221 4731 1294 4770 vn
1341 4713 1596 4786 Thesauri
1624 4758 1638 4780 ,
1689 4733 1809 4786 cap.
1865 4719 1886 4770 l
1921 4757 1936 4780 ,

359 4781 548 4856 contra
572 4781 899 4856 E_mtomiuin
940 4784 1156 4850 docuit;
1192 4794 1246 4839 et
1277 4801 1370 4855 per
1400 4785 1717 4856 Scripturas
1751 4781 1941 4856 proha-

356 4855 435 4906 vit
457 4869 580 4908 esse
605 4851 836 4925 Verbum
861 4859 1139 4925 proprium
1174 4851 1367 4910 nomen
1399 4851 1552 4908 Filii:
1587 4857 1638 4909 id
1669 4851 1772 4921 est,
1801 4857 1940 4910 hanc

359 4937 546 4994 vocem
570 4963 586 4988 ,
629 4923 885 4990 Verbum,
931 4923 1145 4994 proprie
1179 4935 1232 4978 et
1268 4926 1552 4990 decenter,
1589 4935 1642 4979 et
1691 4943 1798 4980 non
1847 4941 1940 4994 per

355 4993 677 5050 abusionem
727 5005 822 5050 aut
893 4993 1246 5067 allegoriam,
1310 4995 1510 5050 Filium
1569 4994 1662 5050 Dei
1727 4993 1940 5066 signiti-

357 5075 505 5116 care.
539 5083 558 5114 ι

451 5153 506 5222 7)
535 5149 634 5209 Ἐν
663 5156 962 5223 συμϐόλῳ.
1001 5153 1114 5212 Hoc
1145 5165 1262 5218 est,
1307 5155 1361 5226 in
1397 5157 1566 5221 ﬁgura
1587 5196 1602 5220 ,
1631 5171 1737 5226 qua
1771 5155 1940 5210 utitur

361 5223 524 5280 etiam
557 5228 816 5296 propheta
841 5227 1006 5282 Isaias
1041 5241 1193 5292 thn,
1227 5229 1278 5280 1.
1311 5225 1529 5280 Ειοιιιο.

435 5319 510 5390 (8)
554 5319 674 5388 Τὴν
698 5318 906 5383 δόξαν.
947 5319 1038 5374 Sic
1077 5319 1347 5390 habebant
1387 5317 1528 5370 LXX
1559 5317 1612 5370 in
1637 5317 1940 5390 exemplari

359 5387 673 5460 ljipjiolyti,
721 5390 915 5454 δόξαν,
975 5405 1080 5442 non
1129 5389 1320 5460 ξορα-ι,
1370 5397 1426 5460 ut
1463 5405 1609 5460 nunc
1635 5389 1688 5440 in
1720 5398 1938 5444 nostris.

359 5457 630 5514 convenit
657 5461 769 5515 base
796 5462 953 5516 lectio
989 5474 1112 5514 cum
1133 5457 1234 5512 [san
1261 5475 1378 5522 LIII,
1401 5458 1438 5509 2
1467 5476 1480 5511 ;
1512 5477 1530 5508 ι
1571 5457 1685 5512 Non
1717 5467 1800 5514 est
1827 5474 1942 5525 spe-

363 5529 479 5600 cies,
501 5529 570 5594 ei,
599 5545 773 5600 neque
799 5531 983 5600 decor.
1028 5548 1048 5580 ι
1083 5527 1180 5600 En.
1214 5526 1387 5582 Tuan.

437 5599 512 5670 (9)
565 5597 888 5668 Ἀμάρτίας.
933 5599 1366 5670 Οηιὶιιίιώνθνιιιι
1401 5637 1415 5661 ,
1463 5597 1555 5670 καὶ
1597 5597 1724 5669 περὶ
1759 5597 1942 5670 ἀμαρε.

365 5667 514 5732 ⁴νίας-⁷,
545 5685 666 5739 qua:
698 5680 750 5724 et
784 5671 842 5725 in
872 5685 982 5724 uno
1007 5667 1218 5739 Covelli
1236 5668 1422 5722 codice
1460 5667 1692 5739 absunt:
1738 5669 1832 5722 sed
1874 5669 1944 5739 ab

367 5740 490 5810 aliis
519 5737 798 5795 codicibus
820 5781 834 5802 .
865 5738 1322 5810 quemadmodum
1351 5747 1402 5792 et
1433 5737 1772 5810 vcrsionibus
1803 5738 1942 5790 anti-

369 5809 498 5884 quis
531 5811 781 5890 Epistola‘
809 5808 1212 5876 adRomanos,
1241 5817 1626 5889 agitoscuutur.
1653 5808 1870 5864 Fannia.

2032 3293 2206 3346 καίτοι
2245 3295 2448 3358 τέλειος
2495 3295 2668 3364 Λόγος
2710 3294 2806 3362 ὢν,
2843 3296 3176 3365 Μονογενής.
3224 3294 3354 3348 0⁵30⁸
3400 3297 3434 3364 ἡ
3479 3290 3608 3363 σὰρξ

1679 3419 1724 3449 ⁷⁸
1751 3419 1910 3476 Rom.
1941 3441 2056 3490 vm,
2090 3430 2142 3492 5,
2179 3430 2222 3482 ιι,

2095 3565 2204 3634 (l0)
2230 3569 2296 3620 Τό
2321 3569 2524 3622 κοινὸν
2541 3569 2724 3638 ὄνομα
2743 3570 2914 3636 τῆς...
2935 3569 3383 3638 φιλοστοργίας.
3409 3586 3428 3618 ι
3451 3567 3608 3621 (ἰοπιο

2025 3653 2187 3690 nmne
2207 3654 2401 3692 nomen
2418 3637 2670 3692 amoris.»
2693 3640 2860 3694 Filius
2879 3637 2994 3702 Dei,
3015 3641 3157 3692 ﬁlius
3176 3637 3419 3691 hominis
3439 3641 3608 3690 norni-

2027 3720 2188 3760 natns
2204 3716 2287 3760 est
2307 3720 2358 3762 et
2382 3709 2501 3771 fuit,
2529 3720 2584 3763 ut
2603 3725 2700 3764 nos
2718 3711 2810 3762 ﬁlii
2843 3709 2935 3763 Dei
2955 3715 3380 3764 nominernur.et
3401 3708 3602 3761 simus:

2029 3777 2170 3844 quod
2205 3777 2304 3830 fuit
2335 3795 2562 3831 somnne
2598 3795 2722 3845 erga
2763 3795 2863 3833 nos
2893 3779 3197 3832 charitatis.
3245 3795 3264 3827 ι
3313 3775 3538 3842 Videte,
3583 3797 3604 3827 ι

2031 3847 2206 3914 inquit
2235 3847 2476 3901 Joannes
2504 3849 2556 3901 in
2595 3847 2764 3914 Epist.
2800 3849 2841 3912 Ι,
2869 3865 2988 3916 cap.
3025 3865 3064 3909 ι,
3101 3849 3149 3914 1,
3189 3866 3206 3898 ι
3236 3848 3457 3916 qualem
3483 3848 3608 3900 cha-

2029 3918 2244 3970 ritatcm
2277 3917 2424 3969 dedit
2447 3918 2606 3972 nobis
2633 3917 2814 3980 Pater,
2841 3930 2898 3972 ιιι
2927 3918 3020 3971 ﬁlii
3060 3918 3152 3970 Dei
3185 3917 3536 3970 nominemur
3557 3925 3608 3968 et

2033 3987 2234 4040 simus!
2271 4005 2288 4036 ι
2325 3985 2435 4042 Nisi
2469 3989 2610 4040 enim
2641 3990 2718 4042 sic
2741 3989 2898 4041 Pater
2921 3989 3201 4042 dilexisset
3231 3985 3522 4048 mundum,
3553 3993 3608 4038 ut

2037 4055 2230 4108 Filium
2270 4072 2428 4110 suum
2476 4057 2674 4110 factum
2723 4059 2891 4112 ﬁlium
2935 4059 3170 4111 hominis
3217 4071 3316 4124 pro
3351 4052 3517 4110 nobis
3555 4055 3606 4106 in

2035 4137 2262 4179 mortem
2295 4127 2633 4189 tradidisset,
2669 4127 3010 4196 adoptionem
3043 4128 3276 4196 ﬁliorum
3310 4125 3412 4178 Dei
3450 4139 3610 4195 quam

2033 4196 2362 4263 accepimus,
2392 4213 2496 4250 non
2525 4195 2942 4266 accepissemus.
2977 4197 3077 4266 Fs.
3111 4195 3378 4266 TUBRIAN:

2107 4265 2216 4336 (ιι)
2260 4266 2406 4336 Οϋζε
2445 4263 2670 4334 reip“...
2704 4267 2930 4333 τέλειος
2960 4263 3040 4336 ἦν
3077 4267 3225 4330 Υἱός.
3265 4285 3294 4336 5
3325 4263 3440 4320 Nec
3467 4264 3610 4320 enim

2036 4335 2308 4402 perfectus
2337 4335 2508 4390 Filius
2533 4347 2700 4390 erat.»
2730 4337 2874 4390 Nihil
2900 4334 3084 4390 deerat
3109 4337 3244 4388 Filio
3265 4334 3360 4388 Dei
3390 4337 3460 4390 ad
3493 4349 3614 4404 per-

2037 4407 2326 4459 fectionem
2362 4407 2726 4475 generationis
2759 4416 2973 4461 aeternae
2999 4423 3060 4459 ex
3091 4405 3270 4468 Patre,
3313 4417 3607 4474 antequam

2041 4477 2192 4529 ﬁeret
2219 4477 2360 4529 ﬁlius
2393 4477 2666 4530 hominis:
2701 4476 2794 4530 sed
2835 4477 2898 4529 ad
2941 4477 3236 4544 perfectum
3287 4476 3610 4544 mysterium

1967 4531 2012 4588 Ι)
2041 4547 2360 4600 oeconomia:
2389 4547 2578 4600 deerat
2602 4545 2820 4600 Christo
2849 4531 2984 4600 Fili-0
3017 4545 3110 4598 Dei
3135 4587 3149 4608 ,
3178 4555 3238 4598 ut
3269 4531 3429 4598 ﬁeret
3467 4545 3610 4598 ﬁlius

2041 4615 2301 4678 hominis,
2332 4625 2385 4669 et
2413 4615 2492 4669 sic
2515 4625 2659 4670 esset
2685 4615 2954 4681 perfectus
2977 4616 3244 4670 Christus.
3274 4613 3416 4668 Cum
3449 4630 3610 4668 carne

2040 4685 2224 4752 itaque
2269 4685 2445 4739 factus
2487 4695 2569 4739 est
2601 4687 2869 4752 perfectus
2901 4686 3188 4746 Christus,
3235 4693 3290 4738 et
3337 4685 3612 4752 perfectus

2041 4756 2155 4808 sive
2202 4757 2502 4823 completus
2535 4755 2737 4818 Filius;
2766 4755 2937 4810 Filius
2972 4756 3175 4809 Scilicet
3225 4752 3349 4817 Dei,
3387 4765 3444 4808 et
3471 4756 3612 4807 ﬁlius

2043 4823 2310 4879 hominis:
2340 4825 2464 4893 quia
2488 4827 2516 4878 h
2561 4825 3110 4893 postasisCln-isti,ut
3131 4824 3340 4892 antiqui
3373 4823 3611 4891 theoiOgi

2043 4903 2095 4948 ct
2146 4895 2496 4948 ecclesiastici
2522 4842 2717 4948 ἴδοισθε
2758 4895 3009 4948 tradunt.
3066 4904 3148 4948 est
3191 4893 3322 4948 uuid
3373 4895 3611 4948 contule-

2042 4903 2095 4948 ct
2146 4895 2496 4950 ecclesiastici
2527 4893 2717 4950 Patres
2758 4895 3009 4958 tradunt,
3066 4904 3148 4948 est
3191 4893 3322 4962 quid
3373 4895 3616 4962 comple-

2043 4972 2156 5016 tum
2201 4981 2267 5018 ex
2311 4965 2521 5019 duabus
2555 4965 2794 5024 naturis.
2828 4963 3010 5016 divina
3037 4965 3242 5018 scilicet
3270 4971 3326 5016 et
3373 4963 3612 5017 humana

2043 5035 2190 5087 unita
2227 5033 2425 5088 Verbo.
2447 5034 2514 5088 Et
2541 5035 2730 5088 beatus
2759 5034 2994 5104 Cyrillus
3026 5035 3120 5087 lib.
3143 5049 3178 5086 ιι
3204 5042 3392 5085 contra
3417 5032 3617 5104 Neue-

2043 5105 2180 5156 rium
2208 5123 2225 5156 :
2260 5124 2276 5154 ι
2308 5105 2538 5172 Corpus,
2565 5105 2760 5172 inquit,
2791 5103 2857 5158 ex
2884 5105 3111 5158 muliere
3145 5113 3356 5164 natum,
3397 5103 3610 5172 unitth

2043 5173 2220 5244 Verbo
2251 5169 2546 5244 secundum
2573 5169 2907 5244 hyposlasin,
2941 5173 3214 5244 Christum
3249 5189 3418 5244 unum
3452 5169 3614 5244 et_Fi-

2042 5243 2174 5297 lium
2203 5253 2258 5298 et
2297 5243 2583 5298 Dominum
2611 5241 2861 5311 perfecit,
2895 5245 3008 5297 sive
3042 5243 3328 5310 complevit
3355 5241 3610 5294 eumdem

2047 5315 2212 5367 Deum
2237 5325 2290 5368 et
2314 5315 2587 5367 hominem
2607 5331 2621 5379 ;
2645 5335 2661 5362 ι
2683 5316 2826 5382 quod
2849 5313 3072 5382 perinde
3096 5322 3178 5366 est
3205 5319 3262 5364 ut
3279 5311 3510 5382 diceret,
3527 5311 3614 5364 Fi-

2043 5386 2176 5438 lium
2229 5384 2322 5437 Dei
2364 5393 2416 5436 ct
2455 5379 2716 5436 eumdem
2749 5379 2917 5436 ﬁlium
2973 5383 3230 5436 hominis.
3265 5379 3615 5434 Conveniunt

2043 5470 2166 5510 cmn
2198 5453 2284 5506 his
2317 5468 2436 5522 qua:
2470 5453 2727 5524 Leontius
2771 5453 3061 5524 Byzantius
3094 5453 3188 5524 lib.
3231 5460 3474 5524 [contra
3513 5449 3616 5503 Ne-

2044 5525 2306 5578 storianos
2336 5521 2401 5576 iet
2454 5521 2829 5592 Eulycltianos'
2863 5523 3108 5591 scripsit,
3152 5521 3422 5592 duplicem
3493 5535 3614 5592 esse

2045 5595 2430 5665 perfectionem
2455 5595 2509 5647 in
2541 5589 2758 5648 Christo
2789 5589 3142 5665 :‘unarngquze
3171 5589 3496 5665 simpliciter
3525 5589 3612 5642 di-

2045 5662 2220 5731 citur,
2252 5665 2474 5718 alteram
2527 5679 2646 5732 quae
2678 5665 2730 5716 in
2769 5662 3084 5732 habitudine
3113 5662 3376 5724 cernitur,
3411 5675 3614 5732 secun-

2044 5737 2172 5788 dum
2217 5751 2470 5804 magnum
2507 5731 2850 5803 Gregorium.
2898 5753 2915 5784 ι
2947 5731 3250 5804 Perfectum
3303 5733 3488 5804 enim,
3529 5731 3610 5804 in-

2047 5806 2202 5884 quit,
2231 5801 2572 5861 est—Verbum
2605 5801 2658 5860 et
2685 5805 2924 5880 plenum,
2958 5813 3010 5858 et
3047 5803 3292 5874 prmbens
3319 5801 3604 5876 perfectio-
