3862 6534
149 411 237 466 825
1295 411 1574 468 CONTRA
1613 415 1937 472 HA‘IRESIN
1975 415 2199 474 NOETI.

3267 429 3370 483 82‘}

147 527 249 580 καθ’
269 526 460 597 ἑαυτὴν
485 527 605 596 δίχα
633 528 726 580 τοῦ
767 528 938 598 Λόγου
979 529 1276 584 ὑποστάναι
1314 532 1577 602 ἠδύνατο,
1612 535 1689 587 διὰ

1804 535 2140 606 Unigenitus.
2181 537 2364 608 Neque
2388 557 2514 596 caro
2539 559 2634 612 per
2655 559 2712 599 se
2735 544 2852 600 sine
2877 544 3050 600 Verbo
3077 548 3372 602 sul‘sistere

145 620 195 672 τὸ
224 622 274 671 ἐν
299 618 453 686 Λόγῳ
481 621 576 690 τὴν
607 621 863 673 σύστασιν
896 621 1058 692 ἔχειν.
1091 621 1276 687 Οῦτως
1305 619 1396 677 οὖν
1446 622 1524 689 εἷς
1570 626 1698 690 Υἱὸς

144 712 324 775 τέλειος
349 711 483 764 Θεοῦ
513 714 830 785 ἐφανεῴιθη
863 715 991 786 (12).

203 897 299 950 Καὶ
327 896 493 949 ταῦτα
531 898 628 967 μὲν
660 899 786 969 περί
817 897 1143 968 σαρκώσεως
1165 899 1259 952 τοῦ
1289 899 1459 968 Λόγου
1494 901 1697 971 μαρτύ-

143 1007 247 1061 ρια·
282 990 425 1042 ἐστιν
459 990 513 1041 δὲ
549 991 642 1045 καὶ
673 990 833 1062 ἕτερα
871 992 1115 1045 πλεῖστα.
1155 993 1383 1062 ’Ίδωμεν
1425 993 1481 1045 δὲ
1512 995 1606 1046 καὶ
1636 993 1698 1046 τὸ

144 1083 477 1154 προκείμενον
499 1099 512 1111 ·
546 1084 626 1134 ὅτι
673 1083 860 1146 ὅντως,
902 1084 1119 1152 ἀδελφοὶ
1140 1127 1153 1147 ,
1184 1087 1216 1156 ἡ
1250 1084 1476 1154 δυναμις
1520 1088 1552 1154 ἡ
1587 1085 1698 1137 Πα-

141 1174 289 1246 τρῴα,
314 1176 341 1227 ὃ
367 1178 515 1228 ἐστιν
548 1177 718 1244 Λόγος
737 1216 750 1237 ,
783 1177 876 1229 ἀπ’
901 1179 1130 1248 οὐρανοῦ
1169 1179 1454 1250 κατῆλθεν,
1484 1181 1575 1232 καὶ
1600 1181 1699 1232 οῦκ

142 1269 282 1331 αὐτὸς
302 1269 330 1320 ὀ
354 1268 564 1338 Πατήρ.
595 1269 756 1336 Λέγει
782 1269 891 1341 γὰρ
914 1269 1083 1332 οὕτως
1103 1288 1115 1300 ·
1153 1289 1170 1321 ι
1211 1270 1350 1339 Ἐγὼ
1379 1273 1443 1323 ὲκ
1468 1271 1559 1323 τοῦ
1589 1273 1700 1323 Πα-

141 1361 250 1431 τρος
279 1359 519 1430 ἐξῆλθον,
551 1363 644 1414 καὶ
675 1363 813 1432 ἥκω.
845 1382 862 1413 ι
885 1362 948 1413 Τί
974 1363 1029 1415 δέ
1062 1366 1206 1416 ἐστιν
1222 1364 1300 1426 τὸ,
1325 1363 1544 1434 ἐξῆλθον
1563 1364 1696 1434 (19.⁸)

139 1455 194 1503 ἐκ
213 1451 294 1503 τοῦ
318 1451 554 1525 Πατρος,
582 1452 696 1505 ἀλλ’
723 1453 754 1525 ἦ
785 1455 812 1506 ὁ
841 1453 1008 1522 Λόγος
1035 1472 1048 1521 ;
1072 1455 1135 1506 Τί
1151 1456 1208 1508 δὲ
1229 1455 1289 1508 τὸ
1310 1455 1369 1520 ἐξ
1389 1455 1553 1508 αὑτοῦ
1577 1473 1700 1524 γεν-

138 1545 297 1616 νηθὲν,
321 1545 434 1598 ἀλλ’
467 1546 498 1616 ἣ
534 1546 756 1617 Πνεῦμα
789 1547 921 1618 (15),
949 1550 1227 1601 τουτέστιν
1260 1550 1288 1601 ὁ
1317 1549 1489 1616 Λόγος
1515 1566 1527 1613 ;
1558 1549 1695 1601 Ἀλλ’

137 1641 264 1710 ἐρεῖς
303 1659 392 1712 μοι
415 1657 428 1670 °
469 1641 593 1704 Πῶς
625 1641 982 1710 γεγέννηται;
1026 1641 1134 1711 Τὴν
1180 1641 1278 1712 μὲν
1311 1640 1452 1693 κατά
1486 1646 1543 1694 σε
1581 1642 1696 1712 διή-

137 1748 304 1800 γησιν,
345 1732 420 1793 ὡς
455 1733 774 1804 ἐγέννησαι,
810 1734 870 1785 οῦ
913 1733 1042 1804 δύνῃ
1075 1733 1343 1799 ἐξειπεῖν,
1390 1734 1564 1786 καίτοι
1597 1733 1696 1802 τῆς

135 1823 349 1893 ἑκάστης
383 1826 598 1896 ἡμέρας
641 1825 780 1898 ὁρῶν
827 1826 924 1895 τὴν
969 1826 1110 1878 κατὰ
1169 1825 1454 1895 ἄνθρωπον
1485 1827 1692 1888 αἰτίαν,

133 1917 215 1969 καὶ
249 1917 343 1986 τὴν
379 1920 508 1988 περί
537 1919 726 1972 τοῦτον
754 1920 1064 1989 οἰκονομίαν
1093 1919 1335 1990 ἀκριϐῶς
1365 1919 1598 1985 ἐξειπεῖν
1631 1919 1692 1972 οὐ

131 2007 351 2062 δύνασαι.
388 2010 462 2061 Οὐ
498 2011 604 2082 γὰρ
635 2011 896 2082 πάρεστίν
932 2029 1012 2063 σοι
1039 2010 1325 2078 γινώσκειν
1353 2012 1450 2082 τὴν
1475 2010 1567 2063 τοῦ
1601 2011 1694 2082 δη-

135 2099 548 2168 μιουργήσαντος
582 2100 840 2172 ἔμπειρον
887 2101 980 2153 καὶ
1021 2101 1409 2171 ἀνεκδιήγητον
1459 2102 1652 2170 τέχνην
1676 2139 1690 2162 ν

131 2189 229 2241 ἀλλ’
260 2190 290 2242 ἦ
333 2191 494 2260 μόνον
536 2191 744 2261 ὁρῶντα
789 2194 926 2243 νοεῖν
961 2192 1054 2244 καὶ
1101 2191 1373 2243 πιστεύειν
1405 2194 1486 2244 ὅτι
1535 2193 1694 2264 ἔργον

130 2281 249 2334 θεοῦ
273 2277 575 2352 ἄνθρωπος.
604 2283 737 2349 Περὶ
764 2283 820 2335 δὲ
842 2284 1012 2349 Λόγου
1042 2283 1254 2350 γένεσιν
1288 2283 1465 2352 ζητεῖς
1485 2324 1498 2345 ,
1527 2285 1694 2354 ὅνπερ

131 2373 395 2442 βουληθεὶς
425 2376 454 2426 ὁ
488 2374 617 2436 Θεὸς
645 2376 834 2446 Πατὴρ
861 2375 1148 2443 ἐγέννησεν
1187 2375 1261 2436 ὡς
1293 2375 1573 2445 ἠθέλησεν.
1617 2376 1691 2426 Οὐ

129 2465 226 2536 γὰρ
263 2465 534 2536 αὖτάρκες
585 2467 668 2518 σοί
713 2468 859 2519 ἐστιν
895 2467 1087 2536 μαθεῖν
1133 2468 1215 2518 ὅτι
1251 2467 1452 2537 κόσμον
1492 2470 1518 2520 ὁ
1562 2467 1692 2531 Θεὸς

131 2559 396 2628 ἐποίησεν,
433 2559 568 2613 ἀλλὰ
602 2561 694 2613 καὶ
726 2561 886 2614 πόθεν
926 2562 1210 2630 ἐποίησεν,
1259 2561 1460 2632 τολμᾷς
1501 2561 1693 2633 ἐπιζη-

130 2652 262 2714 τεῖν;
296 2651 363 2701 “ll
405 2651 506 2703 οῦκ
550 2651 821 2720 αὔταρκες
865 2652 946 2703 σοί
989 2653 1136 2703 ἐστιν
1175 2651 1398 2720 μαθεῖν,
1452 2651 1532 2703 ὃτι
1569 2652 1694 2714 Υἱὸς

131 2741 252 2794 Θεοῦ
302 2759 375 2795 σοι
411 2742 731 2813 ἐφανερώθη
774 2746 853 2806 εἰς
885 2743 1190 2813 σωτηρίαν,
1239 2743 1332 2795 ἐὰν
1362 2744 1690 2816 πιστεύσῃς.

132 2830 254 2882 ἀλλά
280 2832 370 2884 καὶ
401 2831 521 2894 πῶς
556 2831 818 2902 ἐγεννήθη
850 2831 990 2884 κατά
1020 2831 1242 2902 Πνεῦμα
1263 2874 1276 2896 ,
1303 2833 1694 2904 πολυπραγμο-

131 2925 256 2986 νεῖςς
298 2923 404 2974 Καὶ
446 2924 545 2993 τὴν
592 2924 688 2994 μὲν
725 2924 868 2977 κατὰ
914 2925 1090 2995 σάρκα
1140 2924 1390 2995 γέννησιν
1434 2925 1598 2978 αὐτοῦ
1631 2927 1691 2977 οὖ

130 3015 356 3078 πλείονες
399 3015 796 3085 ἐπιστεύθησαν
825 3016 1190 3086 διηγήσασθαι
1225 3017 1360 3088 πλὴν
1407 3017 1500 3070 δύο
1543 3017 1687 3086 (l-i)‘

130 3109 212 3160 καὶ
245 3109 306 3160 σὺ
328 3108 532 3179 τολμᾷς
566 3108 842 3180 ἐπιζητεῖν
875 3109 972 3180 τὴν
998 3109 1137 3161 κατά
1165 3109 1388 3180 Πνεῦμα
1419 3111 1689 3180 διήγησιν,

1799 639 2047 698 poterat,
2095 632 2222 702 quia
2257 633 2308 685 in
2345 633 2520 689 Verbo
2555 637 2786 693 habebat
2829 640 2925 710 τὴν
2970 639 3224 694 σύστασιν
3250 683 3264 706 ,
3317 641 3370 695 id

1797 731 1900 784 est,
1936 722 1988 775 in
2023 722 2196 776 Verbo
2231 725 2575 781 subsistebat.
2611 728 2700 783 Sic
2746 747 2876 801 ergo
2903 747 3045 785 unus
3077 731 3249 787 Filius
3277 733 3370 788 Dei

1798 812 2099 880 perfectus,
2134 816 2509 871 manifestatus
2531 828 2632 872 est.

1871 905 2010 959 XVI.
2061 907 2239 975 Atque
2286 909 2396 962 hinc
2441 911 2658 976 quidem
2709 921 2836 966 sunt
2881 914 2948 967 de
2999 915 3372 971 incarnatione

1801 997 1961 1050 Verbi
2008 999 2315 1051 testimonia
2344 1015 2356 1051 :
2396 1011 2632 1069 suntque
2663 1011 2714 1055 et
2744 1003 2847 1057 alia
2882 1005 3134 1072 plurima.
3175 1003 3372 1059 Videa-

1801 1107 1923 1144 mus
1957 1107 2099 1143 nunc
2127 1092 2269 1160 quod
2309 1097 2643 1159 [impositum
2696 1095 2854 1149 nobis
2886 1105 2968 1149 est
3001 1115 3012 1149 :
3049 1098 3193 1165 quod
3225 1114 3370 1161 vere,

1801 1183 2015 1247 fratres,
2050 1185 2224 1237 virtus
2250 1183 2445 1248 Patris,
2475 1185 2620 1254 quod
2647 1195 2730 1240 est
2759 1185 2997 1241 Verbum
3039 1187 3154 1254 Dei,
3179 1205 3208 1242 e
3233 1191 3373 1243 cmlo

1798 1277 2110 1341 descendit,
2138 1287 2191 1329 et
2225 1293 2330 1331 non
2361 1279 2471 1346 ipse
2507 1279 2683 1333 Pater.
2735 1280 2827 1336 Sic
2873 1284 3017 1336 enim
3051 1285 3127 1337 ait
3156 1303 3170 1337 :
3203 1303 3220 1334 ι
3257 1284 3369 1352 Ego

1798 1383 1865 1422 ex
1899 1368 2056 1422 Patre
2085 1368 2226 1420 exivi
2247 1410 2261 1433 ,
2298 1379 2350 1422 et
2378 1371 2536 1424 venio
2561 1373 2626 1424 ⁷⁵.
2662 1391 2680 1423 ι
2736 1372 2874 1438 Quid
2910 1383 2992 1428 est
3019 1385 3197 1428 autem
3227 1378 3371 1444 quod

1799 1473 1863 1510 ex
1889 1456 2046 1511 Patre
2067 1458 2253 1523 exivit,
2287 1459 2393 1512 nisi
2422 1460 2692 1513 Verbum?
2716 1460 2854 1526 Quid
2881 1471 2963 1516 est
2990 1463 3135 1531 quod
3158 1480 3222 1516 ex
3255 1464 3372 1532 ipso

1800 1551 2037 1618 genitum
2067 1560 2172 1613 est,
2200 1551 2306 1606 nisi
2339 1552 2596 1621 Spiritus,
2623 1553 2673 1607 id
2701 1562 2814 1618 est,
2849 1553 3126 1610 Verbum?
3157 1557 3259 1611 Sed
3291 1559 3374 1611 di-

1800 1655 1891 1693 ces
1945 1639 2076 1692 mihi
2109 1658 2121 1692 :
2152 1638 2439 1704 Quomodo
2488 1642 2726 1709 genitum
2770 1642 2894 1695 est?
2948 1641 3369 1710 Explicationem

1799 1731 2072 1800 quomodo
2124 1741 2179 1786 tu
2230 1733 2444 1800 genitus
2494 1749 2583 1795 es,
2644 1750 2752 1787 non
2803 1742 2955 1802 potes
3020 1749 3369 1801 expromere,

1799 1826 2049 1895 quamvis
2087 1826 2331 1894 quotidie
2362 1826 2514 1880 vides
2545 1841 2766 1880 causam
2808 1826 3138 1889 humanam,
3168 1835 3221 1879 et
3249 1841 3371 1879 mo-

1796 1917 1924 1970 dum
1962 1916 2330 1984 generationis
2371 1931 2480 1968 non
2525 1923 2678 1984 potes
2720 1913 2956 1982 perfecte
2992 1913 3202 1967 efferre.
3254 1911 3372 1964 Non

1795 2009 1940 2062 enim
1986 2008 2112 2062 licet
2165 2008 2261 2061 tibi
2292 2023 2623 2077 cognoscere
2656 2017 2825 2060 artem
2859 2007 2977 2076 ejus
3008 2008 3100 2076 qui
3133 2007 3372 2068 creavit,

1797 2103 1850 2156 in
1884 2102 2217 2171 experientia
2247 2111 2301 2156 et
2340 2118 2439 2155 usu
2470 2103 2726 2170 positam,
2759 2111 2810 2154 ct
2843 2118 2947 2154 non
2978 2101 3369 2163 enarrabilem;

1797 2195 1890 2249 sed
1917 2194 2094 2248 solum
2120 2193 2353 2246 videndo
2386 2193 2680 2262 intelligere
2705 2203 2758 2247 et
2789 2195 3032 2254 credere,
3060 2194 3202 2262 quod
3234 2209 3372 2261 opus

1797 2283 1888 2338 Dei
1924 2293 2008 2338 est
2037 2284 2216 2337 homo.
2253 2283 2326 2336 De
2367 2282 2525 2336 Verbi
2558 2292 2736 2336 autem
2770 2283 3134 2352 generationis
3164 2283 3372 2336 ratione

1795 2378 1995 2445 quaeris
2015 2419 2029 2440 ,
2060 2393 2165 2444 qua
2201 2377 2342 2430 Deus
2373 2375 2531 2429 Pater
2556 2391 2814 2444 generare
2854 2376 3058 2438 voluit;
3094 2374 3372 2440 generavit

1796 2469 1937 2521 sicut
1977 2469 2170 2520 voluit.
2220 2466 2336 2520 Non
2381 2468 2514 2521 satis
2565 2476 2650 2520 est
2694 2467 2791 2520 tibi
2841 2467 2980 2521 scire
3030 2466 3173 2535 quod
3231 2465 3372 2520 Deus

1796 2561 2059 2613 mundum
2086 2559 2360 2625 condidit,
2411 2559 2514 2615 nisi
2557 2559 2759 2615 audeas
2797 2560 3069 2626 inquirere
3096 2560 3372 2628 quomodo

1796 2653 2069 2706 condidit?
2107 2651 2224 2707 Non
2274 2653 2470 2707 sufficit
2500 2652 2596 2706 tibi
2627 2668 2983 2720 cognoscere,
3019 2654 3162 2720 quod
3201 2651 3373 2706 Filius

1795 2744 1890 2799 Dei
1935 2745 2030 2798 tibi
2076 2746 2326 2814 apparuit
2363 2745 2428 2798 ad
2472 2746 2702 2799 salutem
2725 2782 2740 2806 ,
2790 2745 2834 2797 si
2871 2754 3048 2797 tamen
3083 2743 3133 2795 id
3162 2743 3370 2808 credis;

1795 2835 1889 2891 sed
1936 2837 2158 2904 insuper
2201 2837 2476 2905 quomodo
2507 2836 2720 2904 genitus
2747 2843 2825 2888 est
2858 2834 3154 2887 secundum
3196 2831 3370 2899 Spiri-

1795 2939 1848 2982 tu
1859 2945 1932 2993 ιιι,
1945 2929 2158 2981 curiose
2185 2928 2438 2996 indagas?
2453 2926 2612 2995 Atqui
2636 2926 3032 2994 generationem
3055 2924 3172 2990 eius
3187 2936 3380 2976 secun-

1795 3021 1922 3074 dum
1961 3037 2180 3074 carnem
2220 3035 2497 3083 enarrare,
2543 3034 2648 3071 non
2690 3018 2936 3086 pluribus
2965 3032 3126 3085 quam
3158 3015 3372 3068 duobus

1795 3113 2164 3166 concreditum
2199 3120 2313 3175 est;
2351 3121 2401 3164 et
2446 3120 2501 3163 tu
2536 3110 2703 3163 audes
2741 3109 3140 3178 generationem
3177 3121 3373 3160 secun-

126 3199 186 3267 ἠν
217 3201 339 3269 παρ’
369 3199 548 3271 ἑαυτῷ
587 3200 840 3270 φυλάττει
876 3201 1061 3271 Πατὴρ
1086 3241 1099 3263 ,
1133 3201 1536 3255 ἀποκαλύπτειν
1575 3203 1689 3272 μέλ-

1800 3205 1926 3258 dum
1972 3202 2234 3273 Spiritum
2271 3204 2538 3266 scrutari,
2585 3218 2746 3271 quam
2782 3200 2924 3270 apud
2961 3216 3017 3252 se
3066 3197 3224 3250 Pater
3258 3211 3374 3250 ser-

127 3291 220 3342 λων
263 3294 378 3345 τότε
423 3297 538 3357 τοῖς
581 3295 756 3362 ἁγίοις
803 3295 896 3346 καί
939 3294 1111 3360 ἀξίοις
1140 3295 1268 3348 ἰδεῖν
1305 3296 1364 3348 τὸ
1402 3297 1691 3366 πρόσωπον

128 3382 308 3445 cato];
359 3383 644 3454 Αῦτάρκες
703 3401 783 3436 σοι
837 3385 949 3455 ἤτω
1003 3385 1062 3438 τὸ
1111 3386 1397 3456 εἰρημένον
1447 3387 1549 3439 ὑπὸ
1600 3387 1690 3440 τοῦ

125 3474 371 3544 Χριστοῦο
409 3477 495 3527 ὅτι
547 3495 564 3526 ι
595 3477 654 3529 τὸ
683 3477 1078 3547 γεγεννημένον
1118 3479 1179 3529 ἐκ
1213 3477 1305 3530 τοῦ
1341 3477 1690 3547 Πνεῦματος,

128 3565 329 3634 πνεῦμά
352 3567 536 3619 ἐστιν’
571 3585 589 3617 ι
637 3566 815 3630 καθὼς
853 3567 939 3620 διὰ
987 3567 1081 3620 τοῦ
1129 3570 1413 3640 Προ-ρήτου
1455 3571 1552 3639 τὴν
1596 3571 1689 3624 τοῦ

125 3656 283 3724 Λόγου
314 3658 568 3727 γέννησιν
603 3659 885 3728 σημαίνων
914 3660 993 3711 ὅτι
1024 3660 1376 3730 γεγέννηται,
1409 3662 1469 3713 τὸ
1492 3661 1546 3715 δὲ
1574 3663 1691 3727 πῶς

125 3748 368 3815 φυλάσσει
419 3749 598 3822 καιρῷ
631 3750 920 3822 ὡρισμένῳ
951 3754 1078 3824 παρ’
1130 3753 1276 3824 αὑτῷ
1319 3754 1525 3824 μέλλων
1558 3755 1691 3807 ἀπο-

123 3840 422 3895 καλύπτειν.
499 3841 662 3911 Λέγει
710 3842 766 3894 es
821 3842 1026 3907 οὕτως·
1088 3863 1105 3893 ι
1151 3846 1244 3897 Ἐκ
1297 3845 1532 3917 γαστρὸς
1585 3846 1690 3917 πρὸ

122 3934 382 4007 ἑωσφόρον
413 3935 746 4006 ἐξεγὲννησά
781 3953 860 3988 σε.
891 3955 910 3988 ι

184 4028 484 4100 Αὑτάρκεις
523 4021 680 4081 αὗται
720 4029 776 4082 αἱ
831 4029 1134 4100 μαρτυρίαι
1175 4031 1384 4092 πιστοῖς
1430 4029 1686 4100 ἀλήθειαν

121 4119 395 4173 ἀσκοῦσιν
428 4121 476 4172 οἱ
503 4120 558 4174 δὲ
583 4121 798 4175 ἄπιστοι
835 4121 1009 4173 οὐδενὶ
1050 4119 1412 4175 πιστεύουσιν.
1440 4122 1548 4174 Καὶ
1580 4123 1688 4194 γὰρ

119 4212 171 4264 τὸ
192 4213 411 4285 Πνεῦμα
438 4213 499 4267 τὸ
527 4214 679 4281 ἅγιον
707 4215 771 4267 ἐκ
802 4200 1093 4284 προσώπου
1125 4212 1231 4265 τῶν
1256 4214 1568 4267 ἀποστόλων
1590 4215 1689 4267 διε-

119 4305 456 4377 μαρτύρατο,
499 4305 706 4374 λέγων·
750 4324 769 4356 ι
803 4304 912 4357 Καὶ
960 4305 1043 4367 τίς
1083 4304 1398 4357 ἐπίστευσεν
1439 4307 1502 4376 τῇ
1549 4305 1684 4374 ἀκοῇ

119 4397 290 4466 fatim;
326 4417 344 4449 ι
387 4399 551 4450 Ὥστε
600 4396 673 4468 μὴ
721 4395 1008 4467 γενώμεθα
1042 4397 1290 4460 ἄπιστοι,
1341 4398 1549 4467 μήποτε
1599 4397 1685 4465 ἐφ’

120 4489 238 4556 ἡμῖν
264 4489 490 4560 τελεσθῇ
517 4489 576 4540 τὸ
605 4488 911 4560 εἰρημένον.
951 4487 1339 4558 Πιστεΰσωμεν
1365 4485 1475 4554 οὖν,
1509 4489 1685 4556 μακά-

1796 3305 1925 3359 vat,
1977 3296 2320 3350 revelaturus
2353 3305 2485 3347 tunc
2529 3294 2764 3357 sanctis,
2798 3292 2888 3360 qui
2925 3300 2982 3343 ut
3029 3290 3218 3342 faciem
3253 3290 3372 3355 ejus

1794 3387 2014 3441 videant
2039 3387 2186 3456 digni
2219 3386 2417 3440 erunt?
2451 3385 2596 3438 Satis
2629 3384 2767 3436 habe
2801 3382 2945 3452 quod
2978 3398 3006 3434 a
3034 3381 3252 3433 Christo
3282 3379 3370 3431 di-

1793 3487 1943 3531 ctum
1988 3486 2114 3531 est:
2155 3496 2172 3528 ι
2204 3476 2357 3541 Quod
2410 3485 2596 3528 natum
2644 3483 2727 3528 est
2772 3490 2834 3526 ex
2872 3472 3112 3540 Spiritu,
3148 3471 3372 3538 spiritus

1795 3578 1880 3623 est
1901 3570 1978 3635 7‘;
2013 3588 2030 3620 ι
2059 3570 2201 3623 sicut
2234 3584 2328 3642 per
2358 3567 2685 3636 Prophetam
2717 3565 2986 3635 significat
3015 3563 3171 3616 Verbi
3211 3577 3373 3632 gene-

1791 3663 2081 3726 rationem,
2117 3663 2261 3731 quod
2293 3662 2508 3730 genitus
2537 3670 2615 3714 est
2640 3678 2654 3724 ;
2683 3657 2956 3728 quomodo
2991 3673 3119 3710 vero
3141 3697 3156 3717 ,
3195 3670 3372 3708 rescr-

1791 3764 1880 3808 vat
1913 3755 2053 3824 apud
2085 3771 2142 3813 se
2171 3755 2223 3808 in
2264 3764 2480 3823 tempus
2515 3760 2721 3807 certum
2763 3767 2827 3804 ac
2856 3749 3180 3819 praefinitum
3203 3788 3217 3812 ,
3243 3761 3368 3801 cum

1792 3846 1924 3900 illud
1955 3845 2291 3900 revelaturus
2317 3853 2421 3898 est.
2449 3843 2541 3898 Sic
2567 3844 2712 3899 enim
2747 3843 2861 3895 ait:
2896 3860 2913 3892 ι
2948 3840 3026 3894 Ex
3059 3849 3212 3893 utero
3247 3846 3373 3892 ante

1791 3937 2079 3992 luciferum
2107 3937 2269 4007 genui
2296 3938 2426 3990 te".
2461 3955 2478 3988 ι

1862 4026 2024 4081 XVII.
2068 4028 2358 4082 Sufficiunt
2394 4029 2506 4081 hazc
2535 4024 2843 4081 testimonia
2884 4022 3135 4077 fidelibus
3170 4020 3374 4073 verita-

1792 4120 1859 4174 tis
1887 4121 2186 4175 studiosis:
2222 4121 2464 4174 infideles
2505 4120 2648 4172 enim
2701 4117 2832 4171 nulli
2863 4116 3110 4170 credunt.
3159 4112 3368 4164 Etenim

1791 4211 2027 4281 Spiritus
2082 4221 2306 4267 sanctus
2368 4213 2422 4265 in
2481 4226 2714 4280 persona
2773 4210 3144 4278 apostolorum
3203 4215 3372 4259 testa-

1791 4315 1880 4361 tus
1925 4313 2028 4368 est,
2061 4304 2287 4358 dicens:
2334 4323 2353 4355 ι
2395 4303 2658 4367 Domine,
2703 4304 2826 4372 quis
2880 4300 3107 4356 credidit
3160 4299 3369 4352 auditui

1789 4404 1976 4449 nostro
1992 4396 2039 4428 ⁷⁸
2055 4394 2475 4460 ἳιριιιιιιιοιιτοιιι
2500 4410 2566 4448 ne
2583 4396 2756 4448 simus
2779 4392 3045 4456 infideles,
3063 4405 3130 4444 ne
3152 4389 3373 4459 quando

1791 4486 1844 4539 in
1880 4485 2070 4548 nobis,
2120 4487 2263 4555 quod
2301 4487 2506 4540 dictum
2539 4495 2652 4549 est,
2701 4485 3015 4553 impleatur.
3069 4482 3374 4536 Credamus

123 4594 212 4645 ριοι
239 4579 477 4648 ἀδελφοὶ,
499 4578 640 4632 κατὰ
662 4579 757 4650 τὴν
779 4578 1075 4650 παράδοσιν
1090 4578 1199 4631 τῶν
1220 4579 1530 4632 ἀποστόλων
1553 4580 1569 4649 (
1580 4580 1596 4631 Ι
1610 4579 1684 4649 5),

1800 4579 1980 4647 igitur,
2031 4578 2209 4632 dilecti
2244 4577 2468 4643 fratres,
2503 4576 2801 4631 secundum
2852 4575 3190 4628 traditionem
3238 4589 3372 4640 apo-

118 4667 190 4719 ὖτι
221 4669 351 4732 Θεὸς
388 4670 559 4737 Λόγος
595 4670 689 4722 ἀπ’
719 4668 959 4740 οὐρανῶν
993 4668 1261 4738 κατῆλθεν
1293 4671 1373 4731 εἰς
1400 4669 1497 4740 τὴν
1527 4669 1687 4737 ἁγίαν

117 4759 379 4831 Παρθένον
413 4763 656 4834 Μαρίαν,
688 4762 773 4814 ἵνα
804 4761 1110 4833 σαρκωθεὶς
1151 4761 1208 4826 ἐξ
1253 4761 1455 4830 αὐτῆς,
1509 4760 1688 4813 λαϐὼν

115 4849 165 4902 δὶ
194 4855 284 4905 καὶ
309 4852 487 4924 ψυχὴν
522 4854 619 4925 τὴν
645 4852 1011 4924 ἀνθρωπίνην,
1047 4852 1267 4924 λογικὴν
1295 4853 1350 4905 δὲ
1387 4852 1526 4927 λέγω
1545 4894 1559 4918 ,
1594 4870 1688 4921 γε-

119 4944 283 5013 γονὼς
328 4947 506 4999 πάντα
530 4947 632 5000 ὅσα
662 4947 811 4998 ἐστὶν
852 4946 1170 5016 ἄνθρωπος,
1208 4947 1365 5010 ἐκτὸς
1392 4948 1705 5017 ἁμαρτίας,

1277 5065 1321 5096 ⁷⁷
1345 5063 1490 5118 Psal.
1532 5079 1642 5130 cux,
1673 5065 1728 5118 5.

178 5063 220 5094 ⁷³
251 5061 412 5117 Joan.
445 5079 556 5124 xw,
589 5062 680 5117 9.8.
757 5064 805 5096 ⁷⁶
835 5063 992 5117 Joan.
1022 5080 1111 5126 ιιι,
1145 5064 1197 5117 6.

115 5170 252 5221 nem;
275 5159 511 5225 perfecta
540 5167 722 5212 autem
753 5159 1096 5212 estetanima
1132 5159 1674 5228 bominis,quantum

117 5231 173 5299 ad
205 5230 574 5299 definitionem
625 5231 875 5282 essentia}
923 5245 1034 5282 suze
1075 5248 1087 5282 :
1133 5230 1224 5282 sed
1267 5238 1446 5283 tamen
1504 5247 1680 5299 neque

122 5295 345 5352 Verbum
385 5309 470 5353 est
508 5299 780 5368 perfectus
815 5300 1067 5353 Christus
1100 5316 1204 5353 non
1241 5302 1390 5352 unita
1428 5295 1682 5352 humani-

115 5378 248 5430 tate,
299 5371 554 5438 quamvis
581 5368 851 5437 perfectus
882 5369 1021 5422 Deus
1055 5371 1162 5434 sit;
1201 5372 1343 5424 sicut
1373 5384 1471 5423 nec
1501 5372 1680 5422 anima

113 5439 380 5506 perfectus
433 5442 599 5492 homo
643 5449 727 5493 est
771 5441 888 5492 sine
931 5455 1157 5508 corpore
1184 5479 1198 5498 .
1240 5441 1342 5493 etsi
1391 5439 1681 5506 perfectam

115 5509 474 5563 substantiam
510 5509 693 5562 habet.
728 5529 745 5560 ι
779 5508 1053 5562 Hactenus
1089 5510 1366 5563 Leontius.
1391 5509 1677 5564 ι·”ιι.Τυιιιι.

180 5580 289 5649 ΗΞ)
333 5581 534 5644 Οὕτως
567 5575 680 5635 οὖν
711 5575 798 5644 εἷς
854 5579 982 5644 Υἱὸς
1020 5581 1247 5645 τέλειος
1288 5579 1435 5633 Θεοῦ
1467 5580 1679 5647 ἐφανε-

108 5649 280 5716 mon.
305 5649 404 5704 Hic
439 5653 593 5704 locus
613 5667 723 5718 quo
755 5651 1046 5718 plurimum
1078 5668 1135 5705 se
1157 5653 1388 5705 efferunt
1423 5649 1678 5716 Unitarii,

117 5723 374 5774 estruitur
405 5731 571 5790 atque
605 5721 910 5774 illustratur
951 5722 1203 5790 superius
1247 5723 1299 5775 in
1326 5721 1674 5790 Prolegon'ie—

119 5792 216 5850 his,
255 5793 344 5845 ubi
379 5791 448 5845 de
478 5791 584 5844 hoc
619 5791 886 5861 Hippolyti
916 5793 1178 5858 opusculo
1206 5809 1386 5847 sermo
1421 5792 1670 5846 recurrit.

184 5861 318 5932 (l‘Z‘)
342 5861 399 5916 Si
435 5862 713 5936 interpreti
747 5863 900 5928 fides,
943 5863 1259 5934 legendum:
1290 5863 1340 5914 τί
1363 5862 1418 5918 δὲ
1445 5862 1508 5914 τὸ
1536 5861 1677 5930 ἐξελ-

1795 4671 2061 4726 stolorum
2083 4712 2098 4733 ,
2133 4672 2278 4740 quod
2312 4671 2452 4725 Deus
2489 4670 2723 4726 Verbum
2763 4686 2793 4724 e
2818 4669 2973 4723 coalis
3007 4666 3284 4720 descendit
3319 4665 3372 4716 in

1796 4775 2038 4818 sanctam
2080 4762 2356 4832 Virginem
2413 4762 2676 4826 Mariam,
2729 4771 2785 4812 ut
2838 4776 2904 4812 ex
2945 4775 3005 4812 ea
3059 4759 3373 4809 incarnatus

1797 4866 2010 4923 sumpta
2053 4855 2233 4908 anima
2269 4854 2527 4916 humana,
2561 4851 2790 4907 rationis
2835 4850 3056 4918 inquam
3087 4846 3371 4916 participe,

1789 4945 1970 5001 factus
2003 4947 2186 5002 omnia
2235 4961 2578 5016 quaecunque
2614 4945 2781 4998 homo
2829 4951 2940 5006 est,
2988 4947 3211 5006 excepto
3244 4953 3371 5005 pec-

1800 5066 1848 5097 "
1879 5065 1982 5119 lsa.
2015 5065 2207 5130 1ι111,1.

1784 5152 1845 5208 (ό
1859 5178 1940 5212 ι...
1955 5200 1968 5224 ,
1985 5177 2104 5228 qua:
2119 5159 2336 5228 quidem
2359 5159 2516 5212 lectio
2533 5174 2594 5210 ex
2615 5152 3370 5228 sequentibu{confirmatur;

1785 5247 1910 5283 mox
1936 5223 2078 5282 enim
2102 5223 2293 5295 legitur
2316 5248 2327 5281 :
2348 5229 2399 5280 τί
2422 5228 2478 5280 δὲ
2501 5229 2628 5280 τὸ...
2651 5223 2929 5296 γεννηθέν.
2952 5226 3106 5278 Enn.
3130 5223 3370 5296 Pnnou.

1859 5301 1971 5371 (ιδ)
2023 5293 2174 5353 Ἀλλ’
2207 5299 2246 5371 γῆ
2282 5299 2554 5371 Πνεῦμα.
2588 5293 2774 5371 Divina
2802 5293 3015 5371 Christi
3048 5304 3264 5371 natura,
3289 5293 3366 5371 uti

1786 5362 1906 5430 est,
1953 5362 2031 5422 ita
2074 5362 2275 5438 passim
2311 5362 2474 5422 etiam
2506 5369 2708 5420 dicitur
2753 5387 2769 5417 ι
2801 5367 3036 5434 Spiritus
3068 5384 3085 5414 ι
3125 5362 3369 5438 antiquis

1787 5439 2041 5494 Ecclesia:
2058 5433 2373 5494 doctorilms
2398 5439 2483 5491 διὰ
2514 5439 2573 5489 τὸ
2595 5433 3023 5506 ἀσχημάτιστον,
3049 5445 3104 5487 ιιι
3126 5433 3370 5498 loquitur

1787 5510 2014 5565 Proclus
2059 5510 2400 5580 (Ipolitauus.
2456 5507 2590 5562 Vide
2643 5506 2922 5576 nugonem
2983 5506 3233 5559 Grotium
3300 5511 3371 5557 ad

1789 5581 1959 5654 Marc.
1988 5596 2063 5644 ιι,
2095 5581 2146 5654 8,.
2183 5580 2443 5654 Fannia.”
2536 5649 2547 5654 _
2733 5648 2742 5654 _
2812 5648 2821 5654 _
3112 5643 3129 5654 ,
3314 5641 3325 5654 ,

1857 5651 1970 5722 (ιιι)
2023 5649 2346 5722 Πλλίινᾼρὐο.
2398 5649 2652 5703 Μιιιιιιπδο
2691 5648 2950 5701 nimirum
2977 5687 2990 5711 ,
3019 5655 3073 5698 et
3112 5643 3272 5697 Lucas
3310 5643 3370 5698 in

1787 5720 2043 5793 Evangcl.
2073 5721 2168 5793 Fn.
2198 5720 2529 5793 Terminus.
2741 5785 2762 5793 -
2851 5787 2862 5793 _
3059 5786 3102 5793 η
3231 5781 3291 5793 ,η

1996 5792 2154 5845 Κατὰ
2184 5789 2664 5863 τὴν-παράδοσιν
2694 5785 2810 5863 τὼις
2832 5786 3211 5863 ἀποσςόλων.
3231 5781 3370 5846 Ἦ(ὶο

1787 5864 1840 5919 in
1865 5857 2027 5918 'hu'nc
2050 5863 2228 5917 locum
2247 5857 2514 5917 adnotata
2548 5874 2714 5931 supra
2741 5857 2811 5913 ad
2835 5873 2954 5930 cap.
2989 5859 3044 5913 9.
