3862 6486
489 388 597 449 3‘27

1172 381 1230 435 S.
1272 377 1642 434 lllPPOLYTl
1676 375 1823 430 OPP.
1867 371 2045 427 PARS
2080 369 2144 422 ll.
2182 397 2254 409 ——
2289 359 2597 420 DOGMAT.
2638 359 2726 412 ΕΤ
2768 349 3108 409 lilSTORlC.
3639 338 3724 392 8‘23

494 519 638 573 cato,
671 507 903 563 salvaret
934 484 1101 558 Adam
1136 502 1230 572 qui
1264 499 1569 564 ceciderat,
1604 506 1657 551 et
1689 494 2070 550 immortalita-

2200 486 2326 559 rtbO'q
2350 484 2441 537 τὸν
2473 477 2816 538 πεπτωκότα,
2849 473 2943 526 καὶ
2969 465 3275 538 ἀφθαρσίαν
3303 457 3605 531 ἀνθρώποις
3640 473 3727 509 πα-

496 612 606 656 tem
642 597 955 654 hominibus
1001 595 1288 664 largiretur
1321 592 1387 646 iis
1418 590 1512 660 qui
1544 589 1824 644 crederent
1869 587 1923 640 in
1968 600 2069 638 no—

497 693 645 748 mine
693 705 816 744 suo.
885 685 943 740 In
994 684 1248 740 omnibus
1295 682 1459 753 igitur
1501 680 1929 734 demonstratum
1989 685 2074 730 est

498 783 659 838 nobis
692 781 918 834 verbum
946 775 1211 839 veritatis,
1237 773 1380 845 quod
1414 787 1558 828 unus
1590 779 1674 825 est
1703 770 1882 832 Pater,
1916 768 2074 835 cujus

499 877 652 930 adest
682 872 920 926 Verbum
963 885 1061 938 per
1099 867 1241 938 quod
1275 867 1455 921 omnia
1505 863 1665 928 fecit;
1714 861 1858 931 quod
1895 870 2076 930 poste-

500 965 740 1019 rioribus
766 961 1122 1030 temporibus,
1173 959 1316 1013 sicut
1347 956 1598 1023 superius
1629 953 1899 1018 diximus,
1929 951 2078 1004 misit

501 1056 660 1110 Pater
691 1054 758 1107 ad
793 1053 1024 1106 salutem
1061 1050 1366 1104 hominum.
1414 1045 1530 1101 Hoc
1553 1062 1647 1116 per
1671 1045 1844 1112 legem
1873 1053 1925 1096 et
1953 1058 2078 1111 pro-

501 1148 692 1216 phetas
736 1144 1090 1215 prtedicatum
1122 1152 1206 1197 est
1231 1151 1519 1197 venturum
1551 1153 1672 1193 esse
1698 1138 1752 1191 in
1789 1135 2076 1190 mundum.

501 1240 655 1295 Sicut
699 1253 827 1308 ergo
853 1236 1203 1307 praedicatum
1246 1241 1356 1298 est,
1399 1233 1479 1288 sic
1517 1244 1760 1300 prtesens
1811 1243 1870 1282 se
1901 1227 2078 1296 ipsum

502 1332 852 1386 manifestum
884 1329 1011 1384 fecit
1034 1345 1099 1382 ex
1123 1327 1349 1397 Virgine
1379 1334 1432 1379 et
1461 1324 1663 1393 Spiritu
1692 1329 1881 1376 sancto
1908 1335 2082 1374 novus

500 1425 667 1478 homo
714 1421 927 1476 factus:
961 1420 1169 1474 habens
1204 1418 1422 1473 cmleste
1453 1416 1597 1486 quod
1628 1414 1918 1468 Paternum
1945 1420 2080 1474 erat,

502 1526 761 1584 tanquam
785 1511 1022 1568 Verbum
1045 1530 1059 1577 ;
1087 1520 1360 1566 terrenum
1382 1525 1510 1562 vero
1535 1516 1792 1575 tanquam
1817 1522 1883 1559 ex
1906 1512 2084 1558 vetere

503 1609 675 1661 Adam
698 1647 714 1671 ,
751 1621 848 1675 per
886 1603 1164 1674 Virginem
1201 1603 1536 1656 incarnatus.
1593 1598 1684 1653 Sic
1732 1598 1787 1651 in
1820 1597 2084 1650 mundum

504 1711 781 1765 egressus,
822 1697 967 1752 Deus
994 1704 1316 1765 corporatus
1349 1691 1632 1761 apparuit,
1679 1705 1932 1759 egressus
1962 1703 2086 1756 per-

507 1789 682 1843 fectus
708 1788 896 1843 homo.
933 1786 1051 1840 Non
1082 1787 1226 1840 enim
1261 1801 1356 1854 per
1389 1783 1662 1837 ﬁctionem
1696 1788 1791 1835 aut
1827 1765 2084 1834 mutatio-

507 1897 633 1935 nem
655 1920 671 1946 ,
700 1880 794 1935 sed
827 1895 954 1934 vere
985 1878 1160 1933 factus
1194 1886 1279 1932 est
1309 1877 1498 1930 homo.

579 1970 765 2026 XVlll.
809 1970 902 2026 Sic
947 1971 1111 2041 igitur
1156 1970 1396 2023 humana
1433 1981 1531 2021 sua
1585 1983 1694 2022 non
1728 1970 1946 2020 recusat
1989 1961 2084 2032 qui

509 2064 988 2119 demonstrabatur
1035 2078 1156 2118 esse
1197 2061 1361 2126 Deus,
1397 2076 1520 2115 cum
1553 2060 1727 2115 esurit
1756 2065 1811 2112 et
1852 2057 2082 2119 laborat,

508 2166 563 2211 et
595 2156 924 2228 defatigatus
955 2155 1098 2220 sitit;
1135 2169 1258 2209 cum
1295 2153 1598 2207 formidans
1628 2151 1801 2221 fugit,
1832 2156 1885 2204 et
1920 2163 2086 2203 orans

507 2251 760 2305 tristatur
785 2289 800 2316 ,
844 2256 898 2302 et
939 2262 1104 2316 super
1135 2245 1416 2315 pulvinum
1445 2243 1677 2303 dormit,
1711 2242 1804 2312 qui
1833 2249 2084 2294 naturam

511 2341 676 2396 habet
714 2340 1020 2395 insomnem
1054 2347 1114 2392 ut
1157 2337 1297 2392 Deus
1324 2356 1337 2390 :
1364 2350 1486 2390 cum
1539 2335 1764 2389 calicem
1821 2330 2089 2402 passionis

509 2430 746 2500 refugit,
774 2429 866 2499 qui
911 2437 1131 2498 propter
1179 2426 1282 2481 hoc
1329 2425 1382 2478 in
1436 2426 1699 2478 mundum
1742 2422 2084 2477 advenerat:

509 2537 635 2576 cum
681 2521 736 2574 in
769 2520 1040 2575 anxietate
1071 2518 1233 2573 sudat
1257 2525 1310 2570 et
1337 2516 1404 2569 ab
1431 2516 1622 2585 angelo
1651 2514 1960 2578 roboratur,
1994 2511 2087 2580 qui

512 2629 608 2666 eos
639 2611 733 2681 qui
761 2613 813 2664 in
841 2627 900 2666 se
926 2610 1156 2664 credunt
1184 2608 1430 2672 roborat,
1453 2616 1508 2661 et
1540 2620 1702 2674 opere
1730 2605 1918 2659 docuit
1942 2619 2090 2656 mor-

513 2713 623 2757 tem
659 2711 1040 2767 contemnere;
1085 2716 1211 2755 cum
1238 2716 1267 2754 a
1293 2699 1432 2753 .luda
1461 2697 1729 2767 proditur,
1765 2695 1858 2765 qui
1884 2709 2087 2764 cogno-

515 2794 701 2848 sci-bat
732 2792 926 2847 Judam
960 2792 1085 2862 quis
1114 2799 1296 2859 esset;
1344 2798 1398 2846 et
1425 2805 1455 2844 a
1480 2789 1684 2859 Caipha
1709 2787 2089 2852 inhonoratur,

515 2884 608 2954 qui
642 2894 758 2938 erat
781 2884 850 2938 ab
881 2900 944 2938 eo
976 2884 1283 2938 sacerdotio
1315 2882 1572 2953 fungente
1619 2881 1782 2950 paulo
1809 2889 1934 2933 ante
1972 2888 2093 2931 tan-

515 2992 682 3047 quam
719 2975 863 3030 Deus
916 2976 1249 3043 honoratus;
1289 2991 1414 3030 cum
1449 2975 1516 3029 ab
1551 2972 1762 3028 Herode
1796 2970 2090 3040 spernitur.

517 3075 612 3144 qui
658 3081 826 3126 totam
863 3080 1065 3125 terram
1103 3069 1449 3138 iudicaturus
1483 3075 1598 3132 est;
1630 3075 1683 3119 et
1719 3065 2032 3118 verberatur
2064 3079 2093 3114 a

520 3165 730 3227 Pilato,
787 3163 833 3217 is
869 3163 961 3232 qui
1015 3160 1357 3215 inlirmitates
1404 3168 1621 3212 nostras
1663 3154 1931 3223 suscepit;
1982 3162 2034 3207 et
2066 3169 2092 3204 a

2178 579 2351 649 ράσχῃ
2379 578 2493 637 τοῖς
2527 567 2872 624 πιστεύουσιν
2903 565 2982 625 είς
3007 560 3067 612 τὸ
3099 558 3270 625 ὄνομα
3300 551 3482 606 αὐτοῦ.
3517 549 3607 600 Ἐν
3646 551 3729 600 πᾶ-

2176 688 2259 723 σιν
2287 665 2378 721 οὖν
2404 663 2776 726 ἀποδέδεικται
2802 659 2932 728 ἡμῖν
2959 654 3055 724 τῆς
3082 647 3340 718 ἀληθείας
3362 644 3538 711 λόγος,
3565 641 3642 692 ὅτι
3666 643 3729 701 εἰς

2174 765 2320 815 ἐστιν
2349 761 2376 812 6
2407 757 2599 826 Πατὴρ
2619 795 2632 818 ,
2669 747 2729 805 οἷ)
2755 751 2987 820 πάρεστι
3020 743 3188 810 Λόγος
3203 757 3234 802 ,·
3262 737 3327 789 δι’
3372 729 3433 787 οὗ
3479 731 3546 784 τά
3581 729 3730 783 πάντα

2175 851 2429 920 ἐποίησεν
2449 863 2463 876 ·
2496 844 2555 897 ὃν
2589 841 2836 910 ὑστέροις
2871 835 3082 905 καιροῖς
3101 871 3115 894 ,
3145 825 3326 888 καθὼς
3359 823 3591 890 εἴπαμεν
3619 821 3728 873 ἀνω-

2175 945 2339 1013 τέρω,
2359 934 2676 994 ἀπέστειλεν
2703 934 2730 984 6
2757 929 2947 998 Πατὴρ
2969 924 3105 995 πρὸς
3132 917 3405 988 σωτηρίαν
3434 910 3729 980 ἀνθ

2180 1002 2346 1096 Οἷίτος
2375 1030 2463 1084 διά
2488 1027 2653 1096 νόμου
2683 1023 2776 1075 καὶ
2810 1015 3103 1091 προφητῶν
3139 1008 3414 1080 ἐκηρύχθη
3455 1002 3735 1096 παρεσόμε-

2179 1144 2269 1190 νος
2318 1127 2396 1188 εἰς
2441 1121 2532 1174 τὸν
2565 1117 2787 1187 κόσμον.
2824 1110 2960 1165 Καθ’
3003 1109 3059 1160 ὃν
3087 1101 3179 1158 οὖν
3208 1101 3407 1173 τρόπον
3449 1093 3732 1165 ἐκηρύχθη,

2183 1217 2324 1273 κατά
2353 1213 2541 1268 τοῦτον
2573 1210 2667 1264 καὶ
2701 1202 2891 1276 παρὼν
2929 1198 3272 1268 ἐφανέρωσεν
3298 1189 3490 1245 ἑαυτὸν
3531 1189 3597 1239 ὲκ
3625 1186 3744 1254 Παρο

2184 1311 2336 1364 θένου
2375 1305 2470 1359 καὶ
2513 1303 2670 1371 ἁγίου
2698 1296 3014 1366 Πνεύματος
3033 1333 3048 1357 ,
3080 1288 3265 1348 καινὸς
3297 1284 3585 1356 ἄνθρωπος
3616 1278 3726 1346 year}

2188 1419 2348 1473 μενος
2368 1417 2380 1429 ·
2408 1399 2468 1450 τὸ
2503 1397 2598 1467 μὲν
2628 1392 2873 1463 οὐράνιον
2903 1387 3039 1456 ἒχων
3072 1383 3132 1435 τὸ
3160 1377 3418 1450 Πατρῷον
3453 1375 3530 1438 ὡς
3563 1373 3735 1439 Λόγος,

2185 1464 2246 1546 τὸ
2293 1493 2350 1545 δὲ
2398 1464 2635 1558 ἐπίγειον
2676 1485 2751 1546 ὼς
2785 1483 2850 1533 ὲκ
2895 1475 3124 1531 παλαιοῦ
3163 1471 3334 1541 Ἀδὰμ
3367 1468 3457 1521 διὰ
3491 1464 3736 1535 Παρθένου

2189 1556 2575 1656 σαρκούμενος.
2623 1572 2791 1639 Οὗτος
2834 1568 3112 1642 προελθὼν
3159 1568 3238 1627 είς
3279 1563 3486 1632 κόσμον
3530 1556 3654 1619 Θεὸς
3693 1556 3737 1606 ὲν

2191 1647 2412 1748 σώματι.
2431 1670 2771 1743 ἐφανερώθη,
2806 1665 2903 1720 ἄνθ
2914 1678 3092 1735 ρωπος
3119 1659 3326 1748 τέλειος
3357 1649 3654 1748 προελθών.
3680 1647 3738 1699 O6

2189 1767 2295 1838 γὰρ
2315 1762 2452 1818 κατά
2475 1757 2774 1831 φαντασίαν
2802 1755 2836 1826 ἢ
2867 1749 3092 1825 τροπὴν,
3116 1747 3227 1801 ἀλλ’
3246 1742 3463 1812 ἀληθῶς
3484 1739 3740 1808 γενόμενος

2114 1845 2160 1902 Β
2187 1859 2283 1914 ἄνθ
2294 1873 2493 1930 ρωπος,

2256 1950 2440 2011 Οὕτως
2472 1943 2564 1999 οὖν
2596 1945 2690 1997 καὶ
2721 1941 2791 1994 τά
2831 1935 3145 2009 ἀνθρώπινα
3179 1927 3374 1983 ἑαυτοῦ
3407 1925 3510 1978 οὒκ
3544 1919 3741 1975 ἀπαναί-

2186 2059 2334 2097 νεται
2354 2037 2761 2106 ἐνδεικνύμενος
2776 2031 2907 2093 Θεὸς
2929 2029 3024 2090 ὣν,
3041 2028 3128 2080 ὅτε
3155 2023 3316 2093 πεινᾷ
3339 2019 3434 2072 καὶ
3454 2017 3620 2085 κοπιᾷ
3635 2011 3740 2082 (16),

2187 2134 2282 2188 καὶ
2319 2132 2543 2203 κάμνων
2593 2127 2746 2197 διψᾷν
2782 2124 2877 2177 καὶ
2909 2118 3122 2174 δειλιῶν
3155 2115 3377 2185 φεύγει,
3415 2109 3514 2163 καὶ
3545 2121 3743 2175 προσευ-

2187 2227 2413 2299 χόμενος
2445 2222 2729 2282 λυπεῖται,
2759 2215 2853 2270 καὶ
2882 2213 2974 2267 ἐπὶ
3001 2204 3441 2281 προσκεφάλαιον
3489 2195 3743 2253 καθεύδει,

2189 2319 2217 2369 6
2240 2316 2442 2369 ἄϋπνον
2470 2312 2609 2381 ἔχων
2637 2307 2735 2379 τὴν
2761 2305 2918 2374 φύσιν
2942 2301 3017 2364 ὼς
3049 2297 3180 2359 θεός
3200 2313 3213 2325 ·
3244 2295 3339 2348 καὶ
3378 2289 3640 2360 ποτηρίου
3668 2284 3744 2336 πά-

2190 2408 2280 2470 θος
2304 2404 2676 2475 παραιτεῖται,
2704 2401 2731 2451 6
2752 2395 2841 2450 διὰ
2868 2393 3025 2446 τοῦτο
3056 2381 3453 2459 παραγεγονὼς
3479 2383 3536 2432 ὲν
3566 2379 3742 2446 κόσμῳ·

2191 2499 2284 2552 καὶ
2316 2494 2567 2565 ἀγωνιῶν
2601 2491 2755 2562 ἱδροῖ,
2781 2488 2876 2540 καὶ
2899 2485 2989 2538 ὑπ’
3020 2479 3251 2550 ἀγγέλου
3284 2472 3697 2543 ὲνδυναμοῦται,
3724 2467 3746 2517 6

2191 2587 2500 2659 ὲνδυναμῶν
2530 2585 2654 2646 τοὺς
2688 2582 2767 2644 εἰς
2802 2577 2962 2632 αὐτὸν
2992 2571 3345 2631 πιστεύοντας
3365 2607 3381 2630 ,
3415 2566 3513 2619 καὶ
3547 2562 3746 2616 θανάτου

2193 2650 2554 2752 καταφρονεῖν
2579 2677 2727 2748 ἔργῳ
2748 2669 2965 2735 διδάξας
2985 2684 2997 2697 ·
3022 2665 3115 2718 καὶ
3146 2662 3252 2715 67:6
3290 2658 3466 2712 Ἰούδα
3491 2650 3749 2752 παραδίδο-

2192 2794 2304 2837 ται,
2332 2774 2360 2826 ό
2394 2768 2676 2840 γινώσκων
2706 2763 2798 2816 τὸν
2845 2758 3042 2813 Ἰούδαν
3067 2754 3150 2817 τίς
3176 2754 3320 2804 ἐστιν
3342 2766 3356 2778 ·
3384 2747 3485 2801 καὶ
3521 2740 3753 2812 ἀτιμάζε-

2193 2869 2281 2920 ταὶ
2307 2865 2410 2920 ὑπὸ
2438 2861 2685 2929 Καῖάφα,
2703 2860 2731 2910 ὁ
2763 2855 3028 2926 πρότερον
3052 2849 3144 2901 ὑπ’
3167 2842 3330 2900 αὑτοῦ
3367 2837 3751 2913 ἱερατευόμενος

2193 2961 2269 3024 ὡς
2301 2926 2728 3027 Θεός(17)·νκαὶ
2761 2947 2866 3001 ὑπὸ
2903 2941 3141 3015 Ἡρώδου
3168 2936 3536 3027 ἐξουθενεῖται
3553 2970 3570 2994 ,
3602 2926 3754 3027 ἀμέλ-

2197 3054 2302 3106 λων
2335 3052 2513 3121 κρῖναι
2543 3047 2723 3099 πᾶσαν
2758 3041 2857 3110 τὴν
2891 3037 2994 3107 γῆν
3017 3051 3028 3066 ·
3061 3033 3154 3087 καὶ
3190 3026 3516 3101 μαστίζεται
3555 3020 3652 3073 ὑπὸ

2199 3141 2384 3202 λάτον,
2413 3140 2442 3191 6
2466 3137 2566 3200 τάς
2600 3130 2883 3188 ἀσθενείας
2919 3124 3075 3197 ἡμῶν
3108 3118 3539 3188 ἀναδεξάμενος·
3568 3110 3656 3166 καὶ
3672 3106 3756 3160 6:6

2893 3212 2920 3236 τ

520 3201 730 3227 ..η-ιν,
789 3201 833 3217 ,ο
869 3201 961 3232 ιιι..
1015 3201 1357 3215 ..............-..
1404 3201 1620 3212 ne-..“
1663 3201 1931 3223 “ww”,
1984 3201 2033 3207 --
2067 3201 2092 3204 -.

518 3258 786 3311 militibus
817 3256 1062 3310 illuditur
1104 3255 1184 3320 is,
1215 3252 1300 3307 cui
1326 3259 1507 3306 astant
1538 3249 1705 3304 millia
1739 3249 1968 3302 millium
1995 3286 2009 3311 ,
2043 3255 2095 3298 et

2203 3229 2547 3302 στρατιωτῶν
2580 3224 2861 3288 παίζεται,
2953 3215 3360 3288 παρεστήκουσι
3383 3212 3398 3230 ⁸
3414 3209 3585 3279 χίλιαι
3611 3201 3758 3275 χιλιὰο

2572 3318 2580 3320 _
2819 3313 2866 3320 ’⁸
2967 3312 2978 3320 “
3080 3308 3112 3320 ⁸⁵
3319 3303 3331 3316 ⁸
3399 3303 3410 3320 ⁹
3441 3319 3451 3320 κ
3487 3295 3752 3320 κρ--Α-.λ.ι.-.ι.ο

520 3351 703 3406 decies
726 3361 951 3405 centena
981 3349 1146 3402 millia
1182 3347 1498 3416 angelorum
1529 3353 1584 3399 et
1610 3342 2093 3413 arcltangelorum;

520 3453 575 3497 et
605 3459 633 3496 a
665 3441 867 3496 Iudaeis
912 3443 964 3494 in
993 3441 1141 3510 ligno
1165 3439 1370 3508 ﬁgitur,
1403 3437 1495 3506 qui
1524 3445 1782 3504 tanquam
1824 3447 2097 3487 cameram

521 3534 720 3588 cmlum
759 3532 904 3597 ﬁxit;
954 3541 1008 3586 et
1041 3531 1284 3585 clamans
1313 3529 1380 3581 ad
1415 3527 1628 3579 Patrem
1666 3525 1914 3594 spiritum
1949 3538 2098 3576 com-

521 3626 779 3688 mendat,
827 3625 919 3692 qui
950 3633 1034 3677 est
1068 3638 1098 3676 a
1132 3621 1291 3675 Patre
1323 3619 1734 3688 inseparabilis;
1764 3626 1818 3671 et
1841 3617 2100 3670 inclinato

523 3718 703 3785 capite
731 3713 1003 3783 exspirat,
1036 3712 1131 3783 qui
1175 3711 1310 3765 dixit
1338 3730 1351 3764 :
1386 3729 1404 3761 ‹
1433 3709 1761 3763 Potestatem
1797 3707 1970 3761 habeo
1998 3721 2100 3775 po-

526 3808 692 3862 nendi
735 3807 974 3863 animam
1025 3820 1234 3871 meam,
1268 3812 1321 3859 et
1353 3810 1674 3873 potestatem
1701 3800 1877 3854 habeo
1904 3799 2101 3853 iterum

526 3898 778 3954 sumendi
805 3913 924 3952 eam
951 3898 1017 3954 τ’.
1051 3915 1068 3948 ι
1108 3895 1261 3963 Quod
1295 3904 1476 3948 autem
1505 3908 1611 3946 non
1641 3890 2030 3946 dominabatur
2054 3890 2102 3943 ei

528 4005 680 4044 mors
711 3989 805 4059 qui
852 3989 961 4043 vita
993 3996 1146 4054 erat,
1205 3985 1479 4056 signiﬁcat
1509 3998 1632 4038 cum
1661 3983 1798 4037 dixit
1827 3998 1839 4034 :
1877 4001 1896 4033 ι
1927 3981 2040 4052 Ego
2074 3997 2105 4034 a

528 4101 616 4140 me
655 4086 774 4154 ipso
809 4098 952 4154 pono
977 4081 1178 4137 eam“.
1213 4098 1230 4130 ›
1272 4077 1337 4132 Ει
1364 4079 1507 4132 latus
1539 4077 1726 4130 lancea
1761 4074 2001 4143 aperitur
2033 4072 2103 4137 ei,

526 4179 623 4248 qui
650 4179 815 4231 vitam
848 4175 1102 4230 omnibus
1135 4170 1398 4243 largitur;
1431 4181 1484 4224 et
1515 4171 1682 4224 linteo
1717 4169 2013 4230 involutus,
2050 4169 2107 4222 in

531 4277 888 4325 monumento
921 4268 1159 4336 ponitur,
1180 4267 1270 4335 qui
1309 4272 1555 4320 mortuos
1583 4261 1844 4328 suscitat;
1874 4270 1928 4315 et
1951 4261 2106 4316 tertia

531 4363 620 4416 die
665 4378 692 4415 a
729 4361 889 4414 Patre
921 4360 1224 4426 excitatur,
1259 4359 1356 4428 qui
1403 4366 1486 4411 est
1530 4357 1648 4426 ipse
1694 4355 2024 4412 resurrectio
2057 4363 2110 4409 et

534 4457 664 4510 vita.
716 4453 843 4509 ch
882 4455 1026 4509 enim
1091 4453 1278 4508 omnia
1331 4451 1491 4506 nobis
1544 4458 1798 4520 operatus
1853 4457 1963 4513 est,
2019 4445 2110 4516 qui

534 4556 755 4619 propter
786 4563 887 4602 nos
914 4546 1089 4602 factus
1112 4554 1194 4600 est
1225 4545 1369 4599 sicut
1413 4559 1544 4610 nos;
1585 4561 1603 4594 ι
1635 4542 1748 4611 ipse
1778 4541 1924 4594 enim
1960 4537 2113 4591 inﬁr-
2140 4556 2189 4614 Ι)

537 4641 754 4693 unitates
784 4647 999 4692 nostras
1033 4637 1292 4706 suscepit,
1327 4644 1381 4689 et
1409 4635 1702 4702 languores
1735 4640 1952 4685 nostros
1984 4642 2110 4697 por-

537 4733 700 4796 tavit,
737 4749 754 4781 »
805 4739 858 4785 et
891 4745 989 4800 pro
1025 4729 1183 4784 nobis
1214 4729 1388 4794 dolet,
1423 4727 1566 4782 sicut
1615 4725 1752 4780 dixit
1784 4721 1954 4776 Isaias
1986 4735 2112 4789 pro-

537 4823 781 4896 pheta“.
815 4822 897 4876 Ab
929 4823 1133 4894 angelis
1169 4821 1444 4886 laudatus,
1480 4834 1509 4873 a
1543 4817 1856 4887 pastoribus
1886 4813 2058 4875 visus,
2083 4826 2115 4864 a

540 4914 796 4969 Simeone
841 4922 1220 4984 exspectatus,
1255 4913 1322 4966 ab
1356 4911 1511 4964 Anna
1547 4916 1808 4969 testatus,
1865 4919 1895 4958 a
1938 4902 2114 4971 magis

538 5007 836 5077 quaasitus,
887 5007 954 5059 ab
1004 5005 1157 5060 stella
1202 5001 1574 5074 signiﬁcatus,
1622 4999 1676 5052 in
1729 4997 1893 5052 domo
1938 4991 2114 5045 Patris

539 5108 818 5166 versatus,
868 5115 896 5153 a
924 5097 1132 5154 Joanne
1163 5098 1332 5169 digito
1363 5107 1654 5159 ostensus;
1704 5090 1790 5146 cui
1833 5087 1993 5142 Pater
2024 5099 2114 5139 su—

613 5244 836 5302 "Joan.
871 5244 1040 5311 x,18.
1116 5239 1320 5297 "Ibid.
1399 5244 1440 5272 '”
1474 5240 1574 5294 lsa.
1613 5254 1734 5303 Lm,
1764 5237 1818 5291 4.

623 5428 732 5499 (³16)
758 5429 886 5482 Ὅτε
914 5426 1090 5492 πεινᾷ
1117 5426 1213 5478 καὶ
1244 5423 1422 5499 κοπιᾷ
1449 5468 1462 5490 ,
1494 5442 1547 5478 κ.
1583 5441 1631 5499 τ.
1664 5422 1713 5474 λ.
1751 5421 1881 5487 Quae
1904 5419 1998 5499 “hic
2030 5433 2117 5472 se-

548 5490 793 5567 quuntur
814 5540 827 5561 ,
876 5502 940 5552 ad
970 5490 1192 5552 ver—bum
1238 5493 1367 5567 fel'er
1388 5498 1717 5567 Conveniunt
1743 5490 2119 5567 c_um_iianu:e

550 5558 615 5621 ex
652 5558 1017 5640 S._Hippolyti
1064 5567 1321 5640 Memoria
1349 5566 1626 5640 [agresium
1658 5558 1936 5640 laudatuS:
1963 5558 2121 5640 (gela.-

554 5641 668 5690 sins
701 5638 772 5693 De
811 5628 1015 5692 [inab-ns
1050 5639 1255 5691 naturis
1282 5637 1336 5688 in
1372 5636 1615 5699 Christo,
1646 5643 1775 5687 tom.
1818 5629 1934 5687 Vlll
1976 5628 2118 5683 Bibl.

555 5709 800 5782 Patrum,
833 5711 962 5762 edit.
993 5709 1164 5782 Lugd.
1197 5723 1318 5782 pag.
1351 5704 1723 5782 7Q't._F.\Bm_t_:.

627 5780 736 5850 (l7)
791 5769 1359 5850 ’lspt'trst-dj'terécdiq
1386 5777 1545 5842 Θεός.
1583 5794 1622 5850 ἰ
1655 5774 1936 5846 Tanquam
1977 5769 2121 5826 Deus

2197 3295 2283 3388 δες
2333 3323 2428 3375 καὶ
2453 3318 2642 3390 μυρίαι
2673 3313 2929 3387 μυριάδες
2956 3308 3204 3379 ἀγγέλων
3248 3303 3344 3357 καὶ
3387 3295 3752 3390 ἀρχαγγέλων·

2199 3416 2292 3470 καὶ
2327 3413 2427 3467 ὑπὸ
2463 3407 2730 3464 Ἰουδαίων
2761 3405 2899 3476 ξύλῳ
2946 3402 3360 3474 προσπήγνυται
3386 3435 3401 3460 ,
3429 3395 3461 3446 6
3494 3390 3663 3462 πήξας
3699 3384 3759 3445 ὡς

2201 3510 2458 3580 καμάραν
2483 3503 2574 3557 τὸν
2607 3499 2832 3572 οὐρανόν
2856 3514 2868 3526 ο
2906 3496 3001 3548 καὶ
3031 3493 3166 3563 πρὸς
3192 3488 3415 3558 Πατέρα
3439 3485 3578 3555 βοῶν
3613 3495 3757 3550 παρπ-

2200 3601 2408 3655 τίθεται
2450 3596 2511 3649 τὸ
2555 3592 2776 3662 πνεῦμα
2801 3629 2817 3653 ,
2860 3588 2888 3639 6
2933 3584 3237 3657 ἀχώριστος
3275 3579 3373 3632 τοῦ
3406 3575 3657 3646 Πατρός.
3686 3568 3761 3622 καὶ

2203 3692 2400 3747 κλίνων
2435 3685 2708 3757 κεφαλὴν,
2739 3683 2954 3745 ὲκπνεῖ,
2987 3681 3015 3731 6
3063 3676 3254 3738 εἴπαςο
3294 3669 3636 3734 ‹.Ἐξουσίαν
3671 3663 3760 3731 ἔχω

2203 3785 2374 3839 θεῖναι
2395 3780 2494 3852 τὴν
2518 3755 2694 3851 ψυχήν
2731 3790 2854 3846 μου,
2886 3772 2980 3825 καὶ
3005 3766 3251 3833 ἐξουσίαν
3282 3764 3394 3834 ἔχω
3417 3762 3581 3814 πάλιν
3605 3755 3762 3808 λαόεῖν

2205 3877 2394 3948 αὐτὴν.
2425 3892 2443 3925 ι
2495 3873 2617 3924 Ὅτι
2665 3868 2722 3921 δὲ
2768 3866 2868 3919 οὐκ
2913 3859 3226 3933 ὲκυριεύετο
3269 3856 3376 3909 ὑπὸ
3415 3853 3675 3911 θανάτου,
3701 3846 3762 3904 ὡς

2207 3944 2351 4042 ζωὴν,
2388 3964 2570 4021 εἶπεν
2615 3982 2633 4015 ι
2679 3961 2822 4030 Ἐγὼ
2865 3959 2956 4012 ἀπ’
2987 3951 3223 4026 ἐμαυτοῦ
3273 3948 3472 4019 τίθημι
3523 3944 3717 4012 αὑτήν·
3746 3955 3763 3986 ι

2208 4041 2571 4132 καὶίπλευράν
2601 4057 2772 4128 λόγχῃ
2801 4053 3078 4111 νύσσεται,
3100 4047 3128 4098 ό
3155 4046 3251 4114 τὴν
3275 4042 3422 4112 ζωὴν
3453 4041 3620 4132 πᾶσιν
3640 4048 3770 4132 χαρι-

2209 4156 2460 4227 ζόμενος·
2509 4151 2600 4204 καὶ
2638 4147 2831 4202 σίνδονι
2873 4141 3219 4210 ἑλισσόμενος
3251 4137 3310 4186 ἐν
3351 4131 3606 4204 μνημείῳ
3642 4125 3768 4177 τίθε-

2209 4267 2332 4313 ται,
2380 4248 2407 4299 ό
2459 4245 2585 4305 τοὺς
2623 4239 2853 4312 νεκροὺς
2898 4235 3155 4304 ἐγείρων·
3199 4228 3293 4281 καὶ
3338 4227 3642 4297 τριήμερος
3685 4214 3772 4270 6:6

2211 4341 2425 4411 Πατρός
2453 4336 2770 4397 ἀνίσταται,
2800 4328 2961 4391 αὐτὸς
2983 4325 3056 4379 ὢν
3088 4326 3122 4394 ἡ
3155 4323 3454 4381 ἀνάστασις
3481 4317 3579 4370 καὶ
3605 4316 3636 4384 ἡ
3659 4309 3771 4379 ζωὴ.

2212 4433 2396 4486 Ταῦτα
2422 4428 2529 4500 γὰρ
2561 4425 2738 4479 πάντα
2763 4423 2894 4494 ἡμῖν
2924 4415 3308 4488 κατώρθωσεν,
3342 4411 3403 4473 ὃς
3425 4410 3493 4461 δι’
3526 4409 3670 4479 ἡμᾶς
3700 4403 3774 4470 γέο

2215 4542 2370 4596 γονεν
2572 4518 2739 4588 ἡμᾶς.
2793 4533 2809 4564 ι
2835 4511 3005 4573 Αὐτὸς
3035 4508 3144 4578 γάρ
3187 4504 3286 4566 τὰς
3316 4501 3611 4562 ἀσθενείας

2217 4612 2500 4676 ἀνεδέξατο
2557 4608 2649 4662 καὶ
2692 4604 2792 4668 τάς
2853 4602 3041 4662 νόσους
3089 4595 3424 4654 ἐϐάστασεν,
3455 4610 3473 4640 ι
3534 4589 3629 4641 καὶ
3675 4583 3778 4650 περὶ

2219 4709 2373 4780 ἡμῶν
2400 4705 2638 4758 ὠδυνᾶτο
2657 4741 2672 4764 ,
2701 4695 2882 4758 καθὼς
2908 4689 3057 4745 εἶπεν
3101 4687 3328 4748 Ἡσαΐας
3363 4687 3391 4735 ὁ
3428 4683 3734 4753 πρθφήτης.
3760 4677 3781 4725 ὁ

2221 4803 2312 4856 ὑπ’
2343 4798 2586 4868 ἀγγέλων
2616 4791 2950 4864 ὑμνούμενος
2979 4783 3072 4838 καὶ
3111 4780 3216 4834 ὑπὸ
3245 4775 3527 4847 ποιμένων
3569 4767 3776 4839 θεωρού-

2227 4911 2384 4967 μενος
2405 4935 2419 4956 ,
2464 4891 2557 4944 καὶ
2589 4887 2694 4940 ὑπὸ
2719 4880 3002 4953 Συμεῶνος
3040 4870 3489 4947 προσδοκώμενος
3515 4909 3531 4931 ,
3575 4866 3668 4918 καὶ

2230 4989 2396 5040 ’Ἄννα
2452 4977 2908 5055 μαρτυρούμενος.
2949 4962 3116 5030 Οὗτος
3148 4961 3216 5036 ἦν
3261 4966 3289 5016 6
3324 4961 3663 5033 ζητούμενος
3700 4953 3788 5007 ὑπὸ

2228 5081 2414 5151 μάγων
2436 5117 2448 5139 ,
2493 5075 2586 5127 καὶ
2635 5066 3028 5141 σημαινόμενος
3077 5058 3170 5114 ὑπ’
3215 5054 3444 5125 ἀστέρος
3469 5070 3484 5083 ·
3539 5053 3571 5104 6
3616 5049 3705 5105 καί
3743 5047 3791 5098 ἐν

2225 5416 2547 5469 honoratus.
2578 5427 2596 5458 ι
2645 5406 2783 5472 Quia
2826 5419 2950 5459 eum
2986 5408 3133 5457 esset
3160 5391 3420 5472 pontifex
3455 5390 3593 5444 anni
3616 5387 3771 5472 illius
3790 5419 3800 5472 θ

2227 5456 3017 5555 $566356}'céiiiiias'iban.
3049 5487 3125 5526 ιι.
3157 5456 3371 5555 51,62,
3425 5483 3442 5512 ι
3474 5460 3628 5530 quod
3659 5456 3800 5555 Icilia

2227 5535 2526 5608 trudit-iturus
2549 5557 2665 5602 erat
2691 5535 2790 5615 pro
2817 5554 3005 5616 gente,
3034 5552 3226 5616 ϐιαιοη
3253 5543 3465 5616 talltum
3493 5547 3600 5600 pro
3637 5535 3798 5616 genti.

2228 5605 2412 5681 sedut
2448 5620 2588 5675 ﬁlios
2641 5605 2733 5670 Dei
2765 5605 2859 5685 (ιιῖί
2886 5621 3042 5669 erant
3079 5607 3310 5677 dispersi
3361 5605 3800 5685 congregarat-lli

2449 5666 2666 5759 76606
2681 5666 3110 5756 quidem—tacere
3134 5666 3241 5734 non
3266 5666 3507 5747 poterat,
3531 5666 3642 5726 nisi
3676 5666 3806 5721 Deus

2228 5773 2392 5822 esset.
2429 5762 2526 5818 Fn.
2557 5760 2822 5815 Tunnuu.
