3862 6538
136 358 219 412 833
1068 349 1347 406 CONTRA
1384 348 1709 405 BERONEM
1750 350 1837 405 ET
1877 352 2296 410 HELICONEM.

3234 362 3343 419 835

134 473 247 528 035v
268 472 415 535 αὐτὸς
446 472 618 543 μόνος,
671 469 930 542 ὑπάρχων
976 471 1225 542 τεχνίτης
1283 473 1510 539 φυσικὸς
1559 469 1658 523 τῶι¹

1772 462 1924 535 οειοξ
1945 483 2005 529 ιιι
2032 451 2181 531 novit
2214 476 2331 545 ipse
2380 477 2554 542 solus,
2591 492 2713 533 cum
2742 479 2816 534 sit
2850 478 3047 535 artifex
3076 484 3346 538 naturalis

134 566 249 636 ὑπὲρ
272 564 483 617 ἔννοιαν⁵
515 563 630 616 κατ’
669 562 838 633 αὐτὴν
879 563 994 634 ἆμα
1023 562 1121 633 τὴν
1154 564 1418 633 σωτήριον
1448 562 1667 633 σάρκω-

137 673 222 719 σιν,
248 654 338 725 τῆς
363 654 495 718 ιδίας
522 654 771 726 θεότητος
799 654 1104 725 ἐμποιήσας
1125 656 1191 723 τῇ
1216 653 1377 724 σαρκὶ
1396 652 1493 723 τὴν
1516 651 1668 724 ἐνέρ-

134 764 278 817 γειαν,
309 746 363 798 οὑ
418 744 890 816 περιγραφομένην
934 746 1075 815 αὐτῇ
1123 743 1209 796 διὰ
1261 743 1361 815 τὴν
1414 743 1662 796 κένωσιν·

134 843 220 895 οὐδ’
242 839 412 908 ὥσπερ
444 838 543 907 τῆς
569 837 731 891 αὑτοῦ
761 837 1030 908 θεότητος,
1063 835 1205 889 οὕτω
1250 837 1345 889 καὶ
1368 836 1538 906 αὐτῆς
1564 854 1665 906 φυ-

137 931 271 995 σικῶς
295 930 623 1001 ἑκφυομένην
657 929 790 999 (24)·
832 928 947 982 ἀλλ’
997 930 1054 981 ἐν
1110 925 1192 991 οἷς
1244 927 1308 981 ἂν
1359 927 1666 999 σαρκωθεὶς

136 1022 295 1086 θεῖκῶς
332 1022 622 1092 ἐνήργησε,
657 1020 723 1073 δι’
758 1020 928 1090 αὐτῆς
969 1021 1389 1092 ὲκφαινομένην.
1440 1020 1515 1072 Οὐ
1554 1019 1664 1094 γὰρ

136 1115 291 1182 γέγονε
325 1111 481 1180 φύσει
540 1111 729 1182 θεότης
781 1110 1182 1181 μεταϐληθείσα
1242 1110 1338 1181 τὴν
1393 1110 1576 1180 φύσιν,
1627 1114 1660 1183 ἡ

137 1204 245 1276 ςὰρξ
271 1203 521 1274 γενομένη
558 1206 623 1274 τῇ
658 1203 817 1272 φύσει
857 1192 1109 1274 θεότητος
1170 1202 1324 1273 σάρξ·
1380 1201 1493 1255 ἀλλ’
1526 1203 1663 1275 ὅπερ

134 1294 187 1368 ἦν
214 1297 295 1351 καὶ
323 1295 525 1365 θεότητι
580 1298 888 1366 συμφυεῖσα
924 1294 1199 1366 μεμένηκε
1233 1295 1331 1365 τὴν
1383 1296 1543 1365 φύσιν
1571 1298 1665 1350 καὶ

133 1388 209 1457 τὴν
235 1385 494 1457 ἐνέργειαν
520 1384 654 1454 (25)·
700 1382 882 1447 καθὼς
935 1379 1085 1436 εἶπεν
1112 1386 1139 1437 ό
1172 1384 1380 1456 Σωτήρ·
1415 1404 1432 1435 ι
1459 1385 1531 1437 Τὸ
1565 1386 1664 1456 μὲν

137 1477 311 1547 πνεῦμα
341 1475 446 1547 (26)
493 1476 791 1550 πρόθυμον,
822 1477 855 1546 ή
892 1475 949 1529 δὲ
1004 1476 1140 1548 σὰρξ
1179 1476 1429 1549 ἀσθενής·
1460 1496 1478 1529 ι
1539 1477 1662 1531 καθ’

134 1574 184 1639 ἣν
212 1569 486 1641 ἐνεργήσας
531 1585 589 1620 τε
621 1568 717 1624 καὶ
755 1563 944 1621 παθὼν
1004 1568 1147 1640 ἆπερ
1181 1564 1248 1639 ἦν
1280 1570 1661 1642 ἀναμαρτήτου

136 1663 315 1732 σαρκὸς,
344 1660 437 1731 τὴν
492 1660 631 1732 ὑπὲρ
686 1661 844 1731 ἡμῶν
896 1659 1234 1714 ἐπιστώσατο
1269 1662 1380 1733 (9.7)
1436 1663 1662 1717 κένωσιν

135 1754 359 1825 θεότητος,
389 1753 625 1827 θαύμασι
679 1756 773 1808 καὶ
826 1755 1028 1826 σαρκὸς
1077 1756 1361 1828 παθήμασι
1419 1757 1661 1825 φυσικῶς

136 1843 491 1915 βεϐαιουμένην.
544 1843 643 1898 Διά
693 1844 798 1916 γὰρ
849 1844 1008 1898 τοῦτο
1052 1846 1273 1914 γέγονεν
1326 1846 1660 1919 ἄνθρωποςό

131 1934 216 1986 τῶν
239 1933 357 1987 ὅλων
393 1935 543 1999 Θεὸς,
571 1936 659 1988 ἵνα
694 1937 856 2008 σαρκὶ
882 1935 981 2008 μὲν
1009 1937 1225 2009 παθητῇ
1251 1939 1493 2009 πάσχων,
1517 1938 1659 1993 ἅπαν

133 2023 257 2092 ἡμῶν
282 2024 336 2076 τὸ
360 2023 433 2095 τῷ
467 2024 682 2094 θανάτῳ
714 2026 921 2097 πραθὲν
945 2026 1289 2099 λυτρώσηται
1320 2028 1494 2097 γένος⁸
1522 2030 1662 2082 ἁπα-

134 2115 198 2168 θεῖ
218 2115 265 2169 δὲ
288 2115 487 2187 θεότητι
518 2117 607 2171 διὰ
666 2119 866 2192 σαρκὸς
909 2120 1361 2191 θαυματουργῶν,
1394 2122 1529 2194 πρὸς
1561 2123 1660 2193 τὴν

132 2208 361 2278 ἀκήρατον
389 2209 550 2262 αὑτοῦ
593 2212 689 2264 καὶ
740 2211 1012 2284 μακαρίαν
1042 2213 1365 2285 ὲπαναγάγῃ
1402 2212 1567 2284 ζωὴν.
1592 2211 1659 2288 ἧς

134 2300 359 2354 ἀπέπεσεν
402 2302 479 2372 τῷ
512 2303 744 2373 διαϐόλῳ
788 2303 1108 2374 πειθόμενος
1132 2305 1238 2376 (9.8)
1260 2324 1274 2337 ·
1317 2308 1412 2359 καὶ
1442 2308 1509 2361 τὰ
1538 2312 1658 2362 κατ’

132 2392 347 2461 οὐρανοὺς
391 2392 498 2463 (“29)
560 2392 689 2460 ἆγια
736 2393 990 2463 τάγματα
1044 2393 1152 2446 τῶν
1207 2394 1408 2466 νοερῶν
1462 2395 1659 2451 οὐσιῶν

133 2481 340 2550 σεομώσῃ
386 2483 520 2551 πρὸς
572 2482 832 2553 ἀτρεψίαν
892 2480 970 2551 τῷ
1017 2483 1300 2553 μυστηρίῳ
1362 2484 1460 2554 τῆς
1494 2482 1657 2537 αὑτοῦ

132 2571 475 2641 σωματώσεως·
535 2570 603 2644 ἧς
637 2572 795 2644 ἔργον
824 2574 857 2644 ἠ
892 2572 999 2625 τῶν
1028 2572 1163 2625 ὅλων
1216 2573 1362 2626 ἐστὶν
1393 2576 1472 2636 εἰς
1499 2574 1658 2628 αὑτὸν

128 2665 569 2733 ὰνακεφαλαῐωσις.
604 2666 925 2738 Μεμένηκεν
953 2663 1045 2719 οὖν
1068 2667 1164 2719 καὶ⁵
1190 2666 1491 2736 σαρκο›θε“ις
1518 2668 1658 2721 κατὰ

128 2759 374 2828 τὴνφύσιν
410 2760 544 2823 Θεὸς
602 2759 989 2830 ὑπεράπειρος,
1044 2757 1143 2828 τὴν
1191 2756 1368 2827 ἐαυτῷ
1424 2759 1657 2829 συγγενῆ

131 2851 204 2903 καὶ
233 2852 546 2923 κατάλληλον
599 2851 738 2921 ἔχων
786 2851 1086 2922 ἐνέργειαν·
1121 2849 1219 2920 τῆς
1281 2850 1377 2919 μὲν
1411 2849 1660 2919 θεότητος

131 2943 355 3007 οὐσιωδῶς
385 2943 750 3015 ἐκφυομένην·
786 2943 876 2997 διὰ
912 2942 970 2995 δὲ
1025 2942 1126 3013 τῆς
1173 2941 1337 2996 αὐτοῦ
1388 2943 1659 3010 παναγίας

135 3030 294 3102 σαρκὸς
313 3034 364 3086 ἐν
396 3037 506 3097 τοῖς
556 3032 829 3103 θαύμασιν
852 3031 1210 3102 οἰκονομικῶς
1237 3032 1657 3102 ὲκφαινομένηνο

1768 580 1953 620 eorum
1995 582 2117 636 qua:
2169 579 2297 623 sunt
2326 582 2490 638 supra
2528 585 2772 639 sensum,
2806 572 2859 626 in
2896 572 3013 642 ipsa
3041 574 3205 628 simul
3258 591 3347 631 εον-

1768 657 1930 712 tutari
1985 658 2357 715 incarnatione
2420 660 2639 716 deitatis
2689 678 2802 718 suae
2877 674 3139 734 coaptans
3190 668 3340 720 carni

1767 750 2163 818 Operationem,
2202 767 2310 805 non
2339 753 2811 823 circumscriptam
2858 770 2920 809 ea
2966 767 3188 827 propter
3213 773 3344 813 eva-

1766 837 2099 905 cuatiouem,
2136 856 2233 893 nec
2274 841 2417 896 sicut
2451 858 2515 897 ex
2552 844 2752 899 deitate
2783 861 2903 906 sua.
2944 846 3015 901 ita
3045 856 3101 903 et
3129 865 3193 902 ex
3223 852 3341 919 ipsa

1766 925 2085 979 naturaliter
2118 936 2373 994 enatam;
2403 930 2495 983 sed
2530 930 2583 984 in
2634 934 3055 1005 quibuscunque
3092 938 3344 991 incarna-

1766 1023 1855 1068 tus
1886 1016 2076 1071 dciﬁce
2106 1029 2366 1086 operatus
2392 1030 2493 1086 est,
2518 1038 2614 1092 per
2644 1025 2814 1092 ipsam
2842 1026 3190 1084 declaratam.
3224 1030 3341 1086 Non

1765 1108 1908 1161 enim
1953 1123 2082 1162 caro
2107 1108 2247 1165 facta
2305 1121 2387 1166 est
2440 1130 2536 1184 per
2572 1126 2820 1172 naturam
2861 1119 3037 1175 deitas
3081 1123 3343 1177 translata

1765 1208 1995 1263 natura,
2038 1200 2179 1254 facta
2211 1203 2460 1259 videlicet
2489 1207 2789 1262 secundum
2840 1220 3089 1265 naturam
3125 1213 3343 1269 deitatis

1764 1305 1926 1344 caro:
1959 1291 2052 1345 sed
2092 1293 2237 1361 quod
2267 1303 2385 1348 erat
2412 1296 2577 1350 etiam
2619 1298 2806 1353 deitati
2840 1310 3089 1369 cooptata
3118 1305 3341 1369 mansit,

1766 1380 1817 1434 id
1852 1390 1936 1437 est
1983 1397 2112 1437 caro
2164 1384 2379 1439 inﬁrma
2434 1396 2489 1440 et
2529 1389 2810 1456 passibilis
2845 1400 3040 1444 natura
3073 1401 3343 1462 etopera-

1766 1472 1944 1539 tione;
1969 1475 2430 1543 quemadmodum
2467 1478 2720 1533 Salvator
2755 1481 2870 1535 ait:
2908 1501 2925 1531 σ
2967 1482 3205 1551 Spiritus
3227 1488 3344 1553 qui-

1764 1565 1884 1619 dem
1914 1577 2231 1635 promptus;
2263 1583 2391 1621 caro
2437 1579 2619 1622 autem
2668 1570 2883 1625 inlirma
2912 1572 2996 1626 ⁸³ε
3039 1592 3057 1623 ι
3124 1574 3175 1626 in
3233 1590 3343 1643 qua

1764 1666 2022 1725 operatus
2052 1666 2107 1710 et
2137 1673 2333 1725 passus
2383 1675 2507 1729 qua:
2551 1672 2705 1716 erant
2739 1663 2922 1717 carnis
2968 1664 3175 1732 absque
3208 1681 3338 1735 pec~

1765 1756 1910 1809 cato,
1939 1747 2360 1803 exinanitionem
2394 1765 2494 1821 pro
2534 1752 2692 1806 nobis
2724 1752 2983 1807 indicavit
3012 1754 3339 1821 divinitatis,

1764 1839 2043 1894 miraculis
2076 1849 2128 1895 et
2182 1842 2363 1895 carnis
2412 1842 2765 1912 passionibus
2808 1845 3129 1899 naturaliter
3163 1848 3336 1903 robo-

1762 1939 1958 1984 ratam.
1988 1930 2216 2001 Propter
2246 1933 2350 1988 hoc
2397 1936 2543 1988 enim
2590 1934 2767 1990 factus
2791 1946 2875 1991 est
2924 1938 3088 1993 homo
3126 1940 3343 1995 univer-

1761 2037 1949 2075 sorum
1990 2021 2153 2088 Deus,
2215 2030 2275 2076 ut
2336 2041 2499 2079 carne
2537 2026 2757 2093 quidem
2820 2030 3067 2097 passibili
3103 2030 3339 2099 patiens,

1763 2124 1932 2169 totum
1981 2125 2229 2170 nostrum
2284 2118 2446 2172 morti
2489 2120 2766 2174 venditum
2813 2124 3106 2179 redimeret
3128 2142 3340 2193 genus:

1762 2206 2084 2277 impassibili
2136 2223 2267 2261 vero
2322 2207 2523 2264 deitate
2589 2227 2687 2281 per
2740 2228 2960 2268 carnem
3020 2217 3344 2273 mirabiliter

1761 2314 2014 2369 Operans,
2048 2300 2112 2354 ad
2138 2300 2503 2357 immortalem
2539 2302 2671 2357 illud
2716 2313 2769 2358 et
2808 2306 3018 2361 beatam
3056 2310 3340 2366 reduceret

1759 2392 1953 2456 Vitam,
1982 2393 2048 2447 de
2068 2410 2175 2463 qua
2205 2394 2476 2449 ceciderat
2505 2395 2724 2450 diabolo
2751 2413 2948 2466 parens
2974 2416 2988 2463 ;
3027 2411 3188 2469 atque
3222 2418 3344 2457 san-

1760 2494 1878 2539 ctos
1913 2485 2358 2539 intellectualium
2400 2489 2828 2542 substantiarum
2857 2490 2978 2545 ςαξιί
3022 2493 3243 2548 ordines
3272 2495 3341 2549 ad

1760 2576 2329 2631 inconvertibilitatem
2365 2579 2627 2648 mysterio
2659 2595 2773 2634 sua:
2798 2582 3064 2636 stabiliret
3095 2583 3345 2653 incorpoo

1761 2669 2009 2722 rationis.
2038 2668 2210 2738 Cujus
2267 2684 2406 2740 opus
2438 2672 2684 2725 omnium
2714 2672 2792 2727 in-
2811 2689 2935 2728 eum
2963 2675 3341 2744 recapitulatio

1759 2772 1860 2815 cst.
1905 2760 2103 2815 Mansit
2133 2778 2264 2830 ergo
2313 2763 2477 2817 etiam
2534 2766 2852 2822 incarnatus
2903 2769 3203 2821 secundum
3240 2785 3341 2824 na-

1763 2861 1946 2907 turam
1984 2852 2126 2908 Deus
2155 2856 2650 2924 superimmensus,
2695 2859 2798 2913 sibi
2831 2869 3117 2929 cognatam
3141 2872 3344 2917 etcon-

1758 2947 2064 3001 venientem
2090 2947 2294 3003 habens
2322 2949 2697 3018 operationem
2728 2968 2741 3002 :
2776 2965 2844 3004 ex
2880 2950 3083 3004 deitate
3115 2952 3339 3020 quidem

1762 3037 2195 3093 substantialiter
2228 3048 2447 3104 natam;
2490 3055 2588 3109 per
2608 3041 3016 3096 sanctissimam
3048 3058 3179 3097 vero
3219 3059 3342 3098 car-

135 3122 203 3177 δια
225 3126 461 3198 πιστευθῇ
514 3126 650 3189 Θεὸς
682 3120 842 3206 εἶναι,
870 3123 937 3176 δι’
976 3121 1235 3187 ἀσθενοῦς
1261 3123 1421 3194 φύσει
1455 3124 1656 3197 σαρκὸς

1765 3145 1883 3184 nem
1914 3129 1968 3182 in
2001 3127 2282 3185 miraculis
2310 3129 2709 3199 dispensatorie
2736 3132 3100 3197 declaratam;
3130 3145 3189 3189 ut
3214 3150 3343 3213 ~cre-

133 3214 398 3287 αὒτουργῶν
428 3218 524 3287 τὴν
561 3214 654 3269 τοῦ
683 3213 882 3276 παντὸς
916 3211 1207 3284 σωτηρίαν.

305 3435 408 3488 Τοῦ
442 3433 652 3497 αὑτοῦ,
684 3434 752 3486 ὲκ
775 3431 881 3486 τοῦ
904 3432 1090 3486 αὐτοῦ
1122 3434 1330 3501 λόγου.
1375 3440 1445 3502 γ’.

182 3543 338 3613 Κὰμοὶ
371 3544 498 3615 γὰρ,
535 3545 627 3597 ἴνα
678 3542 943 3614 τρανώσω
998 3542 1402 3613 παραδείγματι
1432 3543 1493 3596 τὸ
1530 3547 1658 3618 περὶ

132 3632 339 3706 Σωτῆρος
366 3636 573 3708 λεχθὲν,
607 3638 637 3688 ὁ
662 3636 888 3706 φυσικός
920 3652 1021 3705 μου
1061 3634 1220 3703 λόγος
1250 3637 1514 3707 συγγενής
1542 3638 1657 3690 ἐστι

131 3726 203 3778 καὶ
237 3727 551 3800 κατάλληλος
598 3727 721 3780 ὄντα
756 3724 961 3796 λογικῷ
988 3743 1047 3778 τε
1082 3726 1176 3779 καὶ
1208 3725 1379 3796 νοερῷ
1405 3727 1504 3798 τὴν
1556 3727 1658 3797 ψυ-

131 3817 224 3887 χήν·
253 3814 313 3891 ἦς
356 3820 492 3873 κατὰ
522 3819 684 3888 φύσιν
734 3819 882 3871 ἐστὶν
932 3818 1283 3888 αὐτοκίνητος
1324 3818 1571 3891 ἐνέργειά
1596 3837 1657 3874 τε

132 3904 204 3957 καὶ
225 3907 392 3979 πρώτη
424 3909 672 3978 δύναμις,
704 3908 1029 3978 ἀεικίνητος,
1054 3909 1082 3960 ὁ
1108 3908 1263 3976 λόγος
1293 3909 1538 3977 φυσικῶς
1558 3910 1657 3963 αὑ-

132 3996 607 4072 τῆςπηγαξόμενος-
642 4002 737 4053 ’ον
792 4000 1100 4072 βηματίσας
1144 4017 1205 4053 τε
1244 4001 1339 4054 καὶ
1371 4006 1657 4073 γραμμαῖς

131 4084 175 4140 εὖ
199 4093 433 4162 χαράξας,
487 4093 708 4164 γλώσσῃ
743 4094 840 4163 μὲν
865 4091 1190 4164 ὁργανικῶς,
1225 4093 1312 4145 ὅτε
1370 4094 1475 4163 χρὴ
1521 4111 1656 4166 προ-

133 4180 266 4250 ιεὲρω,
292 4185 378 4237 καὶ
408 4186 699 4256 γράμμασι
732 4185 995 4255 τεχνικῶς
1022 4184 1107 4237 διὰ
1130 4184 1237 4237 τῶν
1261 4185 1526 4257 ἀνομοίων
1560 4187 1657 4257 μὲν

131 4270 395 4344 ὑπάρχοντα
447 4278 559 4346 (50)
587 4277 682 4329 καὶ
707 4276 796 4329 διὰ
822 4275 929 4328 τῶν
958 4276 1225 4346 ἀνομοίων
1271 4276 1344 4348 μὴ
1382 4278 1656 4348 τραπέντα

131 4363 302 4430 δεικνὺς
350 4370 508 4423 αὐτὸν
566 4369 976 4439 ἐξακουόμενον.
1015 4369 1088 4420 Οὐ
1132 4367 1240 4439 γὰρ
1270 4368 1521 4440 γλώσσης
1566 4371 1658 4423 καὶ

1760 3223 1922 3278 datur
1951 3224 2090 3281 Deus
2140 3241 2281 3290 esse,
2313 3240 2411 3293 per
2437 3224 2709 3278 inﬁrmam
2757 3234 2951 3280 natura
2994 3241 3213 3281 carnem
3244 3242 3342 3297 per

1761 3328 1821 3369 sc
1852 3329 2088 3384 operans
2133 3316 2503 3372 universitatis
2529 3316 2782 3371 salutem.

2040 3427 2313 3495 Eiusdem,
2341 3444 2405 3480 ea:
2433 3428 2613 3481 eadem
2638 3444 2893 3483 sermone.
2936 3426 3054 3482 ΙΙΙ.

1830 3539 1918 3593 ΙΙΙ.
1970 3538 2185 3596 Etenim
2239 3550 2292 3595 ct
2324 3542 2480 3607 mihi,
2539 3549 2599 3596 ut
2645 3541 3016 3611 paradigmate
3071 3542 3219 3611 quod
3268 3541 3337 3595 de

1761 3630 2043 3687 Salvatorc
2097 3632 2303 3687 dictum
2363 3642 2446 3687 est
2500 3633 2823 3703 exprimam,
2856 3632 3121 3687 naturalis
3160 3647 3342 3688 sermo

1758 3738 1912 3777 meus
1941 3730 2205 3792 cognatus
2242 3730 2326 3776 cst
2385 3731 2438 3775 et
2476 3729 2813 3789 competens,
2850 3735 2974 3773 cum
3029 3721 3131 3775 sim
3166 3719 3339 3773 ratio-

1760 3816 1901 3869 nalis
1949 3826 2001 3869 et
2036 3814 2415 3869 intellectualis
2453 3814 2665 3878 anima;
2706 3812 2863 3881 cujus
2903 3812 3201 3867 secundum
3238 3825 3339 3864 na-

1761 3915 1940 3961 turam
1976 3914 2059 3960 est
2093 3920 2122 3958 a
2152 3920 2209 3958 se
2259 3904 2477 3958 mobilis
2509 3901 2756 3972 Operatio
2816 3917 2879 3956 ac
2927 3903 3102 3970 prima
3135 3903 3335 3967 virtus,

1761 4013 1975 4066 semper
2001 3997 2239 4064 mobilis,
2277 4010 2457 4051 sermo
2482 3995 2800 4050 naturaliter
2828 4009 2894 4048 ex
2935 4009 2998 4047 ca
3035 3994 3336 4062 proﬂuens.

1763 4092 1935 4159 Quem
1975 4092 2156 4147 verbis
2192 4090 2485 4160 prolatum,
2516 4097 2569 4142 et
2598 4089 2756 4142 lineis
2807 4094 3112 4146 exaratum,
3150 4086 3339 4155 lingua

1759 4185 1978 4255 quidem
2012 4183 2270 4253 organice
2301 4198 2425 4238 cum
2474 4190 2686 4251 oportet
2738 4180 3002 4251 produco,
3052 4187 3105 4233 et
3144 4178 3341 4233 litteris

1761 4276 2057 4332 artiﬁciose
2084 4274 2157 4345 (θ)
2213 4288 2311 4343 per
2345 4272 2693 4327 iudissimilia
2725 4286 2834 4325 non
2875 4270 3251 4335 exsisteutem,
3285 4280 3340 4323 et

1758 4366 2121 4423 dissimilibus
2152 4380 2256 4417 non
2310 4362 2606 4434 fugientem
2654 4366 2949 4421 ostendens
2982 4381 3106 4420 eum
3140 4366 3343 4420 subau-

132 4464 421 4531 γραμμάτων
448 4466 475 4517 ὁ
510 4463 737 4532 φυσικός
762 4480 860 4532 μου
889 4460 1042 4529 λόγος
1073 4461 1207 4522 ἐστὶ,
1238 4462 1341 4514 κᾶν
1384 4461 1451 4514 δι’
1478 4462 1656 4516 αὐτῶν

1765 4459 1956 4513 ditum.
2010 4454 2129 4509 Non
2171 4456 2316 4510 enim
2357 4456 2557 4526 linguae
2599 4472 2665 4512 ac
2717 4457 3021 4512 litterarum
3072 4456 3343 4511 naturalis

132 4550 260 4603 αξιτοῦ
305 4553 556 4625 ποιοῦμαι
607 4554 705 4624 τὴν
735 4552 1032 4624 προφορὰν·
1069 4550 1181 4604 ἀλλ’
1225 4552 1358 4622 ἐμοῦ
1387 4552 1480 4605 τοῦ
1512 4554 1652 4606 κατὰ

131 4639 256 4705 οὖσιν
309 4644 611 4710 λαλοῦντος,
669 4644 765 4698 καὶ
819 4644 883 4696 δι’
917 4645 1117 4713 ἀμφοῖν
1179 4643 1340 4695 αὑτὸν
1387 4643 1464 4707 ὡς
1520 4645 1653 4714 ὲμὸν

128 4730 447 4799 ἐκφωνοῦντος
466 4754 479 4767 ·
508 4738 609 4807 τῆς
637 4736 733 4806 μὲν
758 4734 948 4806 νοερᾶς
983 4751 1083 4804 μου
1105 4732 1283 4805 ψυχῆς
1307 4734 1551 4802 φυσικῶς
1578 4736 1665 4788 ἀεὶ

179 4850 217 4881 ⁸³
250 4852 427 4909 Matth.
465 4871 615 4914 χιιι.
647 4854 736 4909 42.

180 4944 274 5021 (24)
311 4950 737 5021 Ἐκφυομένην.
778 4970 797 5001 ι
823 4949 1103 5021 Εηειοιη.»
1141 4947 1279 5004 Male
1321 4949 1477 5015 edit.,
1517 4970 1535 5003 ι
1558 4966 1652 5006 co-

126 5026 304 5089 S'Ialam
331 5023 346 5088 (
369 5024 437 5076 al.
470 5020 820 5089 cegnitam)»
849 5020 1083 5075 Centum".

181 5088 596 5160 (25)Μεμένηκε
645 5088 758 5157 τὴν
790 5092 976 5160 φύσιν
1023 5089 1119 5142 καὶ
1170 5088 1285 5156 τὴν
1325 5088 1649 5160 ἐνέργειαν.

126 5154 323 5231 (lumine
355 5154 638 5231 legendum
687 5154 918 5221 ridetur,
958 5154 1262 5231 μεμένηκεν
1314 5154 1482 5231 ἦγοβῦ
1516 5161 1654 5231 σὰρξ

124 5227 315 5347 ἓσθενὴς
365 5227 455 5286 xii.
500 5231 716 5304 παθητὴ
748 5232 845 5303 τὴν
876 5227 1040 5301 φύσιν
1063 5227 1161 5282 καῖ
1210 5229 1307 5300 τὴν
1337 5227 1649 5301 ἐνέργειαν.

158 5314 414 5347 ΔΡΡΕΒΟΝΝ-

158 5314 415 5357 APPERONN.

180 5368 273 5442 (26)
305 5372 369 5442 Τὸ
389 5373 507 5441 μὲν
534 5371 794 5441 Πνεῦμα,
831 5390 886 5425 κ.
934 5389 986 5424 τ.
1013 5372 1081 5442 .1.
1106 5368 1381 5442 _Spiritus,
1414 5370 1475 5423 τὸ
1526 5388 1653 5442 νοη-

123 5434 195 5511 τόν
217 5434 525 5511 iniChr'isto,
581 5434 707 5511 ipsa'
740 5434 944 5509 deitas;
981 5440 1059 5496 sic
1089 5434 1291 5495 Athan.
1324 5454 1428 5495 etc.
1446 5457 1468 5511 7;
1500 5434 1650 5509 caro,

124 5508 170 5557 τὸ
195 5508 463 5580 όρώμενον.
491 5508 777 5568 Constans.
933 5508 938 5509 ί
1256 5516 1261 5523 ⁴

126 5579 277 5696 B“(33)
356 5582 774 5638 Ἐπιστώσατο.
848 5602 867 5636 ι
922 5580 1220 5647 Probavit,
1292 5582 1586 5653 persuasit.
1626 5601 1647 5635 ι

160 5666 259 5703 ΛΓΝ.

180 5716 400 5794 (ξδγΉς
423 5764 437 5779 .
463 5763 477 5776 .
504 5764 518 5777 .
553 5727 914 5794 πειθόμενος.
948 5721 1073 5777 Haec
1102 5722 1156 5776 in
1189 5720 1341 5775 editt.
1370 5719 1649 5794 Sirmond.

127 5794 163 5835 et
208 5789 400 5848 Fabric.
459 5796 598 5849 male
641 5789 990 5863 omittuntur,
1016 5809 1138 5863 qua!
1200 5792 1445 5860 ηῧηοεθίῑ
1478 5794 1649 5846 huc"

1761 4564 1940 4606 sermo
1964 4562 2120 4602 meus
2148 4558 2253 4612 est,
2303 4548 2427 4602 licet
2458 4563 2555 4617 per
2582 4564 2677 4604 cas
2714 4549 2885 4618 ipsius
2917 4549 3181 4604 faciamus
3206 4563 3338 4618 pro-

1761 4641 2201 4705 nuntiationem;
2234 4639 2329 4696 sed
2379 4656 2555 4703 meus,
2592 4640 2717 4710 quia
2753 4642 3050 4696 secundum
3084 4650 3336 4695 naturam

1772 4735 1992 4805 loquor,
2015 4743 2068 4787 et
2092 4747 2189 4801 per
2223 4740 2485 4801 utrasque
2511 4732 2662 4786 illum
2698 4740 2756 4786 ut
2788 4747 2968 4786 meum
3006 4732 3337 4801 pronuntio:

1751 4968 1903 5020 pres.
1930 4981 1998 4991 -—
2022 4948 2181 5004 Forte
2216 4949 2321 5018 leg.
2355 4947 2702 5020 πειθόμενον,
2736 4957 2793 5003 ut
2827 4949 2894 5003 ad
2928 4949 3087 5018 γένος
3136 4948 3341 5004 refera-

1751 5032 1863 5077 tur.
1897 5021 2059 5075 Enl'r.
2094 5020 2340 5076 Parnm"

1829 5134 1957 5206 (⁸29)Δ
2000 5132 2111 5206 Καὶ
2155 5131 2225 5185 τὰ
2267 5133 2729 5206 κατόιῖιρανούς.
2792 5130 2956 5206 Atqui
2988 5131 3167 5206 angeli
3212 5138 3338 5206 ante

1756 5202 1962 5259 Christi
2001 5205 2499 5270 incorporatinnem
2534 5204 2749 5272 alioque
2780 5203 2970 5272 ordine
3003 5202 3332 5272 coutirmati.

1757 5275 1996 5329 ϐοηθεῖ.
2025 5302 2093 5313 -—-
2141 5272 2465 5341 Respexisse
2510 5271 2725 5326 videtur
2776 5272 2834 5326 S.
2870 5271 3032 5324 Pater
3079 5272 3145 5325 ad
3199 5271 3331 5325 illud

1758 5343 1958 5414 Ephes.
1996 5360 2034 5407 ι,
2064 5343 2129 5396 10
2167 5361 2179 5396 :
2224 5361 2243 5392 ι
2272 5345 2325 5396 In
2371 5343 2781 5411 dispensatione
2815 5341 3167 5414 plenitudinis
3195 5352 3332 5395 tem-

1759 5412 1979 5484 porum,
2011 5416 2319 5467 inStaurare
2352 5414 2535 5467 omnia
2594 5415 2646 5466 in
2693 5414 2934 5479 Christo,
2969 5427 3091 5482 quae
3138 5412 3192 5464 in
3225 5427 3332 5467 caa-

1758 5487 1847 5545 lis,
1881 5494 1935 5539 et
1963 5500 2085 5552 qua:
2118 5485 2171 5536 in
2198 5493 2342 5537 terra
2368 5493 2517 5548 sunt,
2545 5484 2599 5537 in
2633 5485 2806 5553 ipso.»

1831 5576 1940 5648 (ὄρ)
1962 5574 2090 5629 Μὲν
2111 5574 2479 5648 ὑπάρχοντα.
2508 5576 2832 5630 Anastasius
2853 5574 2980 5648 legit
2994 5574 3090 5646 μή.
3110 5572 3176 5627 Et
3206 5588 3325 5648 mox

1759 5645 2042 5716 ποιοῦμεν.
2083 5712 2094 5716 Α
2131 5645 2493 5699 Combelisius
2572 5655 2751 5699 tamen
2824 5645 2995 5700 edidit
3057 5645 3333 5716 ποιουμέτ

1758 5734 1851 5788 νου
1872 5711 2065 5788 ςυίᾳιιο
2083 5712 2157 5768 ita
2185 5715 2577 5788 interpretatur
2601 5734 2614 5768 :
2648 5734 2666 5767 ι
2694 5716 2820 5770 licet
2848 5731 2945 5784 per
2966 5732 3060 5772 cas
3075 5711 3335 5788 (litteras)

1764 5787 1941 5855 ipsum
1973 5785 2326 5849 (sermonem)
2354 5786 2626 5841 profero.»
