3862 6514
514 271 622 326 835

1168 272 1223 327 S.
1270 271 1640 328 lllPPOLYTl
1683 271 1833 327 OPP.
1876 271 2054 329 PARS
2097 273 2163 329 ll.
2205 307 2273 314 —-
2312 275 2618 334 DOGMAT.
2660 277 2748 333 ΕΤ
2785 279 3124 338 lllSTORlC.

3671 289 3757 342 835

513 390 585 443 ab
623 361 972 444 intellectuali
1013 387 1231 457 quidem
1273 390 1455 443 anima
1487 404 1607 444 mea
1637 404 1856 459 semper
1886 400 2080 444 natura

2208 394 2606 470 mjat‘jépevov
2643 395 2730 450 διὰ
2785 396 2841 449 δὲ
2879 397 2980 468 τῆς
3008 399 3328 470 σωματικῆς
3382 416 3482 470 μου
3538 399 3758 470 γλώσσης

513 481 639 536 liter
702 481 1004 535 derivatum
1037 523 1053 548 ,
1108 499 1204 552 per
1261 484 1601 554 corporalem
1659 499 1790 538 vero
1858 483 2099 554 linguam

515 589 690 626 meam
722 574 1001 642 organice,
1038 583 1098 629 ut
1145 577 1281 640 dixi,
1314 593 1438 631 cum
1472 584 1707 646 oportet,
1750 579 2097 647 productum.

512 662 672 718 Sicut
698 679 826 733 ergo
879 665 932 717 in
965 665 1146 730 nobis,
1175 679 1442 736 quantum
1493 668 1557 741 (ι)
1601 671 1873 727 aestimare
1905 689 2104 743 possu-

511 773 637 810 mus
666 756 813 826 quod
866 759 1043 814 modis
1087 761 1346 817 omnibus
1407 772 1492 818 est
1549 765 1951 833 inaestimabile,
2005 783 2102 837 per

508 846 847 912 corporalem
879 847 1120 918 linguam
1149 861 1390 905 nostram
1427 854 1938 920 inconvertibiliter,
1976 875 2100 928 qua:

509 938 814 992 secundum
849 950 1102 995 naturam
1131 952 1236 1010 est,
1282 946 1478 1000 animae
1516 947 1859 1004 rationabilis
1896 952 2101 1020 produ-

508 1030 652 1082 citur
676 1031 887 1085 virtus:
942 1034 1016 1087 ita
1055 1043 1109 1088 et
1148 1035 1202 1090 in
1254 1037 1491 1106 gloriosa
1549 1038 1646 1095 Dei
1695 1041 2096 1110 incarnatione,

507 1135 605 1188 per
635 1123 1040 1178 sanctissimam
1098 1141 1320 1182 omnem
1381 1146 1537 1185 suam
1587 1133 1640 1187 in
1671 1136 2099 1208 quibuscunque

505 1210 688 1264 divine
711 1222 1054 1282 operaretur,
1103 1217 1222 1271 sine
1262 1222 1724 1278 convertibilitatc
1753 1226 2100 1296 omnipoten-

504 1301 622 1357 tiva
652 1311 705 1356 et
756 1313 1079 1358 cunctorum
1113 1306 1334 1369 factiva,
1371 1310 1540 1366 totius
1601 1311 1822 1368 deitatis
1853 1316 2097 1383 operatio

505 1397 954 1459 monstrabatur,
1015 1400 1222 1469 absque
1263 1403 1414 1456 omni
1481 1405 1784 1459 secundum
1841 1419 2095 1462 naturam

503 1489 1014 1557 Circumscriptione
1065 1508 1413 1560 permanens,
1449 1494 1525 1566 (κ)
1571 1497 1696 1552 licet
1723 1514 1822 1570 per
1873 1515 2095 1556 carnem

501 1575 733 1647 fulgeret
766 1589 960 1633 natura
993 1581 1384 1640 circumtinita.
1417 1585 1534 1642 Non
1569 1589 1715 1644 enim
1749 1591 2096 1648 circumscri-

503 1667 650 1722 bitur
673 1670 876 1725 l'actitia
903 1685 1097 1729 natura
1127 1677 1268 1746 quod
1289 1680 1588 1733 secundum
1611 1690 1862 1737 naturam
1889 1683 2092 1739 factum

503 1776 614 1813 non
649 1773 753 1827 est,
780 1763 906 1818 licet
930 1765 1004 1835 (λ)
1031 1769 1307 1822 cooriatur
1335 1771 1384 1823 ei
1410 1786 1504 1841 per
1532 1775 1946 1844 conceptionem
1977 1793 2090 1832 om-

502 1867 628 1906 nem
681 1871 903 1910 sensum
940 1858 1481 1917 circumscribentcm
1511 1881 1525 1928 ;
1586 1862 1672 1936 (μ)
1708 1882 1809 1922 nec
1835 1869 2000 1923 etiam
2035 1869 2090 1924 in

499 1945 690 1999 eodem
751 1949 871 2017 ipso
905 1949 1008 2004 sibi
1057 1961 1253 2007 natura
1301 1953 1551 2009 din‘ertur
1586 1958 1882 2028 aliquando
1913 1970 1966 2016 et
1999 1977 2094 2015 na-

498 2037 694 2091 turalis
730 2041 998 2108 operatio,
1045 2043 1221 2099 donec
1272 2054 1567 2116 utrumque
1617 2049 1762 2106 intra
1813 2053 2086 2123 propriam

498 2140 684 2185 manet
717 2135 1019 2188 naturalem
1067 2136 1661 2198 iucmivertibilitatem.
1701 2143 1773 2216 (v)
1807 2145 2085 2202 Connatu-

496 2221 698 2276 ralium
727 2227 872 2279 enim
908 2235 1120 2281 tantum
1151 2244 1246 2298 per
1274 2246 1333 2286 se
1366 2247 1599 2302 operans
1625 2245 1707 2290 est
1736 2248 1940 2304 motus,
1973 2255 2086 2294 ma-

2205 468 2530 558 ὀργανικῶς,
2569 487 2645 552 ὡς
2671 487 2828 560 ἔφην,
2850 491 2939 543 ὅτε
2983 468 3101 562 χρὴή
3123 468 3544 563 προφερόμενον.
3575 468 3757 566 Ὥσπερ

2204 574 2298 631 οὖν
2332 577 2444 650 (51)
2475 581 2558 648 ἐφ’
2587 580 2763 651 ἡμῶν,
2801 582 2924 635 ὅσον
2971 583 3189 636 εἰκάσαι
3237 584 3299 636 τὸ
3328 583 3602 648 παντελῶς
3633 587 3756 639 ἀνεί-

2205 681 2426 734 καστον,
2450 666 2538 720 διὰ
2558 668 2657 739 τῆς
2691 670 3012 741 σωματικῆς
3040 671 3198 742 ἡμῶν
3227 671 3477 744 γλώσσης
3498 675 3756 747 ἀτρέπτως

2202 763 2235 830 ἡ
2268 762 2408 816 κατὰ
2447 763 2609 832 φύσιν
2660 764 2760 834 τῆς
2793 764 2974 836 ψυχῆς
3017 766 3207 838 λογικὴ
3257 768 3590 841 προφέρεται
3626 770 3756 824 δύνει

2207 872 2315 925 μις·
2353 855 2494 910 οὕτω
2523 858 2616 910 καὶ
2669 857 2762 909 ἐπὶ
2809 858 2909 927 τῆς
2940 859 3256 930 ὑπερφυοῦς
3291 860 3386 913 τοῦ
3417 861 3554 914 Θεοῦ
3607 880 3756 932 σωμαο

2201 945 2441 1011 τώσεως,
2478 947 2566 1001 διὰ
2594 949 2694 1018 τῆς
2739 949 2905 1004 αὑτοῦ
2956 953 3228 1020 παναγίας
3263 953 3488 1024 σαρκὸς,
3528 955 3584 1006 ὲν
3612 950 3683 1017 οἷς
3704 957 3753 1008 iv

2203 1038 2400 1102 θεῖκῶς
2447 1040 2741 1113 ἐνήργησε,
2792 1042 2914 1113 δίχα
2975 1044 3246 1116 τροπῆςὴ
3287 1050 3751 1120 παντοκρατορικὴ,

2202 1131 2295 1184 καὶ
2327 1131 2435 1184 τῶν
2461 1132 2596 1186 ὅλων
2634 1135 2890 1206 ποιητικὴ
2920 1135 3020 1205 τῆς
3070 1135 3198 1208 ὅλης
3243 1136 3498 1207 θεότητος
3537 1139 3752 1208 ἐνέργεια

2199 1222 2560 1278 διαδείκνυται
2618 1226 2754 1298 (52),
2814 1228 2993 1300 πάσης
3051 1229 3206 1292 ἐκτὸς
3239 1229 3381 1283 κατά
3434 1229 3595 1302 φύσι)
3628 1246 3752 1301 περι-

2200 1317 2419 1388 γραφῆς
2443 1316 2793 1388 διαμένουσα,
2822 1318 2924 1373 κᾶν
2959 1319 3047 1374 διὰ
3088 1322 3290 1393 σαρκὸς
3316 1321 3587 1394 διέλαμψε
3617 1325 3748 1392 φύσει

2201 1411 2628 1483 πεπερασμένης
2661 1414 2798 1486 (55).
2841 1415 2916 1468 Οὐ
2948 1415 3058 1486 γὰρ
3097 1416 3309 1483 πέφυκε
3339 1417 3750 1488 περιγράφεσθαι

2199 1505 2399 1575 γενητῇ
2431 1504 2592 1574 φύσει
2626 1505 2686 1559 τὸ
2747 1507 2890 1561 κατά
2925 1509 3085 1576 φύσιν
3116 1509 3398 1579 ἀγένητον·
3448 1509 3552 1564 κᾶν
3583 1511 3747 1579 συνέςυ

2199 1595 2348 1666 αὐτῷ
2401 1597 2543 1650 κατὰ
2605 1597 2866 1669 σύλληψιν
2916 1599 3094 1654 πάντα
3131 1601 3580 1672 περιγράφουσαν
3629 1602 3745 1655 νοῦν·

2197 1687 2320 1741 οὔτε
2349 1691 2454 1760 μὴν
2492 1692 2572 1753 εἰς
2619 1691 2852 1744 τάὺτὸν
2909 1691 3058 1762 αὐτῷ
3113 1692 3376 1763 φέρεσθαι
3409 1693 3521 1763 (54)
3571 1692 3747 1762 φύσεικ

2197 1799 2323 1835 ποτε
2352 1784 2446 1836 καὶ
2479 1785 2713 1855 φυσικῆς
2764 1784 3068 1858 ἐνεργείας,
3119 1785 3226 1850 ἕως
3274 1785 3342 1839 ἂν
3386 1786 3644 1857 ἑκάτερον
3667 1786 3747 1855 τῆς

2197 1873 2334 1938 ιδίας
2365 1874 2518 1937 ἐντὸς
2550 1875 2702 1946 μένει
2747 1877 2981 1948 φυσικῆς
3011 1877 3294 1950 ἀτρεψίας.
3354 1879 3636 1949 Ὀμοφυῶν
3659 1880 3745 1950 γὰρ

2196 1966 2372 2038 μόνων
2425 1969 2823 2040 ήταυτουργός
2868 1971 2983 2023 ἐστι
3037 1971 3252 2043 κίνησις
3310 1973 3643 2043 σημαίνουσα
3668 1973 3744 2041 τὴν

2191 2059 2402 2122 οὐσίαν,
2452 2054 2521 2132 ἦς
2570 2059 2772 2131 φυσικὴ
2832 2060 3140 2133 καθέστηκε
3171 2062 3423 2134 δύναμις,
3451 2066 3742 2136 ἑτεροφυοῑς

2197 2149 2455 2222 ἰδιότητος
2476 2152 2665 2216 οὐσίας
2687 2149 2826 2206 εἶναι
2881 2154 3002 2208 κατ’
3025 2154 3217 2209 οὐδένα
3243 2156 3426 2228 λόγον,
3454 2157 3488 2230 ἢ
3525 2159 3740 2228 γενέσθαι

2191 2241 2315 2312 δίχα
2337 2244 2544 2315 τροπῆς
2567 2245 2890 2317 δυναμένην.

499 2315 769 2374 nil'cstans
835 2321 1235 2389 subStantiam,
1289 2327 1448 2394 cujus
1479 2332 1783 2385 naturalem
1812 2342 2029 2388 constat
2072 2350 2195 2391 esse
2225 2339 2509 2407 virtutem;
2544 2340 2774 2396 diversa:
2829 2353 3041 2396 natura:
3072 2343 3426 2413 prOprietatis
3472 2343 3740 2400 substantia

495 2414 642 2468 milia
678 2416 888 2472 ratione
906 2434 1027 2473 esse
1053 2421 1133 2473 vel
1167 2420 1283 2475 ﬁeri
1316 2423 1434 2477 sine
1463 2428 1921 2484 coin'crtibilitate
1947 2431 2177 2486 valente.

783 2537 1060 2606 Ejusdem,
1087 2556 1152 2595 ex
1177 2542 1359 2596 eodem
1397 2561 1655 2601 sermone.
1690 2547 1716 2601 I
1736 2548 1795 2602 V.

568 2647 655 2703 IV.
686 2649 1005 2721 Mysterium
1045 2670 1285 2724 namque
1318 2657 1515 2712 divina:
1544 2660 1938 2720 incarnationis
1958 2680 2085 2735 apo-

492 2743 652 2797 stolis
690 2755 745 2798 et
770 2746 1054 2814 prophetis
1085 2758 1251 2818 atque
1290 2751 1608 2808 doctoribus
1655 2754 1874 2824 duplam
1909 2773 1973 2813 ac
2005 2759 2082 2814 di-

496 2848 712 2888 versam
772 2836 824 2888 in
885 2839 1142 2893 omnibus
1194 2840 1395 2896 habere
1454 2845 1759 2900 naturalem
1809 2848 2079 2905 theoriam

2408 2555 2517 2610 Τοῦ
2546 2555 2754 2620 αὑτοῦ,
2787 2555 2856 2609 ἐκ
2902 2556 3010 2610 τοῦ
3031 2558 3221 2612 αὑτοῦ
3264 2561 3475 2630 λόγου.
3499 2560 3564 2614 δ.

2261 2670 2334 2725 Τὸ
2356 2671 2465 2743 γὰρ
2510 2672 2808 2742 μυστήριον
2848 2670 2949 2742 τῆς
2981 2671 3128 2735 θείας
3159 2673 3511 2740 σαρκώσεως,
3540 2673 3736 2728 ἀποστό-

2184 2762 2298 2827 λοις
2331 2782 2410 2828 τε,
2443 2765 2537 2818 καὶ
2579 2764 2907 2835 προφήταις,
2939 2763 3033 2816 καί⁸
3072 2763 3438 2829 διδασκάλοις,
3472 2766 3645 2839 διττὴν
3669 2769 3742 2821 καὶ

2181 2855 2447 2928 διαφορὰν
2469 2856 2590 2928 ἔχον
2618 2857 2940 2926 διέγνωσται
2967 2858 3065 2928 τὴν
3100 2858 3158 2912 ἐν
3202 2861 3337 2912 πᾶσι
3379 2861 3611 2932 φυσικὴν
3635 2861 3741 2914 θεω-

492 2922 857 2992 dignoscitur,
891 2943 1014 2983 cum
1048 2931 1119 2984 sit
1143 2931 1400 3000 perfecta:
1445 2934 1664 2990 deitatis
1689 2945 1741 2990 et
1768 2938 1942 3006 plenae
1981 2941 2078 2995 de-

2189 2922 2326 3020 ρίαν·
2347 2922 2675 3011 ’ἀνελιλιποῦς
2704 2922 2948 3020 υπάρχον
2983 2922 3258 3022 θεότητος,
3292 2953 3387 3005 καὶ
3427 2952 3656 3025 πλήρους
3673 2955 3740 3006 Es-

492 3017 913 3070 monstrativum
983 3019 1364 3077 humanitatis.
1444 3023 1516 3095 (ξ)
1589 3025 1834 3092 Quarum
1905 3031 2080 3087 donec

491 3123 662 3161 unmn
700 3113 1001 3166 secundum
1039 3114 1406 3170 substantiam
1445 3132 1554 3171 non
1588 3120 1866 3191 cognitum
1915 3121 2081 3178 fuerit

491 3197 732 3254 Verbum
767 3203 933 3259 unius
957 3193 1317 3274 operationis,
1341 3225 1468 3263 cum
1503 3211 1790 3282 utriusque
1821 3215 1910 3282 sit,
1933 3232 2077 3270 nun-

488 3309 656 3361 quam
710 3295 1010 3365 aliquando
1063 3311 1424 3370 cognoscctur
1472 3313 1675 3360 motus.
1728 3307 1863 3361 Cum
1929 3310 2076 3365 enim

487 3399 700 3455 semper
729 3389 1030 3443 secundum
1060 3401 1310 3446 naturam
1343 3395 1569 3449 exsistat
1590 3395 1753 3463 Deus,
1785 3402 2077 3470 superinli-

488 3478 602 3530 nita
633 3479 832 3535 virtute
866 3481 1062 3545 factus,
1098 3483 1241 3538 sicut
1267 3485 1459 3551 voluit,
1492 3487 1658 3543 homo
1683 3489 1802 3544 sine
1835 3503 2078 3560 peccato,

489 3570 642 3638 quod
684 3579 802 3625 erat
847 3582 951 3639 est,
986 3589 1110 3628 cum
1144 3581 1364 3644 quantis
1409 3581 1761 3650 cognoscitur
1799 3582 1989 3640 Deus:
2026 3595 2083 3641 et

489 3663 638 3731 quod
667 3662 847 3719 factus
875 3674 981 3728 est,
1039 3677 1122 3721 est
1148 3684 1270 3722 cum
1313 3673 1534 3740 quantis
1576 3687 1700 3728 esse
1729 3678 2081 3746 cognoscitur

490 3753 682 3808 homo.
716 3755 784 3826 (ο)
823 3755 1136 3812 Secundum
1173 3770 1466 3830 utrumque
1489 3777 1651 3817 suum
1705 3780 1922 3834 semper
1953 3783 2077 3837 per-

487 3859 718 3899 manens
753 3847 871 3901 sine
902 3863 1056 3910 casu,
1091 3850 1294 3919 quibus
1316 3851 1500 3906 divine
1531 3854 1735 3922 pariter
1757 3865 1811 3910 et
1834 3856 2073 3914 humane

484 3947 746 4005 Oper-atus
798 3948 912 4007 est;
980 3943 1375 4010 perfectionem
1441 3960 1537 4014 per
1594 3961 1811 4002 omrem
1875 3951 2073 4005 utrius-

485 4045 594 4097 que
622 4025 890 4087 rationem
931 4035 1032 4089 sibi
1067 4037 1395 4093 naturaliter
1424 4040 1932 4098 incommutabilem
1955 4045 2066 4100 sal-

483 4137 641 4178 Villis.

791 4236 1071 4308 Ejusdem,
1097 4255 1163 4295 ea:
1189 4242 1369 4296 eodem
1396 4259 1653 4298 sermone.
1695 4243 1756 4299 V.

553 4345 619 4400 ν.
651 4346 791 4422 Bero
812 4350 958 4404 enim
992 4352 1214 4422 quidam
1258 4369 1453 4424 nuper,
1482 4366 1537 4410 et
1566 4356 1659 4410 alii
1689 4357 1934 4427 quidam,
1959 4357 2061 4413 Va-

2184 3041 2453 3095 δεικτικὺν
2500 3041 2922 3113 ἀνθρωπότητος
2963 3041 3041 3095 δν.
3099 3044 3245 3108 Ἕως
3287 3045 3355 3099 ἂν
3398 3047 3502 3117 οὐχ
3547 3048 3645 3118 (55)
3678 3041 3740 3108 εἷς

2185 3136 2325 3189 κατὰ
2373 3135 2468 3207 τὴν
2501 3136 2687 3190 οὐσίαν
2719 3137 3043 3207 γνωρίζεται
3095 3137 3269 3206 Λόγος
3303 3141 3436 3209 μιᾶς
3473 3140 3739 3213 ἐνεργείας.

2183 3226 2440 3280 οὐδέποτε
2506 3229 2626 3281 καθ’
2680 3227 2857 3282 ὁτιοῦν
2909 3228 3236 3300 ἀμφοτέρων
3285 3231 3650 3303 γνωσθήσεται
3671 3230 3739 3284 xi—

2184 3337 2358 3392 νησις.
2437 3321 2494 3374 Ὀ
2554 3321 2666 3395 γὰρ
2719 3322 2809 3376 ἀεὶ
2859 3325 3002 3378 κατά
3062 3325 3225 3393 φύσιν
3289 3324 3552 3394 ὑπάρχων
3599 3323 3739 3386 Θεὸς.

2185 3413 2540 3485 ὑπεραπείρῳ
2569 3415 2794 3487 δυνάμει
2824 3416 3118 3488 γενόμενος
3146 3418 3224 3482 ὡς
3258 3417 3531 3492 ἠθέλησεν
3556 3420 3740 3491 ἀνθρωο

2183 3522 2285 3569 mg
2323 3505 2725 3577 ἀναμάρτητος,
2762 3509 2899 3581 ὅπερ
2957 3505 3026 3582 ἦν
3058 3512 3196 3574 ἐστι,
3228 3512 3350 3583 μεθ’
3394 3515 3541 3568 ὅσων
3567 3515 3738 3566 νοεῖται

2179 3596 2328 3661 Θεός·
2360 3599 2452 3651 καὶ
2483 3599 2619 3671 ὅπερ
2659 3599 2903 3668 γέγονεν,
2942 3602 3060 3654 ἐστί
3094 3603 3213 3673 μεθ’
3260 3603 3403 3657 ὅσων
3435 3609 3630 3659 νοεῖται
3664 3615 3738 3656 και

2176 3690 2538 3762 γνωρίζεσθαι
2566 3691 2809 3762 πέφυκεν
2858 3693 3162 3766 ἅνθρωπος·
3192 3695 3388 3750 ἑαυτοῦ
3414 3698 3545 3751 καθ’
3575 3697 3737 3751 ἑκάτε-

2179 3798 2267 3852 ρον
2315 3782 2403 3836 ἀεὶ
2457 3783 2634 3854 μένων
2689 3785 3056 3850 ἀνέκπτωτος,
3102 3781 3184 3851 οἷς
3216 3786 3416 3854 θεῖκῶς
3467 3789 3604 3862 ὁμοῦ
3661 3790 3735 3841 καὶ

2180 3872 2538 3944 ἀνθρωπίνως
2605 3876 2912 3949 ἐνήργησε,
2990 3878 3194 3934 τέλειον
3266 3881 3410 3936 κατά
3482 3883 3575 3936 τὸν
3628 3883 3738 3934 ἑκα-

2176 3964 2338 4038 τέρου
2406 3966 2564 4036 λόγον
2622 3969 2810 4034 σώζων
2881 3971 3076 4025 ἑαυτοῦ
3145 3973 3396 4041 φυσικῶς
3475 3975 3740 4030 ἀναλλοίω-

2174 4073 2286 4110 τον.

2395 4257 2503 4308 Τοῦ
2535 4259 2742 4323 αὐτοῦ,
2775 4260 2843 4314 ἐκ
2876 4262 2983 4316 τοῦ
3027 4265 3215 4317 αὐτοῦ
3238 4267 3451 4335 λόγου.
3487 4275 3549 4321 ε’.

2244 4369 2438 4440 Βήρων
2486 4371 2596 4444 γάρ
2635 4391 2718 4435 τις
2765 4373 3014 4446 ἔναγχος,
3071 4377 3189 4448 μεθ’
3216 4379 3421 4450 ἑτέρων
3452 4382 3630 4445 τινῶν,
3655 4382 3737 4452 τὴν

483 4438 674 4493 lentini
701 4441 987 4509 phantasia
1009 4443 1247 4509 deserta,
1272 4445 1529 4500 deteriori
1567 4448 1764 4503 irretiti
1789 4459 1917 4504 sunt
1937 4465 2064 4519 pra-

2189 4462 2485 4517 ὂαλεντίνου
2520 4465 2819 4532 φαντασίαν
2850 4467 3098 4535 ἀφέντες,
3149 4471 3353 4540 χείρονι
3388 4474 3549 4544 κακῷ
3598 4491 3735 4528 κατε-

481 4532 656 4593 vitati,
691 4533 935 4590 dicentes
967 4547 1306 4606 assumptam
1340 4553 1371 4592 τι
1404 4536 1587 4594 Verbo
1617 4555 1865 4606 carnem,
1893 4541 2064 4597 fuisse

479 4622 669 4678 eadem
705 4640 828 4693 qua:
861 4625 1120 4680 divinitas
1145 4638 1367 4697 operata
1399 4640 1483 4683 est
1507 4640 1785 4699 operatam
1827 4649 1840 4686 :
1875 4631 2067 4686 divini-

479 4724 645 4768 tatem
678 4732 807 4772 vero
842 4720 1286 4787 compassibilem
1347 4721 1500 4775 carni
1535 4734 1756 4793 propter
1817 4724 2067 4778 exinani-

480 4808 720 4876 tionem;
745 4812 1261 4867 convertibilitatcin
1285 4813 1451 4866 simul
1479 4825 1534 4868 et
1584 4816 2024 4871 commistionem
2046 4857 2061 4881 ,

479 4916 576 4954 seu
612 4901 1014 4967 confusionen'i,
1051 4916 1217 4974 atque
1261 4905 1549 4975 utriusque
1597 4908 1649 4960 in
1678 4908 1909 4963 invicem
1950 4925 2064 4962 mu-

479 4994 740 5048 tationem
795 4995 1248 5066 dogmatizantes.
1309 4997 1367 5052 Si
1425 4999 1572 5052 enim
1619 4992 1899 5070 assumpta
1933 5015 2062 5054 caro

551 5149 662 5226 Gil)
696 5153 920 5226 Ὥσπερ
947 5152 1078 5210 οὖν.
1104 5154 1445 5226 Nicepltorus
1484 5157 1796 5225 patriarcha
1830 5156 1940 5211 (ΖΡ.
1976 5161 2056 5214 ci-

477 5229 556 5274 tat
593 5223 736 5276 hunc
772 5225 948 5278 locum
977 5228 1026 5279 in
1053 5227 1192 5279 libro
1239 5223 1430 5281 contra
1465 5223 1872 5296 iinpugnatorcs
1921 5229 2061 5284 ima-

477 5293 823 5367 gin_unt,_qni
848 5313 989 5367 _ms.
1041 5305 1218 5350 exstat
1245 5297 1296 5350 in
1338 5293 1668 5352 bibliotheca
1712 5297 1882 5367 Regia
1915 5311 1968 5353 et
1999 5301 2055 5354 in

477 5362 812 5419 Celtici-tina.
842 5365 1101 5421 Sumoxn.

549 5434 1130 5506 (52λΔιαδείκνυται.
1184 5435 1418 5506 Legebat
1445 5435 1772 5493 Anastasius
1823 5438 2051 5492 διεδείκ-

476 5520 624 5556 νυτο.
669 5505 834 5560 Βιιυκ.

553 5577 663 5645 (55)
693 5575 1176 5646 Πεπερασμέονης.
1212 5577 1373 5629 Addit
1405 5575 1742 5646 Nicephorus
1777 5577 1917 5633 hanc
1951 5578 2054 5632 ad-

478 5649 810 5718 notationem
839 5668 850 5701 :
911 5647 1251 5718 Σημειωτέον
1295 5648 1378 5718 ὅτι
1408 5646 1470 5699 τὸ
1503 5647 1964 5716 πεπερασμένης
2004 5652 2052 5703 τ’

479 5715 640 5770 αὐτόν
681 5719 794 5770 ἐστι
824 5718 900 5790 τῷ
925 5715 1495 5791 περιγεγρομμένης.
1525 5723 1776 5787 δΙΙιΜΟΝῐὶ-

2169 4554 2448 4626 πάρησαν,
2474 4554 2745 4624 λέγοντες,
2774 4556 2872 4628 τὴν
2907 4558 3004 4630 μὲν
3030 4561 3476 4633 προσληφθεῖσαν
3497 4566 3576 4637 τῷ
3602 4567 3735 4633 Λόγῳ

2169 4646 2346 4716 σάρκα
2409 4646 2657 4715 γενέσθαι
2711 4647 3044 4718 ταυτουργὺν
3102 4653 3167 4721 τῇ
3225 4650 3469 4725 θεότητι,
3525 4655 3613 4708 διὰ
3657 4655 3735 4724 τὴν

2167 4739 2492 4811 πρόσληψιψ
2535 4741 2633 4812 τὴν
2677 4743 2904 4814 θεότηνα
2937 4743 2992 4796 δὲ
3037 4745 3290 4812 γενέσθαι
3338 4752 3654 4821 ταυτοπαθῆ
3681 4753 3734 4819 τῇ

2167 4833 2353 4903 σαρκὶ,
2406 4831 2493 4886 διὰ
2528 4834 2778 4888 κένωσιν·
2822 4838 3032 4910 τροπὴν
3056 4839 3213 4908 ὁμοῦ,
3242 4840 3339 4893 καὶ
3389 4843 3611 4916 φύρσιν,
3659 4843 3736 4896 καὶ

2167 4925 2449 4997 σύγχυσιν,
2474 4927 2569 4980 καὶ
2595 4930 2694 5000 τὴν
2743 4931 2822 4993 εἰς
2872 4931 3136 5002 ἀλλήλους
3165 4933 3500 5006 ἀμφοτέρων
3532 4935 3738 5007 μεταδο-

2164 5017 2261 5088 λὴν
2311 5018 2752 5090 δογματίζοντες.
2810 5022 2874 5074 Ei
2923 5021 3032 5094 γὰρ
3089 5024 3504 5097 προσληφθεῖσα
3545 5030 3580 5098 ἡ
3620 5023 3737 5097 σὰρξ

2235 5171 2344 5244 (ξᾷ)
2378 5172 2686 5244 Φέρεσᾷαι.
2741 5171 2943 5244 Supple
2972 5174 3202 5244 πέφυκε.
3243 5176 3590 5238 Cupencum

2234 5242 2344 5322 (5_5)
2383 5244 2533 5324 ᾟως
2572 5242 2647 5324 ᾂν
2694 5242 2837 5324 0332:.—
2860 5242 3196 5324 7Pers_uasu_m
3243 5247 3410 5324 habet
3433 5251 3737 5324 Cappcron-

2163 5310 2391 5389 nierius,
2414 5313 2702 5389 legendum
2730 5310 2817 5368 hic
2837 5331 2960 5369 esse
2992 5316 3097 5380 ’ἐως
3123 5318 3189 5371 ἂν
3226 5313 3341 5371 οὖν.
3377 5310 3572 5389 Ιρευίιί
3588 5327 3735 5379 adeas

2162 5380 2304 5436 infra
2333 5391 2443 5436 not.
2482 5383 2566 5437 75.
2605 5383 2776 5438 Nemo
2802 5395 2983 5439 autem
3035 5403 3141 5441 non
3185 5389 3353 5448 videt,
3384 5380 3439 5444 iii
3469 5394 3733 5448 Anastasii

2161 5454 2411 5525 versione
2443 5467 2547 5525 pro
2604 5453 2888 5520 «Quarum
2925 5475 2943 5506 ι
2976 5458 3120 5525 quod
3179 5459 3381 5513 habent
3431 5466 3593 5518 editt.
3629 5465 3735 5519 Sir-

2161 5467 2411 5507 versnone
2442 5467 2547 5575 pro
2604 5467 2888 5520 «quarum
2925 5475 2943 5506 ι
2976 5467 3120 5525 quod
3179 5467 3381 5513 habent
3431 5467 3593 5518 editt.
3629 5467 3735 5519 Sir-

2161 5523 2348 5596 mondi
2369 5534 2422 5578 et
2454 5523 2700 5596 i‘abricii,
2717 5526 3000 5594 legendum
3029 5545 3151 5582 cum
3171 5528 3549 5589 Combeﬁsim
3573 5533 3737 5596 Quan-

2160 5591 2288 5662 diu;
2323 5612 2341 5644 ι
2372 5595 2464 5662 qui
2493 5603 2546 5648 ct
2573 5595 2661 5649 hic
2700 5591 2926 5650 adnotat
2955 5614 2968 5650 :
3026 5615 3045 5650 ι
3070 5597 3270 5655 Eadem
3302 5598 3420 5660 fere
3451 5591 3735 5662 concilium

2159 5661 2444 5732 Chalced},
2474 5663 2583 5721 Leo
2614 5681 2771 5737 papa,
2803 5676 2943 5723 etc.»
