3862 6514
127 313 209 368 837
1083 305 1365 363 CONTRA
1407 304 1730 364 BERONEM
1772 305 1859 360 ET
1897 305 2334 362 HELICONEM.‘

3248 307 3358 361 83S

125 432 291 498 γέγονε
349 427 680 500 ταυτουργὸς
729 430 793 498 τῇ
833 426 1085 496 θεότητι,ι
1104 425 1346 496 δηλονότι
1402 426 1496 478 καὶ
1527 424 1677 492 φύσει

1789 423 1931 480 facta
1956 435 2040 480 est
2071 424 2414 494 cooperatrix
2474 423 2772 486 divinitati,
2806 421 2972 492 liquet
2996 423 3141 492 quod
3173 435 3226 476 et
3267 441 3360 476 na-

126 523 236 584 Θεὸς
265 521 384 592 μεθ’
409 522 548 574 ὅσων
589 520 833 590 φυσικῶς
885 522 1083 571 νοεῖται
1112 519 1264 581 Θεόςο
1295 518 1388 571 καὶ
1414 519 1462 570 εἰ
1488 516 1678 585 γέγονε

127 611 401 665 κενωθεῖσα
461 613 528 682 τῇ
564 610 727 682 σαρκὶ
753 605 1096 678 ταυτοπαθὴς
1118 609 1152 677 ἡ
1184 606 1394 676 θεότης,
1438 604 1678 676 δηλονότι

128 704 202 756 καὶ
232 703 390 771 φύσει
447 702 602 775 σὰρξ,
667 702 786 772 μεθ’
817 704 956 756 ὅσων
1015 700 1258 772 φυσικῶς
1315 697 1679 769 γνωρίζεσθαι

127 795 312 864 πέφυκε
358 795 513 865 σάρξ.
544 795 625 847 Τὰ
675 796 784 866 γὰρ
811 794 1060 867 ἀλλήλοις
1115 792 1380 864 ὁμοεργῆ,
1410 790 1504 844 καὶ
1546 807 1677 842 ταυ-

125 884 326 954 τουργὰ,
381 885 476 937 καὶ
529 885 775 956 ὁμόφυλα
807 885 1046 949 πάντως,
1079 885 1173 938 καὶ
1199 881 1536 952 ταυτοπαθῆ,
1563 881 1679 934 δια-

124 976 272 1046 φορὰν
317 977 417 1029 οὐκ
474 977 780 1046 ἐπιδέχεται
813 978 1048 1047 φύσεως·
1112 975 1206 1029 καὶ
1257 975 1471 1044 φύσεων
1498 974 1680 1036 αὐτοῖς

126 1069 543 1139 συγκεχυμένων,
564 1070 714 1122 ἔσται
741 1070 872 1133 δυὰς
899 1072 928 1122 ὁ
955 1069 1209 1140 Χριστὸς,
1241 1069 1333 1120 καὶ
1372 1064 1678 1138 προσώπων

126 1161 525 1230 μεμερισμένων
574 1162 792 1231 τετρὰς,
847 1161 907 1214 τὸ
960 1160 1340 1230 φευκτότατον.
1404 1156 1516 1210 Καὶ
1561 1158 1678 1219 πῶς

123 1253 294 1324 αὐτοῖο
313 1248 396 1315 εἷς
425 1252 519 1304 καὶ
544 1255 571 1306 6
596 1253 781 1315 αὐτὸς,
812 1252 945 1314 Θεὸς
989 1250 1126 1320 ὁμοῦ
1160 1249 1316 1319 φύσει
1347 1249 1442 1302 καὶ
1462 1247 1676 1317 ἄνθρω-

123 1361 223 1408 πος,
244 1346 271 1396 6
302 1346 538 1415 Χριστός
562 1363 575 1410 ;
610 1345 770 1398 ποίαν
795 1345 852 1397 δὲ
881 1345 1000 1396 κατ’
1025 1344 1222 1406 αὐτοὺς
1247 1343 1356 1408 ἐξει
1378 1340 1474 1411 τὴν
1499 1338 1676 1409 ὓπαρ-

123 1439 205 1502 ξιν,
249 1438 520 1508 μεταϐολῇ
574 1436 828 1508 θεότητος
882 1435 1169 1505 γενόμενος
1232 1433 1537 1506 ἄνθρωπος,
1585 1435 1678 1486 καὶ

123 1532 301 1602 σαρκὸς
365 1531 720 1601 μεταποιήσει
774 1529 940 1595 Θεός;
1009 1530 1074 1581 ἹῙ
1141 1527 1251 1599 γὰρ
1310 1530 1390 1590 εἰς
1446 1526 1676 1596 ἀλλήλας

117 1627 297 1678 τούτων
357 1623 736 1694 μετάπτωσις,
803 1621 1073 1692 παντελής
1140 1623 1289 1674 ἐστιν
1350 1621 1676 1692 ἀμφοτέρων

119 1717 393 1786 ἀναίρεσις.
455 1713 769 1776 Σκοπείσθω
829 1713 892 1784 δὴ
960 1713 1122 1767 πάλιν
1197 1715 1329 1785 ἡμῖν
1387 1714 1589 1785 ἑτέρως
1645 1715 1673 1766 6

113 1810 266 1877 λόγος.

310 1920 424 1974 Τοῦ
457 1918 659 1983 αὐτοῦ,
683 1918 751 1971 ἐκ
784 1917 890 1972 τοῦ
927 1917 1114 1973 αὑτοῦ
1144 1919 1349 1988 λόγου.
1386 1923 1459 1981 ς’.

174 2036 404 2100 Εὑσεϐἐς
455 2036 760 2108 κεκύρωται
789 2036 964 2106 δόγμα
1015 2035 1381 2105 Χριστιανοῖς,
1424 2033 1544 2085 κατ’
1580 2032 1676 2084 αύ-

115 2131 198 2199 τήν
229 2147 281 2182 τε
319 2130 504 2200 φύσιν,
536 2129 630 2183 καὶ
687 2130 786 2200 τὴν
836 2128 1135 2198 ἐνέργειαν,
1189 2125 1283 2178 καὶ
1341 2126 1448 2177 πᾶν
1489 2123 1675 2194 ἕτερον

115 2221 245 2290 αὐτῷ
293 2221 594 2294 προσφυὲς,
650 2221 762 2273 ἴσον
817 2217 992 2288 ἐαυτῷ
1042 2218 1135 2270 καὶ
1179 2216 1372 2269 ταυτὸν
1406 2212 1542 2268 εἶναι
1586 2215 1676 2266 τὸν

115 2312 245 2363 θεόν’
304 2310 475 2380 μηδὲν
523 2310 702 2380 ἑαυτῷ
757 2310 865 2362 τῶν
921 2308 1116 2361 ἐαυτοῦ
1167 2305 1446 2367 παντελῶς
1494 2303 1678 2356 ἄνισον

113 2403 305 2472 ἔχοντα,
347 2404 442 2456 καὶ
492 2402 880 2472 ἀκατάλληλον.
931 2403 994 2454 Εἰ
1048 2400 1226 2453 τοίνυν
1276 2397 1416 2451 κατὰ
1449 2397 1675 2467 Βήρωνα

113 2499 196 2567 τῆς
239 2498 409 2567 αὐτῆς
459 2496 608 2566 αύτῷ
665 2493 1072 2567 προσληφθεῖσα
1127 2491 1362 2561 φυσικῆς
1401 2490 1679 2561 ἐνεργείας

112 2593 315 2658 γέγονεν
349 2593 384 2662 ἡ
417 2591 572 2661 σὰρξ,
600 2589 840 2658 δηλονότι
873 2588 966 2641 καὶ
1000 2589 1095 2657 τῆς
1121 2586 1289 2654 αὐτῆς
1318 2584 1464 2654 αύτῷ
1490 2584 1678 2652 γέγονε

116 2686 309 2753 φύσεως
351 2686 470 2756 μεθ’
502 2686 640 2738 ὅσων
688 2685 721 2752 ἡ
774 2681 956 2750 φύσις,
1010 2679 1307 2749 ἀναρχίας,
1359 2679 1674 2748 ἀγενησίας,

109 2777 373 2848 ἀπειρίας,
407 2775 726 2846 ἁῐδιότητος,
753 2772 1146 2842 ἀκαταληψίας,
1185 2770 1277 2823 καὶ
1302 2769 1406 2822 τῶν
1432 2771 1533 2824 ὅσα
1557 2769 1680 2822 τού-

111 2888 208 2925 των
235 2869 358 2923 καθ’
399 2867 670 2938 ὑπεροχὴν
705 2866 734 2918 6
771 2865 1079 2932 θεολογικὸς
1109 2860 1400 2934 ὑπερφυῶς
1425 2862 1588 2934 ἐνορᾷ
1611 2865 1675 2933 τῇ

111 2964 312 3036 θειότητι
351 2961 531 3030 λόγος·
567 2958 662 3012 καὶ
686 2958 892 3028 τροπὴν
919 2956 1204 3027 ἀμφότερα
1229 2953 1517 3016 πέπονθεν,
1555 2952 1678 3024 μηδ-

112 3057 282 3127 ετέρου
325 3055 420 3106 τὸν
463 3053 564 3123 τῆς
617 3050 751 3112 ἰδίας
783 3049 994 3118 φύσεως
1018 3045 1246 3117 οὺσιώδη
1287 3045 1442 3115 λόγον
1474 3045 1553 3098 ἔτι
1582 3062 1679 3096 σω-

110 3149 319 3219 ζόμενον
352 3146 504 3216 ἔχοντ
512 3162 592 3208 ος.
635 3144 692 3196 '0

110 3242 240 3308 γίαν,
275 3241 542 3309 σύγχυσιν
595 3237 730 3308 ὁμοῦ
765 3233 1021 3305 φυσικὴν,
1057 3233 1150 3286 καὶ
1193 3232 1456 3303 διαίρεσιν
1503 3229 1680 3284 αὐτῶν

110 3333 398 3402 εἰσηγεῖται
445 3329 836 3401 προσωπικήν·
891 3324 1255 3394 ὰδιαγνώστου
1305 3321 1580 3385 παντελῶς
1613 3323 1676 3390 τῇ

109 3423 204 3475 τῶν
229 3423 535 3493 ἰδιωμάτων
566 3420 832 3492 μεταϐολῇ
855 3420 952 3490 τῆς
983 3419 1216 3489 φυσικῆς
1245 3415 1422 3470 αὐτῶν
1458 3413 1681 3486 γενομέ-

112 3532 197 3585 νης
228 3515 537 3586 ὑπάρξεως.

313 3759 429 3815 Τοῦ
460 3758 668 3822 αὑτοῦ,
702 3759 771 3811 ἐκ
796 3757 903 3810 τοῦ
931 3758 1116 3812 αὑτοῦ
1145 3758 1350 3828 λόγυυ.
1400 3757 1460 3822 ζ’.

171 3881 230 3932 Εἰ
257 3879 313 3931 δὲ
349 3878 449 3947 τῆς
477 3877 646 3947 αὐτῆς
673 3875 824 3946 αύτῷ
852 3876 926 3946 μὴ
957 3874 1150 3944 γέγονε
1180 3873 1412 3944 φύσεως,
1431 3873 1551 3927 οὐδὲ
1578 3874 1678 3943 τῆς

106 3969 262 4040 αὐτῆς
288 3968 442 4037 αύτῷ
482 3984 613 4020 ποτε
660 3968 950 4038 γενήσεται
985 3965 1218 4036 φυσικῆς
1238 3966 1536 4037 ἐνεργείαςο
1591 3967 1679 4019 ἵνα

109 4059 174 4130 μὴ
203 4061 313 4131 (56)
347 4059 534 4131 δειχθῇ
563 4063 627 4131 τῇ
679 4059 838 4128 φύσει
869 4059 964 4130 τὴν
993 4059 1271 4130 ἐνέργειαν
1305 4059 1486 4112 ἄνισον
1519 4058 1674 4128 ἔχων,

105 4149 190 4200 καὶ
233 4149 632 4220 ἀκατάλληλον
661 4148 754 4202 καὶ
779 4150 878 4219 τῆς
912 4149 1075 4202 αὐτοῦ
1099 4149 1166 4202 δι’
1192 4149 1328 4202 ὅλων
1348 4148 1456 4201 τῶν
1481 4147 1674 4202 ἐαυτοῦ

108 4243 330 4312 φυσικῆς
354 4242 463 4308 ἔξω
490 4240 728 4311 γεγονὼς
756 4241 1019 4313 ἰσότητος,
1051 4243 1145 4296 καὶ
1171 4242 1518 4316 ταυτόττγτος
1541 4243 1676 4314 ὅπερ

103 4330 310 4395 ἀσεϐές.

314 4533 428 4588 Τοῦ
461 4533 667 4598 αὑτοῦ,
695 4534 764 4587 ἐκ
792 4534 897 4588 τοῦ
929 4535 1114 4589 αὑτοῦ
1155 4538 1358 4605 λόγου.
1393 4546 1460 4608 η’.

165 4649 256 4712 Εἰς
303 4648 514 4718 ταύτην
557 4647 613 4700 δὲ
645 4647 742 4717 τὴν
801 4647 1009 4718 πλάνην
1056 4650 1422 4720 κατήχθησαν,
1491 4653 1677 4717 κακῶς

99 4740 415 4802 πεισθέντες
454 4739 590 4792 ἰδίαν
622 4738 873 4807 γενέσθαι
923 4739 1024 4810 τῆς
1053 4741 1254 4811 σαρκὸς
1294 4741 1391 4812 τῆν
1417 4741 1482 4795 δι’
1507 4744 1676 4814 αὐτῆς

99 4833 464 4902 ἐκφανθεῖσαν
492 4834 548 4883 ἐν
584 4834 695 4894 τοῖς
733 4830 974 4904 θαύμασι
1031 4832 1181 4886 θείαν
1226 4833 1525 4905 ἐνέργειαν·
1557 4830 1677 4910 ᾖτὺ

97 4927 198 4976 πᾶν
229 4928 258 4978 6
291 4924 533 4995 Χριστὸς
565 4923 833 4986 ούσιῶσας
864 4925 985 4978 καθ’
1028 4925 1056 4977 ὂ
1102 4929 1301 4980 νοεῖται
1341 4928 1491 4991 Θεὸς,
1525 4930 1680 4983 συνέ-

96 5034 175 5086 χει
206 5017 606 5089 κρατούμενον.
658 5017 733 5070 Ού
791 5018 899 5089 γὰρ
939 5018 1200 5087 ἔγνωσαν,
1247 5021 1504 5076 ἀδύνατον
1539 5019 1680 5078 εἶναι

95 5109 242 5172 θείας
271 5111 558 5181 ἐνέργειαν
607 5110 819 5177 φύσεως
875 5112 1234 5184 ἐτεροφανοῦς
1265 5116 1451 5179 ούσίας
1484 5117 1679 5188 ἰδίωμα

82 5201 355 5266 γενέσθαι
385 5201 510 5270 δίχα
539 5203 769 5272 τροπῆς·
794 5203 914 5256 ούδέ
958 5205 1216 5275 συνῆκαν,
1249 5206 1325 5269 ὠς
1378 5207 1439 5260 ού
1479 5211 1679 5273 παντὸς

94 5292 217 5344 [az/iv
257 5295 382 5344 ἐστι
423 5295 646 5362 σαρκὸς,
698 5295 759 5347 τὸ
786 5295 852 5348 δι’
888 5297 1059 5365 αὐτῆς
1109 5299 1205 5368 μὲν
1260 5300 1676 5370 ἐκφαινόμενον,

92 5384 186 5436 οὐκ
223 5384 404 5453 αὐτῆς
429 5383 483 5436 δέ
508 5386 749 5452 φυσικῶς
776 5387 1124 5458 ἐκφυόμενον·
1153 5389 1328 5442 καίτοι
1353 5391 1556 5460 σαφοῦς
1583 5393 1678 5445 αύ-

92 5478 200 5540 τοῖς
255 5475 453 5545 οὔσης,
507 5479 600 5530 καὶ
656 5481 966 5549 προφανοῦς
1001 5483 1099 5553 τῆς
1151 5483 1496 5549 ἀποδείξεως.
1538 5484 1678 5553 Ἐγὼ

92 5565 199 5635 γὰρ
232 5565 461 5636 γλώσσῃ
490 5566 686 5630 λαλῶν,
713 5571 806 5624 καὶ
835 5572 980 5643 χειρὶ
1008 5574 1254 5643 γράφων,
1295 5576 1421 5646 μίαν
1455 5576 1548 5629 καὶ
1579 5577 1675 5629 αύ-

1783 530 1904 574 tura
1939 519 2080 574 Deus
2137 535 2259 574 cum
2315 526 2582 588 quotquot
2611 526 2695 571 est
2726 516 3059 586 intelligatur
3089 515 3273 583 Deus;
3306 529 3360 571 et

1784 611 1828 664 si
1853 610 1993 664 facta
2019 619 2104 665 est
2132 610 2410 664 exinanita
2440 609 2846 678 eompassibilis
2871 607 3024 662 carni
3078 608 3356 671 divinitas,

1782 702 1950 771 liquet
1971 702 2115 771 quod
2141 710 2195 756 et
2219 710 2414 754 natura
2446 716 2576 755 caro
2610 716 2734 754 cum
2785 708 3053 770 quotquot
3075 708 3159 754 est
3196 711 3356 754 natu-

1780 793 1970 846 raliter
1989 807 2110 847 esse
2133 791 2633 862 intelligaturcaro.
2676 789 2754 845 Ea
2795 791 2994 860 quippe
3023 807 3144 860 qua:
3167 799 3359 845 mutuo

1780 893 1912 940 sunt
1939 884 2310 954 cooperantia,
2357 892 2412 938 et
2447 883 2634 938 eadem
2684 881 2988 952 operantia,
3028 892 3082 937 et
3110 883 3354 951 ejusdem

1780 977 2052 1047 originis,
2107 976 2349 1046 profecto
2419 984 2473 1030 et
2527 977 2955 1045 compassibilia,
3001 985 3206 1030 naturte
3246 992 3357 1030 non

1781 1068 2132 1139 suscipientia
2181 1067 2543 1122 diﬂ'erentiam
2578 1088 2589 1121 :
2641 1077 2694 1122 et
2721 1068 2934 1122 naturis
2957 1067 3060 1121 sibi
3085 1066 3357 1131 confusis,

1779 1163 1883 1216 erit
1908 1162 2142 1215 dualitas
2167 1159 2441 1223 Christus,
2467 1168 2521 1212 et
2547 1159 2794 1228 personis
2823 1159 3089 1228 separatis
3118 1159 3360 1226 lietqua-

1780 1255 2040 1320 ternitas;
2069 1253 2215 1324 quod
2249 1261 2333 1307 est
2364 1253 2591 1306 nimium
2617 1250 2954 1315 fugiendum.
2988 1251 3054 1305 Et
3081 1253 3358 1322 quomodo

1784 1345 1892 1399 illis
1915 1359 2058 1398 unus
2089 1355 2142 1398 et
2175 1343 2318 1398 idem
2369 1343 2483 1412 ipse
2517 1343 2640 1407 erit,
2690 1342 2832 1398 Deus
2867 1357 3060 1398 natura
3111 1345 3274 1398 simul
3306 1354 3360 1398 et

1782 1436 1966 1501 homo,
2002 1435 2292 1490 Christus?
2347 1434 2429 1505 (π)
2479 1434 2654 1500 Quam
2685 1435 2847 1488 etiam
2883 1437 3180 1490 secundum
3212 1436 3360 1504 ipsos

1780 1527 1999 1582 habebit
2026 1527 2344 1590 essentiam,
2366 1527 2668 1580 mutatione
2704 1527 3006 1582 divinitatis
3038 1527 3214 1581 factus
3261 1527 3361 1581 Ιιοα

1778 1634 1892 1684 ιηο,
1925 1628 1979 1674 et
2002 1621 2185 1674 carnis
2209 1619 2565 1673 translatione
2601 1617 2778 1672 Deus?
2811 1618 2984 1673 Casus
3013 1620 3155 1673 enim
3188 1619 3240 1672 in
3275 1619 3358 1672 al-

1779 1717 2047 1768 terutras.
2110 1709 2426 1765 omnimoda
2491 1717 2575 1762 est
2624 1717 2984 1777 utrarumque
3039 1709 3356 1779 peremptio.

1703 1776 1746 1831 Β
1776 1799 2103 1870 lnspiciatur
2140 1800 2324 1870 itaque
2357 1815 2389 1854 a
2424 1799 2582 1855 nobis
2615 1802 2773 1856 aliter
2801 1776 3005 1856 sermo.

2063 1911 2338 1981 Ejusdem,
2371 1927 2436 1965 ex-
2465 1913 2646 1966 eodem
2673 1929 2930 1968 sermone.
2973 1912 3068 1967 VI.

1847 2022 1936 2076 Vl.
1963 2022 2117 2078 Pium
2145 2023 2474 2079 Christianis
2517 2025 2872 2078 constitutum
2905 2033 2989 2079 est
3017 2025 3211 2097 dogma
3244 2043 3363 2082 cre-

1778 2117 2054 2182 dentibus,
2086 2116 2160 2188 (ρ)
2209 2115 2512 2171 secundum
2569 2116 2812 2171 eamdem
2846 2127 3094 2171 naturam
3131 2134 3195 2173 ac
3239 2134 3362 2188 ope-

1779 2209 2070 2272 rationem,
2113 2217 2167 2262 et
2192 2224 2353 2262 omne
2379 2208 2528 2263 aliud
2559 2208 2663 2263 sibi
2705 2209 3060 2275 conveniens,
3095 2211 3358 2280 aequalem

1780 2299 1883 2352 sibi
1907 2307 1961 2353 et
1987 2297 2241 2352 eumdem
2270 2297 2446 2368 ipsum
2478 2313 2599 2354 esse
2628 2297 2820 2363 Deum,
2850 2299 2984 2352 nihil
3015 2301 3238 2355 omnino
3267 2317 3362 2355 eo-

1781 2401 1903 2440 rum
1940 2401 2060 2454 quae
2084 2401 2180 2440 sua
2214 2396 2342 2440 sunt
2378 2387 2645 2457 inzequale
2691 2387 2980 2442 habentem
3017 2400 3072 2443 et
3100 2390 3358 2444 inconve-

1783 2476 1960 2529 niens.
1999 2473 2057 2527 Si
2106 2475 2267 2544 igitur
2290 2476 2586 2529 secundum
2635 2475 2899 2530 Beronem
2943 2489 3221 2547 assumpta
3252 2480 3358 2534 sibi

1781 2582 1908 2620 caro
1938 2567 2183 2635 ejusdem
2220 2567 2552 2635 operationis
2607 2567 2795 2621 effecta
2826 2577 2928 2633 est,
2961 2568 3104 2621 haud
3132 2569 3358 2624 dubium

1781 2659 1913 2726 quin
1944 2667 1998 2711 et
2023 2658 2265 2726 ejusdem
2293 2657 2430 2712 facta
2458 2668 2537 2712 est
2561 2657 2663 2712 sibi
2690 2667 2917 2723 natura,
2943 2674 3066 2713 cum
3094 2671 3362 2730 quotquot

1781 2759 1864 2804 est
1898 2759 2115 2812 natura,
2146 2751 2197 2804 id
2243 2758 2327 2804 est
2358 2750 2838 2820 inprincipalitate,
2884 2749 3199 2816 infactione,
3241 2752 3361 2806 inli-

1781 2843 1968 2906 nitate,
2022 2843 2487 2912 sempiternitate,
2548 2843 3237 2912 incomprehensibilitate,
3309 2854 3361 2899 et

1781 2948 2122 3002 quaecunque
2157 2935 2350 2987 horum
2380 2934 2680 2988 secundum
2735 2934 3168 3004 magnitudinem
3215 2937 3369 2990 theo-

1782 3024 1959 3095 logica
1993 3025 2330 3094 amplissime
2363 3025 2416 3078 in
2469 3026 2669 3080 deitate
2719 3027 2864 3078 ratio
2918 3027 3359 3096 contemplatur:

741 3142 850 3214 γὰρ
907 3139 1216 3212 ἐτεροφυῶν
1246 3137 1399 3201 εἰδὼς
1427 3155 1677 3208 ταυτουρ-

1786 3127 1838 3170 et
1863 3118 2295 3172 vicissitudinem
2349 3128 2581 3187 utraque
2626 3133 2788 3186 passa
2822 3126 2970 3180 sunt,
3030 3131 3224 3172 neutro
3263 3136 3362 3172 na-

1786 3216 1921 3262 tura:
1947 3223 2059 3263 sua:
2090 3208 2502 3262 substantialem
2561 3208 2826 3261 rationem
2864 3207 3004 3261 ultra
3037 3209 3356 3262 salvaudam

1784 3298 2034 3352 habente.
2067 3297 2169 3364 Qui
2195 3300 2338 3352 enim
2361 3315 2546 3352 eorum
2573 3314 2694 3368 quae
2726 3298 2950 3352 alterius
2990 3308 3118 3353 sunt
3149 3308 3358 3352 naturae

1783 3390 1946 3444 sentit
1973 3390 2218 3444 eamdem
2251 3391 2639 3459 operationem,
2664 3389 3042 3445 confusionem
3065 3391 3228 3446 simul
3258 3408 3360 3445 na-

1781 3485 2036 3549 turalem,
2068 3493 2122 3538 et
2149 3483 2472 3538 divisionem
2513 3499 2703 3539 eorum
2741 3486 3086 3554 personalem
3110 3487 3360 3541 introdu-

1782 3577 1894 3630 cit:
1947 3576 2220 3646 incognita
2273 3591 2502 3644 prorsus
2554 3576 2875 3631 idiomatum
2931 3579 3362 3636 commutatione

1781 3668 2016 3722 naturali
2039 3683 2230 3722 eorum
2261 3666 2402 3722 facta
2433 3668 2776 3723 exsistentia.

2031 3758 2306 3828 Ejusdem,
2339 3775 2403 3814 ea:
2454 3761 2635 3814 eodem
2685 3775 2942 3816 sermone.
2982 3758 3111 3814 VII.

1851 3872 1964 3928 ΥΠ.
2000 3873 2055 3927 Si
2090 3889 2218 3928 vero
2271 3873 2514 3943 ejusdem
2558 3875 2661 3930 sibi
2693 3890 2801 3929 non
2827 3873 2929 3928 fuit
2973 3885 3201 3938 naturae,
3258 3888 3360 3929 nec

1779 3968 2022 4035 ejusdem
2059 3968 2161 4021 sibi
2209 3968 2504 4036 aliquando
2554 3969 2644 4020 lict
2687 3969 2951 4022 naturalis
2991 3967 3360 4037 operationis;

1782 4075 1847 4112 ne
1874 4069 2132 4128 appareat
2159 4059 2458 4113 secundum
2518 4068 2770 4113 naturam
2806 4059 3178 4128 operationem
3221 4060 3357 4112 ina--

1780 4149 1996 4218 qualem
2025 4150 2227 4202 habere
2251 4158 2304 4203 et
2337 4149 2834 4214 inconvenientem,
2867 4147 2942 4218 (σ)
2969 4157 3022 4202 et
3049 4163 3161 4202 suae
3184 4147 3359 4216 ipsius

1779 4257 1877 4310 per
1899 4240 2082 4295 omnia
2113 4256 2305 4295 eorum
2343 4257 2463 4310 qua:
2493 4256 2592 4295 sua
2617 4249 2744 4294 sunt
2767 4241 3036 4296 naturalis
3069 4251 3360 4295 extraneus

1777 4335 1957 4392 factus
1986 4337 2312 4406 aequalitatis
2362 4346 2417 4392 et
2462 4337 2801 4393 identitatis:
2844 4339 2988 4409 quod
3012 4348 3096 4393 est
3141 4337 3360 4408 penitus

1706 4446 1751 4501 Ι)
1777 4432 2024 4501 impium.

2033 4542 2309 4613 Ejusdem,
2336 4558 2400 4596 ea:
2430 4544 2606 4596 eodeni
2643 4560 2897 4599 sermone.
2944 4542 3108 4596 VIII.

1859 4657 1991 4712 Vill.
2024 4656 2084 4712 ln
2139 4659 2286 4713 hunc
2325 4668 2506 4712 autem
2559 4674 2804 4713 errorem
2835 4660 2968 4713 illati
3033 4667 3179 4723 sunt,
3221 4659 3364 4710 male.

1781 4751 2063 4806 credentes
2081 4751 2350 4820 propriam
2374 4751 2555 4806 carnis
2572 4751 2817 4806 eﬂ‘ectam
2839 4753 3078 4805 divinam
3099 4753 3364 4821 operatio-

1784 4858 1931 4906 nem,
1957 4857 2079 4911 quae
2103 4844 2388 4912 peripsam
2414 4842 2470 4896 in
2501 4843 2779 4898 miraculis
2798 4841 3141 4898 manifestata
3165 4854 3268 4910 est;
3287 4853 3362 4914 (τ)

1785 4950 1891 5004 qua
1917 4943 2089 4990 totum
2118 4936 2371 4990 Christus
2393 4935 2768 4990 substantians
2791 4937 3088 4991 secundum
3109 4936 3256 5006 quod
3279 4937 3362 4989 in-

1784 5027 2043 5096 telligitur
2065 5025 2228 5089 Deus.
2263 5034 2409 5080 tenet
2437 5034 2729 5080 retentum.
2764 5024 2881 5080 Non
2910 5028 3055 5081 enim
3082 5043 3359 5098 cognove-

1786 5128 1934 5185 runt,
1971 5118 2308 5188 impossibile
2357 5119 2705 5173 esse'divinze
2728 5121 3101 5188 operationem
3129 5131 3359 5183 naturae.

1784 5211 2010 5265 alterius
2070 5219 2280 5265 natura:
2335 5211 2657 5266 substantize
2715 5213 2917 5266 idioma
2974 5213 3091 5268 ﬁeri
3156 5214 3362 5282 absque

1784 5303 2240 5357 convertibilitate
2299 5321 2312 5356 :
2367 5318 2542 5372 neque
2596 5303 3009 5372 intellexerunt,
3062 5306 3207 5374 quod
3250 5322 3359 5359 non

1785 5398 1971 5466 utique
2001 5396 2281 5465 proprium
2318 5395 2386 5450 sit
2417 5396 2631 5458 carnis,
2681 5397 2825 5466 quod
2866 5413 2962 5468 per
2993 5413 3111 5452 eam
3141 5399 3358 5468 quidem

1786 5499 2066 5544 ostensum
2097 5497 2200 5552 est,
2229 5504 2336 5542 non
2369 5505 2432 5542 cx
2459 5505 2521 5542 ea
2555 5491 2875 5543 naturaliter
2903 5500 3103 5554 ortum,
3133 5505 3362 5559 prazscr-

1791 5583 1884 5636 tim
1911 5597 2036 5636 cum
2061 5581 2220 5636 clarae
2248 5581 2318 5636 sit
2344 5581 2423 5636 eis
2453 5590 2506 5637 et
2531 5581 2833 5648 manifestge
2857 5583 3217 5651 probationis.
3249 5582 3359 5653 Ego

165 5768 283 5837 (33)
336 5769 451 5836 Μή.
506 5769 580 5825 lla
630 5788 751 5828 cum
783 5773 1076 5846 interprete
1121 5777 1501 5837 Combelisius.
1531 5780 1670 5839 Editi
1709 5782 1987 5840 Sirmond.
2020 5793 2072 5841 et
2101 5784 2314 5842 Fabric.
2349 5796 2540 5856 prarter
2569 5803 2700 5854 rem,
2741 5787 2855 5855 μέν.
