3862 6510
207 366 302 421 8H

618 494 695 551 Ea:
724 499 951 555 editione
985 501 1384 559 Sirmondiana.

276 583 342 637 ll.
397 583 638 658 Utraque
661 589 775 661 (40)
797 595 1089 650 ostendens
1125 612 1287 665 super
1319 614 1440 667 quae
1471 599 1780 669 dupliciter,

204 675 387 731 divine
427 680 636 735 scilicet
669 691 723 737 et
754 684 1008 753 humane,
1044 697 1328 756 operatum
1356 698 1441 745 est
1478 692 1779 745 secundum

201 768 453 823 eamdem
501 786 622 840 quae
656 774 919 830 veraciter
966 793 1088 832 vera
1132 788 1215 834 est
1258 789 1313 834 et
1344 783 1613 839 naturalis
1643 784 1777 838 sub-

202 860 429 926 stantia,
457 861 626 919 Deum
667 864 991 924 immensum
1026 871 1188 925 simul
1220 880 1275 927 et
1302 873 1775 945 circumscriptum

201 954 477 1010 hominem
531 961 877 1016 exsistentem
929 972 983 1018 et
1028 966 1376 1033 intellectum,
1414 969 1773 1025 substantiam

198 1048 486 1119 utriusque
515 1050 748 1121 perfecte
774 1054 1067 1124 perfectam
1100 1058 1386 1115 habentem
1421 1076 1544 1115 cum
1575 1078 1774 1132 opera-

197 1139 344 1196 tione
382 1158 481 1196 sua
504 1186 517 1207 ,
568 1144 619 1198 id
657 1155 740 1201 est
773 1149 1007 1203 naturali
1046 1152 1392 1220 pr0prietate.
1439 1153 1509 1208 Et
1551 1172 1772 1217 rursus:

194 1231 311 1287 Non
342 1235 486 1288 enim
523 1237 634 1305 (4|)
666 1237 806 1293 facta
836 1250 920 1295 est
962 1252 1154 1298 natura
1192 1245 1368 1302 deitas
1402 1255 1767 1305 transmutata

192 1335 388 1380 natura
444 1343 593 1396 caro,
653 1329 793 1387 facta
848 1344 1043 1390 natura
1094 1337 1393 1396 divinitatis
1437 1357 1566 1397 caro
1618 1360 1631 1395 :
1675 1346 1769 1400 sed

189 1418 337 1487 quod
375 1430 491 1474 erat
523 1424 683 1478 etiam
716 1425 904 1482 deitati
950 1441 1198 1502 coaptata
1240 1436 1446 1492 mansit
1486 1454 1635 1507 caro,
1685 1440 1770 1494 in-

189 1508 348 1566 firma
392 1524 446 1567 et
490 1519 766 1586 passibilis
811 1532 1005 1578 natura
1039 1534 1093 1579 ct
1122 1530 1469 1597 operatione,
1525 1533 1667 1589 sicut
1692 1536 1769 1590 ait

193 1603 445 1660 Salvator
473 1624 485 1659 :
519 1628 537 1660 ‹
568 1607 801 1683 Spiritus
833 1616 1048 1685 quidem
1085 1631 1389 1693 promptus,
1420 1640 1548 1680 caro
1581 1638 1762 1683 autem

190 1697 407 1753 inﬁrma
432 1700 497 1755 ⁸⁸.
530 1719 548 1751 ι
589 1701 658 1756 Et
683 1705 914 1761 iterum:
936 1708 1038 1765 Per
1068 1728 1228 1782 quam
1264 1714 1379 1787 (42)
1424 1729 1681 1788 operatus
1711 1731 1764 1776 et

184 1792 402 1859 patiens
441 1810 563 1864 quae
607 1809 764 1854 erant
804 1802 985 1858 carnis
1036 1806 1153 1861 sine
1187 1818 1429 1877 peccato,
1474 1828 1571 1881 pro
1604 1815 1762 1873 nobis

1240 381 1517 437 CONTRA
1556 383 1881 440 BERONEM
1920 386 2006 440 ΕΤ
2046 386 2457 447 HELICONEM.

1813 514 1857 569 Α
2208 510 2287 566 E1:
2322 514 2550 569 editione
2585 516 2971 586 Catnbeﬁsiana
3005 517 3139 587 (-19).

3359 402 3463 455 8ίὲ

1953 600 2015 655 ιι.
2062 600 2301 673 Utraque
2331 606 2621 663 ostendens
2654 624 2733 675 se,
2762 624 2828 663 eo
2856 610 3000 679 quod
3033 610 3322 681 dupliciter
3355 614 3461 686 (di-

1881 692 2007 749 vine
2047 696 2255 750 scilicet
2293 705 2347 751 et
2392 698 2652 771 humane)
2688 714 2972 771 operatum
3000 712 3115 771 est,
3160 707 3458 761 secundum

1878 784 2126 842 eamdem
2170 804 2292 858 quae
2326 792 2588 846 veraciter
2620 808 2745 848 vera
2776 804 2829 849 et
2860 798 3126 851 naturalis
3154 798 3460 854 substantia

1880 886 1982 943 est,
2021 878 2189 935 Deum
2228 882 2552 939 immensum
2583 886 2765 954 simul,
2792 898 2846 943 et
2868 890 3341 961 circumscriptum
3367 908 3462 946 ex-

1878 966 2070 1021 sistere
2118 983 2181 1023 ac
2230 969 2455 1043 intelligi
2504 973 2821 1043 hominem;
2888 980 3173 1050 utriusque
3220 981 3459 1051 perfecte

1875 1055 2168 1125 perfectam
2202 1064 2496 1117 essentiam
2531 1065 2839 1133 habentem,
2860 1085 2982 1124 cum
3012 1071 3156 1127 illius
3190 1075 3460 1142 operatio-

1877 1163 1976 1211 ne,
2027 1149 2079 1204 id
2110 1162 2224 1218 est,
2281 1156 2515 1209 naturali
2555 1158 2907 1227 proprietate.
2974 1161 3039 1215 Et
3072 1181 3256 1219 rursus
3286 1181 3305 1218 :
3336 1167 3457 1223 Non

1872 1239 2018 1292 enim
2049 1256 2178 1297 caro
2216 1242 2359 1299 facta
2390 1256 2472 1302 est
2502 1257 2698 1303 natura
2726 1250 2921 1320 deitas,
2949 1257 3209 1311 translata
3236 1269 3454 1320 natura.

1872 1328 2013 1385 facta
2044 1333 2301 1391 videlicet
2328 1339 2629 1394 secundum
2664 1352 2919 1399 naturam
2951 1346 3254 1406 divinitatis
3283 1366 3411 1407 caro
3437 1370 3452 1420 ;

1871 1422 1965 1477 sed
1994 1426 2139 1492 quod
2164 1435 2299 1492 erat,
2337 1429 2501 1483 etiam
2543 1432 2727 1485 deitati
2759 1444 2971 1505 coapta,
3010 1440 3234 1506 mansit,
3266 1440 3316 1495 id
3348 1452 3452 1510 est,

1870 1531 1998 1571 raro
2026 1518 2239 1574 inlirma
2272 1531 2324 1577 et
2350 1525 2624 1592 passibilis
2657 1538 2851 1583 natura
2887 1539 2940 1584 et
2957 1531 3293 1601 operatione,
3312 1536 3455 1590 sicut

1867 1610 1944 1662 ait
1996 1608 2297 1667 Salvator:
2360 1634 2378 1667 ι
2424 1617 2656 1685 Spiritus
2723 1622 2943 1691 quidem
2992 1637 3311 1695 promptus,
3354 1644 3452 1682 ca-

1869 1715 1930 1753 to
1978 1711 2160 1757 autem
2211 1706 2445 1762 inﬁrma.
2485 1728 2504 1761 ι
2564 1710 2633 1764 Ει
2668 1730 2851 1768 rursus
2886 1730 2905 1768 .°
2949 1715 3066 1781 Qua
3111 1730 3366 1787 operatus
3399 1729 3454 1774 et

1866 1810 2081 1863 passus,
2105 1814 2228 1867 qua:
2250 1810 2409 1854 erant
2439 1804 2622 1859 carnis
2654 1806 2722 1860 ab
2746 1807 2895 1861 omni
2917 1818 3140 1877 peccato
3162 1810 3447 1877 immunis,

185 1882 449 1939 indicavit
482 1888 908 1948 exinanitionem
946 1896 1191 1965 deitatis,
1229 1901 1509 1959 miraculis
1555 1915 1611 1960 et
1643 1923 1752 1963 car-

1868 1885 2171 1945 divinitatis
2218 1907 2316 1961 pro
2371 1895 2533 1951 nobis
2578 1899 3006 1957 exinanitioncm
3062 1904 3345 1961 miraculis
3397 1914 3453 1961 et

184 1973 269 2030 nis
298 1978 651 2046 passionibus
680 1988 1001 2043 naturaliter
1035 1992 1367 2050 roboratam.
1425 1995 1494 2050 Et
1532 1999 1763 2058 iterum:

182 2066 503 2138 Mysterium
550 2074 661 2145 (45)
708 2077 902 2133 divinae
964 2080 1355 2143 incarnationis
1399 2092 1663 2159 apostolis
1712 2103 1765 2150 et

180 2161 464 2231 prophetis
494 2173 657 2235 atque
694 2168 1010 2229 doctoribus
1043 2176 1262 2245 duplam
1293 2189 1347 2234 et
1375 2180 1644 2238 diversam
1674 2186 1765 2240 ha-

178 2254 306 2308 bere
358 2255 702 2327 dignoscitur
741 2265 1042 2320 naturalem
1080 2268 1131 2321 in
1170 2270 1424 2328 omnibus
1471 2275 1760 2344 theoriam,

179 2343 525 2402 indiminuta:
552 2351 767 2408 deitatis
798 2357 1089 2425 exsistens,
1122 2368 1176 2415 et
1214 2362 1384 2430 plena:
1422 2343 1761 2425 demonstra?

174 2437 348 2491 tivum
386 2440 764 2500 humanitatis.
825 2447 893 2500 Et
923 2451 1115 2506 iterum
1146 2468 1163 2507 :
1195 2454 1404 2520 Quibus
1434 2460 1547 2530 (M)
1579 2462 1759 2518 divine

173 2528 384 2597 pariter
411 2540 469 2586 et
497 2533 734 2591 humane
758 2550 1013 2609 operatus
1043 2554 1126 2599 est
1147 2587 1160 2611 ,
1195 2528 1582 2615 perfectionem
1605 2594 1618 2618 ,
1663 2570 1758 2624 per

172 2634 397 2677 omnem
432 2626 718 2697 utriusque
750 2632 1039 2699 rationem,
1064 2637 1165 2691 sibi
1199 2642 1520 2698 naturaliter
1543 2644 1757 2701 incom-

173 2716 499 2771 mutabilem
556 2721 792 2777 salvans.
836 2723 905 2777 Et
950 2726 1139 2781 iterum
1169 2746 1188 2783 :
1230 2729 1316 2786 Nil
1361 2734 1605 2793 divinum
1642 2738 1756 2811 (45)

171 2807 384 2861 nudum
431 2824 663 2880 corpore
694 2826 973 2884 operatus,
1023 2821 1099 2874 nil
1132 2821 1431 2881 humanum
1467 2829 1608 2887 idem
1639 2833 1757 2905 ipse

170 2895 450 2965 privatum
472 2900 752 2959 divinitate
773 2921 998 2975 gerens:
1035 2926 1260 2969 servans
1285 2916 1502 2974 sibimet
1533 2895 1753 2980 modum

170 2988 475 3044 secundum
507 3004 795 3066 utrumque
823 2996 1212 3057 immutabilem
1235 3046 1251 3070 ,
1302 3022 1400 3075 per
1423 3024 1583 3078 quem
1622 3028 1755 3083 Ope-

168 3090 329 3136 ratus
359 3092 444 3138 est
490 3095 721 3155 utraque
748 3088 959 3145 decenti
993 3108 1163 3159 more,
1208 3096 1272 3150 ad
1307 3102 1751 3168 approbationem

167 3172 425 3241 perfectae
456 3190 521 3231 ac
554 3193 690 3233 verae
722 3180 966 3252 nihilque
991 3184 1240 3241 habentis
1273 3191 1555 3257 pravitatis
1588 3195 1750 3250 inhu-
1779 3220 1821 3275 ο

166 3268 505 3323 manationis
533 3284 669 3324 suat.

237 3356 329 3413 Ill.
371 3359 452 3415 De
479 3362 558 3416 Itis
583 3380 698 3418 vero
716 3407 732 3433 ,
769 3367 857 3436 qui
885 3384 1044 3423 unum
1091 3370 1304 3428 deitatis
1328 3384 1379 3429 et
1402 3376 1748 3435 humanitatis

159 3449 281 3519 ejus
328 3456 724 3523 operationem,
772 3468 821 3511 et
865 3472 1115 3516 naturam
1153 3481 1314 3520 unum
1357 3468 1745 3541 dogmatizant,

158 3544 299 3598 dicit
327 3561 346 3596 :
370 3543 489 3600 Non
518 3549 663 3603 enim
698 3550 809 3623 (46)
846 3552 1318 3613 circumscribitur
1350 3558 1557 3617 factitia
1588 3574 1750 3621 natu-

160 3652 217 3689 ra
251 3636 310 3690 id
338 3639 488 3707 quod
518 3655 615 3709 per
642 3652 895 3699 naturam
944 3647 1148 3703 factum
1180 3666 1284 3707 non
1315 3663 1419 3718 est,
1462 3656 1588 3712 licet
1618 3674 1748 3714 coo-

159 3730 341 3783 riatur
376 3732 427 3785 ei
461 3748 556 3801 per
589 3738 1026 3809 conceptionem,
1047 3758 1262 3799 omnem
1288 3747 1745 3805 circumscribem

153 3828 266 3875 tem
315 3837 537 3878 sensum
573 3844 587 3880 :
622 3842 722 3883 nec
747 3830 908 3884 etiam
944 3830 998 3885 in
1025 3834 1215 3890 eodem
1256 3836 1374 3906 ipso
1404 3839 1507 3894 sibi
1547 3852 1741 3897 natura

152 3915 412 3970 differtur
454 3917 747 3987 aliquando
803 3930 860 3977 et
912 3926 1178 3981 naturalis
1234 3932 1515 3999 operatio,
1567 3932 1741 3990 donec

152 4012 459 4075 utrumque
506 4008 645 4063 intra
682 4013 955 4081 propriam
988 4023 1172 4070 manet
1217 4020 1515 4074 naturalem
1546 4022 1737 4077 incon-

150 4097 592 4152 versihilitatem.
634 4099 702 4154 Et
728 4103 853 4156 item
878 4121 895 4157 :
919 4104 1367 4163 Connaturalium
1396 4111 1507 4182 (47)
1539 4114 1739 4184 quippe

149 4197 369 4243 tantum
421 4200 507 4245 est
543 4193 728 4249 eadem
779 4196 896 4265 ipsa
925 4214 1160 4268 operans
1186 4211 1398 4269 motus,
1443 4208 1735 4263 essentiam

146 4278 431 4348 indicans,
484 4285 642 4354 cujus
689 4289 995 4344 naturalem
1046 4304 1260 4349 consrat
1301 4312 1422 4352 esse
1455 4299 1730 4367 virtutem,

142 4376 379 4430 alterius
428 4385 639 4432 natura:
689 4382 1018 4449 proprietate
1065 4389 1383 4443 substantia:
1429 4394 1729 4451 secundum

142 4467 358 4520 nullam
396 4468 665 4523 rationem
698 4485 820 4525 esse
847 4472 932 4526 vel
961 4473 1075 4528 fieri
1108 4476 1227 4532 sine
1269 4483 1730 4541 convcrsibilitate

1864 1981 2050 2036 carnis
2074 1984 2425 2051 passionibus
2454 1990 2773 2046 naturaliter
2801 1994 3177 2050 confirmatam
3201 2036 3214 2060 ,
3251 1998 3449 2067 proba-

1863 2072 1961 2126 vit.
2029 2072 2095 2126 Ic't
2148 2076 2385 2132 iterum:
2421 2078 2737 2151 Mysterinm
2785 2084 2984 2141 divina:
3030 2087 3443 2156 incarnationis,

1869 2166 2132 2233 apostolis
2163 2177 2213 2222 et
2244 2170 2523 2239 prOphetis
2549 2182 2713 2244 atque
2746 2176 3094 2244 doctoribus,
3133 2179 3349 2249 duplam
3381 2197 3445 2237 ac

1865 2256 2135 2312 diversam
2172 2260 2224 2313 in
2249 2263 2504 2319 omnibus
2534 2264 2731 2320 habere
2757 2279 3093 2338 compertum
3118 2267 3445 2326 estnatura~

1861 2348 1964 2403 lem
2004 2352 2527 2423 considerationem;
2566 2373 2688 2413 cum
2714 2360 2964 2430 perfecta}
2992 2363 3230 2429 deitatis,
3254 2375 3305 2419 et
3326 2365 3443 2434 ple-

1861 2455 1944 2495 me
1980 2441 2087 2495 vim
2120 2443 2314 2501 habeat
2345 2449 2691 2505 ostendenda:
2719 2452 3095 2510 humanitatis.
3122 2454 3189 2508 Et
3217 2458 3443 2513 iterum:

1860 2533 2068 2601 Quibus
2093 2533 2276 2592 divine
2306 2540 2512 2609 pariter
2535 2551 2588 2596 et
2620 2543 2860 2600 humane
2894 2557 3151 2616 operatus
3176 2558 3278 2614 est,
3314 2566 3440 2621 per~

1861 2626 2000 2683 feete
2043 2638 2275 2702 utroque
2308 2633 2391 2686 sui
2426 2634 2693 2701 rationem
2737 2646 2928 2692 natura
2969 2656 3193 2695 servans
3227 2642 3442 2698 incom-

1860 2721 2201 2776 mutabilem.
2258 2722 2326 2777 Et
2358 2725 2592 2779 iterum:
2624 2725 2768 2781 Nihil
2805 2716 3047 2785 divinum
3081 2733 3286 2788 nudum
3317 2749 3442 2789 cor-

1858 2828 1990 2883 pore
2037 2824 2329 2885 Operatus,
2389 2818 2524 2873 nihil
2562 2819 2861 2875 humanum
2902 2823 3041 2878 idem
3091 2825 3205 2893 ipse
3245 2843 3440 2897 gerens

1858 2905 2002 2975 quod
2027 2921 2225 2977 expers
2260 2918 2405 2963 esset
2430 2910 2648 2967 deitatis
2684 2930 2696 2966 :
2730 2929 2838 2982 qua
2877 2914 2991 2982 ipsa
3022 2932 3161 2971 nova
3195 2918 3439 2973 decenti-

1855 3012 1962 3066 qne
1990 2998 2197 3053 ratione
2232 3009 2462 3070 utraque
2491 3012 2747 3072 Operatus
2774 3014 2877 3066 est,
2908 3007 3195 3077 utriusque
3227 3010 3437 3066 ratione

1856 3088 2155 3146 immunem
2192 3106 2249 3146 sc
2276 3108 2305 3145 a
2338 3094 2638 3150 mutatione
2668 3111 2914 3162 servans,
2950 3100 3016 3153 ad
3050 3100 3299 3169 perfecta:
3322 3120 3436 3160 suae

1858 3179 2287 3250 humanationis,
2320 3200 2441 3254 quae
2469 3185 2627 3254 plane
2652 3202 2776 3241 vera
2801 3189 2893 3254 sit,
2919 3191 3162 3263 nihilque
3196 3207 3291 3251 aut
3317 3199 3434 3253 vitii

1856 3282 1953 3329 aut
1979 3274 2115 3329 labis
2149 3277 2420 3343 admittat,
2450 3278 2606 3333 fidem
2635 3284 3004 3338 astruendam.

1927 3365 2015 3418 ΙΙΙ.
2058 3365 2135 3420 Ι)ε
2155 3368 2235 3421 his
2257 3385 2398 3435 vero,
2435 3371 2526 3440 qui
2562 3388 2720 3425 unam
2749 3373 2965 3429 deitatis
2999 3386 3049 3430 et
3080 3377 3430 3440 humanitatis

1851 3458 1965 3527 ejus
1995 3462 2370 3530 operationem,
2424 3474 2473 3518 et
2520 3478 2771 3521 naturam
2812 3469 3200 3541 dogmatizant,
3250 3477 3428 3535 dicit:

1849 3548 1968 3604 Non
1998 3552 2142 3606 enim
2172 3553 2549 3611 circumscribi
2602 3566 2792 3613 natura
2837 3562 3016 3630 genita
3045 3579 3425 3636 comparatum

1849 3650 1970 3701 est.
2031 3643 2176 3713 quod
2228 3646 2530 3701 secundum
2565 3660 2816 3706 naturam
2863 3654 3161 3725 ingenitum
3196 3668 3311 3727 est,
3346 3672 3422 3716 ta-

1850 3731 2007 3786 metsi
2037 3734 2087 3788 ei
2110 3735 2333 3800 coaluit,
2361 3753 2456 3807 per
2478 3744 2914 3813 conceptionem,
2932 3762 3054 3816 quae
3076 3749 3182 3803 vim
3207 3767 3422 3807 omnem

1846 3828 2045 3879 mentis
2090 3825 2520 3895 circumscribit;
2578 3847 2641 3886 ac
2674 3849 2770 3889 nec
2800 3852 3039 3907 unquam
3084 3840 3140 3896 in
3175 3846 3420 3899 eamdem

1845 3924 2101 3971 naturam
2146 3920 2565 3991 naturalemque
2610 3925 2864 3981 virtutem
2911 3944 3009 3984 seu
3048 3933 3419 4002 operationem
3459 3947 3475 3959 ’

1842 4017 2145 4079 vertantur,
2181 4011 2354 4068 donec
2380 4024 2673 4087 utrumque
2704 4018 2846 4075 intra
2887 4024 3165 4092 propriam
3195 4035 3420 4082 natura-

1842 4098 1946 4153 lem
1990 4100 2559 4162 inconvertibililatem
2607 4120 2809 4165 manet.
2871 4112 2941 4165 Et
2979 4114 3104 4169 item
3146 4129 3166 4168 .'
3212 4116 3417 4173 Eorum

1839 4193 1984 4246 enim
2013 4193 2309 4265 duntaxat,
2357 4214 2481 4269 qua:
2505 4200 2750 4270 ejusdem
2784 4213 2991 4261 naturre
3018 4218 3178 4276 sunt,
3234 4223 3417 4271 motus

1837 4283 2080 4354 ejusdem
2113 4287 2328 4345 virtutis
2355 4306 2420 4344 ac
2444 4290 2695 4349 ellicacize
2725 4303 2838 4359 est,
2867 4299 3231 4357 substantiam
3263 4303 3416 4360 desi-

1836 4395 2036 4449 gnans,
2084 4382 2243 4451 cujus
2268 4393 2352 4438 est
2380 4387 2646 4443 naturalis
2668 4390 2873 4458 virtus;
2930 4408 3057 4449 cum
3108 4397 3416 4456 substantia

1833 4470 2063 4527 diversae
2095 4483 2289 4527 natura
2318 4478 2670 4547 proprietatis
2696 4481 2841 4535 nulla
2867 4483 3079 4541 ratione
3096 4501 3216 4542 esse
3240 4491 3415 4559 possit

138 4558 387 4613 valente.
463 4557 599 4613 Item
629 4576 647 4613 :
681 4560 757 4617 Ea
805 4566 1003 4635 quippe
1027 4567 1137 4638 (48)
1159 4608 1172 4633 ,
1222 4586 1345 4641 qua
1378 4584 1566 4630 mutuo
1598 4590 1726 4633 sunt

1855 4568 1925 4613 ιιιι
1958 4559 2073 4615 fieri
2098 4604 2112 4624 ,
2159 4564 2367 4635 absque
2414 4570 2885 4628 convertibilitate.
2927 4573 3060 4629 Item
3084 4592 3103 4631 :
3134 4577 3208 4633 Ea
3239 4557 3411 4647 enim.

137 4650 539 4721 cooperantia,
588 4653 857 4708 eteadem
903 4660 1216 4727 operantia,
1252 4671 1305 4715 et
1330 4663 1572 4733 ejusdem
1611 4670 1723 4722 ori—

135 4742 320 4812 ginis;
356 4741 605 4813 profecto
647 4754 702 4799 et
742 4749 1143 4817 compassibilia
1169 4762 1380 4809 natura:
1414 4774 1523 4812 non
1547 4762 1719 4815 susci-

132 4838 353 4907 pientia
404 4836 768 4894 diﬂ‘erentiam
803 4859 816 4895 :
849 4851 903 4896 et
945 4845 1156 4900 naturis
1198 4848 1301 4901 sibi
1344 4849 1588 4906 confusis
1619 4854 1723 4908 erit

128 4932 382 4986 dealitas
410 4929 686 4997 Christus,
715 4942 769 4988 et
800 4938 1050 5004 personis
1081 4940 1345 5009 separatis
1380 4944 1470 4997 lict
1502 4954 1722 5013 quater-

127 5025 321 5081 nitas:
353 5025 498 5094 quod
525 5034 610 5080 est
636 5026 865 5082 nimium
896 5027 1235 5102 fugiendum.
1272 5032 1335 5086 Et
1376 5036 1567 5089 iterum
1596 5054 1614 5091 :
1659 5037 1717 5094 Si

193 5160 250 5194 ³⁵
287 5160 492 5215 Matth.
532 5178 682 5226 xxvi,
723 5163 813 5219 42.

193 5272 329 5349 (ιβ)
373 5273 624 5349 ζζιναᾳαε.
663 5276 835 5345 Supra
871 5295 988 5349 cap.
1028 5282 1074 5344 l,
1107 5297 1199 5337 seu
1233 5284 1505 5342 testimon.
1541 5288 1590 5341 l.

193 5345 325 5412 (Id)
365 5345 484 5399 Non
518 5350 674 5402 enim.
718 5345 1017 5406 Testimiﬁ.

192 5416 326 5485 (42)
376 5415 476 5487 Per
506 5435 683 5487 quam.
722 5422 855 5475 Ibid.

191 5487 324 5555 (45)
367 5486 699 5555 Mysterium.
742 5492 966 5547 Testim.
1003 5495 1055 5549 1t.

190 5558 321 5629 (44)
365 5559 583 5629 Quibus.
630 5561 762 5616 Ibid.

190 5627 322 5699 (45)
368 5627 465 5699 Nil
489 5630 744 5686 divinum.
788 5632 1009 5692 Testim.
1043 5636 1093 5695 8.

187 5700 314 5770 (46)
362 5698 487 5770 Non
514 5704 674 5758 enim.
712 5703 935 5759 Testim.
963 5708 1015 5762 5.

186 5769 317 5838 (47)
359 5769 825 5828 Connaturalium.
868 5776 1001 5832 Ibid.

185 5844 313 5914 (ιδ)
356 5841 443 5895 Ea
471 5844 678 5912 quippe.
722 5843 947 5901 Testim.
979 5849 1031 5903 ὅ.

453 5939 729 6003 Ρηιιοι..
801 5944 916 6007 Gn.
956 5946 1041 6011 X.

1831 4667 1954 4722 qua:
1995 4654 2237 4723 ejusdem
2286 4657 2426 4713 inter
2474 4676 2533 4716 se
2570 4663 2783 4718 virtutis
2811 4676 3017 4722 suntet
3047 4672 3404 4739 Operationis,

1824 4743 2179 4817 ejusdemque
2221 4765 2447 4818 prorsus
2495 4753 2724 4826 originis
2753 4772 2817 4812 ac
2841 4762 3155 4816 earumdem
3194 4764 3406 4833 passio-

1825 4852 1979 4903 num,
2010 4855 2072 4893 ea
2100 4849 2308 4896 naturae
2337 4843 2742 4902 distinctionem
2776 4864 2884 4904 non
2921 4852 3243 4921 admittunt;
3272 4874 3403 4913 con-

1823 4929 2070 5001 fusisque
2120 4949 2306 4989 secum
2365 4939 2611 5003 naturis,
2662 4939 2766 4995 erit
2819 4941 3069 5001 Christus
3130 4949 3399 5020 dualitas,

1820 5026 2181 5096 personisque
2214 5028 2404 5083 divisis
2433 5028 2525 5085 ﬁet
2560 5034 2899 5101 quaternitas
2931 5055 2943 5090 :
2974 5039 3120 5108 quod
3151 5043 3395 5098 omnium

1891 5293 2001 5364 (49)
2043 5294 2167 5350 [hec
2202 5296 2511 5376 testimonia
2534 5339 2549 5361 ,
2608 5313 2686 5376 ex_
2718 5300 3001 5376 superiore
3035 5302 3093 5357 S.
3123 5301 3393 5376 Hippolyti

1817 5380 2069 5419 sermone
2112 5377 2295 5419 contra
2336 5367 2591 5443 Beronent
2639 5371 2708 5443 ab
2749 5372 3042 5443 Anastasio
3083 5367 3391 5443 desumpia,

1816 5436 2894 5515 recensuitcastigavitqueﬁombefisius
2922 5443 2974 5495 in
3001 5444 3242 5499 editione
3265 5436 3395 5515 ope;

1814 5520 1937 5583 rum
1971 5505 2026 5558 S.
2058 5505 2279 5583 Maximi
2300 5549 2315 5571 ,
2354 5505 2535 5583 tom.)
2558 5550 2572 5571 ,
2604 5526 2725 5580 pag.
2756 5511 2858 5576 76,
2893 5528 2958 5566 eo
2983 5520 3126 5583 quod
3157 5517 3211 5570 in
3244 5505 3389 5570 ed'sto

1815 5572 2204 5656 Sirmondiano
2235 5578 2508 5656 Anastasii
2562 5572 2741 5636 vérsio
2773 5572 3023 5656 implexa
3074 5587 3277 5656 passim
3329 5602 3394 5641 ac

1813 5646 2076 5723 mendosa
2130 5659 2409 5723 noscatur.
2468 5647 2707 5720 Utraque
2740 5646 3002 5709 sive-cum
3042 5646 3226 5723 textu,
3277 5657 3391 5712 sive
3458 5696 3461 5703 .

1811 5731 1936 5794 cum
1949 5719 2105 5794 _notis
2127 5719 2757 5794 etaoimadversionibus
2771 5719 3222 5794 Cappei-onnierii
3247 5728 3385 5784 infra

1810 5788 1993 5843 relatis
2018 5788 2361 5846 conferenda.

2993 5957 3068 6017 27
