3862 6490
465 321 572 378 845

860 444 944 500 Ea;
981 446 1210 499 editione
1242 446 1639 502 Sirmoudiana.

450 537 616 603 igitur
641 531 754 606 (50)
808 542 1106 612 secundum
1155 539 1416 594 Beronem
1448 550 1727 612 assumpta
1762 541 1866 596 sibi
1894 557 2020 598 caro

451 625 701 696 ejusdem
729 609 1066 698 operationis
1092 632 1282 687 effecta
1317 642 1420 699 est,
1458 635 1601 689 haud
1635 609 1860 690 dubium
1891 637 2020 706 quin

454 727 508 771 et
552 719 796 788 ejusdem
833 721 974 776 facta
1013 733 1095 778 est
1142 724 1244 779 sibi
1296 735 1534 793 natura,
1585 742 1708 780 cum
1757 738 2025 798 quotquot

456 819 540 865 est
570 820 786 878 natura,
833 813 884 867 id
915 823 997 869 est
1022 816 1496 887 inprincipalitate,
1529 819 1843 886 infaetione,
1897 823 2021 876 inli-

456 901 661 970 nitate,
720 905 1180 975 sempiternitate,
1249 909 1922 981 incomprehensibilitate;
1971 924 2026 970 et

458 1009 794 1064 quaecunque
821 995 1014 1050 horum
1049 999 1344 1053 secundum
1369 1004 1795 1072 magnitudinem
1819 1006 2025 1061 theolo-

459 1085 576 1153 gica
610 1085 944 1153 amplissime
993 1087 1045 1140 in
1097 1088 1293 1143 deitate
1321 1091 1459 1143 ratio
1508 1093 1942 1161 contemplatur:
1970 1105 2024 1150 et

455 1177 887 1232 vicissitudinem
926 1188 1154 1249 utraque
1187 1198 1346 1251 passa
1394 1193 1540 1249 sunt,
1589 1190 1784 1241 neutro
1820 1197 2024 1246 natura:

457 1284 569 1322 sua:
598 1269 1007 1323 substantialem
1033 1271 1294 1326 rationem
1320 1273 1458 1328 ultra
1485 1276 1795 1330 salvandam
1819 1276 2024 1331 haben-

455 1365 529 1412 te.
574 1356 644 1410 Et
675 1375 902 1413 rursus:
943 1358 1044 1425 Qui
1078 1361 1220 1415 enim
1261 1363 1369 1432 (51)
1404 1379 1625 1429 eorum,
1657 1381 1777 1434 qua:
1802 1366 2025 1422 alterius

455 1460 584 1506 sunt
635 1465 874 1517 naturaa,
918 1453 1161 1508 eamdem
1209 1455 1380 1524 ipsam
1429 1457 1592 1510 sentit
1617 1459 2021 1526 operationem;

456 1544 833 1602 confusionem
883 1548 1084 1618 pariter
1115 1551 1418 1605 naturalem
1440 1591 1456 1616 ,
1500 1561 1553 1605 et
1579 1551 1900 1607 divisionem
1932 1568 2026 1607 eo-

453 1652 577 1690 rum
632 1638 840 1693 inducit
886 1640 1262 1708 personalem;
1311 1642 1583 1712 incognita
1618 1659 1843 1712 prorsus
1879 1645 2022 1698 idio-

455 1738 662 1783 ntatum
706 1731 1065 1785 translatione
1110 1732 1345 1785 naturali
1375 1749 1562 1788 eorum
1597 1733 1737 1788 facta
1765 1735 2018 1790 essentia.

1134 325 1191 380 S.
1233 324 1592 380 HIPPOLYTI
1629 324 1781 380 OPP.
1821 322 2002 380 PARS
2040 321 2106 379 II.
2165 323 2215 365 Σ-
2252 322 2554 382 DOGMAT.
2593 321 2681 379 ET
2720 324 3062 383 HISTOMC.
3595 334 3675 390 θα

2520 447 2603 500 Ea:
2641 449 2867 503 editione
2903 447 3308 519 Combe/ieiuna.

2125 538 2361 592 maxime
2387 540 2708 594 cavendum.
2752 539 2820 592 Et
2858 543 3045 594 iterum
3073 557 3091 591 :
3124 539 3402 611 Siquidem
3434 541 3614 610 igitur,
3634 555 3677 599 ut

2127 639 2316 684 auctor
2339 629 2475 684 Bero
2507 640 2607 697 est,
2656 643 2930 701 assumpta
2957 633 3032 685 illi
3062 648 3190 686 caro
3223 633 3472 702 ejusdem
3497 649 3558 688 ac
3585 635 3675 703 ipse

2125 725 2340 778 virtutis
2369 740 2464 778 seu
2495 724 2831 793 operationis
2865 725 3004 779 facta
3033 733 3148 792 est;
3177 725 3332 794 plane
3364 727 3529 778 etiam
3558 726 3676 795 ejus-

2125 817 2246 871 dem
2296 815 2435 870 facta
2480 826 2560 871 est
2592 826 2821 878 naturae,
2853 832 2974 871 cum
3005 817 3202 886 quibus
3225 817 3485 870 omnibus
3512 829 3674 873 natura

2125 917 2227 972 est,
2264 907 2410 976 quod
2443 909 2697 976 principii
2731 924 2944 977 expers,
2972 909 3116 977 quod
3147 909 3409 978 ingenita,
3443 910 3588 978 quod
3613 911 3675 963 in-

2125 995 2297 1056 finita,
2347 994 2490 1062 quod
2518 995 2870 1063 sempiterna,
2904 995 3044 1064 quod
3077 994 3557 1064 incomprehensa,
3581 997 3675 1051 etsi

2126 1098 2234 1152 qua
2267 1082 2536 1152 ejusmodi
2584 1084 2881 1138 secundum
2932 1083 3304 1138 excellentiam
3358 1085 3674 1156 tltcologicus

2127 1190 2306 1229 sermo
2357 1174 2555 1229 eximie
2605 1174 2660 1228 itt
2709 1175 2906 1228 deitate
2935 1174 3334 1244 contemplatur
3363 1191 3378 1228 :
3411 1185 3466 1230 et
3495 1178 3676 1233 vicissi-

2127 1266 2366 1318 tudinem
2404 1274 2635 1334 utraque
2677 1280 2839 1333 passa
2869 1273 3025 1330 sunt,
3059 1274 3254 1318 neutro
3285 1265 3673 1322 substantialem

2126 1365 2332 1410 naturae
2381 1373 2492 1411 suae
2537 1358 2804 1411 rationem
2851 1357 2994 1410 ultra
3048 1357 3382 1411 incolumem
3419 1369 3670 1413 servante.

2126 1448 2195 1501 Et
2231 1466 2451 1506 rursus:
2479 1448 2580 1515 Qui
2612 1450 2754 1503 enim
2783 1464 2997 1516 eorum,
3030 1465 3151 1519 qua:
3193 1461 3321 1505 sunt
3353 1451 3582 1506 diversae
3600 1467 3674 1506 na.

2126 1551 2294 1607 tunc,
2339 1542 2582 1596 eamdem
2636 1542 2797 1595 sentit
2848 1542 3252 1610 operationem;
3319 1542 3670 1598 confusionem

2127 1634 2330 1702 pariter
2382 1632 2683 1687 naturalem
2725 1633 3155 1702 divisionemque
3206 1634 3453 1703 ipsorum
3495 1635 3673 1688 inducit

2126 1724 2429 1778 naturalem
2456 1740 2470 1792 ;
2495 1725 2673 1794 ignota
2705 1740 2928 1794 prorsus
2950 1741 3012 1779 ac
3036 1725 3327 1780 obscurata
3362 1742 3461 1795 per
3484 1726 3674 1780 idioma-

455 1817 638 1874 ]tem;
681 1819 738 1874 Si
783 1837 911 1877 vero
948 1822 1059 1892 (59,)
1104 1823 1342 1891 ejusdem
1378 1825 1478 1878 sibi
1520 1841 1627 1879 non
1660 1824 1761 1882 fuit
1793 1835 2022 1894 natura,
2056 1821 2099 1875 Β
2129 1823 2240 1869 tum
2271 1817 2750 1870 eonnuutationem
2783 1816 3019 1870 naturali
3049 1832 3238 1871 eorum
3267 1817 3572 1872 sul-stantia
3598 1832 3673 1871 ex.

453 1928 630 1981 neque
675 1913 916 1982 ejusdem
969 1915 1071 1969 sibi
1120 1915 1210 1969 fiet
1255 1917 1514 1972 naturalis
1561 1919 1911 1988 operationis.
1955 1918 2023 1971 Et

453 2004 646 2056 iterum
675 2021 693 2057 :
725 2004 783 2057 In
813 2005 1062 2059 eumdem
1087 2007 1198 2079 (55)
1228 2016 1412 2062 autem
1448 2023 1686 2063 errorem
1712 2009 1844 2064 illati
1873 2019 2021 2077 sunt,

454 2097 596 2150 male
642 2098 922 2152 credentes
965 2099 1239 2168 propriam
1290 2099 1487 2154 factam
1551 2103 1730 2157 carnis
1785 2103 2024 2158 divinam

453 2189 844 2256 operationem,
881 2206 1001 2259 qua:
1035 2190 1088 2244 in
1117 2192 1396 2248 miraculis
1428 2209 1526 2262 per
1551 2193 1721 2263 ipsam
1749 2197 2021 2265 apparuit,

454 2295 561 2349 qua
608 2289 780 2334 totum
829 2281 1081 2337 Christus
1133 2284 1504 2340 substantians
1550 2288 1848 2342 secundum
1877 2290 2023 2358 quod

454 2372 772 2444 intelligitur
818 2374 961 2431 Deus
1003 2379 1242 2432 continet
1291 2388 1578 2435 retentum.
1650 2379 1720 2433 Et
1772 2381 1962 2436 iterum
2002 2397 2023 2436 :

451 2463 572 2520 Non
601 2469 744 2521 enim
772 2469 884 2538 (54)
917 2479 1284 2538 cognoverunt
1316 2471 1652 2540 impossibile
1676 2488 1795 2528 esse
1828 2475 2022 2530 divinze

453 2558 824 2625 operationem
876 2569 1084 2612 natura:
1127 2560 1327 2614 idioma
1360 2561 1472 2615 fieri
1505 2563 1622 2616 sine
1657 2565 2022 2618 convertibili-

455 2656 585 2703 tate.
636 2647 706 2702 Et
735 2650 924 2702 iterum
957 2666 974 2703 :
1009 2649 1250 2715 Quarum
1283 2651 1392 2722 (55)
1428 2652 1601 2708 donec
1633 2671 1796 2709 unam
1829 2672 2022 2712 secun-

453 2738 582 2792 dum
615 2740 973 2795 substantiam
1021 2752 1378 2811 cognoscatur
1410 2742 1645 2798 Verbum
1695 2747 1859 2800 unius
1892 2762 2022 2816 ope-

451 2830 704 2895 rationis,
738 2847 1015 2903 nunquam
1050 2834 1342 2902 aliquando
1371 2850 1436 2889 eo
1462 2836 1605 2904 quod
1641 2837 1924 2907 utriusque
1950 2838 2021 2892 sit

449 2933 807 2991 cognoscetur
859 2933 1060 2980 motus.
1128 2925 1194 2980 Et
1235 2928 1422 2980 iterum
1455 2943 1473 2980 :
1513 2927 1698 2998 Itaque
1742 2929 1879 2984 Bero
1905 2930 2017 3003 (56)

448 3014 665 3083 quidem
693 3015 770 3069 sic
803 3030 862 3068 se
892 3015 1120 3084 habens,
1150 3027 1207 3070 ut
1231 3017 1364 3084 dixi,
1396 3019 1726 3088 Operationis
1759 3021 2019 3076 unalitate

448 3107 701 3160 deitatem
736 3107 938 3162 Christi
972 3118 1028 3164 et
1059 3110 1447 3165 humanitatem
1479 3112 1643 3167 simul
1672 3111 2010 3168 confundens

449 3199 800 3263 naturaliter,
838 3209 891 3254 et
932 3203 1173 3271 partiens
1225 3205 1634 3276 personaliter,
1661 3205 1906 3260 dissolvit
1929 3207 2011 3260 vi—

450 3294 591 3353 tam;
643 3288 900 3356 ignorans
953 3291 1122 3346 solius
1168 3293 1602 3348 connaturalium
1655 3309 2012 3363 personarum

449 3373 818 3436 connaturalis
841 3382 1137 3440 identitatis
1157 3386 1400 3440 eamdem
1437 3387 1608 3459 ipsam
1639 3389 2012 3459 operationem

448 3487 570 3528 esse
604 3473 1031 3546 significativam.

523 3865 544 3898 ι
575 3843 665 3901 IV.
705 3845 800 3903 His
835 3845 1001 3917 igitur
1032 3846 1104 3902 ita
1135 3853 1188 3902 et
1215 3846 1284 3902 ab
1334 3847 1439 3903 hoc
1485 3862 1702 3919 quoque
1755 3851 2012 3907 sacratis-

447 3938 588 3993 simo
633 3947 687 3993 et
739 3955 934 4010 magno
979 3940 1199 3995 doctore
1243 3956 1307 3996 ac
1358 3954 1596 4013 martyre
1649 3943 1890 3998 veritatis
1924 3945 2012 4012 (id

446 4032 624 4102 ipsum
658 4040 837 4086 autem
863 4041 966 4096 est,
999 4034 1044 4087 si
1080 4035 1324 4088 dicamus
1365 4049 1396 4087 a
1435 4035 1800 4098 sanctissimo,
1831 4036 1922 4105 qui
1960 4037 2015 4091 in

445 4141 512 4180 eo
544 4127 802 4196 loquitur,
837 4124 1103 4196 Spiritu),
1153 4126 1496 4182 manifestius
1521 4128 1702 4193 dictis,
1733 4129 2016 4198 diligenter

446 4216 729 4270 intendant
775 4217 868 4285 qui
897 4217 1102 4281 volunt,
1133 4225 1185 4270 et
1234 4218 1467 4271 maxime
1492 4218 1582 4286 qui
1611 4220 2016 4274 communicant

446 4307 554 4373 his,
583 4307 674 4376 qui
700 4309 963 4363 novitates
999 4323 1144 4362 nunc
1189 4308 1397 4378 operati
1433 4318 1587 4363 sunt:
1617 4318 1669 4363 et
1695 4310 1868 4363 sciant
1892 4325 2013 4364 cer-

439 4400 676 4466 tissime,
713 4401 840 4469 quia
867 4401 958 4470 qui
983 4401 1117 4454 duas
1145 4401 1440 4454 Salvatoris
1474 4401 1648 4455 nostri
1681 4401 1884 4456 Christi
1913 4418 2004 4456 vo-

2126 1909 2499 1978 sistentiaque.
2546 1908 2681 1963 Item
2710 1925 2728 1962 :
2759 1907 2814 1964 Si
2844 1925 2976 1964 vero
3005 1925 3112 1964 non
3138 1911 3382 1979 ejusdem
3407 1926 3474 1965 ac
3501 1911 3581 1964 ille
3605 1909 3662 1962 fa-

2125 2013 2208 2057 cta
2245 2011 2326 2056 est
2353 2011 2583 2068 naturae,
2633 2018 2730 2056 nec
2759 2003 3001 2072 ejusdem
3035 2018 3275 2071 unquam
3308 2002 3402 2056 ﬁet
3428 2002 3672 2071 Operatio-

2124 2095 2229 2149 nis.
2291 2093 2359 2146 Et
2398 2095 2588 2147 iterum
2622 2108 2639 2146 :
2677 2093 2731 2147 In
2770 2095 2914 2148 hunc
2947 2102 3125 2148 autem
3161 2109 3400 2148 errorem
3455 2095 3667 2163 impege-

2123 2194 2287 2250 runt,
2351 2185 2630 2239 credentes
2688 2185 2828 2238 male
2880 2185 3154 2254 propriam
3214 2185 3396 2240 carnis
3449 2185 3667 2239 eﬂ‘ectam

2123 2279 2360 2332 divinam
2397 2280 2786 2348 operationem,
2839 2294 2961 2346 qure
2994 2294 3089 2347 per
3120 2278 3289 2347 ipsam
3327 2279 3380 2331 in
3418 2277 3670 2332 miraculis

2121 2372 2465 2425 manifestata
2513 2380 2623 2437 est;
2681 2387 2786 2441 qua
2816 2371 3088 2436 Christus,
3140 2386 3323 2424 rerum
3354 2371 3456 2424 hac
3485 2371 3671 2425 univer-

2121 2463 2282 2516 sitate
2335 2462 2573 2525 condita,
2628 2461 2924 2516 secundum
2973 2462 3115 2530 quod
3163 2462 3488 2530 intelligitur
3531 2461 3668 2522 Deus.

2120 2553 2264 2620 quod
2313 2553 2385 2605 ita
2417 2552 2692 2606 conditum
2723 2559 2839 2617 est,
2882 2559 3026 2605 tenet
3053 2565 3116 2605 ac
3140 2561 3450 2605 conservat.
3501 2549 3563 2603 Et
3585 2551 3669 2602 ite-

2120 2661 2237 2696 rum
2272 2659 2291 2698 :
2335 2642 2452 2697 Non
2493 2643 2634 2697 enim
2670 2652 3072 2713 cognoverunt,
3121 2642 3238 2696 ﬁeri
3273 2658 3378 2695 non
3406 2657 3593 2712 posse,
3625 2651 3670 2693 ut

2119 2735 2316 2790 divina:
2367 2745 2574 2789 naturae
2606 2737 2875 2805 operatio,
2923 2736 3145 2789 alterius
3197 2735 3532 2804 diversaeque
3561 2735 3663 2788 sub-

2121 2829 2334 2881 stantize
2377 2829 2675 2897 prOprielas
2728 2829 2914 2893 tieret,
2965 2827 3171 2896 absque
3217 2828 3668 2881 convertibilitate.

2120 2917 2188 2971 Et
2220 2921 2408 2972 iterum
2456 2937 2474 2974 :
2513 2919 2759 2985 Quandiu
2799 2935 2906 2972 non
2957 2935 3125 2972 unum
3166 2919 3470 2973 secundum
3503 2933 3667 2972 essen-

2121 3011 2246 3065 tiam
2275 3012 2437 3066 uuius
2463 3013 2706 3066 noscitur
2737 3010 2970 3065 Verbum
2999 3011 3335 3080 operationis
3357 3052 3370 3076 ,
3414 3011 3561 3064 nulla
3586 3026 3670 3063 un-

2119 3119 2280 3172 quam
2315 3105 2524 3159 ratione
2551 3106 2664 3170 tiat,
2701 3113 2758 3159 ut
2785 3105 3067 3158 amborum
3097 3113 3278 3158 motus
3307 3112 3666 3174 cognoscatur.

2119 3195 2186 3249 Et
2214 3198 2403 3250 iterum
2452 3212 2470 3249 :
2511 3195 2695 3266 Itaque
2725 3196 2895 3263 Bero,
2931 3198 3022 3265 qui
3065 3197 3144 3250 sic
3176 3197 3405 3262 habeat,
3444 3208 3504 3252 ut
3541 3198 3664 3250 diee-

2120 3289 2265 3353 bam,
2296 3305 2400 3342 una
2425 3289 2736 3358 operatione
2765 3290 2964 3342 Christi
2994 3291 3201 3358 pariter
3227 3290 3482 3343 deitatem
3515 3298 3564 3342 et
3587 3289 3671 3339 hu-

2123 3381 2445 3434 manitatem
2479 3391 2670 3434 natura
2697 3380 3036 3435 confundens
3063 3396 3125 3434 ac
3146 3382 3396 3450 personis
3421 3381 3670 3446 dividens,

2127 3474 2296 3526 vitam
2342 3473 2620 3539 dissolvit;
2675 3474 2766 3542 qui
2815 3489 3006 3542 nempe
3035 3474 3251 3544 nesciat.
3277 3474 3524 3527 eamdem
3556 3487 3668 3542 ope-

2119 3562 2408 3624 rationem,
2463 3576 2814 3630 personarum
2850 3578 2971 3632 quze
3010 3562 3254 3631 ejusdem
3305 3572 3518 3617 natura:
3559 3562 3669 3626 sint,

2120 3649 2458 3706 identitatem
2498 3653 2759 3707 duntaxat
2788 3653 3089 3724 designare.

2117 3849 2412 3908 fessionem
2464 3853 2735 3924 abnegant
2767 3860 2819 3908 et
2867 3852 3150 3923 abjiciunt,
3183 3861 3348 3924 atque
3379 3852 3598 3922 impiam
3626 3858 3673 3904 et

2119 3947 2348 4001 alienam
2375 3949 2404 4001 it
2429 3947 2793 4002 Christianico
2841 3946 3092 4017 dogmate
3126 3962 3246 4001 esse
3272 3956 3604 4008 asseverant,
3629 3953 3677 3998 et

2120 4055 2272 4109 teque
2301 4049 2359 4094 ut
2391 4040 2680 4109 praedictus
2717 4043 3024 4107 hmreticus,
3058 4041 3188 4110 quin
3214 4041 3402 4112 potius
3424 4051 3482 4095 ut
3502 4052 3678 4093 omnes

2121 4135 2281 4189 simul
2314 4135 2524 4205 profani
2553 4135 2809 4199 Inerelici,
2845 4136 2937 4204 qui
2977 4136 3029 4188 in
3065 4137 3389 4189 confusione
3417 4151 3486 4188 ac
3527 4136 3680 4204 plna-

2118 4224 2255 4277 tasia
2280 4232 2333 4278 et
2361 4224 2625 4279 divisiOne
2647 4224 2852 4293 decepti
2876 4233 3021 4288 sunt,
3048 4225 3221 4279 solum
3262 4225 3678 4294 supersubstan—

2121 4317 2264 4371 tialis
2295 4317 2578 4387 theologia:
2606 4333 2669 4372 ac
2699 4319 2994 4372 incarnatm
3010 4318 3433 4389 dispensationis
3453 4336 3564 4374 non
3592 4318 3682 4372 ah-

2114 4417 2314 4477 negaut
2333 4418 2384 4462 et
2407 4411 2719 4464 subvertuut
2755 4413 3100 4481 mysterium:
3133 4422 3559 4482 quaternttatem
3583 4410 3684 4481 qui-

444 4491 681 4546 lun'talcs
722 4492 998 4548 naturales
1023 4502 1076 4546 et
1105 4493 1447 4562 operationes
1499 4493 1841 4564 denegante!
1869 4493 2010 4564 abji-
2047 4503 2087 4556 D
2117 4500 2239 4554 dem
2297 4499 2663 4556 Personarum
2699 4513 2941 4558 sanctam
2985 4504 3304 4559 conﬁtentes
3325 4505 3684 4567 Trinitatem;

444 4584 616 4647 ciunt,
643 4585 864 4655 impiam
895 4601 958 4638 ac
980 4585 1209 4638 alienant
1234 4585 1579 4639 Christianici
1609 4585 1874 4656 dogmatis
1904 4596 2012 4641 tam

445 4691 658 4730 sacram
708 4685 762 4730 et
817 4677 1174 4731 orthodoxam
1237 4677 1636 4733 confessionem
1691 4679 1962 4747 appellant
1995 4719 2012 4744 ,

446 4784 723 4837 unamque
757 4768 973 4825 deitatis
999 4778 1052 4824 et
1086 4771 1441 4825 humanitatis
1461 4771 1577 4840 ejus
1596 4772 1930 4826 voluntatem
1963 4781 2016 4827 et

443 4861 811 4930 operationem
841 4861 1234 4929 dogmatizant,
1259 4878 1353 4917 cos
1382 4863 1484 4932 (qui
1528 4863 1703 4917 taliter
1737 4864 1840 4917 sibi
1878 4879 2013 4918 con-

445 4967 579 5008 sone
612 4969 718 5007 non
771 4953 1101 5009 conﬁtentur
1138 4956 1680 5020 anathematizantes,
1720 4955 1929 5024 liquido
1963 4965 2017 5010 et

444 5047 650 5115 absque
676 5046 784 5100 ullo
828 5054 1043 5117 tegente
1068 5048 1333 5101 velamine
1379 5055 1595 5103 sanctos
1634 5048 1929 5116 prophetas
1962 5058 2016 5101 et

445 5137 717 5206 apostolos
752 5146 912 5206 atque
933 5137 1223 5204 doctores;
1267 5139 1350 5192 vel
1403 5139 1584 5202 etiam,
1613 5149 1667 5192 ut
1716 5139 1897 5193 verius
1933 5140 2018 5194 di-

441 5237 623 5293 catur,
651 5229 1056 5283 sanctissimum
1098 5229 1359 5300 Spiritum
1409 5230 1504 5301 qui
1552 5231 1605 5283 in
1648 5225 1766 5284 illis
1800 5231 2016 5286 locutus

441 5329 547 5384 est,
581 5319 826 5388 quinimo
853 5327 914 5375 et
961 5320 1222 5389 loquitur,
1271 5320 1753 5385 anathematizant,
1782 5331 1833 5376 et
1855 5324 1923 5377 ab
1949 5339 2014 5378 eo

444 5423 540 5480 per
570 5409 699 5465 illos.
719 5411 970 5466 traditam
996 5413 1154 5465 nobis
1173 5427 1385 5466 sacram
1407 5421 1461 5467 et
1486 5413 1844 5469 orthodoxam
1877 5429 2006 5470 con-

514 5544 626 5616 (50)
669 5542 727 5599 Si
758 5547 940 5616 igitur.
982 5545 1208 5600 Testim.
1236 5546 1285 5600 6.

513 5614 626 5682 (51)
668 5614 963 5678 ραῖεηὶηι.
1008 5617 1136 5671 Ibid.

513 5683 626 5754 (52)
667 5683 726 5754 Si
756 5701 893 5738 vero.
936 5686 1161 5741 Tcstim.
1191 5686 1243 5740 7.

514 5753 628 5827 (55)
662 5753 730 5809 In
755 5757 1010 5810 eumdem.
1050 5755 1274 5812 Testim.
1301 5756 1354 5813 8.

2116 4597 2170 4643 at
2204 4605 2331 4644 vero
2362 4607 2528 4645 unum
2565 4592 2745 4661 hujus,
2796 4592 2852 4646 id
2877 4600 2959 4648 est
2989 4591 3279 4647 Dominum
3310 4605 3570 4649 nostrum
3607 4592 3687 4647 Je-

2116 4697 2237 4736 sum
2255 4681 2555 4748 Christum,
2578 4683 2955 4750 inanimatum,
2978 4693 3031 4738 et
3052 4685 3168 4739 sine
3184 4685 3466 4741 intellectu
3493 4702 3559 4741 ac
3582 4686 3690 4740 sine

2116 4773 2346 4840 ratione,
2366 4776 2660 4830 secundum
2679 4776 2823 4844 quod
2841 4786 3058 4845 propter
3080 4792 3182 4831 nos
3201 4776 3375 4832 factus
3393 4789 3484 4833 est
3507 4780 3688 4839 homo.

2118 4863 2541 4931 introducentes,
2577 4875 2631 4920 et
2676 4867 3183 4922 convertibilitatem
3237 4870 3405 4923 simul
3463 4879 3522 4925 et
3570 4885 3694 4924 cou-

2116 4958 2452 5026 spersionem
2503 4957 2568 5013 ac
2599 4959 3035 5025 mutabilitatem,
3085 4961 3588 5032 confusionemque
3636 4974 3693 5013 ac

2119 5045 2461 5115 phantasiam
2511 5054 2564 5100 et
2590 5046 2912 5102 divisionem
2943 5048 3227 5118 utriusque
3273 5059 3494 5104 natura:
3530 5050 3696 5120 ipsius

2118 5138 2555 5207 pronuntiantes,
2584 5146 2637 5192 et
2677 5139 2798 5208 puri
2833 5154 2926 5207 per
2974 5140 3080 5195 hoc
3105 5140 3362 5206 hominis,
3391 5143 3486 5196 vel
3516 5141 3694 5211 prodi-

2119 5228 2189 5299 gii
2217 5229 2503 5298 cujusdam
2539 5239 2768 5284 matrem
2795 5239 3042 5286 sanctam
3066 5245 3282 5302 semper
3326 5231 3608 5305 virginem
3637 5246 3696 5286 ac

2119 5319 2213 5378 Dei
2244 5323 2559 5392 genitricem
2583 5321 2809 5380 Mariam
2836 5323 3154 5380 scribentes.

2195 5433 2214 5466 ι
2239 5412 2303 5467 ν.
2326 5413 2528 5470 Deinde
2556 5429 2685 5470 vero
2709 5415 2866 5480 hanc,
2893 5431 3015 5485 quae
3034 5414 3283 5472 videlicet
3311 5414 3367 5470 in
3399 5430 3476 5474 eo
3506 5414 3698 5473 abillis

2189 5554 2302 5622 (54)
2327 5551 2448 5606 Non
2477 5555 2632 5611 enim.
2668 5553 2801 5608 Ibid.

2189 5625 2302 5694 (55)
2343 5623 2602 5688 Quarum.
2633 5623 2856 5694 Testim.
2887 5625 2940 5677 4.

2189 5693 2301 5767 (56)
2333 5695 2521 5765 Itaque
2551 5694 2706 5749 Bero.
2733 5693 2960 5749 Testim.
2994 5693 3044 5748 8.
