3862 6492
408 324 513 379 817

1062 320 1119 377 S.
1161 320 1524 377 HlPPOLYTl
1562 319 1710 377 OPP.
1753 319 1934 376 PARS
1973 320 2038 376 ll.
2079 352 2147 363 —
2184 320 2486 377 DOGMAT.
2528 320 2616 376 ET
2654 320 3015 377 HISTORIC.‘

3550 323 3649 377 8L8

408 444 454 498 si
485 440 945 514 quemadmodum
976 456 1205 512 magnus
1237 442 1306 496 ab
1337 442 1742 496 immortalitate
1769 456 1970 512 cogno-
2000 446 2045 503 Α
2076 454 2311 498 creatam
2329 453 2380 497 et
2396 443 2788 508 cro=atam,sine
2804 442 3654 512 ineeptioneetcumlneeptione,

410 536 651 590 minatus
682 533 816 604 (64),
846 538 958 589 imo
987 550 1117 590 vero
1148 543 1376 589 cunctus
1420 543 1734 588 sanctorum
1778 533 1981 589 chorus

407 627 659 694 afﬁrmat,
688 626 833 696 quod
876 641 1011 697 pene
1046 626 1177 679 ﬁdes
1200 624 1499 680 Salvatoris
1530 624 1700 680 nostri
1744 639 1852 678 non
1892 623 1983 677 ad-

408 719 606 785 mittat,
638 735 762 775 cum
804 719 907 773 hoc
940 717 1187 771 instabile
1208 716 1466 786 quiddam
1493 716 1790 771 secundum
1824 731 1979 771 suam

408 812 578 880 ipsius
607 811 873 865 rationem
900 810 1147 865 exsistat.
1176 807 1330 874 Quod
1360 808 1405 861 si
1436 810 1539 862 hoc
1586 808 1751 861 fuerit
1795 821 1978 877 passa,

408 902 627 973 etquod
657 902 782 957 huic
803 909 886 955 est
926 900 1259 956 contrarium
1321 899 1509 969 procul
1547 899 1712 953 dubio
1746 900 1982 953 sustine-

408 997 508 1059 bit,
559 995 985 1049 additamentum
1039 992 1267 1058 scilicet,
1308 1000 1362 1046 et
1412 991 1688 1061 quomodo
1738 991 1982 1045 manebit

408 1088 636 1143 ulterius
663 1087 794 1142 ﬁdes
836 1086 1132 1141 defectibus
1163 1100 1225 1140 ac
1276 1082 1610 1153 profectibus
1651 1082 1983 1138 immutata?

407 1181 622 1244 Dicant,
656 1180 851 1249 inquit,
907 1177 1077 1244 nobis,
1112 1178 1201 1247 qui
1255 1193 1346 1246 per
1400 1175 1635 1245 singulos
1687 1176 1795 1228 dies
1850 1175 1980 1243 fides

408 1281 609 1338 creant,
644 1273 747 1325 imo
767 1272 887 1325 deos
921 1271 1021 1324 sibi
1062 1270 1291 1323 diversos
1322 1269 1547 1338 ﬁngunt,
1578 1268 1827 1337 quoniam
1863 1284 1979 1320 cum

408 1364 531 1432 ﬁdei
557 1362 703 1416 verba
736 1372 974 1415 mutatur
1007 1369 1161 1431 atque
1208 1358 1592 1427 multiplicatur
1643 1375 1675 1411 a
1707 1360 1901 1412 talibus
1928 1358 1982 1410 id

407 1456 545 1525 quod
574 1454 825 1507 creditur.
861 1452 1004 1523 Ergo
1033 1462 1086 1506 et
1117 1452 1416 1506 adversarii
1446 1451 1576 1505 ﬁdes
1610 1450 1712 1505 sibi
1746 1450 1982 1504 conden-

408 1559 489 1602 tes
512 1548 775 1611 diversas,
799 1547 1007 1615 absque
1035 1544 1185 1599 omni
1215 1542 1643 1598 contradictione
1682 1544 1979 1598 secundum

409 1637 721 1706 qualitatem
755 1644 807 1690 et
831 1634 1188 1704 quantitatem
1222 1643 1385 1703 atque
1417 1632 1847 1686 immutationem
1880 1634 1978 1687 do-

410 1737 650 1799 gmatum
683 1742 930 1793 suorum,
964 1726 1255 1779 immutant
1304 1724 1468 1779 simul
1514 1732 1566 1778 et
1619 1724 1981 1794 multiplicant

409 1820 462 1875 id
497 1820 641 1889 quod
664 1820 923 1883 creditur,
955 1826 1008 1873 et
1038 1817 1279 1887 quinque
1326 1815 1579 1869 Christos
1609 1824 1833 1870 eatenus
1862 1815 1979 1883 pla-

408 1928 619 1968 smasse
644 1920 1042 1968 monstrantur.
1086 1909 1240 1964 llunc
1270 1907 1489 1979 quidem
1516 1923 1680 1962 unam
1702 1908 1975 1978 operatio-

409 2020 555 2070 nem,
590 2003 741 2057 illum
776 2018 903 2057 vero
934 2018 1033 2058 nec
1064 2018 1227 2057 unam
1282 2002 1674 2073 operationem,
1711 2008 1765 2054 et
1805 2000 1971 2053 alium

410 2112 574 2150 unam
604 2105 957 2163 voluntatem,
1009 2106 1062 2150 et
1113 2097 1341 2150 alterum
1381 2111 1482 2151 nec
1520 2110 1684 2150 unam
1724 2095 1977 2149 volunta-

408 2202 555 2243 tem:
601 2206 762 2259 porro
795 2190 1042 2260 quintum
1096 2205 1257 2245 unam
1318 2198 1371 2244 et
1413 2190 1572 2255 duas,
1600 2197 1762 2258 atque
1812 2203 1975 2242 unam

2086 534 2141 587 in
2168 535 2286 602 ipso
2303 533 2630 587 conﬁtentur
2647 541 2701 588 et
2720 532 2968 588 conﬁteri
2990 532 3148 588 nobis
3168 533 3514 603 praecipiunt.
3538 532 3658 589 Non

2084 634 2291 691 autem,
2322 634 2382 678 ut
2412 625 2464 678 hi
2498 640 2643 680 nunc
2668 625 2937 679 novitates
2972 623 3234 690 fecerunt,
3266 641 3435 679 unam
3477 634 3534 679 et
3560 640 3662 679 nec

2083 735 2274 784 unam,
2300 734 2400 772 nec
2422 718 2578 784 duas,
2609 726 2662 771 et
2695 733 2887 772 rursus
2906 732 3071 770 unam
3104 725 3157 770 et
3176 718 3336 782 duas,
3365 717 3416 770 id
3440 724 3525 770 est
3550 726 3660 769 tres

2082 812 2389 865 voluntates
2409 820 2463 865 et
2489 810 2837 880 operationes
2876 810 3077 864 habere
3100 810 3251 863 illum
3286 809 3552 863 fatentur.

2158 924 2175 955 ι
2213 903 2281 957 Χ.
2312 904 2485 973 Super
2517 904 2633 958 lucc
2656 912 2837 958 autem
2863 903 3045 957 omnia
3080 919 3200 973 qua:
3232 903 3377 956 dicta
3426 911 3574 965 sunt,
3609 911 3662 953 et

2083 994 2213 1049 illud
2245 1011 2462 1065 quoque
2500 996 2805 1051 certissime
2865 995 3137 1059 noverint,
3168 995 3430 1064 quoniam
3494 1009 3661 1047 unam

2083 1102 2184 1141 nec
2216 1103 2401 1151 unam,
2432 1104 2606 1157 neque
2645 1088 2805 1153 duas,
2838 1095 2894 1141 et
2959 1088 3157 1141 iterum
3208 1103 3375 1141 unam
3434 1096 3490 1140 et
3523 1087 3665 1142 duas

2082 1181 2387 1235 voluntates
2412 1190 2465 1235 et
2499 1181 2866 1251 Operationes,
2892 1188 2946 1235 et
2972 1182 3156 1235 omnia
3183 1196 3306 1235 cum
3338 1180 3667 1233 anathema—

2086 1272 2229 1326 tibus
2246 1281 2297 1326 et
2314 1272 2742 1341 depositionibus
2768 1286 2832 1325 ac
2854 1271 3419 1326 excommunicatione
3438 1271 3665 1339 dogma-

2084 1364 2334 1427 tizantes,
2370 1372 2555 1431 aperte
2579 1364 2680 1418 sibi
2705 1372 2758 1416 et
2786 1363 3067 1417 alterutris
3096 1377 3400 1432 repugnare
3424 1362 3665 1431 proban-

2083 1465 2173 1513 tur
2200 1474 2214 1521 ;
2250 1464 2305 1511 et
2333 1456 2435 1525 ipsi
2470 1471 2565 1524 per
2616 1470 2675 1510 se
2706 1453 2854 1523 ipsos
2881 1462 2935 1508 et
2986 1454 3214 1509 invicem
3247 1455 3574 1507 subvertunt
3601 1468 3663 1506 ac

2083 1550 2388 1611 destruunt,
2416 1548 2617 1601 alterna
2652 1547 2813 1601 verba
2873 1554 2927 1600 et
2960 1546 3237 1616 dogmata,
3295 1560 3467 1614 seque
3512 1545 3662 1613 ipsos

2082 1652 2137 1697 et
2158 1643 2467 1705 alterutros,
2498 1648 2548 1692 et
2579 1654 2673 1693 eos
2702 1638 2794 1707 qui
2823 1637 2927 1692 sibi
2972 1637 3401 1701 communicant,
3435 1637 3661 1690 anathe-

2082 1734 2365 1798 matizant,
2405 1733 2547 1787 etab
2578 1732 2725 1786 omni
2753 1746 2909 1787 sacra
2942 1730 3203 1797 dignitate
3248 1743 3313 1782 ac
3356 1728 3660 1781 ministerio

2081 1826 2290 1894 pel‘lunt
2326 1832 2487 1891 atque
2517 1824 2815 1891 deponunt.
2846 1820 3065 1875 Necnon
3090 1828 3144 1873 et
3169 1835 3197 1871 a
3227 1819 3578 1893 perceptione
3597 1818 3659 1871 il-

2081 1916 2260 1969 libatae
2273 1914 2673 1969 communionis
2690 1912 2882 1966 viviﬁci
2901 1912 3143 1981 corporis
3163 1921 3214 1965 et
3244 1911 3533 1981 sanguinis
3551 1927 3661 1965 ma-

2080 2010 2169 2080 gni
2188 2008 2279 2063 Dei
2298 2018 2349 2062 et
2365 2006 2845 2062 Salvatorisnostri
2864 2006 2990 2060 Jesu
3010 2005 3209 2059 Christi
3224 2012 3592 2073 sequestram.

2160 2120 2177 2152 ι
2210 2100 2298 2154 XI.
2327 2100 2392 2155 Et
2416 2102 2530 2155 haec
2569 2099 2778 2168 liquido
2825 2114 2947 2161 nos,
2991 2108 3044 2152 et
3074 2099 3222 2152 nullo
3280 2098 3564 2151 intuentes
3612 2102 3661 2148 et

2084 2191 2317 2247 scientes
2340 2190 2590 2246 obstante
2606 2188 2893 2253 velamine,
2918 2203 3026 2243 non
3052 2189 3227 2243 solum
3247 2200 3476 2257 propter
3488 2185 3663 2240 multi-

408 2288 462 2335 et
489 2281 645 2345 duas,
674 2280 829 2334 idest
858 2289 966 2335 tres
998 2282 1338 2349 operationes
1394 2290 1448 2336 et
1494 2290 1604 2335 tres
1650 2271 1975 2342 voluntates,
2012 2323 2055 2380 Β
2086 2282 2314 2339 formem
2346 2298 2609 2346 errorem,
2660 2297 2847 2336 verum
2877 2282 3040 2336 etiam
3074 2290 3125 2334 et
3154 2289 3375 2350 propter
3406 2278 3664 2334 instabili-

409 2381 468 2426 ut
496 2372 671 2435 aiunt,
713 2372 1021 2426 habentem.
1048 2371 1111 2427 Et
1150 2372 1335 2427 dicant
1390 2373 1435 2427 si
1479 2372 1667 2427 volunt
1722 2372 1798 2425 illi
1853 2372 1975 2441 ipsi,

408 2466 500 2533 qui
549 2464 675 2517 talia
718 2472 995 2533 exponunt
1021 2464 1294 2534 dogmata,
1337 2472 1391 2517 et
1442 2464 1534 2533 qui
1573 2464 1981 2518 communicant

407 2555 511 2618 eis,
546 2554 600 2608 in
620 2568 781 2623 quem
812 2554 998 2608 talium
1022 2569 1085 2608 ac
1110 2562 1187 2609 tot
1226 2554 1563 2610 Christorum
1587 2571 1618 2609 a
1647 2570 1706 2610 se
1732 2556 1978 2609 ﬁctorum

410 2645 695 2699 credentes
715 2645 977 2713 baptizati
1034 2653 1161 2699 sunt
1190 2646 1272 2700 vel
1296 2646 1639 2715 baptizantur
1668 2665 1681 2701 :
1709 2653 1802 2700 aut
1822 2645 1981 2715 cujus

409 2753 601 2793 eorum
648 2753 846 2807 corpus
879 2749 932 2793 et
964 2739 1280 2808 sanguinem
1333 2748 1557 2793 sumunt
1602 2747 1763 2809 atque
1792 2740 1979 2793 distat-i-

412 2832 620 2899 buunt;
654 2842 835 2887 utrum
857 2832 977 2903 ejus
1000 2833 1092 2902 qui
1125 2848 1309 2898 unam,
1336 2849 1401 2887 an
1425 2834 1517 2903 qui
1545 2848 1646 2888 nec
1666 2848 1827 2886 unam
1861 2848 1983 2901 ope-

412 2929 719 2994 rationem;
751 2926 870 2996 ejus
891 2925 983 2997 qui
1021 2940 1184 2979 unam
1215 2925 1573 2989 voluntatem,
1624 2940 1692 2979 an
1743 2923 1863 2993 ejus
1891 2923 1985 2993 qui

416 3035 578 3073 unam
606 3027 659 3073 et
692 3018 850 3082 duas,
884 3026 935 3071 et
957 3032 1119 3070 unam
1144 3026 1194 3071 et
1224 3017 1382 3081 duas,
1438 3016 1491 3070 id
1522 3024 1607 3070 est
1654 3025 1766 3071 tres
1793 3030 1986 3086 opera-

412 3109 591 3163 tiones
618 3117 671 3162 et
695 3118 805 3163 tres
841 3109 1170 3172 voluntates,
1202 3118 1254 3162 et
1284 3116 1567 3178 propterea
1626 3107 1738 3176 jam
1788 3124 1852 3163 ex
1881 3121 1980 3160 ne-

412 3199 665 3253 cessitate
697 3207 808 3251 tres
838 3197 999 3251 etiam
1030 3204 1253 3250 naturas
1280 3196 1458 3249 habet.
1488 3192 1592 3249 Sed
1618 3210 1720 3247 non
1753 3205 1985 3247 eratvoa:

410 3303 458 3345 et
491 3308 591 3345 non
616 3300 727 3344 erat
751 3289 954 3343 auditio
974 3289 1041 3353 ⁸⁷,
1084 3288 1545 3357 quemadmodum
1598 3287 1674 3340 ait
1722 3287 1982 3356 prOpheta

414 3399 643 3455 magnus
670 3382 834 3446 Elias,
858 3382 1117 3436 scelestos
1138 3382 1448 3435 sacerdotes
1472 3388 1525 3434 et
1546 3378 1985 3449 pseudopmphe-

417 3482 500 3526 tas
529 3473 865 3527 confusionis
896 3473 1249 3540 redarguens.

492 3583 511 3615 ι
546 3564 637 3618 IX.
671 3563 805 3619 Nam
839 3564 1103 3634 quidquid
1162 3562 1357 3617 horum
1391 3562 1648 3624 dixerint,
1684 3560 1832 3615 illinc
1858 3574 1981 3614 cum

416 3655 693 3725 impietate
713 3654 875 3708 etiam
892 3653 1327 3723 redargutionem
1352 3667 1530 3707 sermo
1546 3667 1734 3706 eorum
1757 3652 1989 3706 circum-

415 3749 591 3812 feret;
628 3749 885 3817 quoniam
918 3759 1025 3799 non
1056 3745 1108 3798 in
1137 3760 1322 3799 verum
1349 3754 1402 3798 et
1428 3743 1695 3798 veraciter
1717 3743 1986 3797 exsisten-

415 3853 523 3897 tem
568 3838 844 3893 Christum
887 3837 1112 3891 credunt
1154 3846 1315 3905 atque
1372 3834 1666 3903 baptizant,
1717 3849 1816 3887 nec
1840 3834 1985 3888 illius

414 3947 617 4002 corpus
640 3939 693 3984 et
728 3931 1048 4000 sanguinem
1081 3927 1801 3997 accipiuntetdistrihuunt.
1827 3924 1982 3978 Illum

419 4027 589 4089 enim,
630 4038 817 4077 verum
871 4022 1096 4087 scilicet,
1126 4029 1179 4074 et
1200 4022 1292 4089 qui
1341 4034 1465 4074 vere
1515 4019 1787 4084 consistit,
1821 4018 1983 4073 Chri-

426 4128 569 4174 stum
602 4115 768 4169 Deum
790 4114 953 4169 simul
983 4124 1037 4167 et
1084 4114 1353 4167 hominem
1388 4111 1571 4183 inclyti
1618 4111 1861 4181 magistri
1899 4128 1987 4164 no-

417 4208 519 4263 stri
547 4222 611 4261 ac
628 4218 983 4276 praeceptores
1004 4204 1259 4269 scientes,
1284 4204 1420 4257 duas
1464 4212 1518 4257 et
1557 4212 1766 4256 tantum
1790 4217 1984 4271 quem-

2089 2383 2250 2429 tatem
2282 2382 2336 2427 et
2387 2374 2781 2428 absurditatem
2832 2388 2896 2427 ac
2949 2372 3441 2441 reciprocationem
3477 2373 3659 2426 talium

2085 2467 2327 2521 virorum
2364 2473 2417 2519 et
2439 2465 2777 2535 dogmatum,
2813 2465 2965 2519 omni
3014 2465 3263 2519 custodia
3296 2464 3660 2533 nosmetipsos

2087 2559 2157 2613 ab
2202 2560 2418 2614 illorum
2480 2558 2757 2627 impietate
2804 2567 2859 2613 et
2915 2559 3303 2613 communione
3359 2573 3657 2623 servemus,

2088 2657 2356 2719 quotquot
2392 2649 2446 2703 in
2490 2649 2718 2705 veritate
2771 2666 2891 2705 esse
2922 2665 2986 2705 ac
3013 2651 3118 2705 dici
3174 2651 3477 2704 Christiani
3519 2650 3663 2706 volu-

2089 2757 2234 2796 mus.
2262 2742 2513 2795 Alienum
2538 2742 2739 2812 quippe
2761 2758 2792 2796 a
2822 2742 3148 2798 Christianis
3180 2752 3288 2807 est,
3322 2758 3447 2796 cum
3471 2743 3658 2797 ortho-

2088 2835 2248 2888 doxia
2311 2834 2473 2889 etiam
2534 2835 2867 2905 impietatem
2925 2836 3231 2904 suscipere;
3286 2843 3383 2887 aut
3421 2833 3660 2889 conﬁteri

2087 2926 2304 2997 quidem
2320 2928 2680 2983 orthodoxam
2701 2928 2883 2993 ﬁdem,
2899 2929 3305 2982 communicare
3321 2942 3451 2981 vero
3471 2928 3556 2981 his
3571 2926 3658 2995 qui

2087 3019 2228 3073 hanc
2255 3035 2351 3089 per
2380 3036 2550 3074 novas
2570 3020 2909 3075 inventiones
2935 3020 3209 3090 ahnegant
3252 3029 3301 3074 et
3330 3001 3657 3072 adulterant.

2088 3108 2315 3180 Propter
2341 3112 2487 3181 quod
2515 3112 2693 3165 divina
2731 3112 2889 3167 nobis
2936 3113 3018 3165 lex
3063 3112 3225 3165 simul
3281 3122 3336 3165 et
3366 3111 3656 3179 apostolica

2082 3203 2255 3272 jubet,
2283 3219 2377 3258 eos
2407 3205 2499 3273 qui
2526 3205 2672 3259 aliud
2708 3212 2900 3274 praeter
2919 3203 3062 3274 quod
3092 3220 3122 3258 a
3154 3203 3491 3259 Christiferis
3532 3205 3659 3256 viris

2087 3298 2396 3367 accepimus
2427 3299 2492 3364 ⁸⁸,
2523 3297 2717 3353 docere
2741 3313 2804 3352 ac
2839 3298 3187 3353 introducere
3222 3299 3402 3351 conati
3437 3296 3655 3357 fuerint,

2087 3393 2327 3441 avertere
2365 3386 2477 3457 (65)
2501 3394 2555 3440 et
2582 3385 3069 3450 anathematizare,
3099 3400 3206 3438 non
3237 3393 3448 3437 tantum
3483 3383 3527 3437 si
3564 3384 3654 3435 ho-

2090 3477 2266 3532 mines
2300 3477 2520 3542 fuerint,
2554 3477 2646 3531 sed
2670 3484 2723 3530 et
2754 3476 2879 3530 licet
2926 3474 3102 3544 angeli
3161 3474 3419 3528 fortassis
3472 3490 3500 3527 e
3522 3474 3659 3527 caelo

2088 3550 2478 3623 descendentes
2506 3567 2831 3621 exstiterint.
2874 3565 2940 3619 Et
2962 3567 3008 3621 si
3040 3566 3144 3621 hoc
3169 3565 3488 3630 fecerimus,
3511 3576 3563 3620 et
3588 3566 3661 3619 di-

2087 3660 2271 3713 vinam
2322 3659 2441 3713 sine
2496 3658 2942 3728 prtevaricatione
2990 3658 3476 3726 adimplevcrimus
3526 3672 3658 3726 pra:-

2086 3749 2411 3818 ceptioncm,
2444 3764 2763 3817 sacramque
2788 3762 2851 3801 ac
2881 3748 3237 3801 orthodoxam
3272 3748 3433 3801 ﬁdem
3460 3748 3659 3816 absque

2086 3839 2479 3894 adulteratione
2506 3840 2667 3894 simul
2700 3850 2753 3893 et
2786 3838 3141 3892 innovatione
3176 3839 3581 3907 posscderimus
3605 3843 3659 3889 et

2085 3930 2324 3986 confessi
2384 3929 2685 3996 fuerimus;
2743 3928 2810 3984 ad
2834 3929 3001 3983 vitam
3022 3928 3482 3983 salviefﬁciemur
3506 3938 3661 3982 teter-

2088 4039 2212 4078 nam
2244 4024 2297 4076 in
2324 4022 2543 4077 Christo
2562 4020 2693 4076 .lesu
2739 4020 2971 4077 Domino
2996 4032 3220 4077 nostro:
3251 4037 3378 4075 cum
3413 4036 3517 4091 quo
3555 4018 3661 4073 Deo

2086 4124 2138 4169 et
2184 4114 2355 4178 Patri,
2391 4131 2494 4168 una
2528 4129 2651 4169 cum
2684 4115 3033 4169 sanctissimo
3059 4123 3113 4168 et
3155 4114 3301 4167 bono
3327 4130 3393 4168 ac
3448 4112 3661 4166 γίνίίίςο

2088 4204 2317 4275 Spiritu,
2346 4206 2537 4276 gloria,
2572 4206 2768 4271 honor,
2814 4206 3124 4276 imperium,
3158 4215 3209 4258 et
3243 4203 3490 4259 adoratio
3515 4218 3661 4257 nunc

419 4299 709 4355 admodum
730 4307 972 4362 naturas,
992 4296 1070 4350 sic
1088 4297 1253 4351 etiam
1271 4296 1476 4350 etduas
1491 4295 1818 4359 voluntates,
1838 4302 1891 4349 et
1906 4304 1988 4349 to-
2084 4305 2139 4350 et
2169 4312 2401 4365 semper,
2452 4306 2506 4350 et
2539 4296 2592 4349 in
2627 4299 2809 4351 omnia
2844 4312 3237 4367 nunquamque
3289 4295 3521 4349 ﬁnienda
3563 4309 3664 4349 sm-

417 4393 584 4448 tidetn
602 4390 947 4460 Operationes
964 4398 1323 4459 congruentes
1341 4388 1719 4453 sihi,divinam
1756 4390 1984 4455 scilicet,
2088 4392 2210 4447 cula
2238 4390 2583 4446 saeculorum.
2618 4390 2809 4445 Amen.
2853 4407 2872 4441 ι

418 4493 478 4538 ut
495 4483 608 4553 jam
628 4482 831 4537 dictum
858 4490 941 4536 est
964 4480 1463 4551 etlcomprobatum,
1482 4490 1536 4536 et
1562 4481 1882 4549 humanam,
1905 4483 1989 4537 in-

420 4670 673 4736 Claudii
732 4667 1212 4748 Cappcronnier
1240 4685 1301 4748 v.
1347 4682 1413 4748 Ac.
1466 4665 2064 4748 animadversiones
2118 4673 2183 4733 in
2237 4670 2549 4732 Anastasii
2583 4665 3276 4748 VerrsionemﬁiLatinam
3310 4664 3664 4738 Fragmen-

675 4743 883 4811 ιονιιὶιί
922 4745 1281 4825 Hippolyti,
1321 4746 1554 4808 Contra
1591 4745 1892 4808 Bcronem
1924 4761 1982 4810 et
2012 4752 2291 4813 Heliccm
2322 4772 2336 4809 :
2362 4749 2543 4827 juxta
2576 4746 2928 4808 editionem
2960 4743 3426 4805 Fabricianam.

1938 4873 2145 4929 (ἔνατα.
2984 4866 3309 4921 Emendala.

734 4872 918 4926 Anast.
945 4872 1129 4926 versio.
1938 4873 1979 4928 (;

489 4962 525 4999 α
586 4942 934 4999 Naturalibus
999 4942 1259 5011 producta
1316 4939 1450 5011 legi-
1591 4940 1715 5020 Tqi;
1741 4941 1945 4996 ἕκαστα
1975 4965 1980 4989 ‹

2093 4893 2145 4928 a.
2984 4872 3309 4921 Emendala.

2090 4948 2221 5008 ικοῖς
2246 4941 2559 5013 διεξαγόμε-
2695 4938 3081 5020 _Suis__qu;eque
3109 4937 3319 5008 legibus
3344 4939 3668 5000 temperata,

421 5018 537 5071 bus.
1521 5026 1589 5063 va.
1610 5012 1815 5080 νόμοις.

492 5086 522 5155 β
562 5083 894 5155 Vertihilitas
926 5083 1070 5138 enim
1098 5072 1219 5151 ejus
1249 5082 1348 5155 qui
1368 5088 1451 5155 est
1590 5080 1911 5155 Tporﬁiye’tp
1932 5099 1980 5134 τε

2467 5011 2475 5013 ’
2629 5011 2705 5065 vel
2734 5011 3001 5063 ordinata.

2090 5083 2187 5136 ατὰ
2210 5082 2368 5155 codi
2397 5082 2556 5155 ἀπεξ-
2646 5149 2660 5155 _
2700 5079 2925 5132 Mutatio
2952 5093 3062 5131 non
3111 5075 3271 5155 debet
3307 5071 3461 5155 tribui
3491 5070 3547 5149 ei
3576 5067 3671 5137 qui

419 5144 671 5222 inéxpers
700 5154 981 5219 motionis,
1018 5144 1199 5207 mot'us
1223 5144 1306 5204 est
1337 5149 1452 5204 inﬁ-
1523 5144 1926 5220 ρουξκινέίἁθὰι
1960 5170 1980 5223 t

2090 5144 2386 5223 :ezpuictimg,
2412 5155 2444 5223 ἡ
2469 5152 2554 5205 κίο
2629 5149 2696 5204 de
2732 5160 2925 5223 natura
2960 5163 3058 5201 sua
3107 5148 3178 5200 sit
3203 5144 3542 5223 immotionis
3570 5155 3638 5191 ex

420 5227 519 5280 niti
550 5215 682 5295 (66).
968 5215 978 5219 ’
1523 5215 1699 5289 ὒησις.
1961 5215 1972 5223 ’
2021 5215 2033 5223 ’
2148 5215 2159 5223 ”
2375 5215 2379 5217 ν
2433 5215 2444 5223 ’
2628 5235 2771 5289 pers.
2816 5222 3144 5273 Immensum
3188 5215 3394 5270 moveri
3430 5226 3544 5265 non
3573 5224 3673 5278 po-

2632 5299 2758 5343 test.

490 5383 526 5433 γ
561 5364 720 5419 Omni
763 5364 924 5419 etiam
968 5370 1191 5432 excepta
1218 5362 1452 5417 circum-
1595 5359 1779 5430 nam;
1809 5360 1912 5425 ἔξω
1942 5379 1980 5413 π

2090 5365 2284 5434 τραφῆς
2317 5361 2555 5433 μεμένη-
2703 5358 2831 5413 Sine
2891 5356 3052 5434 omni
3153 5348 3673 5419 circumscriptione

423 5428 719 5505 scriptione
750 5428 1118 5505 permansitf
1525 5445 1611 5485 κε.
1737 5428 1745 5430 ⁷
2013 5428 2024 5433 ’
2082 5428 2120 5434 ”
2193 5428 2254 5434 ’⁷
2318 5428 2329 5433 ’
2391 5428 2401 5433 ⁷
2513 5428 2522 5432 ⁷
2632 5428 2949 5500 permansit.

492 5552 534 5584 ⁸⁷
560 5550 623 5605 ιιι
649 5548 779 5619 Reg.
801 5564 952 5613 xvm,
991 5546 1079 5599 26.
1156 5544 1200 5576 ⁸⁸
1226 5542 1344 5599 Gal.
1384 5558 1423 5609 ι,
1458 5542 1510 5595 8.

494 5669 606 5739 (64)
627 5666 846 5739 Magnus
870 5666 932 5739 ab
961 5663 1360 5739 immortalitate
1383 5660 1797 5739 cognominatus.
1817 5658 1979 5739 Atha-

424 5729 614 5793 nasius
648 5729 737 5790 dc'
755 5737 946 5807 synod.
998 5735 1289 5807 Seleuc.‘et
1315 5729 1543 5807 Arimin.
1573 5729 1674 5785 Sed
1719 5732 1973 5807 mendum

426 5811 482 5863 in
530 5824 659 5863 voce
680 5799 827 5875 pene.
866 5804 1003 5858 Num
1040 5802 1296 5867 consules,
1344 5802 1426 5856 vel
1472 5811 1670 5869 tempus
1703 5810 1794 5854 aut
1831 5799 1973 5868 defe-

2085 5666 2224 5709 ctum
2250 5656 2274 5707 .’
2302 5655 2539 5708 COMREF.

2157 5725 2268 5793 (65)
2302 5726 2564 5777 Avertere.
2600 5722 2876 5777 Aversari.
2899 5720 3067 5776 Bauli.

2153 5786 2264 5868 (66)
2308 5794 2431 5849 Haec
2466 5794 2643 5849 versio
2674 5794 2880 5847 nullum
2930 5790 3122 5861 legenti
3160 5803 3376 5845 sensum
3407 5786 3670 5843 exhibes.
