3862 6486
410 350 512 406 851

477 485 511 523 τ
548 467 664 535 Qua
701 478 874 524 totum
906 469 1157 526 Christus
1184 472 1441 526 substan-

406 538 574 612 tians,
613 543 912 595 secundum
945 543 1089 608 quod
1125 543 1443 612 intelligitur

407 606 574 674 Deus,
607 619 753 666 tenet
783 606 1074 666 retentum.
1300 606 1326 612 ⁷
1513 615 1606 666 τού
1616 632 1794 685 μενον.

475 767 506 802 υ
547 749 807 820 Ignorans
856 753 1029 808 solius
1059 761 1248 808 contra
1280 763 1438 807 natu-

402 822 600 890 ralium
661 839 1014 890 personarum
1067 825 1439 878 connaturalis

401 889 698 962 identitatis
749 895 993 946 eamdem
1047 897 1216 962 ipsam
1248 909 1441 961 opera-

401 960 602 1014 tionem
639 977 760 1018 esse
791 960 1202 1034 significativam
1232 960 1365 1035 (75).
1510 960 1694 1036 τιόιήν.

1585 467 1661 544 ᾟ
1693 459 1766 527 τδλ
1798 478 1906 528 πᾶν
1940 478 1967 529 ὀ
1999 475 2232 544 Χριστὸς
2264 475 2552 542 οὐσιώσας,

1515 544 1636 621 καβ’
1666 545 1694 597 ὃ
1721 550 1919 599 νοεῖται
1971 547 1990 599 ε

2061 564 2122 611 δς,
2159 548 2368 618 συνέχει
2419 565 2554 621 κρα-
2629 549 2944 616 intelligitur
2967 549 3130 621 Deus)
3149 544 3455 616 productam
3479 544 3610 601 hanc-

1594 756 1889 828 :Ayvoﬁaag
1941 754 2108 828 μόνης
2135 758 2236 827 τῆς
2258 756 2386 828 Ντῶν
2423 759 2542 828 ὁμο-

1512 825 1662 896 φυῶν
1695 825 1990 896 προσώπωι

2061 825 2315 898 ιμοφυοζις
2359 825 2552 898 ταυτὸ-
2622 825 2749 898 tilas
2797 830 2967 880 solam
2998 825 3280 898 _signilicet
3323 837 3612 880 connatura-

1511 891 1672 964 τητος
1709 891 1806 968 τὴν
1832 913 1990 949 ταυτο

2061 891 2190 965 ιῨίαν
2223 891 2361 950 εἶναι
2385 897 2550 967 δηλω-
2623 897 2726 950 lem
2768 891 3098 968 identitatetﬁ
3131 913 3476 965 personarum
3514 910 3612 964 qua

1076 353 1132 408 S.
1175 353 1722 414 HIPPOLYTHOPP.
1763 357 1944 412 PARS
1983 359 2044 411 ll.
2088 389 2156 398 ——-
2192 357 2498 415 DOGMAT.
2543 359 2632 414 ET
2671 359 2995 418 HISTORIC
3525 335 3608 416 85‘!

2699 478 2814 543 Qua
2838 478 3094 550 Christus
3140 477 3462 550 (secundum
3480 481 3608 550 quod

2626 633 2688 672 ee
2719 634 2896 672 rerum
2931 619 3336 673 universitatem
3365 634 3612 672 conservat

2623 700 2676 742 et
2702 691 2803 741 sub
2831 690 3058 757 imperio
3089 698 3249 742 tenet.

2691 756 2952 827 Ignorans
2979 760 3118 828 quod
3141 757 3464 826 operationis
3488 756 3612 808 iden-

2625 969 2735 1022 sint
2767 967 3008 1037 ejusdem
3040 977 3268 1022 naturae.

470 1073 580 1142 (75)
623 1074 778 1130 llunc
812 1093 1032 1146 quoque
1063 1079 1242 1134 locum
1272 1077 1562 1135 emendare
1585 1079 1695 1148 jam
1729 1091 2026 1150 occuparat
2057 1079 2384 1134 Franciscus
2417 1078 2710 1134 Combelis.

617 1230 1916 1519 mare;

2099 1231 3582 1522 ΙΠΠΟΑΥΞΒῘ

1522 1595 1920 1648 ΕΠΙΣΚΟΠΟΥ
1986 1596 2100 1649 ΚΑΙ
2155 1597 2526 1650 ΜΑΡΤΥΡΟΣ

767 1754 1293 1878 ΛΟΓΟΣ
1369 1763 1608 1876 ΕΙΣ
1681 1763 1879 1875 ΤΑ
1932 1763 2294 1877 ΑΓΙΑ
2369 1763 3285 1882 ΘΕΟΦΑΝΕΙΑ.

1239 2127 1804 2278 SANCTI
1955 2149 2812 2277 HIPPOLYTI

1620 2381 1926 2439 EPISCOPI
1965 2383 2056 2438 ET
2091 2382 2444 2440 MARTYRIS

833 2566 1300 2680 SEBMO
1377 2566 1524 2680 IN
1602 2563 1990 2680 SANG'

2061 2565 2168 2678 'A
2252 2568 2340 2678 Τ
2355 2565 3206 2681 ΗΕΟΡΗΑΝΙΑ.

459 2943 499 2998 ι.
527 2941 722 2997 Omnia
739 2949 884 2995 certe
903 2939 997 2994 Dei
1027 2949 1078 2995 et
1096 2939 1394 2994 Salvatoris
1419 2939 1594 2995 nostri
1611 2953 1797 3008 opera,
1815 2939 1956 2993 bona
1987 2989 1990 2999 ,

2133 2938 2315 2994 Πάντα
2352 2937 2453 3009 μὲν
2493 2937 2654 3002 καλὰ,
2687 2939 2780 2991 καὶ
2831 2938 2967 2992 καλὰ
2997 2937 3116 2992 λίαν
3143 2939 3211 2993 τὰ
3252 2941 3350 2994 τοῦ
3385 2939 3508 2994 Θεοῦ
3533 2938 3612 2995 καὶ

391 3045 518 3091 sunt
549 3050 614 3091 ac
639 3035 780 3090 bona
808 3034 986 3096 valde,
1023 3039 1290 3102 quotquot
1318 3047 1508 3086 eorum
1537 3031 1622 3085 vel
1661 3031 1852 3086 oculus
1879 3031 1962 3084 vi-

388 3127 478 3180 det
506 3125 590 3180 vel
619 3141 774 3178 mens
803 3123 1026 3193 c0gitat,
1057 3128 1323 3191 quotquot
1354 3121 1437 3175 vel
1483 3135 1661 3176 sermo
1689 3121 1961 3192 eloquitur

388 3218 473 3272 vel
505 3233 698 3272 manus
726 3221 1047 3280 contrectat,
1081 3221 1345 3283 quotquot
1385 3213 1685 3268 intellectus
1714 3228 1962 3284 compre-

389 3311 598 3372 hendit,
634 3319 686 3364 et
735 3309 974 3376 humana
1024 3316 1216 3360 natura
1267 3306 1427 3374 capit.
1464 3305 1596 3370 Quae
1646 3306 1792 3361 enim
1831 3306 1962 3361 orbe

389 3403 595 3458 caelesti
627 3400 1012 3456 multiformior
1041 3399 1426 3469 pulchritudo?
1455 3399 1540 3453 vel
1566 3415 1815 3468 quaenam
1849 3409 1959 3454 ter-

389 3496 550 3551 restri
591 3495 707 3550 solo
747 3494 936 3548 ﬂorida
979 3492 1152 3562 magis
1201 3506 1266 3545 ac
1311 3492 1584 3560 variegata
1636 3501 1812 3548 exstat
1839 3507 1962 3562 spe-

389 3587 544 3642 cies?
576 3585 706 3654 quid
739 3585 971 3639 celerius
1016 3584 1082 3637 ad
1129 3598 1349 3637 cursum
1387 3599 1550 3636 curru
1580 3583 1783 3636 solari?
1809 3598 1956 3652 quae-

389 3691 514 3730 nam
566 3675 672 3728 alia
714 3674 858 3726 lunas
889 3671 1378 3740 siderejucundior
1419 3671 1574 3740 biga?
1603 3671 1794 3739 ecquid
1829 3686 1960 3725 vero

388 3769 605 3837 dignius
639 3766 999 3820 admiratione
1026 3779 1187 3832 qnam
1231 3762 1592 3816 inenarrabile
1621 3778 1759 3831 opus
1785 3763 1957 3817 musi-

388 3876 516 3914 vum
551 3857 863 3913 astrorum?
909 3855 1038 3926 quid
1072 3854 1404 3922 tempestivis
1447 3853 1624 3908 ventis
1679 3853 1960 3909 fecundius

387 3952 458 4006 ad
505 3951 722 4020 frugum
766 3947 1128 4017 proventum?
1160 3945 1432 4014 quodnam
1463 3944 1583 3999 luce
1611 3945 1805 3999 diurna
1838 3961 1961 4014 spe-

289 4092 292 4094 γ
387 4043 542 4098 colar
575 4042 806 4112 purius?
836 4039 1045 4109 ecquod
1075 4037 1277 4091 animal
1319 4035 1665 4106 prmstantius
1695 4037 1914 4090 homine
1939 4037 1961 4089 ?

388 4135 525 4189 adeo
572 4133 752 4188 omnia
807 4131 900 4186 Dei
951 4141 1004 4186 et
1043 4129 1338 4185 Salvatoris
1391 4128 1564 4182 nostri
1597 4143 1782 4196 opera,
1818 4128 1958 4183 bona

389 4233 518 4280 sunt
545 4223 722 4277 valde.
771 4222 1054 4288 Quodnam
1085 4237 1213 4276 vero
1242 4220 1327 4274 vel
1366 4235 1520 4288 aqum
1547 4228 1740 4274 natura
1771 4235 1959 4274 neces-

389 4315 598 4370 sarium
658 4313 830 4382 magis
885 4329 1086 4368 munus
1136 4312 1437 4382 reperitur?
1481 4313 1616 4364 nihil
1664 4312 1806 4365 enim
1853 4327 1960 4366 non

389 4407 548 4476 aquis
601 4405 858 4470 abluitur,
908 4404 1065 4474 aquis
1121 4405 1302 4468 alitur,
1343 4411 1630 4473 purgatur,
1662 4403 1957 4471 rigaturve.

388 4497 544 4566 Aqua
581 4504 754 4550 terras
785 4493 908 4558 fert,
935 4509 1078 4563 aqua
1111 4508 1290 4547 rorem
1332 4502 1574 4564 generat,
1617 4493 1852 4548 lzetilicat
1882 4493 1962 4546 vi—

386 4598 520 4650 tem,
551 4586 757 4657 spicam
787 4593 1042 4651 maturat,
1065 4600 1223 4638 uvam
1247 4584 1542 4640 acerbitate
1569 4585 1740 4652 exuit,
1761 4586 1958 4640 olivam

387 4677 616 4740 emollit,
669 4675 962 4746 palmulam
1021 4674 1300 4729 edulcorat
1331 4692 1343 4727 :
1375 4690 1516 4744 aqua
1564 4689 1745 4730 rosam
1787 4676 1959 4731 rubeo

389 4767 563 4836 pingit
589 4767 789 4832 colore,
825 4766 983 4820 violae
1025 4765 1299 4835 protrudit
1338 4765 1546 4828 liorem,
1575 4766 1744 4820 lilium
1779 4768 1962 4836 splen-

387 4858 530 4912 didis
581 4857 1022 4926 conspiciendum
1072 4857 1334 4912 calicibus
1379 4857 1494 4911 alit.
1523 4855 1589 4910 Et
1615 4859 1744 4927 quid
1791 4857 1960 4912 multa

386 4950 552 5004 verba
589 4949 765 5004 facio?
793 4949 912 5004 sine
936 4965 1090 5018 aqua:
1115 4957 1308 5004 natura
1335 4949 1472 5007 nihil
1497 4965 1677 5004 rerum
1711 4965 1847 5018 quas
1877 4948 1956 5001 vi-

386 5047 580 5102 demus
608 5047 907 5102 consistere
931 5047 1074 5100 valet
1105 5064 1118 5100 :
1150 5060 1322 5115 usque
1353 5045 1488 5099 adeo
1533 5043 1842 5098 necessaria
1869 5043 1960 5097 illa

387 5147 491 5202 est,
527 5147 586 5191 ut
611 5146 803 5191 caetera
837 5137 1102 5192 elementa
1133 5137 1271 5191 infra
1294 5135 1820 5191 concamerationem
1849 5149 1960 5190 ca:-

387 5229 566 5284 lorum
599 5229 876 5294 habitent;
907 5244 1049 5298 aqua
1079 5230 1240 5282 etiam
1275 5243 1437 5297 supra
1470 5227 1638 5282 ctelos
1671 5225 1850 5279 locum
1884 5227 1959 5280 si-

387 5321 443 5375 bi
499 5321 721 5389 ceperit.
754 5320 926 5389 Cujus
969 5322 1048 5374 rei
1091 5321 1245 5374 testis
1284 5319 1552 5387 Propheta
1587 5335 1600 5370 :
1642 5335 1660 5367 (
1693 5317 1954 5380 Laudate,

388 5412 586 5481 inquit,
621 5413 911 5468 Dominum
939 5413 1064 5470 cmli
1092 5413 1378 5480 caelorum,
1405 5420 1460 5467 et
1487 5425 1627 5481 aqua
1659 5425 1821 5480 supra
1849 5424 1958 5464 cm—

390 5503 473 5558 los
487 5504 552 5558 ⁸⁹.
589 5521 606 5555 ι

475 5800 521 5832 ⁸³
546 5799 687 5858 Psal.
728 5818 948 5873 cam-tn,
985 5805 1036 5859 4.

2063 3031 2312 3102 Σωτῆρος
2334 3030 2487 3101 ἡμῶν
2508 3029 2980 3102 δημιουργήματα,
3004 3032 3104 3086 ὅσα
3127 3049 3186 3084 τε
3214 3031 3488 3104 ὀφθαλμὸς
3508 3034 3607 3102 ὁρᾷ,

2063 3123 2158 3176 καὶ
2181 3123 2282 3176 ὅσα
2309 3121 2452 3192 ψυχὴ
2477 3122 2789 3175 διανοεῖται·
2823 3123 2922 3175 ὅσα
2945 3140 3006 3175 τε
3029 3123 3182 3191 λόγος
3207 3125 3515 3195 ἑρμηνεύει,
3535 3123 3614 3178 καὶ

2060 3217 2162 3268 ὅσα
2211 3215 2330 3286 χεὶρ
2365 3215 2742 3286 περιστρέφει·
2776 3216 2874 3268 ὅσα
2923 3217 2956 3286 ή
3005 3215 3209 3269 διάνοια
3245 3219 3506 3290 περιέχει,
3536 3217 3612 3270 καὶ

2061 3309 2162 3361 ὅσα
2190 3310 2222 3378 ἡ
2257 3307 2609 3379 ἀνθρωπότης
2649 3307 3075 3378 καταλαμϐάνει.
3096 3309 3160 3360 Τί
3193 3308 3301 3381 γὰρ
3345 3310 3440 3363 τοῦ
3467 3310 3610 3380 οὐρα-

2060 3401 2175 3454 νίου
2207 3399 2389 3453 δίσκου
2441 3398 2925 3473 πολυμορφώτερον
2959 3400 3188 3465 κάλλος;
3217 3403 3271 3453 τί
3303 3402 3364 3454 δὲ
3399 3401 3484 3454 τοῦ
3515 3405 3615 3454 ἑπι-

2060 3495 2207 3562 γείου
2241 3492 2440 3565 χωρίου
2472 3491 2923 3563 πολυανοέστερον
2966 3488 3138 3556 εἷδος;
3169 3493 3222 3544 τί
3264 3493 3322 3546 δὲ
3367 3493 3460 3546 τοῦ
3485 3493 3620 3562 ἡλια-

2061 3581 2157 3634 κοῦ
2189 3581 2431 3652 ἅρματος
2455 3580 2847 3652 ’ὀξυτικώτερον
2881 3583 2960 3644 εἰς
3002 3581 3228 3653 δρόμον,
3259 3583 3310 3635 τί
3345 3584 3404 3636 δὲ
3437 3583 3522 3635 τοῦ
3547 3599 3616 3633 σε·

2059 3670 2311 3742 ληνιακοῦ
2363 3671 2622 3739 στοιχείου
2677 3669 3022 3741 χαριέστερον
3073 3669 3304 3738 ζεῦγος;
3351 3673 3404 3724 τί
3446 3671 3500 3723 δὲ
3538 3667 3616 3722 τοῦ

2061 3763 2442 3834 πολυπηγήτου
2476 3760 2582 3814 τῶν
2618 3761 2828 3832 ἄστρων
2865 3761 3106 3831 μουσίου,
3136 3761 3526 3832 ἀξιαγάστεῳν
3545 3759 3618 3829 ἕρ-

2060 3867 2188 3919 γον;
2221 3851 2274 3904 τί
2313 3851 2370 3903 δὲ
2404 3851 2510 3904 τῶν
2538 3851 2852 3921 ἐπιτηδείων
2884 3852 3099 3923 ἀνέμων
3131 3852 3523 3924 πλουσιώτερον
3552 3853 3616 3913 εἰς

2060 3943 2353 4014 πρόσοδονς
2387 3943 2438 3996 τί
2485 3942 2542 3996 δὲ
2593 3943 2686 3995 τοῦ
2735 3944 2994 4014 ἡμερινοῦ
3035 3945 3209 4013 φωτὸς
3241 3946 3619 4016 ἀκη).ιδώτερον

2061 4036 2354 4108 anm-90v;
2390 4036 2442 4088 τί
2496 4035 2552 4088 δὲ
2596 4035 2686 4088 τοῦ
2733 4035 3017 4107 ἀνθρώπου
3067 4038 3415 4107 ἐντιμότερον
3459 4035 3615 4099 sum;

2061 4129 2244 4182 Πάντα
2292 4129 2387 4199 μὲν
2419 4124 2509 4180 οὖν
2541 4127 2678 4180 καλὰ
2717 4127 2836 4180 λίαν
2867 4127 2935 4180 τά
2965 4127 3058 4179 τοῦ
3099 4127 3230 4180 Θεοῦ
3261 4129 3357 4180 καὶ
3391 4127 3620 4196 Σωτῆρος

2059 4224 2092 4292 ἡ
2104 4219 2217 4291 μῶν
2247 4221 2722 4291 δημιουργήματαὶ
2754 4219 2818 4270 Τί
2846 4219 2901 4272 δὲ
2936 4219 3030 4272 καὶ
3062 4221 3158 4290 τῆς
3185 4219 3279 4272 τοῦ
3317 4220 3505 4282 ὓδατος
3531 4217 3618 4285 φύ-

2064 4329 2199 4375 σεως
2237 4312 2656 4382 ἀναγκαιότερον
2695 4311 2973 4382 χάρισμα;
3027 4311 3201 4364 πάντα
3227 4313 3336 4381 γὰρ
3367 4315 3480 4373 τοῖς
3511 4309 3623 4361 ὑδα-

2061 4418 2144 4454 σιν
2195 4403 2288 4455 καὶ
2335 4401 2569 4466 λούεται,
2605 4403 2696 4454 καὶ
2744 4402 3016 4472 τρέφεται,
3054 4402 3148 4454 καὶ
3194 4401 3510 4472 καθαίρεται
3540 4397 3620 4449 καὶ

2059 4493 2552 4565 ἀρδεύεται.”Υδωρ
2583 4493 2680 4565 τὴν
2715 4493 2814 4564 γῆν
2850 4492 3125 4563 βαστάζει,
3157 4492 3302 4564 ὕδωρ
3327 4492 3426 4564 τὴν
3452 4491 3624 4563 δρόσον

2059 4585 2252 4650 τίκτει,
2291 4585 2388 4656 τὴν
2423 4585 2663 4655 ἄμπελον
2697 4584 2962 4655 ίλαρύνει·
2998 4584 3141 4654 ὕδωρ
3189 4583 3277 4636 τὸν
3311 4585 3512 4652 στάχυν
3541 4596 3622 4632 τεο

2060 4677 2330 4748 λεσφορεί,
2357 4676 2498 4747 ὕδωρ
2523 4677 2613 4728 τὸν
2647 4676 2838 4748 βότρυν
2863 4675 3254 4746 ἁπομφακίζει,
3283 4676 3428 4746 ’ὐδωρ
3461 4675 3625 4726 ἔλαιον

2060 4769 2343 4832 άπαλύνει,
2381 4768 2520 4840 ὕδωρ
2554 4769 2644 4822 τὸν
2689 4769 2905 4838 φοίνικα
2948 4768 3242 4836 γλυκαίνει,
3281 4768 3428 4838 ὕδωρ
3459 4767 3517 4819 τὸ
3547 4765 3626 4836 ῥό-

2059 4862 2147 4916 δον
2196 4862 2522 4934 ὲρυθραίνει,
2551 4861 2644 4913 καὶ
2693 4861 2753 4914 τὸ
2810 4861 2885 4913 ἴον
2920 4859 3144 4924 ἁνθίζει,
3179 4859 3325 4931 ὕδωρ
3359 4861 3422 4912 τὸ
3457 4857 3625 4928 κρίνον

2058 4954 2331 5024 λαμπροῖς
2368 4957 2478 5016 τοῖς
2519 4953 2738 5017 κάλυξιν
2781 4953 2989 5024 τρέφει.
3023 4953 3132 5005 Καὶ
3174 4952 3226 5004 τί
3277 4947 3622 5022 μακρολογῷξ

2063 5047 2224 5100 ’Λνευ
2269 5049 2368 5118 τῆς
2411 5047 2517 5100 τῶν
2547 5047 2753 5100 ὑδάτων
2787 5046 2998 5115 φύσεως
3029 5045 3181 5098 οὐδὲν
3213 5045 3322 5098 τῶν
3353 5045 3627 5116 παρόντων

2061 5138 2406 5190 συνίσταται·
2439 5135 2612 5200 οὓτως
2661 5139 2693 5209 ὴ
2746 5137 2853 5190 τῶν
2900 5137 3106 5191 ὑδάτων
3145 5138 3308 5207 φύσις
3341 5134 3624 5206 ἀναγκαία,

2059 5233 2140 5284 ὅτι
2188 5229 2253 5282 τὰ
2301 5230 2402 5300 μὲν
2428 5228 2562 5282 ἄλλα
2591 5233 2825 5300 στοιχεῖα
2857 5232 2961 5284 ὑπὸ
2990 5231 3097 5284 τῶν
3131 5229 3628 5301 καμαρωδεστάτων

2058 5319 2300 5392 οὐρανῶν
2325 5321 2421 5390 τὴν
2454 5322 2664 5391 οἴκησιν
2695 5321 2883 5374 ἔλαϐεν
2903 5339 2915 5352 ·
2943 5324 2975 5393 ἡ
3012 5322 3070 5374 δὲ
3099 5321 3207 5374 τῶν
3245 5323 3454 5375 ὑδάτων
3481 5320 3629 5387 causa;

2059 5413 2152 5466 καὶ
2181 5411 2364 5468 ἐπάνω
2392 5411 2498 5464 τῶν
2527 5412 2770 5483 οὐρανῶν
2793 5413 2890 5484 τὴν
2921 5413 3087 5484 μονὴν
3112 5413 3344 5479 ἐδέξατο.
3375 5413 3488 5466 Καὶ
3521 5409 3624 5464 τοὺ-

2057 5523 2149 5558 του
2200 5506 2409 5576 μάρτυς
2458 5505 2617 5568 αὐτὸς
2659 5507 2686 5557 ὁ
2732 5507 3020 5577 Προφήτης
3055 5505 3226 5576 βοῶν’
3264 5525 3282 5558 ι
3311 5508 3520 5558 Αἰνεῖτε
3548 5503 3630 5555 τὸν

2061 5599 2280 5660 Κύριον,
2305 5601 2352 5650 οἱ
2383 5599 2599 5668 οὐρανοὶ
2623 5598 2729 5652 τῶν
2753 5598 3016 5669 οὐρανῶν,
3039 5599 3130 5653 καὶ
3154 5599 3212 5652 τὸ
3241 5598 3382 5670 ὕδωρ
3415 5597 3476 5651 τὸ
3501 5595 3628 5649 ἐπά-

2059 5712 2136 5748 νω
2168 5691 2270 5746 τῶν
2302 5691 2560 5763 οὐρανῶν.
2589 5711 2606 5742 ι
