3862 6536
237 319 345 374 853

304 435 381 488 Οὐ
421 434 579 505 μόνον
599 437 656 490 δὲ
677 436 834 492 τοῦτο
861 439 957 512 τὴν
981 440 1318 505 ἀξιοπιστίαν
1346 441 1437 495 τοῦ
1463 441 1652 505 ὕδατος
1676 457 1816 511 παρ-
1847 443 1889 496 Α

237 525 489 599 ίστησιν,
537 529 669 582 ἀλλά
708 531 804 584 καὶ
846 533 906 585 τὸ
944 533 1158 587 πάντων
1201 534 1640 606 αἰδεσιμώτερον.
1677 535 1756 587 δτι
1789 536 1818 585 6

233 634 453 672 παντων
484 620 816 694 δημιουργὸς
845 627 1095 696 Χριστὸς,
1129 627 1204 689 ὡς
1238 627 1393 689 ὑετὸς
1421 627 1703 697 κατῆλθεν,
1722 622 1836 697 καὶ¹

228 709 307 772 ὡς
358 714 507 782 πηγὴ
559 715 825 786 ἐγνώσθη,
864 719 956 770 καὶ¹
987 719 1061 780 ὡς
1093 720 1333 789 ποταμὸς
1365 719 1593 789 διεδόθη,
1627 720 1720 773 καὶ
1759 722 1814 771 ὲν

228 801 307 870 τῷ
347 802 583 877 Ἰορδάνῃ
614 804 1178 878 ἐδαπτίσθη.Ἤκουες
1209 812 1316 880 γὰρ
1350 811 1549 880 ἀρτίως
1581 811 1695 872 πῶς
1729 809 1814 861 ιλ-

231 892 339 946 θὼν
387 897 416 947 6
455 897 671 967 Ἰησοῦς
709 900 842 969 πρὸς
905 901 993 952 τὸν
1044 901 1293 971 Ἰωάννην
1342 905 1397 954 ἐν
1449 901 1525 971 τῷ
1574 902 1812 974 Ἰορδάνῃ

229 987 534 1058 ἐϐαπτίσθη
562 989 653 1041 ὑπ’
678 987 944 1043 αὑτοῦΪΩ
969 993 1287 1064 παραδόξων
1319 993 1674 1065 πραγμάτων·
1697 994 1811 1056 πῶς

224 1080 252 1130 ὁ
276 1079 692 1151 ἀπερίγραπτος
721 1083 961 1153 ποταμὸς
993 1086 1020 1136 6
1051 1086 1355 1155 εὐφραίνων
1393 1085 1487 1156 τὴν
1522 1085 1676 1138 πόλιν
1716 1085 1810 1138 τοῦ

225 1167 383 1231 Θεοῦ,
414 1172 472 1222 έν
500 1171 663 1241 ὀλίγῳ
696 1172 843 1225 ὕδατι
879 1174 1119 1241 ἐλούετο;
1140 1177 1201 1228 'H
1228 1177 1605 1248 ἁκατάληπτος
1637 1177 1806 1247 πηγὴ,

226 1260 257 1328 ἠ
302 1260 449 1330 ζωὴν
491 1260 857 1330 βλαστάνουσα
892 1267 1057 1319 πᾶσιν
1096 1265 1400 1338 ἀνθρώποις
1430 1268 1522 1320 καὶ
1554 1267 1703 1330 τέλος
1735 1268 1807 1337 μὴ

224 1351 443 1420 ἔχουσα,
480 1353 582 1405 ὑπὸ
618 1356 885 1426 πενιχρὼν
933 1358 1026 1410 καὶ⁸
1066 1361 1408 1431 προσκαίρων
1445 1359 1648 1412 ὑδάτων
1677 1363 1808 1411 ἐκα-

223 1438 478 1492 λύπτετο.
498 1442 554 1493 '0
587 1445 758 1514 παντῆ
789 1445 997 1516 παρὼν,
1031 1449 1123 1500 καὶ
1158 1448 1407 1519 μηδαμοῦ
1435 1450 1809 1519 ἀπολιμπανό-

225 1547 408 1600 μενος,
442 1533 469 1583 6
501 1534 882 1607 ἁκατάληπτος
927 1539 1176 1607 ἀγγέλοις
1209 1541 1301 1593 καὶ
1331 1541 1560 1606 ἀόρατος
1599 1540 1808 1612 ἀνθρώ-

222 1639 366 1684 ποις,
393 1624 486 1675 ἐπὶ
521 1625 580 1676 τὸ
611 1625 888 1698 βάπτισμα
913 1630 1148 1700 ἔρχεται,
1177 1631 1250 1694 ὡς
1280 1631 1602 1702 ηὐδόκησεν.
1625 1633 1806 1686 Ταῦτα

223 1708 461 1768 ἀκούων,
494 1712 764 1784 άγαπητὲ,
798 1716 870 1787 μὴ
900 1719 1140 1786 φυσικῶς
1166 1720 1470 1790 ἐκλάμϐανε
1491 1722 1558 1774 τὰ
1583 1722 1806 1792 λεγόμε-

221 1817 307 1862 να,
361 1801 474 1853 ἀλλ’
509 1805 864 1876 οἰκονομικῶς
913 1809 1068 1878 δέχου
1116 1811 1184 1864 τὰ
1233 1813 1660 1885 παρατιθέμενα.
1717 1817 1807 1869 Διὸ

221 1890 314 1942 καὶ
367 1893 395 1942 6
449 1892 652 1963 Κύριος
697 1898 760 1966 τῇ
817 1897 1194 1972 φιλανθρωπίᾳ
1223 1903 1322 1972 τῆς
1354 1904 1808 1970 συγκαταδάσεως

219 1983 320 2034 οὐκ
350 1983 539 2036 ἔλαθεν
569 1987 666 2057 τὴν
699 1987 804 2041 τῶν
841 1990 1048 2043 ὑδάτων
1081 1992 1261 2061 φύσιν,
1297 1997 1432 2066 ὅπερ
1465 1997 1716 2066 ἐποίησεν
1749 2001 1807 2054 ἐν

219 2077 428 2144 κρυφῇ.
472 2096 489 2126 ε
524 2072 676 2130 Εἶδον
721 2078 830 2151 γάρ
882 2081 1042 2134 αὑτὸν
1086 2084 1152 2136 τὰ
1195 2084 1381 2148 ὕδατα,
1415 2087 1507 2140 καὶ
1538 2088 1807 2160 ἐφοϐήθη-

222 2183 343 2220 σαν.
363 2187 380 2218 ι
404 2169 729 2240 Ἑξέστησαν
765 2174 958 2245 μικροῦ
991 2175 1120 2238 δεῖν,
1139 2178 1230 2230 καὶ
1262 2179 1360 2249 τῆς
1387 2180 1661 2250 ὁροθεσίας
1676 2183 1807 2234 ἀπέ-

219 2261 583 2326 φυγονῖοθεν
605 2265 632 2314 6
654 2264 944 2335 Προφήτης
971 2267 1033 2320 ἐκ
1064 2267 1268 2321 πολλῶν
1309 2270 1414 2322 τῶν
1457 2272 1657 2340 χρόνων
1682 2273 1803 2326 τοῦ-

216 2367 276 2402 το
308 2349 610 2422 θεωρήσας,
646 2357 894 2428 ἐπερωτᾷ
928 2358 1130 2427 λέγιιιν·
1170 2380 1187 2410 ‹
1223 2361 1286 2413 Τί
1323 2380 1402 2415 σοι
1433 2365 1567 2428 ἐστὶ,
1606 2365 1798 2419 θάλασ-

219 2458 308 2504 σα,
343 2443 426 2495 δτι
478 2443 696 2514 ἔφυγες,
728 2449 822 2500 καὶ
873 2450 955 2512 σὺ,
1003 2452 1258 2522 Ἰορδάνη,
1292 2455 1371 2506 δτι
1421 2456 1692 2526 ὲστράςςης
1724 2460 1803 2522 είς

214 2534 285 2588 τὰ
313 2535 525 2601 όπίσω;
554 2557 571 2588 ι
604 2539 749 2591 Αὐτά
778 2540 833 2592 δὲ
868 2542 1227 2614 ἀποκριθέντα
1253 2542 1422 2599 εἶπον⁹
1459 2547 1560 2599 Τὸν
1592 2549 1802 2602 πάντων

216 2628 444 2698 κτιστὴν
478 2630 534 2680 ἐν
571 2635 748 2702 μορφῇ
786 2632 971 2686 δούλου
1006 2635 1235 2705 εἴδομεν,
1274 2639 1366 2690 καὶ
1402 2639 1460 2690 τὸ
1507 2641 1803 2711 μυστήριον

215 2723 315 2792 τῆς
341 2724 653 2795 οἰκονομίας
682 2727 1066 2797 ἀγνοήσαντες,
1099 2730 1204 2783 ἀπὸ
1235 2732 1332 2802 τῆς
1358 2731 1555 2796 δειλίας
1587 2733 1802 2787 ἐλαυνό-

219 2813 318 2884 μεθ
329 2832 384 2868 α.

286 2906 407 2961 Νῦν
433 2908 486 2961 δὲ
517 2911 735 2978 γνόντες
766 2911 863 2983 τὴν
896 2913 1226 2984 οἰκονομίαν,
1263 2917 1669 2990 προσκυνοῦμεν
1701 2920 1798 2973 αὐ-

213 2999 308 3053 τοῦ
338 3002 439 3072 τὴν
473 3002 893 3073 εὐσπλαγχνίαν,
927 3007 1006 3060 δτι
1040 3008 1378 3078 παραγέγονε
1415 3011 1583 3064 σῶσαι
1613 3014 1706 3065 καὶ
1737 3015 1796 3066 οὐ

213 3095 400 3164 κρῖναι
430 3093 526 3165 τὴν
571 3096 1084 3168 οἰκουμένην.”υθεν
1131 3101 1378 3172 Ἰωάννης
1410 3105 1438 3155 ὁ
1470 3102 1562 3155 τοῦ
1593 3103 1795 3174 Κυρίου

214 3185 525 3257 πῴδρομος
559 3188 829 3258 ἀγνοήσας
859 3189 1014 3243 τοῦτο
1038 3191 1098 3244 τὸ
1131 3194 1446 3264 μυστήριον,
1470 3196 1562 3248 καὶ
1590 3193 1794 3266 μαθὼν,

211 3274 292 3327 δτι
328 3275 546 3344 ἀληθῶς
571 3280 598 3329 ό
629 3277 831 3349 Κύριός
865 3281 1029 3342 ἐστιν,
1060 3281 1188 3337 ἐϐόα
1222 3282 1392 3350 λέγων
1424 3289 1536 3348 τοῖς
1564 3288 1800 3358 ἀπερχο-

216 3368 421 3435 μένοις,
442 3369 528 3420 ὑπ’
547 3370 709 3422 αὑτοῦ
736 3371 1111 3443 βαπτισθῆναι·
1139 3394 1156 3425 ‹
1181 3374 1498 3446 Γεννήματα
1519 3378 1790 3446 ἐχιδνῶν,›

210 3460 262 3512 τί
292 3479 386 3531 μοι
414 3462 657 3533 σφοδρῶς
685 3465 953 3536 ἀτενίζετε
974 3482 988 3530 ;
1012 3485 1036 3518 t.
1054 3467 1166 3519 Οὐκ
1189 3469 1301 3538 είμὶ
1323 3467 1432 3536 ἐγὼ
1453 3471 1480 3521 6
1506 3471 1790 3539 Χριστόςί

216 3553 496 3624 ὑπηρέτης
529 3556 642 3626 εἰμὶ
691 3559 784 3608 καὶ
829 3557 928 3610 οὐκ
970 3557 1259 3628 αὐθέντης*
1318 3559 1530 3630 ἰδιώτης
1563 3563 1699 3631 είμὶ,
1735 3563 1794 3615 οὺ

213 3643 472 3712 βασιλεύς
491 3663 503 3674 ·
543 3646 810 3716 πρόϐατόν
843 3651 976 3719 εἰμι,
999 3650 1058 3702 οὐ
1093 3652 1291 3721 ποιμήν
1311 3668 1322 3680 ·
1353 3651 1634 3723 ἄνθρωπός
1659 3656 1792 3724 εἰμι,

211 3737 270 3788 οὐ
304 3737 452 3800 Θεός.
492 3738 782 3811 Στείρωσιν
812 3741 981 3794 ἔλυσα·
1005 3742 1207 3812 μητρὸς
1232 3743 1529 3815 γεννηθεὶς,
1563 3747 1621 3797 οὐ
1658 3763 1796 3817 παρ-

211 3828 395 3882 θενίαν
425 3830 722 3901 ἐστείρωσα
750 3833 878 3901 (7(5).
901 3834 992 3886 Ἐκ
1019 3834 1126 3886 τῶν
1160 3834 1398 3887 κάτωθεν
1421 3836 1696 3906 ἁνεδόθην,
1732 3839 1795 3891 ἐκ

208 3921 320 3974 τῶν
355 3923 562 3976 ἄνωθεν
590 3925 648 3974 οὐ
678 3924 967 3994 κατῆλθον.
1001 3927 1278 3998 Πατρικὴν
1317 3927 1483 3998 ἔδησα
1525 3929 1792 3996 γλῶσσαν,

209 4015 269 4066 οὐ
303 4014 493 4086 θεῖκὴν
527 4015 756 4085 ἦπλωσα
788 4017 964 4087 χάριν.
985 4017 1118 4069 Ὑπὸ
1149 4020 1352 4090 μητρὸς
1379 4019 1796 4091 ἐγνώσθην,ὑπὸ

211 4105 444 4178 ἀστέρος
491 4106 546 4160 δὲ
589 4108 688 4161 οὐκ
734 4108 1027 4180 ἐμηνύθην.
1048 4109 1187 4177 Ἐγὼ
1225 4109 1448 4179 εὐτελὴς
1478 4111 1572 4164 καὶ
1617 4112 1796 4181 ἐλάχι-

211 4215 356 4262 στος,
389 4197 609 4269 ἕρχεται
639 4201 695 4254 δὲ
727 4200 1031 4270 όπίσωμου
1064 4202 1120 4264 ὃς
1155 4201 1459 4273 ἔμπροσθέν
1491 4221 1592 4273 μου
1625 4205 1790 4256 ἐστίν·

208 4288 385 4342 ὀπίσω
413 4289 502 4342 διά
528 4288 617 4341 τὸν
647 4290 854 4360 χρόνον,
889 4293 1192 4365 ἔμπροσθεν
1220 4293 1274 4346 δὲ
1303 4292 1389 4346 διὰ
1414 4293 1472 4345 τὸ
1505 4294 1794 4366 ἀπρόσιτον

207 4379 302 4432 καὶ
359 4379 735 4450 ἁνέκφραστον
784 4382 881 4451 τῆς
925 4381 1175 4450 θεότητος
1231 4383 1366 4451 φῶς.
1415 4385 1702 4454 «Ἔρχεται
1765 4386 1792 4437 6

1274 321 1508 378 SERMO
1548 321 1615 376 ΙΝ
1657 322 1926 378 SANCTA
1966 323 2429 380 THEOPHANIA.

3366 329 3477 384 854

1984 441 2049 496 ll.
2091 439 2273 510 Neque
2298 445 2398 497 hoc
2425 435 2797 498 tantummodo
2821 445 3132 514 dignitatem
3153 460 3307 516 aquae
3330 448 3480 500 evin-

1918 532 2026 598 cit;
2057 534 2147 586 sed
2193 542 2246 587 et
2293 536 2436 604 quod
2469 535 2721 590 omnibus
2750 536 2870 591 aliis
2898 537 3059 592 rebus
3089 546 3170 592 est
3202 539 3482 591 venerabi-

1916 622 2042 687 lius,
2075 624 2254 692 Opifex
2287 626 2529 679 omnium
2563 626 2812 682 Christus
2832 627 3025 696 pluvia:
3056 628 3108 680 in
3140 644 3342 683 morem
3380 627 3478 682 de-

1916 715 2202 778 scendit“,
2238 726 2294 770 ut
2342 715 2462 770 fons
2494 727 2576 771 est
2606 719 2940 786 cognitus“,
2976 727 3230 786 tanquam
3275 717 3474 772 ﬂumen

1915 820 2034 860 sese
2080 806 2375 868 diﬂ‘ndit",
2408 817 2454 860 et
2506 808 2557 860 in
2598 808 2832 863 Jordane
2879 811 3181 877 baptizatus
3218 819 3319 863 est.
3356 808 3473 863 Jam

1913 897 2056 949 enim
2089 900 2248 950 modo
2281 899 2494 952 audiisti
2519 900 2659 967 quod
2686 901 2748 952 ad
2774 899 3034 954 Joannem
3067 901 3211 954 venit
3237 899 3474 965 Jesus”,

1913 997 1966 1042 et
1997 989 2321 1058 baptismum
2357 991 2424 1044 ab
2453 1006 2517 1043 eo
2546 993 2801 1062 suscepit.
2834 990 2878 1045 Ο
2909 1009 2991 1047 res
3013 993 3359 1061 dignissimas
3383 993 3478 1047 ad-

1915 1080 2230 1134 miratione!
2257 1079 2524 1159 Infinitum
2549 1082 2742 1134 [lumen
2774 1082 2914 1150 quod
2944 1082 3177 1135 lzetilicat
3197 1081 3474 1135 civitatem

1916 1169 2092 1233 Dei“,
2128 1171 2320 1239 exigua
2366 1172 2603 1225 abluitur
2643 1188 2801 1240 aqua.
2844 1171 2985 1226 Fons
3012 1171 3477 1240 incomprehensi-

1911 1260 2035 1315 bilis
2063 1264 2155 1331 qui
2189 1263 2348 1316 vitam
2391 1264 2641 1318 omnibus
2687 1264 2998 1317 hominibus
3027 1264 3390 1334 progerminat
3422 1274 3476 1319 et

1910 1352 2143 1404 termino
2177 1363 2344 1414 caret,
2372 1367 2400 1405 a
2431 1354 2610 1421 parvis
2640 1361 2692 1405 et
2727 1355 3070 1421 temporariis
3105 1355 3258 1424 aquis
3284 1353 3474 1408 obrui-

1912 1449 2018 1494 tur.
2062 1440 2164 1508 Qui
2197 1440 2395 1510 ubique
2425 1457 2661 1510 praesens
2689 1451 2770 1495 est
2795 1458 2893 1495 nec
2923 1458 3150 1512 usquam
3187 1443 3360 1510 abest,
3391 1446 3474 1498 in-

1909 1534 2416 1602 comprehensibilis
2446 1534 2651 1604 angelis
2680 1543 2733 1586 et
2770 1534 2836 1585 ab
2873 1534 3150 1587 hominum
3182 1546 3474 1602 conspectu

1908 1635 2170 1687 remotus,
2201 1630 2268 1678 ad
2303 1625 2630 1692 baptismum
2667 1625 2873 1679 accedit
2902 1635 2959 1677 ut
2988 1625 3087 1694 ipsi
3113 1625 3475 1694 placuit.ll:ec

1909 1732 2031 1770 cum
2076 1717 2250 1780 audis,
2279 1717 2492 1779 dilecte,
2531 1731 2595 1770 ne
2629 1717 2861 1771 naturali
2900 1732 3049 1769 more
3079 1717 3221 1770 dicta
3262 1718 3472 1786 accipe,

1909 1810 2001 1864 sed
2034 1826 2129 1878 per
2157 1809 2616 1877 dispensationem
2654 1809 2897 1878 apposita
2935 1809 3211 1877 suscipito.
3241 1809 3474 1878 Ideoque

1909 1915 2010 1955 nec
2055 1916 2224 1968 aquas
2255 1900 2410 1954 latuit
2437 1901 2578 1968 quod
2616 1899 2876 1954 Dominus
2905 1916 2968 1953 ex
2998 1916 3182 1954 amore
3209 1901 3262 1954 in
3293 1900 3474 1956 homi-

1909 2005 2006 2043 nes
2036 2004 2095 2042 se
2119 1989 2428 2050 demittcns,
2460 1988 2514 2042 iu
2543 1990 2754 2043 occulto
2781 1991 3105 2058 operabatur
3129 2008 3140 2043 ε
3167 2009 3184 2042 ι
3217 1989 3476 2046 Viderunt

1907 2084 2049 2136 enim
2099 2097 2221 2140 eum
2259 2096 2433 2150 aquae,
2473 2084 2525 2135 et
2578 2081 2954 2135 timuerunt”.
2990 2100 3008 2132 ι
3066 2080 3263 2134 Parum
3303 2081 3476 2136 abfuit

1906 2175 2034 2242 quin
2068 2181 2422 2242 exsurgerent
2443 2181 2605 2241 atque
2633 2171 2898 2226 limitibus
2922 2171 3036 2225 suis
3068 2172 3258 2240 positis
3289 2187 3473 2226 erum-

1906 2272 2110 2333 perent.
2144 2262 2298 2320 Unde
2328 2261 2592 2331 Propheta
2629 2263 2789 2330 longe
2825 2272 3062 2330 tempore
3100 2271 3224 2316 ante
3263 2261 3366 2317 hoc
3394 2263 3469 2316 vi-

1905 2358 2056 2422 dens,
2084 2373 2176 2412 eas
2219 2357 2514 2428 interrogat
2559 2366 2612 2411 et
2659 2357 2732 2410 ait
2765 2376 2777 2411 :
2813 2377 2830 2408 ‹
2862 2356 3000 2422 Quid
3031 2366 3113 2412 est
3143 2357 3258 2415 tibi.
3299 2372 3470 2422 mare,

1905 2451 2047 2521 quod
2103 2450 2330 2519 fugisti?
2361 2459 2413 2504 et
2463 2449 2837 2514 tu,Jordanis,
2878 2450 3023 2520 quod
3078 2465 3373 2505 conversus
3410 2465 3472 2505 es

1904 2557 2199 2597 retrorsum
2223 2543 2304 2595 9°?
2340 2562 2356 2593 ι
2392 2541 2497 2596 illa:
2533 2557 2661 2596 vero
2694 2543 3062 2611 respondent:
3100 2541 3354 2596 Omnium
3385 2558 3471 2596 re-

1904 2653 2024 2690 rum
2074 2636 2404 2690 conditorem
2455 2635 2509 2688 in
2541 2634 2714 2689 forma
2751 2635 2890 2690 servi
2925 2635 3255 2701 vidimus";
3285 2635 3473 2690 ethoc

1905 2729 2223 2799 mysterium
2275 2727 2698 2796 dispensationis
2752 2743 2876 2782 cum
2929 2727 3322 2798 ignoraremus,
3361 2743 3472 2798 prae

1903 2831 2048 2874 IIlClll
2079 2838 2194 2875 COD]
2204 2830 2361 2874 l'llOlIB
2401 2836 2611 2874 smnus.

1974 2912 2058 2967 ΙΙΙ.
2101 2912 2211 2968 Nos
2244 2929 2372 2967 vero
2403 2913 2604 2982 quibus
2638 2913 2942 2967 oeconomia
2979 2913 3069 2968 illa
3117 2914 3332 2983 cognita
3353 2913 3468 2981 jam

1901 3015 2004 3068 est,
2036 3006 2327 3062 adoramus
2353 3007 2471 3077 ejus
2501 3007 2950 3070 misericordiam,
2982 3008 3125 3077 quod
3167 3009 3313 3062 venit
3353 3024 3470 3064 ser-

1902 3107 2085 3152 vatum
2117 3107 2338 3163 terram,
2373 3115 2479 3154 non
2515 3099 2836 3168 judicatum.
2857 3097 3008 3153 Unde
3037 3100 3200 3153 etiam
3229 3097 3468 3157 Joannes

1901 3207 2204 3262 prmcursor
2236 3190 2470 3252 Domini,
2504 3206 2628 3246 cum
2681 3192 2783 3246 hoc
2831 3193 3168 3262 mysterium,
3197 3193 3339 3262 quod
3373 3208 3470 3248 ne-

1901 3283 2130 3336 sciverat
2174 3291 2352 3347 antea,
2384 3283 2608 3337 edoctus
2637 3283 2996 3350 cognovisset,
3025 3283 3171 3352 quod
3205 3299 3330 3338 vere
3361 3283 3467 3338 Do-

1899 3373 2080 3425 minus
2114 3381 2277 3436 esset,
2307 3373 2631 3426 exclamavit
2660 3373 2726 3425 ad
2760 3372 2858 3426 hos
2885 3374 2976 3442 qui
3018 3373 3082 3426 ad
3117 3388 3242 3427 eum
3290 3374 3467 3442 bapti-

1900 3467 2054 3520 zandi
2085 3477 2341 3520 venerant
2370 3484 2383 3518 :
2423 3484 2440 3516 t
2471 3465 2763 3533 Progenies
2784 3465 3090 3534 viperarum
3111 3466 3177 3531 ’°,
3209 3486 3226 3516 ›
3256 3466 3384 3535 quid
3411 3467 3464 3518 in

1897 3575 1984 3613 me
2037 3568 2144 3612 tam
2203 3558 2546 3612 vehementer
2577 3557 2908 3613 intuemini?
2967 3557 3132 3611 «Non
3191 3573 3311 3614 sum
3365 3573 3466 3626 ego

1896 3650 2224 3714 Christus”;
2259 3668 2276 3699 ι
2313 3650 2580 3715 minister,
2616 3666 2725 3705 non
2761 3648 3014 3703 dominus
3041 3665 3140 3718 ego
3169 3664 3327 3715 sum;
3357 3650 3468 3718 pri-

1896 3750 2076 3805 vatus,
2109 3756 2215 3794 non
2251 3756 2343 3795 rex
2375 3759 2388 3807 ;
2422 3742 2541 3796 ovis
2582 3757 2723 3805 sum,
2755 3756 2862 3796 non
2895 3749 3109 3810 pastor;
3142 3741 3324 3802 homo,
3356 3756 3464 3794 non

1898 3831 2058 3887 Deus.
2094 3833 2438 3886 Sterilitatem
2486 3833 2675 3887 matris
2705 3849 2837 3886 meae
2866 3847 2988 3886 cum
3021 3847 3273 3886 nascerer
3305 3833 3462 3896 solvi,

1897 3939 2006 3976 non
2038 3924 2398 3994 virginitatem
2431 3923 2622 3993 reliqui
2655 3924 2911 3978 sterilem.
2949 3923 3090 3976 infra
3118 3924 3465 3990 emersi,non

1897 4016 2127 4085 desuper
2156 4015 2430 4070 descendi.
2463 4014 2639 4072 Patris
2664 4016 2902 4085 linguam
2931 4015 3148 4085 ligari‘,
3181 4031 3288 4069 non
3323 4015 3464 4070 divi-

1897 4124 2020 4162 nam
2048 4109 2275 4178 gratiam
2303 4107 2556 4176 explicui.
2582 4107 2624 4160 A
2648 4119 2817 4163 matre
2851 4108 3086 4178 agnitus,
3112 4123 3217 4161 non
3243 4123 3273 4161 a
3309 4107 3462 4162 stella

1896 4199 2342 4270 pra‘signit‘tcatus
2377 4201 2554 4255 sum’.
2589 4197 2792 4257 Tenuis
2833 4215 2931 4267 ego
2959 4210 3011 4252 et
3041 4200 3338 4262 minimus;
3369 4213 3463 4253 ve-

1896 4293 1975 4345 nit
2007 4301 2184 4344 autem
2219 4299 2340 4360 post
2382 4306 2465 4344 me
2505 4290 2596 4359 qui
2628 4298 2752 4344 ante
2779 4305 2866 4344 me
2891 4291 3036 4356 est‘;
3069 4302 3188 4360 post
3221 4306 3306 4345 me
3339 4292 3461 4360 qui-

1896 4385 2016 4438 dem
2049 4385 2259 4438 ratione
2287 4383 2565 4451 temporis,
2594 4392 2717 4437 ante
2745 4399 2832 4437 me
2857 4392 3034 4437 autem
3066 4392 3282 4453 propter
3313 4384 3462 4441 inac-

211 4471 562 4542 ἰσχυρότερός
599 4490 718 4541 μου,
746 4467 804 4527 οῦ
836 4474 934 4525 οὐκ
976 4473 1090 4543 εἰμὶ
1129 4474 1307 4537 ἱκανὸς
1354 4473 1420 4526 τά
1467 4475 1789 4545 ὑποδήματα

1905 4490 2107 4530 cessum
2157 4482 2210 4529 et
2257 4473 2617 4535 inenarrabile
2664 4475 2844 4529 lumen
2893 4476 3210 4530 divinitatis.
3251 4496 3269 4526 ί
3304 4474 3460 4529 Venit

209 4563 501 4633 βαστάσαι,
539 4564 700 4627 αὐτὸς
750 4566 893 4635 ὑμᾶς
940 4564 1190 4634 βαπτίσει
1229 4569 1284 4619 ἐν
1330 4565 1604 4636 Πνεῦματι
1649 4567 1786 4638 ἁγίῳ

206 4657 302 4710 καὶ
355 4656 509 4727 πυρί.
536 4677 558 4708 ι,
576 4656 715 4725 Ἐγὼ
751 4657 1083 4722 ὑπεξούσιος,
1117 4658 1274 4721 αὐτὸς
1321 4657 1377 4710 δὲ
1426 4657 1783 4722 αὐτεξούσιος.

217 4746 360 4814 Ἐγὼ
388 4748 670 4819 ἁμαρτιῶν
704 4747 902 4818 ἔνοχος,
941 4749 1101 4810 αὐτὸς
1146 4747 1202 4800 δὲ
1247 4749 1525 4821 ἁμαρτιῶν
1560 4749 1786 4820 ἀφαιρέ-

204 4858 324 4911 της.
345 4841 488 4910 Ἐγὼ
520 4843 611 4895 τὸν
660 4841 818 4912 νόμον
865 4843 1154 4912 παράπτω,
1185 4842 1345 4905 αὐτὸς
1394 4843 1448 4895 δὲ
1490 4845 1587 4914 τὴν
1629 4844 1784 4914 χάριν

206 4933 711 5001 φωταγωγεί.Ἐγὼ
755 4933 829 4996 ὡς
885 4933 1066 4994 δοῦλος
1111 4934 1378 5004 κατηχῶν,
1409 4935 1567 4999 αὐτὸς
1615 4935 1669 4992 δὲ
1711 4936 1787 4998 ὠς

214 5025 485 5096 δεσπότης
513 5027 730 5096 κρίνων.
749 5023 888 5094 Ἐγὼ
927 5027 986 5078 τὸ
1019 5027 1211 5096 ἔδαφος
1255 5027 1439 5097 κλίνην
1468 5026 1594 5097 ἔχω,
1623 5027 1784 5090 αὐτὸς

200 5119 292 5171 τὸν
318 5119 548 5191 οὐρανὸν
579 5119 710 5189 ἔχει.
731 5118 868 5187 Ἐγὼ
897 5119 1178 5190 μετανοίας
1211 5119 1453 5190 βαπτίζω
1480 5120 1780 5191 βάπτισμα,

274 5282 321 5313 ’⁸
361 5279 500 5335 Osee
531 5293 606 5341 vt,
641 5280 693 5332 5.
766 5277 809 5307 ’ί
849 5278 1006 5332 .loan.
1043 5295 1116 5342 tv,
1150 5277 1236 5332 lli.
1311 5279 1356 5310 ⁹²
1394 5277 1548 5332 Joan.
1577 5295 1670 5341 vu,
1702 5278 1790 5334 58.

202 5352 292 5404 Π.
369 5353 415 5384 ’³
457 5348 600 5404 Psal.
635 5363 787 5409 cxm,
819 5351 870 5403 5.
947 5352 990 5381 ⁸⁷
1032 5349 1259 5418 Philipp.
1292 5364 1349 5411 ll,
1381 5350 1431 5403 7.

202 5422 223 5452 ³
259 5419 419 5475 Joan.
464 5437 504 5484 ι,
532 5421 620 5472 27.
698 5419 721 5450 ⁸
757 5419 945 5474 Matth.
976 5436 1056 5485 ut,
1091 5419 1177 5472 ll.
1252 5419 1272 5451 ⁸
1309 5418 1466 5474 .loau.
1499 5435 1537 5485 ι,
1564 5419 1653 5474 29.

270 5577 385 5646 (76)
432 5575 868 5648 Οὺνπαρθενίαν
897 5577 1240 5645 ἐστείρωσα.
1283 5576 1770 5648 Gregorius'l'han-

208 5658 492 5716 maturgus
520 5647 572 5718 in
598 5660 782 5701 sancta
811 5648 1164 5718 Theophania,
1199 5665 1250 5716 p.
1283 5648 1383 5700 106
1399 5647 1721 5702 edit.Vossii
1756 5668 1768 5703 :

201 5719 274 5768 Σὺ
385 5717 596 5790 τεχθεὶς
617 5721 681 5790 ἐκ
711 5719 812 5790 τῆς
835 5719 1100 5790 παρθένου
1133 5719 1414 5790 Μαρίας...
1434 5719 1551 5790 οὐκ
1583 5719 1772 5783 ἐλυσας

203 5786 502 5859 παρθενίαν
535 5788 731 5858 αὐτῆς·
767 5786 1021 5845 ἀλλὰκαὶ
1055 5786 1252 5861 ταύτην
1282 5788 1646 5860 ὲφρούρησας,
1681 5791 1773 5843 καὶ

1507 5350 1551 5380 ’³
1590 5349 1776 5404 Matth.
1809 5363 1892 5415 ut,
1929 5349 1979 5404 7‘.

1893 4564 2085 4624 fortior
2115 4582 2221 4632 me,
2252 4567 2408 4635 cujus
2449 4582 2548 4636 ego
2587 4581 2694 4620 non
2728 4582 2846 4621 sum
2879 4567 3075 4635 dignus
3105 4576 3320 4636 portare
3349 4567 3460 4621 eal~

1892 4666 2202 4721 ceatncnta;
2255 4657 2368 4724 ipse
2415 4671 2511 4710 vos
2547 4656 2838 4724 baptizabit
2871 4656 2924 4708 in
2957 4654 3159 4725 Spiritu
3191 4665 3380 4709 sancto
3405 4665 3459 4710 et

1892 4747 2013 4817 igne
2035 4748 2076 4800 ‘.
2112 4767 2130 4798 ›
2180 4747 2292 4816 Ego
2331 4747 2583 4816 potestati
2619 4746 2906 4811 obnoxius,
2944 4745 3058 4814 ipse
3084 4760 3178 4815 per
3221 4759 3280 4798 se
3315 4755 3460 4817 pote-

1892 4849 2084 4894 statem
2129 4840 2353 4893 habens.
2385 4837 2494 4907 Ego
2525 4849 2865 4907 peccatorum
2901 4853 3046 4900 reus,
3091 4837 3206 4906 ipse
3243 4846 3326 4890 est
3361 4837 3457 4906 qui

1892 4929 2068 4984 aufert
2092 4927 2481 5001 peccata‘.Ego
2514 4929 2680 4996 legem
2713 4927 2958 4989 inculco.
3013 4926 3102 4980 ille
3149 4925 3332 4994 gratia:
3373 4926 3457 4978 lu-

1886 5035 2005 5080 cem
2055 5020 2289 5091 praefert.
2323 5018 2433 5090 Ego
2461 5027 2521 5072 ut
2548 5033 2737 5072 servus
2767 5017 3012 5080 instituo,
3046 5017 3132 5070 ille
3163 5016 3369 5084 jndicat
3397 5024 3456 5070 ut

1894 5117 2169 5173 dominus.
2198 5113 2326 5169 Mihi
2357 5113 2532 5168 solum
2569 5113 2742 5167 lectus
2773 5119 2873 5175 est,
2908 5111 3021 5180 ipse
3059 5111 3256 5165 cmlum
3286 5118 3450 5166 tenet.

2999 5273 3043 5304 9’
3084 5271 3226 5326 Psal.
3262 5289 3446 5337 Lxxvt,

3013 5345 3032 5374 ³
3071 5343 3261 5398 Matth.
3297 5360 3354 5410 li,
3392 5343 3449 5400 9.

2448 5274 2494 5306 ⁸⁸
2531 5273 2675 5328 Psal.
2703 5289 2829 5338 .xtv,

2448 5343 2486 5399 ).
2561 5347 2577 5376 ¹
2607 5344 2738 5400 Luc.
2773 5361 2811 5400 ι.
2849 5344 2919 5398 20

2654 5360 2738 5400 uc.
2773 5361 2811 5410 ι,
2849 5360 2936 5398 zu.

1867 5279 1912 5311 ”
1951 5277 2137 5332 Matth.
2169 5293 2248 5339 In,
2286 5277 2372 5330 15.
2448 5277 2465 5306 ⁵

1867 5367 1892 5402 ;-.
1929 5349 1979 5402 7‘.
2055 5349 2098 5380 ⁸³
2123 5346 2279 5402 Joan.
2320 5364 2357 5402 l.
2395 5343 2465 5402 30

2156 5363 2279 5401 oan.
2320 5364 2357 5412 ι,
2395 5363 2486 5402 zu.

1841 5651 1843 5653 _
1873 5578 2208 5699 τῆςκρητρδς
2240 5577 2373 5648 αὑτῇ
2411 5579 2774 5649 προσηγορίαν
2803 5575 3099 5658 ἐδώρησας.
3137 5594 3156 5626 ι
3203 5573 3284 5630 Tu
3321 5589 3450 5630 vero

1877 5665 1943 5699 ex
1984 5647 2012 5699 ll
2038 5651 2145 5699 aria
2178 5657 2336 5699 natus
2372 5648 2666 5699 virginem.
2711 5664 2816 5699 non
2853 5648 3060 5699 solvisti.
3084 5646 3446 5699 viraiuitatetn

1877 5646 1943 5703 ei
1984 5646 2145 5716 Maria
2178 5646 2666 5715 tiattts"virgine'...,
2711 5664 2816 5700 non
2853 5646 3060 5701 solvisti.
3084 5646 3446 5715 virginitatem

1878 5719 2030 5786 ejus:
2063 5718 2155 5772 sed
2178 5727 2231 5771 et
2258 5719 2395 5772 hanc
2418 5718 2722 5788 custodisti,
2751 5727 2804 5773 et
2837 5719 3008 5788 ipsam
3043 5718 3232 5772 matris
3257 5717 3445 5786 appel-

1880 5790 2079 5845 latione
2107 5789 2339 5845 donasti.
2373 5807 2392 5840 ι
2427 5787 2646 5844 Faenus.
