3862 6538
350 321 454 376 855

1017 318 1077 374 S.
1115 314 1475 372 HlPPOLYTl
1515 314 1662 370 OPP.
1708 311 1888 368 PARS
1917 311 1979 366 ll.
2019 319 2090 352 ν-ῖι
2135 311 2436 367 DUGMAT.
2477 310 2566 366 ET
2604 310 2960 368 HISTORIC.‘

3489 307 3583 364 856

349 437 464 503 ligo
499 435 829 506 pmnitentiaa
860 433 1074 505 baptizo
1102 435 1444 505 baptismate,
1478 435 1566 488 ille
1613 433 1915 502 adoptionis

2027 432 2181 494 αὐτὸς
2233 432 2288 484 δὲ
2344 431 2612 494 υἱοθεσίας
2658 431 2907 503 δωρεῖται
2950 429 3224 500 χάρισμα·
3263 427 3427 492 αὐτὸς
3455 429 3588 499 ὑμᾶς

347 527 516 579 donat
548 531 776 596 gratiam
808 542 820 578 :
851 525 961 594 ipse
993 538 1090 579 vos
1123 524 1328 594 Spiritu
1364 534 1553 578 sa-ncto
1579 533 1632 578 et
1671 518 1802 592 igne
1828 524 1920 576 ba—

347 617 593 687 ptizabit.
621 614 760 681 Quid
814 615 948 668 mihi
995 616 1312 672 attenditis?
1362 631 1472 670 non
1520 631 1622 688 ego
1671 616 1922 671 Christus

347 723 490 763 sttui.

417 798 506 852 ιγ.
551 798 673 854 Haec
693 797 931 854 Joannes
955 798 1021 853 ad
1047 800 1305 870 populum
1330 815 1454 853 cum
1486 800 1733 864 dixisset,
1762 811 1814 854 et
1836 801 1922 856 hic

347 893 575 948 arrectis
601 892 869 962 capitibus
895 902 1237 961 exspectaret
1267 908 1464 948 novum
1490 894 1691 963 aliquid
1716 905 1924 963 specta-

349 988 531 1041 i-ulum
562 986 735 1040 oculis
764 986 1010 1054 corporis
1031 1001 1276 1052 cernere,
1298 985 1515 1040 diabolo
1541 988 1704 1040 etiam
1727 989 1792 1041 ad
1819 989 1922 1042 hoc

347 1078 576 1134 Joannis
603 1077 976 1132 testimonium
1020 1078 1301 1146 perculso;
1337 1093 1462 1133 ecce
1489 1077 1751 1134 Dominus
1787 1097 1922 1150 prm-

347 1189 474 1228 sens
491 1172 644 1226 adest
665 1171 914 1242 simplex,
938 1171 1111 1235 solus,
1140 1171 1342 1238 nudus,
1367 1171 1486 1227 sine
1512 1173 1797 1236 comitatu,
1821 1173 1923 1227 hu-

346 1281 509 1320 mano
547 1278 779 1334 corpore
823 1262 991 1318 veluti
1035 1273 1184 1318 veste
1217 1264 1461 1329 indutus,
1495 1264 1922 1335 dignitatemque

343 1355 645 1410 divinitatis
689 1355 990 1418 occultans,
1028 1364 1086 1409 tit
1137 1355 1326 1410 lateret
1377 1356 1632 1420 draconis
1680 1356 1918 1412 fraudes.

344 1445 455 1502 Nec
509 1455 717 1501 tantum
766 1455 827 1500 ut
877 1445 1141 1501 Dominus
1190 1447 1309 1503 sine
1355 1449 1506 1518 regio
1559 1449 1810 1505 satellitio
1855 1451 1920 1504 ad

343 1539 610 1594 Joannem
663 1539 925 1602 accessit;
965 1539 1057 1593 sed
1109 1538 1272 1593 etiam
1321 1550 1378 1594 ut
1417 1540 1648 1610 simplex
1680 1541 1844 1596 homo
1869 1551 1923 1598 et

348 1631 619 1689 obnoxius
644 1623 1098 1700 peccatis,'capnt
1126 1645 1285 1684 suum
1315 1631 1595 1686 inclinavit
1621 1641 1680 1686 ut
1705 1649 1735 1687 a
1756 1631 1922 1688 Joan-

350 1737 417 1778 ne
449 1722 835 1791 baptizaretur.
874 1720 1028 1777 Unde
1060 1723 1150 1778 ille
1176 1723 1368 1780 videns
1401 1732 1603 1780 tantam
1639 1726 1923 1784 demissio—

348 1828 495 1880 nem,
526 1813 604 1868 rei
638 1813 997 1868 admiratione
1027 1825 1250 1886 stupens
1275 1817 1440 1887 coepit
1469 1833 1593 1872 eum
1611 1819 1918 1888 prohibere,

346 1914 528 1974 atque,
551 1914 608 1958 ut
635 1904 797 1958 modo
815 1905 1120 1971 audivistis,
1141 1907 1207 1962 ad
1229 1923 1353 1963 eum
1377 1909 1514 1963 dixit
1540 1927 1554 1964 :
1585 1927 1604 1962 ‹
1631 1909 1760 1964 Mihi
1785 1925 1921 1981 opus

346 2006 429 2051 est
458 1996 719 2066 baptizari
743 2014 774 2051 a
801 2008 872 2062 te,
901 2006 959 2053 et
991 2007 1043 2052 tu
1069 1999 1140 2053 .ad
1173 2015 1260 2054 me
1288 2001 1556 2060 venis‘h
1589 2001 1729 2068 Quid
1761 2001 1918 2071 facis,

349 2085 609 2142 Domine?
641 2089 804 2146 doces
854 2106 978 2160 quae
1032 2106 1156 2145 cum
1203 2092 1389 2162 regula
1434 2108 1544 2147 non
1605 2095 1741 2150 bene
1788 2111 1922 2150 con-

347 2189 570 2263 gruunt.
609 2181 726 2236 Alia
778 2183 846 2237 de
879 2192 929 2237 te
963 2184 1274 2252 praedicavi,
1304 2195 1358 2240 et
1395 2187 1501 2240 alia
1540 2195 1595 2240 tu
1627 2187 1767 2244 ohis.
1800 2187 1920 2243 Alia

347 2274 555 2330 audivit
588 2275 858 2341 diabolus,
892 2287 946 2331 et
990 2277 1095 2332 alia
1144 2277 1309 2332 videt.
1343 2278 1564 2347 Baptiza
1592 2286 1648 2333 tu
1683 2294 1770 2334 me
1799 2279 1922 2350 igne

344 2367 643 2424 divinitatis
688 2388 702 2424 :
744 2371 874 2440 quid
922 2386 1120 2440 aquam
1172 2371 1512 2440 exspectas?
1550 2371 1794 2442 illumina
1836 2388 1923 2428 me

346 2458 588 2528 Spiritu;
627 2460 758 2530 quid
797 2477 911 2515 rem
962 2471 1198 2516 creatam
1233 2461 1599 2532 przcstolaris?
1630 2479 1715 2517 me
1749 2464 1924 2533 bapti-

345 2559 484 2604 stam
536 2551 773 2622 baptiza,
827 2561 887 2606 ut
936 2554 1292 2624 praerogativa
1341 2564 1433 2607 tua
1475 2563 1600 2610 nota
1636 2555 1748 2610 ﬁat.
1789 2557 1919 2628 Ego,

348 2641 594 2709 Domine,
643 2644 913 2713 baptisma
960 2645 1292 2714 paenitentia:
1337 2648 1574 2717 baptizo,
1606 2664 1781 2718 neque
1827 2665 1921 2706 eos

345 2736 438 2804 qui
469 2737 534 2790 ad
562 2753 649 2791 me
678 2736 945 2792 accedunt
968 2753 1194 2808 possunt
1231 2739 1528 2809 baptizare,
1559 2742 1662 2797 nisi
1699 2753 1919 2812 peccata

347 2842 447 2881 sua
482 2827 717 2883 confessi
746 2830 898 2899 prius
925 2828 1146 2885 fuerint.
1182 2830 1409 2887 Etiamsi
1445 2833 1720 2904 baptizare
1747 2844 1798 2890 te
1833 2852 1924 2892 ve-

346 2920 463 2986 lim,
497 2921 628 2990 quid
673 2921 840 2976 habes
884 2923 1029 2991 quod
1063 2925 1415 2979 confitearis?
1443 2925 1522 2979 Tu
1563 2944 1621 2982 es
1649 2929 1739 2997 qui
1780 2929 1924 2983 tollis

349 3023 602 3081 peccata,
658 3025 711 3068 et
758 3015 1031 3084 baptismo
1082 3016 1165 3071 vis
1213 3017 1478 3087 baptizari
1542 3021 1924 3090 poenitentiae?

2024 523 2270 595 βαπτίσει
2288 526 2344 578 ἐν
2361 524 2634 593 Πνεύματι
2663 524 2802 593 ἁγίῳ
2827 523 2919 576 καὶ
2948 521 3169 592 πυρί.Τί
3191 521 3314 592 ἐμοὶ
3333 521 3593 595 προσανέο

2021 634 2178 687 χετε;
2211 617 2310 669 οὑκ
2341 617 2458 688 εἰμὶ
2485 615 2594 684 ἐγὼ
2619 617 2647 668 6
2673 616 2923 685 Χριστός.

2093 798 2278 851 Ταῦτα
2305 797 2400 851 τοῦ
2443 798 2687 852 Ἰωάννου
2725 799 2858 870 πρὸς
2898 797 2989 852 τὸν
3029 795 3182 867 ὄχλον
3217 795 3468 864 λέγον-τος
3505 792 3596 848 καὶ

2021 889 2112 943 τοῦ
2147 889 2276 943 λαοῦ
2316 891 2741 962 καραδοκοῦντος
2771 889 2916 955 ξένον
2941 907 2992 943 τι
3021 889 3199 960 θέαμα
3220 891 3333 951 τοῖς
3360 904 3596 957 σωματι-

2023 985 2137 1046 κοῖς
2183 981 2479 1053 ὀφθαλμοῖς
2525 982 2842 1048 θεάσασθαι,
2873 982 2970 1035 καὶ
3006 980 3100 1034 τοῦ
3135 978 3384 1033 διαϐόλου
3433 995 3597 1030 κατα-

2022 1075 2389 1146 πληττομένου
2423 1075 2531 1145 (77)
2561 1076 2652 1128 ἐπὶ
2682 1078 2747 1146 τῇ
2781 1073 3016 1146 τοσαύτῃ
3042 1073 3135 1126 τοῦ
3180 1071 3428 1124 Ἰωάννου
3462 1086 3597 1141 μαρ-

2022 1166 2215 1239 τυρίου
2276 1167 2385 1221 ἰδοὺ
2439 1169 2467 1220 6
2519 1166 2720 1238 Κύριος
2776 1166 3134 1238 παραγίνεται
3187 1163 3363 1227 λιτὸς,
3420 1161 3596 1232 μόνος,

2022 1257 2245 1328 γυμνὸς,
2279 1257 2730 1329 ἀπροστάτευτος,
2765 1255 2966 1326 ἔνδυμα
3012 1254 3150 1324 ἔχων
3179 1252 3238 1305 τὸ
3266 1249 3598 1322 ἀνθρώπινον

2024 1351 2202 1421 σῶμα,
2239 1350 2495 1422 κρύπτων
2525 1349 2583 1402 δὲ
2607 1349 2667 1403 τὸ
2689 1349 2788 1420 τῆς
2814 1347 3064 1418 θεότητος
3088 1345 3324 1415 ἀξίωμα,
3353 1345 3440 1396 ἵνα
3464 1342 3600 1416 λάθῃ

2020 1443 2114 1495 τοῦ
2144 1442 2431 1516 δράκοντος
2462 1442 2522 1496 τὸ
2555 1441 2938 1513 πανούργημα.
2973 1441 3082 1493 Καὶ
3109 1441 3169 1492 ού
3202 1439 3357 1509 μόνον
3383 1439 3459 1501 ὡς
3491 1437 3600 1489 Κύ-

2023 1554 2137 1609 ριος
2171 1536 2326 1600 ἐκτὸς
2352 1536 2450 1607 τῆς
2478 1535 2760 1607 βασιλικῆς
2782 1533 3107 1607 δορυφορίας
3135 1532 3270 1604 πρὸς
3293 1531 3384 1584 τὸν
3427 1530 3601 1582 Ἰωάν-

2021 1645 2118 1699 νην
2152 1627 2544 1701 παραγέγονεν,
2573 1626 2710 1681 ἀλλὰ
2750 1627 2845 1681 καὶ
2876 1627 2952 1692 ὡς
2993 1626 3275 1697 ἄνθρωπος
3320 1622 3464 1686 λιτὸς
3513 1622 3602 1674 καὶ

2023 1721 2302 1792 ὑπόχρεως
2335 1719 2640 1792 ἁμαρτιῶν,
2673 1719 2880 1772 ἔκλινεν
2904 1721 3002 1791 τὴν
3033 1717 3274 1789 κεφαλὴν
3313 1714 3480 1770 αὑτοῦ
3514 1714 3602 1784 βα-

2023 1812 2313 1883 πτισθῆναι
2365 1811 2470 1864 ὑπὸ
2514 1810 2950 1865 Ἰωάννου.ὌΘεν
2999 1808 3028 1860 6
3061 1810 3312 1878 Ἰωάννης
3337 1807 3604 1876 θεασάμε-

2022 1923 2110 1970 νος
2135 1905 2233 1977 τὴν
2257 1905 2526 1976 τοσαύτην
2550 1903 3062 1974 ταπεινοφροσύνην,
3087 1900 3389 1972 θαμδηθεὶς
3420 1901 3514 1953 ἐπὶ
3531 1899 3602 1970 τῷ

2023 1999 2329 2071 πράγματι,
2365 1994 2568 2070 ἤρξατο
2614 1994 2932 2050 διακωλύειν
2983 1993 3144 2047 αὐτὸν
3189 1992 3384 2060 λέγων,
3423 1990 3601 2055 καθὼς

2021 2090 2221 2160 ἀρτίως
2252 2089 2549 2160 ἠκούσατε·
2581 2108 2601 2141 ι
2623 2087 2764 2156 Ἐγὼ
2794 2088 2982 2159 χρείαν
3006 2085 3114 2156 ἔχω
3141 2085 3247 2139 ὑπὸ
3283 2085 3379 2138 σοῦ
3415 2085 3602 2155 βαπτι-

2024 2185 2236 2255 σθῆναι,
2267 2183 2362 2237 καὶ
2395 2184 2460 2236 σὺ
2499 2181 2635 2254 ἔρχῃ
2661 2180 2797 2252 πρὸς
2828 2179 2930 2250 μέ;
2957 2198 2975 2229 ι
3016 2179 3080 2231 Τί
3108 2180 3302 2241 ποιεῖς,
3329 2171 3376 2230 ὦ
3406 2178 3601 2230 Δέσπο-

2020 2294 2122 2343 τα;
2159 2276 2486 2331 ἀκανόνιστα
2529 2271 3071 2345 δογματίζεις.Ἂλλα
3110 2269 3472 2340 κατήγγειλα,
3517 2270 3602 2322 καὶ

2022 2369 2157 2425 ἄλλα
2185 2368 2421 2441 μετέρχῃ
2437 2385 2451 2399 ·
2481 2367 2616 2432 άλλα
2637 2367 2868 2438 ἦκουσεν
2894 2366 2922 2418 6
2949 2363 3211 2429 διάϐολος,
3234 2362 3329 2416 καὶ
3358 2361 3495 2416 ἄλλα
3517 2378 3603 2415 κα-

2021 2465 2220 2517 τανοεῖ.
2255 2461 2524 2516 Βάπτισόν
2565 2477 2633 2532 με
2661 2459 2740 2530 τῷ
2768 2458 2900 2531 πυρί⁵
2931 2457 3031 2528 τῆς
3060 2456 3332 2527 θεότητος·
3367 2454 3423 2506 τί
3455 2471 3603 2525 περι-

2025 2558 2206 2630 μένεις
2248 2556 2311 2611 τὸ
2350 2555 2530 2627 ﬁdem;
2565 2553 2798 2608 Φώτισον
2833 2551 2911 2623 τῷ
2933 2551 3232 2623 Πνεύματιο
3261 2549 3316 2602 τί
3345 2549 3603 2622 προσανέ-

2022 2669 2139 2722 χεις
2181 2649 2259 2722 τῷ
2312 2649 2606 2720 κτίσματι;
2646 2647 2916 2701 Βάπτισόν
2948 2663 3013 2716 με
3043 2644 3133 2697 τὸν
3161 2643 3486 2713 βαπτιστὴν,
3520 2641 3599 2693 ἵνα

2023 2743 2238 2815 γνωσθῇ
2291 2759 2384 2796 σου
2430 2744 2464 2814 ἡ
2521 2741 2783 2813 ὑπεροχή.
2803 2739 2962 2808 Ἐγὼ,
2997 2738 3260 2802 Δέσποτα,
3317 2735 3600 2808 μετανοίας

2025 2836 2271 2905 βαπτίζω
2313 2835 2614 2906 βάπτισμα,
2647 2835 2739 2889 καὶ
2784 2834 2909 2898 τοὺς
2956 2831 3427 2904 προσερχομένους
3473 2830 3600 2900 πρὸς

2027 2929 2096 2999 μὲ
2135 2931 2413 3002 ἀμήχανον
2462 2927 2721 3000 βάπτισαι
2757 2927 2852 2982 ἐὰν
2887 2926 2962 3000 μὴ
2992 2925 3089 2991 τὰς
3122 2926 3401 2996 ἁμαρτίας
3428 2924 3598 2978 αὐτῶν

2025 3019 2543 3092 ὲξομολογήσωνται.
2593 3019 2806 3074 Κείσθω
2847 3020 2928 3073 ὅτι
2981 3018 3227 3090 βαπτίζω
3265 3035 3348 3082 σε,
3378 3016 3434 3070 τί
3465 3017 3599 3088 ἔχεις

351 3102 574 3159 Etiamsi
620 3120 720 3176 ego
755 3116 806 3161 te
835 3107 1112 3175 baptizare
1160 3109 1493 3177 sustinuero,
1521 3109 1784 3168 Jordanes
1813 3128 1920 3168 non

2027 3111 2550 3185 ὲξομολογήσασθαι;
2596 3111 2902 3184 Ἀμαρτιῶν
2947 3111 3248 3183 άφαιρέτης
3297 3109 3596 3181 ὑπάρχεις,

346 3194 510 3249 audet
546 3197 772 3266 propius
801 3197 869 3251 ad
898 3206 949 3254 te
981 3199 1240 3253 accedere
1271 3218 1285 3253 :
1325 3218 1342 3251 ι
1376 3200 1488 3272 Ego
1514 3215 1653 3272 opus
1686 3201 1862 3258 habeo
1892 3218 1925 3259 α

349 3297 400 3341 te
436 3287 722 3358 baptizari.
753 3299 806 3345 et
838 3300 895 3345 tu
926 3291 1079 3345 venis
1110 3290 1178 3344 ad
1207 3291 1328 3347 me?
1355 3310 1376 3344 ι

421 3562 484 3616 ν.
526 3563 666 3630 Quid
697 3566 859 3634 igitur
888 3565 935 3620 ei
966 3564 1228 3622 Dominus
1255 3567 1582 3636 respondet?
1619 3586 1635 3619 ι
1665 3566 1925 3623 Permitte

346 3655 480 3725 jam,
512 3656 585 3710 ita
613 3656 756 3710 enim
791 3655 946 3711 decet
970 3672 1070 3710 nos
1097 3657 1321 3726 implere
1353 3673 1566 3713 omnem
1593 3659 1917 3728 justitiam.»

349 3747 609 3801 Permitte
639 3747 776 3816 jam,
808 3746 1067 3812 Joannes,
1101 3765 1210 3803 non
1237 3766 1296 3803 es
1322 3765 1407 3805 me
1437 3751 1840 3820 sapientior.Tu
1868 3765 1924 3810 tit

353 3841 537 3902 homo,
552 3839 808 3909 respicis;
832 3855 950 3911 ego,
971 3849 1029 3894 ut
1045 3839 1204 3911 Deus,
1219 3842 1366 3895 novi.
1391 3840 1634 3896 Primum
1655 3858 1739 3898 me
1761 3860 1924 3914 opor-

350 3941 427 3987 tet
455 3931 656 4000 facere,
689 3942 853 4003 atque
899 3933 972 3986 ita
1003 3933 1218 3988 docere.
1264 3931 1411 3987 Nihil
1462 3933 1718 3990 indecens
1762 3936 1920 4003 obco,

349 4026 548 4080 decore
575 4035 721 4080 totus
751 4025 994 4082 indutus.
1027 4023 1261 4090 Miraris,
1291 4041 1324 4080 ο
1354 4025 1611 4090 Joannes,
1639 4028 1783 4096 quod
1816 4043 1924 4084 non

350 4117 474 4172 veni
525 4133 650 4173 cum
687 4117 969 4188 dignitatis
1014 4133 1150 4172 mea:
1194 4118 1485 4188 insigniis?
1522 4119 1739 4175 Privato
1778 4121 1922 4176 enim

351 4223 462 4264 non
493 4211 754 4279 competit
787 4211 934 4280 regia
983 4225 1262 4280 purpura;
1313 4227 1494 4282 regem
1543 4223 1725 4268 autem
1773 4213 1928 4270 decet

352 4301 606 4356 militaris
635 4311 860 4355 ornatus
889 4320 901 4355 :
934 4317 1064 4355 num
1099 4303 1364 4357 adversus
1390 4312 1704 4374 tyrannum,
1737 4315 1787 4360 et
1817 4321 1923 4360 non

350 4395 418 4450 ad
448 4394 685 4450 amicum
716 4394 876 4448 veni?
917 4393 986 4448 At
1017 4395 1268 4464 permitte
1298 4411 1463 4462 nunc,
1511 4397 1584 4452 ita
1619 4399 1763 4452 enim
1795 4414 1926 4454 con-

2027 3206 2122 3258 καὶ
2151 3205 2210 3258 τὸ
2241 3205 2342 3276 τῆς
2373 3205 2659 3277 μετανοίας
2689 3205 2860 3269 θέλεις
2887 3203 3250 3275 βαπτισθῆναι
3280 3203 3594 3274 βάπτισμα;

2025 3296 2090 3350 Et
2119 3297 2212 3351 καὶ
2240 3297 2350 3366 ἐγώ
2376 3314 2433 3350 σε
2455 3297 2709 3369 τολμήσω
2740 3297 3020 3370 βαπτίσαι,
3047 3299 3075 3350 6
3106 3296 3379 3368 Ἰορδάνης
3406 3295 3468 3348 οὐ
3491 3294 3599 3350 τολο

2029 3387 2108 3458 μᾷ
2137 3385 2453 3459 πλησιάσαι.
2484 3406 2504 3439 ι
2526 3385 2666 3456 Ἐγὼ
2695 3387 2884 3458 χρείαν
2915 3387 3022 3459 ἔχω
3047 3388 3150 3440 ὑπὸ
3184 3385 3280 3440 σού
3313 3385 3600 3458 βαπτισθῆ-

2026 3496 2135 3543 ναι,
2169 3479 2261 3532 καὶ
2293 3480 2356 3532 σὺ
2390 3478 2526 3552 ἔρχῃ
2555 3479 2693 3551 πρὸς
2727 3480 2827 3550 μέ;
2863 3499 2882 3532 ι

2097 3568 2162 3620 Τί
2205 3564 2298 3623 οὖν
2324 3569 2353 3622 6
2385 3569 2590 3640 Κύριος
2627 3571 2764 3640 πρὸς
2791 3568 2984 3635 αύτόν;
3020 3570 3222 3638 «Ἄφες
3254 3569 3403 3641 ἄρτι,
3438 3568 3599 3630 οὕτως

2027 3659 2136 3732 γὰρ
2185 3660 2392 3732 πρέπον
2425 3662 2556 3731 ἡμῖν
2601 3660 2748 3714 ἐστιν
2786 3660 3070 3732 πληρῶσαι
3120 3661 3300 3713 πᾶσαν
3335 3658 3598 3713 δικαιοσύ-

2026 3754 2360 3824 νην.»Ἀφες
2390 3754 2536 3825 ἄρτι,
2555 3754 2798 3825 Ἰωάννη,
2829 3754 2927 3807 οὐκ
2957 3749 3009 3806 εἴ
3034 3770 3133 3823 μου
3167 3752 3498 3822 σοφώτερος.
3531 3751 3596 3804 Σὺ

2024 3843 2100 3908 ὡς
2146 3843 2433 3917 ἅνθρωπος
2481 3843 2716 3914 βλέπεις,
2766 3843 2876 3914 ἐγὼ
2921 3842 2998 3908 ὡς
3045 3844 3175 3907 Θεὸς
3222 3843 3594 3915 προγινώσκω.

2025 3935 2244 4008 Πρῶτόν
2292 3952 2358 4007 με
2401 3935 2484 3989 δεῖ
2526 3936 2770 4007 ποιῆσαι,
2814 3937 2907 3990 καὶ
2956 3935 3126 3998 οὕτως
3169 3934 3399 4000 διδάξαι.
3445 3935 3599 3988 Οὐδὲν

2025 4028 2272 4100 ἀπρεπὲς
2303 4027 2658 4099 μετέρχομαι,
2685 4028 3013 4100 εὐπρέπειαν
3043 4029 3151 4099 γὰρ
3182 4028 3595 4098 περιϐέϐλημαι.

2025 4119 2354 4191 Θαυμάζεις,
2383 4116 2427 4174 ὦ
2461 4121 2701 4194 Ἰωάννη,
2725 4121 2806 4174 ὅτι
2833 4123 2930 4174 οὐκ
2955 4117 3116 4192 ἦλθον
3145 4120 3282 4190 μετὰ
3310 4120 3407 4174 τοῦ
3439 4118 3597 4186 ἀξιώ-

2029 4213 2194 4283 ματός
2250 4230 2389 4284 μου;
2427 4211 2633 4286 ’ἰδιώτῃ
2686 4213 2784 4283 μὲν
2832 4214 2941 4284 γὰρ
2987 4213 3047 4265 ού
3095 4213 3295 4286 πρέπει
3351 4211 3598 4284 βασιλικὴ

2024 4302 2297 4373 ἁλουργὶς,
2331 4302 2541 4373 βασιλεῖ
2585 4302 2643 4355 δὲ
2692 4303 2890 4374 πρέπει
2943 4304 3331 4376 στρατιωτικὸν
3381 4304 3596 4375 σχῆμα·

2027 4395 2162 4467 πρὸς
2195 4395 2453 4466 τύραννον
2477 4391 2661 4466 ἦλθον,
2695 4395 2768 4466 μὴ
2801 4395 2910 4467 γὰρ
2933 4396 3068 4468 πρὸς
3094 4396 3278 4466 φίλον;
3314 4398 3486 4466 Ἄφες
3511 4398 3601 4469 ἆρ-

350 4488 501 4542 venit
533 4488 693 4543 nobis
715 4503 930 4543 omnem
949 4488 1219 4558 justitiam
1243 4489 1487 4560 implere.
1515 4488 1772 4559 Impletor
1794 4491 1922 4560 legis

2028 4505 2100 4551 τι,
2131 4487 2303 4551 οὕτως
2329 4487 2436 4558 γὰρ
2467 4488 2674 4559 πρέπον
2701 4489 2832 4559 ἡμῖν
2863 4490 3028 4553 ἐστιν,
3053 4490 3232 4541 πᾶσαν
3257 4487 3602 4557 δικαιοσύνην

351 4597 508 4646 sum;
551 4580 686 4635 nihil
715 4581 842 4636 volo
875 4581 1302 4652 praetermissum
1345 4579 1412 4635 ad
1451 4581 1616 4637 totius
1653 4583 1924 4651 impletio-

352 4692 476 4732 nem
512 4676 842 4746 relinquere,
874 4685 933 4730 ut
959 4685 1079 4746 post
1107 4692 1195 4731 me
1223 4676 1536 4731 exclamare
1578 4679 1752 4746 possit
1781 4675 1925 4732 Pau-

350 4773 438 4825 lus
466 4788 480 4824 :
510 4789 528 4820 ι
558 4769 806 4840 lmpletio
852 4770 987 4839 legis
1037 4768 1312 4834 Christus,
1363 4767 1419 4822 in
1458 4769 1730 4838 justitiam
1775 4770 1923 4824 omni

350 4864 592 4919 credenti
614 4863 656 4918 ⁷.
693 4861 823 4918 Sine
855 4863 1019 4918 modo
1049 4879 1064 4917 :
1099 4862 1180 4916 sic
1213 4862 1358 4916 enim
1391 4861 1545 4915 decet
1574 4875 1675 4917 nos
1701 4861 1924 4931 implere

351 4974 567 5013 omnem
595 4957 867 5028 justitiam
888 4957 930 5010 '.
971 4976 989 5009 ι
1035 4954 1252 5024 Baptiza
1287 4969 1394 5021 me,
1418 4953 1678 5020 Joannes,
1711 4971 1780 5010 ne
1799 4956 1924 5026 quis

351 5050 679 5120 baptismum
713 5062 1057 5120 aspernetur.
1090 5049 1135 5102 Α
1159 5057 1210 5100 te
1238 5061 1396 5102 servo
1420 5047 1686 5116 haptizor,
1711 5061 1779 5101 ne
1799 5046 1923 5115 quis

351 5157 542 5212 regum
580 5149 677 5195 aut
715 5140 1058 5209 superiorum
1097 5149 1319 5205 respuat
1351 5153 1383 5190 8
1415 5146 1724 5206 contempto
1749 5150 1924 5190 sacer-

351 5237 474 5291 dote
496 5232 783 5304 baptizari.
811 5230 1070 5286 Permitte
1096 5230 1151 5300 in
1175 5228 1466 5284 Iordanem
1487 5228 1834 5294 descendam,
1863 5236 1924 5283 ut

351 5327 576 5381 audiant
608 5324 786 5380 Patris
819 5323 1220 5385 testimonium,
1245 5330 1299 5376 et
1335 5321 1458 5376 Filii
1493 5320 1790 5394 potentiam
1828 5336 1922 5375 co-

352 5427 637 5489 gnoscant.
682 5415 944 5471 Permitte
989 5429 1166 5482 nunc;
1213 5415 1288 5470 ita
1335 5414 1480 5469 enim
1517 5413 1672 5467 decet
1699 5426 1917 5466 omnem

423 5581 442 5610 ⁸
481 5578 671 5635 Matth.
705 5597 787 5648 nt,
822 5582 910 5637 Η.
985 5580 1008 5612 "
1043 5579 1201 5638 Rom.
1231 5598 1286 5646 χ,
1316 5581 1368 5635 4.
1445 5582 1468 5613 ⁸
1491 5580 1682 5640 Matth.
1718 5582 1909 5649 tn,15.

1523 5733 1614 5770 ου.
1666 5715 1925 5772 Commu-

423 5716 442 5784 ί
445 5715 532 5766 Tit
576 5714 687 5770 Τοῦ
713 5714 953 5770 διασόλο
961 5735 996 5771 υ
1033 5717 1524 5786 καταπληττομέν

355 5786 440 5844 nis
470 5795 709 5843 veterum
743 5788 1011 5843 sententia
1044 5798 1143 5845 est.
1170 5787 1443 5842 diabolum
1471 5789 1749 5859 ignorasse
1781 5803 1924 5844 teco-

2027 4579 2332 4652 πληρῶσαι.
2373 4579 2674 4651 Πληρωτής
2705 4580 2820 4649 εἰμι
2851 4579 3036 4651 νόμου,
3056 4579 3204 4633 οὐδὲν
3235 4579 3498 4652 βούλομαι
3521 4577 3602 4633 ὲλο

2025 4673 2180 4735 λιπὲς
2221 4663 2541 4742 καταλεῖψαι
2584 4675 2664 4736 είς
2710 4675 2816 4726 πᾶν
2847 4673 2908 4726 τὸ
2937 4673 3208 4745 πλήρωμα
3237 4673 3324 4726 ἵνα
3357 4676 3472 4744 μετ’
3504 4672 3602 4744 ἐμὲ

2027 4767 2196 4840 βοήσῃ
2218 4767 2246 4818 6
2271 4767 2478 4831 Παῦλος
2497 4783 2512 4798 ο
2553 4786 2572 4820 ι
2605 4767 2882 4840 Πλήρωμα
2913 4768 3077 4838 νόμου
3105 4770 3133 4821 6
3157 4769 3392 4839 Χριστὸς
3422 4771 3502 4831 είς
3525 4769 3599 4821 δι-

2025 4859 2316 4929 καιοσύνην
2365 4859 2528 4913 παντὶ
2567 4859 2646 4930 τῷ
2687 4859 3011 4914 πιστεύοντι.
3033 4860 3200 4928 Ἀφες
3248 4859 3393 4929 ἄρτι,
3429 4858 3602 4921 οὕτως

2028 4952 2136 5025 γὰρ
2182 4951 2390 5024 πρέπον
2435 4954 2567 5024 ἡμῖν
2615 4954 2782 5016 ἐστιν,
2812 4951 3095 5024 πληρῶσαι
3126 4954 3307 5006 πᾶσαν
3334 4949 3601 5004 δικαιοσύ-

2028 5062 2142 5116 νην.
2171 5065 2190 5096 ›
2220 5044 2488 5098 Βάπτισόν
2516 5045 2862 5116 με,’1ωάννη,
2899 5045 2982 5098 ἵνα
3011 5044 3198 5116 μηδεὶς
3226 5041 3598 5113 βαπτίσματος

2028 5135 2430 5207 καταφρονήσῃ.
2450 5135 2584 5188 Ὑπὸ
2629 5134 2726 5188 σοῦ
2768 5134 2863 5188 τοῦ
2894 5135 3079 5188 δούλου
3131 5134 3488 5204 βαπτίζομαι,
3517 5133 3598 5186 ἵνα

2029 5226 2220 5298 μηδεὶς
2253 5225 2513 5296 βασιλέων
2543 5226 2576 5299 ἢ
2607 5227 2976 5300 ὑπερεχόντων
3003 5227 3272 5300 διαπτύσῃ
3312 5226 3414 5278 61:6
3451 5243 3601 5279 πενι-

2025 5318 2159 5390 χροῦ
2184 5319 2372 5391 ἱερέως
2420 5319 2974 5392 βαπτισθῆναι.Ἂφες
3005 5322 3063 5373 ὲν
3087 5319 3166 5392 τῷ
3205 5319 3444 5392 Ἰορδάνῃ
3468 5335 3599 5372 κατ-

2025 5409 2183 5475 έλθω,
2227 5409 2315 5465 ἴνα
2359 5410 2663 5466 ἀκούσωσιν
2700 5411 2799 5484 τὴν
2842 5411 3107 5484 Πατρῷαν
3149 5411 3478 5483 μαρτυρίαν,
3510 5407 3600 5462 u‘.

2030 5717 2227 5845 gorgite
2281 5719 2617 5789 mysterium,
2671 5735 2738 5776 ex
2786 5719 2969 5775 Matth.
3016 5735 3090 5786 tv,
3121 5718 3175 5785 5,
3232 5728 3286 5775 et
3314 5717 3337 5772 Ι
3366 5717 3496 5772 Cor.
3537 5733 3594 5780 tt.

2073 5829 2084 5842 .
2165 5803 2344 5845 ABRIC.

2073 5829 2084 5842 .
2124 5803 2151 5840 I'
2165 5803 2344 5846 ABRIC.
