3862 6514
175 348 273 409 857

1219 355 1451 412 SERMO
1491 356 1556 411 IN
1597 354 1867 410 SANCTA
1906 354 2397 410 TIIEUPIIANIA.‘

3305 362 3413 418 858

176 466 571 537 ὲπιγνώσωνται
603 472 704 545 τὴν
732 472 825 527 τοῦ
850 473 979 528 Υίοῦ
1012 476 1438 547 δύναμιν.Ἀφες
1470 479 1616 549 ἄρτι,
1652 477 1743 531 οῦ-

1848 491 1949 531 nos
1982 477 2207 547 implere
2234 476 2525 547 justitiam.
2559 475 2713 533 Tunc
2752 477 3007 548 deinceps
3041 477 3279 535 Joannes
3308 482 3412 551 ipsi

173 578 273 623 τως
306 561 415 633 γάρ
457 562 664 635 πρέπον
689 567 819 635 ἡμῖν
846 568 991 621 ἐστιν
1020 568 1301 639 πληρῶσαι
1331 572 1510 623 πᾶσαν
1541 569 1745 623 δικαιο-

176 652 354 723 σύνην.
386 655 519 708 Τότε
562 653 747 711 λοιπὸν
774 658 994 729 ἀφίησιν
1022 660 1183 713 αὐτὸν
1229 664 1257 714 6
1296 662 1567 732 Ἰωάννης,
1608 682 1625 714 ι
1650 666 1744 716 καὶ

174 742 479 814 βαπτισθεὶς
516 748 545 799 6
583 747 787 817 Ἰησοῦς
825 748 1024 813 εὐθέως
1052 750 1218 819 ἀνέϐη
1262 752 1370 805 ἀπὸ
1394 752 1486 805 τοῦ
1516 752 1741 817 ὕδατος·

174 833 257 884 καὶ
283 831 634 905 ἠνεῴχθησαν
658 834 805 906 αύτῷ
829 838 877 889 οἱ
905 840 1143 910 οὐρανοὶ,
1175 841 1269 893 καὶ
1294 841 1400 894 ἰδοῦ
1428 844 1488 895 τὸ
1517 843 1740 914 Πνεῦμα

172 922 254 974 τοῦ
280 922 417 976 Θεοῦ
445 928 765 999 κατέρχεται
793 933 851 984 ἐν
880 931 1009 984 εἴδει
1040 934 1387 1003 περιστερᾶς,
1410 934 1502 987 καὶ
1530 933 1742 1004 ἔμεινεν

171 1013 249 1065 ἐπ’
278 1016 461 1070 αὐτόν.
495 1020 604 1073 Καὶ
637 1022 786 1094 φωνὴ
816 1026 879 1077 ἐκ
916 1023 1025 1075 τῶν
1063 1024 1308 1095 οὐρανῶν
1338 1024 1568 1093 λέγουσα
1588 1043 1603 1057 ·
1640 1020 1741 1079 Οὗ-

169 1102 250 1167 τός
278 1107 430 1159 ἐστιν
454 1110 484 1162 6
514 1109 640 1175 Υίὸς
674 1130 773 1183 μου
802 1115 830 1166 6
856 1116 1159 1187 ἀγαπητὸς,
1182 1119 1238 1169 ἐν
1340 1118 1633 1187 ηύδόκησα.

233 1200 393 1265 Ἴδες,
429 1202 699 1275 ἀγαπητέ,
725 1208 907 1261 πόσων
936 1210 1031 1263 καὶ
1060 1211 1303 1281 πηλίκων
1332 1210 1551 1280 ἀγαθῶν
1578 1213 1601 1263 ἐ
1612 1211 1738 1282 μέλ-

169 1290 323 1361 λομεν
357 1294 705 1365 ζημιοῦσθαι,
734 1302 782 1352 εί
808 1297 947 1367 εἶξεν
978 1305 1007 1355 6
1036 1303 1239 1376 Κύριος
1266 1308 1331 1376 τῇ
1362 1305 1454 1358 τοῦ
1499 1307 1737 1360 Ἰωάννου

168 1387 527 1459 παρακλήσει,
557 1393 652 1445 καὶ
687 1397 1041 1467 παρῃτήσατο
1075 1398 1135 1449 τὸ
1170 1399 1483 1469 βάπτισμα;
1521 1400 1741 1453 Κεκλει-

170 1476 345 1546 σμένοι
375 1478 485 1551 γάρ
511 1476 649 1553 ἦσαν
674 1483 779 1554 πρὸ
798 1483 987 1537 τούτου
1016 1487 1064 1538 οί
1088 1487 1323 1557 οὐρανοὶ,
1355 1486 1551 1540 ἄϐατον
1579 1482 1646 1558 ἦν
1679 1486 1741 1540 τὸ

166 1570 267 1624 ἂνω
288 1574 507 1645 χωρίον.
548 1576 635 1628 Ἐν
654 1579 765 1640 τοῖς
790 1578 939 1631 κάτω
968 1580 1284 1650 κατείημεν,
1318 1582 1375 1632 ὲν
1406 1582 1516 1644 τοῖς
1547 1580 1658 1633 ἄνω
1683 1581 1739 1634 δὲ

168 1664 256 1717 οὐκ
289 1665 557 1737 ἀνίειμεν.
586 1667 761 1723 Μόνον
788 1670 845 1723 δὲ
889 1672 917 1723 6
956 1672 1232 1741 Δεσπότης
1272 1671 1605 1744 ἐϐαπτίσοη;
1645 1674 1740 1726 καὶ

1844 567 2151 636 permittit:
2190 586 2207 619 ι
2245 566 2310 621 Et
2344 567 2652 636 baptizatus
2685 566 2866 633 .lcsus,
2897 570 3083 624 statim
3113 570 3308 625 iterum
3343 586 3413 627 ex

1842 672 1983 726 aqua
2012 659 2289 724 ascendit;
2315 667 2368 710 et
2394 657 2563 726 aperti
2592 668 2720 712 sunt
2743 660 2845 729 ipsi
2871 660 2994 713 cadi
3020 680 3033 713 :
3061 670 3114 715 et
3137 676 3263 716 ecce
3287 660 3413 729 Spi-

1841 749 1981 801 ritus
2018 747 2111 802 Dei
2156 750 2435 804 descendit
2482 752 2658 821 specie
2697 752 2982 817 columbae,
3022 764 3074 806 et
3103 768 3266 821 super
3293 754 3414 822 ipso

1841 841 2062 894 mansit.
2091 838 2155 894 Et
2181 857 2283 894 vox
2308 842 2374 895 de
2400 844 2561 908 cudo,
2586 845 2773 898 dicens
2802 864 2814 898 :
2845 843 2943 900 llic
2962 854 3045 899 est
3067 843 3237 901 Filius
3258 859 3414 903 meus

1843 930 2093 999 dilectus,
2128 933 2181 985 in
2216 950 2326 1003 quo
2356 936 2715 1004 complacui’.
2755 955 2773 988 ι

1914 1204 2004 1261 VI.
2048 1206 2234 1274 Vides,
2277 1208 2491 1271 dilecte,
2531 1218 2666 1279 quot
2694 1217 2747 1263 et
2782 1221 3109 1277 quantorum
3144 1209 3412 1266 honorum

1836 1296 2109 1365 jacturam
2159 1298 2354 1353 facturi
2398 1298 2729 1363 fuissemus,
2774 1301 2821 1354 si
2863 1300 3090 1356 Joannis
3126 1302 3413 1357 monitioni

1840 1388 2107 1445 Dominus
2141 1392 2417 1456 cessisset,
2459 1401 2512 1446 et
2542 1393 2871 1461 baptismum
2903 1409 3010 1446 non
3045 1395 3417 1464 suscepisset?

1841 1479 2023 1536 Clausi
2064 1482 2208 1536 enim
2250 1491 2407 1537 erant
2445 1483 2676 1536 antehac
2715 1484 2859 1545 caeli,
2907 1484 3182 1539 inaccessa
3217 1500 3413 1554 supera

1839 1576 2009 1646 regio.
2041 1572 2101 1628 In
2141 1574 2399 1630 inferiora
2431 1575 2812 1631 descendimus
2848 1594 2862 1629 :
2897 1577 2964 1631 ad
2998 1578 3281 1646 superiora
3316 1594 3414 1632 au-

1838 1676 1945 1721 tem
1974 1681 2082 1720 non
2117 1667 2313 1721 iterum
2358 1666 2726 1721 ascendimus.
2756 1665 2895 1719 Num
2932 1682 3061 1721 vero
3100 1668 3277 1721 solum
3310 1666 3417 1721 Do—

166 1756 246 1809 τδν
282 1757 516 1811 παλαιὸν
545 1758 829 1831 ἄνθρωπον
872 1763 1229 1825 ἀνεκαίνισεν,
1268 1764 1361 1817 καὶ
1386 1762 1454 1817 τά
1486 1764 1739 1835 σκῆπτρα

1840 1760 2023 1815 minus
2051 1760 2357 1829 baptizatus
2380 1760 2497 1815 est?
2524 1769 2575 1814 et
2608 1767 2843 1813 veterem
2879 1759 3155 1813 hominem
3184 1775 3416 1813 renova-

168 1846 257 1916 τῆς
312 1848 586 1913 υἱοθεσίας
616 1824 765 1921 αύτῷ
798 1851 958 1905 πάλιν
988 1824 1327 1907 ἐπίστευσεν.
1372 1824 1588 1916 Εὐθέως
1631 1824 1739 1927 γάρ

1842 1851 1940 1915 vit,
1967 1862 2019 1905 et
2043 1824 2254 1919 sceptra
2279 1850 2588 1919 adoptionis
2606 1849 2709 1920 ipsi
2730 1849 2927 1904 iterum
2952 1850 3197 1905 credidit.
3219 1848 3413 1905 Statim

172 1957 188 1987 ι
219 1938 571 2010 ἠνεῴχθησαν
601 1942 750 2013 αὐτῷ
789 1946 836 1996 oi
875 1943 1113 2016 οὐρανοί.
1146 1965 1164 1998 ι
1212 1946 1481 2018 Διαλλαγὴ
1514 1947 1737 2015 γέγονεν

165 2030 261 2084 τῶν
296 2032 509 2103 ὁρατῶν
538 2033 673 2105 πρὸς
702 2035 767 2087 τὰ
795 2036 1029 2107 ἀόρατα·
1063 2037 1534 2111 ἐχαροποιήθησαν
1558 2038 1626 2091 τὰ
1649 2038 1737 2091 ού-

168 2123 316 2188 ράνια
348 2123 621 2195 τάγματα,
657 2125 779 2198 ἰάθη
809 2128 878 2182 τά
904 2130 1123 2199 ἐπίγεια
1154 2133 1455 2202 νοσήματα,
1490 2129 1734 2203 ἐγνώσθη

161 2214 222 2265 τὰ
262 2214 553 2286 ἀπόρρητα
595 2218 913 2290 πράγματα,
959 2220 1218 2292 ἐφιλιώθη
1254 2222 1321 2277 τά
1360 2222 1731 2295 ἐχθραίνοντα.

164 2306 393 2371 Ἤκουες
438 2308 546 2379 γὰρ
590 2310 684 2363 τοῦ
727 2312 1111 2380 εὐαγγελιστοῦ
1150 2314 1430 2383 λέγοντος·
1468 2334 1487 2367 ι
1538 2313 1734 2385 Ἠνεῴ-

161 2396 363 2468 χθησαν
394 2400 542 2472 αὐτῷ
574 2403 624 2455 oi
651 2404 899 2477 οὐρανοί·
946 2426 964 2458 ι
996 2406 1160 2478 τριῶν
1203 2408 1521 2478 παραδόξων
1554 2409 1732 2480 χάριν.

162 2489 259 2542 Τοῦ
290 2492 404 2562 γὰρ
436 2495 668 2564 νυμφίου
696 2496 934 2569 Χριστοῦ
962 2496 1376 2570 βαπτιζομένου,
1406 2500 1511 2554 ἔδει
1536 2502 1625 2554 τὸν
1649 2502 1737 2554 ού-

162 2584 340 2655 ράνιον
385 2585 625 2658 θάλαμον
670 2590 767 2653 τὰς
820 2591 1239 2663 λαμπροιρόρους
1289 2592 1495 2660 ἀνοῖξαι
1539 2592 1730 2657 πύλας.

171 2675 444 2743 Ὠσαύτως
471 2681 527 2733 δὲ
556 2684 650 2735 καὶ
679 2682 770 2736 τοῦ
799 2684 955 2752 ἁγίου
986 2686 1301 2756 Πνεύματος
1331 2689 1388 2741 ἐν
1413 2686 1544 2740 εῖδει
1578 2704 1734 2757 περι-

162 2771 353 2841 στερᾶς
384 2773 678 2837 κατιόντος,
708 2777 800 2828 καὶ
826 2777 924 2848 τῆς
946 2777 1208 2849 Πατρῴας
1241 2779 1422 2849 φωνῆς
1460 2777 1734 2848 πανταχοῦ

158 2856 595 2934 διαδεδραμένης,
632 2864 739 2917 ἔδει
777 2867 877 2929 τάς
912 2886 929 2917 ι
971 2869 1323 2939 ἐπουρανίους
1354 2868 1527 2932 πύλας
1560 2871 1733 2942 ἐπηρ-

161 2950 322 3018 μένας
355 2953 639 3024 ὑπάρχειν.
675 2974 693 3007 ι
725 2958 835 3010 Καὶ
868 2956 974 3010 ἰδοὺ
1007 2958 1358 3029 ἠνεῴχθησαν
1396 2959 1542 3030 αύτῷ
1571 2962 1619 3013 οί
1645 2962 1734 3013 ού-

162 3040 323 3109 ρανοὶ,
365 3044 457 3096 καὶ
502 3045 653 3116 φωνὴ
700 3046 934 3115 ἐγένετο,
977 3048 1239 3117 λέγουσα·
1274 3068 1292 3102 ι
1331 3046 1497 3115 Οὗτός
1528 3053 1675 3105 ἐστιν
1704 3053 1734 3106 6

159 3128 275 3196 Υἱός
302 3151 409 3204 μου
442 3136 471 3188 6
494 3136 796 3208 ἀγαπητὸς,
829 3140 885 3193 ἐν
913 3132 957 3208 ᾦ
980 3141 1273 3212 ηὐδόκησα.
1302 3161 1320 3194 ι

1839 1942 1985 1997 enim
2024 1958 2043 1992 ι
2078 1941 2251 2009 aperti
2291 1941 2393 2010 ipsi
2442 1951 2570 1996 sunt
2612 1941 2757 1997 caeli.
2792 1959 2812 1993 ι
2850 1938 3247 1996 Reconciliatio
3272 1940 3417 1996 facta

1838 2044 1921 2090 est
1952 2031 2252 2086 visibilium
2298 2047 2421 2087 cum
2469 2032 2871 2097 invisibilibus;
2912 2033 3163 2089 cmlestes
3195 2034 3417 2089 ordines

1838 2123 2039 2196 gaudio
2084 2132 2213 2177 sunt
2244 2122 2486 2192 impleti;
2513 2132 2719 2178 sanata:
2754 2123 2808 2178 in
2839 2124 3001 2179 terris
3031 2125 3411 2197 aegritudines;

1837 2232 1925 2272 res
1971 2215 2304 2280 abscondita:
2351 2230 2473 2285 quae
2524 2224 2701 2280 erant,
2755 2216 3037 2285 patefacta:
3083 2228 3249 2285 sunt;
3295 2235 3417 2289 quae

1840 2306 2077 2361 hostium
2112 2314 2269 2359 erant
2302 2305 2354 2358 in
2387 2320 2639 2370 numero,
2676 2305 2885 2361 reddita
2913 2304 3060 2361 fuere
3085 2308 3281 2361 amica.
3312 2309 3417 2361 Au-

1837 2397 1964 2453 disti
1994 2395 2139 2450 enim
2177 2398 2564 2468 evangelistam
2599 2398 2869 2453 dicentem
2898 2417 2913 2453 :
2950 2418 2969 2451 ι
3002 2397 3265 2455 Patefacti
3288 2408 3418 2455 sunt

1837 2488 1941 2558 ipsi
1967 2489 2125 2555 cmli;
2162 2508 2181 2541 ι
2220 2489 2292 2543 ob
2322 2490 2425 2543 tria
2474 2491 2589 2545 hzec
2628 2490 2991 2545 admirabilia.
3024 2490 3237 2562 Sponso
3268 2493 3413 2547 enim

1835 2580 2054 2636 Christo
2086 2582 2363 2652 baptizata
2396 2582 2681 2651 oportebat
2706 2583 2945 2637 cwlestis
2980 2583 3201 2637 thalami
3228 2584 3411 2654 splen-

1835 2674 1991 2731 didas
2020 2685 2207 2746 portas
2246 2677 2468 2747 aperiri.
2500 2675 2769 2732 Similiter
2809 2686 2864 2732 et
2897 2675 3104 2747 Spiritu
3136 2690 3327 2735 sancto
3360 2680 3415 2733 in

1835 2767 2101 2823 columba:
2140 2770 2321 2839 specie
2362 2769 2750 2837 descendente,
2780 2776 2835 2825 et
2860 2768 3037 2826 Patris
3063 2787 3197 2827 voce
3231 2774 3416 2827 omnia

1832 2869 2185 2929 percurrente
2242 2860 2383 2924 loca,
2439 2862 2726 2932 oportebat
2774 2880 2795 2914 ι
2853 2874 3043 2933 portas
3074 2864 3247 2919 attolli
3305 2879 3418 2919 caa-

1832 2951 1998 3007 Iestes
2029 2954 2092 3009 ¹⁰.
2137 2972 2157 3007 ι
2193 2952 2260 3007 Et
2286 2968 2413 3007 ecce
2446 2953 2615 3022 aperti
2645 2962 2773 3009 sunt
2795 2955 2845 3008 ei
2872 2956 3019 3018 cceli,
3052 2965 3107 3009 ct
3139 2971 3243 3011 vox
3275 2954 3416 3011 facta

1832 3052 1917 3099 est
1946 3044 2171 3099 dicens:
2211 3062 2229 3096 ι
2266 3043 2367 3100 llic
2396 3053 2479 3099 est
2520 3043 2692 3100 Filius
2727 3060 2884 3101 meus
2927 3045 3180 3112 dilectus,
3220 3047 3276 3102 in
3305 3063 3415 3119 quo

1835 3135 2163 3204 complacui.
2196 3154 2215 3188 ι

232 3225 543 3298 Ἀγαπητὸς
592 3229 812 3301 ἀγάπην
856 3234 1038 3304 γεννᾷ,
1086 3234 1179 3287 καὶ
1228 3234 1341 3302 φῶς
1390 3234 1569 3301 ἄῡλον,
1616 3236 1731 3305 φῶς

1909 3227 2017 3282 VII.
2060 3228 2288 3282 Amatus
2322 3242 2565 3281 amorem
2600 3236 2841 3298 generat,
2871 3238 2923 3283 et
2952 3228 3045 3282 lux
3077 3229 3413 3285 immateria-

154 3310 443 3383 ἀπρόσιτον
461 3316 591 3388 (78).
622 3337 641 3369 ι
666 3314 831 3385 Οὗτός
858 3324 1003 3376 ἐστιν
1030 3325 1058 3377 6
1081 3324 1205 3389 Υίός
1234 3343 1332 3397 μον
1351 3328 1378 3379 ὁ
1394 3328 1725 3401 ἁγαπητὸς,›

152 3405 177 3456 6
206 3406 357 3461 κάτω
388 3409 672 3479 ἐπιφανεὶς
706 3414 799 3467 καὶ¹
835 3415 940 3467 τῶν
968 3417 1244 3487 Πατρῲων
1280 3419 1499 3473 κόλπων
1532 3421 1605 3493 μὴ
1629 3441 1733 3493 χω-

154 3498 377 3568 ρισθεὶς,
421 3503 684 3575 ἐπεφάνη,
716 3506 814 3558 οὐκ
857 3508 1057 3579 ἐφάνη·
1090 3508 1215 3562 ἄλλο
1254 3509 1361 3582 γάρ
1392 3512 1452 3564 τὸ
1480 3514 1728 3585 φανῆναι,

151 3591 334 3664 ἐπειδὴ
386 3594 521 3665 πρὸς
566 3596 627 3647 τὸ
656 3597 975 3668 φαινόμενον
1000 3602 1027 3652 6
1059 3600 1331 3671 βαπτίζων
1354 3603 1449 3655 τοῦ
1476 3604 1727 3674 βαπτιζο⁹

153 3682 311 3753 μένου
341 3688 589 3758 προέχει.
615 3689 815 3744 Τούτου
838 3691 1021 3745 ἐνεκεν
1045 3696 1073 3747 ό
1112 3694 1302 3767 Πατὴρ
1341 3696 1631 3767 οὐρανόθεν
1670 3698 1731 3751 τὸ

151 3775 298 3842 ἆγιον
360 3778 585 3850 Πνεῦμα
639 3782 731 3836 ἐπὶ
771 3784 862 3836 τὸν
911 3783 1302 3856 βαπτιζόμενον
1357 3788 1727 3860 κατέπεμπεν.

152 3867 363 3942 Ὠσπερ
396 3874 504 3943 γὰρ
549 3875 605 3927 ἐν
652 3879 714 3947 τῇ
747 3877 963 3949 κιϐωτῷ
988 3878 1081 3931 τοῦ
1120 3880 1243 3933 Νῶε
1272 3882 1359 3935 διά
1403 3885 1730 3955 περιστερᾶς

149 3966 470 4035 μηνύεται
500 3965 877 4038 φιλανθρωπία
906 3968 999 4022 τοῦ
1031 3969 1185 4034 Θεοῦ,
1216 3971 1387 4037 οὕτως
1418 3974 1511 4026 καὶ
1539 3974 1633 4027 νῦν
1664 3974 1732 4028 τὸ

146 4056 200 4107 ἐν
234 4058 370 4111 εἴδει
418 4060 746 4130 περιστερᾶς
799 4059 1074 4114 κατελθὼν
1123 4060 1365 4133 Πνεῦμα,
1408 4064 1481 4127 ὼς
1522 4066 1732 4136 καρπὸν

146 4148 331 4211 ἐλαίας
381 4148 677 4219 βαστάσαν,
727 4152 818 4203 ἐπὶ
858 4151 949 4205 τὸν
985 4154 1432 4225 μαρτυρούμενον
1470 4158 1724 4229 κατέστη.

146 4237 237 4290 Διά
258 4239 313 4291 τί
336 4255 351 4303 ;
386 4241 472 4292 ἵνα
498 4239 593 4292 καὶ
621 4240 719 4310 τῆς
746 4239 1013 4312 Πατρῲας
1034 4244 1216 4313 φωνῆς
1258 4244 1318 4297 τὸ
1349 4245 1562 4316 βέϐαιον
1593 4264 1732 4317 γνω-

144 4330 326 4402 ρισθῇ,
363 4332 461 4385 καὶ
498 4334 531 4402 ή
580 4333 888 4403 προφητικὴ
939 4334 1241 4407 πρόρρησις
1284 4337 1348 4390 ἐκ
1380 4337 1589 4390 πολλῶν
1622 4338 1730 4393 τῶν

142 4424 350 4491 χρόνων
378 4422 643 4496 πιστωθῇ.
672 4424 807 4477 Ποία
838 4423 1012 4495 αὖτη;
1062 4445 1079 4477 ι
1106 4427 1260 4498 Φωνὴ
1284 4427 1489 4499 Κυρίου
1512 4428 1603 4481 ἐπὶ
1622 4428 1729 4482 τῶν

140 4516 373 4581 ὑδάτων,
423 4520 451 4571 6
494 4518 625 4581 Θεὸς
668 4518 766 4589 τῆς
795 4518 951 4589 δόξης
997 4520 1341 4625 ἐϐρόντησεν,
1396 4524 1601 4595 Κύριος
1633 4526 1726 4579 ἐπὶ
1756 4570 1801 4625 D

142 4608 352 4661 ὑδάτων
385 4609 615 4661 πολλῶν.
658 4629 675 4661 ι
714 4609 850 4662 Ποία
881 4612 1067 4682 φωνή;
1111 4630 1129 4663 t
1160 4606 1328 4675 Οὗτός
1360 4615 1506 4667 ἐστιν
1536 4617 1564 4668 6
1596 4616 1724 4679 Υἱός

140 4715 238 4769 μω
270 4701 300 4751 ό
336 4700 641 4771 ἀγαπητὸς,
675 4702 731 4752 ἐν
756 4693 800 4767 ᾧ
826 4700 1121 4772 ηύδόκησα.
1161 4721 1182 4753 ι
1213 4695 1379 4767 Οὗτός
1408 4705 1553 4757 ἐστιν
1581 4706 1609 4758 6
1629 4704 1721 4757 τοῦ

149 4791 354 4861 Ὶωήφ
389 4790 785 4862 ὀνομαζόμενος
812 4793 946 4858 υίὸς,
975 4795 1069 4846 καὶ
1100 4794 1229 4864 ἐμὸς
1248 4795 1553 4866 Μονογενὴς
1583 4796 1723 4850 κατά

136 4883 233 4954 τὴν
262 4882 459 4954 θεῖκὴν
481 4884 688 4938 οὐσίαν.
718 4903 736 4935 ‹
768 4877 935 4948 Οὗτός
962 4887 1109 4939 ἐστιν
1132 4885 1161 4938 6
1184 4885 1311 4949 Υίός
1336 4903 1437 4957 μου
1459 4889 1487 4940 6
1514 4888 1723 4959 ἀγαπη-

136 4976 256 5036 τός·
306 4994 327 5027 ι
362 4976 395 5029 ὁ
427 4974 647 5041 πεινῶν,
678 4976 771 5029 καὶ
801 4977 1016 5048 τρέφων
1052 4976 1335 5049 μυριάδας·
1375 4978 1472 5031 καὶ
1492 4978 1719 5045 κοπιῶν,

137 5066 229 5119 καὶ
257 5067 562 5121 ἀναπαύων
590 5070 717 5132 τοὺς
746 5069 1080 5132 κοπιῶντας·
1123 5072 1151 5122 6
1194 5068 1269 5141 μὴ
1307 5069 1445 5141 έχων
1478 5070 1581 5123 ποῦ
1623 5070 1722 5142 τὴν

136 5160 388 5232 κεφαλὴν
417 5160 614 5226 κλῖναι,
645 5163 738 5214 καὶ
774 5161 949 5214 πάντα
983 5162 1041 5213 ἐν
1073 5163 1139 5231 τῇ
1167 5162 1311 5232 χειρὶ
1346 5161 1660 5232 βαστάζων·
1694 5164 1723 5216 6

134 5252 393 5324 πάσχων.
412 5255 505 5307 καὶ
518 5252 586 5307 τά
601 5253 747 5325 πάθη
769 5253 1012 5325 ἰώμενος·
1031 5257 1059 5308 ό
1076 5254 1454 5326 ραπιζόμενος,
1473 5255 1566 5308 καὶ
1581 5254 1725 5308 ἐλευ-

131 5344 322 5418 θερίαν
350 5344 433 5415 τῷ
452 5347 639 5418 κόσμῳ
658 5344 993 5417 δωρούμενος
1020 5346 1150 5418 (79)·
1172 5348 1200 5401 6
1217 5345 1314 5418 τὴν
1338 5345 1573 5417 πλευρὰν
1596 5364 1722 5401 νυτ-

199 5488 221 5518 ’
260 5486 471 5540 Matth.
498 5503 582 5550 ιιι,
620 5486 709 5549 16,
746 5486 833 5541 17.

198 5598 319 5667 (78)
364 5597 492 5662 Φῶς
529 5598 721 5652 timor
746 5598 931 5669 γεννᾷ
971 5599 1095 5669 φῶς
1134 5601 1480 5669 ἀπρόσιτον.
1526 5600 1716 5668 Filius,

133 5688 152 5721 ι
189 5669 389 5743 lumen
416 5670 481 5723 de
516 5669 719 5743 Iuntina
748 5689 767 5720 ι
800 5669 979 5743 dictus
1000 5674 1177 5743 etiam
1211 5673 1280 5726 ab
1314 5671 1598 5743 Hippolyto
1627 5688 1720 5726 su-

130 5742 344 5826 perius.
363 5754 491 5826 (ἔῃ).
524 5739 589 5793 10
619 5739 1077 5826 cuu‘tru‘Noetum.
1099 5741 1218 5809 Φῶς
1220 5739 1535 5826 ,ἀπρόσιτον
1556 5745 1722 5814 respi-

130 5812 292 5865 citad
328 5808 520 5867 lTim.
555 5826 628 5875 vt,
664 5810 740 5865 l6.
785 5810 1003 5866 Fasmc.

1833 3321 1900 3376 lis
1930 3320 2107 3375 lucem
2147 3318 2606 3374 inaccessibilem.
2647 3338 2665 3372 ι
2704 3318 2804 3376 Hic
2832 3331 2916 3377 est
2948 3320 3119 3378 Filius
3145 3338 3300 3377 meus
3326 3322 3414 3376 di-

1832 3412 2029 3477 lectus,
2066 3432 2084 3462 ι
2129 3412 2225 3482 qui
2272 3411 2413 3465 infra
2460 3412 2731 3482 apparuit,
2783 3428 2885 3469 nec
2937 3422 3116 3469 tamen
3161 3429 3193 3467 a
3238 3413 3414 3469 Patris

1830 3503 1954 3558 sinu
1986 3505 2089 3558 fuit
2113 3517 2395 3573 separatus
2421 3522 2433 3557 :
2455 3506 2708 3574 apparuit
2729 3514 2782 3560 et
2812 3520 2921 3560 non
2953 3508 3222 3576 apparuit.
3252 3507 3413 3561 Aliud

1830 3596 1975 3651 enim
2023 3598 2168 3665 quod
2220 3597 2557 3666 apparebat:
2599 3598 2893 3667 siquidem,
2937 3607 3101 3668 prout
3136 3600 3411 3669 apparuit,

1830 3688 2119 3758 baptizans
2140 3687 2419 3757 baptizata
2443 3690 2792 3758 prmstantior
2816 3688 2937 3744 fuit.
2960 3689 3145 3761 Itaque
3165 3689 3322 3745 Pater
3346 3690 3415 3746 de

1794 3778 1797 3783 λ
1831 3782 1971 3836 cmlo
1991 3778 2253 3849 Spiritum
2280 3787 2531 3833 sanctum
2556 3780 2610 3833 in
2638 3779 2972 3849 baptizatum
2997 3782 3236 3836 demisit.
3259 3782 3413 3835 Sicut

1830 3873 1975 3929 enim
2006 3873 2061 3926 in
2091 3888 2218 3926 arca
2239 3870 2351 3926 Noe
2380 3887 2476 3942 per
2504 3872 2819 3926 columbam
2849 3874 3187 3943 signiﬁcatus
3208 3883 3290 3928 est
3316 3873 3409 3929 Dei

1832 3965 1887 4021 in
1933 3964 2189 4019 homines
2239 3978 2427 4029 amor;
2475 3965 2554 4020 sic
2587 3974 2641 4019 et
2674 3981 2821 4021 nunc
2854 3964 3110 4035 Spiritus,
3145 3967 3413 4021 columbae

1830 4058 2167 4113 descendens
2204 4058 2404 4127 specie,
2432 4058 2579 4112 velut
2608 4056 2845 4113 fructum
2873 4069 3099 4128 portans
3136 4059 3288 4123 oleas,
3319 4072 3413 4113 su-

1831 4167 1929 4221 per
1970 4166 2096 4207 eum
2145 4150 2235 4207 cui
2280 4151 2655 4205 testimonium
2709 4150 3099 4221 perhibebatur
3147 4151 3408 4206 substitit.

1832 4242 2056 4310 Quare?
2090 4253 2149 4298 ut
2178 4242 2413 4298 Paterna
2446 4243 2611 4296 etiam
2644 4258 2749 4297 vox
2796 4251 2945 4297 certa
2979 4251 3033 4296 et
3076 4242 3239 4297 ﬁrma
3289 4258 3411 4299 esse

1831 4344 2128 4402 constaret,
2173 4344 2228 4390 et
2270 4334 2604 4405 prophetica:
2652 4333 2993 4404 praedictioni
3050 4335 3238 4389 multis
3285 4343 3411 4388 ante

1832 4428 2167 4497 temporibus
2212 4426 2370 4481 facta:
2420 4426 2714 4481 haberetur
2778 4426 2933 4481 ﬁdes.
2985 4425 3246 4493 Quaenam
3285 4427 3415 4482 illa?

1838 4539 1857 4572 ‹
1895 4519 2011 4574 Vox
2047 4519 2261 4574 Domini
2288 4533 2452 4589 super
2478 4533 2673 4587 aquas,
2706 4516 2850 4574 Deus
2878 4519 3063 4589 gloria:
3086 4519 3283 4585 tonuit,
3312 4518 3417 4573 Do-

1830 4613 2011 4666 minus
2046 4627 2207 4682 super
2228 4627 2400 4681 aquas
2429 4609 2627 4665 multas
2650 4610 2744 4663 “.3
2772 4610 3036 4677 Quaenam
3088 4610 3231 4676 vox?
3265 4630 3282 4662 ι
3308 4608 3408 4664 Hic

1831 4713 1915 4759 est
1942 4703 2113 4758 Filius
2155 4718 2309 4759 meus
2354 4704 2607 4771 dilectus,
2655 4704 2710 4757 in
2743 4718 2855 4772 quo
2900 4702 3223 4772 complacui.
3256 4720 3275 4753 ι
3305 4700 3407 4755 Ilic

1827 4806 1911 4852 est
1951 4795 2043 4865 qui
2092 4794 2313 4864 .losephi
2350 4798 2669 4849 nominatus
2697 4803 2782 4848 est
2812 4794 2981 4859 (ilius,
3033 4802 3089 4848 et
3131 4808 3288 4848 meus
3322 4802 3407 4847 est

1828 4889 2152 4958 Unigenilus
2180 4886 2481 4942 secundum
2517 4886 2755 4940 divinam
2783 4885 3103 4944 essentiam.
3144 4903 3163 4938 ι
3196 4882 3293 4939 Hic
3322 4895 3406 4939 est

1825 4977 1999 5033 Filius
2032 4992 2189 5033 meus
2216 4975 2487 5032 dilectus:
2526 4994 2545 5027 ι
2582 4976 2834 5030 esuriens
2870 4975 2959 5029 ille
2988 4974 3084 5045 qui
3117 4975 3407 5029 innumera

1827 5070 1923 5124 alit
1948 5068 2147 5135 millia;
2172 5068 2450 5134 laborans,
2491 5066 2743 5136 idemque
2773 5081 3025 5121 recreans
3057 5066 3402 5128 laborantes;

1827 5178 1936 5216 non
1990 5160 2197 5215 habens
2238 5159 2330 5214 ubi
2378 5168 2542 5228 caput
2588 5158 2813 5213 reclinet
2854 5173 3012 5212 suum
3045 5159 3112 5223 ¹⁸,
3139 5167 3192 5212 et
3220 5158 3407 5211 omnia

1828 5268 2020 5325 gerens
2071 5268 2272 5318 manu;
2324 5250 2419 5320 qui
2452 5250 2690 5320 patitur,
2752 5258 2805 5305 et
2856 5249 3112 5305 omnibus
3160 5249 3406 5304 medetur

1829 5346 2208 5418 passionibus;
2248 5345 2342 5414 qui
2372 5344 2597 5400 caaditur
2634 5343 2905 5415 colaphis,
2944 5350 2997 5398 ct
3022 5343 3290 5398 mundum
3312 5341 3404 5397 do-

910 5486 953 5518 ¹⁰
984 5484 1125 5541 Psal.
1159 5502 1316 5555 xxi",
1344 5486 1396 5541 7;
1473 5489 1514 5519 "
1540 5488 1686 5543 Psal.
1723 5504 1916 5555 xxvut,
1947 5489 2001 5543 5.
2080 5489 2123 5519 η
2148 5487 2283 5542 Luc.
2310 5502 2388 5551 ιι,
2420 5486 2473 5540 5.

1891 5602 2005 5670 (79)
2058 5602 2111 5654 Ὀ
2126 5598 2543 5670 ῥαπιζόμενος,
2583 5604 2682 5653 καὶ
2710 5597 3057 5667 ἐλευθερίαν
3087 5595 3167 5663 τῷ
3197 5599 3403 5666 κόσμῳ

1817 5673 2210 5741 δωρούμενος.
2243 5672 2449 5725 Alludit
2478 5673 2565 5725 hic
2594 5670 2916 5740 Hippolytus
2944 5670 3007 5724 ad
3040 5684 3245 5724 morem
3280 5683 3404 5723 ma-

1818 5743 2145 5800 numittendi
2188 5757 2375 5799 servos
2405 5757 2500 5814 per
2528 5742 2761 5811 alapam.
2792 5743 2866 5794 In.
