  <div class='ocr_page' id='page_1' title='image "/cluster/home/n/w/nwhite01/storage/ocr_20150623/10/hvd.32044019207620/437.png"; bbox 0 0 3862 6500; ppageno 0'>
   <div class='ocr_carea' id='block_1_1' title="bbox 485 334 588 389">
    <p class='ocr_par' dir='ltr' id='par_1_1' title="bbox 485 334 588 389">
     <span class='ocr_line' id='line_1_1' title="bbox 485 334 588 389; baseline 0.01 -1"><span class='ocrx_word' id='word_1_1' title='bbox 485 334 588 389; x_wconf 84' lang='lat'><strong>859</strong></span> 
     </span>
    </p>
   </div>
   <div class='ocr_carea' id='block_1_2' title="bbox 1153 315 2040 392">
    <p class='ocr_par' dir='ltr' id='par_1_2' title="bbox 1153 329 2022 390">
     <span class='ocr_line' id='line_1_2' title="bbox 1153 329 2022 390; baseline 0.006 -4"><span class='ocrx_word' id='word_1_2' title='bbox 1153 330 1213 386; x_wconf 81' lang='lat' dir='ltr'><strong>S.</strong></span> <span class='ocrx_word' id='word_1_3' title='bbox 1255 329 1616 387; x_wconf 79' lang='lat' dir='ltr'><strong>HIPPOLYTI</strong></span> <span class='ocrx_word' id='word_1_4' title='bbox 1652 333 1800 390; x_wconf 86' lang='lat' dir='ltr'><strong>OPP.</strong></span> <span class='ocrx_word' id='word_1_5' title='bbox 1841 333 2022 390; x_wconf 75' lang='lat' dir='ltr'><strong>PARS</strong></span> 
     </span>
    </p>
   </div>
   <div class='ocr_carea' id='block_1_3' title="bbox 2146 315 3095 392">
    <p class='ocr_par' dir='ltr' id='par_1_3' title="bbox 2161 315 3095 392">
     <span class='ocr_line' id='line_1_3' title="bbox 2161 315 3095 392; baseline 0.005 -5"><span class='ocrx_word' id='word_1_6' title='bbox 2161 363 2230 374; x_wconf 87' lang='lat'><strong><em>—</em></strong></span> <span class='ocrx_word' id='word_1_7' title='bbox 2269 333 2578 391; x_wconf 74' lang='lat' dir='ltr'><strong>noenu.</strong></span> <span class='ocrx_word' id='word_1_8' title='bbox 2618 333 2709 390; x_wconf 84' lang='lat' dir='ltr'><strong>ET</strong></span> <span class='ocrx_word' id='word_1_9' title='bbox 2745 315 3095 392; x_wconf 69' lang='lat' dir='ltr'><strong>msromc.’</strong></span> 
     </span>
    </p>
   </div>
   <div class='ocr_carea' id='block_1_4' title="bbox 3593 338 3682 394">
    <p class='ocr_par' dir='ltr' id='par_1_4' title="bbox 3593 338 3682 394">
     <span class='ocr_line' id='line_1_4' title="bbox 3593 338 3682 394; baseline -0.022 0"><span class='ocrx_word' id='word_1_10' title='bbox 3593 338 3682 394; x_wconf 75' lang='lat'><strong>860</strong></span> 
     </span>
    </p>
   </div>
   <div class='ocr_carea' id='block_1_5' title="bbox 486 444 2040 527">
    <p class='ocr_par' dir='ltr' id='par_1_5' title="bbox 486 444 2040 527">
     <span class='ocr_line' id='line_1_5' title="bbox 486 444 2040 527; baseline 0.003 -25"><span class='ocrx_word' id='word_1_11' title='bbox 486 457 579 502; x_wconf 87' lang='lat' dir='ltr'><strong>nat</strong></span> <span class='ocrx_word' id='word_1_12' title='bbox 601 445 952 510; x_wconf 77' lang='lat' dir='ltr'><strong>libertate&quot;;</strong></span> <span class='ocrx_word' id='word_1_13' title='bbox 980 444 1074 516; x_wconf 89' lang='lat' dir='ltr'><strong>qui</strong></span> <span class='ocrx_word' id='word_1_14' title='bbox 1099 445 1358 527; x_wconf 40' lang='lat' dir='ltr'><strong>in.latere</strong></span> <span class='ocrx_word' id='word_1_15' title='bbox 1399 448 1702 517; x_wconf 72' lang='lat' dir='ltr'><strong>percutitur</strong></span> <span class='ocrx_word' id='word_1_16' title='bbox 1725 449 1790 519; x_wconf 77' lang='lat'><strong>“,</strong></span> <span class='ocrx_word' id='word_1_17' title='bbox 1824 459 1877 506; x_wconf 87' lang='lat' dir='ltr'><strong>et</strong></span> <span class='ocrx_word' id='word_1_18' title='bbox 1905 451 2040 508; x_wconf 77' lang='lat' dir='ltr'><strong>latus</strong></span> 
     </span>
    </p>
   </div>
   <div class='ocr_carea' id='block_1_6' title="bbox 2146 444 3682 527">
    <p class='ocr_par' dir='ltr' id='par_1_6' title="bbox 2149 448 3682 524">
     <span class='ocr_line' id='line_1_6' title="bbox 2149 448 3682 524; baseline 0.004 -22"><span class='ocrx_word' id='word_1_19' title='bbox 2149 449 2390 520; x_wconf 86' lang='grc' dir='ltr'>τόμενος,</span> <span class='ocrx_word' id='word_1_20' title='bbox 2407 451 2502 504; x_wconf 76' lang='grc' dir='ltr'>καὶ</span> <span class='ocrx_word' id='word_1_21' title='bbox 2513 449 2608 522; x_wconf 80' lang='grc' dir='ltr'>τὴν</span> <span class='ocrx_word' id='word_1_22' title='bbox 2627 448 2864 523; x_wconf 80' lang='grc' dir='ltr'>πλευρὰν</span> <span class='ocrx_word' id='word_1_23' title='bbox 2885 450 2977 504; x_wconf 89' lang='grc' dir='ltr'><strong>τοῦ</strong></span> <span class='ocrx_word' id='word_1_24' title='bbox 3008 449 3177 522; x_wconf 79' lang='grc' dir='ltr'>’Δδάμ</span> <span class='ocrx_word' id='word_1_25' title='bbox 3191 450 3558 524; x_wconf 78' lang='grc' dir='ltr'><strong>διορθούμενος</strong></span> <span class='ocrx_word' id='word_1_26' title='bbox 3571 453 3682 524; x_wconf 84' lang='grc'><strong>(80).</strong></span> 
     </span>
    </p>
   </div>
   <div class='ocr_carea' id='block_1_7' title="bbox 483 538 1010 608">
    <p class='ocr_par' dir='ltr' id='par_1_7' title="bbox 483 538 1010 608">
     <span class='ocr_line' id='line_1_7' title="bbox 483 538 1010 608; baseline 0 -16"><span class='ocrx_word' id='word_1_27' title='bbox 483 541 595 594; x_wconf 82' lang='lat' dir='ltr'><strong>Ada</strong></span> <span class='ocrx_word' id='word_1_28' title='bbox 605 539 674 592; x_wconf 78' lang='lat' dir='ltr'><strong>mi</strong></span> <span class='ocrx_word' id='word_1_29' title='bbox 708 538 929 608; x_wconf 73' lang='lat' dir='ltr'><strong>corrigit</strong></span> <span class='ocrx_word' id='word_1_30' title='bbox 947 539 1010 592; x_wconf 74' lang='grc' dir='ltr'><strong>ι’.</strong></span> 
     </span>
    </p>
   </div>
   <div class='ocr_carea' id='block_1_8' title="bbox 559 625 2056 698">
    <p class='ocr_par' dir='ltr' id='par_1_8' title="bbox 559 625 2056 698">
     <span class='ocr_line' id='line_1_8' title="bbox 559 625 2056 698; baseline 0.003 -17"><span class='ocrx_word' id='word_1_31' title='bbox 559 625 696 682; x_wconf 82' lang='lat' dir='ltr'><strong>Vill.</strong></span> <span class='ocrx_word' id='word_1_32' title='bbox 737 625 844 682; x_wconf 88' lang='lat' dir='ltr'><strong>Sed</strong></span> <span class='ocrx_word' id='word_1_33' title='bbox 889 637 1150 693; x_wconf 83' lang='lat' dir='ltr'><strong>mentem,</strong></span> <span class='ocrx_word' id='word_1_34' title='bbox 1189 644 1398 698; x_wconf 69' lang='lat' dir='ltr'><strong>quaeso,</strong></span> <span class='ocrx_word' id='word_1_35' title='bbox 1427 631 1560 684; x_wconf 91' lang='lat' dir='ltr'><strong>mihi</strong></span> <span class='ocrx_word' id='word_1_36' title='bbox 1593 639 1846 687; x_wconf 84' lang='lat' dir='ltr'><strong>accurate</strong></span> <span class='ocrx_word' id='word_1_37' title='bbox 1879 631 2056 685; x_wconf 77' lang='lat' dir='ltr'><strong>inten-</strong></span> 
     </span>
    </p>
   </div>
   <div class='ocr_carea' id='block_1_9' title="bbox 487 718 2053 787">
    <p class='ocr_par' dir='ltr' id='par_1_9' title="bbox 487 718 2053 787">
     <span class='ocr_line' id='line_1_9' title="bbox 487 718 2053 787; baseline 0.002 -15"><span class='ocrx_word' id='word_1_38' title='bbox 487 718 600 772; x_wconf 87' lang='lat' dir='ltr'><strong>dite</strong></span> <span class='ocrx_word' id='word_1_39' title='bbox 630 737 644 772; x_wconf 91' lang='lat'><strong>:</strong></span> <span class='ocrx_word' id='word_1_40' title='bbox 671 719 796 774; x_wconf 92' lang='lat' dir='ltr'><strong>volo</strong></span> <span class='ocrx_word' id='word_1_41' title='bbox 831 720 978 775; x_wconf 91' lang='lat' dir='ltr'><strong>enim</strong></span> <span class='ocrx_word' id='word_1_42' title='bbox 1015 735 1296 776; x_wconf 79' lang='lat' dir='ltr'><strong>recurrere</strong></span> <span class='ocrx_word' id='word_1_43' title='bbox 1325 723 1392 776; x_wconf 88' lang='lat' dir='ltr'><strong>ad</strong></span> <span class='ocrx_word' id='word_1_44' title='bbox 1423 721 1622 777; x_wconf 84' lang='lat' dir='ltr'><strong>fontem</strong></span> <span class='ocrx_word' id='word_1_45' title='bbox 1657 725 1802 787; x_wconf 68' lang='lat' dir='ltr'><strong>vitae,</strong></span> <span class='ocrx_word' id='word_1_46' title='bbox 1834 730 1888 777; x_wconf 89' lang='lat' dir='ltr'><strong>et</strong></span> <span class='ocrx_word' id='word_1_47' title='bbox 1929 721 2053 776; x_wconf 82' lang='lat' dir='ltr'><strong>fon-</strong></span> 
     </span>
    </p>
   </div>
   <div class='ocr_carea' id='block_1_10' title="bbox 485 811 2054 882">
    <p class='ocr_par' dir='ltr' id='par_1_10' title="bbox 485 811 2054 882">
     <span class='ocr_line' id='line_1_10' title="bbox 485 811 2054 882; baseline 0.001 -18"><span class='ocrx_word' id='word_1_48' title='bbox 485 818 594 865; x_wconf 90' lang='lat' dir='ltr'><strong>tem</strong></span> <span class='ocrx_word' id='word_1_49' title='bbox 630 811 869 866; x_wconf 85' lang='lat' dir='ltr'><strong>medelas</strong></span> <span class='ocrx_word' id='word_1_50' title='bbox 909 813 1295 868; x_wconf 86' lang='lat' dir='ltr'><strong>scaturientem</strong></span> <span class='ocrx_word' id='word_1_51' title='bbox 1341 814 1716 882; x_wconf 86' lang='lat' dir='ltr'><strong>contemplari.</strong></span> <span class='ocrx_word' id='word_1_52' title='bbox 1761 813 1919 868; x_wconf 81' lang='lat' dir='ltr'><strong>Pater</strong></span> <span class='ocrx_word' id='word_1_53' title='bbox 1953 813 2054 866; x_wconf 83' lang='lat' dir='ltr'><strong>im-</strong></span> 
     </span>
    </p>
   </div>
   <div class='ocr_carea' id='block_1_11' title="bbox 486 903 2054 958">
    <p class='ocr_par' dir='ltr' id='par_1_11' title="bbox 486 903 2054 958">
     <span class='ocr_line' id='line_1_11' title="bbox 486 903 2054 958; baseline 0.001 -2"><span class='ocrx_word' id='word_1_54' title='bbox 486 903 832 958; x_wconf 78' lang='lat' dir='ltr'><strong>mortalitatis</strong></span> <span class='ocrx_word' id='word_1_55' title='bbox 859 904 1224 958; x_wconf 80' lang='lat' dir='ltr'><strong>immortalem</strong></span> <span class='ocrx_word' id='word_1_56' title='bbox 1255 903 1450 958; x_wconf 87' lang='lat' dir='ltr'><strong>Filium</strong></span> <span class='ocrx_word' id='word_1_57' title='bbox 1478 920 1542 958; x_wconf 92' lang='lat' dir='ltr'><strong>ac</strong></span> <span class='ocrx_word' id='word_1_58' title='bbox 1565 903 1800 958; x_wconf 90' lang='lat' dir='ltr'><strong>Verbum</strong></span> <span class='ocrx_word' id='word_1_59' title='bbox 1826 905 1880 958; x_wconf 92' lang='lat' dir='ltr'><strong>in</strong></span> <span class='ocrx_word' id='word_1_60' title='bbox 1903 920 2054 958; x_wconf 90' lang='lat' dir='ltr'><strong>mun-</strong></span> 
     </span>
    </p>
   </div>
   <div class='ocr_carea' id='block_1_12' title="bbox 483 993 2052 1066">
    <p class='ocr_par' dir='ltr' id='par_1_12' title="bbox 483 993 2052 1066">
     <span class='ocr_line' id='line_1_12' title="bbox 483 993 2052 1066; baseline 0.003 -19"><span class='ocrx_word' id='word_1_61' title='bbox 483 993 612 1047; x_wconf 91' lang='lat' dir='ltr'><strong>dum</strong></span> <span class='ocrx_word' id='word_1_62' title='bbox 644 994 812 1060; x_wconf 87' lang='lat' dir='ltr'><strong>misit,</strong></span> <span class='ocrx_word' id='word_1_63' title='bbox 845 994 942 1064; x_wconf 87' lang='lat' dir='ltr'><strong>qui</strong></span> <span class='ocrx_word' id='word_1_64' title='bbox 975 995 1122 1049; x_wconf 87' lang='lat' dir='ltr'><strong>venit</strong></span> <span class='ocrx_word' id='word_1_65' title='bbox 1157 995 1224 1050; x_wconf 91' lang='lat' dir='ltr'><strong>ad</strong></span> <span class='ocrx_word' id='word_1_66' title='bbox 1266 997 1512 1052; x_wconf 91' lang='lat' dir='ltr'><strong>homines</strong></span> <span class='ocrx_word' id='word_1_67' title='bbox 1551 997 1765 1051; x_wconf 86' lang='lat' dir='ltr'><strong>loturus</strong></span> <span class='ocrx_word' id='word_1_68' title='bbox 1794 1013 1887 1052; x_wconf 91' lang='lat' dir='ltr'><strong>eos</strong></span> <span class='ocrx_word' id='word_1_69' title='bbox 1912 1013 2052 1066; x_wconf 82' lang='lat' dir='ltr'><strong>aqua</strong></span> 
     </span>
    </p>
   </div>
   <div class='ocr_carea' id='block_1_13' title="bbox 483 1083 2052 1157">
    <p class='ocr_par' dir='ltr' id='par_1_13' title="bbox 483 1083 2052 1157">
     <span class='ocr_line' id='line_1_13' title="bbox 483 1083 2052 1157; baseline 0.003 -21"><span class='ocrx_word' id='word_1_70' title='bbox 483 1093 536 1136; x_wconf 91' lang='lat' dir='ltr'><strong>et</strong></span> <span class='ocrx_word' id='word_1_71' title='bbox 562 1083 766 1152; x_wconf 77' lang='lat' dir='ltr'><strong>Spiritu</strong></span> <span class='ocrx_word' id='word_1_72' title='bbox 803 1104 817 1138; x_wconf 84' lang='lat'><strong>:</strong></span> <span class='ocrx_word' id='word_1_73' title='bbox 848 1095 899 1138; x_wconf 88' lang='lat' dir='ltr'><strong>et</strong></span> <span class='ocrx_word' id='word_1_74' title='bbox 929 1097 1344 1156; x_wconf 87' lang='lat' dir='ltr'><strong>regeneraturus</strong></span> <span class='ocrx_word' id='word_1_75' title='bbox 1378 1087 1444 1140; x_wconf 87' lang='lat' dir='ltr'><strong>ad</strong></span> <span class='ocrx_word' id='word_1_76' title='bbox 1479 1089 1674 1142; x_wconf 77' lang='lat' dir='ltr'><strong>animae</strong></span> <span class='ocrx_word' id='word_1_77' title='bbox 1699 1089 2052 1157; x_wconf 88' lang='lat' dir='ltr'><strong>corporisque</strong></span> 
     </span>
    </p>
   </div>
   <div class='ocr_carea' id='block_1_14' title="bbox 485 1173 2047 1248">
    <p class='ocr_par' dir='ltr' id='par_1_14' title="bbox 485 1173 2047 1248">
     <span class='ocr_line' id='line_1_14' title="bbox 485 1173 2047 1248; baseline 0.004 -22"><span class='ocrx_word' id='word_1_78' title='bbox 485 1173 1072 1244; x_wconf 87' lang='lat' dir='ltr'><strong>incorruptibilitatem,</strong></span> <span class='ocrx_word' id='word_1_79' title='bbox 1103 1177 1388 1246; x_wconf 82' lang='lat' dir='ltr'><strong>inspiravit</strong></span> <span class='ocrx_word' id='word_1_80' title='bbox 1413 1177 1466 1230; x_wconf 92' lang='lat' dir='ltr'><strong>in</strong></span> <span class='ocrx_word' id='word_1_81' title='bbox 1499 1193 1598 1232; x_wconf 89' lang='lat' dir='ltr'><strong>nos</strong></span> <span class='ocrx_word' id='word_1_82' title='bbox 1628 1179 1878 1248; x_wconf 86' lang='lat' dir='ltr'><strong>spiritum</strong></span> <span class='ocrx_word' id='word_1_83' title='bbox 1909 1179 2047 1244; x_wconf 66' lang='lat' dir='ltr'><strong>vitae,</strong></span> 
     </span>
    </p>
   </div>
   <div class='ocr_carea' id='block_1_15' title="bbox 484 1263 2053 1340">
    <p class='ocr_par' dir='ltr' id='par_1_15' title="bbox 484 1263 2053 1340">
     <span class='ocr_line' id='line_1_15' title="bbox 484 1263 2053 1340; baseline 0.005 -25"><span class='ocrx_word' id='word_1_84' title='bbox 484 1271 540 1316; x_wconf 93' lang='lat' dir='ltr'><strong>et</strong></span> <span class='ocrx_word' id='word_1_85' title='bbox 584 1263 986 1333; x_wconf 88' lang='lat' dir='ltr'><strong>incorruptibili</strong></span> <span class='ocrx_word' id='word_1_86' title='bbox 1046 1277 1320 1322; x_wconf 84' lang='lat' dir='ltr'><strong>armatura</strong></span> <span class='ocrx_word' id='word_1_87' title='bbox 1369 1283 1471 1322; x_wconf 91' lang='lat' dir='ltr'><strong>nos</strong></span> <span class='ocrx_word' id='word_1_88' title='bbox 1529 1269 1720 1324; x_wconf 86' lang='lat' dir='ltr'><strong>induit.</strong></span> <span class='ocrx_word' id='word_1_89' title='bbox 1780 1269 1836 1323; x_wconf 90' lang='lat' dir='ltr'><strong>Si</strong></span> <span class='ocrx_word' id='word_1_90' title='bbox 1891 1270 2053 1340; x_wconf 80' lang='lat' dir='ltr'><strong>igitur</strong></span> 
     </span>
    </p>
   </div>
   <div class='ocr_carea' id='block_1_16' title="bbox 483 1351 2050 1422">
    <p class='ocr_par' dir='ltr' id='par_1_16' title="bbox 483 1351 2050 1422">
     <span class='ocr_line' id='line_1_16' title="bbox 483 1351 2050 1422; baseline 0.007 -17"><span class='ocrx_word' id='word_1_91' title='bbox 483 1351 646 1406; x_wconf 89' lang='lat' dir='ltr'><strong>homo</strong></span> <span class='ocrx_word' id='word_1_92' title='bbox 677 1353 851 1408; x_wconf 81' lang='lat' dir='ltr'><strong>factus</strong></span> <span class='ocrx_word' id='word_1_93' title='bbox 893 1355 1220 1410; x_wconf 80' lang='lat' dir='ltr'><strong>immortalis</strong></span> <span class='ocrx_word' id='word_1_94' title='bbox 1259 1367 1361 1422; x_wconf 85' lang='lat' dir='ltr'><strong>est,</strong></span> <span class='ocrx_word' id='word_1_95' title='bbox 1403 1358 1546 1413; x_wconf 90' lang='lat' dir='ltr'><strong>Deus</strong></span> <span class='ocrx_word' id='word_1_96' title='bbox 1573 1361 1734 1414; x_wconf 88' lang='lat' dir='ltr'><strong>etiam</strong></span> <span class='ocrx_word' id='word_1_97' title='bbox 1759 1361 1863 1414; x_wconf 87' lang='lat' dir='ltr'><strong>erit</strong></span> <span class='ocrx_word' id='word_1_98' title='bbox 1889 1361 1952 1414; x_wconf 84' lang='grc'><strong>¹⁶.</strong></span> <span class='ocrx_word' id='word_1_99' title='bbox 1993 1361 2050 1416; x_wconf 91' lang='lat' dir='ltr'><strong>Si</strong></span> 
     </span>
    </p>
   </div>
   <div class='ocr_carea' id='block_1_17' title="bbox 481 1445 2050 1520">
    <p class='ocr_par' dir='ltr' id='par_1_17' title="bbox 481 1445 2050 1520">
     <span class='ocr_line' id='line_1_17' title="bbox 481 1445 2050 1520; baseline 0.006 -26"><span class='ocrx_word' id='word_1_100' title='bbox 481 1458 610 1498; x_wconf 80' lang='lat' dir='ltr'><strong>vero</strong></span> <span class='ocrx_word' id='word_1_101' title='bbox 650 1460 745 1513; x_wconf 89' lang='lat' dir='ltr'><strong>per</strong></span> <span class='ocrx_word' id='word_1_102' title='bbox 787 1461 983 1514; x_wconf 89' lang='lat' dir='ltr'><strong>aquam</strong></span> <span class='ocrx_word' id='word_1_103' title='bbox 1031 1456 1086 1500; x_wconf 89' lang='lat' dir='ltr'><strong>et</strong></span> <span class='ocrx_word' id='word_1_104' title='bbox 1121 1445 1382 1516; x_wconf 86' lang='lat' dir='ltr'><strong>Spiritum</strong></span> <span class='ocrx_word' id='word_1_105' title='bbox 1418 1459 1666 1504; x_wconf 88' lang='lat' dir='ltr'><strong>sanctum</strong></span> <span class='ocrx_word' id='word_1_106' title='bbox 1697 1467 1727 1504; x_wconf 92' lang='lat' dir='ltr'><strong>a</strong></span> <span class='ocrx_word' id='word_1_107' title='bbox 1762 1467 2050 1520; x_wconf 82' lang='lat' dir='ltr'><strong>regenera-</strong></span> 
     </span>
    </p>
   </div>
   <div class='ocr_carea' id='block_1_18' title="bbox 483 1533 2051 1608">
    <p class='ocr_par' dir='ltr' id='par_1_18' title="bbox 483 1533 2051 1608">
     <span class='ocr_line' id='line_1_18' title="bbox 483 1533 2051 1608; baseline 0.007 -23"><span class='ocrx_word' id='word_1_108' title='bbox 483 1533 632 1588; x_wconf 83' lang='lat' dir='ltr'><strong>tione</strong></span> <span class='ocrx_word' id='word_1_109' title='bbox 668 1548 736 1587; x_wconf 72' lang='lat' dir='ltr'><strong>ex</strong></span> <span class='ocrx_word' id='word_1_110' title='bbox 764 1533 981 1589; x_wconf 88' lang='lat' dir='ltr'><strong>lavacro</strong></span> <span class='ocrx_word' id='word_1_111' title='bbox 1027 1535 1170 1592; x_wconf 89' lang='lat' dir='ltr'><strong>Deus</strong></span> <span class='ocrx_word' id='word_1_112' title='bbox 1213 1537 1290 1599; x_wconf 86' lang='lat' dir='ltr'><strong>lit,</strong></span> <span class='ocrx_word' id='word_1_113' title='bbox 1341 1539 1671 1608; x_wconf 87' lang='lat' dir='ltr'><strong>comperitur</strong></span> <span class='ocrx_word' id='word_1_114' title='bbox 1715 1541 1877 1594; x_wconf 86' lang='lat' dir='ltr'><strong>etiam</strong></span> <span class='ocrx_word' id='word_1_115' title='bbox 1929 1551 2051 1608; x_wconf 90' lang='lat' dir='ltr'><strong>post</strong></span> 
     </span>
    </p>
   </div>
   <div class='ocr_carea' id='block_1_19' title="bbox 481 1627 2046 1690">
    <p class='ocr_par' dir='ltr' id='par_1_19' title="bbox 481 1627 2046 1690">
     <span class='ocr_line' id='line_1_19' title="bbox 481 1627 2046 1690; baseline 0.009 -15"><span class='ocrx_word' id='word_1_116' title='bbox 481 1627 935 1680; x_wconf 89' lang='lat' dir='ltr'><strong>resurrectionem</strong></span> <span class='ocrx_word' id='word_1_117' title='bbox 979 1641 1010 1680; x_wconf 90' lang='lat' dir='ltr'><strong>e</strong></span> <span class='ocrx_word' id='word_1_118' title='bbox 1055 1630 1285 1683; x_wconf 88' lang='lat' dir='ltr'><strong>mortuis</strong></span> <span class='ocrx_word' id='word_1_119' title='bbox 1325 1631 1563 1685; x_wconf 74' lang='lat' dir='ltr'><strong>colueres</strong></span> <span class='ocrx_word' id='word_1_120' title='bbox 1608 1630 1812 1686; x_wconf 86' lang='lat' dir='ltr'><strong>Christi</strong></span> <span class='ocrx_word' id='word_1_121' title='bbox 1845 1649 1964 1688; x_wconf 86' lang='lat' dir='ltr'><strong>esse</strong></span> <span class='ocrx_word' id='word_1_122' title='bbox 1983 1635 2046 1690; x_wconf 83' lang='lat'><strong>”.</strong></span> 
     </span>
    </p>
   </div>
   <div class='ocr_carea' id='block_1_20' title="bbox 479 1713 2046 1789">
    <p class='ocr_par' dir='ltr' id='par_1_20' title="bbox 479 1713 2046 1789">
     <span class='ocr_line' id='line_1_20' title="bbox 479 1713 2046 1789; baseline 0.009 -23"><span class='ocrx_word' id='word_1_123' title='bbox 479 1713 646 1782; x_wconf 82' lang='lat' dir='ltr'><strong>Igitur</strong></span> <span class='ocrx_word' id='word_1_124' title='bbox 673 1718 938 1785; x_wconf 70' lang='lat' dir='ltr'><strong>praeconis</strong></span> <span class='ocrx_word' id='word_1_125' title='bbox 969 1734 1102 1774; x_wconf 85' lang='lat' dir='ltr'><strong>voce</strong></span> <span class='ocrx_word' id='word_1_126' title='bbox 1127 1722 1406 1789; x_wconf 87' lang='lat' dir='ltr'><strong>proclamo</strong></span> <span class='ocrx_word' id='word_1_127' title='bbox 1440 1741 1454 1776; x_wconf 89' lang='lat'><strong>:</strong></span> <span class='ocrx_word' id='word_1_128' title='bbox 1487 1721 1700 1788; x_wconf 79' lang='lat' dir='ltr'><strong>Venite,</strong></span> <span class='ocrx_word' id='word_1_129' title='bbox 1735 1739 1924 1780; x_wconf 89' lang='lat' dir='ltr'><strong>omnes</strong></span> <span class='ocrx_word' id='word_1_130' title='bbox 1947 1727 2046 1780; x_wconf 89' lang='lat' dir='ltr'><strong>tri-</strong></span> 
     </span>
    </p>
   </div>
   <div class='ocr_carea' id='block_1_21' title="bbox 2235 625 3684 704">
    <p class='ocr_par' dir='ltr' id='par_1_21' title="bbox 2235 625 3684 704">
     <span class='ocr_line' id='line_1_21' title="bbox 2235 625 3684 704; baseline 0.006 -24"><span class='ocrx_word' id='word_1_131' title='bbox 2235 625 2395 680; x_wconf 86' lang='grc' dir='ltr'>Ἀλλά</span> <span class='ocrx_word' id='word_1_132' title='bbox 2437 627 2744 682; x_wconf 86' lang='grc' dir='ltr'>συντείνατέ</span> <span class='ocrx_word' id='word_1_133' title='bbox 2792 647 2880 699; x_wconf 92' lang='grc' dir='ltr'><strong>μοι</strong></span> <span class='ocrx_word' id='word_1_134' title='bbox 2909 630 3002 684; x_wconf 82' lang='grc' dir='ltr'><strong>τὸν</strong></span> <span class='ocrx_word' id='word_1_135' title='bbox 3044 629 3188 695; x_wconf 83' lang='grc' dir='ltr'>νοῦν,</span> <span class='ocrx_word' id='word_1_136' title='bbox 3219 631 3535 702; x_wconf 81' lang='grc' dir='ltr'><strong>παρακαλῶ,</strong></span> <span class='ocrx_word' id='word_1_137' title='bbox 3569 633 3684 704; x_wconf 73' lang='grc' dir='ltr'>μετὰ</span> 
     </span>
    </p>
   </div>
   <div class='ocr_carea' id='block_1_22' title="bbox 2151 717 3686 796">
    <p class='ocr_par' dir='ltr' id='par_1_22' title="bbox 2151 717 3686 796">
     <span class='ocr_line' id='line_1_22' title="bbox 2151 717 3686 796; baseline 0.007 -27"><span class='ocrx_word' id='word_1_138' title='bbox 2151 717 2462 788; x_wconf 79' lang='grc' dir='ltr'>ἀκριϐείας·</span> <span class='ocrx_word' id='word_1_139' title='bbox 2514 719 2772 792; x_wconf 85' lang='grc' dir='ltr'>βούλομαι</span> <span class='ocrx_word' id='word_1_140' title='bbox 2816 721 2920 792; x_wconf 77' lang='grc' dir='ltr'><strong>γάρ</strong></span> <span class='ocrx_word' id='word_1_141' title='bbox 2955 723 3047 774; x_wconf 77' lang='grc' dir='ltr'>ἐπὶ</span> <span class='ocrx_word' id='word_1_142' title='bbox 3083 723 3178 794; x_wconf 77' lang='grc' dir='ltr'>τὴν</span> <span class='ocrx_word' id='word_1_143' title='bbox 3213 724 3394 794; x_wconf 75' lang='grc' dir='ltr'>πηγὴν</span> <span class='ocrx_word' id='word_1_144' title='bbox 3439 725 3530 795; x_wconf 79' lang='grc' dir='ltr'>τῆς</span> <span class='ocrx_word' id='word_1_145' title='bbox 3564 724 3686 796; x_wconf 78' lang='grc' dir='ltr'>ζωῆς</span> 
     </span>
    </p>
   </div>
   <div class='ocr_carea' id='block_1_23' title="bbox 2149 807 3685 887">
    <p class='ocr_par' dir='ltr' id='par_1_23' title="bbox 2149 807 3685 887">
     <span class='ocr_line' id='line_1_23' title="bbox 2149 807 3685 887; baseline 0.007 -27"><span class='ocrx_word' id='word_1_146' title='bbox 2149 807 2499 879; x_wconf 80' lang='grc' dir='ltr'><strong>ἀναδραμεῖν,</strong></span> <span class='ocrx_word' id='word_1_147' title='bbox 2535 813 2629 864; x_wconf 79' lang='grc' dir='ltr'><strong>καὶ</strong></span> <span class='ocrx_word' id='word_1_148' title='bbox 2658 811 2950 867; x_wconf 87' lang='grc' dir='ltr'>θεάσασθαι</span> <span class='ocrx_word' id='word_1_149' title='bbox 2985 815 3081 887; x_wconf 79' lang='grc' dir='ltr'>τὴν</span> <span class='ocrx_word' id='word_1_150' title='bbox 3121 815 3302 885; x_wconf 77' lang='grc' dir='ltr'>πηγὴν</span> <span class='ocrx_word' id='word_1_151' title='bbox 3335 815 3440 868; x_wconf 80' lang='grc' dir='ltr'>τῶν</span> <span class='ocrx_word' id='word_1_152' title='bbox 3475 817 3685 886; x_wconf 74' lang='grc' dir='ltr'>ἰαμάτων</span> 
     </span>
    </p>
   </div>
   <div class='ocr_carea' id='block_1_24' title="bbox 2150 897 3686 974">
    <p class='ocr_par' dir='ltr' id='par_1_24' title="bbox 2150 897 3686 974">
     <span class='ocr_line' id='line_1_24' title="bbox 2150 897 3686 974; baseline 0.008 -28"><span class='ocrx_word' id='word_1_153' title='bbox 2150 897 2520 965; x_wconf 78' lang='grc' dir='ltr'>πηγάζουσαν.</span> <span class='ocrx_word' id='word_1_154' title='bbox 2562 899 2619 951; x_wconf 88' lang='lat'><strong>&#39;0</strong></span> <span class='ocrx_word' id='word_1_155' title='bbox 2649 900 2746 970; x_wconf 88' lang='grc' dir='ltr'>τῆς</span> <span class='ocrx_word' id='word_1_156' title='bbox 2771 901 3068 966; x_wconf 80' lang='grc' dir='ltr'><strong>ἀθανασίας</strong></span> <span class='ocrx_word' id='word_1_157' title='bbox 3099 905 3307 974; x_wconf 78' lang='grc' dir='ltr'>Πατὴρ,</span> <span class='ocrx_word' id='word_1_158' title='bbox 3333 904 3422 957; x_wconf 79' lang='grc' dir='ltr'>τὸν</span> <span class='ocrx_word' id='word_1_159' title='bbox 3455 905 3686 960; x_wconf 84' lang='grc' dir='ltr'>ἀθάνατον</span> 
     </span>
    </p>
   </div>
   <div class='ocr_carea' id='block_1_25' title="bbox 2150 986 3688 1066">
    <p class='ocr_par' dir='ltr' id='par_1_25' title="bbox 2150 986 3688 1066">
     <span class='ocr_line' id='line_1_25' title="bbox 2150 986 3688 1066; baseline 0.007 -26"><span class='ocrx_word' id='word_1_160' title='bbox 2150 986 2276 1040; x_wconf 84' lang='grc' dir='ltr'>Υἱὸν</span> <span class='ocrx_word' id='word_1_161' title='bbox 2297 988 2390 1040; x_wconf 73' lang='grc' dir='ltr'><strong>καὶ</strong></span> <span class='ocrx_word' id='word_1_162' title='bbox 2411 989 2580 1057; x_wconf 84' lang='grc' dir='ltr'>Λόγον</span> <span class='ocrx_word' id='word_1_163' title='bbox 2607 991 2922 1046; x_wconf 83' lang='grc' dir='ltr'>ἀπέστειλεν</span> <span class='ocrx_word' id='word_1_164' title='bbox 2945 997 3023 1058; x_wconf 85' lang='grc' dir='ltr'><strong>είς</strong></span> <span class='ocrx_word' id='word_1_165' title='bbox 3051 995 3140 1048; x_wconf 82' lang='grc' dir='ltr'>τὸν</span> <span class='ocrx_word' id='word_1_166' title='bbox 3171 997 3372 1066; x_wconf 82' lang='grc' dir='ltr'><strong>κόσμον</strong></span> <span class='ocrx_word' id='word_1_167' title='bbox 3391 1013 3404 1026; x_wconf 89' lang='grc'><strong>·</strong></span> <span class='ocrx_word' id='word_1_168' title='bbox 3441 997 3500 1060; x_wconf 81' lang='grc' dir='ltr'>ὃς</span> <span class='ocrx_word' id='word_1_169' title='bbox 3527 998 3688 1064; x_wconf 74' lang='grc' dir='ltr'>ἀφικό-</span> 
     </span>
    </p>
   </div>
   <div class='ocr_carea' id='block_1_26' title="bbox 2154 1083 3688 1155">
    <p class='ocr_par' dir='ltr' id='par_1_26' title="bbox 2154 1083 3688 1155">
     <span class='ocr_line' id='line_1_26' title="bbox 2154 1083 3688 1155; baseline 0.008 -25"><span class='ocrx_word' id='word_1_170' title='bbox 2154 1096 2314 1150; x_wconf 81' lang='grc' dir='ltr'>μενος</span> <span class='ocrx_word' id='word_1_171' title='bbox 2347 1083 2425 1144; x_wconf 88' lang='grc' dir='ltr'><strong>είς</strong></span> <span class='ocrx_word' id='word_1_172' title='bbox 2459 1083 2548 1134; x_wconf 84' lang='grc' dir='ltr'><strong>τὸν</strong></span> <span class='ocrx_word' id='word_1_173' title='bbox 2579 1083 2882 1155; x_wconf 83' lang='grc' dir='ltr'>ἄνθρωπον,</span> <span class='ocrx_word' id='word_1_174' title='bbox 2923 1087 3214 1142; x_wconf 85' lang='grc' dir='ltr'>λούσασθαι</span> <span class='ocrx_word' id='word_1_175' title='bbox 3249 1088 3398 1142; x_wconf 85' lang='grc' dir='ltr'>ῦδατι</span> <span class='ocrx_word' id='word_1_176' title='bbox 3433 1091 3522 1142; x_wconf 73' lang='grc' dir='ltr'><strong>καὶ</strong></span> <span class='ocrx_word' id='word_1_177' title='bbox 3545 1090 3688 1143; x_wconf 68' lang='lat' dir='ltr'><strong>Ilvati-</strong></span> 
     </span>
    </p>
   </div>
   <div class='ocr_carea' id='block_1_27' title="bbox 2153 1171 3688 1250">
    <p class='ocr_par' dir='ltr' id='par_1_27' title="bbox 2153 1171 3688 1250">
     <span class='ocr_line' id='line_1_27' title="bbox 2153 1171 3688 1250; baseline 0.009 -30"><span class='ocrx_word' id='word_1_178' title='bbox 2153 1185 2280 1238; x_wconf 87' lang='grc' dir='ltr'>ματι</span> <span class='ocrx_word' id='word_1_179' title='bbox 2298 1187 2310 1198; x_wconf 93' lang='grc'><strong>·</strong></span> <span class='ocrx_word' id='word_1_180' title='bbox 2342 1171 2434 1222; x_wconf 77' lang='grc' dir='ltr'><strong>καὶ</strong></span> <span class='ocrx_word' id='word_1_181' title='bbox 2456 1173 2826 1244; x_wconf 79' lang='grc' dir='ltr'>ἀναγεννήσας</span> <span class='ocrx_word' id='word_1_182' title='bbox 2847 1177 2980 1247; x_wconf 80' lang='grc' dir='ltr'>πρὸς</span> <span class='ocrx_word' id='word_1_183' title='bbox 3001 1178 3305 1250; x_wconf 76' lang='grc' dir='ltr'>ἀφθαρσίαν</span> <span class='ocrx_word' id='word_1_184' title='bbox 3329 1180 3506 1250; x_wconf 69' lang='grc' dir='ltr'>ψυχῆς</span> <span class='ocrx_word' id='word_1_185' title='bbox 3533 1199 3584 1233; x_wconf 81' lang='grc' dir='ltr'><strong>τε</strong></span> <span class='ocrx_word' id='word_1_186' title='bbox 3611 1182 3688 1234; x_wconf 74' lang='grc' dir='ltr'><strong>καὶ</strong></span> 
     </span>
    </p>
   </div>
   <div class='ocr_carea' id='block_1_28' title="bbox 2151 1259 3688 1342">
    <p class='ocr_par' dir='ltr' id='par_1_28' title="bbox 2151 1259 3688 1342">
     <span class='ocr_line' id='line_1_28' title="bbox 2151 1259 3688 1342; baseline 0.008 -30"><span class='ocrx_word' id='word_1_187' title='bbox 2151 1259 2417 1329; x_wconf 86' lang='grc' dir='ltr'>σώματος,</span> <span class='ocrx_word' id='word_1_188' title='bbox 2449 1263 2776 1336; x_wconf 73' lang='grc' dir='ltr'>ἐνεφύσησεν</span> <span class='ocrx_word' id='word_1_189' title='bbox 2802 1268 2930 1336; x_wconf 81' lang='grc' dir='ltr'>ἡμῖν</span> <span class='ocrx_word' id='word_1_190' title='bbox 2953 1269 3166 1338; x_wconf 80' lang='grc' dir='ltr'>πνεῦμα</span> <span class='ocrx_word' id='word_1_191' title='bbox 3188 1268 3350 1340; x_wconf 79' lang='grc' dir='ltr'>ζωῆς,</span> <span class='ocrx_word' id='word_1_192' title='bbox 3379 1273 3688 1342; x_wconf 63' lang='grc' dir='ltr'>περιαμᾳιά-</span> 
     </span>
    </p>
   </div>
   <div class='ocr_carea' id='block_1_29' title="bbox 2150 1351 3688 1428">
    <p class='ocr_par' dir='ltr' id='par_1_29' title="bbox 2150 1351 3688 1428">
     <span class='ocr_line' id='line_1_29' title="bbox 2150 1351 3688 1428; baseline 0.008 -28"><span class='ocrx_word' id='word_1_193' title='bbox 2150 1365 2248 1410; x_wconf 87' lang='grc' dir='ltr'><strong>σας</strong></span> <span class='ocrx_word' id='word_1_194' title='bbox 2277 1351 2420 1418; x_wconf 80' lang='grc' dir='ltr'>ἡμᾶς</span> <span class='ocrx_word' id='word_1_195' title='bbox 2439 1351 2698 1422; x_wconf 78' lang='grc' dir='ltr'><strong>ἀφθάρτῳ</strong></span> <span class='ocrx_word' id='word_1_196' title='bbox 2731 1355 3020 1426; x_wconf 68' lang='grc' dir='ltr'>πανοπλία.</span> <span class='ocrx_word' id='word_1_197' title='bbox 3057 1358 3116 1409; x_wconf 88' lang='grc' dir='ltr'>Εἰ</span> <span class='ocrx_word' id='word_1_198' title='bbox 3146 1353 3237 1410; x_wconf 76' lang='grc' dir='ltr'>οὖν</span> <span class='ocrx_word' id='word_1_199' title='bbox 3269 1359 3528 1422; x_wconf 81' lang='grc' dir='ltr'>ἀθάνατος</span> <span class='ocrx_word' id='word_1_200' title='bbox 3556 1361 3688 1428; x_wconf 80' lang='grc' dir='ltr'>γέγο·</span> 
     </span>
    </p>
   </div>
   <div class='ocr_carea' id='block_1_30' title="bbox 2147 1439 3686 1514">
    <p class='ocr_par' dir='ltr' id='par_1_30' title="bbox 2147 1439 3686 1514">
     <span class='ocr_line' id='line_1_30' title="bbox 2147 1439 3686 1514; baseline 0.006 -24"><span class='ocrx_word' id='word_1_201' title='bbox 2147 1455 2236 1490; x_wconf 90' lang='grc' dir='ltr'><strong>νεν</strong></span> <span class='ocrx_word' id='word_1_202' title='bbox 2265 1440 2292 1490; x_wconf 88' lang='grc' dir='ltr'>ὁ</span> <span class='ocrx_word' id='word_1_203' title='bbox 2323 1439 2623 1510; x_wconf 85' lang='grc' dir='ltr'>ἄνθρωπος,</span> <span class='ocrx_word' id='word_1_204' title='bbox 2668 1441 2818 1496; x_wconf 81' lang='grc' dir='ltr'>ἐσται</span> <span class='ocrx_word' id='word_1_205' title='bbox 2859 1445 2954 1496; x_wconf 86' lang='grc' dir='ltr'><strong>καὶ</strong></span> <span class='ocrx_word' id='word_1_206' title='bbox 2981 1445 3110 1508; x_wconf 83' lang='grc' dir='ltr'>Θεός</span> <span class='ocrx_word' id='word_1_207' title='bbox 3141 1447 3272 1514; x_wconf 87' lang='grc'><strong>(81).</strong></span> <span class='ocrx_word' id='word_1_208' title='bbox 3311 1447 3374 1500; x_wconf 83' lang='lat' dir='ltr'><strong>El</strong></span> <span class='ocrx_word' id='word_1_209' title='bbox 3413 1447 3470 1500; x_wconf 81' lang='grc' dir='ltr'>δὲ</span> <span class='ocrx_word' id='word_1_210' title='bbox 3495 1447 3612 1512; x_wconf 70' lang='grc' dir='ltr'>Θεὸς</span> <span class='ocrx_word' id='word_1_211' title='bbox 3635 1449 3686 1500; x_wconf 72' lang='grc' dir='ltr'>δι’</span> 
     </span>
    </p>
   </div>
   <div class='ocr_carea' id='block_1_31' title="bbox 2151 1528 3686 1608">
    <p class='ocr_par' dir='ltr' id='par_1_31' title="bbox 2151 1528 3686 1608">
     <span class='ocr_line' id='line_1_31' title="bbox 2151 1528 3686 1608; baseline 0.006 -28"><span class='ocrx_word' id='word_1_212' title='bbox 2151 1528 2340 1592; x_wconf 81' lang='grc' dir='ltr'>ὓδατος</span> <span class='ocrx_word' id='word_1_213' title='bbox 2375 1531 2468 1582; x_wconf 78' lang='grc' dir='ltr'>καὶ</span> <span class='ocrx_word' id='word_1_214' title='bbox 2499 1531 2812 1602; x_wconf 86' lang='grc' dir='ltr'>Πνεύματος</span> <span class='ocrx_word' id='word_1_215' title='bbox 2839 1533 2996 1600; x_wconf 81' lang='grc' dir='ltr'>ἁγίου</span> <span class='ocrx_word' id='word_1_216' title='bbox 3029 1535 3166 1604; x_wconf 77' lang='grc' dir='ltr'>μετὰ</span> <span class='ocrx_word' id='word_1_217' title='bbox 3195 1535 3290 1606; x_wconf 74' lang='grc' dir='ltr'>τὴν</span> <span class='ocrx_word' id='word_1_218' title='bbox 3319 1535 3418 1605; x_wconf 76' lang='grc' dir='ltr'>τῆς</span> <span class='ocrx_word' id='word_1_219' title='bbox 3450 1537 3686 1608; x_wconf 72' lang='grc' dir='ltr'>κολυμῦή-</span> 
     </span>
    </p>
   </div>
   <div class='ocr_carea' id='block_1_32' title="bbox 2150 1619 3688 1697">
    <p class='ocr_par' dir='ltr' id='par_1_32' title="bbox 2150 1619 3688 1697">
     <span class='ocr_line' id='line_1_32' title="bbox 2150 1619 3688 1697; baseline 0.002 -23"><span class='ocrx_word' id='word_1_220' title='bbox 2150 1619 2283 1692; x_wconf 86' lang='grc' dir='ltr'>θρας</span> <span class='ocrx_word' id='word_1_221' title='bbox 2315 1621 2668 1692; x_wconf 82' lang='grc' dir='ltr'>ἀναγέννησιν</span> <span class='ocrx_word' id='word_1_222' title='bbox 2700 1623 2928 1691; x_wconf 86' lang='grc' dir='ltr'>γίνεται,</span> <span class='ocrx_word' id='word_1_223' title='bbox 2959 1626 3270 1697; x_wconf 85' lang='grc' dir='ltr'>εὑρίσκεται</span> <span class='ocrx_word' id='word_1_224' title='bbox 3304 1628 3400 1679; x_wconf 71' lang='grc' dir='ltr'><strong>καὶ</strong></span> <span class='ocrx_word' id='word_1_225' title='bbox 3423 1627 3688 1696; x_wconf 68' lang='grc' dir='ltr'>συγκληρο-</span> 
     </span>
    </p>
   </div>
   <div class='ocr_carea' id='block_1_33' title="bbox 2149 1709 3686 1788">
    <p class='ocr_par' dir='ltr' id='par_1_33' title="bbox 2149 1709 3686 1788">
     <span class='ocr_line' id='line_1_33' title="bbox 2149 1709 3686 1788; baseline 0.004 -25"><span class='ocrx_word' id='word_1_226' title='bbox 2149 1709 2310 1780; x_wconf 85' lang='grc' dir='ltr'>νόμος</span> <span class='ocrx_word' id='word_1_227' title='bbox 2346 1713 2579 1783; x_wconf 79' lang='grc' dir='ltr'><strong>Χριστοῦ</strong></span> <span class='ocrx_word' id='word_1_228' title='bbox 2621 1715 2760 1784; x_wconf 81' lang='grc' dir='ltr'>μετὰ</span> <span class='ocrx_word' id='word_1_229' title='bbox 2789 1715 2886 1786; x_wconf 82' lang='grc' dir='ltr'>τὴν</span> <span class='ocrx_word' id='word_1_230' title='bbox 2920 1717 2983 1769; x_wconf 88' lang='grc' dir='ltr'><strong>ἐκ</strong></span> <span class='ocrx_word' id='word_1_231' title='bbox 3015 1716 3222 1788; x_wconf 81' lang='grc' dir='ltr'>νεκρῶν</span> <span class='ocrx_word' id='word_1_232' title='bbox 3257 1717 3568 1770; x_wconf 81' lang='grc' dir='ltr'>ἀνάστασιν.</span> <span class='ocrx_word' id='word_1_233' title='bbox 3611 1717 3686 1769; x_wconf 77' lang='grc' dir='ltr'>Διδ</span> 
     </span>
    </p>
   </div>
   <div class='ocr_carea' id='block_1_34' title="bbox 479 1796 2040 1880">
    <p class='ocr_par' dir='ltr' id='par_1_34' title="bbox 479 1804 2040 1877">
     <span class='ocr_line' id='line_1_34' title="bbox 479 1804 2040 1877; baseline 0.008 -19"><span class='ocrx_word' id='word_1_234' title='bbox 479 1804 584 1858; x_wconf 81' lang='lat' dir='ltr'><strong>bus</strong></span> <span class='ocrx_word' id='word_1_235' title='bbox 609 1805 872 1874; x_wconf 88' lang='lat' dir='ltr'><strong>gentium,</strong></span> <span class='ocrx_word' id='word_1_236' title='bbox 903 1807 968 1860; x_wconf 89' lang='lat' dir='ltr'><strong>ad</strong></span> <span class='ocrx_word' id='word_1_237' title='bbox 995 1809 1338 1877; x_wconf 89' lang='lat' dir='ltr'><strong>baptismatis</strong></span> <span class='ocrx_word' id='word_1_238' title='bbox 1363 1812 1842 1868; x_wconf 88' lang='lat' dir='ltr'><strong>immortalitatem.</strong></span> <span class='ocrx_word' id='word_1_239' title='bbox 1871 1814 2040 1871; x_wconf 81' lang='lat' dir='ltr'><strong>Vitam</strong></span> 
     </span>
    </p>
   </div>
   <div class='ocr_carea' id='block_1_35' title="bbox 2146 1796 3687 1880">
    <p class='ocr_par' dir='ltr' id='par_1_35' title="bbox 2149 1802 3687 1880">
     <span class='ocr_line' id='line_1_35' title="bbox 2149 1802 3687 1880; baseline 0.001 -25"><span class='ocrx_word' id='word_1_240' title='bbox 2149 1802 2404 1873; x_wconf 71' lang='grc' dir='ltr'>κηρύσσω</span> <span class='ocrx_word' id='word_1_241' title='bbox 2435 1803 2627 1872; x_wconf 82' lang='grc' dir='ltr'>λέγων·</span> <span class='ocrx_word' id='word_1_242' title='bbox 2659 1805 2844 1874; x_wconf 81' lang='grc' dir='ltr'><strong>Δεῦτε,</strong></span> <span class='ocrx_word' id='word_1_243' title='bbox 2878 1809 3048 1861; x_wconf 76' lang='grc' dir='ltr'>πᾶσαι</span> <span class='ocrx_word' id='word_1_244' title='bbox 3081 1810 3136 1860; x_wconf 86' lang='grc' dir='ltr'>αἱ</span> <span class='ocrx_word' id='word_1_245' title='bbox 3165 1810 3390 1880; x_wconf 76' lang='grc' dir='ltr'>πατριαὶ</span> <span class='ocrx_word' id='word_1_246' title='bbox 3412 1807 3687 1870; x_wconf 81' lang='grc' dir='ltr'>τῶνέθνῶν,</span> 
     </span>
    </p>
   </div>
   <div class='ocr_carea' id='block_1_36' title="bbox 483 1895 2044 1976">
    <p class='ocr_par' dir='ltr' id='par_1_36' title="bbox 483 1895 2044 1976">
     <span class='ocr_line' id='line_1_36' title="bbox 483 1895 2044 1976; baseline 0.01 -28"><span class='ocrx_word' id='word_1_247' title='bbox 483 1895 638 1950; x_wconf 81' lang='lat' dir='ltr'><strong>vobis</strong></span> <span class='ocrx_word' id='word_1_248' title='bbox 669 1898 760 1966; x_wconf 90' lang='lat' dir='ltr'><strong>qui</strong></span> <span class='ocrx_word' id='word_1_249' title='bbox 789 1898 844 1952; x_wconf 91' lang='lat' dir='ltr'><strong>in</strong></span> <span class='ocrx_word' id='word_1_250' title='bbox 869 1900 1187 1969; x_wconf 73' lang='lat' dir='ltr'><strong>ignorantia:</strong></span> <span class='ocrx_word' id='word_1_251' title='bbox 1216 1905 1446 1974; x_wconf 88' lang='lat' dir='ltr'><strong>caligine</strong></span> <span class='ocrx_word' id='word_1_252' title='bbox 1471 1907 1670 1960; x_wconf 76' lang='lat' dir='ltr'><strong>versati</strong></span> <span class='ocrx_word' id='word_1_253' title='bbox 1692 1909 1870 1964; x_wconf 90' lang='lat' dir='ltr'><strong>adhuc</strong></span> <span class='ocrx_word' id='word_1_254' title='bbox 1892 1910 2044 1976; x_wconf 84' lang='lat' dir='ltr'><strong>estis,</strong></span> 
     </span>
    </p>
   </div>
   <div class='ocr_carea' id='block_1_37' title="bbox 479 1983 2048 2056">
    <p class='ocr_par' dir='ltr' id='par_1_37' title="bbox 479 1983 2048 2056">
     <span class='ocr_line' id='line_1_37' title="bbox 479 1983 2048 2056; baseline 0.011 -19"><span class='ocrx_word' id='word_1_255' title='bbox 479 1983 661 2040; x_wconf 73' lang='lat' dir='ltr'><strong>fausto</strong></span> <span class='ocrx_word' id='word_1_256' title='bbox 687 1987 933 2056; x_wconf 79' lang='lat' dir='ltr'><strong>signiﬁco</strong></span> <span class='ocrx_word' id='word_1_257' title='bbox 961 1993 1174 2046; x_wconf 91' lang='lat' dir='ltr'><strong>nuntio.</strong></span> <span class='ocrx_word' id='word_1_258' title='bbox 1202 1991 1394 2048; x_wconf 85' lang='lat' dir='ltr'><strong>Venite</strong></span> <span class='ocrx_word' id='word_1_259' title='bbox 1424 2009 1490 2048; x_wconf 82' lang='lat' dir='ltr'><strong>ex</strong></span> <span class='ocrx_word' id='word_1_260' title='bbox 1521 1996 1782 2051; x_wconf 85' lang='lat' dir='ltr'><strong>servitute</strong></span> <span class='ocrx_word' id='word_1_261' title='bbox 1813 1999 1864 2052; x_wconf 89' lang='lat' dir='ltr'><strong>in</strong></span> <span class='ocrx_word' id='word_1_262' title='bbox 1887 1999 2048 2054; x_wconf 87' lang='lat' dir='ltr'><strong>liber-</strong></span> 
     </span>
    </p>
   </div>
   <div class='ocr_carea' id='block_1_38' title="bbox 481 2083 2046 2157">
    <p class='ocr_par' dir='ltr' id='par_1_38' title="bbox 481 2083 2046 2157">
     <span class='ocr_line' id='line_1_38' title="bbox 481 2083 2046 2157; baseline 0.012 -29"><span class='ocrx_word' id='word_1_263' title='bbox 481 2084 667 2141; x_wconf 87' lang='lat' dir='ltr'><strong>tatem,</strong></span> <span class='ocrx_word' id='word_1_264' title='bbox 699 2093 766 2132; x_wconf 78' lang='lat' dir='ltr'><strong>ex</strong></span> <span class='ocrx_word' id='word_1_265' title='bbox 803 2083 1088 2149; x_wconf 81' lang='lat' dir='ltr'><strong>tyrannide</strong></span> <span class='ocrx_word' id='word_1_266' title='bbox 1123 2084 1188 2138; x_wconf 87' lang='lat' dir='ltr'><strong>ad</strong></span> <span class='ocrx_word' id='word_1_267' title='bbox 1220 2101 1467 2155; x_wconf 84' lang='lat' dir='ltr'><strong>regnum,</strong></span> <span class='ocrx_word' id='word_1_268' title='bbox 1493 2103 1559 2141; x_wconf 80' lang='lat' dir='ltr'><strong>ex</strong></span> <span class='ocrx_word' id='word_1_269' title='bbox 1597 2089 1943 2157; x_wconf 89' lang='lat' dir='ltr'><strong>corruptione</strong></span> <span class='ocrx_word' id='word_1_270' title='bbox 1980 2091 2046 2146; x_wconf 86' lang='lat' dir='ltr'><strong>ad</strong></span> 
     </span>
    </p>
   </div>
   <div class='ocr_carea' id='block_1_39' title="bbox 477 2167 2048 2248">
    <p class='ocr_par' dir='ltr' id='par_1_39' title="bbox 477 2167 2048 2248">
     <span class='ocr_line' id='line_1_39' title="bbox 477 2167 2048 2248; baseline 0.01 -28"><span class='ocrx_word' id='word_1_271' title='bbox 477 2167 1072 2239; x_wconf 87' lang='lat' dir='ltr'><strong>incorruptibilitatem.</strong></span> <span class='ocrx_word' id='word_1_272' title='bbox 1105 2173 1172 2228; x_wconf 89' lang='lat' dir='ltr'><strong>Et</strong></span> <span class='ocrx_word' id='word_1_273' title='bbox 1196 2179 1494 2244; x_wconf 91' lang='lat' dir='ltr'><strong>quomodo,</strong></span> <span class='ocrx_word' id='word_1_274' title='bbox 1513 2179 1710 2248; x_wconf 88' lang='lat' dir='ltr'><strong>inquit,</strong></span> <span class='ocrx_word' id='word_1_275' title='bbox 1733 2181 2048 2236; x_wconf 83' lang='lat' dir='ltr'><strong>veniemus?</strong></span> 
     </span>
    </p>
   </div>
   <div class='ocr_carea' id='block_1_40' title="bbox 476 2257 2049 2338">
    <p class='ocr_par' dir='ltr' id='par_1_40' title="bbox 476 2257 2049 2338">
     <span class='ocr_line' id='line_1_40' title="bbox 476 2257 2049 2338; baseline 0.011 -26"><span class='ocrx_word' id='word_1_276' title='bbox 476 2257 796 2324; x_wconf 87' lang='lat' dir='ltr'><strong>Quomodo?</strong></span> <span class='ocrx_word' id='word_1_277' title='bbox 837 2263 940 2320; x_wconf 89' lang='lat' dir='ltr'><strong>Per</strong></span> <span class='ocrx_word' id='word_1_278' title='bbox 981 2281 1178 2336; x_wconf 90' lang='lat' dir='ltr'><strong>aquam</strong></span> <span class='ocrx_word' id='word_1_279' title='bbox 1226 2279 1280 2323; x_wconf 92' lang='lat' dir='ltr'><strong>et</strong></span> <span class='ocrx_word' id='word_1_280' title='bbox 1327 2269 1587 2338; x_wconf 87' lang='lat' dir='ltr'><strong>Spiritum</strong></span> <span class='ocrx_word' id='word_1_281' title='bbox 1624 2283 1894 2328; x_wconf 88' lang='lat' dir='ltr'><strong>sanctum.</strong></span> <span class='ocrx_word' id='word_1_282' title='bbox 1923 2273 2049 2330; x_wconf 68' lang='lat' dir='ltr'><strong>Haec</strong></span> 
     </span>
    </p>
   </div>
   <div class='ocr_carea' id='block_1_41' title="bbox 477 2356 2046 2432">
    <p class='ocr_par' dir='ltr' id='par_1_41' title="bbox 477 2356 2046 2432">
     <span class='ocr_line' id='line_1_41' title="bbox 477 2356 2046 2432; baseline 0.011 -30"><span class='ocrx_word' id='word_1_283' title='bbox 477 2359 560 2404; x_wconf 87' lang='lat' dir='ltr'><strong>est</strong></span> <span class='ocrx_word' id='word_1_284' title='bbox 589 2367 728 2422; x_wconf 87' lang='lat' dir='ltr'><strong>aqua</strong></span> <span class='ocrx_word' id='word_1_285' title='bbox 758 2369 882 2410; x_wconf 90' lang='lat' dir='ltr'><strong>cum</strong></span> <span class='ocrx_word' id='word_1_286' title='bbox 912 2356 1116 2427; x_wconf 89' lang='lat' dir='ltr'><strong>Spiritu</strong></span> <span class='ocrx_word' id='word_1_287' title='bbox 1149 2361 1462 2430; x_wconf 86' lang='lat' dir='ltr'><strong>conjuncta,</strong></span> <span class='ocrx_word' id='word_1_288' title='bbox 1512 2378 1618 2432; x_wconf 89' lang='lat' dir='ltr'><strong>qua</strong></span> <span class='ocrx_word' id='word_1_289' title='bbox 1653 2365 1937 2432; x_wconf 89' lang='lat' dir='ltr'><strong>paradisus</strong></span> <span class='ocrx_word' id='word_1_290' title='bbox 1969 2367 2046 2420; x_wconf 89' lang='lat' dir='ltr'><strong>ri—</strong></span> 
     </span>
    </p>
   </div>
   <div class='ocr_carea' id='block_1_42' title="bbox 475 2451 2048 2526">
    <p class='ocr_par' dir='ltr' id='par_1_42' title="bbox 475 2451 2048 2526">
     <span class='ocr_line' id='line_1_42' title="bbox 475 2451 2048 2526; baseline 0.012 -30"><span class='ocrx_word' id='word_1_291' title='bbox 475 2452 653 2512; x_wconf 75' lang='lat' dir='ltr'><strong>gatur,</strong></span> <span class='ocrx_word' id='word_1_292' title='bbox 704 2455 850 2502; x_wconf 90' lang='lat' dir='ltr'><strong>terra</strong></span> <span class='ocrx_word' id='word_1_293' title='bbox 903 2451 1228 2520; x_wconf 81' lang='lat' dir='ltr'><strong>pinguescit,</strong></span> <span class='ocrx_word' id='word_1_294' title='bbox 1271 2454 1669 2510; x_wconf 86' lang='lat' dir='ltr'><strong>incrementum</strong></span> <span class='ocrx_word' id='word_1_295' title='bbox 1711 2458 1909 2526; x_wconf 68' lang='lat' dir='ltr'><strong>plantae</strong></span> <span class='ocrx_word' id='word_1_296' title='bbox 1955 2476 2048 2514; x_wconf 89' lang='lat' dir='ltr'><strong>ca-</strong></span> 
     </span>
    </p>
   </div>
   <div class='ocr_carea' id='block_1_43' title="bbox 478 2533 2045 2618">
    <p class='ocr_par' dir='ltr' id='par_1_43' title="bbox 478 2533 2045 2618">
     <span class='ocr_line' id='line_1_43' title="bbox 478 2533 2045 2618; baseline 0.012 -33"><span class='ocrx_word' id='word_1_297' title='bbox 478 2533 653 2601; x_wconf 90' lang='lat' dir='ltr'><strong>piunt,</strong></span> <span class='ocrx_word' id='word_1_298' title='bbox 684 2549 946 2605; x_wconf 80' lang='lat' dir='ltr'><strong>generant</strong></span> <span class='ocrx_word' id='word_1_299' title='bbox 977 2541 1264 2608; x_wconf 87' lang='lat' dir='ltr'><strong>animalia;</strong></span> <span class='ocrx_word' id='word_1_300' title='bbox 1301 2551 1464 2612; x_wconf 89' lang='lat' dir='ltr'><strong>atque</strong></span> <span class='ocrx_word' id='word_1_301' title='bbox 1489 2553 1548 2598; x_wconf 88' lang='lat' dir='ltr'><strong>ut</strong></span> <span class='ocrx_word' id='word_1_302' title='bbox 1579 2549 1762 2600; x_wconf 89' lang='lat' dir='ltr'><strong>omnia</strong></span> <span class='ocrx_word' id='word_1_303' title='bbox 1786 2564 2045 2618; x_wconf 88' lang='lat' dir='ltr'><strong>compen-</strong></span> 
     </span>
    </p>
   </div>
   <div class='ocr_carea' id='block_1_44' title="bbox 477 2621 2046 2702">
    <p class='ocr_par' dir='ltr' id='par_1_44' title="bbox 477 2621 2046 2702">
     <span class='ocr_line' id='line_1_44' title="bbox 477 2621 2046 2702; baseline 0.012 -28"><span class='ocrx_word' id='word_1_304' title='bbox 477 2621 570 2674; x_wconf 89' lang='lat' dir='ltr'><strong>dio</strong></span> <span class='ocrx_word' id='word_1_305' title='bbox 600 2624 914 2691; x_wconf 90' lang='lat' dir='ltr'><strong>amplectar,</strong></span> <span class='ocrx_word' id='word_1_306' title='bbox 954 2642 1050 2695; x_wconf 90' lang='lat' dir='ltr'><strong>per</strong></span> <span class='ocrx_word' id='word_1_307' title='bbox 1087 2645 1252 2696; x_wconf 88' lang='lat' dir='ltr'><strong>quam</strong></span> <span class='ocrx_word' id='word_1_308' title='bbox 1283 2641 1632 2702; x_wconf 79' lang='lat' dir='ltr'><strong>regeneratus</strong></span> <span class='ocrx_word' id='word_1_309' title='bbox 1666 2635 1830 2690; x_wconf 89' lang='lat' dir='ltr'><strong>homo</strong></span> <span class='ocrx_word' id='word_1_310' title='bbox 1872 2639 2046 2692; x_wconf 78' lang='lat' dir='ltr'><strong>viviti-</strong></span> 
     </span>
    </p>
   </div>
   <div class='ocr_carea' id='block_1_45' title="bbox 476 2715 2045 2798">
    <p class='ocr_par' dir='ltr' id='par_1_45' title="bbox 476 2715 2045 2798">
     <span class='ocr_line' id='line_1_45' title="bbox 476 2715 2045 2798; baseline 0.013 -34"><span class='ocrx_word' id='word_1_311' title='bbox 476 2719 652 2780; x_wconf 87' lang='lat' dir='ltr'><strong>catur,</strong></span> <span class='ocrx_word' id='word_1_312' title='bbox 679 2730 782 2784; x_wconf 90' lang='lat' dir='ltr'><strong>qua</strong></span> <span class='ocrx_word' id='word_1_313' title='bbox 814 2715 1064 2772; x_wconf 87' lang='lat' dir='ltr'><strong>Christus</strong></span> <span class='ocrx_word' id='word_1_314' title='bbox 1089 2719 1392 2790; x_wconf 86' lang='lat' dir='ltr'><strong>baptizatus</strong></span> <span class='ocrx_word' id='word_1_315' title='bbox 1407 2733 1510 2786; x_wconf 92' lang='lat' dir='ltr'><strong>est,</strong></span> <span class='ocrx_word' id='word_1_316' title='bbox 1541 2725 1594 2778; x_wconf 91' lang='lat' dir='ltr'><strong>in</strong></span> <span class='ocrx_word' id='word_1_317' title='bbox 1618 2741 1780 2795; x_wconf 89' lang='lat' dir='ltr'><strong>quam</strong></span> <span class='ocrx_word' id='word_1_318' title='bbox 1813 2725 2045 2798; x_wconf 87' lang='lat' dir='ltr'><strong>Spiritus</strong></span> 
     </span>
    </p>
   </div>
   <div class='ocr_carea' id='block_1_46' title="bbox 477 2805 1530 2879">
    <p class='ocr_par' dir='ltr' id='par_1_46' title="bbox 477 2805 1530 2879">
     <span class='ocr_line' id='line_1_46' title="bbox 477 2805 1530 2879; baseline 0.011 -21"><span class='ocrx_word' id='word_1_319' title='bbox 477 2811 700 2860; x_wconf 87' lang='lat' dir='ltr'><strong>sanctus</strong></span> <span class='ocrx_word' id='word_1_320' title='bbox 730 2805 995 2863; x_wconf 72' lang='lat' dir='ltr'><strong>columba:</strong></span> <span class='ocrx_word' id='word_1_321' title='bbox 1025 2813 1203 2879; x_wconf 82' lang='lat' dir='ltr'><strong>specie</strong></span> <span class='ocrx_word' id='word_1_322' title='bbox 1229 2812 1530 2870; x_wconf 89' lang='lat' dir='ltr'><strong>descendit.</strong></span> 
     </span>
    </p>
   </div>
   <div class='ocr_carea' id='block_1_47' title="bbox 547 2986 2046 3066">
    <p class='ocr_par' dir='ltr' id='par_1_47' title="bbox 547 2986 2046 3066">
     <span class='ocr_line' id='line_1_47' title="bbox 547 2986 2046 3066; baseline 0.016 -27"><span class='ocrx_word' id='word_1_323' title='bbox 547 2986 638 3042; x_wconf 78' lang='lat' dir='ltr'><strong>IX.</strong></span> <span class='ocrx_word' id='word_1_324' title='bbox 679 2987 780 3044; x_wconf 83' lang='lat' dir='ltr'><strong>llic</strong></span> <span class='ocrx_word' id='word_1_325' title='bbox 812 3001 894 3046; x_wconf 92' lang='lat' dir='ltr'><strong>est</strong></span> <span class='ocrx_word' id='word_1_326' title='bbox 925 2993 1160 3062; x_wconf 89' lang='lat' dir='ltr'><strong>Spiritus</strong></span> <span class='ocrx_word' id='word_1_327' title='bbox 1187 2997 1280 3066; x_wconf 87' lang='lat' dir='ltr'><strong>qui</strong></span> <span class='ocrx_word' id='word_1_328' title='bbox 1307 2998 1376 3053; x_wconf 92' lang='lat' dir='ltr'><strong>ab</strong></span> <span class='ocrx_word' id='word_1_329' title='bbox 1409 2999 1568 3056; x_wconf 90' lang='lat' dir='ltr'><strong>initio</strong></span> <span class='ocrx_word' id='word_1_330' title='bbox 1602 3021 1622 3054; x_wconf 76' lang='grc' dir='ltr'><strong>ι</strong></span> <span class='ocrx_word' id='word_1_331' title='bbox 1659 3001 1934 3060; x_wconf 80' lang='lat' dir='ltr'><strong>ferebatur</strong></span> <span class='ocrx_word' id='word_1_332' title='bbox 1959 3023 2046 3062; x_wconf 86' lang='lat' dir='ltr'><strong>su-</strong></span> 
     </span>
    </p>
   </div>
   <div class='ocr_carea' id='block_1_48' title="bbox 477 3081 2044 3160">
    <p class='ocr_par' dir='ltr' id='par_1_48' title="bbox 477 3081 2044 3160">
     <span class='ocr_line' id='line_1_48' title="bbox 477 3081 2044 3160; baseline 0.015 -29"><span class='ocrx_word' id='word_1_333' title='bbox 477 3093 573 3148; x_wconf 86' lang='lat' dir='ltr'><strong>per</strong></span> <span class='ocrx_word' id='word_1_334' title='bbox 613 3095 782 3148; x_wconf 87' lang='lat' dir='ltr'><strong>aquas</strong></span> <span class='ocrx_word' id='word_1_335' title='bbox 809 3081 881 3148; x_wconf 74' lang='lat'><strong>“;</strong></span> <span class='ocrx_word' id='word_1_336' title='bbox 919 3102 938 3135; x_wconf 77' lang='grc' dir='ltr'><strong>ι</strong></span> <span class='ocrx_word' id='word_1_337' title='bbox 976 3100 1072 3153; x_wconf 89' lang='lat' dir='ltr'><strong>per</strong></span> <span class='ocrx_word' id='word_1_338' title='bbox 1099 3103 1260 3155; x_wconf 85' lang='lat' dir='ltr'><strong>quem</strong></span> <span class='ocrx_word' id='word_1_339' title='bbox 1295 3091 1530 3146; x_wconf 90' lang='lat' dir='ltr'><strong>mundus</strong></span> <span class='ocrx_word' id='word_1_340' title='bbox 1557 3105 1824 3160; x_wconf 89' lang='lat' dir='ltr'><strong>movetur,</strong></span> <span class='ocrx_word' id='word_1_341' title='bbox 1851 3109 2044 3154; x_wconf 86' lang='lat' dir='ltr'><strong>natura</strong></span> 
     </span>
    </p>
   </div>
   <div class='ocr_carea' id='block_1_49' title="bbox 2147 1893 3686 1971">
    <p class='ocr_par' dir='ltr' id='par_1_49' title="bbox 2147 1893 3686 1971">
     <span class='ocr_line' id='line_1_49' title="bbox 2147 1893 3686 1971; baseline 0.005 -26"><span class='ocrx_word' id='word_1_342' title='bbox 2147 1894 2238 1946; x_wconf 83' lang='grc' dir='ltr'><strong>ἐπὶ</strong></span> <span class='ocrx_word' id='word_1_343' title='bbox 2263 1893 2359 1966; x_wconf 83' lang='grc' dir='ltr'>τὴν</span> <span class='ocrx_word' id='word_1_344' title='bbox 2381 1895 2468 1947; x_wconf 90' lang='grc' dir='ltr'><strong>τοῦ</strong></span> <span class='ocrx_word' id='word_1_345' title='bbox 2498 1895 2866 1968; x_wconf 80' lang='grc' dir='ltr'>βαπτίσματος</span> <span class='ocrx_word' id='word_1_346' title='bbox 2897 1899 3210 1954; x_wconf 88' lang='grc' dir='ltr'>ἀθανασίαν.</span> <span class='ocrx_word' id='word_1_347' title='bbox 3242 1901 3392 1971; x_wconf 80' lang='grc' dir='ltr'><strong>Ζωὴν</strong></span> <span class='ocrx_word' id='word_1_348' title='bbox 3415 1903 3539 1971; x_wconf 85' lang='grc' dir='ltr'>ὑμῖν</span> <span class='ocrx_word' id='word_1_349' title='bbox 3561 1903 3686 1968; x_wconf 65' lang='lat' dir='ltr'><strong>sim;-</strong></span> 
     </span>
    </p>
   </div>
   <div class='ocr_carea' id='block_1_50' title="bbox 2146 1984 3688 2062">
    <p class='ocr_par' dir='ltr' id='par_1_50' title="bbox 2146 1984 3688 2062">
     <span class='ocr_line' id='line_1_50' title="bbox 2146 1984 3688 2062; baseline 0.005 -27"><span class='ocrx_word' id='word_1_350' title='bbox 2146 1984 2450 2056; x_wconf 78' lang='grc' dir='ltr'>γελίζομαι,</span> <span class='ocrx_word' id='word_1_351' title='bbox 2480 1991 2592 2050; x_wconf 87' lang='grc' dir='ltr'>τοῖς</span> <span class='ocrx_word' id='word_1_352' title='bbox 2636 1991 2692 2041; x_wconf 89' lang='grc' dir='ltr'><strong>ἐν</strong></span> <span class='ocrx_word' id='word_1_353' title='bbox 2731 1988 2806 2058; x_wconf 85' lang='grc' dir='ltr'>τῷ</span> <span class='ocrx_word' id='word_1_354' title='bbox 2839 1990 2985 2060; x_wconf 67' lang='grc' dir='ltr'><strong>ζόφῳ</strong></span> <span class='ocrx_word' id='word_1_355' title='bbox 3022 1991 3119 2061; x_wconf 80' lang='grc' dir='ltr'>τῆς</span> <span class='ocrx_word' id='word_1_356' title='bbox 3151 1993 3428 2059; x_wconf 82' lang='grc' dir='ltr'>ἀγνωσίας</span> <span class='ocrx_word' id='word_1_357' title='bbox 3458 1991 3688 2062; x_wconf 69' lang='grc' dir='ltr'>ἐνδιατρί-</span> 
     </span>
    </p>
   </div>
   <div class='ocr_carea' id='block_1_51' title="bbox 2147 2076 3686 2154">
    <p class='ocr_par' dir='ltr' id='par_1_51' title="bbox 2147 2076 3686 2154">
     <span class='ocr_line' id='line_1_51' title="bbox 2147 2076 3686 2154; baseline 0.005 -27"><span class='ocrx_word' id='word_1_358' title='bbox 2147 2076 2350 2130; x_wconf 82' lang='grc' dir='ltr'>ϐουσιν.</span> <span class='ocrx_word' id='word_1_359' title='bbox 2383 2078 2546 2132; x_wconf 81' lang='grc' dir='ltr'>Δεῦτε</span> <span class='ocrx_word' id='word_1_360' title='bbox 2579 2082 2658 2143; x_wconf 87' lang='grc' dir='ltr'><strong>είς</strong></span> <span class='ocrx_word' id='word_1_361' title='bbox 2701 2081 3010 2153; x_wconf 84' lang='grc' dir='ltr'>ἐλευθερίαν</span> <span class='ocrx_word' id='word_1_362' title='bbox 3049 2085 3114 2136; x_wconf 89' lang='grc' dir='ltr'><strong>ἐκ</strong></span> <span class='ocrx_word' id='word_1_363' title='bbox 3157 2084 3424 2147; x_wconf 83' lang='grc' dir='ltr'>δουλείας,</span> <span class='ocrx_word' id='word_1_364' title='bbox 3463 2087 3534 2148; x_wconf 84' lang='grc' dir='ltr'><strong>είς</strong></span> <span class='ocrx_word' id='word_1_365' title='bbox 3563 2084 3686 2154; x_wconf 73' lang='grc' dir='ltr'>βασι-</span> 
     </span>
    </p>
   </div>
   <div class='ocr_carea' id='block_1_52' title="bbox 2119 2167 3682 2246">
    <p class='ocr_par' dir='ltr' id='par_1_52' title="bbox 2119 2167 3682 2246">
     <span class='ocr_line' id='line_1_52' title="bbox 2119 2167 3682 2246; baseline 0.007 -28"><span class='ocrx_word' id='word_1_366' title='bbox 2119 2167 2294 2238; x_wconf 73' lang='grc' dir='ltr'><strong>⁸λείαν</strong></span> <span class='ocrx_word' id='word_1_367' title='bbox 2333 2169 2396 2222; x_wconf 86' lang='grc' dir='ltr'><strong>ἐκ</strong></span> <span class='ocrx_word' id='word_1_368' title='bbox 2441 2171 2771 2241; x_wconf 85' lang='grc' dir='ltr'>τυραννίδος,</span> <span class='ocrx_word' id='word_1_369' title='bbox 2806 2174 2885 2236; x_wconf 88' lang='grc' dir='ltr'>εἰς</span> <span class='ocrx_word' id='word_1_370' title='bbox 2923 2173 3228 2244; x_wconf 72' lang='grc' dir='ltr'>ἀφθαρσίαν</span> <span class='ocrx_word' id='word_1_371' title='bbox 3267 2177 3332 2228; x_wconf 90' lang='grc' dir='ltr'><strong>ἐκ</strong></span> <span class='ocrx_word' id='word_1_372' title='bbox 3361 2177 3464 2246; x_wconf 83' lang='grc' dir='ltr'>τῆς</span> <span class='ocrx_word' id='word_1_373' title='bbox 3493 2177 3682 2246; x_wconf 73' lang='grc' dir='ltr'>φθορᾶς.</span> 
     </span>
    </p>
   </div>
   <div class='ocr_carea' id='block_1_53' title="bbox 2146 2261 3686 2336">
    <p class='ocr_par' dir='ltr' id='par_1_53' title="bbox 2146 2261 3686 2336">
     <span class='ocr_line' id='line_1_53' title="bbox 2146 2261 3686 2336; baseline 0.005 -24"><span class='ocrx_word' id='word_1_374' title='bbox 2146 2261 2256 2312; x_wconf 74' lang='grc' dir='ltr'>Καὶ</span> <span class='ocrx_word' id='word_1_375' title='bbox 2285 2261 2422 2326; x_wconf 88' lang='grc' dir='ltr'>πῶς,</span> <span class='ocrx_word' id='word_1_376' title='bbox 2452 2264 2636 2332; x_wconf 68' lang='grc' dir='ltr'>φησιν,</span> <span class='ocrx_word' id='word_1_377' title='bbox 2677 2265 3040 2336; x_wconf 87' lang='grc' dir='ltr'>ἐλευσόμεθα;</span> <span class='ocrx_word' id='word_1_378' title='bbox 3085 2267 3244 2332; x_wconf 85' lang='grc' dir='ltr'><strong>Πῶς;</strong></span> <span class='ocrx_word' id='word_1_379' title='bbox 3289 2269 3368 2318; x_wconf 86' lang='grc' dir='ltr'><strong>Δι’</strong></span> <span class='ocrx_word' id='word_1_380' title='bbox 3407 2267 3584 2329; x_wconf 74' lang='grc' dir='ltr'>ὓδατος</span> <span class='ocrx_word' id='word_1_381' title='bbox 3611 2269 3686 2320; x_wconf 75' lang='grc' dir='ltr'>καὶ</span> 
     </span>
    </p>
   </div>
   <div class='ocr_carea' id='block_1_54' title="bbox 2147 2351 3686 2427">
    <p class='ocr_par' dir='ltr' id='par_1_54' title="bbox 2147 2351 3686 2427">
     <span class='ocr_line' id='line_1_54' title="bbox 2147 2351 3686 2427; baseline 0.003 -24"><span class='ocrx_word' id='word_1_382' title='bbox 2147 2351 2298 2420; x_wconf 85' lang='grc' dir='ltr'>ἁγίου</span> <span class='ocrx_word' id='word_1_383' title='bbox 2329 2351 2658 2424; x_wconf 83' lang='grc' dir='ltr'>Πνεύματος.</span> <span class='ocrx_word' id='word_1_384' title='bbox 2695 2355 2865 2408; x_wconf 81' lang='grc' dir='ltr'>Τοῦτο</span> <span class='ocrx_word' id='word_1_385' title='bbox 2891 2357 2946 2409; x_wconf 80' lang='grc' dir='ltr'><strong>δέ</strong></span> <span class='ocrx_word' id='word_1_386' title='bbox 2977 2359 3121 2410; x_wconf 87' lang='grc' dir='ltr'>ἐστιν</span> <span class='ocrx_word' id='word_1_387' title='bbox 3163 2357 3224 2409; x_wconf 84' lang='grc' dir='ltr'>τὺ</span> <span class='ocrx_word' id='word_1_388' title='bbox 3267 2357 3416 2427; x_wconf 73' lang='grc' dir='ltr'>ὕδωρ</span> <span class='ocrx_word' id='word_1_389' title='bbox 3455 2359 3514 2410; x_wconf 74' lang='grc' dir='ltr'><strong>τὸ</strong></span> <span class='ocrx_word' id='word_1_390' title='bbox 3547 2356 3686 2410; x_wconf 70' lang='grc' dir='ltr'>Πνεῦ-</span> 
     </span>
    </p>
   </div>
   <div class='ocr_carea' id='block_1_55' title="bbox 2151 2440 3682 2519">
    <p class='ocr_par' dir='ltr' id='par_1_55' title="bbox 2151 2440 3682 2519">
     <span class='ocr_line' id='line_1_55' title="bbox 2151 2440 3682 2519; baseline 0.005 -25"><span class='ocrx_word' id='word_1_391' title='bbox 2151 2459 2277 2511; x_wconf 89' lang='grc' dir='ltr'>ματι</span> <span class='ocrx_word' id='word_1_392' title='bbox 2310 2443 2616 2508; x_wconf 87' lang='grc' dir='ltr'>κοινωνοῦν,</span> <span class='ocrx_word' id='word_1_393' title='bbox 2649 2445 2714 2498; x_wconf 87' lang='grc' dir='ltr'>δι’</span> <span class='ocrx_word' id='word_1_394' title='bbox 2739 2440 2798 2500; x_wconf 80' lang='grc' dir='ltr'>οῦ</span> <span class='ocrx_word' id='word_1_395' title='bbox 2827 2447 3148 2519; x_wconf 84' lang='grc' dir='ltr'>παράδεισος</span> <span class='ocrx_word' id='word_1_396' title='bbox 3180 2447 3480 2512; x_wconf 76' lang='grc' dir='ltr'>ποτίζεται,</span> <span class='ocrx_word' id='word_1_397' title='bbox 3509 2449 3569 2501; x_wconf 86' lang='grc' dir='ltr'>δι’</span> <span class='ocrx_word' id='word_1_398' title='bbox 3591 2443 3682 2518; x_wconf 69' lang='grc' dir='ltr'><strong>οὗή</strong></span> 
     </span>
    </p>
   </div>
   <div class='ocr_carea' id='block_1_56' title="bbox 2146 2529 3683 2604">
    <p class='ocr_par' dir='ltr' id='par_1_56' title="bbox 2146 2529 3683 2604">
     <span class='ocr_line' id='line_1_56' title="bbox 2146 2529 3683 2604; baseline 0.005 -23"><span class='ocrx_word' id='word_1_399' title='bbox 2146 2529 2218 2598; x_wconf 83' lang='grc' dir='ltr'>γῆ</span> <span class='ocrx_word' id='word_1_400' title='bbox 2253 2531 2543 2595; x_wconf 83' lang='grc' dir='ltr'>πιαίνεται,</span> <span class='ocrx_word' id='word_1_401' title='bbox 2572 2533 2639 2586; x_wconf 86' lang='grc' dir='ltr'>δι’</span> <span class='ocrx_word' id='word_1_402' title='bbox 2671 2529 2731 2587; x_wconf 76' lang='grc' dir='ltr'>οὗ</span> <span class='ocrx_word' id='word_1_403' title='bbox 2771 2536 2934 2604; x_wconf 80' lang='grc' dir='ltr'>φυτὸν</span> <span class='ocrx_word' id='word_1_404' title='bbox 2960 2535 3139 2600; x_wconf 75' lang='grc' dir='ltr'>αὔξει,</span> <span class='ocrx_word' id='word_1_405' title='bbox 3181 2537 3248 2589; x_wconf 77' lang='grc' dir='ltr'>δι’</span> <span class='ocrx_word' id='word_1_406' title='bbox 3275 2533 3336 2590; x_wconf 75' lang='grc' dir='ltr'><strong>οὗ</strong></span> <span class='ocrx_word' id='word_1_407' title='bbox 3381 2539 3493 2602; x_wconf 78' lang='grc' dir='ltr'><strong>ζῶα</strong></span> <span class='ocrx_word' id='word_1_408' title='bbox 3533 2554 3683 2590; x_wconf 82' lang='grc' dir='ltr'>τεκνο-</span> 
     </span>
    </p>
   </div>
   <div class='ocr_carea' id='block_1_57' title="bbox 2147 2621 3684 2690">
    <p class='ocr_par' dir='ltr' id='par_1_57' title="bbox 2147 2621 3684 2690">
     <span class='ocr_line' id='line_1_57' title="bbox 2147 2621 3684 2690; baseline 0.001 -18"><span class='ocrx_word' id='word_1_409' title='bbox 2147 2623 2321 2688; x_wconf 84' lang='grc' dir='ltr'><strong>γονεί·</strong></span> <span class='ocrx_word' id='word_1_410' title='bbox 2353 2623 2446 2674; x_wconf 73' lang='grc' dir='ltr'>καὶ</span> <span class='ocrx_word' id='word_1_411' title='bbox 2472 2622 2558 2674; x_wconf 84' lang='grc' dir='ltr'><strong>ἵνα</strong></span> <span class='ocrx_word' id='word_1_412' title='bbox 2589 2623 2764 2675; x_wconf 85' lang='grc' dir='ltr'>πάντα</span> <span class='ocrx_word' id='word_1_413' title='bbox 2791 2621 3022 2676; x_wconf 78' lang='grc' dir='ltr'>συνελὼν</span> <span class='ocrx_word' id='word_1_414' title='bbox 3045 2625 3202 2686; x_wconf 78' lang='grc' dir='ltr'>εἴπω,</span> <span class='ocrx_word' id='word_1_415' title='bbox 3241 2623 3308 2676; x_wconf 83' lang='grc' dir='ltr'>δι’</span> <span class='ocrx_word' id='word_1_416' title='bbox 3329 2621 3392 2678; x_wconf 71' lang='grc' dir='ltr'>οὗ</span> <span class='ocrx_word' id='word_1_417' title='bbox 3423 2623 3684 2690; x_wconf 73' lang='grc' dir='ltr'><strong>ἄναγε-,σνῶ-</strong></span> 
     </span>
    </p>
   </div>
   <div class='ocr_carea' id='block_1_58' title="bbox 2150 2707 3682 2785">
    <p class='ocr_par' dir='ltr' id='par_1_58' title="bbox 2150 2707 3682 2785">
     <span class='ocr_line' id='line_1_58' title="bbox 2150 2707 3682 2785; baseline 0 -22"><span class='ocrx_word' id='word_1_418' title='bbox 2150 2729 2307 2782; x_wconf 86' lang='grc' dir='ltr'>μενος</span> <span class='ocrx_word' id='word_1_419' title='bbox 2355 2712 2698 2780; x_wconf 83' lang='grc' dir='ltr'>ζωογονεῖται</span> <span class='ocrx_word' id='word_1_420' title='bbox 2748 2712 3051 2785; x_wconf 75' lang='grc' dir='ltr'>ἄνθρωπος,</span> <span class='ocrx_word' id='word_1_421' title='bbox 3101 2715 3158 2767; x_wconf 89' lang='grc' dir='ltr'><strong>ἐν</strong></span> <span class='ocrx_word' id='word_1_422' title='bbox 3197 2707 3242 2781; x_wconf 80' lang='grc' dir='ltr'>ᾧ</span> <span class='ocrx_word' id='word_1_423' title='bbox 3283 2715 3382 2767; x_wconf 71' lang='grc' dir='ltr'><strong>καὶ</strong></span> <span class='ocrx_word' id='word_1_424' title='bbox 3421 2717 3450 2766; x_wconf 83' lang='grc' dir='ltr'>ὁ</span> <span class='ocrx_word' id='word_1_425' title='bbox 3487 2713 3682 2784; x_wconf 73' lang='grc' dir='ltr'>Χριστος</span> 
     </span>
    </p>
   </div>
   <div class='ocr_carea' id='block_1_59' title="bbox 2145 2799 3682 2878">
    <p class='ocr_par' dir='ltr' id='par_1_59' title="bbox 2145 2799 3682 2878">
     <span class='ocr_line' id='line_1_59' title="bbox 2145 2799 3682 2878; baseline 0 -22"><span class='ocrx_word' id='word_1_426' title='bbox 2145 2804 2476 2858; x_wconf 78' lang='grc' dir='ltr'>ἐϐαπτίσατο</span> <span class='ocrx_word' id='word_1_427' title='bbox 2495 2845 2510 2872; x_wconf 83' lang='grc'><strong>,</strong></span> <span class='ocrx_word' id='word_1_428' title='bbox 2545 2807 2602 2858; x_wconf 82' lang='grc' dir='ltr'>ἐν</span> <span class='ocrx_word' id='word_1_429' title='bbox 2628 2799 2671 2874; x_wconf 77' lang='grc' dir='ltr'><strong>ᾧ</strong></span> <span class='ocrx_word' id='word_1_430' title='bbox 2703 2805 2796 2858; x_wconf 74' lang='grc' dir='ltr'><strong>καὶ</strong></span> <span class='ocrx_word' id='word_1_431' title='bbox 2823 2807 2884 2859; x_wconf 89' lang='grc' dir='ltr'><strong>τὸ</strong></span> <span class='ocrx_word' id='word_1_432' title='bbox 2915 2805 3136 2876; x_wconf 85' lang='grc' dir='ltr'>Πνεῦμα</span> <span class='ocrx_word' id='word_1_433' title='bbox 3174 2808 3482 2878; x_wconf 79' lang='grc' dir='ltr'>κατήρχετο</span> <span class='ocrx_word' id='word_1_434' title='bbox 3505 2809 3558 2859; x_wconf 84' lang='grc' dir='ltr'><strong>ἐν</strong></span> <span class='ocrx_word' id='word_1_435' title='bbox 3580 2805 3682 2858; x_wconf 78' lang='grc' dir='ltr'>εἴδει</span> 
     </span>
    </p>
   </div>
   <div class='ocr_carea' id='block_1_60' title="bbox 2147 2897 2492 2968">
    <p class='ocr_par' dir='ltr' id='par_1_60' title="bbox 2147 2897 2492 2968">
     <span class='ocr_line' id='line_1_60' title="bbox 2147 2897 2492 2968; baseline -0.003 -19"><span class='ocrx_word' id='word_1_436' title='bbox 2147 2897 2492 2968; x_wconf 78' lang='grc' dir='ltr'>περιστερᾶς.</span> 
     </span>
    </p>
   </div>
   <div class='ocr_carea' id='block_1_61' title="bbox 2219 2987 3684 3062">
    <p class='ocr_par' dir='ltr' id='par_1_61' title="bbox 2219 2987 3684 3062">
     <span class='ocr_line' id='line_1_61' title="bbox 2219 2987 3684 3062; baseline 0 -22"><span class='ocrx_word' id='word_1_437' title='bbox 2219 2989 2388 3041; x_wconf 88' lang='grc' dir='ltr'>Τοῦτο</span> <span class='ocrx_word' id='word_1_438' title='bbox 2410 2987 2464 3041; x_wconf 78' lang='grc' dir='ltr'>δέ</span> <span class='ocrx_word' id='word_1_439' title='bbox 2494 2988 2638 3040; x_wconf 86' lang='grc' dir='ltr'>ἐστιν</span> <span class='ocrx_word' id='word_1_440' title='bbox 2665 2988 2724 3041; x_wconf 85' lang='grc' dir='ltr'><strong>τὸ</strong></span> <span class='ocrx_word' id='word_1_441' title='bbox 2744 2988 2986 3059; x_wconf 85' lang='grc' dir='ltr'>Πνεῦμα,</span> <span class='ocrx_word' id='word_1_442' title='bbox 3012 2989 3072 3042; x_wconf 87' lang='grc' dir='ltr'><strong>τδ</strong></span> <span class='ocrx_word' id='word_1_443' title='bbox 3093 2990 3186 3042; x_wconf 86' lang='grc' dir='ltr'>ἀπ’</span> <span class='ocrx_word' id='word_1_444' title='bbox 3211 2991 3388 3062; x_wconf 79' lang='grc' dir='ltr'>ἀρχῆς</span> <span class='ocrx_word' id='word_1_445' title='bbox 3419 3011 3436 3044; x_wconf 82' lang='grc' dir='ltr'><strong>ι</strong></span> <span class='ocrx_word' id='word_1_446' title='bbox 3465 2989 3684 3059; x_wconf 66' lang='grc' dir='ltr'>ἐπιφερὸ-</span> 
     </span>
    </p>
   </div>
   <div class='ocr_carea' id='block_1_62' title="bbox 2151 3077 3680 3151">
    <p class='ocr_par' dir='ltr' id='par_1_62' title="bbox 2151 3077 3680 3151">
     <span class='ocr_line' id='line_1_62' title="bbox 2151 3077 3680 3151; baseline -0.001 -19"><span class='ocrx_word' id='word_1_447' title='bbox 2151 3097 2308 3150; x_wconf 90' lang='grc' dir='ltr'>μενον</span> <span class='ocrx_word' id='word_1_448' title='bbox 2344 3079 2527 3132; x_wconf 88' lang='grc' dir='ltr'>ἐπάνω</span> <span class='ocrx_word' id='word_1_449' title='bbox 2559 3079 2666 3132; x_wconf 85' lang='grc' dir='ltr'>τῶν</span> <span class='ocrx_word' id='word_1_450' title='bbox 2704 3079 2910 3132; x_wconf 85' lang='grc' dir='ltr'>ὑδάτων</span> <span class='ocrx_word' id='word_1_451' title='bbox 2932 3097 2947 3112; x_wconf 81' lang='grc' dir='ltr'><strong><em>ο</em></strong></span> <span class='ocrx_word' id='word_1_452' title='bbox 2996 3099 3015 3132; x_wconf 76' lang='grc' dir='ltr'><strong>ι</strong></span> <span class='ocrx_word' id='word_1_453' title='bbox 3046 3079 3111 3132; x_wconf 85' lang='grc' dir='ltr'>δι’</span> <span class='ocrx_word' id='word_1_454' title='bbox 3139 3077 3196 3136; x_wconf 76' lang='grc' dir='ltr'><strong>οῦ</strong></span> <span class='ocrx_word' id='word_1_455' title='bbox 3235 3082 3440 3151; x_wconf 79' lang='grc' dir='ltr'>κόσμος</span> <span class='ocrx_word' id='word_1_456' title='bbox 3471 3085 3680 3144; x_wconf 79' lang='grc' dir='ltr'>κινεῖται,</span> 
     </span>
    </p>
   </div>
   <div class='ocr_carea' id='block_1_63' title="bbox 475 3137 2040 3258">
    <p class='ocr_par' dir='ltr' id='par_1_63' title="bbox 475 3137 2040 3258">
     <span class='ocr_line' id='line_1_63' title="bbox 477 3137 2040 3160; baseline 0.013 -27"><span class='ocrx_word' id='word_1_457' title='bbox 477 3137 492 3148; x_wconf 91' lang='lat'>_</span> <span class='ocrx_word' id='word_1_458' title='bbox 663 3137 678 3148; x_wconf 87' lang='lat'>_</span> <span class='ocrx_word' id='word_1_459' title='bbox 868 3137 881 3148; x_wconf 85' lang='lat'><strong>,</strong></span> <span class='ocrx_word' id='word_1_460' title='bbox 976 3137 999 3153; x_wconf 65' lang='lat'><strong>,</strong></span> <span class='ocrx_word' id='word_1_461' title='bbox 1024 3137 1059 3138; x_wconf 47' lang='grc' dir='ltr'><em>η</em></span> <span class='ocrx_word' id='word_1_462' title='bbox 1106 3137 1260 3155; x_wconf 50' lang='grc' dir='ltr'><strong>ΓΠ--</strong></span> <span class='ocrx_word' id='word_1_463' title='bbox 1295 3137 1530 3146; x_wconf 59' lang='grc' dir='ltr'><strong>---η-..ν</strong></span> <span class='ocrx_word' id='word_1_464' title='bbox 1559 3137 1824 3160; x_wconf 71' lang='lat'><strong>...-.......,</strong></span> <span class='ocrx_word' id='word_1_465' title='bbox 1851 3137 2040 3154; x_wconf 70' lang='grc' dir='ltr'><strong>..υ-ι...-</strong></span> 
     </span>
     <span class='ocr_line' id='line_1_64' title="bbox 475 3173 2038 3258; baseline 0.015 -38"><span class='ocrx_word' id='word_1_466' title='bbox 475 3179 658 3224; x_wconf 88' lang='lat' dir='ltr'><strong>creata</strong></span> <span class='ocrx_word' id='word_1_467' title='bbox 697 3173 967 3238; x_wconf 85' lang='lat' dir='ltr'><strong>consistit,</strong></span> <span class='ocrx_word' id='word_1_468' title='bbox 1006 3183 1059 3230; x_wconf 86' lang='lat' dir='ltr'><strong>et</strong></span> <span class='ocrx_word' id='word_1_469' title='bbox 1084 3179 1268 3233; x_wconf 90' lang='lat' dir='ltr'><strong>omnia</strong></span> <span class='ocrx_word' id='word_1_470' title='bbox 1303 3181 1472 3236; x_wconf 93' lang='lat' dir='ltr'><strong>vitam</strong></span> <span class='ocrx_word' id='word_1_471' title='bbox 1515 3185 1825 3256; x_wconf 90' lang='lat' dir='ltr'><strong>accipiunt;</strong></span> <span class='ocrx_word' id='word_1_472' title='bbox 1859 3190 1952 3258; x_wconf 88' lang='lat' dir='ltr'><strong>qui</strong></span> <span class='ocrx_word' id='word_1_473' title='bbox 1981 3191 2038 3244; x_wconf 90' lang='lat' dir='ltr'><strong>in</strong></span> 
     </span>
    </p>
   </div>
   <div class='ocr_carea' id='block_1_64' title="bbox 2146 3137 3679 3258">
    <p class='ocr_par' dir='ltr' id='par_1_64' title="bbox 2146 3166 3679 3244">
     <span class='ocr_line' id='line_1_65' title="bbox 2146 3166 3679 3244; baseline -0.001 -19"><span class='ocrx_word' id='word_1_474' title='bbox 2146 3172 2210 3225; x_wconf 80' lang='grc' dir='ltr'>δι’</span> <span class='ocrx_word' id='word_1_475' title='bbox 2235 3166 2294 3226; x_wconf 73' lang='grc' dir='ltr'>οὗ</span> <span class='ocrx_word' id='word_1_476' title='bbox 2323 3171 2500 3234; x_wconf 84' lang='grc' dir='ltr'>κτίσις</span> <span class='ocrx_word' id='word_1_477' title='bbox 2531 3171 2744 3223; x_wconf 82' lang='grc' dir='ltr'>ἵσταται</span> <span class='ocrx_word' id='word_1_478' title='bbox 2783 3171 2875 3224; x_wconf 77' lang='grc' dir='ltr'>καὶ</span> <span class='ocrx_word' id='word_1_479' title='bbox 2906 3171 2973 3224; x_wconf 88' lang='grc' dir='ltr'><strong>τά</strong></span> <span class='ocrx_word' id='word_1_480' title='bbox 3006 3172 3295 3244; x_wconf 84' lang='grc' dir='ltr'>σύμπαντα</span> <span class='ocrx_word' id='word_1_481' title='bbox 3334 3173 3679 3242; x_wconf 79' lang='grc' dir='ltr'>ζωογονεῖται·</span> 
     </span>
    </p>
   </div>
   <div class='ocr_carea' id='block_1_65' title="bbox 475 3265 2038 3338">
    <p class='ocr_par' dir='ltr' id='par_1_65' title="bbox 475 3265 2038 3338">
     <span class='ocr_line' id='line_1_66' title="bbox 475 3265 2038 3338; baseline 0.015 -25"><span class='ocrx_word' id='word_1_482' title='bbox 475 3265 753 3332; x_wconf 82' lang='lat' dir='ltr'><strong>prophetis</strong></span> <span class='ocrx_word' id='word_1_483' title='bbox 805 3277 1060 3336; x_wconf 88' lang='lat' dir='ltr'><strong>operatus</strong></span> <span class='ocrx_word' id='word_1_484' title='bbox 1085 3279 1168 3324; x_wconf 90' lang='lat' dir='ltr'><strong>est</strong></span> <span class='ocrx_word' id='word_1_485' title='bbox 1191 3273 1256 3338; x_wconf 83' lang='grc'><strong>¹⁹,</strong></span> <span class='ocrx_word' id='word_1_486' title='bbox 1289 3273 1344 3327; x_wconf 92' lang='lat' dir='ltr'><strong>in</strong></span> <span class='ocrx_word' id='word_1_487' title='bbox 1377 3273 1654 3332; x_wconf 89' lang='lat' dir='ltr'><strong>Christum</strong></span> <span class='ocrx_word' id='word_1_488' title='bbox 1679 3280 1948 3336; x_wconf 82' lang='lat' dir='ltr'><strong>devolavit</strong></span> <span class='ocrx_word' id='word_1_489' title='bbox 1971 3284 2038 3337; x_wconf 83' lang='grc'><strong>²⁰.</strong></span> 
     </span>
    </p>
   </div>
   <div class='ocr_carea' id='block_1_66' title="bbox 474 3352 2044 3440">
    <p class='ocr_par' dir='ltr' id='par_1_66' title="bbox 474 3352 2044 3440">
     <span class='ocr_line' id='line_1_67' title="bbox 474 3352 2044 3440; baseline 0.015 -34"><span class='ocrx_word' id='word_1_490' title='bbox 474 3352 574 3409; x_wconf 88' lang='lat' dir='ltr'><strong>llic</strong></span> <span class='ocrx_word' id='word_1_491' title='bbox 622 3365 704 3410; x_wconf 88' lang='lat' dir='ltr'><strong>est</strong></span> <span class='ocrx_word' id='word_1_492' title='bbox 752 3356 986 3426; x_wconf 88' lang='lat' dir='ltr'><strong>Spiritus</strong></span> <span class='ocrx_word' id='word_1_493' title='bbox 1028 3364 1208 3430; x_wconf 85' lang='lat' dir='ltr'><strong>specie</strong></span> <span class='ocrx_word' id='word_1_494' title='bbox 1241 3363 1548 3434; x_wconf 78' lang='lat' dir='ltr'><strong>linguarum</strong></span> <span class='ocrx_word' id='word_1_495' title='bbox 1577 3371 1854 3440; x_wconf 83' lang='lat' dir='ltr'><strong>ignearum</strong></span> <span class='ocrx_word' id='word_1_496' title='bbox 1887 3374 2044 3430; x_wconf 87' lang='lat' dir='ltr'><strong>datus</strong></span> 
     </span>
    </p>
   </div>
   <div class='ocr_carea' id='block_1_67' title="bbox 471 3449 2044 3522">
    <p class='ocr_par' dir='ltr' id='par_1_67' title="bbox 471 3449 2044 3522">
     <span class='ocr_line' id='line_1_68' title="bbox 471 3449 2044 3522; baseline 0.015 -24"><span class='ocrx_word' id='word_1_497' title='bbox 471 3449 732 3514; x_wconf 85' lang='lat' dir='ltr'><strong>apostolis</strong></span> <span class='ocrx_word' id='word_1_498' title='bbox 754 3451 817 3503; x_wconf 85' lang='grc'><strong>²¹.</strong></span> <span class='ocrx_word' id='word_1_499' title='bbox 855 3450 1009 3506; x_wconf 87' lang='lat' dir='ltr'><strong>llunc</strong></span> <span class='ocrx_word' id='word_1_500' title='bbox 1033 3455 1310 3522; x_wconf 64' lang='lat' dir='ltr'><strong>quaerebat</strong></span> <span class='ocrx_word' id='word_1_501' title='bbox 1333 3455 1502 3513; x_wconf 84' lang='lat' dir='ltr'><strong>David</strong></span> <span class='ocrx_word' id='word_1_502' title='bbox 1534 3477 1656 3515; x_wconf 91' lang='lat' dir='ltr'><strong>cum</strong></span> <span class='ocrx_word' id='word_1_503' title='bbox 1688 3463 1824 3519; x_wconf 78' lang='lat' dir='ltr'><strong>dixit</strong></span> <span class='ocrx_word' id='word_1_504' title='bbox 1853 3483 1866 3520; x_wconf 92' lang='lat'><strong>:</strong></span> <span class='ocrx_word' id='word_1_505' title='bbox 1893 3484 1910 3517; x_wconf 87' lang='grc'>‹</span> <span class='ocrx_word' id='word_1_506' title='bbox 1936 3467 2044 3522; x_wconf 85' lang='lat' dir='ltr'><strong>Cor</strong></span> 
     </span>
    </p>
   </div>
   <div class='ocr_carea' id='block_1_68' title="bbox 471 3540 2042 3620">
    <p class='ocr_par' dir='ltr' id='par_1_68' title="bbox 471 3540 2042 3620">
     <span class='ocr_line' id='line_1_69' title="bbox 471 3540 2042 3620; baseline 0.014 -30"><span class='ocrx_word' id='word_1_507' title='bbox 471 3540 739 3592; x_wconf 89' lang='lat' dir='ltr'><strong>mundum</strong></span> <span class='ocrx_word' id='word_1_508' title='bbox 777 3557 898 3596; x_wconf 89' lang='lat' dir='ltr'><strong>crea</strong></span> <span class='ocrx_word' id='word_1_509' title='bbox 937 3543 988 3595; x_wconf 91' lang='lat' dir='ltr'><strong>in</strong></span> <span class='ocrx_word' id='word_1_510' title='bbox 1019 3545 1302 3610; x_wconf 90' lang='lat' dir='ltr'><strong>me,Deus,</strong></span> <span class='ocrx_word' id='word_1_511' title='bbox 1347 3561 1400 3602; x_wconf 88' lang='lat' dir='ltr'><strong>et</strong></span> <span class='ocrx_word' id='word_1_512' title='bbox 1427 3540 1676 3620; x_wconf 86' lang='lat' dir='ltr'><strong>spiritum</strong></span> <span class='ocrx_word' id='word_1_513' title='bbox 1713 3568 1918 3610; x_wconf 88' lang='lat' dir='ltr'><strong>rectum</strong></span> <span class='ocrx_word' id='word_1_514' title='bbox 1959 3558 2042 3612; x_wconf 87' lang='lat' dir='ltr'><strong>in-</strong></span> 
     </span>
    </p>
   </div>
   <div class='ocr_carea' id='block_1_69' title="bbox 472 3626 2043 3700">
    <p class='ocr_par' dir='ltr' id='par_1_69' title="bbox 472 3626 2043 3700">
     <span class='ocr_line' id='line_1_70' title="bbox 472 3626 2043 3700; baseline 0.015 -22"><span class='ocrx_word' id='word_1_515' title='bbox 472 3641 610 3679; x_wconf 83' lang='lat' dir='ltr'><strong>nova</strong></span> <span class='ocrx_word' id='word_1_516' title='bbox 641 3627 694 3679; x_wconf 91' lang='lat' dir='ltr'><strong>in</strong></span> <span class='ocrx_word' id='word_1_517' title='bbox 723 3626 1021 3684; x_wconf 90' lang='lat' dir='ltr'><strong>visceribus</strong></span> <span class='ocrx_word' id='word_1_518' title='bbox 1052 3634 1188 3686; x_wconf 91' lang='lat' dir='ltr'><strong>meis</strong></span> <span class='ocrx_word' id='word_1_519' title='bbox 1210 3635 1276 3686; x_wconf 77' lang='lat'><strong>&quot;.</strong></span> <span class='ocrx_word' id='word_1_520' title='bbox 1299 3654 1316 3685; x_wconf 77' lang='grc' dir='ltr'><strong>ι</strong></span> <span class='ocrx_word' id='word_1_521' title='bbox 1351 3635 1427 3690; x_wconf 91' lang='lat' dir='ltr'><strong>De</strong></span> <span class='ocrx_word' id='word_1_522' title='bbox 1458 3639 1560 3692; x_wconf 92' lang='lat' dir='ltr'><strong>hoc</strong></span> <span class='ocrx_word' id='word_1_523' title='bbox 1587 3639 1804 3696; x_wconf 84' lang='lat' dir='ltr'><strong>Gabriel</strong></span> <span class='ocrx_word' id='word_1_524' title='bbox 1833 3646 1900 3699; x_wconf 88' lang='lat' dir='ltr'><strong>ad</strong></span> <span class='ocrx_word' id='word_1_525' title='bbox 1929 3643 2043 3700; x_wconf 81' lang='lat' dir='ltr'><strong>Vir-</strong></span> 
     </span>
    </p>
   </div>
   <div class='ocr_carea' id='block_1_70' title="bbox 473 3716 2040 3800">
    <p class='ocr_par' dir='ltr' id='par_1_70' title="bbox 473 3716 2040 3800">
     <span class='ocr_line' id='line_1_71' title="bbox 473 3716 2040 3800; baseline 0.016 -33"><span class='ocrx_word' id='word_1_526' title='bbox 473 3716 652 3784; x_wconf 88' lang='lat' dir='ltr'><strong>ginem</strong></span> <span class='ocrx_word' id='word_1_527' title='bbox 681 3737 694 3771; x_wconf 86' lang='lat'><strong>:</strong></span> <span class='ocrx_word' id='word_1_528' title='bbox 731 3735 749 3768; x_wconf 82' lang='grc' dir='ltr'><strong>ι</strong></span> <span class='ocrx_word' id='word_1_529' title='bbox 788 3718 1020 3788; x_wconf 90' lang='lat' dir='ltr'><strong>Spiritus</strong></span> <span class='ocrx_word' id='word_1_530' title='bbox 1046 3733 1269 3778; x_wconf 85' lang='lat' dir='ltr'><strong>sanctus</strong></span> <span class='ocrx_word' id='word_1_531' title='bbox 1298 3733 1640 3796; x_wconf 81' lang='lat' dir='ltr'><strong>superveniet</strong></span> <span class='ocrx_word' id='word_1_532' title='bbox 1669 3733 1722 3786; x_wconf 92' lang='lat' dir='ltr'><strong>in</strong></span> <span class='ocrx_word' id='word_1_533' title='bbox 1753 3744 1822 3800; x_wconf 90' lang='lat' dir='ltr'><strong>te,</strong></span> <span class='ocrx_word' id='word_1_534' title='bbox 1853 3745 1906 3790; x_wconf 89' lang='lat' dir='ltr'><strong>et</strong></span> <span class='ocrx_word' id='word_1_535' title='bbox 1926 3736 2040 3790; x_wconf 86' lang='lat' dir='ltr'><strong>vir-</strong></span> 
     </span>
    </p>
   </div>
   <div class='ocr_carea' id='block_1_71' title="bbox 475 3809 2040 3898">
    <p class='ocr_par' dir='ltr' id='par_1_71' title="bbox 475 3809 2040 3898">
     <span class='ocr_line' id='line_1_72' title="bbox 475 3809 2040 3898; baseline 0.015 -37"><span class='ocrx_word' id='word_1_536' title='bbox 475 3817 564 3862; x_wconf 92' lang='lat' dir='ltr'><strong>tus</strong></span> <span class='ocrx_word' id='word_1_537' title='bbox 591 3811 856 3864; x_wconf 87' lang='lat' dir='ltr'><strong>Altissimi</strong></span> <span class='ocrx_word' id='word_1_538' title='bbox 893 3809 1242 3869; x_wconf 82' lang='lat' dir='ltr'><strong>obumbrabit</strong></span> <span class='ocrx_word' id='word_1_539' title='bbox 1273 3818 1368 3870; x_wconf 89' lang='lat' dir='ltr'><strong>tibi</strong></span> <span class='ocrx_word' id='word_1_540' title='bbox 1387 3821 1452 3873; x_wconf 86' lang='grc'><strong>²³.</strong></span> <span class='ocrx_word' id='word_1_541' title='bbox 1487 3839 1506 3872; x_wconf 72' lang='grc' dir='ltr'><strong>ι</strong></span> <span class='ocrx_word' id='word_1_542' title='bbox 1551 3821 1653 3877; x_wconf 88' lang='lat' dir='ltr'><strong>Per</strong></span> <span class='ocrx_word' id='word_1_543' title='bbox 1695 3825 1837 3880; x_wconf 89' lang='lat' dir='ltr'><strong>hunc</strong></span> <span class='ocrx_word' id='word_1_544' title='bbox 1870 3826 2040 3898; x_wconf 89' lang='lat' dir='ltr'><strong>Spiri-</strong></span> 
     </span>
    </p>
   </div>
   <div class='ocr_carea' id='block_1_72' title="bbox 473 3900 2036 3976">
    <p class='ocr_par' dir='ltr' id='par_1_72' title="bbox 473 3900 2036 3976">
     <span class='ocr_line' id='line_1_73' title="bbox 473 3900 2036 3976; baseline 0.013 -22"><span class='ocrx_word' id='word_1_545' title='bbox 473 3909 586 3954; x_wconf 88' lang='lat' dir='ltr'><strong>tum</strong></span> <span class='ocrx_word' id='word_1_546' title='bbox 609 3900 804 3957; x_wconf 88' lang='lat' dir='ltr'><strong>Petrus</strong></span> <span class='ocrx_word' id='word_1_547' title='bbox 829 3905 1040 3959; x_wconf 90' lang='lat' dir='ltr'><strong>heatam</strong></span> <span class='ocrx_word' id='word_1_548' title='bbox 1069 3907 1214 3960; x_wconf 88' lang='lat' dir='ltr'><strong>illam</strong></span> <span class='ocrx_word' id='word_1_549' title='bbox 1249 3925 1434 3964; x_wconf 77' lang='lat' dir='ltr'><strong>vocem</strong></span> <span class='ocrx_word' id='word_1_550' title='bbox 1456 3913 1649 3970; x_wconf 81' lang='lat' dir='ltr'><strong>eﬂatus</strong></span> <span class='ocrx_word' id='word_1_551' title='bbox 1671 3926 1752 3971; x_wconf 90' lang='lat' dir='ltr'><strong>est</strong></span> <span class='ocrx_word' id='word_1_552' title='bbox 1778 3936 1790 3970; x_wconf 92' lang='lat'>:</span> <span class='ocrx_word' id='word_1_553' title='bbox 1830 3937 1848 3970; x_wconf 77' lang='grc' dir='ltr'><strong>ι</strong></span> <span class='ocrx_word' id='word_1_554' title='bbox 1873 3919 1952 3974; x_wconf 90' lang='lat' dir='ltr'><strong>Tu</strong></span> <span class='ocrx_word' id='word_1_555' title='bbox 1977 3937 2036 3976; x_wconf 90' lang='lat' dir='ltr'><strong>es</strong></span> 
     </span>
    </p>
   </div>
   <div class='ocr_carea' id='block_1_73' title="bbox 467 3991 2036 4079">
    <p class='ocr_par' dir='ltr' id='par_1_73' title="bbox 467 3991 2036 4079">
     <span class='ocr_line' id='line_1_74' title="bbox 467 3991 2036 4079; baseline 0.014 -35"><span class='ocrx_word' id='word_1_556' title='bbox 467 3991 721 4048; x_wconf 88' lang='lat' dir='ltr'><strong>Christus</strong></span> <span class='ocrx_word' id='word_1_557' title='bbox 779 3993 949 4051; x_wconf 89' lang='lat' dir='ltr'><strong>Filius</strong></span> <span class='ocrx_word' id='word_1_558' title='bbox 976 3996 1070 4052; x_wconf 90' lang='lat' dir='ltr'><strong>Dei</strong></span> <span class='ocrx_word' id='word_1_559' title='bbox 1099 4000 1327 4057; x_wconf 84' lang='lat' dir='ltr'><strong>viventis</strong></span> <span class='ocrx_word' id='word_1_560' title='bbox 1350 4004 1412 4056; x_wconf 68' lang='grc'><strong>³⁵.</strong></span> <span class='ocrx_word' id='word_1_561' title='bbox 1441 4023 1459 4056; x_wconf 78' lang='grc' dir='ltr'><strong>ι</strong></span> <span class='ocrx_word' id='word_1_562' title='bbox 1483 4005 1585 4060; x_wconf 87' lang='lat' dir='ltr'><strong>Per</strong></span> <span class='ocrx_word' id='word_1_563' title='bbox 1609 4009 1753 4063; x_wconf 91' lang='lat' dir='ltr'><strong>hunc</strong></span> <span class='ocrx_word' id='word_1_564' title='bbox 1775 4009 2036 4079; x_wconf 90' lang='lat' dir='ltr'><strong>Spiritum</strong></span> 
     </span>
    </p>
   </div>
   <div class='ocr_carea' id='block_1_74' title="bbox 468 4083 2037 4168">
    <p class='ocr_par' dir='ltr' id='par_1_74' title="bbox 468 4083 2037 4168">
     <span class='ocr_line' id='line_1_75' title="bbox 468 4083 2037 4168; baseline 0.014 -32"><span class='ocrx_word' id='word_1_565' title='bbox 468 4083 680 4138; x_wconf 83' lang='lat' dir='ltr'><strong>ﬁrmata</strong></span> <span class='ocrx_word' id='word_1_566' title='bbox 709 4084 961 4142; x_wconf 75' lang='lat' dir='ltr'><strong>Ecclesia:</strong></span> <span class='ocrx_word' id='word_1_567' title='bbox 995 4099 1145 4158; x_wconf 88' lang='lat' dir='ltr'><strong>petra</strong></span> <span class='ocrx_word' id='word_1_568' title='bbox 1176 4103 1258 4148; x_wconf 89' lang='lat' dir='ltr'><strong>est</strong></span> <span class='ocrx_word' id='word_1_569' title='bbox 1281 4095 1345 4149; x_wconf 81' lang='lat'><strong>”.</strong></span> <span class='ocrx_word' id='word_1_570' title='bbox 1377 4095 1474 4150; x_wconf 88' lang='lat' dir='ltr'><strong>llic</strong></span> <span class='ocrx_word' id='word_1_571' title='bbox 1495 4108 1576 4151; x_wconf 90' lang='lat' dir='ltr'><strong>est</strong></span> <span class='ocrx_word' id='word_1_572' title='bbox 1606 4097 1839 4168; x_wconf 90' lang='lat' dir='ltr'><strong>Spiritus</strong></span> <span class='ocrx_word' id='word_1_573' title='bbox 1871 4102 2037 4158; x_wconf 87' lang='lat' dir='ltr'><strong>Para-</strong></span> 
     </span>
    </p>
   </div>
   <div class='ocr_carea' id='block_1_75' title="bbox 467 4174 2034 4252">
    <p class='ocr_par' dir='ltr' id='par_1_75' title="bbox 467 4174 2034 4252">
     <span class='ocr_line' id='line_1_76' title="bbox 467 4174 2034 4252; baseline 0.015 -24"><span class='ocrx_word' id='word_1_574' title='bbox 467 4174 638 4229; x_wconf 88' lang='lat' dir='ltr'><strong>cletus</strong></span> <span class='ocrx_word' id='word_1_575' title='bbox 661 4189 878 4246; x_wconf 87' lang='lat' dir='ltr'><strong>propter</strong></span> <span class='ocrx_word' id='word_1_576' title='bbox 909 4189 960 4236; x_wconf 90' lang='lat' dir='ltr'><strong>te</strong></span> <span class='ocrx_word' id='word_1_577' title='bbox 993 4183 1192 4240; x_wconf 88' lang='lat' dir='ltr'><strong>missus</strong></span> <span class='ocrx_word' id='word_1_578' title='bbox 1233 4188 1300 4252; x_wconf 81' lang='lat'><strong>“,</strong></span> <span class='ocrx_word' id='word_1_579' title='bbox 1342 4197 1400 4242; x_wconf 88' lang='lat' dir='ltr'><strong>ut</strong></span> <span class='ocrx_word' id='word_1_580' title='bbox 1426 4188 1824 4248; x_wconf 86' lang='lat' dir='ltr'><strong>demonstraret</strong></span> <span class='ocrx_word' id='word_1_581' title='bbox 1861 4195 2034 4252; x_wconf 82' lang='lat' dir='ltr'><strong>ﬁlium</strong></span> 
     </span>
    </p>
   </div>
   <div class='ocr_carea' id='block_1_76' title="bbox 468 4268 808 4324">
    <p class='ocr_par' dir='ltr' id='par_1_76' title="bbox 468 4268 808 4324">
     <span class='ocr_line' id='line_1_77' title="bbox 468 4268 808 4324; baseline 0.012 -4"><span class='ocrx_word' id='word_1_582' title='bbox 468 4276 520 4322; x_wconf 89' lang='lat' dir='ltr'><strong>te</strong></span> <span class='ocrx_word' id='word_1_583' title='bbox 542 4283 662 4322; x_wconf 90' lang='lat' dir='ltr'><strong>esse</strong></span> <span class='ocrx_word' id='word_1_584' title='bbox 692 4268 808 4324; x_wconf 91' lang='lat' dir='ltr'><strong>Dei.</strong></span> 
     </span>
    </p>
   </div>
   <div class='ocr_carea' id='block_1_77' title="bbox 2141 3261 3678 3335">
    <p class='ocr_par' dir='ltr' id='par_1_77' title="bbox 2141 3261 3678 3335">
     <span class='ocr_line' id='line_1_78' title="bbox 2141 3261 3678 3335; baseline 0 -21"><span class='ocrx_word' id='word_1_585' title='bbox 2141 3261 2200 3314; x_wconf 84' lang='grc' dir='ltr'><strong>τὸ</strong></span> <span class='ocrx_word' id='word_1_586' title='bbox 2221 3263 2278 3314; x_wconf 92' lang='grc' dir='ltr'><strong>ἐν</strong></span> <span class='ocrx_word' id='word_1_587' title='bbox 2305 3263 2607 3333; x_wconf 75' lang='grc' dir='ltr'>προφήταις</span> <span class='ocrx_word' id='word_1_588' title='bbox 2635 3263 2950 3333; x_wconf 81' lang='grc' dir='ltr'>ἐνεργῆσαν,</span> <span class='ocrx_word' id='word_1_589' title='bbox 2968 3263 3030 3315; x_wconf 89' lang='grc' dir='ltr'><strong>τὸ</strong></span> <span class='ocrx_word' id='word_1_590' title='bbox 3052 3265 3142 3316; x_wconf 77' lang='grc' dir='ltr'><strong>ἐπὶ</strong></span> <span class='ocrx_word' id='word_1_591' title='bbox 3157 3265 3394 3335; x_wconf 78' lang='grc' dir='ltr'>Χριστὸν</span> <span class='ocrx_word' id='word_1_592' title='bbox 3417 3263 3678 3318; x_wconf 77' lang='grc' dir='ltr'>καταπτάν.</span> 
     </span>
    </p>
   </div>
   <div class='ocr_carea' id='block_1_78' title="bbox 2143 3351 3683 3422">
    <p class='ocr_par' dir='ltr' id='par_1_78' title="bbox 2143 3351 3683 3422">
     <span class='ocr_line' id='line_1_79' title="bbox 2143 3351 3683 3422; baseline -0.001 -18"><span class='ocrx_word' id='word_1_593' title='bbox 2143 3351 2312 3404; x_wconf 86' lang='grc' dir='ltr'>Τοῦτὸ</span> <span class='ocrx_word' id='word_1_594' title='bbox 2343 3354 2488 3404; x_wconf 87' lang='grc' dir='ltr'>ἐστιν</span> <span class='ocrx_word' id='word_1_595' title='bbox 2519 3352 2578 3405; x_wconf 79' lang='grc' dir='ltr'>τὸ</span> <span class='ocrx_word' id='word_1_596' title='bbox 2617 3352 2836 3422; x_wconf 86' lang='grc' dir='ltr'>Πνεῦμα</span> <span class='ocrx_word' id='word_1_597' title='bbox 2868 3353 2928 3404; x_wconf 78' lang='grc' dir='ltr'>τὸ</span> <span class='ocrx_word' id='word_1_598' title='bbox 2968 3352 3116 3404; x_wconf 78' lang='grc' dir='ltr'>δοθὲν</span> <span class='ocrx_word' id='word_1_599' title='bbox 3161 3357 3266 3416; x_wconf 84' lang='grc' dir='ltr'>τοῖς</span> <span class='ocrx_word' id='word_1_600' title='bbox 3311 3355 3612 3415; x_wconf 78' lang='grc' dir='ltr'>ἀποστόλοις</span> <span class='ocrx_word' id='word_1_601' title='bbox 3639 3354 3683 3404; x_wconf 79' lang='grc' dir='ltr'>ἐν</span> 
     </span>
    </p>
   </div>
   <div class='ocr_carea' id='block_1_79' title="bbox 2141 3441 3678 3514">
    <p class='ocr_par' dir='ltr' id='par_1_79' title="bbox 2141 3441 3678 3514">
     <span class='ocr_line' id='line_1_80' title="bbox 2141 3441 3678 3514; baseline 0.001 -20"><span class='ocrx_word' id='word_1_602' title='bbox 2141 3441 2268 3494; x_wconf 74' lang='grc' dir='ltr'>εἴδει</span> <span class='ocrx_word' id='word_1_603' title='bbox 2293 3443 2529 3514; x_wconf 86' lang='grc' dir='ltr'>πυρίνων</span> <span class='ocrx_word' id='word_1_604' title='bbox 2561 3442 2835 3510; x_wconf 78' lang='grc' dir='ltr'>γλωσσῶν.</span> <span class='ocrx_word' id='word_1_605' title='bbox 2865 3441 3034 3495; x_wconf 88' lang='grc' dir='ltr'>Τοῦτο</span> <span class='ocrx_word' id='word_1_606' title='bbox 3063 3443 3121 3494; x_wconf 80' lang='grc' dir='ltr'><strong>τὸ</strong></span> <span class='ocrx_word' id='word_1_607' title='bbox 3151 3444 3378 3514; x_wconf 84' lang='grc' dir='ltr'>Πνεῦμα</span> <span class='ocrx_word' id='word_1_608' title='bbox 3400 3445 3570 3514; x_wconf 77' lang='grc' dir='ltr'>ἐζήτει</span> <span class='ocrx_word' id='word_1_609' title='bbox 3597 3447 3678 3496; x_wconf 76' lang='grc' dir='ltr'><strong>Δα-</strong></span> 
     </span>
    </p>
   </div>
   <div class='ocr_carea' id='block_1_80' title="bbox 2143 3533 3678 3606">
    <p class='ocr_par' dir='ltr' id='par_1_80' title="bbox 2143 3533 3678 3606">
     <span class='ocr_line' id='line_1_81' title="bbox 2143 3533 3678 3606; baseline 0.003 -23"><span class='ocrx_word' id='word_1_610' title='bbox 2143 3533 2226 3584; x_wconf 62' lang='grc' dir='ltr'><strong>ϐὶδ</strong></span> <span class='ocrx_word' id='word_1_611' title='bbox 2248 3533 2421 3601; x_wconf 84' lang='grc' dir='ltr'>λέγων</span> <span class='ocrx_word' id='word_1_612' title='bbox 2440 3549 2454 3563; x_wconf 83' lang='lat'><strong><em>°</em></strong></span> <span class='ocrx_word' id='word_1_613' title='bbox 2474 3553 2491 3585; x_wconf 79' lang='grc' dir='ltr'><strong>ι</strong></span> <span class='ocrx_word' id='word_1_614' title='bbox 2511 3533 2749 3603; x_wconf 84' lang='grc' dir='ltr'>Καρδίαν</span> <span class='ocrx_word' id='word_1_615' title='bbox 2775 3533 3020 3604; x_wconf 75' lang='grc' dir='ltr'>καθαρὰν</span> <span class='ocrx_word' id='word_1_616' title='bbox 3043 3534 3224 3588; x_wconf 86' lang='grc' dir='ltr'>κτίσον</span> <span class='ocrx_word' id='word_1_617' title='bbox 3249 3537 3304 3588; x_wconf 88' lang='grc' dir='ltr'><strong>ἐν</strong></span> <span class='ocrx_word' id='word_1_618' title='bbox 3329 3537 3476 3606; x_wconf 71' lang='grc' dir='ltr'>ἐμοὶ,</span> <span class='ocrx_word' id='word_1_619' title='bbox 3497 3537 3524 3588; x_wconf 78' lang='grc' dir='ltr'>ὁ</span> <span class='ocrx_word' id='word_1_620' title='bbox 3555 3535 3678 3596; x_wconf 65' lang='grc' dir='ltr'>Θεὸς.</span> 
     </span>
    </p>
   </div>
   <div class='ocr_carea' id='block_1_81' title="bbox 2141 3625 3674 3696">
    <p class='ocr_par' dir='ltr' id='par_1_81' title="bbox 2141 3625 3674 3696">
     <span class='ocr_line' id='line_1_82' title="bbox 2141 3625 3674 3696; baseline -0.002 -18"><span class='ocrx_word' id='word_1_621' title='bbox 2141 3625 2234 3679; x_wconf 70' lang='grc' dir='ltr'><strong>καὶ</strong></span> <span class='ocrx_word' id='word_1_622' title='bbox 2275 3625 2492 3696; x_wconf 79' lang='grc' dir='ltr'>πνεῦμα</span> <span class='ocrx_word' id='word_1_623' title='bbox 2517 3625 2668 3687; x_wconf 79' lang='grc' dir='ltr'>εὐθὲς</span> <span class='ocrx_word' id='word_1_624' title='bbox 2696 3625 3002 3694; x_wconf 83' lang='grc' dir='ltr'>ἐγκαίνισον</span> <span class='ocrx_word' id='word_1_625' title='bbox 3028 3629 3084 3679; x_wconf 93' lang='grc' dir='ltr'><strong>ἐν</strong></span> <span class='ocrx_word' id='word_1_626' title='bbox 3117 3628 3226 3690; x_wconf 84' lang='grc' dir='ltr'>τοῖς</span> <span class='ocrx_word' id='word_1_627' title='bbox 3251 3629 3506 3694; x_wconf 81' lang='grc' dir='ltr'>ἐγκάτοις</span> <span class='ocrx_word' id='word_1_628' title='bbox 3537 3643 3674 3696; x_wconf 70' lang='grc' dir='ltr'>μου.»</span> 
     </span>
    </p>
   </div>
   <div class='ocr_carea' id='block_1_82' title="bbox 2141 3715 3684 3790">
    <p class='ocr_par' dir='ltr' id='par_1_82' title="bbox 2141 3715 3684 3790">
     <span class='ocr_line' id='line_1_83' title="bbox 2141 3715 3684 3790; baseline 0 -22"><span class='ocrx_word' id='word_1_629' title='bbox 2141 3717 2275 3788; x_wconf 76' lang='grc' dir='ltr'>Περὶ</span> <span class='ocrx_word' id='word_1_630' title='bbox 2304 3717 2491 3770; x_wconf 88' lang='grc' dir='ltr'>τούτου</span> <span class='ocrx_word' id='word_1_631' title='bbox 2523 3717 2615 3769; x_wconf 70' lang='grc' dir='ltr'><strong>καὶ</strong></span> <span class='ocrx_word' id='word_1_632' title='bbox 2642 3717 2875 3788; x_wconf 78' lang='grc' dir='ltr'>Γαϐριὴλ</span> <span class='ocrx_word' id='word_1_633' title='bbox 2905 3717 3085 3786; x_wconf 75' lang='grc' dir='ltr'>ἔλεγεν</span> <span class='ocrx_word' id='word_1_634' title='bbox 3105 3721 3169 3788; x_wconf 81' lang='grc' dir='ltr'>τῇ</span> <span class='ocrx_word' id='word_1_635' title='bbox 3189 3719 3480 3790; x_wconf 80' lang='grc' dir='ltr'>Παρθένῳ·</span> <span class='ocrx_word' id='word_1_636' title='bbox 3511 3739 3528 3770; x_wconf 75' lang='grc' dir='ltr'><strong>ι</strong></span> <span class='ocrx_word' id='word_1_637' title='bbox 3549 3715 3684 3772; x_wconf 77' lang='grc' dir='ltr'>Πνεῦ-</span> 
     </span>
    </p>
   </div>
   <div class='ocr_carea' id='block_1_83' title="bbox 2142 3808 3682 3879">
    <p class='ocr_par' dir='ltr' id='par_1_83' title="bbox 2142 3808 3682 3879">
     <span class='ocr_line' id='line_1_84' title="bbox 2142 3808 3682 3879; baseline -0.002 -18"><span class='ocrx_word' id='word_1_638' title='bbox 2142 3823 2220 3878; x_wconf 80' lang='grc' dir='ltr'><strong>μα</strong></span> <span class='ocrx_word' id='word_1_639' title='bbox 2256 3809 2408 3878; x_wconf 78' lang='grc' dir='ltr'>ἆγιον</span> <span class='ocrx_word' id='word_1_640' title='bbox 2437 3808 2782 3861; x_wconf 81' lang='grc' dir='ltr'>ἐπελεύσεται</span> <span class='ocrx_word' id='word_1_641' title='bbox 2815 3809 2906 3861; x_wconf 74' lang='grc' dir='ltr'><strong>ἐπὶ</strong></span> <span class='ocrx_word' id='word_1_642' title='bbox 2941 3811 3018 3874; x_wconf 83' lang='grc' dir='ltr'><strong>σὲ,</strong></span> <span class='ocrx_word' id='word_1_643' title='bbox 3061 3810 3156 3862; x_wconf 68' lang='grc' dir='ltr'><strong>καὶ</strong></span> <span class='ocrx_word' id='word_1_644' title='bbox 3191 3809 3424 3879; x_wconf 83' lang='grc' dir='ltr'>δύναμις</span> <span class='ocrx_word' id='word_1_645' title='bbox 3465 3809 3682 3878; x_wconf 63' lang='grc' dir='ltr'>’Υιξίστου</span> 
     </span>
    </p>
   </div>
   <div class='ocr_carea' id='block_1_84' title="bbox 2139 3899 3682 3972">
    <p class='ocr_par' dir='ltr' id='par_1_84' title="bbox 2139 3899 3682 3972">
     <span class='ocr_line' id='line_1_85' title="bbox 2139 3899 3682 3972; baseline 0.002 -22"><span class='ocrx_word' id='word_1_646' title='bbox 2139 3899 2446 3954; x_wconf 84' lang='grc' dir='ltr'>ἐπισκιάσει</span> <span class='ocrx_word' id='word_1_647' title='bbox 2475 3918 2574 3954; x_wconf 86' lang='grc' dir='ltr'>σοι.</span> <span class='ocrx_word' id='word_1_648' title='bbox 2615 3920 2633 3952; x_wconf 72' lang='grc' dir='ltr'><strong>ι</strong></span> <span class='ocrx_word' id='word_1_649' title='bbox 2670 3901 2767 3953; x_wconf 82' lang='grc' dir='ltr'><strong>Διὰ</strong></span> <span class='ocrx_word' id='word_1_650' title='bbox 2809 3899 2996 3954; x_wconf 78' lang='grc' dir='ltr'>τούτου</span> <span class='ocrx_word' id='word_1_651' title='bbox 3037 3901 3127 3953; x_wconf 88' lang='grc' dir='ltr'><strong>τοῦ</strong></span> <span class='ocrx_word' id='word_1_652' title='bbox 3163 3901 3480 3972; x_wconf 87' lang='grc' dir='ltr'>Πνεύματος</span> <span class='ocrx_word' id='word_1_653' title='bbox 3511 3901 3682 3972; x_wconf 75' lang='grc' dir='ltr'>Πέτρος</span> 
     </span>
    </p>
   </div>
   <div class='ocr_carea' id='block_1_85' title="bbox 2137 3989 3682 4065">
    <p class='ocr_par' dir='ltr' id='par_1_85' title="bbox 2137 3989 3682 4065">
     <span class='ocr_line' id='line_1_86' title="bbox 2137 3989 3682 4065; baseline -0.001 -22"><span class='ocrx_word' id='word_1_654' title='bbox 2137 3991 2434 4060; x_wconf 72' lang='grc' dir='ltr'>ἐφθέγξατο</span> <span class='ocrx_word' id='word_1_655' title='bbox 2475 3993 2572 4064; x_wconf 77' lang='grc' dir='ltr'>τὴν</span> <span class='ocrx_word' id='word_1_656' title='bbox 2621 3993 2895 4064; x_wconf 84' lang='grc' dir='ltr'>μακαρίαν</span> <span class='ocrx_word' id='word_1_657' title='bbox 2936 3993 3148 4064; x_wconf 78' lang='grc' dir='ltr'>ἐκείνην</span> <span class='ocrx_word' id='word_1_658' title='bbox 3191 3997 3404 4065; x_wconf 62' lang='grc' dir='ltr'>φωνήν·</span> <span class='ocrx_word' id='word_1_659' title='bbox 3442 4015 3459 4045; x_wconf 73' lang='grc' dir='ltr'><strong>ι</strong></span> <span class='ocrx_word' id='word_1_660' title='bbox 3493 3995 3559 4047; x_wconf 78' lang='grc' dir='ltr'>Σὺ</span> <span class='ocrx_word' id='word_1_661' title='bbox 3594 3989 3682 4044; x_wconf 71' lang='lat' dir='ltr'><strong>sio</strong></span> 
     </span>
    </p>
   </div>
   <div class='ocr_carea' id='block_1_86' title="bbox 2135 4079 3680 4154">
    <p class='ocr_par' dir='ltr' id='par_1_86' title="bbox 2135 4079 3680 4154">
     <span class='ocr_line' id='line_1_87' title="bbox 2135 4079 3680 4154; baseline -0.001 -19"><span class='ocrx_word' id='word_1_662' title='bbox 2135 4084 2366 4154; x_wconf 85' lang='grc' dir='ltr'>Χριστὸς</span> <span class='ocrx_word' id='word_1_663' title='bbox 2413 4087 2442 4136; x_wconf 87' lang='grc' dir='ltr'><strong>ὀ</strong></span> <span class='ocrx_word' id='word_1_664' title='bbox 2489 4084 2614 4147; x_wconf 81' lang='grc' dir='ltr'>Υἱὸς</span> <span class='ocrx_word' id='word_1_665' title='bbox 2659 4083 2751 4137; x_wconf 90' lang='grc' dir='ltr'><strong>τοῦ</strong></span> <span class='ocrx_word' id='word_1_666' title='bbox 2783 4083 2914 4136; x_wconf 84' lang='grc' dir='ltr'>Θεοῦ</span> <span class='ocrx_word' id='word_1_667' title='bbox 2955 4083 3171 4148; x_wconf 80' lang='grc' dir='ltr'>ζῶντος.</span> <span class='ocrx_word' id='word_1_668' title='bbox 3207 4104 3226 4136; x_wconf 73' lang='grc' dir='ltr'><strong>ι</strong></span> <span class='ocrx_word' id='word_1_669' title='bbox 3263 4087 3364 4139; x_wconf 77' lang='grc' dir='ltr'>Διά</span> <span class='ocrx_word' id='word_1_670' title='bbox 3398 4087 3578 4139; x_wconf 80' lang='grc' dir='ltr'>τούτου</span> <span class='ocrx_word' id='word_1_671' title='bbox 3605 4079 3680 4136; x_wconf 84' lang='grc' dir='ltr'><strong>τοῦ</strong></span> 
     </span>
    </p>
   </div>
   <div class='ocr_carea' id='block_1_87' title="bbox 2135 4171 3682 4247">
    <p class='ocr_par' dir='ltr' id='par_1_87' title="bbox 2135 4171 3682 4247">
     <span class='ocr_line' id='line_1_88' title="bbox 2135 4171 3682 4247; baseline -0.003 -19"><span class='ocrx_word' id='word_1_672' title='bbox 2135 4176 2447 4246; x_wconf 83' lang='grc' dir='ltr'>Πνεύματος</span> <span class='ocrx_word' id='word_1_673' title='bbox 2471 4173 2821 4247; x_wconf 83' lang='grc' dir='ltr'>ἐστερεώθηὴ</span> <span class='ocrx_word' id='word_1_674' title='bbox 2843 4176 3016 4246; x_wconf 84' lang='grc' dir='ltr'>πέτρα</span> <span class='ocrx_word' id='word_1_675' title='bbox 3042 4175 3140 4244; x_wconf 78' lang='grc' dir='ltr'>τῆς</span> <span class='ocrx_word' id='word_1_676' title='bbox 3171 4176 3518 4246; x_wconf 68' lang='grc' dir='ltr'>Ἐκκλησίας.</span> <span class='ocrx_word' id='word_1_677' title='bbox 3539 4171 3682 4228; x_wconf 76' lang='grc' dir='ltr'>Τοῦτό</span> 
     </span>
    </p>
   </div>
   <div class='ocr_carea' id='block_1_88' title="bbox 2136 4266 3680 4338">
    <p class='ocr_par' dir='ltr' id='par_1_88' title="bbox 2136 4266 3680 4338">
     <span class='ocr_line' id='line_1_89' title="bbox 2136 4266 3680 4338; baseline -0.001 -18"><span class='ocrx_word' id='word_1_678' title='bbox 2136 4269 2284 4322; x_wconf 89' lang='grc' dir='ltr'>ἐστιν</span> <span class='ocrx_word' id='word_1_679' title='bbox 2315 4267 2374 4320; x_wconf 76' lang='grc' dir='ltr'>τὸ</span> <span class='ocrx_word' id='word_1_680' title='bbox 2407 4266 2651 4336; x_wconf 89' lang='grc' dir='ltr'>Πνεῦμα,</span> <span class='ocrx_word' id='word_1_681' title='bbox 2680 4269 2707 4320; x_wconf 85' lang='grc' dir='ltr'>ὁ</span> <span class='ocrx_word' id='word_1_682' title='bbox 2737 4266 3108 4338; x_wconf 79' lang='grc' dir='ltr'>Παράκλητος,</span> <span class='ocrx_word' id='word_1_683' title='bbox 3141 4267 3200 4318; x_wconf 75' lang='grc' dir='ltr'>τὸ</span> <span class='ocrx_word' id='word_1_684' title='bbox 3223 4267 3312 4318; x_wconf 73' lang='grc' dir='ltr'><strong>διὰ</strong></span> <span class='ocrx_word' id='word_1_685' title='bbox 3335 4269 3394 4320; x_wconf 86' lang='grc' dir='ltr'>σὲ</span> <span class='ocrx_word' id='word_1_686' title='bbox 3423 4267 3680 4338; x_wconf 68' lang='grc' dir='ltr'>πεμπόμε-</span> 
     </span>
    </p>
   </div>
   <div class='ocr_carea' id='block_1_89' title="bbox 2134 4358 3037 4432">
    <p class='ocr_par' dir='ltr' id='par_1_89' title="bbox 2134 4358 3037 4432">
     <span class='ocr_line' id='line_1_90' title="bbox 2134 4358 3037 4432; baseline -0.004 -17"><span class='ocrx_word' id='word_1_687' title='bbox 2134 4379 2244 4426; x_wconf 90' lang='grc' dir='ltr'>νον,</span> <span class='ocrx_word' id='word_1_688' title='bbox 2275 4361 2362 4412; x_wconf 85' lang='grc' dir='ltr'>ἵνα</span> <span class='ocrx_word' id='word_1_689' title='bbox 2397 4359 2543 4432; x_wconf 78' lang='grc' dir='ltr'>δείξῃ</span> <span class='ocrx_word' id='word_1_690' title='bbox 2573 4376 2632 4412; x_wconf 90' lang='grc' dir='ltr'><strong>σε</strong></span> <span class='ocrx_word' id='word_1_691' title='bbox 2665 4359 2851 4412; x_wconf 84' lang='grc' dir='ltr'>τέκνον</span> <span class='ocrx_word' id='word_1_692' title='bbox 2881 4358 3037 4412; x_wconf 82' lang='grc' dir='ltr'>Θεοῦ.</span> 
     </span>
    </p>
   </div>
   <div class='ocr_carea' id='block_1_90' title="bbox 537 4446 2040 4530">
    <p class='ocr_par' dir='ltr' id='par_1_90' title="bbox 537 4446 2028 4530">
     <span class='ocr_line' id='line_1_91' title="bbox 537 4446 2028 4530; baseline 0.013 -29"><span class='ocrx_word' id='word_1_693' title='bbox 537 4446 606 4502; x_wconf 83' lang='grc' dir='ltr'><strong>Χ.</strong></span> <span class='ocrx_word' id='word_1_694' title='bbox 648 4447 854 4506; x_wconf 83' lang='lat' dir='ltr'><strong>Accede</strong></span> <span class='ocrx_word' id='word_1_695' title='bbox 881 4453 1044 4522; x_wconf 84' lang='lat' dir='ltr'><strong>igitur</strong></span> <span class='ocrx_word' id='word_1_696' title='bbox 1073 4464 1126 4509; x_wconf 88' lang='lat' dir='ltr'><strong>et</strong></span> <span class='ocrx_word' id='word_1_697' title='bbox 1157 4472 1497 4526; x_wconf 85' lang='lat' dir='ltr'><strong>regenerare,</strong></span> <span class='ocrx_word' id='word_1_698' title='bbox 1531 4475 1562 4515; x_wconf 90' lang='grc' dir='ltr'>ο</span> <span class='ocrx_word' id='word_1_699' title='bbox 1594 4461 1777 4530; x_wconf 92' lang='lat' dir='ltr'><strong>homo,</strong></span> <span class='ocrx_word' id='word_1_700' title='bbox 1804 4463 1868 4519; x_wconf 91' lang='lat' dir='ltr'><strong>ad</strong></span> <span class='ocrx_word' id='word_1_701' title='bbox 1897 4466 2028 4521; x_wconf 83' lang='lat' dir='ltr'><strong>ado-</strong></span> 
     </span>
    </p>
   </div>
   <div class='ocr_carea' id='block_1_91' title="bbox 2146 4446 3682 4530">
    <p class='ocr_par' dir='ltr' id='par_1_91' title="bbox 2201 4449 3682 4523">
     <span class='ocr_line' id='line_1_92' title="bbox 2201 4449 3682 4523; baseline -0.005 -19"><span class='ocrx_word' id='word_1_702' title='bbox 2201 4451 2368 4523; x_wconf 86' lang='grc' dir='ltr'>Δεῦρο</span> <span class='ocrx_word' id='word_1_703' title='bbox 2397 4451 2591 4516; x_wconf 84' lang='grc' dir='ltr'>τοίνυν,</span> <span class='ocrx_word' id='word_1_704' title='bbox 2611 4449 3024 4523; x_wconf 78' lang='grc' dir='ltr'>ἀναγεννήθητι,</span> <span class='ocrx_word' id='word_1_705' title='bbox 3047 4451 3315 4522; x_wconf 83' lang='grc' dir='ltr'>ἄνθρωπε,</span> <span class='ocrx_word' id='word_1_706' title='bbox 3340 4453 3424 4516; x_wconf 87' lang='grc' dir='ltr'><strong>είς</strong></span> <span class='ocrx_word' id='word_1_707' title='bbox 3446 4449 3682 4504; x_wconf 71' lang='grc' dir='ltr'>υἱοθεσίαν</span> 
     </span>
    </p>
   </div>
   <div class='ocr_carea' id='block_1_92' title="bbox 465 4537 2026 4623">
    <p class='ocr_par' dir='ltr' id='par_1_92' title="bbox 465 4537 2026 4623">
     <span class='ocr_line' id='line_1_93' title="bbox 465 4537 2026 4623; baseline 0.012 -32"><span class='ocrx_word' id='word_1_708' title='bbox 465 4537 704 4609; x_wconf 88' lang='lat' dir='ltr'><strong>ptionem</strong></span> <span class='ocrx_word' id='word_1_709' title='bbox 739 4541 791 4594; x_wconf 90' lang='lat' dir='ltr'><strong>in</strong></span> <span class='ocrx_word' id='word_1_710' title='bbox 825 4541 992 4598; x_wconf 83' lang='lat' dir='ltr'><strong>[ilium</strong></span> <span class='ocrx_word' id='word_1_711' title='bbox 1023 4545 1137 4600; x_wconf 80' lang='lat' dir='ltr'><strong>Dei.</strong></span> <span class='ocrx_word' id='word_1_712' title='bbox 1171 4545 1235 4601; x_wconf 87' lang='lat' dir='ltr'><strong>Et</strong></span> <span class='ocrx_word' id='word_1_713' title='bbox 1263 4551 1574 4617; x_wconf 85' lang='lat' dir='ltr'><strong>quomodo?</strong></span> <span class='ocrx_word' id='word_1_714' title='bbox 1603 4553 1798 4623; x_wconf 92' lang='lat' dir='ltr'><strong>inquit.</strong></span> <span class='ocrx_word' id='word_1_715' title='bbox 1831 4556 1887 4608; x_wconf 90' lang='lat' dir='ltr'><strong>Si</strong></span> <span class='ocrx_word' id='word_1_716' title='bbox 1916 4572 2026 4611; x_wconf 91' lang='lat' dir='ltr'><strong>non</strong></span> 
     </span>
    </p>
   </div>
   <div class='ocr_carea' id='block_1_93' title="bbox 465 4631 2035 4706">
    <p class='ocr_par' dir='ltr' id='par_1_93' title="bbox 465 4631 2035 4706">
     <span class='ocr_line' id='line_1_94' title="bbox 465 4631 2035 4706; baseline 0.013 -23"><span class='ocrx_word' id='word_1_717' title='bbox 465 4631 792 4686; x_wconf 84' lang='lat' dir='ltr'><strong>adulterium</strong></span> <span class='ocrx_word' id='word_1_718' title='bbox 821 4651 920 4690; x_wconf 88' lang='lat' dir='ltr'><strong>nec</strong></span> <span class='ocrx_word' id='word_1_719' title='bbox 941 4637 1141 4692; x_wconf 65' lang='lat' dir='ltr'><strong>caadem</strong></span> <span class='ocrx_word' id='word_1_720' title='bbox 1175 4643 1515 4697; x_wconf 82' lang='lat' dir='ltr'><strong>commiseris</strong></span> <span class='ocrx_word' id='word_1_721' title='bbox 1535 4643 1601 4706; x_wconf 78' lang='grc'><strong>⁸⁷,</strong></span> <span class='ocrx_word' id='word_1_722' title='bbox 1635 4660 1735 4700; x_wconf 93' lang='lat' dir='ltr'><strong>nec</strong></span> <span class='ocrx_word' id='word_1_723' title='bbox 1768 4647 1916 4702; x_wconf 89' lang='lat' dir='ltr'><strong>idola</strong></span> <span class='ocrx_word' id='word_1_724' title='bbox 1939 4663 2035 4702; x_wconf 90' lang='lat' dir='ltr'><strong>co-</strong></span> 
     </span>
    </p>
   </div>
   <div class='ocr_carea' id='block_1_94' title="bbox 465 4723 2036 4802">
    <p class='ocr_par' dir='ltr' id='par_1_94' title="bbox 465 4723 2036 4802">
     <span class='ocr_line' id='line_1_95' title="bbox 465 4723 2036 4802; baseline 0.011 -25"><span class='ocrx_word' id='word_1_725' title='bbox 465 4723 660 4790; x_wconf 91' lang='lat' dir='ltr'><strong>lueris;</strong></span> <span class='ocrx_word' id='word_1_726' title='bbox 687 4727 732 4780; x_wconf 91' lang='lat' dir='ltr'><strong>si</strong></span> <span class='ocrx_word' id='word_1_727' title='bbox 759 4741 866 4780; x_wconf 92' lang='lat' dir='ltr'><strong>non</strong></span> <span class='ocrx_word' id='word_1_728' title='bbox 891 4729 1125 4784; x_wconf 86' lang='lat' dir='ltr'><strong>vincaris</strong></span> <span class='ocrx_word' id='word_1_729' title='bbox 1151 4747 1178 4784; x_wconf 84' lang='lat' dir='ltr'><strong>a</strong></span> <span class='ocrx_word' id='word_1_730' title='bbox 1208 4733 1500 4802; x_wconf 87' lang='lat' dir='ltr'><strong>voluptate,</strong></span> <span class='ocrx_word' id='word_1_731' title='bbox 1524 4735 1568 4789; x_wconf 91' lang='lat' dir='ltr'><strong>si</strong></span> <span class='ocrx_word' id='word_1_732' title='bbox 1594 4753 1702 4791; x_wconf 91' lang='lat' dir='ltr'><strong>non</strong></span> <span class='ocrx_word' id='word_1_733' title='bbox 1728 4740 2036 4796; x_wconf 85' lang='lat' dir='ltr'><strong>committas</strong></span> 
     </span>
    </p>
   </div>
   <div class='ocr_carea' id='block_1_95' title="bbox 465 4817 2035 4901">
    <p class='ocr_par' dir='ltr' id='par_1_95' title="bbox 465 4817 2035 4901">
     <span class='ocr_line' id='line_1_96' title="bbox 465 4817 2035 4901; baseline 0.01 -31"><span class='ocrx_word' id='word_1_734' title='bbox 465 4827 524 4871; x_wconf 91' lang='lat' dir='ltr'><strong>ut</strong></span> <span class='ocrx_word' id='word_1_735' title='bbox 549 4817 773 4874; x_wconf 66' lang='lat' dir='ltr'><strong>allectus</strong></span> <span class='ocrx_word' id='word_1_736' title='bbox 795 4823 1060 4890; x_wconf 72' lang='lat' dir='ltr'><strong>superbia:</strong></span> <span class='ocrx_word' id='word_1_737' title='bbox 1086 4825 1180 4878; x_wconf 88' lang='lat' dir='ltr'><strong>tibi</strong></span> <span class='ocrx_word' id='word_1_738' title='bbox 1209 4826 1552 4896; x_wconf 88' lang='lat' dir='ltr'><strong>dominetur;</strong></span> <span class='ocrx_word' id='word_1_739' title='bbox 1579 4832 1624 4883; x_wconf 90' lang='lat' dir='ltr'><strong>si</strong></span> <span class='ocrx_word' id='word_1_740' title='bbox 1649 4831 1836 4884; x_wconf 88' lang='lat' dir='ltr'><strong>sordes</strong></span> <span class='ocrx_word' id='word_1_741' title='bbox 1861 4831 2035 4901; x_wconf 90' lang='lat' dir='ltr'><strong>impu-</strong></span> 
     </span>
    </p>
   </div>
   <div class='ocr_carea' id='block_1_96' title="bbox 462 4911 2032 4992">
    <p class='ocr_par' dir='ltr' id='par_1_96' title="bbox 462 4911 2032 4992">
     <span class='ocr_line' id='line_1_97' title="bbox 462 4911 2032 4992; baseline 0.011 -30"><span class='ocrx_word' id='word_1_742' title='bbox 462 4911 638 4964; x_wconf 88' lang='lat' dir='ltr'><strong>ritatis</strong></span> <span class='ocrx_word' id='word_1_743' title='bbox 685 4912 985 4983; x_wconf 84' lang='lat' dir='ltr'><strong>abstergas,</strong></span> <span class='ocrx_word' id='word_1_744' title='bbox 1033 4925 1088 4970; x_wconf 89' lang='lat' dir='ltr'><strong>et</strong></span> <span class='ocrx_word' id='word_1_745' title='bbox 1132 4933 1272 4973; x_wconf 89' lang='lat' dir='ltr'><strong>onus</strong></span> <span class='ocrx_word' id='word_1_746' title='bbox 1300 4923 1506 4988; x_wconf 88' lang='lat' dir='ltr'><strong>peccati</strong></span> <span class='ocrx_word' id='word_1_747' title='bbox 1541 4937 1573 4976; x_wconf 89' lang='lat' dir='ltr'><strong>a</strong></span> <span class='ocrx_word' id='word_1_748' title='bbox 1607 4931 1658 4976; x_wconf 92' lang='lat' dir='ltr'><strong>te</strong></span> <span class='ocrx_word' id='word_1_749' title='bbox 1691 4923 1949 4992; x_wconf 90' lang='lat' dir='ltr'><strong>abjicias;</strong></span> <span class='ocrx_word' id='word_1_750' title='bbox 1987 4925 2032 4980; x_wconf 90' lang='lat' dir='ltr'><strong>si</strong></span> 
     </span>
    </p>
   </div>
   <div class='ocr_carea' id='block_1_97' title="bbox 461 5007 2026 5080">
    <p class='ocr_par' dir='ltr' id='par_1_97' title="bbox 461 5007 2026 5080">
     <span class='ocr_line' id='line_1_98' title="bbox 461 5007 2026 5080; baseline 0.009 -26"><span class='ocrx_word' id='word_1_751' title='bbox 461 5017 631 5057; x_wconf 80' lang='lat' dir='ltr'><strong>exuas</strong></span> <span class='ocrx_word' id='word_1_752' title='bbox 671 5015 1002 5060; x_wconf 88' lang='lat' dir='ltr'><strong>armaturam</strong></span> <span class='ocrx_word' id='word_1_753' title='bbox 1049 5007 1249 5062; x_wconf 89' lang='lat' dir='ltr'><strong>diaboli</strong></span> <span class='ocrx_word' id='word_1_754' title='bbox 1290 5021 1344 5064; x_wconf 90' lang='lat' dir='ltr'><strong>et</strong></span> <span class='ocrx_word' id='word_1_755' title='bbox 1387 5012 1582 5068; x_wconf 91' lang='lat' dir='ltr'><strong>induas</strong></span> <span class='ocrx_word' id='word_1_756' title='bbox 1619 5014 1741 5068; x_wconf 85' lang='lat' dir='ltr'><strong>lidei</strong></span> <span class='ocrx_word' id='word_1_757' title='bbox 1779 5015 2026 5080; x_wconf 88' lang='lat' dir='ltr'><strong>loricam,</strong></span> 
     </span>
    </p>
   </div>
   <div class='ocr_carea' id='block_1_98' title="bbox 461 5094 2027 5176">
    <p class='ocr_par' dir='ltr' id='par_1_98' title="bbox 461 5094 2027 5176">
     <span class='ocr_line' id='line_1_99' title="bbox 461 5094 2027 5176; baseline 0.008 -28"><span class='ocrx_word' id='word_1_758' title='bbox 461 5094 605 5148; x_wconf 89' lang='lat' dir='ltr'><strong>sicut</strong></span> <span class='ocrx_word' id='word_1_759' title='bbox 650 5094 820 5151; x_wconf 89' lang='lat' dir='ltr'><strong>Isaias</strong></span> <span class='ocrx_word' id='word_1_760' title='bbox 851 5115 864 5151; x_wconf 90' lang='lat'><strong>:</strong></span> <span class='ocrx_word' id='word_1_761' title='bbox 904 5115 921 5148; x_wconf 85' lang='grc' dir='ltr'><strong>ι</strong></span> <span class='ocrx_word' id='word_1_762' title='bbox 955 5098 1259 5166; x_wconf 82' lang='lat' dir='ltr'><strong>Lavamini,</strong></span> <span class='ocrx_word' id='word_1_763' title='bbox 1289 5104 1485 5174; x_wconf 90' lang='lat' dir='ltr'><strong>inquit,</strong></span> <span class='ocrx_word' id='word_1_764' title='bbox 1529 5113 1583 5159; x_wconf 91' lang='lat' dir='ltr'><strong>ct</strong></span> <span class='ocrx_word' id='word_1_765' title='bbox 1628 5107 1853 5175; x_wconf 64' lang='lat' dir='ltr'><strong>quaerite</strong></span> <span class='ocrx_word' id='word_1_766' title='bbox 1879 5107 2027 5176; x_wconf 88' lang='lat' dir='ltr'><strong>judi-</strong></span> 
     </span>
    </p>
   </div>
   <div class='ocr_carea' id='block_1_99' title="bbox 461 5187 2023 5266">
    <p class='ocr_par' dir='ltr' id='par_1_99' title="bbox 461 5187 2023 5266">
     <span class='ocr_line' id='line_1_100' title="bbox 461 5187 2023 5266; baseline 0.008 -26"><span class='ocrx_word' id='word_1_767' title='bbox 461 5187 631 5251; x_wconf 86' lang='lat' dir='ltr'><strong>cium,</strong></span> <span class='ocrx_word' id='word_1_768' title='bbox 663 5189 856 5258; x_wconf 89' lang='lat' dir='ltr'><strong>eripite</strong></span> <span class='ocrx_word' id='word_1_769' title='bbox 885 5205 1230 5260; x_wconf 87' lang='lat' dir='ltr'><strong>oppressum,</strong></span> <span class='ocrx_word' id='word_1_770' title='bbox 1255 5194 1498 5264; x_wconf 84' lang='lat' dir='ltr'><strong>judicate</strong></span> <span class='ocrx_word' id='word_1_771' title='bbox 1539 5198 1807 5266; x_wconf 87' lang='lat' dir='ltr'><strong>orphano,</strong></span> <span class='ocrx_word' id='word_1_772' title='bbox 1842 5199 2023 5252; x_wconf 90' lang='lat' dir='ltr'><strong>absol-</strong></span> 
     </span>
    </p>
   </div>
   <div class='ocr_carea' id='block_1_100' title="bbox 533 5297 1524 5368">
    <p class='ocr_par' dir='ltr' id='par_1_100' title="bbox 533 5297 1524 5368">
     <span class='ocr_line' id='line_1_101' title="bbox 533 5297 1524 5368; baseline 0.011 -19"><span class='ocrx_word' id='word_1_773' title='bbox 533 5299 577 5329; x_wconf 75' lang='lat'>&quot;</span> <span class='ocrx_word' id='word_1_774' title='bbox 607 5297 740 5354; x_wconf 86' lang='lat' dir='ltr'><strong>Heb.</strong></span> <span class='ocrx_word' id='word_1_775' title='bbox 767 5317 805 5364; x_wconf 91' lang='grc' dir='ltr'><strong>ι,</strong></span> <span class='ocrx_word' id='word_1_776' title='bbox 829 5303 883 5356; x_wconf 78' lang='grc'><strong>5.</strong></span> <span class='ocrx_word' id='word_1_777' title='bbox 963 5302 1006 5335; x_wconf 71' lang='grc'>⁸⁸</span> <span class='ocrx_word' id='word_1_778' title='bbox 1033 5301 1222 5362; x_wconf 82' lang='lat' dir='ltr'><strong>Matth.</strong></span> <span class='ocrx_word' id='word_1_779' title='bbox 1256 5323 1404 5368; x_wconf 74' lang='lat' dir='ltr'><strong>xxvr,</strong></span> <span class='ocrx_word' id='word_1_780' title='bbox 1436 5306 1524 5360; x_wconf 89' lang='lat'><strong>67.</strong></span> 
     </span>
    </p>
   </div>
   <div class='ocr_carea' id='block_1_101' title="bbox 462 5368 2018 5440">
    <p class='ocr_par' dir='ltr' id='par_1_101' title="bbox 462 5368 2018 5440">
     <span class='ocr_line' id='line_1_102' title="bbox 462 5368 2018 5440; baseline 0.006 -20"><span class='ocrx_word' id='word_1_781' title='bbox 462 5369 504 5440; x_wconf 54' lang='grc' dir='ltr'><strong>ξῗ</strong></span> <span class='ocrx_word' id='word_1_782' title='bbox 529 5368 648 5440; x_wconf 63' lang='lat' dir='ltr'><strong>Act.</strong></span> <span class='ocrx_word' id='word_1_783' title='bbox 681 5386 869 5438; x_wconf 80' lang='lat' dir='ltr'><strong>xxvm,</strong></span> <span class='ocrx_word' id='word_1_784' title='bbox 900 5373 991 5426; x_wconf 78' lang='lat'><strong>25.</strong></span> <span class='ocrx_word' id='word_1_785' title='bbox 1069 5377 1112 5406; x_wconf 82' lang='grc'>²⁰</span> <span class='ocrx_word' id='word_1_786' title='bbox 1138 5376 1329 5431; x_wconf 84' lang='lat' dir='ltr'><strong>Matth.</strong></span> <span class='ocrx_word' id='word_1_787' title='bbox 1369 5393 1450 5440; x_wconf 87' lang='grc' dir='ltr'>ιιι,</span> <span class='ocrx_word' id='word_1_788' title='bbox 1485 5377 1570 5429; x_wconf 85' lang='grc'><strong>16.</strong></span> <span class='ocrx_word' id='word_1_789' title='bbox 1647 5379 1690 5410; x_wconf 72' lang='grc' dir='ltr'>’ί</span> <span class='ocrx_word' id='word_1_790' title='bbox 1725 5379 1843 5432; x_wconf 81' lang='lat' dir='ltr'><strong>Act.</strong></span> <span class='ocrx_word' id='word_1_791' title='bbox 1877 5395 1934 5439; x_wconf 91' lang='grc' dir='ltr'><strong>ιι,</strong></span> <span class='ocrx_word' id='word_1_792' title='bbox 1965 5368 2018 5430; x_wconf 72' lang='lat'><strong>3.</strong></span> 
     </span>
    </p>
   </div>
   <div class='ocr_carea' id='block_1_102' title="bbox 461 5437 2020 5516">
    <p class='ocr_par' dir='ltr' id='par_1_102' title="bbox 461 5437 2020 5516">
     <span class='ocr_line' id='line_1_103' title="bbox 461 5437 2020 5516; baseline 0.005 -25"><span class='ocrx_word' id='word_1_793' title='bbox 461 5437 666 5492; x_wconf 76' lang='lat' dir='ltr'><strong>&quot;lhid.</strong></span> <span class='ocrx_word' id='word_1_794' title='bbox 709 5441 796 5495; x_wconf 88' lang='grc'><strong>18.</strong></span> <span class='ocrx_word' id='word_1_795' title='bbox 858 5437 918 5474; x_wconf 25' lang='grc' dir='ltr'><strong>ί²⁶</strong></span> <span class='ocrx_word' id='word_1_796' title='bbox 963 5441 1122 5498; x_wconf 81' lang='lat' dir='ltr'><strong>Joan.</strong></span> <span class='ocrx_word' id='word_1_797' title='bbox 1179 5462 1290 5510; x_wconf 79' lang='lat' dir='ltr'><strong>xvr,</strong></span> <span class='ocrx_word' id='word_1_798' title='bbox 1335 5437 1446 5502; x_wconf 51' lang='grc'><strong>26(</strong></span> <span class='ocrx_word' id='word_1_799' title='bbox 1502 5449 1543 5478; x_wconf 73' lang='grc'><strong>’⁷</strong></span> <span class='ocrx_word' id='word_1_800' title='bbox 1575 5446 1771 5516; x_wconf 89' lang='lat' dir='ltr'><strong>Ephes.</strong></span> <span class='ocrx_word' id='word_1_801' title='bbox 1819 5463 1892 5512; x_wconf 74' lang='lat' dir='ltr'><strong>vr,</strong></span> <span class='ocrx_word' id='word_1_802' title='bbox 1922 5437 2020 5501; x_wconf 72' lang='grc'><strong>14.</strong></span> 
     </span>
    </p>
   </div>
   <div class='ocr_carea' id='block_1_103' title="bbox 533 5552 2024 5641">
    <p class='ocr_par' dir='ltr' id='par_1_103' title="bbox 533 5552 2024 5641">
     <span class='ocr_line' id='line_1_104' title="bbox 533 5552 2024 5641; baseline -0.003 -27"><span class='ocrx_word' id='word_1_803' title='bbox 533 5552 645 5641; x_wconf 62' lang='grc' dir='ltr'>ςεο)</span> <span class='ocrx_word' id='word_1_804' title='bbox 688 5556 808 5641; x_wconf 60' lang='grc' dir='ltr'>Τὴγ</span> <span class='ocrx_word' id='word_1_805' title='bbox 851 5559 1120 5641; x_wconf 64' lang='lat' dir='ltr'><strong>ult-:va</strong></span> <span class='ocrx_word' id='word_1_806' title='bbox 1153 5559 1281 5641; x_wconf 43' lang='grc' dir='ltr'>τοῦ.</span> <span class='ocrx_word' id='word_1_807' title='bbox 1301 5559 1472 5641; x_wconf 69' lang='grc' dir='ltr'><strong>ᾎδάμ</strong></span> <span class='ocrx_word' id='word_1_808' title='bbox 1495 5557 2024 5641; x_wconf 41' lang='grc' dir='ltr'>διορθούμενοςκιᾱ</span> 
     </span>
    </p>
   </div>
   <div class='ocr_carea' id='block_1_104' title="bbox 465 5628 2024 5712">
    <p class='ocr_par' dir='ltr' id='par_1_104' title="bbox 465 5628 2024 5712">
     <span class='ocr_line' id='line_1_105' title="bbox 465 5628 2024 5712; baseline 0.003 -36"><span class='ocrx_word' id='word_1_809' title='bbox 465 5633 568 5712; x_wconf 65' lang='lat' dir='ltr'><strong>est,</strong></span> <span class='ocrx_word' id='word_1_810' title='bbox 605 5635 883 5712; x_wconf 65' lang='lat' dir='ltr'><strong>peccatum</strong></span> <span class='ocrx_word' id='word_1_811' title='bbox 929 5644 1025 5697; x_wconf 84' lang='lat' dir='ltr'><strong>per</strong></span> <span class='ocrx_word' id='word_1_812' title='bbox 1057 5629 1222 5712; x_wconf 58' lang='lat' dir='ltr'><strong>Evam</strong></span> <span class='ocrx_word' id='word_1_813' title='bbox 1269 5628 1657 5712; x_wconf 63' lang='lat' dir='ltr'><strong>introductum,</strong></span> <span class='ocrx_word' id='word_1_814' title='bbox 1693 5628 1814 5699; x_wconf 75' lang='lat' dir='ltr'><strong>qua:</strong></span> <span class='ocrx_word' id='word_1_815' title='bbox 1845 5645 1912 5683; x_wconf 81' lang='lat' dir='ltr'><strong>ex</strong></span> <span class='ocrx_word' id='word_1_816' title='bbox 1945 5628 2024 5681; x_wconf 87' lang='lat' dir='ltr'><strong>la-</strong></span> 
     </span>
    </p>
   </div>
   <div class='ocr_carea' id='block_1_105' title="bbox 470 5692 2024 5841">
    <p class='ocr_par' dir='ltr' id='par_1_105' title="bbox 470 5692 2024 5841">
     <span class='ocr_line' id='line_1_106' title="bbox 470 5692 1738 5755; baseline 0.004 -8"><span class='ocrx_word' id='word_1_817' title='bbox 470 5697 583 5747; x_wconf 86' lang='lat' dir='ltr'><strong>tere</strong></span> <span class='ocrx_word' id='word_1_818' title='bbox 614 5692 805 5748; x_wconf 80' lang='lat' dir='ltr'><strong>Adami</strong></span> <span class='ocrx_word' id='word_1_819' title='bbox 834 5692 1063 5755; x_wconf 76' lang='lat' dir='ltr'><strong>formata</strong></span> <span class='ocrx_word' id='word_1_820' title='bbox 1095 5717 1126 5754; x_wconf 89' lang='lat' dir='ltr'><strong>a</strong></span> <span class='ocrx_word' id='word_1_821' title='bbox 1159 5699 1267 5753; x_wconf 91' lang='lat' dir='ltr'><strong>Deo</strong></span> <span class='ocrx_word' id='word_1_822' title='bbox 1299 5699 1489 5754; x_wconf 80' lang='lat' dir='ltr'><strong>fuerat.</strong></span> <span class='ocrx_word' id='word_1_823' title='bbox 1523 5692 1738 5754; x_wconf 61' lang='lat' dir='ltr'><strong>F&#39;Annlc&#39;.</strong></span> 
     </span>
     <span class='ocr_line' id='line_1_107' title="bbox 545 5761 2024 5841; baseline 0.005 -26"><span class='ocrx_word' id='word_1_824' title='bbox 545 5761 657 5833; x_wconf 70' lang='lat' dir='ltr'><strong>(Si)</strong></span> <span class='ocrx_word' id='word_1_825' title='bbox 697 5765 901 5822; x_wconf 75' lang='grc' dir='ltr'>Ἔσται</span> <span class='ocrx_word' id='word_1_826' title='bbox 929 5770 1026 5822; x_wconf 76' lang='grc' dir='ltr'>καὶ</span> <span class='ocrx_word' id='word_1_827' title='bbox 1061 5771 1222 5834; x_wconf 84' lang='grc' dir='ltr'>Θεός.</span> <span class='ocrx_word' id='word_1_828' title='bbox 1251 5769 1332 5825; x_wconf 86' lang='lat' dir='ltr'><strong>Ad</strong></span> <span class='ocrx_word' id='word_1_829' title='bbox 1365 5769 1494 5827; x_wconf 90' lang='lat' dir='ltr'><strong>illud</strong></span> <span class='ocrx_word' id='word_1_830' title='bbox 1525 5771 1745 5841; x_wconf 88' lang='lat' dir='ltr'><strong>respicit</strong></span> <span class='ocrx_word' id='word_1_831' title='bbox 1767 5767 1808 5822; x_wconf 89' lang='lat' dir='ltr'><strong>ll</strong></span> <span class='ocrx_word' id='word_1_832' title='bbox 1837 5765 1952 5824; x_wconf 89' lang='lat' dir='ltr'><strong>Pet.</strong></span> <span class='ocrx_word' id='word_1_833' title='bbox 1983 5783 2024 5835; x_wconf 85' lang='grc' dir='ltr'><strong>ι,</strong></span> 
     </span>
    </p>
   </div>
   <div class='ocr_carea' id='block_1_106' title="bbox 1605 5306 2084 5370">
    <p class='ocr_par' dir='ltr' id='par_1_106' title="bbox 1605 5306 2084 5370">
     <span class='ocr_line' id='line_1_108' title="bbox 1605 5306 2084 5370; baseline -0.008 -7"><span class='ocrx_word' id='word_1_834' title='bbox 1605 5307 1645 5338; x_wconf 83' lang='grc'><strong>¹⁵</strong></span> <span class='ocrx_word' id='word_1_835' title='bbox 1669 5307 1826 5362; x_wconf 82' lang='lat' dir='ltr'><strong>Joan.</strong></span> <span class='ocrx_word' id='word_1_836' title='bbox 1861 5324 1978 5370; x_wconf 73' lang='lat' dir='ltr'><strong>xu,</strong></span> <span class='ocrx_word' id='word_1_837' title='bbox 2001 5306 2084 5360; x_wconf 68' lang='grc'><strong>54.</strong></span> 
     </span>
    </p>
   </div>
   <div class='ocr_carea' id='block_1_107' title="bbox 2137 4541 3680 4617">
    <p class='ocr_par' dir='ltr' id='par_1_107' title="bbox 2137 4541 3680 4617">
     <span class='ocr_line' id='line_1_109' title="bbox 2137 4541 3680 4617; baseline -0.003 -16"><span class='ocrx_word' id='word_1_838' title='bbox 2137 4547 2292 4601; x_wconf 85' lang='grc' dir='ltr'>Θεοῦ.</span> <span class='ocrx_word' id='word_1_839' title='bbox 2327 4547 2434 4598; x_wconf 77' lang='grc' dir='ltr'>Καὶ</span> <span class='ocrx_word' id='word_1_840' title='bbox 2467 4545 2612 4610; x_wconf 81' lang='grc' dir='ltr'><strong>πῶς;</strong></span> <span class='ocrx_word' id='word_1_841' title='bbox 2649 4545 2840 4616; x_wconf 57' lang='grc' dir='ltr'>φησίν</span> <span class='ocrx_word' id='word_1_842' title='bbox 2889 4545 2982 4598; x_wconf 73' lang='grc' dir='ltr'><strong>ἐὰν</strong></span> <span class='ocrx_word' id='word_1_843' title='bbox 3015 4546 3208 4616; x_wconf 77' lang='grc' dir='ltr'>μηκέτι</span> <span class='ocrx_word' id='word_1_844' title='bbox 3249 4547 3544 4617; x_wconf 69' lang='grc' dir='ltr'>μοιχεύσῃς</span> <span class='ocrx_word' id='word_1_845' title='bbox 3571 4541 3680 4612; x_wconf 66' lang='grc'><strong>(82).</strong></span> 
     </span>
    </p>
   </div>
   <div class='ocr_carea' id='block_1_108' title="bbox 2142 4637 3680 4712">
    <p class='ocr_par' dir='ltr' id='par_1_108' title="bbox 2142 4637 3680 4712">
     <span class='ocr_line' id='line_1_110' title="bbox 2142 4637 3680 4712; baseline -0.003 -20"><span class='ocrx_word' id='word_1_846' title='bbox 2142 4641 2274 4712; x_wconf 74' lang='grc' dir='ltr'><strong>μηδέ</strong></span> <span class='ocrx_word' id='word_1_847' title='bbox 2308 4637 2591 4710; x_wconf 77' lang='grc' dir='ltr'>φονεύσῃς,</span> <span class='ocrx_word' id='word_1_848' title='bbox 2627 4639 2760 4710; x_wconf 80' lang='grc' dir='ltr'>μηδὲ</span> <span class='ocrx_word' id='word_1_849' title='bbox 2790 4638 3304 4710; x_wconf 77' lang='grc' dir='ltr'>είδωλολατρεύσῃς·</span> <span class='ocrx_word' id='word_1_850' title='bbox 3335 4640 3434 4692; x_wconf 75' lang='grc' dir='ltr'><strong>ἐὰν</strong></span> <span class='ocrx_word' id='word_1_851' title='bbox 3468 4640 3540 4710; x_wconf 76' lang='grc' dir='ltr'>μὴ</span> <span class='ocrx_word' id='word_1_852' title='bbox 3569 4651 3680 4707; x_wconf 82' lang='grc' dir='ltr'>κρα-</span> 
     </span>
    </p>
   </div>
   <div class='ocr_carea' id='block_1_109' title="bbox 2135 4729 3682 4803">
    <p class='ocr_par' dir='ltr' id='par_1_109' title="bbox 2135 4729 3682 4803">
     <span class='ocr_line' id='line_1_111' title="bbox 2135 4729 3682 4803; baseline -0.003 -19"><span class='ocrx_word' id='word_1_853' title='bbox 2135 4731 2302 4803; x_wconf 82' lang='grc' dir='ltr'>τηθῇς</span> <span class='ocrx_word' id='word_1_854' title='bbox 2320 4731 2408 4799; x_wconf 69' lang='grc' dir='ltr'><strong>ὑφ’</strong></span> <span class='ocrx_word' id='word_1_855' title='bbox 2426 4730 2636 4801; x_wconf 81' lang='grc' dir='ltr'>ἡδονῆς,</span> <span class='ocrx_word' id='word_1_856' title='bbox 2655 4730 2750 4783; x_wconf 83' lang='grc' dir='ltr'>ἐὰν</span> <span class='ocrx_word' id='word_1_857' title='bbox 2774 4729 2846 4800; x_wconf 83' lang='grc' dir='ltr'>μὴ</span> <span class='ocrx_word' id='word_1_858' title='bbox 2869 4729 3034 4792; x_wconf 89' lang='grc' dir='ltr'>πάθος</span> <span class='ocrx_word' id='word_1_859' title='bbox 3055 4730 3434 4800; x_wconf 74' lang='grc' dir='ltr'>ὑπερηφανίας</span> <span class='ocrx_word' id='word_1_860' title='bbox 3451 4730 3682 4801; x_wconf 76' lang='grc' dir='ltr'>κυριεύσῃ</span> 
     </span>
    </p>
   </div>
   <div class='ocr_carea' id='block_1_110' title="bbox 2138 4817 3682 4894">
    <p class='ocr_par' dir='ltr' id='par_1_110' title="bbox 2138 4817 3682 4894">
     <span class='ocr_line' id='line_1_112' title="bbox 2138 4817 3682 4894; baseline -0.005 -18"><span class='ocrx_word' id='word_1_861' title='bbox 2138 4839 2229 4876; x_wconf 92' lang='grc' dir='ltr'><strong>σου</strong></span> <span class='ocrx_word' id='word_1_862' title='bbox 2252 4839 2264 4852; x_wconf 76' lang='grc'><strong><em>⁸</em></strong></span> <span class='ocrx_word' id='word_1_863' title='bbox 2297 4822 2392 4876; x_wconf 84' lang='grc' dir='ltr'>ἐὰν</span> <span class='ocrx_word' id='word_1_864' title='bbox 2425 4822 2696 4894; x_wconf 79' lang='grc' dir='ltr'>ἀποξέσῃς</span> <span class='ocrx_word' id='word_1_865' title='bbox 2735 4823 2826 4874; x_wconf 84' lang='grc' dir='ltr'><strong>τὸν</strong></span> <span class='ocrx_word' id='word_1_866' title='bbox 2869 4821 3036 4892; x_wconf 76' lang='grc' dir='ltr'>ῥύπον</span> <span class='ocrx_word' id='word_1_867' title='bbox 3073 4821 3172 4892; x_wconf 81' lang='grc' dir='ltr'><strong>τῆς</strong></span> <span class='ocrx_word' id='word_1_868' title='bbox 3209 4822 3570 4894; x_wconf 82' lang='grc' dir='ltr'>ἀκαθαρσίας,</span> <span class='ocrx_word' id='word_1_869' title='bbox 3607 4817 3682 4871; x_wconf 78' lang='grc' dir='ltr'>καὶ</span> 
     </span>
    </p>
   </div>
   <div class='ocr_carea' id='block_1_111' title="bbox 2133 4907 3680 4986">
    <p class='ocr_par' dir='ltr' id='par_1_111' title="bbox 2133 4907 3680 4986">
     <span class='ocr_line' id='line_1_113' title="bbox 2133 4907 3680 4986; baseline -0.005 -21"><span class='ocrx_word' id='word_1_870' title='bbox 2133 4911 2440 4986; x_wconf 66' lang='grc' dir='ltr'>ἀπορῤίψῃς</span> <span class='ocrx_word' id='word_1_871' title='bbox 2485 4911 2545 4964; x_wconf 85' lang='grc' dir='ltr'><strong>τὸ</strong></span> <span class='ocrx_word' id='word_1_872' title='bbox 2592 4910 2806 4980; x_wconf 82' lang='grc' dir='ltr'>φορτίον</span> <span class='ocrx_word' id='word_1_873' title='bbox 2848 4910 2948 4980; x_wconf 80' lang='grc' dir='ltr'>τῆς</span> <span class='ocrx_word' id='word_1_874' title='bbox 2985 4909 3283 4979; x_wconf 79' lang='grc' dir='ltr'>ἁμαρτίας·</span> <span class='ocrx_word' id='word_1_875' title='bbox 3325 4909 3426 4962; x_wconf 78' lang='grc' dir='ltr'>ἐὰν</span> <span class='ocrx_word' id='word_1_876' title='bbox 3467 4907 3680 4974; x_wconf 79' lang='grc' dir='ltr'>ἀποδύσῃ</span> 
     </span>
    </p>
   </div>
   <div class='ocr_carea' id='block_1_112' title="bbox 2133 4999 3678 5078">
    <p class='ocr_par' dir='ltr' id='par_1_112' title="bbox 2133 4999 3678 5078">
     <span class='ocr_line' id='line_1_114' title="bbox 2133 4999 3678 5078; baseline -0.007 -18"><span class='ocrx_word' id='word_1_877' title='bbox 2133 5009 2230 5078; x_wconf 85' lang='grc' dir='ltr'>τὴν</span> <span class='ocrx_word' id='word_1_878' title='bbox 2260 5003 2556 5060; x_wconf 87' lang='grc' dir='ltr'>πανοπλίαν</span> <span class='ocrx_word' id='word_1_879' title='bbox 2595 5003 2687 5056; x_wconf 87' lang='grc' dir='ltr'><strong>τοῦ</strong></span> <span class='ocrx_word' id='word_1_880' title='bbox 2720 5001 2984 5064; x_wconf 76' lang='grc' dir='ltr'>διαϐόλου,</span> <span class='ocrx_word' id='word_1_881' title='bbox 3021 5001 3112 5052; x_wconf 73' lang='grc' dir='ltr'><strong>καὶ</strong></span> <span class='ocrx_word' id='word_1_882' title='bbox 3141 4999 3331 5070; x_wconf 79' lang='grc' dir='ltr'>ἐνδύσῃ</span> <span class='ocrx_word' id='word_1_883' title='bbox 3363 5001 3458 5052; x_wconf 78' lang='grc' dir='ltr'><strong>τὸν</strong></span> <span class='ocrx_word' id='word_1_884' title='bbox 3487 4999 3678 5070; x_wconf 67' lang='grc' dir='ltr'>θώρακα</span> 
     </span>
    </p>
   </div>
   <div class='ocr_carea' id='block_1_113' title="bbox 2131 5089 3679 5170">
    <p class='ocr_par' dir='ltr' id='par_1_113' title="bbox 2131 5089 3679 5170">
     <span class='ocr_line' id='line_1_115' title="bbox 2131 5089 3679 5170; baseline -0.01 -18"><span class='ocrx_word' id='word_1_885' title='bbox 2131 5101 2229 5170; x_wconf 84' lang='grc' dir='ltr'>τῆς</span> <span class='ocrx_word' id='word_1_886' title='bbox 2264 5099 2518 5160; x_wconf 84' lang='grc' dir='ltr'>πίστεως,</span> <span class='ocrx_word' id='word_1_887' title='bbox 2553 5093 2732 5157; x_wconf 86' lang='grc' dir='ltr'>καθώς</span> <span class='ocrx_word' id='word_1_888' title='bbox 2759 5109 2921 5164; x_wconf 79' lang='grc' dir='ltr'>φησιν</span> <span class='ocrx_word' id='word_1_889' title='bbox 2958 5092 3180 5155; x_wconf 79' lang='grc' dir='ltr'>Ἡσαΐας</span> <span class='ocrx_word' id='word_1_890' title='bbox 3201 5108 3214 5120; x_wconf 93' lang='grc'><strong>·</strong></span> <span class='ocrx_word' id='word_1_891' title='bbox 3250 5111 3268 5142; x_wconf 75' lang='grc' dir='ltr'><strong>ι</strong></span> <span class='ocrx_word' id='word_1_892' title='bbox 3298 5091 3580 5145; x_wconf 76' lang='grc' dir='ltr'>Λούσασθε</span> <span class='ocrx_word' id='word_1_893' title='bbox 3605 5089 3679 5140; x_wconf 75' lang='grc' dir='ltr'><strong>καὶ</strong></span> 
     </span>
    </p>
   </div>
   <div class='ocr_carea' id='block_1_114' title="bbox 2129 5184 3680 5260">
    <p class='ocr_par' dir='ltr' id='par_1_114' title="bbox 2129 5184 3680 5260">
     <span class='ocr_line' id='line_1_116' title="bbox 2129 5184 3680 5260; baseline -0.005 -18"><span class='ocrx_word' id='word_1_894' title='bbox 2129 5188 2396 5260; x_wconf 79' lang='grc' dir='ltr'>ζητήσατε</span> <span class='ocrx_word' id='word_1_895' title='bbox 2428 5187 2628 5258; x_wconf 87' lang='grc' dir='ltr'>κρίσιν,</span> <span class='ocrx_word' id='word_1_896' title='bbox 2663 5184 2898 5256; x_wconf 83' lang='grc' dir='ltr'>ῥύσασθε</span> <span class='ocrx_word' id='word_1_897' title='bbox 2940 5184 3307 5254; x_wconf 86' lang='grc' dir='ltr'>ἀδικούμενον,</span> <span class='ocrx_word' id='word_1_898' title='bbox 3351 5187 3571 5258; x_wconf 82' lang='grc' dir='ltr'>κρίνατε</span> <span class='ocrx_word' id='word_1_899' title='bbox 3605 5185 3680 5252; x_wconf 77' lang='grc' dir='ltr'><strong>ὀρ-</strong></span> 
     </span>
    </p>
   </div>
   <div class='ocr_carea' id='block_1_115' title="bbox 2135 5295 3678 5364">
    <p class='ocr_par' dir='ltr' id='par_1_115' title="bbox 2135 5295 3678 5364">
     <span class='ocr_line' id='line_1_117' title="bbox 2135 5295 3678 5364; baseline -0.006 -9"><span class='ocrx_word' id='word_1_900' title='bbox 2135 5305 2198 5356; x_wconf 76' lang='lat'><strong>&quot;.</strong></span> <span class='ocrx_word' id='word_1_901' title='bbox 2243 5301 2286 5354; x_wconf 89' lang='lat' dir='ltr'><strong>Il</strong></span> <span class='ocrx_word' id='word_1_902' title='bbox 2346 5300 2461 5354; x_wconf 86' lang='lat' dir='ltr'><strong>Pet.</strong></span> <span class='ocrx_word' id='word_1_903' title='bbox 2513 5299 2631 5364; x_wconf 70' lang='grc' dir='ltr'>ι,4.</span> <span class='ocrx_word' id='word_1_904' title='bbox 2707 5299 2749 5329; x_wconf 87' lang='grc'><strong>¹⁷</strong></span> <span class='ocrx_word' id='word_1_905' title='bbox 2779 5297 2941 5352; x_wconf 77' lang='lat' dir='ltr'><strong>Rom.</strong></span> <span class='ocrx_word' id='word_1_906' title='bbox 2991 5314 3108 5364; x_wconf 85' lang='lat' dir='ltr'><strong>vm,</strong></span> <span class='ocrx_word' id='word_1_907' title='bbox 3139 5298 3226 5354; x_wconf 89' lang='grc'><strong>17.</strong></span> <span class='ocrx_word' id='word_1_908' title='bbox 3305 5299 3350 5329; x_wconf 75' lang='grc' dir='ltr'><strong><em>η</em></strong></span> <span class='ocrx_word' id='word_1_909' title='bbox 3394 5297 3528 5352; x_wconf 85' lang='lat' dir='ltr'><strong>Gen.</strong></span> <span class='ocrx_word' id='word_1_910' title='bbox 3571 5295 3678 5360; x_wconf 73' lang='lat'><strong>1,2.</strong></span> 
     </span>
    </p>
   </div>
   <div class='ocr_carea' id='block_1_116' title="bbox 2127 5363 3676 5438">
    <p class='ocr_par' dir='ltr' id='par_1_116' title="bbox 2127 5363 3676 5438">
     <span class='ocr_line' id='line_1_118' title="bbox 2127 5363 3676 5438; baseline -0.006 -11"><span class='ocrx_word' id='word_1_911' title='bbox 2127 5375 2170 5406; x_wconf 79' lang='grc'>⁸⁸</span> <span class='ocrx_word' id='word_1_912' title='bbox 2200 5371 2340 5427; x_wconf 83' lang='lat' dir='ltr'><strong>Psal.</strong></span> <span class='ocrx_word' id='word_1_913' title='bbox 2376 5387 2428 5438; x_wconf 72' lang='grc' dir='ltr'>ι,</span> <span class='ocrx_word' id='word_1_914' title='bbox 2461 5363 2547 5424; x_wconf 76' lang='grc'><strong>12.</strong></span> <span class='ocrx_word' id='word_1_915' title='bbox 2625 5368 2670 5400; x_wconf 78' lang='grc'><strong>⁸³</strong></span> <span class='ocrx_word' id='word_1_916' title='bbox 2710 5366 2844 5424; x_wconf 87' lang='lat' dir='ltr'><strong>Luc.</strong></span> <span class='ocrx_word' id='word_1_917' title='bbox 2896 5383 2936 5434; x_wconf 89' lang='grc' dir='ltr'><strong>ι,</strong></span> <span class='ocrx_word' id='word_1_918' title='bbox 2985 5363 3102 5423; x_wconf 45' lang='grc'><strong>55(</strong></span> <span class='ocrx_word' id='word_1_919' title='bbox 3149 5369 3194 5399; x_wconf 74' lang='grc'><strong>’⁸</strong></span> <span class='ocrx_word' id='word_1_920' title='bbox 3233 5367 3428 5422; x_wconf 81' lang='lat' dir='ltr'><strong>Matth.</strong></span> <span class='ocrx_word' id='word_1_921' title='bbox 3465 5384 3570 5431; x_wconf 75' lang='lat' dir='ltr'><strong>xu,</strong></span> <span class='ocrx_word' id='word_1_922' title='bbox 3601 5363 3676 5418; x_wconf 87' lang='grc'><strong>16.</strong></span> 
     </span>
    </p>
   </div>
   <div class='ocr_carea' id='block_1_117' title="bbox 2128 5548 3678 5623">
    <p class='ocr_par' dir='ltr' id='par_1_117' title="bbox 2128 5548 3678 5623">
     <span class='ocr_line' id='line_1_119' title="bbox 2128 5548 3678 5623; baseline -0.022 -13"><span class='ocrx_word' id='word_1_923' title='bbox 2128 5558 2194 5610; x_wconf 79' lang='grc' dir='ltr'>4ε</span> <span class='ocrx_word' id='word_1_924' title='bbox 2230 5555 2344 5608; x_wconf 60' lang='grc' dir='ltr'>ἰνα</span> <span class='ocrx_word' id='word_1_925' title='bbox 2365 5551 2451 5606; x_wconf 90' lang='grc' dir='ltr'><strong>διά</strong></span> <span class='ocrx_word' id='word_1_926' title='bbox 2474 5552 2686 5623; x_wconf 31' lang='grc' dir='ltr'>τούτων.</span> <span class='ocrx_word' id='word_1_927' title='bbox 2705 5550 2942 5623; x_wconf 77' lang='grc' dir='ltr'>γένησθε</span> <span class='ocrx_word' id='word_1_928' title='bbox 2973 5550 3122 5613; x_wconf 87' lang='grc' dir='ltr'>θείας</span> <span class='ocrx_word' id='word_1_929' title='bbox 3157 5549 3408 5604; x_wconf 75' lang='grc' dir='ltr'>κοινωνοὶ</span> <span class='ocrx_word' id='word_1_930' title='bbox 3443 5548 3642 5618; x_wconf 70' lang='grc' dir='ltr'>φύσεως</span> <span class='ocrx_word' id='word_1_931' title='bbox 3665 5561 3678 5574; x_wconf 91' lang='grc'><strong>.</strong></span> 
     </span>
    </p>
   </div>
   <div class='ocr_carea' id='block_1_118' title="bbox 2136 5621 3674 5694">
    <p class='ocr_par' dir='ltr' id='par_1_118' title="bbox 2136 5621 3674 5694">
     <span class='ocr_line' id='line_1_120' title="bbox 2136 5621 3674 5694; baseline -0.007 -16"><span class='ocrx_word' id='word_1_932' title='bbox 2136 5644 2155 5678; x_wconf 80' lang='grc' dir='ltr'><strong>ι</strong></span> <span class='ocrx_word' id='word_1_933' title='bbox 2197 5623 2266 5678; x_wconf 90' lang='lat' dir='ltr'><strong>Ut</strong></span> <span class='ocrx_word' id='word_1_934' title='bbox 2293 5639 2385 5692; x_wconf 90' lang='lat' dir='ltr'><strong>per</strong></span> <span class='ocrx_word' id='word_1_935' title='bbox 2412 5625 2526 5694; x_wconf 78' lang='lat' dir='ltr'><strong>haec</strong></span> <span class='ocrx_word' id='word_1_936' title='bbox 2557 5621 2862 5694; x_wconf 80' lang='lat' dir='ltr'><strong>ciliciamini</strong></span> <span class='ocrx_word' id='word_1_937' title='bbox 2893 5621 3406 5694; x_wconf 15' lang='lat' dir='ltr'><strong>dAivin:e_coi_isort.e‘s</strong></span> <span class='ocrx_word' id='word_1_938' title='bbox 3435 5629 3674 5694; x_wconf 46' lang='lat' dir='ltr'><strong>natm-mn</strong></span> 
     </span>
    </p>
   </div>
   <div class='ocr_carea' id='block_1_119' title="bbox 2200 5689 3680 5764">
    <p class='ocr_par' dir='ltr' id='par_1_119' title="bbox 2200 5689 3680 5764">
     <span class='ocr_line' id='line_1_121' title="bbox 2200 5689 3680 5764; baseline -0.005 -17"><span class='ocrx_word' id='word_1_939' title='bbox 2200 5689 2312 5764; x_wconf 75' lang='grc'><strong>(82)</strong></span> <span class='ocrx_word' id='word_1_940' title='bbox 2362 5693 2496 5762; x_wconf 76' lang='grc' dir='ltr'><strong>Ἑᾲν</strong></span> <span class='ocrx_word' id='word_1_941' title='bbox 2509 5691 3080 5764; x_wconf 42' lang='grc' dir='ltr'>μηκέτ-ιμοιχεύσςῃς.</span> <span class='ocrx_word' id='word_1_942' title='bbox 3105 5689 3160 5764; x_wconf 81' lang='lat' dir='ltr'><strong>|_u</strong></span> <span class='ocrx_word' id='word_1_943' title='bbox 3189 5691 3342 5764; x_wconf 63' lang='lat' dir='ltr'><strong>hunc</strong></span> <span class='ocrx_word' id='word_1_944' title='bbox 3365 5690 3546 5744; x_wconf 87' lang='lat' dir='ltr'><strong>locum</strong></span> <span class='ocrx_word' id='word_1_945' title='bbox 3579 5689 3680 5740; x_wconf 73' lang='lat' dir='ltr'><strong>vide</strong></span> 
     </span>
    </p>
   </div>
   <div class='ocr_carea' id='block_1_120' title="bbox 2139 5751 3412 5831">
    <p class='ocr_par' dir='ltr' id='par_1_120' title="bbox 2139 5751 3412 5831">
     <span class='ocr_line' id='line_1_122' title="bbox 2139 5751 3412 5831; baseline -0.002 -11"><span class='ocrx_word' id='word_1_946' title='bbox 2139 5751 2532 5822; x_wconf 50' lang='lat' dir='ltr'><strong>Possinum&#39;ad</strong></span> <span class='ocrx_word' id='word_1_947' title='bbox 2571 5751 2628 5820; x_wconf 86' lang='lat' dir='ltr'><strong>S.</strong></span> <span class='ocrx_word' id='word_1_948' title='bbox 2663 5751 2768 5817; x_wconf 82' lang='lat' dir='ltr'><strong>Nili</strong></span> <span class='ocrx_word' id='word_1_949' title='bbox 2790 5751 3074 5831; x_wconf 68' lang='lat' dir='ltr'><strong>epistolam</strong></span> <span class='ocrx_word' id='word_1_950' title='bbox 3101 5759 3156 5814; x_wconf 72' lang='lat'><strong>2.</strong></span> <span class='ocrx_word' id='word_1_951' title='bbox 3189 5757 3412 5816; x_wconf 70' lang='grc' dir='ltr'>ΡΑειιιο.</span> 
     </span>
    </p>
   </div>
  </div>
