3862 6508
166 398 249 456 861
1307 388 1687 447 SERMONUM
1729 386 2170 442 FRAGMENTA.

3260 375 3369 429 86‘3

164 511 316 580 φανῷ,
358 512 451 567 καὶ
479 511 800 566 δικαιώσατε
834 509 1028 582 χήραν.
1067 508 1176 562 Καὶ
1210 507 1361 560 δεῦτε
1396 509 1488 560 καὶ
1524 506 1701 559 διαλε-

1822 507 1915 561 vite
1942 505 2180 559 viduam.
2208 502 2274 558 Et
2299 502 2476 557 venite
2496 509 2548 556 et
2573 499 2956 570 disceptemus,
2985 496 3060 551 ait
3080 492 3364 550 Dominus.

160 607 376 680 χθῶμεν,
429 605 574 673 λέγει
630 603 850 676 Κύριος.
901 600 1008 654 Καὶ
1041 600 1135 653 ἐὰν
1177 593 1322 652 ὦσιν
1345 600 1400 653 αἱ
1438 597 1701 669 ἁμαρτίαι

1822 600 1866 654 Et
1893 600 1937 653 si
1965 601 2072 654 sint
2097 605 2315 668 peccata
2336 607 2513 650 vestra
2539 595 2682 650 sicut
2707 592 3074 662 phmniceum,
3105 597 3163 642 ut
3189 588 3365 641 nivem

161 698 294 769 ὑμῶν
319 697 394 758 ὡς
425 693 718 764 φοινικοῦν,
751 693 826 755 ὠς
849 692 1000 762 χιόνα
1030 689 1301 743 λευκανῶ·
1343 690 1438 743 ἐὰν
1478 689 1533 741 δὲ
1573 682 1703 740 ὦσιν

1822 692 2090 755 lealbabo;
2136 689 2290 758 sique
2330 684 2530 741 fuerint
2567 693 2626 740 ut
2669 685 2978 748 coccinum,
3013 679 3278 736 dealbabo
3310 685 3372 730 ut

158 791 224 854 ὡς
253 789 515 850 κόκκινον,
548 784 678 836 ὼσεὶ
707 783 850 855 ἔριον
872 781 1135 836 λευκανῶ.
1165 781 1272 834 Καὶ
1291 781 1384 834 ἐὰν
1405 780 1591 851 θέλητε
1611 777 1706 831 καὶ

1823 798 2000 836 anam.
2044 780 2107 834 Et
2135 779 2352 849 quando
2383 777 2545 832 vultis
2576 791 2762 831 vocem
2793 791 2967 831 meam
2990 773 3198 836 audire,
3226 770 3369 823 bona

157 881 245 950 τῆς
277 879 455 949 φωνῆς
487 896 587 950 μου
614 877 910 947 ἀκούσητε,
945 876 1013 928 τὰ
1049 875 1226 944 ἀγαθὰ
1263 877 1359 945 τῆς
1400 874 1499 944 γῆς
1540 872 1706 942 φάγε-

160 971 256 1023 σθε.
291 990 310 1022 ι
346 971 502 1034 Ἵδες,
533 968 802 1038 ἀγαπητὲ,
834 968 949 1032 πῶς
980 971 1234 1038 προεῖπεν
1261 968 1288 1020 ό
1319 967 1600 1036 προφήτης
1644 963 1704 1016 τὸ

155 1063 236 1116 τοῦ
257 1061 623 1133 βαπτίσματος
643 1059 935 1131 καθάρσιον
954 1075 968 1123 ;
1003 1061 1059 1112 Ὀ
1078 1058 1182 1127 γὰρ
1203 1058 1542 1112 καταϐαίνων
1568 1054 1702 1125 μετὰ

157 1155 369 1217 πίστεως
398 1156 478 1217 εἰς
500 1154 559 1206 τὸ
579 1154 676 1222 τῆς
696 1153 959 1220 ἀναγεννή
969 1168 1101 1213 σεως
1121 1149 1339 1220 λουτρὸν
1360 1147 1702 1200 διατάσσεται

155 1246 220 1316 τῷ
248 1244 484 1316 πονηρῷ,
522 1245 872 1297 συντάσσεται
912 1243 969 1296 δὲ
996 1241 1074 1312 τῷ
1102 1239 1320 1312 Χριστῷ
1341 1256 1356 1271 ·
1387 1240 1704 1309 ἀπαρνεῖται

154 1338 231 1391 τὸν
267 1337 476 1410 ἐχθρὸν,
516 1337 765 1408 ὁμολογεῖ
792 1337 848 1390 δὲ
875 1336 956 1400 τὸ,
991 1335 1124 1388 Θεὸν
1152 1331 1288 1386 εἶναι
1318 1332 1408 1385 τὸν
1430 1329 1661 1402 Χριστόν
1685 1345 1699 1359 ·

155 1430 432 1485 ἀποδύεται
460 1430 559 1500 τὴν
589 1428 852 1492 δουλείαν,
887 1427 1127 1480 ἐνδύεται
1168 1426 1224 1478 δὲ
1261 1424 1359 1496 τὴν
1402 1421 1700 1475 υἱοθεσίαν·

154 1527 423 1596 ἀνέρχεται
457 1523 565 1576 ἀπὸ
594 1521 688 1575 τοῦ
722 1520 1093 1592 βαπτίσματος
1122 1517 1367 1588 λαμπρὸς
1399 1515 1472 1578 ὡς
1501 1516 1530 1566 ό
1556 1513 1706 1584 ⁴ἣλιος

156 1618 272 1687 (85),
303 1615 714 1688 ἀπαστράπτων
740 1618 839 1677 τὰς
867 1613 966 1682 τῆς
995 1609 1337 1679 δικαιοσύνης
1370 1608 1620 1668 ἀκτῖνας·
1646 1604 1707 1657 τὸ

1803 885 1960 928 ιρι-ναξ
1986 870 2281 926 comedetis
2312 870 2376 924 ’⁸.
2411 889 2430 921 ι
2485 867 2666 931 Vides,
2698 867 2911 928 dilecte,
2946 863 3218 934 quomodo
3247 875 3376 929 pro-

1806 961 1968 1030 pheta
2004 957 2256 1027 baptismi
2286 957 2395 1010 vim
2431 957 2768 1026 purgativam
2797 954 3064 1024 praedixit.
3093 951 3196 1017 Qui
3225 949 3373 1004 enim

1809 1066 1932 1105 cum
1963 1050 2063 1104 [ide
2093 1050 2145 1103 in
2179 1049 2282 1102 hoc
2313 1046 2740 1118 regenerationis
2766 1045 3041 1098 lavacrum
3071 1039 3372 1103 descendit,

1808 1142 2083 1197 renuntiat
2106 1140 2342 1200 diabolo,
2372 1149 2424 1192 et
2453 1138 2668 1192 Christo
2695 1152 2753 1191 se
2779 1134 3014 1198 addicit;
3045 1133 3251 1187 hostem
3278 1130 3376 1184 ab-

1809 1241 1990 1302 negat,
2023 1240 2078 1284 at
2101 1230 2378 1285 Christum
2418 1229 2585 1282 Deum
2620 1243 2741 1282 esse
2776 1226 3096 1289 conﬁtetur;
3139 1224 3376 1278 servitu-

1809 1333 1917 1379 tem
1961 1323 2130 1386 exuit,
2178 1321 2353 1376 induit
2403 1306 2782 1388 adoptionem;
2834 1317 2972 1371 redit
3003 1331 3066 1370 ex
3106 1315 3377 1382 baptismo

1810 1415 2126 1486 splendidus
2162 1422 2220 1466 ut
2247 1412 2350 1476 sol,
2386 1410 2569 1464 radios
2595 1409 2820 1478 justitize
2841 1407 3201 1475 etiulgurans;
3226 1402 3374 1472 quod

1809 1522 1937 1562 vero
1982 1505 2280 1559 maximum
2327 1509 2429 1567 est,
2479 1501 2770 1554 revertitur
2793 1499 2936 1552 ﬁlius
2970 1497 3064 1550 Dei
3095 1508 3146 1549 et
3174 1491 3378 1548 Christi

1811 1600 2071 1655 cohzeres.
2123 1595 2229 1665 Ipsi
2279 1594 2449 1665 gloria
2501 1603 2553 1648 et
2584 1593 2826 1662 potentia
2850 1606 2975 1646 cum
3005 1586 3376 1648 sanctissimo,

152 1707 202 1760 δὲ
232 1708 504 1778 μέγιστόν,
545 1709 750 1762 ἄνεισιν
787 1706 902 1769 υίὸς
944 1702 1098 1767 Θεοῦ,
1147 1702 1238 1756 καὶ
1273 1698 1707 1770 συγκληρονόμος

1822 1692 1956 1743 bono
1982 1696 2035 1741 et
2061 1686 2278 1740 vivifico
2307 1685 2428 1754 ejus
2458 1684 2688 1754 Spiritu,
2722 1698 2869 1736 nunc
2898 1682 2970 1736 sit
2999 1689 3052 1734 et
3079 1691 3293 1745 semper
3325 1681 3379 1727 et

151 1799 395 1868 Χριστοῦ.
428 1798 583 1869 Αὐτῷ
613 1802 644 1869 ἡ
669 1797 794 1862 δόξα
819 1795 992 1850 καὶτὸ
1022 1795 1218 1866 κράτος
1245 1793 1341 1846 σὺν
1359 1791 1436 1863 τῷ
1461 1788 1707 1860 παναγίῳ

1814 1782 1868 1836 in
1899 1780 2080 1835 omnia
2110 1775 2307 1831 saecula
2334 1777 2679 1831 saeculorum.
2710 1775 2904 1828 Amen.

151 1891 232 1946 καὶ
255 1890 444 1962 ἀγαθῷ
466 1890 559 1944 καὶ
589 1888 836 1958 ζωοποιῷ
863 1887 1027 1941 αὐτοῦ
1055 1885 1351 1956 Πνεύματι,
1376 1883 1472 1937 νῦν
1494 1882 1588 1935 καὶ
1611 1879 1717 1942 ἀεὶ,
1747 1876 1840 1932 καὶ
1864 1875 1942 1935 είς
1973 1871 2098 1932 τοὺς
2130 1867 2449 1939 σύμπαντας
2477 1868 2678 1932 αἰῶνας
2715 1867 2824 1921 τῶν
2862 1863 3090 1922 αἰώνων.
3142 1860 3341 1932 Ἀμήν.

156 2074 258 2088 -ι

261 2032 3376 2088 .____________________________________.

1141 2221 1273 2334 S.
1357 2207 2368 2332 HIPPOLYTI

693 2456 1476 2575 SERMONUM
1572 2451 1897 2568 SIVE
1991 2437 2905 2560 HOMILIARUM

1365 2688 2132 2782 FRAGMENTA.

493 3169 576 3223 Ea:
605 3183 837 3221 sermone
868 3164 942 3219 De
973 3162 1389 3218 resurrectione.
1415 3190 1485 3200 —
1515 3159 1666 3228 Apud
1698 3157 2040 3212 Anastasium
2076 3153 2338 3208 Sinaitam
2373 3151 2428 3205 in
2465 3148 2706 3217 Hodego,
2747 3163 2869 3216 pag.
2899 3143 3019 3203 550.

164 3284 471 3346 Ἱππολύτου
522 3285 818 3339 ἐπισκόπου
861 3283 1106 3354 Ῥώμης,
1153 3284 1216 3336 ὲκ
1254 3280 1347 3334 τοῦ
1390 3279 1530 3347 Περὶ
1563 3278 1707 3333 ἀνα-

1822 3274 2081 3348 llippolyti
2124 3271 2362 3354 episcopi
2397 3269 2651 3354 Romani,
2707 3282 2772 3321 ex
2810 3277 3065 3354 sermone
3101 3262 3173 3316 De
3203 3279 3382 3318 resur-

386 3377 656 3442 στάσεως
688 3376 783 3430 καὶ
819 3377 1152 3445 ἀφθαρσίας
1179 3376 1336 3444 λόγου
1363 3370 1497 3443 (84).

211 3475 524 3537 «Ἔσονται,
566 3469 750 3541 φησὶν,
792 3471 850 3522 ὲν
891 3473 955 3541 τῇ
995 3469 1286 3523 ἀναστάσει
1321 3469 1369 3520 οί
1402 3465 1708 3538 ἄνθρωποι,

140 3565 210 3628 ὡς
249 3567 299 3617 oi
343 3563 567 3631 ἄγγελοι
610 3561 704 3615 τοῦ
735 3559 901 3613 Θεοῦο
943 3579 960 3612 ι
1010 3563 1067 3614 ἐν
1117 3559 1394 3630 ἀφθαρσίᾳ
1442 3557 1708 3629 δηλονότι,

142 3657 230 3708 καὶ
274 3653 578 3723 ἀθανασίᾳ,
618 3652 712 3706 καὶ
758 3651 1004 3723 ἀρευσίᾳ.
1045 3651 1353 3722 Ἀιρθαρτος
1393 3649 1501 3720 γὰρ
1555 3647 1710 3701 οὐσία

139 3747 193 3799 ού
226 3746 517 3814 γεννᾶται,
561 3744 662 3796 οὐκ
703 3741 889 3806 αὔξει,
935 3742 1032 3811 οὐχ
1077 3742 1262 3806 ὑπνοῖ,
1311 3740 1371 3792 ού
1419 3739 1595 3809 πεινᾷ,
1647 3737 1708 3791 οὐ

139 3835 292 3906 διψᾷ,
335 3837 399 3888 ού
431 3834 617 3904 κοπιᾷ,
645 3833 704 3885 ού
740 3833 958 3902 πάσχει,
988 3831 1047 3884 οὐ
1091 3829 1333 3900 θνήσκει,
1373 3829 1432 3881 οὐ
1462 3827 1709 3899 τιτρᾶται

140 3927 238 3981 ὑπὸ
285 3928 436 3998 ἧλων
484 3925 578 3978 καὶ
629 3924 858 3995 λόγχης,
906 3923 1003 3994 οὐχ
1053 3921 1205 3994 ἱδροῖ,
1257 3922 1354 3991 οὐχ
1405 3920 1708 3991 αἱμορῤοεί.

140 4021 398 4076 Τοιαῦται
442 4019 620 4073 οὐσίαι
659 4019 794 4071 εἰσὶν
833 4019 867 4088 ἦ
907 4035 967 4070 τε
1012 4016 1119 4070 τῶν
1163 4015 1427 4083 ἀγγέλων,
1456 4015 1564 4084 ἥτε
1603 4012 1712 4065 τῶν

137 4112 342 4182 ψυχῶν,
387 4111 496 4164 τῶν
549 4113 614 4164 ὲκ
653 4108 917 4180 σωμάτων
961 4106 1414 4179 ἀπηλλαγμένων.
1493 4102 1710 4174 Ἐπειδὴ

139 4206 228 4256 καὶ
255 4206 572 4276 ἀμφότεραι
612 4203 941 4274 ἑτερογενεῖς
979 4203 1113 4263 εἰσι,
1157 4199 1248 4252 καὶ
1293 4196 1567 4269 ἀλλότριαι
1612 4193 1711 4264 τῆς

137 4295 461 4366 ὁρωμένης,
513 4294 613 4349 καὶ
674 4293 1034 4366 φθειρομένης
1103 4291 1303 4360 ταύτης
1363 4287 1453 4342 τοῦ
1504 4286 1708 4358 κόσμου

136 4386 390 4450 κτίσεως.

2217 3338 2442 3396 rectioue
2473 3351 2521 3393 et
2555 3338 2962 3404 incorruptione.

1885 3458 1904 3491 ι
1930 3439 2120 3502 Erunt,
2157 3437 2351 3506 inquit,
2395 3433 2642 3488 homines
2681 3447 2734 3485 In
2781 3426 3198 3490 resurrectione,
3244 3424 3388 3479 sicut

1811 3533 1985 3602 angeli
2031 3531 2122 3584 Dei
2145 3529 2220 3596 ²⁹;
2265 3549 2284 3580 ι
2359 3528 2618 3581 nimirum
2671 3520 3042 3592 corruptionis
3113 3526 3382 3588 expertes,

1809 3624 2165 3688 immortales,
2217 3621 2350 3675 nihil
2394 3619 2609 3673 deﬂuxu
2655 3617 2838 3685 aliquo
2884 3609 3180 3682 deperdere
3215 3607 3382 3662 soliti.

1810 3717 1943 3772 Nam
1978 3715 2302 3771 immortalis
2349 3720 2543 3766 natura
2586 3725 2692 3762 non
2723 3714 2963 3776 generat,
3017 3718 3124 3756 non
3157 3713 3386 3769 genera-

1815 3820 1921 3872 tur,
1958 3824 2064 3864 non
2094 3817 2340 3878 augetur,
2371 3821 2478 3859 non
2506 3804 2724 3866 dormit,
2759 3815 2866 3852 non
2897 3796 3087 3855 esurit,
3116 3809 3221 3846 non
3248 3790 3384 3853 sitit,

1813 3917 1922 3956 non
1985 3900 2259 3967 fatigatur,
2313 3912 2420 3949 non
2465 3893 2685 3962 patitur,
2742 3905 2849 3943 non
2906 3885 3160 3947 moritur,
3211 3895 3386 3949 neque

1812 4006 1844 4045 a
1871 3991 2038 4046 clavis
2079 3999 2132 4044 et
2170 3989 2357 4042 lancea
2393 3986 2724 4056 perforatur,
2769 3997 2875 4034 non
2911 3981 3088 4044 sudat,
3120 3995 3226 4032 non
3263 3977 3387 4031 fun-

1813 4085 1892 4139 dit
1931 4082 2272 4151 sanguinem.
2311 4079 2587 4148 Ejusmodi
2632 4075 2841 4130 naturis
2891 4081 3142 4127 constant
3187 4070 3383 4137 angeli,

1815 4185 1868 4228 et
1901 4174 2095 4227 anima:
2131 4171 2410 4241 corporeis
2439 4169 2672 4223 vinculis
2705 4166 2987 4220 exsolutae.
3015 4163 3200 4216 Amba:
3237 4161 3382 4215 enim

1816 4261 1934 4315 istae
1988 4268 2199 4312 naturae
2251 4268 2377 4312 sunt
2425 4257 2650 4311 alterius
2697 4254 2933 4325 generis,
2985 4262 3039 4307 et
3080 4253 3306 4305 diversae
3353 4263 3385 4304 a

1815 4352 2081 4408 creaturis
2127 4351 2288 4420 hujus
2317 4349 2523 4413 mundi,
2558 4363 2678 4418 quae
2704 4348 2806 4403 sub
2839 4354 3117 4416 aspectum
3162 4343 3385 4408 cadunt,

1814 4453 1870 4500 et
1893 4443 2227 4514 corruptioni
2261 4442 2641 4512 subjiciuntur.

139 4660 222 4718 Ea:
264 4677 509 4719 sermone
538 4659 868 4730 Theologite,
901 4659 955 4730 id
986 4665 1063 4713 est
1093 4657 1335 4712 Deitatis.
1365 4685 1436 4696 —
1471 4654 1767 4730 Exstat__i§
1795 4656 1941 4710 Actis
1965 4657 2199 4730 _r_onri_lii
2241 4655 2611 4730 I_._aterane_nsis_
2645 4653 2740 4708 sub
2778 4653 3014 4708 Marttuo
3054 4645 3086 4700 1
3125 4662 3250 4700 ann.
3279 4641 3384 4697 649

860 4729 1125 4793 celebrati,
1152 4738 1395 4781 secretar.
1434 4741 1480 4791 ν,
1505 4743 1624 4795 pag.
1653 4725 1779 4788 287,
1811 4739 1937 4780 tom.
1965 4725 2055 4780 VII
2085 4727 2210 4779 edit.
2258 4724 2645 4780 Veneto-Labb.

204 4822 317 4877 Τοῦ
353 4821 513 4892 ἁγίου
547 4816 859 4892 Ἱππολύτου
883 4815 1311 4892 ἐπισκόπου-καὶ
1345 4815 1642 4886 μάρτυρος,

482 4894 548 4944 ὲκ
575 4890 671 4944 τοῦ
697 4888 835 4957 Περὶ
864 4889 1173 4958 θεολογίας
1201 4886 1378 4954 λόγου.

205 5007 286 5061 Τὸ
325 5007 503 5060 θέλειν
538 5004 653 5076 ἔχει
686 5005 714 5057 ὁ
741 5002 892 5066 Θεὸς,
931 5002 991 5054 οὑ
1023 4999 1085 5053 τὸ
1123 4999 1196 5070 μὴ
1238 4998 1440 5052 θέλειν·
1482 4996 1712 5068 τρεπτοῢ

1747 4825 1789 4879 1)
1816 4818 1999 4874 Sancti
2040 4817 2314 4890 Hippolyti
2357 4817 2599 4890 episcopi
2624 4823 2680 4890 et
2711 4813 2982 4890 martyris,
3023 4824 3091 4864 ex
3133 4821 3385 4864 sermone

2166 4883 2252 4942 De
2275 4883 2556 4957 theologia,
2587 4885 2638 4938 id
2667 4895 2769 4947 est,
2802 4883 3027 4936 Deitate.

1888 4997 2037 5053 Velle
2087 4997 2241 5052 habet
2287 4995 2458 5061 Deus;
2499 5009 2607 5048 non
2657 5001 2838 5048 autem
2893 5007 3000 5044 non
3041 4988 3177 5045 velle
3214 5004 3230 5040 :
3278 4989 3382 5044 hoc

132 5098 245 5172 γὰρ
296 5099 462 5152 τοῦτο
519 5098 615 5151 καί⁵
672 5091 1024 5167 προαιρετοῦ’
1083 5092 1236 5163 ἀϊδίῳ
1288 5091 1394 5162 γὰρ
1454 5089 1708 5161 θελήματι

1822 5090 1958 5144 enim
2010 5088 2272 5142 vertibilis
2320 5096 2422 5154 est,
2465 5096 2519 5141 et
2562 5085 2810 5155 eligentis
2836 5103 2850 5138 :
2876 5083 2968 5138 sed
2996 5083 3378 5153 sempiternam

137 5191 274 5245 Θεοῦ
324 5191 524 5244 ἕπεται
568 5187 639 5244 τὰ
682 5188 968 5260 γινόμενα,
1016 5176 1061 5253 ᾧ
1102 5183 1200 5238 καὶ
1248 5183 1511 5255 γενόμενα
1563 5181 1708 5254 μένει

1822 5181 2148 5236 voluntatem
2199 5179 2291 5233 Dei
2349 5187 2651 5248 sequuntur
2695 5191 2818 5247 qua:
2865 5177 3035 5244 (lunt,
3080 5189 3178 5244 per
3217 5189 3378 5243 quem

138 5282 455 5354 σωζόμενα.

203 5462 252 5495 ³⁸
284 5461 393 5516 lsa.
431 5477 470 5524 ι,
502 5457 688 5515 16-19.
798 5460 843 5491 ’θ
866 5457 1052 5512 Matth.
1087 5470 1216 5522 χχιι,
1243 5454 1332 5512 50.

213 5714 336 5784 (85)
371 5713 654 5784 Ααμπρὸς
697 5715 775 5778 ὡς
817 5714 849 5766 ὁ
894 5711 1086 5784 ἥλιος.
1129 5709 1265 5784 illud
1307 5709 1522 5784 videtur
1549 5704 1724 5784 respi-

137 5775 295 5849 Cere,
319 5775 480 5856 'quod
517 5775 691 5856 poetae
726 5775 930 5839 dicunt
956 5783 1024 5840 de
1044 5775 1176 5837 'sole
1227 5796 1292 5835 ex
1328 5777 1526 5836 Oceani
1566 5775 1723 5832 undis

139 5855 486 5929 emergente.
518 5855 727 5911 FABRIC.

1817 5281 1870 5328 et
1902 5272 2043 5327 facta
2072 5280 2292 5332 manent
2326 5279 2560 5327 servata.

2111 5431 2151 5456 ’τί

1902 5694 2012 5763 (84)
2047 5695 2153 5746 Ἐκ
2181 5690 2285 5763 τοῦ
2317 5690 2450 5758 περὶ
2482 5691 2869 5763 ἀναστάσεως
2896 5694 3100 5763 λόγου.
3132 5693 3394 5763 Memine-

1830 5758 1955 5822 runt
1995 5758 2317 5834 'interculus
2357 5774 2734 5834 marmoreus.
2795 5758 2864 5834 S.
2898 5758 3274 5834 Hieronymus,
3296 5762 3392 5816 So-

1829 5837 2108 5909 phronius,
2133 5831 2488 5904 Nicephorus,
2515 5831 2802 5901 Honorius,
2828 5831 3124 5889 Freeulfrs‘.
3160 5834 3304 5890 Ion.
