  <div class='ocr_page' id='page_1' title='image "/cluster/home/n/w/nwhite01/storage/ocr_20150623/10/hvd.32044019207620/440.png"; bbox 0 0 3862 6510; ppageno 0'>
   <div class='ocr_carea' id='block_1_1' title="bbox 176 326 2143 390">
    <p class='ocr_par' dir='ltr' id='par_1_1' title="bbox 176 326 2143 390">
     <span class='ocr_line' id='line_1_1' title="bbox 176 326 2143 390; baseline -0.002 0"><span class='ocrx_word' id='word_1_1' title='bbox 176 333 259 390; x_wconf 74' lang='grc'><strong>865</strong></span> <span class='ocrx_word' id='word_1_2' title='bbox 1283 326 1662 383; x_wconf 63' lang='grc' dir='ltr'>δειωοκωι</span> <span class='ocrx_word' id='word_1_3' title='bbox 1704 329 2143 387; x_wconf 77' lang='lat' dir='ltr'><strong>FRAGMENTA.</strong></span> 
     </span>
    </p>
   </div>
   <div class='ocr_carea' id='block_1_2' title="bbox 3247 345 3349 400">
    <p class='ocr_par' dir='ltr' id='par_1_2' title="bbox 3247 345 3349 400">
     <span class='ocr_line' id='line_1_2' title="bbox 3247 345 3349 400; baseline 0.01 -1"><span class='ocrx_word' id='word_1_4' title='bbox 3247 345 3349 400; x_wconf 79' lang='lat'><strong>866</strong></span> 
     </span>
    </p>
   </div>
   <div class='ocr_carea' id='block_1_3' title="bbox 173 441 1681 522">
    <p class='ocr_par' dir='ltr' id='par_1_3' title="bbox 173 441 1681 518">
     <span class='ocr_line' id='line_1_3' title="bbox 173 441 1681 518; baseline -0.005 -16"><span class='ocrx_word' id='word_1_5' title='bbox 173 469 242 513; x_wconf 83' lang='grc' dir='ltr'><strong>νος</strong></span> <span class='ocrx_word' id='word_1_6' title='bbox 268 446 419 518; x_wconf 80' lang='grc' dir='ltr'>ταύτῃ</span> <span class='ocrx_word' id='word_1_7' title='bbox 455 444 865 515; x_wconf 79' lang='grc' dir='ltr'>κατηγγέλλετο,</span> <span class='ocrx_word' id='word_1_8' title='bbox 893 441 956 497; x_wconf 78' lang='grc' dir='ltr'><strong>τὸ</strong></span> <span class='ocrx_word' id='word_1_9' title='bbox 986 441 1255 514; x_wconf 85' lang='grc' dir='ltr'>μηδεμίαν</span> <span class='ocrx_word' id='word_1_10' title='bbox 1294 443 1681 514; x_wconf 80' lang='grc' dir='ltr'><strong>ἁμαρτήματος</strong></span> 
     </span>
    </p>
   </div>
   <div class='ocr_carea' id='block_1_4' title="bbox 1795 441 3346 522">
    <p class='ocr_par' dir='ltr' id='par_1_4' title="bbox 1795 445 3346 522">
     <span class='ocr_line' id='line_1_4' title="bbox 1795 445 3346 522; baseline 0.009 -23"><span class='ocrx_word' id='word_1_11' title='bbox 1795 445 2017 499; x_wconf 81' lang='lat' dir='ltr'><strong>tredinis</strong></span> <span class='ocrx_word' id='word_1_12' title='bbox 2065 456 2115 500; x_wconf 88' lang='lat' dir='ltr'><strong>et</strong></span> <span class='ocrx_word' id='word_1_13' title='bbox 2147 448 2512 517; x_wconf 75' lang='lat' dir='ltr'><strong>corruptionis</strong></span> <span class='ocrx_word' id='word_1_14' title='bbox 2557 465 2751 521; x_wconf 79' lang='lat' dir='ltr'><strong>expers</strong></span> <span class='ocrx_word' id='word_1_15' title='bbox 2779 452 2899 522; x_wconf 86' lang='lat' dir='ltr'><strong>ejus</strong></span> <span class='ocrx_word' id='word_1_16' title='bbox 2938 455 3346 513; x_wconf 86' lang='lat' dir='ltr'><strong>tabernaculum</strong></span> 
     </span>
    </p>
   </div>
   <div class='ocr_carea' id='block_1_5' title="bbox 173 534 1686 611">
    <p class='ocr_par' dir='ltr' id='par_1_5' title="bbox 173 534 1686 611">
     <span class='ocr_line' id='line_1_5' title="bbox 173 534 1686 611; baseline -0.004 -18"><span class='ocrx_word' id='word_1_17' title='bbox 173 539 403 611; x_wconf 74' lang='grc' dir='ltr'><strong>σηπεδόνα</strong></span> <span class='ocrx_word' id='word_1_18' title='bbox 442 535 630 605; x_wconf 83' lang='grc' dir='ltr'>φῦσαν.</span> <span class='ocrx_word' id='word_1_19' title='bbox 686 537 745 589; x_wconf 86' lang='grc'><strong>’0</strong></span> <span class='ocrx_word' id='word_1_20' title='bbox 794 536 903 607; x_wconf 87' lang='grc' dir='ltr'>γὰρ</span> <span class='ocrx_word' id='word_1_21' title='bbox 939 535 1263 606; x_wconf 81' lang='grc' dir='ltr'><strong>ἁμαρτήσας</strong></span> <span class='ocrx_word' id='word_1_22' title='bbox 1300 536 1394 587; x_wconf 81' lang='grc' dir='ltr'>καὶ</span> <span class='ocrx_word' id='word_1_23' title='bbox 1438 534 1686 605; x_wconf 69' lang='grc' dir='ltr'>ἐξομολο-</span> 
     </span>
    </p>
   </div>
   <div class='ocr_carea' id='block_1_6' title="bbox 169 625 1684 702">
    <p class='ocr_par' dir='ltr' id='par_1_6' title="bbox 169 625 1684 702">
     <span class='ocr_line' id='line_1_6' title="bbox 169 625 1684 702; baseline -0.005 -18"><span class='ocrx_word' id='word_1_24' title='bbox 169 630 392 702; x_wconf 81' lang='grc' dir='ltr'>γούμενός</span> <span class='ocrx_word' id='word_1_25' title='bbox 418 643 577 698; x_wconf 87' lang='grc' dir='ltr'>φησι·</span> <span class='ocrx_word' id='word_1_26' title='bbox 621 645 640 679; x_wconf 83' lang='grc' dir='ltr'><strong>ι</strong></span> <span class='ocrx_word' id='word_1_27' title='bbox 665 626 1019 697; x_wconf 69' lang='grc' dir='ltr'>Προσάλζεσαν</span> <span class='ocrx_word' id='word_1_28' title='bbox 1050 626 1143 678; x_wconf 72' lang='grc' dir='ltr'>καὶ</span> <span class='ocrx_word' id='word_1_29' title='bbox 1172 626 1454 696; x_wconf 82' lang='grc' dir='ltr'>ὲσάπησαν</span> <span class='ocrx_word' id='word_1_30' title='bbox 1493 627 1541 677; x_wconf 85' lang='grc' dir='ltr'>οἱ</span> <span class='ocrx_word' id='word_1_31' title='bbox 1570 625 1684 696; x_wconf 79' lang='grc' dir='ltr'><strong>μώ-</strong></span> 
     </span>
    </p>
   </div>
   <div class='ocr_carea' id='block_1_7' title="bbox 168 716 1678 790">
    <p class='ocr_par' dir='ltr' id='par_1_7' title="bbox 168 716 1678 790">
     <span class='ocr_line' id='line_1_7' title="bbox 168 716 1678 790; baseline -0.005 -14"><span class='ocrx_word' id='word_1_32' title='bbox 168 721 317 783; x_wconf 83' lang='grc' dir='ltr'>λωπές</span> <span class='ocrx_word' id='word_1_33' title='bbox 363 737 454 789; x_wconf 88' lang='grc' dir='ltr'><strong>μου</strong></span> <span class='ocrx_word' id='word_1_34' title='bbox 502 717 610 771; x_wconf 85' lang='grc' dir='ltr'><strong>ἀπὸ</strong></span> <span class='ocrx_word' id='word_1_35' title='bbox 652 716 941 790; x_wconf 82' lang='grc' dir='ltr'><strong>προσώπου</strong></span> <span class='ocrx_word' id='word_1_36' title='bbox 986 717 1087 787; x_wconf 79' lang='grc' dir='ltr'>τῆς</span> <span class='ocrx_word' id='word_1_37' title='bbox 1135 717 1447 788; x_wconf 81' lang='grc' dir='ltr'><strong>ἀφροσύνης</strong></span> <span class='ocrx_word' id='word_1_38' title='bbox 1506 734 1625 787; x_wconf 84' lang='grc' dir='ltr'>μου.</span> <span class='ocrx_word' id='word_1_39' title='bbox 1659 734 1678 769; x_wconf 69' lang='grc' dir='ltr'><strong>ι</strong></span> 
     </span>
    </p>
   </div>
   <div class='ocr_carea' id='block_1_8' title="bbox 177 806 1683 884">
    <p class='ocr_par' dir='ltr' id='par_1_8' title="bbox 177 806 1683 884">
     <span class='ocr_line' id='line_1_8' title="bbox 177 806 1683 884; baseline -0.004 -17"><span class='ocrx_word' id='word_1_40' title='bbox 177 814 290 867; x_wconf 82' lang='grc' dir='ltr'><strong>Ὀδὲ</strong></span> <span class='ocrx_word' id='word_1_41' title='bbox 310 812 495 884; x_wconf 85' lang='grc' dir='ltr'>Κύριος</span> <span class='ocrx_word' id='word_1_42' title='bbox 523 813 904 883; x_wconf 77' lang='grc' dir='ltr'><strong>ἀναμάρτητος</strong></span> <span class='ocrx_word' id='word_1_43' title='bbox 934 806 1024 881; x_wconf 80' lang='grc' dir='ltr'>ἦν,</span> <span class='ocrx_word' id='word_1_44' title='bbox 1056 812 1120 863; x_wconf 82' lang='grc' dir='ltr'>ὲκ</span> <span class='ocrx_word' id='word_1_45' title='bbox 1158 809 1265 862; x_wconf 81' lang='grc' dir='ltr'><strong>τῶν</strong></span> <span class='ocrx_word' id='word_1_46' title='bbox 1294 810 1554 879; x_wconf 80' lang='grc' dir='ltr'>ἁσήπτων</span> <span class='ocrx_word' id='word_1_47' title='bbox 1592 809 1683 873; x_wconf 58' lang='grc' dir='ltr'>ξύ-</span> 
     </span>
    </p>
   </div>
   <div class='ocr_carea' id='block_1_9' title="bbox 168 900 1683 973">
    <p class='ocr_par' dir='ltr' id='par_1_9' title="bbox 168 900 1683 973">
     <span class='ocr_line' id='line_1_9' title="bbox 168 900 1683 973; baseline -0.005 -13"><span class='ocrx_word' id='word_1_48' title='bbox 168 908 252 960; x_wconf 86' lang='grc' dir='ltr'><strong>λων</strong></span> <span class='ocrx_word' id='word_1_49' title='bbox 286 906 340 958; x_wconf 75' lang='grc' dir='ltr'><strong>τὸ</strong></span> <span class='ocrx_word' id='word_1_50' title='bbox 370 904 500 957; x_wconf 85' lang='grc' dir='ltr'><strong>κατά</strong></span> <span class='ocrx_word' id='word_1_51' title='bbox 533 903 835 973; x_wconf 78' lang='grc' dir='ltr'>ἄνθρωπον,</span> <span class='ocrx_word' id='word_1_52' title='bbox 873 902 1145 955; x_wconf 85' lang='grc' dir='ltr'>τουτέστιν</span> <span class='ocrx_word' id='word_1_53' title='bbox 1179 905 1243 955; x_wconf 83' lang='grc' dir='ltr'>ὲκ</span> <span class='ocrx_word' id='word_1_54' title='bbox 1274 901 1371 969; x_wconf 79' lang='grc' dir='ltr'>τῆς</span> <span class='ocrx_word' id='word_1_55' title='bbox 1410 900 1683 971; x_wconf 82' lang='grc' dir='ltr'>Παρθένου</span> 
     </span>
    </p>
   </div>
   <div class='ocr_carea' id='block_1_10' title="bbox 167 992 1679 1064">
    <p class='ocr_par' dir='ltr' id='par_1_10' title="bbox 167 992 1679 1064">
     <span class='ocr_line' id='line_1_10' title="bbox 167 992 1679 1064; baseline -0.004 -13"><span class='ocrx_word' id='word_1_56' title='bbox 167 1000 241 1051; x_wconf 79' lang='grc' dir='ltr'><strong>καὶ</strong></span> <span class='ocrx_word' id='word_1_57' title='bbox 280 995 362 1051; x_wconf 88' lang='grc' dir='ltr'><strong>τοῦ</strong></span> <span class='ocrx_word' id='word_1_58' title='bbox 402 996 545 1063; x_wconf 87' lang='grc' dir='ltr'>ἀγίου</span> <span class='ocrx_word' id='word_1_59' title='bbox 595 994 941 1064; x_wconf 86' lang='grc' dir='ltr'>Πνεύματος,</span> <span class='ocrx_word' id='word_1_60' title='bbox 990 992 1186 1046; x_wconf 80' lang='grc' dir='ltr'>ἔσωθεν</span> <span class='ocrx_word' id='word_1_61' title='bbox 1215 995 1309 1046; x_wconf 69' lang='grc' dir='ltr'><strong>καὶ</strong></span> <span class='ocrx_word' id='word_1_62' title='bbox 1360 993 1555 1056; x_wconf 75' lang='grc' dir='ltr'>ἔξωθεν</span> <span class='ocrx_word' id='word_1_63' title='bbox 1585 993 1679 1045; x_wconf 86' lang='grc' dir='ltr'><strong>τοῦ</strong></span> 
     </span>
    </p>
   </div>
   <div class='ocr_carea' id='block_1_11' title="bbox 167 1081 1680 1159">
    <p class='ocr_par' dir='ltr' id='par_1_11' title="bbox 167 1081 1680 1159">
     <span class='ocr_line' id='line_1_11' title="bbox 167 1081 1680 1159; baseline -0.005 -14"><span class='ocrx_word' id='word_1_64' title='bbox 167 1092 309 1159; x_wconf 80' lang='grc' dir='ltr'>Λόγου</span> <span class='ocrx_word' id='word_1_65' title='bbox 338 1088 422 1142; x_wconf 90' lang='grc' dir='ltr'><strong>τοῦ</strong></span> <span class='ocrx_word' id='word_1_66' title='bbox 449 1087 580 1142; x_wconf 88' lang='grc' dir='ltr'>Θεοῦ</span> <span class='ocrx_word' id='word_1_67' title='bbox 609 1081 696 1141; x_wconf 79' lang='grc' dir='ltr'>οἷα</span> <span class='ocrx_word' id='word_1_68' title='bbox 728 1086 1098 1157; x_wconf 83' lang='grc' dir='ltr'>καθαρωτάτῳ</span> <span class='ocrx_word' id='word_1_69' title='bbox 1138 1085 1345 1159; x_wconf 80' lang='grc' dir='ltr'>χρυσίῳ</span> <span class='ocrx_word' id='word_1_70' title='bbox 1388 1101 1680 1155; x_wconf 85' lang='grc' dir='ltr'>περικεκα-</span> 
     </span>
    </p>
   </div>
   <div class='ocr_carea' id='block_1_12' title="bbox 166 1181 415 1253">
    <p class='ocr_par' dir='ltr' id='par_1_12' title="bbox 166 1181 415 1253">
     <span class='ocr_line' id='line_1_12' title="bbox 166 1181 415 1253; baseline -0.024 0"><span class='ocrx_word' id='word_1_71' title='bbox 166 1181 415 1253; x_wconf 74' lang='grc' dir='ltr'>λυμμένος-</span> 
     </span>
    </p>
   </div>
   <div class='ocr_carea' id='block_1_13' title="bbox 1785 538 3346 615">
    <p class='ocr_par' dir='ltr' id='par_1_13' title="bbox 1785 538 3346 615">
     <span class='ocr_line' id='line_1_13' title="bbox 1785 538 3346 615; baseline 0.008 -24"><span class='ocrx_word' id='word_1_72' title='bbox 1785 538 2228 606; x_wconf 81' lang='lat' dir='ltr'><strong>signiticabatur,</strong></span> <span class='ocrx_word' id='word_1_73' title='bbox 2275 541 2420 609; x_wconf 84' lang='lat' dir='ltr'><strong>quod</strong></span> <span class='ocrx_word' id='word_1_74' title='bbox 2484 542 2687 597; x_wconf 91' lang='lat' dir='ltr'><strong>nullam</strong></span> <span class='ocrx_word' id='word_1_75' title='bbox 2747 548 2949 614; x_wconf 90' lang='lat' dir='ltr'><strong>peccati</strong></span> <span class='ocrx_word' id='word_1_76' title='bbox 3008 549 3346 615; x_wconf 88' lang='lat' dir='ltr'><strong>putredinem</strong></span> 
     </span>
    </p>
   </div>
   <div class='ocr_carea' id='block_1_14' title="bbox 1786 629 3348 698">
    <p class='ocr_par' dir='ltr' id='par_1_14' title="bbox 1786 629 3348 698">
     <span class='ocr_line' id='line_1_14' title="bbox 1786 629 3348 698; baseline 0.009 -20"><span class='ocrx_word' id='word_1_77' title='bbox 1786 632 1990 694; x_wconf 64' lang='lat' dir='ltr'><strong>genuit.</strong></span> <span class='ocrx_word' id='word_1_78' title='bbox 2022 630 2155 681; x_wconf 81' lang='lat' dir='ltr'><strong>Nam</strong></span> <span class='ocrx_word' id='word_1_79' title='bbox 2188 629 2280 698; x_wconf 89' lang='lat' dir='ltr'><strong>qui</strong></span> <span class='ocrx_word' id='word_1_80' title='bbox 2315 632 2574 697; x_wconf 78' lang='lat' dir='ltr'><strong>peccavit,</strong></span> <span class='ocrx_word' id='word_1_81' title='bbox 2605 634 2894 689; x_wconf 87' lang='lat' dir='ltr'><strong>conlitetur</strong></span> <span class='ocrx_word' id='word_1_82' title='bbox 2919 643 2973 690; x_wconf 91' lang='lat' dir='ltr'><strong>et</strong></span> <span class='ocrx_word' id='word_1_83' title='bbox 3002 638 3167 691; x_wconf 88' lang='lat' dir='ltr'><strong>dicit:</strong></span> <span class='ocrx_word' id='word_1_84' title='bbox 3200 656 3217 687; x_wconf 73' lang='grc' dir='ltr'><strong>ι</strong></span> <span class='ocrx_word' id='word_1_85' title='bbox 3239 638 3348 691; x_wconf 84' lang='grc' dir='ltr'>Ριι-</span> 
     </span>
    </p>
   </div>
   <div class='ocr_carea' id='block_1_15' title="bbox 1783 723 3349 794">
    <p class='ocr_par' dir='ltr' id='par_1_15' title="bbox 1783 723 3349 794">
     <span class='ocr_line' id='line_1_15' title="bbox 1783 723 3349 794; baseline 0.008 -25"><span class='ocrx_word' id='word_1_86' title='bbox 1783 723 2038 771; x_wconf 88' lang='lat' dir='ltr'><strong>truerunt</strong></span> <span class='ocrx_word' id='word_1_87' title='bbox 2076 728 2130 773; x_wconf 91' lang='lat' dir='ltr'><strong>et</strong></span> <span class='ocrx_word' id='word_1_88' title='bbox 2160 731 2430 789; x_wconf 72' lang='lat' dir='ltr'><strong>corrupta:</strong></span> <span class='ocrx_word' id='word_1_89' title='bbox 2472 733 2599 778; x_wconf 89' lang='lat' dir='ltr'><strong>sunt</strong></span> <span class='ocrx_word' id='word_1_90' title='bbox 2631 725 2911 782; x_wconf 80' lang='lat' dir='ltr'><strong>cicatrices</strong></span> <span class='ocrx_word' id='word_1_91' title='bbox 2948 743 3099 794; x_wconf 69' lang='lat' dir='ltr'><strong>mem,</strong></span> <span class='ocrx_word' id='word_1_92' title='bbox 3148 744 3178 783; x_wconf 85' lang='lat' dir='ltr'><strong>a</strong></span> <span class='ocrx_word' id='word_1_93' title='bbox 3212 728 3349 783; x_wconf 81' lang='lat' dir='ltr'><strong>facie</strong></span> 
     </span>
    </p>
   </div>
   <div class='ocr_carea' id='block_1_16' title="bbox 1784 807 3349 888">
    <p class='ocr_par' dir='ltr' id='par_1_16' title="bbox 1784 807 3349 888">
     <span class='ocr_line' id='line_1_16' title="bbox 1784 807 3349 888; baseline 0.008 -27"><span class='ocrx_word' id='word_1_94' title='bbox 1784 807 2107 878; x_wconf 70' lang='lat' dir='ltr'><strong>insipientia:</strong></span> <span class='ocrx_word' id='word_1_95' title='bbox 2135 827 2266 865; x_wconf 62' lang='lat' dir='ltr'><strong>mea:</strong></span> <span class='ocrx_word' id='word_1_96' title='bbox 2287 812 2351 867; x_wconf 88' lang='grc'><strong>³³.</strong></span> <span class='ocrx_word' id='word_1_97' title='bbox 2370 831 2389 866; x_wconf 73' lang='grc' dir='ltr'><strong>ι</strong></span> <span class='ocrx_word' id='word_1_98' title='bbox 2424 812 2682 870; x_wconf 90' lang='lat' dir='ltr'><strong>Dominus</strong></span> <span class='ocrx_word' id='word_1_99' title='bbox 2714 827 2891 872; x_wconf 86' lang='lat' dir='ltr'><strong>autem</strong></span> <span class='ocrx_word' id='word_1_100' title='bbox 2918 819 3124 887; x_wconf 81' lang='lat' dir='ltr'><strong>peccati</strong></span> <span class='ocrx_word' id='word_1_101' title='bbox 3154 834 3349 888; x_wconf 79' lang='lat' dir='ltr'><strong>expers</strong></span> 
     </span>
    </p>
   </div>
   <div class='ocr_carea' id='block_1_17' title="bbox 1783 903 3349 973">
    <p class='ocr_par' dir='ltr' id='par_1_17' title="bbox 1783 903 3349 973">
     <span class='ocr_line' id='line_1_17' title="bbox 1783 903 3349 973; baseline 0.006 -20"><span class='ocrx_word' id='word_1_102' title='bbox 1783 908 1920 964; x_wconf 85' lang='lat' dir='ltr'><strong>erat,</strong></span> <span class='ocrx_word' id='word_1_103' title='bbox 1955 910 2009 955; x_wconf 88' lang='lat' dir='ltr'><strong>et</strong></span> <span class='ocrx_word' id='word_1_104' title='bbox 2036 917 2102 956; x_wconf 80' lang='lat' dir='ltr'><strong>ex</strong></span> <span class='ocrx_word' id='word_1_105' title='bbox 2136 903 2296 970; x_wconf 72' lang='lat' dir='ltr'><strong>lignis</strong></span> <span class='ocrx_word' id='word_1_106' title='bbox 2326 904 2703 973; x_wconf 76' lang='lat' dir='ltr'><strong>putrefactioni</strong></span> <span class='ocrx_word' id='word_1_107' title='bbox 2737 924 2840 963; x_wconf 92' lang='lat' dir='ltr'><strong>non</strong></span> <span class='ocrx_word' id='word_1_108' title='bbox 2870 910 3119 963; x_wconf 77' lang='lat' dir='ltr'><strong>obnoxiis</strong></span> <span class='ocrx_word' id='word_1_109' title='bbox 3152 926 3349 963; x_wconf 85' lang='lat' dir='ltr'><strong>secun-</strong></span> 
     </span>
    </p>
   </div>
   <div class='ocr_carea' id='block_1_18' title="bbox 1787 989 3347 1070">
    <p class='ocr_par' dir='ltr' id='par_1_18' title="bbox 1787 989 3347 1070">
     <span class='ocr_line' id='line_1_18' title="bbox 1787 989 3347 1070; baseline 0.007 -26"><span class='ocrx_word' id='word_1_110' title='bbox 1787 989 1916 1046; x_wconf 86' lang='lat' dir='ltr'><strong>dum</strong></span> <span class='ocrx_word' id='word_1_111' title='bbox 1968 992 2264 1059; x_wconf 82' lang='lat' dir='ltr'><strong>hominem,</strong></span> <span class='ocrx_word' id='word_1_112' title='bbox 2318 996 2418 1051; x_wconf 88' lang='lat' dir='ltr'><strong>hoc</strong></span> <span class='ocrx_word' id='word_1_113' title='bbox 2460 1007 2543 1052; x_wconf 89' lang='lat' dir='ltr'><strong>est</strong></span> <span class='ocrx_word' id='word_1_114' title='bbox 2589 1016 2653 1053; x_wconf 79' lang='lat' dir='ltr'><strong>ex</strong></span> <span class='ocrx_word' id='word_1_115' title='bbox 2681 998 2901 1069; x_wconf 73' lang='lat' dir='ltr'><strong>Virgine</strong></span> <span class='ocrx_word' id='word_1_116' title='bbox 2948 1011 3003 1056; x_wconf 87' lang='lat' dir='ltr'><strong>et</strong></span> <span class='ocrx_word' id='word_1_117' title='bbox 3041 1017 3105 1056; x_wconf 75' lang='lat' dir='ltr'><strong>ex</strong></span> <span class='ocrx_word' id='word_1_118' title='bbox 3143 1001 3347 1070; x_wconf 87' lang='lat' dir='ltr'><strong>Spiritu</strong></span> 
     </span>
    </p>
   </div>
   <div class='ocr_carea' id='block_1_19' title="bbox 1787 1084 3342 1162">
    <p class='ocr_par' dir='ltr' id='par_1_19' title="bbox 1787 1084 3342 1162">
     <span class='ocr_line' id='line_1_19' title="bbox 1787 1084 3342 1162; baseline 0.007 -27"><span class='ocrx_word' id='word_1_119' title='bbox 1787 1092 1995 1148; x_wconf 85' lang='lat' dir='ltr'><strong>sancto,</strong></span> <span class='ocrx_word' id='word_1_120' title='bbox 2036 1084 2179 1140; x_wconf 89' lang='lat' dir='ltr'><strong>intus</strong></span> <span class='ocrx_word' id='word_1_121' title='bbox 2204 1094 2257 1139; x_wconf 89' lang='lat' dir='ltr'><strong>et</strong></span> <span class='ocrx_word' id='word_1_122' title='bbox 2280 1086 2413 1143; x_wconf 80' lang='lat' dir='ltr'><strong>foris</strong></span> <span class='ocrx_word' id='word_1_123' title='bbox 2450 1101 2704 1160; x_wconf 83' lang='lat' dir='ltr'><strong>tanquam</strong></span> <span class='ocrx_word' id='word_1_124' title='bbox 2733 1093 3029 1162; x_wconf 87' lang='lat' dir='ltr'><strong>purissimo</strong></span> <span class='ocrx_word' id='word_1_125' title='bbox 3060 1092 3220 1148; x_wconf 81' lang='lat' dir='ltr'><strong>Verbi</strong></span> <span class='ocrx_word' id='word_1_126' title='bbox 3250 1094 3342 1147; x_wconf 89' lang='lat' dir='ltr'><strong>Dei</strong></span> 
     </span>
    </p>
   </div>
   <div class='ocr_carea' id='block_1_20' title="bbox 1786 1176 2359 1233">
    <p class='ocr_par' dir='ltr' id='par_1_20' title="bbox 1786 1176 2359 1233">
     <span class='ocr_line' id='line_1_20' title="bbox 1786 1176 2359 1233; baseline 0.01 -6"><span class='ocrx_word' id='word_1_127' title='bbox 1786 1190 1922 1230; x_wconf 87' lang='lat' dir='ltr'><strong>auro</strong></span> <span class='ocrx_word' id='word_1_128' title='bbox 1950 1176 2359 1233; x_wconf 89' lang='lat' dir='ltr'><strong>circumtectus.</strong></span> 
     </span>
    </p>
   </div>
   <div class='ocr_carea' id='block_1_21' title="bbox 1676 1267 1791 1323">
    <p class='ocr_par' dir='ltr' id='par_1_21' title="bbox 1676 1267 1791 1323">
     <span class='ocr_line' id='line_1_21' title="bbox 1676 1267 1791 1323; baseline -0.017 0"><span class='ocrx_word' id='word_1_129' title='bbox 1676 1267 1791 1323; x_wconf 83' lang='lat' dir='ltr'><strong>VII.</strong></span> 
     </span>
    </p>
   </div>
   <div class='ocr_carea' id='block_1_22' title="bbox 323 1361 3150 1438">
    <p class='ocr_par' dir='ltr' id='par_1_22' title="bbox 323 1361 3150 1438">
     <span class='ocr_line' id='line_1_22' title="bbox 323 1361 3150 1438; baseline 0.001 -18"><span class='ocrx_word' id='word_1_130' title='bbox 323 1365 401 1420; x_wconf 76' lang='lat' dir='ltr'><strong>Ea:</strong></span> <span class='ocrx_word' id='word_1_131' title='bbox 439 1380 671 1421; x_wconf 81' lang='lat' dir='ltr'><strong>sermone</strong></span> <span class='ocrx_word' id='word_1_132' title='bbox 693 1363 746 1418; x_wconf 91' lang='lat' dir='ltr'><strong>in</strong></span> <span class='ocrx_word' id='word_1_133' title='bbox 774 1378 1032 1436; x_wconf 79' lang='lat' dir='ltr'><strong>magnum</strong></span> <span class='ocrx_word' id='word_1_134' title='bbox 1081 1361 1386 1417; x_wconf 83' lang='lat' dir='ltr'><strong>Canticum.</strong></span> <span class='ocrx_word' id='word_1_135' title='bbox 1414 1362 1661 1431; x_wconf 81' lang='lat' dir='ltr'><strong>-—Apud</strong></span> <span class='ocrx_word' id='word_1_136' title='bbox 1704 1361 1935 1416; x_wconf 87' lang='lat' dir='ltr'><strong>eumdem</strong></span> <span class='ocrx_word' id='word_1_137' title='bbox 1971 1361 2339 1418; x_wconf 78' lang='lat' dir='ltr'><strong>Theodoritum</strong></span> <span class='ocrx_word' id='word_1_138' title='bbox 2364 1364 2497 1419; x_wconf 88' lang='lat' dir='ltr'><strong>Dial.</strong></span> <span class='ocrx_word' id='word_1_139' title='bbox 2536 1363 2598 1430; x_wconf 92' lang='lat' dir='ltr'><strong>ll,</strong></span> <span class='ocrx_word' id='word_1_140' title='bbox 2622 1368 2749 1420; x_wconf 80' lang='lat' dir='ltr'><strong>ibid.</strong></span> <span class='ocrx_word' id='word_1_141' title='bbox 2788 1386 2907 1438; x_wconf 86' lang='lat' dir='ltr'><strong>pag.</strong></span> <span class='ocrx_word' id='word_1_142' title='bbox 2936 1369 3023 1431; x_wconf 85' lang='lat'><strong>88,</strong></span> <span class='ocrx_word' id='word_1_143' title='bbox 3064 1370 3150 1425; x_wconf 83' lang='lat'><strong>89.</strong></span> 
     </span>
    </p>
   </div>
   <div class='ocr_carea' id='block_1_23' title="bbox 164 1452 1683 1578">
    <p class='ocr_par' dir='ltr' id='par_1_23' title="bbox 164 1452 1683 1578">
     <span class='ocr_line' id='line_1_23' title="bbox 164 1452 1683 1578; baseline -0.008 -63"><span class='ocrx_word' id='word_1_144' title='bbox 164 1460 249 1515; x_wconf 87' lang='grc' dir='ltr'>Τοῦ</span> <span class='ocrx_word' id='word_1_145' title='bbox 270 1459 436 1523; x_wconf 80' lang='grc' dir='ltr'>αὑτοῦ,</span> <span class='ocrx_word' id='word_1_146' title='bbox 460 1457 528 1511; x_wconf 79' lang='grc' dir='ltr'>ἐκ</span> <span class='ocrx_word' id='word_1_147' title='bbox 556 1457 661 1513; x_wconf 85' lang='grc' dir='ltr'><strong>τοῦ</strong></span> <span class='ocrx_word' id='word_1_148' title='bbox 681 1454 1022 1578; x_wconf 55' lang='grc' dir='ltr'>λόγουώτοῦ</span> <span class='ocrx_word' id='word_1_149' title='bbox 1043 1456 1119 1517; x_wconf 82' lang='grc' dir='ltr'><strong>εἰς</strong></span> <span class='ocrx_word' id='word_1_150' title='bbox 1144 1454 1239 1525; x_wconf 81' lang='grc' dir='ltr'>τὴν</span> <span class='ocrx_word' id='word_1_151' title='bbox 1272 1452 1433 1523; x_wconf 79' lang='grc' dir='ltr'>’ῼδὴν</span> <span class='ocrx_word' id='word_1_152' title='bbox 1461 1453 1558 1524; x_wconf 75' lang='grc' dir='ltr'><strong>τὴν</strong></span> <span class='ocrx_word' id='word_1_153' title='bbox 1586 1469 1683 1522; x_wconf 86' lang='grc' dir='ltr'>με-</span> 
     </span>
     <span class='ocr_line' id='line_1_24' title="bbox 804 1543 995 1578; baseline -0.01 0"><span class='ocrx_word' id='word_1_154' title='bbox 804 1544 838 1578; x_wconf 90' lang='grc' dir='ltr'><strong>γ</strong></span> <span class='ocrx_word' id='word_1_155' title='bbox 911 1543 995 1578; x_wconf 83' lang='grc' dir='ltr'><strong>ην.</strong></span> 
     </span>
    </p>
   </div>
   <div class='ocr_carea' id='block_1_24' title="bbox 804 1543 1285 1604">
    <p class='ocr_par' dir='ltr' id='par_1_24' title="bbox 804 1543 1285 1604">
     <span class='ocr_line' id='line_1_25' title="bbox 804 1543 1285 1604; baseline -0.006 -26"><span class='ocrx_word' id='word_1_156' title='bbox 804 1543 995 1596; x_wconf 71' lang='grc' dir='ltr'>γαλην.</span> <span class='ocrx_word' id='word_1_157' title='bbox 1276 1595 1285 1604; x_wconf 41' lang='grc'>.</span> 
     </span>
    </p>
   </div>
   <div class='ocr_carea' id='block_1_25' title="bbox 228 1632 1681 1706">
    <p class='ocr_par' dir='ltr' id='par_1_25' title="bbox 228 1632 1681 1706">
     <span class='ocr_line' id='line_1_26' title="bbox 228 1632 1681 1706; baseline -0.006 -12"><span class='ocrx_word' id='word_1_158' title='bbox 228 1641 277 1693; x_wconf 85' lang='grc'><strong>’0</strong></span> <span class='ocrx_word' id='word_1_159' title='bbox 312 1640 394 1693; x_wconf 82' lang='grc' dir='ltr'><strong>τὸν</strong></span> <span class='ocrx_word' id='word_1_160' title='bbox 423 1637 733 1692; x_wconf 81' lang='grc' dir='ltr'>ἀπολωλότα</span> <span class='ocrx_word' id='word_1_161' title='bbox 768 1638 831 1690; x_wconf 83' lang='grc' dir='ltr'>ὲκ</span> <span class='ocrx_word' id='word_1_162' title='bbox 863 1636 967 1706; x_wconf 82' lang='grc' dir='ltr'>γῆς</span> <span class='ocrx_word' id='word_1_163' title='bbox 1012 1634 1428 1706; x_wconf 86' lang='grc' dir='ltr'>πρωτόπλαστον</span> <span class='ocrx_word' id='word_1_164' title='bbox 1472 1632 1681 1705; x_wconf 81' lang='grc' dir='ltr'>ἀνθρω-</span> 
     </span>
    </p>
   </div>
   <div class='ocr_carea' id='block_1_26' title="bbox 164 1724 1679 1799">
    <p class='ocr_par' dir='ltr' id='par_1_26' title="bbox 164 1724 1679 1799">
     <span class='ocr_line' id='line_1_27' title="bbox 164 1724 1679 1799; baseline -0.006 -14"><span class='ocrx_word' id='word_1_165' title='bbox 164 1749 260 1794; x_wconf 85' lang='grc' dir='ltr'>πον,</span> <span class='ocrx_word' id='word_1_166' title='bbox 287 1730 371 1783; x_wconf 77' lang='grc' dir='ltr'><strong>καὶ</strong></span> <span class='ocrx_word' id='word_1_167' title='bbox 406 1732 461 1785; x_wconf 82' lang='grc' dir='ltr'>ὲν</span> <span class='ocrx_word' id='word_1_168' title='bbox 501 1730 717 1799; x_wconf 87' lang='grc' dir='ltr'>δεσμοῖς</span> <span class='ocrx_word' id='word_1_169' title='bbox 750 1726 976 1781; x_wconf 82' lang='grc' dir='ltr'>θανάτου</span> <span class='ocrx_word' id='word_1_170' title='bbox 1017 1725 1399 1797; x_wconf 81' lang='grc' dir='ltr'>κρατούμενον,</span> <span class='ocrx_word' id='word_1_171' title='bbox 1448 1726 1506 1792; x_wconf 86' lang='grc' dir='ltr'><strong>έξ</strong></span> <span class='ocrx_word' id='word_1_172' title='bbox 1554 1724 1679 1795; x_wconf 75' lang='grc' dir='ltr'>ᾅδου</span> 
     </span>
    </p>
   </div>
   <div class='ocr_carea' id='block_1_27' title="bbox 160 1817 1679 1883">
    <p class='ocr_par' dir='ltr' id='par_1_27' title="bbox 160 1817 1679 1883">
     <span class='ocr_line' id='line_1_28' title="bbox 160 1817 1679 1883; baseline -0.004 -8"><span class='ocrx_word' id='word_1_173' title='bbox 160 1824 429 1876; x_wconf 80' lang='grc' dir='ltr'>κατωτάτου</span> <span class='ocrx_word' id='word_1_174' title='bbox 470 1822 734 1883; x_wconf 75' lang='grc' dir='ltr'>ἑλκύσας·</span> <span class='ocrx_word' id='word_1_175' title='bbox 776 1822 804 1873; x_wconf 73' lang='grc' dir='ltr'><strong>ὁ</strong></span> <span class='ocrx_word' id='word_1_176' title='bbox 849 1818 1051 1872; x_wconf 78' lang='grc' dir='ltr'>ἀνωθεν</span> <span class='ocrx_word' id='word_1_177' title='bbox 1095 1817 1389 1882; x_wconf 76' lang='grc' dir='ltr'>κατελθὼν,</span> <span class='ocrx_word' id='word_1_178' title='bbox 1445 1818 1537 1871; x_wconf 78' lang='grc' dir='ltr'>καὶ</span> <span class='ocrx_word' id='word_1_179' title='bbox 1590 1818 1679 1870; x_wconf 86' lang='grc' dir='ltr'><strong>τὸν</strong></span> 
     </span>
    </p>
   </div>
   <div class='ocr_carea' id='block_1_28' title="bbox 161 1908 1683 1981">
    <p class='ocr_par' dir='ltr' id='par_1_28' title="bbox 161 1908 1683 1981">
     <span class='ocr_line' id='line_1_29' title="bbox 161 1908 1683 1981; baseline -0.006 -12"><span class='ocrx_word' id='word_1_180' title='bbox 161 1918 282 1969; x_wconf 65' lang='grc' dir='ltr'>κάτω</span> <span class='ocrx_word' id='word_1_181' title='bbox 298 1918 368 1977; x_wconf 83' lang='grc' dir='ltr'>εἰς</span> <span class='ocrx_word' id='word_1_182' title='bbox 391 1914 453 1967; x_wconf 70' lang='grc' dir='ltr'>τὰ</span> <span class='ocrx_word' id='word_1_183' title='bbox 478 1915 591 1968; x_wconf 86' lang='grc' dir='ltr'><strong>ἄνω</strong></span> <span class='ocrx_word' id='word_1_184' title='bbox 620 1912 916 1981; x_wconf 79' lang='grc' dir='ltr'>ἀνενέγκας</span> <span class='ocrx_word' id='word_1_185' title='bbox 936 1931 947 1941; x_wconf 94' lang='grc'><strong>·</strong></span> <span class='ocrx_word' id='word_1_186' title='bbox 979 1915 1008 1965; x_wconf 84' lang='grc' dir='ltr'><strong>ό</strong></span> <span class='ocrx_word' id='word_1_187' title='bbox 1032 1911 1138 1964; x_wconf 87' lang='grc' dir='ltr'>τῶν</span> <span class='ocrx_word' id='word_1_188' title='bbox 1159 1910 1370 1981; x_wconf 85' lang='grc' dir='ltr'>νεκρῶν</span> <span class='ocrx_word' id='word_1_189' title='bbox 1402 1908 1683 1979; x_wconf 84' lang='grc' dir='ltr'>εὐαγγελι-</span> 
     </span>
    </p>
   </div>
   <div class='ocr_carea' id='block_1_29' title="bbox 160 2001 1682 2077">
    <p class='ocr_par' dir='ltr' id='par_1_29' title="bbox 160 2001 1682 2077">
     <span class='ocr_line' id='line_1_30' title="bbox 160 2001 1682 2077; baseline -0.001 -19"><span class='ocrx_word' id='word_1_190' title='bbox 160 2007 281 2077; x_wconf 79' lang='grc' dir='ltr'>στὴς,</span> <span class='ocrx_word' id='word_1_191' title='bbox 311 2007 396 2058; x_wconf 78' lang='grc' dir='ltr'>καὶ</span> <span class='ocrx_word' id='word_1_192' title='bbox 423 2004 529 2057; x_wconf 84' lang='grc' dir='ltr'><strong>τῶν</strong></span> <span class='ocrx_word' id='word_1_193' title='bbox 562 2004 748 2075; x_wconf 78' lang='grc' dir='ltr'>ψυχῶν</span> <span class='ocrx_word' id='word_1_194' title='bbox 778 2004 1073 2075; x_wconf 78' lang='grc' dir='ltr'>λυτρωτὴς,</span> <span class='ocrx_word' id='word_1_195' title='bbox 1110 2005 1200 2057; x_wconf 71' lang='grc' dir='ltr'><strong>καὶ</strong></span> <span class='ocrx_word' id='word_1_196' title='bbox 1236 2003 1530 2066; x_wconf 88' lang='grc' dir='ltr'>ἀνάστασις</span> <span class='ocrx_word' id='word_1_197' title='bbox 1575 2001 1682 2056; x_wconf 86' lang='grc' dir='ltr'>τῶν</span> 
     </span>
    </p>
   </div>
   <div class='ocr_carea' id='block_1_30' title="bbox 158 2086 1679 2166">
    <p class='ocr_par' dir='ltr' id='par_1_30' title="bbox 158 2086 1679 2166">
     <span class='ocr_line' id='line_1_31' title="bbox 158 2086 1679 2166; baseline -0.003 -17"><span class='ocrx_word' id='word_1_198' title='bbox 158 2096 468 2166; x_wconf 84' lang='grc' dir='ltr'>τεθαμμένων</span> <span class='ocrx_word' id='word_1_199' title='bbox 512 2094 792 2165; x_wconf 82' lang='grc' dir='ltr'>γινόμενος</span> <span class='ocrx_word' id='word_1_200' title='bbox 811 2133 825 2155; x_wconf 94' lang='grc'><strong>,</strong></span> <span class='ocrx_word' id='word_1_201' title='bbox 853 2086 1006 2155; x_wconf 73' lang='grc' dir='ltr'>οὗτος</span> <span class='ocrx_word' id='word_1_202' title='bbox 1037 2089 1103 2165; x_wconf 83' lang='grc' dir='ltr'>ἦν</span> <span class='ocrx_word' id='word_1_203' title='bbox 1141 2096 1168 2145; x_wconf 89' lang='grc' dir='ltr'>ὁ</span> <span class='ocrx_word' id='word_1_204' title='bbox 1196 2094 1288 2146; x_wconf 89' lang='grc' dir='ltr'><strong>τοῦ</strong></span> <span class='ocrx_word' id='word_1_205' title='bbox 1330 2094 1679 2163; x_wconf 80' lang='grc' dir='ltr'>νενικημένου</span> 
     </span>
    </p>
   </div>
   <div class='ocr_carea' id='block_1_31' title="bbox 157 2186 1684 2261">
    <p class='ocr_par' dir='ltr' id='par_1_31' title="bbox 157 2186 1684 2261">
     <span class='ocr_line' id='line_1_32' title="bbox 157 2186 1684 2261; baseline -0.002 -20"><span class='ocrx_word' id='word_1_206' title='bbox 157 2190 403 2261; x_wconf 77' lang='grc' dir='ltr'>ἀνθρώπου</span> <span class='ocrx_word' id='word_1_207' title='bbox 427 2187 789 2259; x_wconf 84' lang='grc' dir='ltr'>γεγενημένος</span> <span class='ocrx_word' id='word_1_208' title='bbox 814 2189 1022 2259; x_wconf 84' lang='grc' dir='ltr'>βοηθὸς,</span> <span class='ocrx_word' id='word_1_209' title='bbox 1054 2186 1169 2241; x_wconf 78' lang='grc' dir='ltr'>κατ’</span> <span class='ocrx_word' id='word_1_210' title='bbox 1191 2188 1347 2241; x_wconf 73' lang='grc' dir='ltr'>αὐτὸν</span> <span class='ocrx_word' id='word_1_211' title='bbox 1380 2188 1561 2257; x_wconf 86' lang='grc' dir='ltr'>ὅμοιος</span> <span class='ocrx_word' id='word_1_212' title='bbox 1589 2186 1684 2239; x_wconf 87' lang='grc' dir='ltr'>αύ-</span> 
     </span>
    </p>
   </div>
   <div class='ocr_carea' id='block_1_32' title="bbox 156 2279 1682 2355">
    <p class='ocr_par' dir='ltr' id='par_1_32' title="bbox 156 2279 1682 2355">
     <span class='ocr_line' id='line_1_33' title="bbox 156 2279 1682 2355; baseline -0.002 -20"><span class='ocrx_word' id='word_1_213' title='bbox 156 2284 233 2353; x_wconf 80' lang='grc' dir='ltr'>τῷ,</span> <span class='ocrx_word' id='word_1_214' title='bbox 268 2285 593 2355; x_wconf 85' lang='grc' dir='ltr'>πρωτότοκος</span> <span class='ocrx_word' id='word_1_215' title='bbox 625 2283 814 2351; x_wconf 89' lang='grc' dir='ltr'>Λόγος,</span> <span class='ocrx_word' id='word_1_216' title='bbox 849 2283 940 2337; x_wconf 80' lang='grc' dir='ltr'>τὸν</span> <span class='ocrx_word' id='word_1_217' title='bbox 969 2281 1386 2354; x_wconf 86' lang='grc' dir='ltr'>πρωτόπλαστον</span> <span class='ocrx_word' id='word_1_218' title='bbox 1426 2279 1598 2350; x_wconf 80' lang='grc' dir='ltr'>’Λδάμ</span> <span class='ocrx_word' id='word_1_219' title='bbox 1625 2282 1682 2333; x_wconf 82' lang='grc' dir='ltr'>ὲν</span> 
     </span>
    </p>
   </div>
   <div class='ocr_carea' id='block_1_33' title="bbox 154 2372 1683 2448">
    <p class='ocr_par' dir='ltr' id='par_1_33' title="bbox 154 2372 1683 2448">
     <span class='ocr_line' id='line_1_34' title="bbox 154 2372 1683 2448; baseline -0.004 -18"><span class='ocrx_word' id='word_1_220' title='bbox 154 2380 207 2447; x_wconf 82' lang='grc' dir='ltr'>τῇ</span> <span class='ocrx_word' id='word_1_221' title='bbox 255 2376 503 2448; x_wconf 78' lang='grc' dir='ltr'>Παρθένῳ</span> <span class='ocrx_word' id='word_1_222' title='bbox 554 2375 1045 2445; x_wconf 80' lang='grc' dir='ltr'>ἐπισκεπτόμενος·</span> <span class='ocrx_word' id='word_1_223' title='bbox 1101 2376 1130 2427; x_wconf 82' lang='grc' dir='ltr'>ὁ</span> <span class='ocrx_word' id='word_1_224' title='bbox 1183 2372 1545 2443; x_wconf 77' lang='grc' dir='ltr'>πνευματικὸς</span> <span class='ocrx_word' id='word_1_225' title='bbox 1592 2372 1683 2424; x_wconf 82' lang='grc' dir='ltr'><strong>τὸν</strong></span> 
     </span>
    </p>
   </div>
   <div class='ocr_carea' id='block_1_34' title="bbox 154 2465 1683 2539">
    <p class='ocr_par' dir='ltr' id='par_1_34' title="bbox 154 2465 1683 2539">
     <span class='ocr_line' id='line_1_35' title="bbox 154 2465 1683 2539; baseline -0.003 -19"><span class='ocrx_word' id='word_1_226' title='bbox 154 2469 304 2537; x_wconf 80' lang='grc' dir='ltr'>χοῑκὺν</span> <span class='ocrx_word' id='word_1_227' title='bbox 328 2472 381 2523; x_wconf 83' lang='grc' dir='ltr'>ὲν</span> <span class='ocrx_word' id='word_1_228' title='bbox 406 2472 469 2539; x_wconf 76' lang='grc' dir='ltr'>τῇ</span> <span class='ocrx_word' id='word_1_229' title='bbox 500 2470 679 2539; x_wconf 78' lang='grc' dir='ltr'>μήτρᾳ</span> <span class='ocrx_word' id='word_1_230' title='bbox 704 2466 996 2537; x_wconf 79' lang='grc' dir='ltr'>ἐπιζητῶν·</span> <span class='ocrx_word' id='word_1_231' title='bbox 1022 2468 1050 2519; x_wconf 83' lang='grc' dir='ltr'><strong>ὁ</strong></span> <span class='ocrx_word' id='word_1_232' title='bbox 1080 2466 1165 2519; x_wconf 55' lang='grc' dir='ltr'><strong>ἀεὶ¹</strong></span> <span class='ocrx_word' id='word_1_233' title='bbox 1194 2465 1300 2528; x_wconf 83' lang='grc' dir='ltr'><strong>ζῶν</strong></span> <span class='ocrx_word' id='word_1_234' title='bbox 1319 2466 1406 2518; x_wconf 78' lang='grc' dir='ltr'><strong>τὸν</strong></span> <span class='ocrx_word' id='word_1_235' title='bbox 1436 2465 1523 2517; x_wconf 81' lang='grc' dir='ltr'>διὰ</span> <span class='ocrx_word' id='word_1_236' title='bbox 1546 2482 1683 2536; x_wconf 88' lang='grc' dir='ltr'>παρ-</span> 
     </span>
    </p>
   </div>
   <div class='ocr_carea' id='block_1_35' title="bbox 154 2556 1685 2629">
    <p class='ocr_par' dir='ltr' id='par_1_35' title="bbox 154 2556 1685 2629">
     <span class='ocr_line' id='line_1_36' title="bbox 154 2556 1685 2629; baseline -0.003 -17"><span class='ocrx_word' id='word_1_237' title='bbox 154 2560 292 2629; x_wconf 80' lang='grc' dir='ltr'>ακοῆς</span> <span class='ocrx_word' id='word_1_238' title='bbox 333 2560 692 2613; x_wconf 80' lang='grc' dir='ltr'>ἀποθανόντα·</span> <span class='ocrx_word' id='word_1_239' title='bbox 738 2560 767 2611; x_wconf 78' lang='grc' dir='ltr'><strong>ό</strong></span> <span class='ocrx_word' id='word_1_240' title='bbox 807 2560 1052 2629; x_wconf 83' lang='grc' dir='ltr'>ούράνιος</span> <span class='ocrx_word' id='word_1_241' title='bbox 1098 2558 1188 2611; x_wconf 84' lang='grc' dir='ltr'><strong>τὸν</strong></span> <span class='ocrx_word' id='word_1_242' title='bbox 1225 2557 1462 2625; x_wconf 78' lang='grc' dir='ltr'>ἐπίγειον</span> <span class='ocrx_word' id='word_1_243' title='bbox 1500 2558 1577 2619; x_wconf 84' lang='grc' dir='ltr'>εἰς</span> <span class='ocrx_word' id='word_1_244' title='bbox 1617 2556 1685 2609; x_wconf 90' lang='grc' dir='ltr'><strong>τά</strong></span> 
     </span>
    </p>
   </div>
   <div class='ocr_carea' id='block_1_36' title="bbox 154 2648 1682 2721">
    <p class='ocr_par' dir='ltr' id='par_1_36' title="bbox 154 2648 1682 2721">
     <span class='ocr_line' id='line_1_37' title="bbox 154 2648 1682 2721; baseline -0.004 -15"><span class='ocrx_word' id='word_1_245' title='bbox 154 2653 245 2706; x_wconf 75' lang='grc' dir='ltr'>ἀνω</span> <span class='ocrx_word' id='word_1_246' title='bbox 267 2652 452 2706; x_wconf 84' lang='grc' dir='ltr'>καλῶν·</span> <span class='ocrx_word' id='word_1_247' title='bbox 497 2655 529 2706; x_wconf 82' lang='grc' dir='ltr'>ὁ</span> <span class='ocrx_word' id='word_1_248' title='bbox 558 2650 780 2721; x_wconf 75' lang='grc' dir='ltr'>εὐγενὴς</span> <span class='ocrx_word' id='word_1_249' title='bbox 806 2651 895 2703; x_wconf 81' lang='grc' dir='ltr'><strong>τὸν</strong></span> <span class='ocrx_word' id='word_1_250' title='bbox 922 2649 1105 2702; x_wconf 85' lang='grc' dir='ltr'>δοῦλον</span> <span class='ocrx_word' id='word_1_251' title='bbox 1132 2648 1219 2702; x_wconf 72' lang='grc' dir='ltr'><strong>δια</strong></span> <span class='ocrx_word' id='word_1_252' title='bbox 1245 2649 1346 2718; x_wconf 80' lang='grc' dir='ltr'>τῆς</span> <span class='ocrx_word' id='word_1_253' title='bbox 1377 2649 1509 2711; x_wconf 89' lang='grc' dir='ltr'>ίδίας</span> <span class='ocrx_word' id='word_1_254' title='bbox 1540 2650 1682 2701; x_wconf 84' lang='grc' dir='ltr'>ὑπα-</span> 
     </span>
    </p>
   </div>
   <div class='ocr_carea' id='block_1_37' title="bbox 153 2737 1683 2817">
    <p class='ocr_par' dir='ltr' id='par_1_37' title="bbox 153 2737 1683 2817">
     <span class='ocr_line' id='line_1_38' title="bbox 153 2737 1683 2817; baseline -0.005 -20"><span class='ocrx_word' id='word_1_255' title='bbox 153 2744 263 2815; x_wconf 83' lang='grc' dir='ltr'>κοῆς</span> <span class='ocrx_word' id='word_1_256' title='bbox 285 2744 556 2817; x_wconf 75' lang='grc' dir='ltr'>ἐλεύθερον</span> <span class='ocrx_word' id='word_1_257' title='bbox 582 2741 858 2808; x_wconf 83' lang='grc' dir='ltr'>ἀποδεῖξαι</span> <span class='ocrx_word' id='word_1_258' title='bbox 888 2741 1054 2794; x_wconf 84' lang='grc' dir='ltr'>Θέλων</span> <span class='ocrx_word' id='word_1_259' title='bbox 1072 2758 1088 2775; x_wconf 75' lang='grc' dir='ltr'><strong>ο</strong></span> <span class='ocrx_word' id='word_1_260' title='bbox 1132 2742 1160 2795; x_wconf 85' lang='grc' dir='ltr'><strong>ὁ</strong></span> <span class='ocrx_word' id='word_1_261' title='bbox 1197 2740 1286 2792; x_wconf 85' lang='grc' dir='ltr'><strong>τὸν</strong></span> <span class='ocrx_word' id='word_1_262' title='bbox 1328 2740 1405 2801; x_wconf 83' lang='grc' dir='ltr'><strong>είς</strong></span> <span class='ocrx_word' id='word_1_263' title='bbox 1434 2740 1537 2809; x_wconf 75' lang='grc' dir='ltr'>γῆν</span> <span class='ocrx_word' id='word_1_264' title='bbox 1563 2737 1683 2790; x_wconf 90' lang='grc' dir='ltr'>λυό-</span> 
     </span>
    </p>
   </div>
   <div class='ocr_carea' id='block_1_38' title="bbox 156 2831 1682 2908">
    <p class='ocr_par' dir='ltr' id='par_1_38' title="bbox 156 2831 1682 2908">
     <span class='ocr_line' id='line_1_39' title="bbox 156 2831 1682 2908; baseline -0.005 -19"><span class='ocrx_word' id='word_1_265' title='bbox 156 2854 289 2906; x_wconf 86' lang='grc' dir='ltr'>μενον</span> <span class='ocrx_word' id='word_1_266' title='bbox 318 2837 596 2908; x_wconf 81' lang='grc' dir='ltr'>ἄνθρωπον</span> <span class='ocrx_word' id='word_1_267' title='bbox 622 2836 714 2888; x_wconf 79' lang='grc' dir='ltr'>καὶ</span> <span class='ocrx_word' id='word_1_268' title='bbox 743 2834 936 2905; x_wconf 82' lang='grc' dir='ltr'>βρῶμα</span> <span class='ocrx_word' id='word_1_269' title='bbox 964 2834 1140 2903; x_wconf 82' lang='grc' dir='ltr'>ὄφεως</span> <span class='ocrx_word' id='word_1_270' title='bbox 1174 2832 1536 2902; x_wconf 82' lang='grc' dir='ltr'>γεγενημένον</span> <span class='ocrx_word' id='word_1_271' title='bbox 1556 2870 1570 2893; x_wconf 91' lang='grc'><strong>,</strong></span> <span class='ocrx_word' id='word_1_272' title='bbox 1605 2831 1682 2893; x_wconf 86' lang='grc' dir='ltr'><strong>είς</strong></span> 
     </span>
    </p>
   </div>
   <div class='ocr_carea' id='block_1_39' title="bbox 151 2923 1685 3000">
    <p class='ocr_par' dir='ltr' id='par_1_39' title="bbox 151 2923 1685 3000">
     <span class='ocr_line' id='line_1_40' title="bbox 151 2923 1685 3000; baseline -0.006 -18"><span class='ocrx_word' id='word_1_273' title='bbox 151 2929 399 2998; x_wconf 75' lang='grc' dir='ltr'>ἀδάμαντα</span> <span class='ocrx_word' id='word_1_274' title='bbox 443 2928 671 3000; x_wconf 72' lang='grc' dir='ltr'>τρέψας,</span> <span class='ocrx_word' id='word_1_275' title='bbox 728 2928 821 2980; x_wconf 71' lang='grc' dir='ltr'>καὶ</span> <span class='ocrx_word' id='word_1_276' title='bbox 860 2925 1045 2979; x_wconf 88' lang='grc' dir='ltr'>τοῦτον</span> <span class='ocrx_word' id='word_1_277' title='bbox 1107 2925 1198 2977; x_wconf 71' lang='grc' dir='ltr'><strong>ἐπὶ</strong></span> <span class='ocrx_word' id='word_1_278' title='bbox 1252 2923 1407 2990; x_wconf 86' lang='grc' dir='ltr'>ξύλου</span> <span class='ocrx_word' id='word_1_279' title='bbox 1479 2938 1685 2994; x_wconf 84' lang='grc' dir='ltr'>κρεμα-</span> 
     </span>
    </p>
   </div>
   <div class='ocr_carea' id='block_1_40' title="bbox 154 3012 1685 3093">
    <p class='ocr_par' dir='ltr' id='par_1_40' title="bbox 154 3012 1685 3093">
     <span class='ocr_line' id='line_1_41' title="bbox 154 3012 1685 3093; baseline -0.005 -21"><span class='ocrx_word' id='word_1_280' title='bbox 154 3020 317 3074; x_wconf 82' lang='grc' dir='ltr'>σθέντα</span> <span class='ocrx_word' id='word_1_281' title='bbox 346 3021 532 3093; x_wconf 90' lang='grc' dir='ltr'>κύριον</span> <span class='ocrx_word' id='word_1_282' title='bbox 564 3020 704 3073; x_wconf 86' lang='grc' dir='ltr'><strong>κατά</strong></span> <span class='ocrx_word' id='word_1_283' title='bbox 734 3018 827 3072; x_wconf 90' lang='grc' dir='ltr'><strong>τοῦ</strong></span> <span class='ocrx_word' id='word_1_284' title='bbox 872 3018 1213 3088; x_wconf 86' lang='grc' dir='ltr'>νενικηκότος</span> <span class='ocrx_word' id='word_1_285' title='bbox 1248 3015 1561 3081; x_wconf 77' lang='grc' dir='ltr'>ἀποδείξας,</span> <span class='ocrx_word' id='word_1_286' title='bbox 1592 3012 1685 3066; x_wconf 74' lang='grc' dir='ltr'>καὶ</span> 
     </span>
    </p>
   </div>
   <div class='ocr_carea' id='block_1_41' title="bbox 152 3108 1393 3180">
    <p class='ocr_par' dir='ltr' id='par_1_41' title="bbox 152 3108 1393 3180">
     <span class='ocr_line' id='line_1_42' title="bbox 152 3108 1393 3180; baseline -0.002 -16"><span class='ocrx_word' id='word_1_287' title='bbox 152 3110 224 3165; x_wconf 73' lang='grc' dir='ltr'>διὰ</span> <span class='ocrx_word' id='word_1_288' title='bbox 252 3111 394 3165; x_wconf 88' lang='grc' dir='ltr'>τοῦτο</span> <span class='ocrx_word' id='word_1_289' title='bbox 413 3111 503 3165; x_wconf 76' lang='grc' dir='ltr'>διὰ</span> <span class='ocrx_word' id='word_1_290' title='bbox 531 3110 707 3177; x_wconf 87' lang='grc' dir='ltr'>ξύλου,</span> <span class='ocrx_word' id='word_1_291' title='bbox 740 3108 1034 3180; x_wconf 79' lang='grc' dir='ltr'>νικηφόρος</span> <span class='ocrx_word' id='word_1_292' title='bbox 1062 3108 1393 3180; x_wconf 81' lang='grc' dir='ltr'>εὑρίσκεται.</span> 
     </span>
    </p>
   </div>
   <div class='ocr_carea' id='block_1_42' title="bbox 372 3199 1420 3268">
    <p class='ocr_par' dir='ltr' id='par_1_42' title="bbox 372 3199 1420 3268">
     <span class='ocr_line' id='line_1_43' title="bbox 372 3199 1420 3268; baseline -0.008 -9"><span class='ocrx_word' id='word_1_293' title='bbox 372 3204 480 3259; x_wconf 86' lang='grc' dir='ltr'><strong>Τοῦ</strong></span> <span class='ocrx_word' id='word_1_294' title='bbox 520 3200 726 3267; x_wconf 82' lang='grc' dir='ltr'>αὐτοῦ,</span> <span class='ocrx_word' id='word_1_295' title='bbox 766 3201 833 3254; x_wconf 83' lang='grc' dir='ltr'>ἐκ</span> <span class='ocrx_word' id='word_1_296' title='bbox 871 3199 976 3253; x_wconf 86' lang='grc' dir='ltr'><strong>τοῦ</strong></span> <span class='ocrx_word' id='word_1_297' title='bbox 1005 3199 1190 3254; x_wconf 81' lang='grc' dir='ltr'>αὑτοῦ</span> <span class='ocrx_word' id='word_1_298' title='bbox 1214 3201 1420 3268; x_wconf 72' lang='grc' dir='ltr'>λόγου.</span> 
     </span>
    </p>
   </div>
   <div class='ocr_carea' id='block_1_43' title="bbox 209 3287 1685 3368">
    <p class='ocr_par' dir='ltr' id='par_1_43' title="bbox 209 3287 1685 3368">
     <span class='ocr_line' id='line_1_44' title="bbox 209 3287 1685 3368; baseline -0.007 -19"><span class='ocrx_word' id='word_1_299' title='bbox 209 3295 261 3348; x_wconf 89' lang='grc' dir='ltr'><strong>Οἱ</strong></span> <span class='ocrx_word' id='word_1_300' title='bbox 290 3295 391 3368; x_wconf 81' lang='grc' dir='ltr'>γὰρ</span> <span class='ocrx_word' id='word_1_301' title='bbox 421 3296 515 3349; x_wconf 82' lang='grc' dir='ltr'><strong>τὸν</strong></span> <span class='ocrx_word' id='word_1_302' title='bbox 545 3294 669 3347; x_wconf 81' lang='grc' dir='ltr'>Υίδν</span> <span class='ocrx_word' id='word_1_303' title='bbox 694 3291 787 3345; x_wconf 86' lang='grc' dir='ltr'><strong>τοῦ</strong></span> <span class='ocrx_word' id='word_1_304' title='bbox 817 3290 952 3344; x_wconf 83' lang='grc' dir='ltr'>Θεοῦ</span> <span class='ocrx_word' id='word_1_305' title='bbox 988 3290 1249 3362; x_wconf 81' lang='grc' dir='ltr'>ἔνσαρκον</span> <span class='ocrx_word' id='word_1_306' title='bbox 1275 3288 1370 3343; x_wconf 86' lang='grc' dir='ltr'><strong>νῦν</strong></span> <span class='ocrx_word' id='word_1_307' title='bbox 1402 3287 1475 3358; x_wconf 84' lang='grc' dir='ltr'><strong>μὴ</strong></span> <span class='ocrx_word' id='word_1_308' title='bbox 1500 3287 1685 3356; x_wconf 74' lang='grc' dir='ltr'>ἐπιγι-</span> 
     </span>
    </p>
   </div>
   <div class='ocr_carea' id='block_1_44' title="bbox 148 3378 1685 3455">
    <p class='ocr_par' dir='ltr' id='par_1_44' title="bbox 148 3378 1685 3455">
     <span class='ocr_line' id='line_1_45' title="bbox 148 3378 1685 3455; baseline -0.008 -12"><span class='ocrx_word' id='word_1_309' title='bbox 148 3386 433 3453; x_wconf 81' lang='grc' dir='ltr'>νώσκοντες,</span> <span class='ocrx_word' id='word_1_310' title='bbox 459 3384 853 3455; x_wconf 85' lang='grc' dir='ltr'>ὲπιγνὼσονται</span> <span class='ocrx_word' id='word_1_311' title='bbox 881 3382 1040 3437; x_wconf 83' lang='grc' dir='ltr'>αὑτὸν</span> <span class='ocrx_word' id='word_1_312' title='bbox 1066 3380 1253 3452; x_wconf 86' lang='grc' dir='ltr'>κριτὴν</span> <span class='ocrx_word' id='word_1_313' title='bbox 1274 3381 1331 3432; x_wconf 80' lang='grc' dir='ltr'><strong>έν</strong></span> <span class='ocrx_word' id='word_1_314' title='bbox 1357 3378 1483 3451; x_wconf 82' lang='grc' dir='ltr'>δόξῃ</span> <span class='ocrx_word' id='word_1_315' title='bbox 1514 3394 1685 3450; x_wconf 87' lang='grc' dir='ltr'>παρα-</span> 
     </span>
    </p>
   </div>
   <div class='ocr_carea' id='block_1_45' title="bbox 149 3473 1597 3554">
    <p class='ocr_par' dir='ltr' id='par_1_45' title="bbox 149 3473 1597 3554">
     <span class='ocr_line' id='line_1_46' title="bbox 149 3473 1597 3554; baseline -0.007 -18"><span class='ocrx_word' id='word_1_316' title='bbox 149 3483 419 3554; x_wconf 83' lang='grc' dir='ltr'>γινόμενον,</span> <span class='ocrx_word' id='word_1_317' title='bbox 449 3484 547 3535; x_wconf 83' lang='grc' dir='ltr'><strong>τδν</strong></span> <span class='ocrx_word' id='word_1_318' title='bbox 570 3480 666 3537; x_wconf 86' lang='grc' dir='ltr'><strong>νῦν</strong></span> <span class='ocrx_word' id='word_1_319' title='bbox 694 3482 752 3534; x_wconf 83' lang='grc' dir='ltr'><strong>έν</strong></span> <span class='ocrx_word' id='word_1_320' title='bbox 783 3478 955 3550; x_wconf 79' lang='grc' dir='ltr'>ἀδόξῳ</span> <span class='ocrx_word' id='word_1_321' title='bbox 985 3476 1195 3548; x_wconf 82' lang='grc' dir='ltr'>σώματι</span> <span class='ocrx_word' id='word_1_322' title='bbox 1227 3473 1597 3547; x_wconf 79' lang='grc' dir='ltr'>ὑϐριζόμενον.</span> 
     </span>
    </p>
   </div>
   <div class='ocr_carea' id='block_1_46' title="bbox 378 3657 1413 3728">
    <p class='ocr_par' dir='ltr' id='par_1_46' title="bbox 378 3657 1413 3728">
     <span class='ocr_line' id='line_1_47' title="bbox 378 3657 1413 3728; baseline -0.011 -7"><span class='ocrx_word' id='word_1_323' title='bbox 378 3666 489 3721; x_wconf 86' lang='grc' dir='ltr'><strong>Τοῦ</strong></span> <span class='ocrx_word' id='word_1_324' title='bbox 526 3662 733 3728; x_wconf 84' lang='grc' dir='ltr'>αὑτοῦ,</span> <span class='ocrx_word' id='word_1_325' title='bbox 762 3659 829 3714; x_wconf 83' lang='grc' dir='ltr'>ἐκ</span> <span class='ocrx_word' id='word_1_326' title='bbox 857 3659 963 3713; x_wconf 83' lang='grc' dir='ltr'><strong>τοῦ</strong></span> <span class='ocrx_word' id='word_1_327' title='bbox 994 3657 1181 3711; x_wconf 83' lang='grc' dir='ltr'>αὐτοῦ</span> <span class='ocrx_word' id='word_1_328' title='bbox 1210 3657 1413 3726; x_wconf 77' lang='grc' dir='ltr'>λόγου.</span> 
     </span>
    </p>
   </div>
   <div class='ocr_carea' id='block_1_47' title="bbox 205 3746 1680 3830">
    <p class='ocr_par' dir='ltr' id='par_1_47' title="bbox 205 3746 1680 3830">
     <span class='ocr_line' id='line_1_48' title="bbox 205 3746 1680 3830; baseline -0.011 -18"><span class='ocrx_word' id='word_1_329' title='bbox 205 3757 303 3811; x_wconf 75' lang='grc' dir='ltr'><strong>Καὶ</strong></span> <span class='ocrx_word' id='word_1_330' title='bbox 328 3758 431 3830; x_wconf 89' lang='grc' dir='ltr'>γὰρ</span> <span class='ocrx_word' id='word_1_331' title='bbox 461 3757 513 3810; x_wconf 91' lang='grc' dir='ltr'>οἱ</span> <span class='ocrx_word' id='word_1_332' title='bbox 544 3750 826 3807; x_wconf 78' lang='grc' dir='ltr'>ἀπόστολοι</span> <span class='ocrx_word' id='word_1_333' title='bbox 852 3749 1093 3811; x_wconf 76' lang='grc' dir='ltr'>ἐλθόντες</span> <span class='ocrx_word' id='word_1_334' title='bbox 1127 3750 1204 3809; x_wconf 87' lang='grc' dir='ltr'><strong>είς</strong></span> <span class='ocrx_word' id='word_1_335' title='bbox 1231 3746 1291 3799; x_wconf 84' lang='grc' dir='ltr'><strong>τὸ</strong></span> <span class='ocrx_word' id='word_1_336' title='bbox 1323 3747 1580 3817; x_wconf 86' lang='grc' dir='ltr'>μνημεῖον</span> <span class='ocrx_word' id='word_1_337' title='bbox 1614 3746 1680 3816; x_wconf 75' lang='grc' dir='ltr'>τῇ</span> 
     </span>
    </p>
   </div>
   <div class='ocr_carea' id='block_1_48' title="bbox 147 3833 1678 3919">
    <p class='ocr_par' dir='ltr' id='par_1_48' title="bbox 147 3833 1678 3919">
     <span class='ocr_line' id='line_1_49' title="bbox 147 3833 1678 3919; baseline -0.01 -18"><span class='ocrx_word' id='word_1_338' title='bbox 147 3844 301 3917; x_wconf 69' lang='grc' dir='ltr'>ἡμέρᾳ</span> <span class='ocrx_word' id='word_1_339' title='bbox 327 3850 392 3918; x_wconf 77' lang='grc' dir='ltr'>τῇ</span> <span class='ocrx_word' id='word_1_340' title='bbox 424 3846 606 3919; x_wconf 81' lang='grc' dir='ltr'>τρίτη,</span> <span class='ocrx_word' id='word_1_341' title='bbox 636 3843 730 3912; x_wconf 85' lang='grc' dir='ltr'><strong>οὐχ</strong></span> <span class='ocrx_word' id='word_1_342' title='bbox 763 3839 1010 3912; x_wconf 84' lang='grc' dir='ltr'>εῦρισκον</span> <span class='ocrx_word' id='word_1_343' title='bbox 1048 3837 1108 3889; x_wconf 83' lang='grc' dir='ltr'>τὺ</span> <span class='ocrx_word' id='word_1_344' title='bbox 1152 3837 1309 3906; x_wconf 81' lang='grc' dir='ltr'>σῶμα</span> <span class='ocrx_word' id='word_1_345' title='bbox 1338 3834 1429 3887; x_wconf 82' lang='grc' dir='ltr'><strong>τοῦ</strong></span> <span class='ocrx_word' id='word_1_346' title='bbox 1474 3833 1678 3903; x_wconf 82' lang='grc' dir='ltr'>Ἰησοῦ·</span> 
     </span>
    </p>
   </div>
   <div class='ocr_carea' id='block_1_49' title="bbox 143 3925 1682 4009">
    <p class='ocr_par' dir='ltr' id='par_1_49' title="bbox 143 3925 1682 4009">
     <span class='ocr_line' id='line_1_50' title="bbox 143 3925 1682 4009; baseline -0.009 -18"><span class='ocrx_word' id='word_1_347' title='bbox 143 3936 191 3987; x_wconf 76' lang='grc' dir='ltr'><strong>όν</strong></span> <span class='ocrx_word' id='word_1_348' title='bbox 213 3940 394 4009; x_wconf 88' lang='grc' dir='ltr'>τρόπον</span> <span class='ocrx_word' id='word_1_349' title='bbox 420 3938 533 3991; x_wconf 84' lang='grc' dir='ltr'><strong>υίοὶ</strong></span> <span class='ocrx_word' id='word_1_350' title='bbox 560 3935 654 3988; x_wconf 87' lang='grc' dir='ltr'><strong>τοῦ</strong></span> <span class='ocrx_word' id='word_1_351' title='bbox 700 3931 912 4005; x_wconf 84' lang='grc' dir='ltr'>Ἰσραὴλ</span> <span class='ocrx_word' id='word_1_352' title='bbox 945 3931 1043 4001; x_wconf 82' lang='grc' dir='ltr'>τὴν</span> <span class='ocrx_word' id='word_1_353' title='bbox 1075 3928 1251 3997; x_wconf 77' lang='grc' dir='ltr'>ταφὴν</span> <span class='ocrx_word' id='word_1_354' title='bbox 1280 3926 1373 3979; x_wconf 88' lang='grc' dir='ltr'><strong>τοῦ</strong></span> <span class='ocrx_word' id='word_1_355' title='bbox 1408 3925 1682 3989; x_wconf 84' lang='grc' dir='ltr'>Μωῦσέως</span> 
     </span>
    </p>
   </div>
   <div class='ocr_carea' id='block_1_50' title="bbox 146 4016 1587 4097">
    <p class='ocr_par' dir='ltr' id='par_1_50' title="bbox 146 4016 1587 4097">
     <span class='ocr_line' id='line_1_51' title="bbox 146 4016 1587 4097; baseline -0.006 -20"><span class='ocrx_word' id='word_1_356' title='bbox 146 4026 411 4092; x_wconf 76' lang='grc' dir='ltr'>ἀναϐάντες</span> <span class='ocrx_word' id='word_1_357' title='bbox 444 4030 504 4081; x_wconf 83' lang='grc' dir='ltr'>ὲν</span> <span class='ocrx_word' id='word_1_358' title='bbox 528 4024 608 4096; x_wconf 82' lang='grc' dir='ltr'>τῷ</span> <span class='ocrx_word' id='word_1_359' title='bbox 631 4024 744 4097; x_wconf 78' lang='grc' dir='ltr'>ὄρει</span> <span class='ocrx_word' id='word_1_360' title='bbox 772 4019 1021 4093; x_wconf 76' lang='grc' dir='ltr'>ἐζήτουν,</span> <span class='ocrx_word' id='word_1_361' title='bbox 1062 4019 1156 4072; x_wconf 81' lang='grc' dir='ltr'>καὶ</span> <span class='ocrx_word' id='word_1_362' title='bbox 1188 4018 1285 4088; x_wconf 82' lang='grc' dir='ltr'><strong>οὐχ</strong></span> <span class='ocrx_word' id='word_1_363' title='bbox 1319 4016 1587 4089; x_wconf 77' lang='grc' dir='ltr'>εὕρισκον.</span> 
     </span>
    </p>
   </div>
   <div class='ocr_carea' id='block_1_51' title="bbox 1900 1450 3235 1526">
    <p class='ocr_par' dir='ltr' id='par_1_51' title="bbox 1900 1450 3235 1526">
     <span class='ocr_line' id='line_1_52' title="bbox 1900 1450 3235 1526; baseline 0.009 -23"><span class='ocrx_word' id='word_1_364' title='bbox 1900 1450 2172 1520; x_wconf 79' lang='lat' dir='ltr'><strong>Ejusdem,</strong></span> <span class='ocrx_word' id='word_1_365' title='bbox 2202 1469 2265 1507; x_wconf 78' lang='lat' dir='ltr'><strong>ea:</strong></span> <span class='ocrx_word' id='word_1_366' title='bbox 2288 1471 2522 1508; x_wconf 89' lang='lat' dir='ltr'><strong>sermone</strong></span> <span class='ocrx_word' id='word_1_367' title='bbox 2553 1455 2606 1507; x_wconf 92' lang='lat' dir='ltr'><strong>In</strong></span> <span class='ocrx_word' id='word_1_368' title='bbox 2641 1472 2894 1526; x_wconf 80' lang='lat' dir='ltr'><strong>magnum</strong></span> <span class='ocrx_word' id='word_1_369' title='bbox 2930 1457 3235 1515; x_wconf 84' lang='lat' dir='ltr'><strong>Canticum.</strong></span> 
     </span>
    </p>
   </div>
   <div class='ocr_carea' id='block_1_52' title="bbox 1858 1630 3387 1701">
    <p class='ocr_par' dir='ltr' id='par_1_52' title="bbox 1858 1630 3387 1701">
     <span class='ocr_line' id='line_1_53' title="bbox 1858 1630 3387 1701; baseline 0.008 -18"><span class='ocrx_word' id='word_1_370' title='bbox 1858 1630 1960 1697; x_wconf 84' lang='lat' dir='ltr'><strong>Qui</strong></span> <span class='ocrx_word' id='word_1_371' title='bbox 2012 1633 2281 1701; x_wconf 89' lang='lat' dir='ltr'><strong>perditum</strong></span> <span class='ocrx_word' id='word_1_372' title='bbox 2332 1636 2605 1690; x_wconf 85' lang='lat' dir='ltr'><strong>hominem</strong></span> <span class='ocrx_word' id='word_1_373' title='bbox 2656 1653 2722 1692; x_wconf 84' lang='lat' dir='ltr'><strong>ex</strong></span> <span class='ocrx_word' id='word_1_374' title='bbox 2770 1648 2910 1692; x_wconf 90' lang='lat' dir='ltr'><strong>terra</strong></span> <span class='ocrx_word' id='word_1_375' title='bbox 2956 1638 3245 1693; x_wconf 79' lang='lat' dir='ltr'><strong>formatum</strong></span> <span class='ocrx_word' id='word_1_376' title='bbox 3295 1651 3387 1696; x_wconf 80' lang='grc' dir='ltr'>ει-</span> 
     </span>
    </p>
   </div>
   <div class='ocr_carea' id='block_1_53' title="bbox 1786 1722 3341 1787">
    <p class='ocr_par' dir='ltr' id='par_1_53' title="bbox 1786 1722 3341 1787">
     <span class='ocr_line' id='line_1_54' title="bbox 1786 1722 3341 1787; baseline 0.006 -13"><span class='ocrx_word' id='word_1_377' title='bbox 1786 1722 2019 1775; x_wconf 79' lang='lat' dir='ltr'><strong>vinculis</strong></span> <span class='ocrx_word' id='word_1_378' title='bbox 2068 1725 2260 1778; x_wconf 90' lang='lat' dir='ltr'><strong>mortis</strong></span> <span class='ocrx_word' id='word_1_379' title='bbox 2294 1726 2602 1787; x_wconf 87' lang='lat' dir='ltr'><strong>astrictum.</strong></span> <span class='ocrx_word' id='word_1_380' title='bbox 2646 1742 2708 1781; x_wconf 79' lang='lat' dir='ltr'><strong>ex</strong></span> <span class='ocrx_word' id='word_1_381' title='bbox 2742 1728 2928 1780; x_wconf 74' lang='lat' dir='ltr'><strong>intimo</strong></span> <span class='ocrx_word' id='word_1_382' title='bbox 2978 1728 3189 1783; x_wconf 80' lang='lat' dir='ltr'><strong>inferno</strong></span> <span class='ocrx_word' id='word_1_383' title='bbox 3232 1734 3341 1784; x_wconf 87' lang='lat' dir='ltr'><strong>eri-</strong></span> 
     </span>
    </p>
   </div>
   <div class='ocr_carea' id='block_1_54' title="bbox 1782 1814 3346 1884">
    <p class='ocr_par' dir='ltr' id='par_1_54' title="bbox 1782 1814 3346 1884">
     <span class='ocr_line' id='line_1_55' title="bbox 1782 1814 3346 1884; baseline 0.006 -18"><span class='ocrx_word' id='word_1_384' title='bbox 1782 1814 1933 1883; x_wconf 90' lang='lat' dir='ltr'><strong>puit;</strong></span> <span class='ocrx_word' id='word_1_385' title='bbox 1968 1815 2060 1883; x_wconf 86' lang='lat' dir='ltr'><strong>qui</strong></span> <span class='ocrx_word' id='word_1_386' title='bbox 2094 1815 2322 1884; x_wconf 91' lang='lat' dir='ltr'><strong>desuper</strong></span> <span class='ocrx_word' id='word_1_387' title='bbox 2353 1818 2592 1881; x_wconf 87' lang='lat' dir='ltr'><strong>veniens,</strong></span> <span class='ocrx_word' id='word_1_388' title='bbox 2628 1820 2680 1870; x_wconf 91' lang='lat' dir='ltr'><strong>in</strong></span> <span class='ocrx_word' id='word_1_389' title='bbox 2717 1819 2946 1872; x_wconf 86' lang='lat' dir='ltr'><strong>snhlime</strong></span> <span class='ocrx_word' id='word_1_390' title='bbox 2978 1821 3169 1873; x_wconf 79' lang='lat' dir='ltr'><strong>extulit</strong></span> <span class='ocrx_word' id='word_1_391' title='bbox 3198 1822 3346 1876; x_wconf 88' lang='lat' dir='ltr'><strong>humi</strong></span> 
     </span>
    </p>
   </div>
   <div class='ocr_carea' id='block_1_55' title="bbox 1778 1904 3348 1978">
    <p class='ocr_par' dir='ltr' id='par_1_55' title="bbox 1778 1904 3348 1978">
     <span class='ocr_line' id='line_1_56' title="bbox 1778 1904 3348 1978; baseline 0.004 -21"><span class='ocrx_word' id='word_1_392' title='bbox 1778 1904 2080 1973; x_wconf 75' lang='lat' dir='ltr'><strong>jacentem;</strong></span> <span class='ocrx_word' id='word_1_393' title='bbox 2117 1906 2208 1974; x_wconf 90' lang='lat' dir='ltr'><strong>qui</strong></span> <span class='ocrx_word' id='word_1_394' title='bbox 2259 1915 2595 1960; x_wconf 86' lang='lat' dir='ltr'><strong>mortuorum</strong></span> <span class='ocrx_word' id='word_1_395' title='bbox 2631 1909 2991 1978; x_wconf 66' lang='lat' dir='ltr'><strong>evangelista,</strong></span> <span class='ocrx_word' id='word_1_396' title='bbox 3049 1922 3101 1963; x_wconf 91' lang='lat' dir='ltr'><strong>et</strong></span> <span class='ocrx_word' id='word_1_397' title='bbox 3136 1911 3348 1963; x_wconf 84' lang='lat' dir='ltr'><strong>anima-</strong></span> 
     </span>
    </p>
   </div>
   <div class='ocr_carea' id='block_1_56' title="bbox 1783 1996 3347 2067">
    <p class='ocr_par' dir='ltr' id='par_1_56' title="bbox 1783 1996 3347 2067">
     <span class='ocr_line' id='line_1_57' title="bbox 1783 1996 3347 2067; baseline 0.005 -20"><span class='ocrx_word' id='word_1_398' title='bbox 1783 2010 1904 2049; x_wconf 86' lang='lat' dir='ltr'><strong>rum</strong></span> <span class='ocrx_word' id='word_1_399' title='bbox 1938 1996 2263 2064; x_wconf 86' lang='lat' dir='ltr'><strong>redemptor,</strong></span> <span class='ocrx_word' id='word_1_400' title='bbox 2295 2006 2348 2051; x_wconf 90' lang='lat' dir='ltr'><strong>et</strong></span> <span class='ocrx_word' id='word_1_401' title='bbox 2380 1999 2707 2051; x_wconf 86' lang='lat' dir='ltr'><strong>resurrectio</strong></span> <span class='ocrx_word' id='word_1_402' title='bbox 2738 2000 3101 2067; x_wconf 88' lang='lat' dir='ltr'><strong>sepultorum,</strong></span> <span class='ocrx_word' id='word_1_403' title='bbox 3138 2001 3225 2055; x_wconf 90' lang='lat' dir='ltr'><strong>hic</strong></span> <span class='ocrx_word' id='word_1_404' title='bbox 3252 2001 3347 2055; x_wconf 86' lang='lat' dir='ltr'><strong>de-</strong></span> 
     </span>
    </p>
   </div>
   <div class='ocr_carea' id='block_1_57' title="bbox 1782 2087 3348 2159">
    <p class='ocr_par' dir='ltr' id='par_1_57' title="bbox 1782 2087 3348 2159">
     <span class='ocr_line' id='line_1_58' title="bbox 1782 2087 3348 2159; baseline 0.003 -18"><span class='ocrx_word' id='word_1_405' title='bbox 1782 2087 1909 2141; x_wconf 84' lang='lat' dir='ltr'><strong>victi</strong></span> <span class='ocrx_word' id='word_1_406' title='bbox 1942 2087 2180 2142; x_wconf 83' lang='lat' dir='ltr'><strong>hominis</strong></span> <span class='ocrx_word' id='word_1_407' title='bbox 2216 2087 2318 2141; x_wconf 81' lang='lat' dir='ltr'><strong>fuit</strong></span> <span class='ocrx_word' id='word_1_408' title='bbox 2348 2089 2667 2153; x_wconf 81' lang='lat' dir='ltr'><strong>auxiliator,</strong></span> <span class='ocrx_word' id='word_1_409' title='bbox 2714 2091 3016 2143; x_wconf 87' lang='lat' dir='ltr'><strong>secundum</strong></span> <span class='ocrx_word' id='word_1_410' title='bbox 3052 2091 3229 2159; x_wconf 91' lang='lat' dir='ltr'><strong>ipsum</strong></span> <span class='ocrx_word' id='word_1_411' title='bbox 3271 2092 3348 2146; x_wconf 87' lang='lat' dir='ltr'><strong>si-</strong></span> 
     </span>
    </p>
   </div>
   <div class='ocr_carea' id='block_1_58' title="bbox 1783 2178 3343 2251">
    <p class='ocr_par' dir='ltr' id='par_1_58' title="bbox 1783 2178 3343 2251">
     <span class='ocr_line' id='line_1_59' title="bbox 1783 2178 3343 2251; baseline 0.003 -18"><span class='ocrx_word' id='word_1_412' title='bbox 1783 2178 1927 2234; x_wconf 89' lang='lat' dir='ltr'><strong>milis</strong></span> <span class='ocrx_word' id='word_1_413' title='bbox 1958 2178 2053 2243; x_wconf 90' lang='lat' dir='ltr'><strong>illi,</strong></span> <span class='ocrx_word' id='word_1_414' title='bbox 2088 2180 2503 2249; x_wconf 83' lang='lat' dir='ltr'><strong>primogenitum</strong></span> <span class='ocrx_word' id='word_1_415' title='bbox 2539 2178 2772 2235; x_wconf 83' lang='lat' dir='ltr'><strong>Verbum</strong></span> <span class='ocrx_word' id='word_1_416' title='bbox 2802 2182 3035 2249; x_wconf 88' lang='lat' dir='ltr'><strong>primum</strong></span> <span class='ocrx_word' id='word_1_417' title='bbox 3068 2193 3343 2251; x_wconf 86' lang='lat' dir='ltr'><strong>parentem</strong></span> 
     </span>
    </p>
   </div>
   <div class='ocr_carea' id='block_1_59' title="bbox 1782 2269 3344 2341">
    <p class='ocr_par' dir='ltr' id='par_1_59' title="bbox 1782 2269 3344 2341">
     <span class='ocr_line' id='line_1_60' title="bbox 1782 2269 3344 2341; baseline 0.003 -18"><span class='ocrx_word' id='word_1_418' title='bbox 1782 2269 1951 2323; x_wconf 83' lang='lat' dir='ltr'><strong>Adam</strong></span> <span class='ocrx_word' id='word_1_419' title='bbox 1992 2271 2044 2324; x_wconf 89' lang='lat' dir='ltr'><strong>in</strong></span> <span class='ocrx_word' id='word_1_420' title='bbox 2080 2269 2300 2338; x_wconf 76' lang='lat' dir='ltr'><strong>Virgine</strong></span> <span class='ocrx_word' id='word_1_421' title='bbox 2328 2270 2593 2325; x_wconf 87' lang='lat' dir='ltr'><strong>visitans:</strong></span> <span class='ocrx_word' id='word_1_422' title='bbox 2641 2272 2941 2341; x_wconf 87' lang='lat' dir='ltr'><strong>spiritualis</strong></span> <span class='ocrx_word' id='word_1_423' title='bbox 2971 2282 3248 2327; x_wconf 85' lang='lat' dir='ltr'><strong>terrenum</strong></span> <span class='ocrx_word' id='word_1_424' title='bbox 3291 2276 3344 2328; x_wconf 83' lang='lat' dir='ltr'><strong>in</strong></span> 
     </span>
    </p>
   </div>
   <div class='ocr_carea' id='block_1_60' title="bbox 1784 2362 3343 2432">
    <p class='ocr_par' dir='ltr' id='par_1_60' title="bbox 1784 2362 3343 2432">
     <span class='ocr_line' id='line_1_61' title="bbox 1784 2362 3343 2432; baseline 0.003 -19"><span class='ocrx_word' id='word_1_425' title='bbox 1784 2362 2005 2415; x_wconf 85' lang='lat' dir='ltr'><strong>matrice</strong></span> <span class='ocrx_word' id='word_1_426' title='bbox 2028 2377 2305 2429; x_wconf 65' lang='lat' dir='ltr'><strong>qua&#39;rens;</strong></span> <span class='ocrx_word' id='word_1_427' title='bbox 2331 2376 2544 2431; x_wconf 77' lang='lat' dir='ltr'><strong>semper</strong></span> <span class='ocrx_word' id='word_1_428' title='bbox 2569 2362 2775 2427; x_wconf 85' lang='lat' dir='ltr'><strong>vivens,</strong></span> <span class='ocrx_word' id='word_1_429' title='bbox 2801 2378 2896 2432; x_wconf 88' lang='lat' dir='ltr'><strong>per</strong></span> <span class='ocrx_word' id='word_1_430' title='bbox 2923 2364 3343 2420; x_wconf 88' lang='lat' dir='ltr'><strong>inobedientiam</strong></span> 
     </span>
    </p>
   </div>
   <div class='ocr_carea' id='block_1_61' title="bbox 1782 2456 3343 2526">
    <p class='ocr_par' dir='ltr' id='par_1_61' title="bbox 1782 2456 3343 2526">
     <span class='ocr_line' id='line_1_62' title="bbox 1782 2456 3343 2526; baseline 0.002 -20"><span class='ocrx_word' id='word_1_431' title='bbox 1782 2463 2095 2520; x_wconf 91' lang='lat' dir='ltr'><strong>mortuum;</strong></span> <span class='ocrx_word' id='word_1_432' title='bbox 2144 2456 2381 2510; x_wconf 73' lang='lat' dir='ltr'><strong>cmlestis</strong></span> <span class='ocrx_word' id='word_1_433' title='bbox 2433 2465 2740 2510; x_wconf 85' lang='lat' dir='ltr'><strong>terrestrem</strong></span> <span class='ocrx_word' id='word_1_434' title='bbox 2799 2457 2864 2510; x_wconf 89' lang='lat' dir='ltr'><strong>ad</strong></span> <span class='ocrx_word' id='word_1_435' title='bbox 2925 2457 3206 2526; x_wconf 85' lang='lat' dir='ltr'><strong>superiora</strong></span> <span class='ocrx_word' id='word_1_436' title='bbox 3250 2473 3343 2509; x_wconf 51' lang='grc' dir='ltr'>νον</span> 
     </span>
    </p>
   </div>
   <div class='ocr_carea' id='block_1_62' title="bbox 1784 2546 3349 2615">
    <p class='ocr_par' dir='ltr' id='par_1_62' title="bbox 1784 2546 3349 2615">
     <span class='ocr_line' id='line_1_63' title="bbox 1784 2546 3349 2615; baseline -0.002 -15"><span class='ocrx_word' id='word_1_437' title='bbox 1784 2560 1952 2611; x_wconf 86' lang='lat' dir='ltr'><strong>cans;</strong></span> <span class='ocrx_word' id='word_1_438' title='bbox 1987 2546 2184 2599; x_wconf 88' lang='lat' dir='ltr'><strong>nobilis</strong></span> <span class='ocrx_word' id='word_1_439' title='bbox 2215 2561 2430 2601; x_wconf 89' lang='lat' dir='ltr'><strong>servum</strong></span> <span class='ocrx_word' id='word_1_440' title='bbox 2467 2560 2563 2615; x_wconf 89' lang='lat' dir='ltr'><strong>per</strong></span> <span class='ocrx_word' id='word_1_441' title='bbox 2588 2546 2862 2615; x_wconf 86' lang='lat' dir='ltr'><strong>propriam</strong></span> <span class='ocrx_word' id='word_1_442' title='bbox 2895 2546 3259 2599; x_wconf 85' lang='lat' dir='ltr'><strong>obedientiam</strong></span> <span class='ocrx_word' id='word_1_443' title='bbox 3281 2546 3349 2599; x_wconf 87' lang='lat' dir='ltr'><strong>li-</strong></span> 
     </span>
    </p>
   </div>
   <div class='ocr_carea' id='block_1_63' title="bbox 1784 2634 3345 2702">
    <p class='ocr_par' dir='ltr' id='par_1_63' title="bbox 1784 2634 3345 2702">
     <span class='ocr_line' id='line_1_64' title="bbox 1784 2634 3345 2702; baseline 0.001 -14"><span class='ocrx_word' id='word_1_444' title='bbox 1784 2634 1989 2690; x_wconf 83' lang='lat' dir='ltr'><strong>bertate</strong></span> <span class='ocrx_word' id='word_1_445' title='bbox 2043 2637 2247 2691; x_wconf 89' lang='lat' dir='ltr'><strong>donare</strong></span> <span class='ocrx_word' id='word_1_446' title='bbox 2299 2637 2507 2690; x_wconf 91' lang='lat' dir='ltr'><strong>volens.</strong></span> <span class='ocrx_word' id='word_1_447' title='bbox 2560 2635 2663 2702; x_wconf 87' lang='lat' dir='ltr'><strong>Qui</strong></span> <span class='ocrx_word' id='word_1_448' title='bbox 2692 2638 2744 2689; x_wconf 89' lang='lat' dir='ltr'><strong>in</strong></span> <span class='ocrx_word' id='word_1_449' title='bbox 2799 2646 2995 2689; x_wconf 90' lang='lat' dir='ltr'><strong>terram</strong></span> <span class='ocrx_word' id='word_1_450' title='bbox 3049 2637 3345 2690; x_wconf 91' lang='lat' dir='ltr'><strong>resolutum</strong></span> 
     </span>
    </p>
   </div>
   <div class='ocr_carea' id='block_1_64' title="bbox 1786 2726 3348 2798">
    <p class='ocr_par' dir='ltr' id='par_1_64' title="bbox 1786 2726 3348 2798">
     <span class='ocr_line' id='line_1_65' title="bbox 1786 2726 3348 2798; baseline 0.001 -19"><span class='ocrx_word' id='word_1_451' title='bbox 1786 2726 2059 2781; x_wconf 89' lang='lat' dir='ltr'><strong>hominem</strong></span> <span class='ocrx_word' id='word_1_452' title='bbox 2105 2739 2157 2782; x_wconf 90' lang='lat' dir='ltr'><strong>et</strong></span> <span class='ocrx_word' id='word_1_453' title='bbox 2188 2728 2446 2797; x_wconf 85' lang='lat' dir='ltr'><strong>pabulum</strong></span> <span class='ocrx_word' id='word_1_454' title='bbox 2500 2729 2763 2798; x_wconf 90' lang='lat' dir='ltr'><strong>serpentis</strong></span> <span class='ocrx_word' id='word_1_455' title='bbox 2808 2728 3082 2794; x_wconf 84' lang='lat' dir='ltr'><strong>ell&#39;ectum,</strong></span> <span class='ocrx_word' id='word_1_456' title='bbox 3128 2729 3183 2782; x_wconf 90' lang='lat' dir='ltr'><strong>in</strong></span> <span class='ocrx_word' id='word_1_457' title='bbox 3218 2730 3348 2781; x_wconf 86' lang='lat' dir='ltr'><strong>ada-</strong></span> 
     </span>
    </p>
   </div>
   <div class='ocr_carea' id='block_1_65' title="bbox 1786 2819 3346 2889">
    <p class='ocr_par' dir='ltr' id='par_1_65' title="bbox 1786 2819 3346 2889">
     <span class='ocr_line' id='line_1_66' title="bbox 1786 2819 3346 2889; baseline 0.002 -20"><span class='ocrx_word' id='word_1_458' title='bbox 1786 2826 2024 2871; x_wconf 77' lang='lat' dir='ltr'><strong>mantem</strong></span> <span class='ocrx_word' id='word_1_459' title='bbox 2072 2819 2373 2885; x_wconf 82' lang='lat' dir='ltr'><strong>convertit;</strong></span> <span class='ocrx_word' id='word_1_460' title='bbox 2417 2827 2471 2873; x_wconf 92' lang='lat' dir='ltr'><strong>et</strong></span> <span class='ocrx_word' id='word_1_461' title='bbox 2512 2819 2657 2874; x_wconf 89' lang='lat' dir='ltr'><strong>hunc</strong></span> <span class='ocrx_word' id='word_1_462' title='bbox 2693 2820 2745 2873; x_wconf 90' lang='lat' dir='ltr'><strong>in</strong></span> <span class='ocrx_word' id='word_1_463' title='bbox 2796 2821 2942 2889; x_wconf 76' lang='lat' dir='ltr'><strong>ligno</strong></span> <span class='ocrx_word' id='word_1_464' title='bbox 2987 2834 3346 2888; x_wconf 80' lang='lat' dir='ltr'><strong>suspensum,</strong></span> 
     </span>
    </p>
   </div>
   <div class='ocr_carea' id='block_1_66' title="bbox 1786 2907 3349 2981">
    <p class='ocr_par' dir='ltr' id='par_1_66' title="bbox 1786 2907 3349 2981">
     <span class='ocr_line' id='line_1_67' title="bbox 1786 2907 3349 2981; baseline 0.002 -20"><span class='ocrx_word' id='word_1_465' title='bbox 1786 2907 2065 2962; x_wconf 92' lang='lat' dir='ltr'><strong>dominum</strong></span> <span class='ocrx_word' id='word_1_466' title='bbox 2109 2910 2370 2964; x_wconf 86' lang='lat' dir='ltr'><strong>adversus</strong></span> <span class='ocrx_word' id='word_1_467' title='bbox 2400 2910 2658 2965; x_wconf 74' lang='lat' dir='ltr'><strong>victorem</strong></span> <span class='ocrx_word' id='word_1_468' title='bbox 2706 2911 3030 2978; x_wconf 74' lang='lat' dir='ltr'><strong>declaravit;</strong></span> <span class='ocrx_word' id='word_1_469' title='bbox 3074 2920 3237 2981; x_wconf 87' lang='lat' dir='ltr'><strong>atque</strong></span> <span class='ocrx_word' id='word_1_470' title='bbox 3274 2911 3349 2964; x_wconf 81' lang='lat' dir='ltr'><strong>ita</strong></span> 
     </span>
    </p>
   </div>
   <div class='ocr_carea' id='block_1_67' title="bbox 1787 2999 2629 3068">
    <p class='ocr_par' dir='ltr' id='par_1_67' title="bbox 1787 2999 2629 3068">
     <span class='ocr_line' id='line_1_68' title="bbox 1787 2999 2629 3068; baseline 0.001 -17"><span class='ocrx_word' id='word_1_471' title='bbox 1787 3013 1883 3067; x_wconf 81' lang='lat' dir='ltr'><strong>per</strong></span> <span class='ocrx_word' id='word_1_472' title='bbox 1911 2999 2113 3068; x_wconf 82' lang='lat' dir='ltr'><strong>lignum</strong></span> <span class='ocrx_word' id='word_1_473' title='bbox 2139 3000 2312 3053; x_wconf 87' lang='lat' dir='ltr'><strong>victor</strong></span> <span class='ocrx_word' id='word_1_474' title='bbox 2337 2999 2629 3053; x_wconf 88' lang='lat' dir='ltr'><strong>invenitur.</strong></span> 
     </span>
    </p>
   </div>
   <div class='ocr_carea' id='block_1_68' title="bbox 2155 3200 2980 3270">
    <p class='ocr_par' dir='ltr' id='par_1_68' title="bbox 2155 3200 2980 3270">
     <span class='ocr_line' id='line_1_69' title="bbox 2155 3200 2980 3270; baseline 0.004 -17"><span class='ocrx_word' id='word_1_475' title='bbox 2155 3200 2403 3270; x_wconf 82' lang='lat' dir='ltr'><strong>Ejusdem</strong></span> <span class='ocrx_word' id='word_1_476' title='bbox 2430 3218 2494 3255; x_wconf 74' lang='lat' dir='ltr'><strong>ex</strong></span> <span class='ocrx_word' id='word_1_477' title='bbox 2516 3203 2692 3256; x_wconf 88' lang='lat' dir='ltr'><strong>eodem</strong></span> <span class='ocrx_word' id='word_1_478' title='bbox 2726 3219 2980 3257; x_wconf 79' lang='lat' dir='ltr'><strong>sermone.</strong></span> 
     </span>
    </p>
   </div>
   <div class='ocr_carea' id='block_1_69' title="bbox 1860 3287 3348 3361">
    <p class='ocr_par' dir='ltr' id='par_1_69' title="bbox 1860 3287 3348 3361">
     <span class='ocr_line' id='line_1_70' title="bbox 1860 3287 3348 3361; baseline 0 -20"><span class='ocrx_word' id='word_1_479' title='bbox 1860 3287 1961 3354; x_wconf 85' lang='lat' dir='ltr'><strong>Qui</strong></span> <span class='ocrx_word' id='word_1_480' title='bbox 1988 3289 2131 3343; x_wconf 91' lang='lat' dir='ltr'><strong>enim</strong></span> <span class='ocrx_word' id='word_1_481' title='bbox 2156 3290 2355 3344; x_wconf 87' lang='lat' dir='ltr'><strong>Filium</strong></span> <span class='ocrx_word' id='word_1_482' title='bbox 2391 3292 2481 3345; x_wconf 89' lang='lat' dir='ltr'><strong>Dei</strong></span> <span class='ocrx_word' id='word_1_483' title='bbox 2511 3292 2849 3346; x_wconf 88' lang='lat' dir='ltr'><strong>incarnatum</strong></span> <span class='ocrx_word' id='word_1_484' title='bbox 2876 3307 3020 3346; x_wconf 88' lang='lat' dir='ltr'><strong>nunc</strong></span> <span class='ocrx_word' id='word_1_485' title='bbox 3047 3307 3154 3345; x_wconf 90' lang='lat' dir='ltr'><strong>non</strong></span> <span class='ocrx_word' id='word_1_486' title='bbox 3185 3305 3348 3361; x_wconf 76' lang='lat' dir='ltr'><strong>agno-</strong></span> 
     </span>
    </p>
   </div>
   <div class='ocr_carea' id='block_1_70' title="bbox 1789 3382 3349 3453">
    <p class='ocr_par' dir='ltr' id='par_1_70' title="bbox 1789 3382 3349 3453">
     <span class='ocr_line' id='line_1_71' title="bbox 1789 3382 3349 3453; baseline -0.001 -18"><span class='ocrx_word' id='word_1_487' title='bbox 1789 3387 1971 3446; x_wconf 82' lang='lat' dir='ltr'><strong>scunt,</strong></span> <span class='ocrx_word' id='word_1_488' title='bbox 2002 3391 2295 3451; x_wconf 78' lang='lat' dir='ltr'><strong>agnoscent</strong></span> <span class='ocrx_word' id='word_1_489' title='bbox 2334 3382 2508 3451; x_wconf 88' lang='lat' dir='ltr'><strong>ipsum</strong></span> <span class='ocrx_word' id='word_1_490' title='bbox 2555 3383 2792 3451; x_wconf 88' lang='lat' dir='ltr'><strong>judicem</strong></span> <span class='ocrx_word' id='word_1_491' title='bbox 2837 3384 2890 3436; x_wconf 92' lang='lat' dir='ltr'><strong>in</strong></span> <span class='ocrx_word' id='word_1_492' title='bbox 2918 3382 3085 3453; x_wconf 80' lang='lat' dir='ltr'><strong>gloria</strong></span> <span class='ocrx_word' id='word_1_493' title='bbox 3126 3383 3349 3435; x_wconf 86' lang='lat' dir='ltr'><strong>venien-</strong></span> 
     </span>
    </p>
   </div>
   <div class='ocr_carea' id='block_1_71' title="bbox 1791 3471 3348 3543">
    <p class='ocr_par' dir='ltr' id='par_1_71' title="bbox 1791 3471 3348 3543">
     <span class='ocr_line' id='line_1_72' title="bbox 1791 3471 3348 3543; baseline -0.001 -19"><span class='ocrx_word' id='word_1_494' title='bbox 1791 3478 1919 3535; x_wconf 88' lang='lat' dir='ltr'><strong>tem,</strong></span> <span class='ocrx_word' id='word_1_495' title='bbox 1962 3486 2121 3540; x_wconf 90' lang='lat' dir='ltr'><strong>quem</strong></span> <span class='ocrx_word' id='word_1_496' title='bbox 2170 3488 2316 3527; x_wconf 92' lang='lat' dir='ltr'><strong>nunc</strong></span> <span class='ocrx_word' id='word_1_497' title='bbox 2364 3473 2418 3527; x_wconf 89' lang='lat' dir='ltr'><strong>in</strong></span> <span class='ocrx_word' id='word_1_498' title='bbox 2454 3488 2681 3543; x_wconf 82' lang='lat' dir='ltr'><strong>corpore</strong></span> <span class='ocrx_word' id='word_1_499' title='bbox 2723 3472 2954 3543; x_wconf 82' lang='lat' dir='ltr'><strong>inglorio</strong></span> <span class='ocrx_word' id='word_1_500' title='bbox 3005 3471 3348 3526; x_wconf 85' lang='lat' dir='ltr'><strong>contumeliis</strong></span> 
     </span>
    </p>
   </div>
   <div class='ocr_carea' id='block_1_72' title="bbox 1790 3561 2051 3617">
    <p class='ocr_par' dir='ltr' id='par_1_72' title="bbox 1790 3561 2051 3617">
     <span class='ocr_line' id='line_1_73' title="bbox 1790 3561 2051 3617; baseline -0.004 -1"><span class='ocrx_word' id='word_1_501' title='bbox 1790 3561 2051 3617; x_wconf 76' lang='lat' dir='ltr'><strong>alliciunt.</strong></span> 
     </span>
    </p>
   </div>
   <div class='ocr_carea' id='block_1_73' title="bbox 2149 3652 2969 3724">
    <p class='ocr_par' dir='ltr' id='par_1_73' title="bbox 2149 3652 2969 3724">
     <span class='ocr_line' id='line_1_74' title="bbox 2149 3652 2969 3724; baseline 0.002 -17"><span class='ocrx_word' id='word_1_502' title='bbox 2149 3652 2397 3724; x_wconf 79' lang='lat' dir='ltr'><strong>Ejusdem</strong></span> <span class='ocrx_word' id='word_1_503' title='bbox 2425 3670 2490 3709; x_wconf 73' lang='lat' dir='ltr'><strong>ex</strong></span> <span class='ocrx_word' id='word_1_504' title='bbox 2513 3655 2690 3708; x_wconf 89' lang='lat' dir='ltr'><strong>eodem</strong></span> <span class='ocrx_word' id='word_1_505' title='bbox 2716 3670 2969 3709; x_wconf 82' lang='lat' dir='ltr'><strong>sermone.</strong></span> 
     </span>
    </p>
   </div>
   <div class='ocr_carea' id='block_1_74' title="bbox 1854 3742 3344 3816">
    <p class='ocr_par' dir='ltr' id='par_1_74' title="bbox 1854 3742 3344 3816">
     <span class='ocr_line' id='line_1_75' title="bbox 1854 3742 3344 3816; baseline 0 -19"><span class='ocrx_word' id='word_1_506' title='bbox 1854 3742 2064 3799; x_wconf 84' lang='lat' dir='ltr'><strong>Etenim</strong></span> <span class='ocrx_word' id='word_1_507' title='bbox 2104 3748 2333 3816; x_wconf 88' lang='lat' dir='ltr'><strong>apostoli</strong></span> <span class='ocrx_word' id='word_1_508' title='bbox 2367 3764 2491 3802; x_wconf 91' lang='lat' dir='ltr'><strong>cum</strong></span> <span class='ocrx_word' id='word_1_509' title='bbox 2526 3748 2798 3801; x_wconf 84' lang='lat' dir='ltr'><strong>venissent</strong></span> <span class='ocrx_word' id='word_1_510' title='bbox 2826 3747 2891 3800; x_wconf 88' lang='lat' dir='ltr'><strong>ad</strong></span> <span class='ocrx_word' id='word_1_511' title='bbox 2934 3754 3344 3800; x_wconf 90' lang='lat' dir='ltr'><strong>monumentum</strong></span> 
     </span>
    </p>
   </div>
   <div class='ocr_carea' id='block_1_75' title="bbox 1784 3836 3350 3908">
    <p class='ocr_par' dir='ltr' id='par_1_75' title="bbox 1784 3836 3350 3908">
     <span class='ocr_line' id='line_1_76' title="bbox 1784 3836 3350 3908; baseline -0.001 -18"><span class='ocrx_word' id='word_1_512' title='bbox 1784 3836 1870 3891; x_wconf 91' lang='lat' dir='ltr'><strong>die</strong></span> <span class='ocrx_word' id='word_1_513' title='bbox 1915 3839 2092 3901; x_wconf 89' lang='lat' dir='ltr'><strong>tertio,</strong></span> <span class='ocrx_word' id='word_1_514' title='bbox 2140 3855 2247 3893; x_wconf 91' lang='lat' dir='ltr'><strong>non</strong></span> <span class='ocrx_word' id='word_1_515' title='bbox 2292 3841 2613 3894; x_wconf 87' lang='lat' dir='ltr'><strong>invenerunt</strong></span> <span class='ocrx_word' id='word_1_516' title='bbox 2639 3854 2835 3907; x_wconf 88' lang='lat' dir='ltr'><strong>corpus</strong></span> <span class='ocrx_word' id='word_1_517' title='bbox 2865 3837 2990 3892; x_wconf 86' lang='lat' dir='ltr'><strong>Jesu</strong></span> <span class='ocrx_word' id='word_1_518' title='bbox 3039 3836 3350 3908; x_wconf 85' lang='lat' dir='ltr'><strong>:quemad-</strong></span> 
     </span>
    </p>
   </div>
   <div class='ocr_carea' id='block_1_76' title="bbox 1784 3927 3347 3996">
    <p class='ocr_par' dir='ltr' id='par_1_76' title="bbox 1784 3927 3347 3996">
     <span class='ocr_line' id='line_1_77' title="bbox 1784 3927 3347 3996; baseline -0.001 -15"><span class='ocrx_word' id='word_1_519' title='bbox 1784 3929 2005 3993; x_wconf 87' lang='lat' dir='ltr'><strong>modum</strong></span> <span class='ocrx_word' id='word_1_520' title='bbox 2038 3928 2132 3982; x_wconf 84' lang='lat' dir='ltr'><strong>lilii</strong></span> <span class='ocrx_word' id='word_1_521' title='bbox 2173 3928 2335 3983; x_wconf 90' lang='lat' dir='ltr'><strong>Israel</strong></span> <span class='ocrx_word' id='word_1_522' title='bbox 2368 3932 2722 3983; x_wconf 80' lang='lat' dir='ltr'><strong>ascendentes</strong></span> <span class='ocrx_word' id='word_1_523' title='bbox 2760 3930 2811 3981; x_wconf 91' lang='lat' dir='ltr'><strong>in</strong></span> <span class='ocrx_word' id='word_1_524' title='bbox 2853 3939 3123 3989; x_wconf 88' lang='lat' dir='ltr'><strong>montem,</strong></span> <span class='ocrx_word' id='word_1_525' title='bbox 3166 3927 3347 3996; x_wconf 84' lang='lat' dir='ltr'><strong>sepul-</strong></span> 
     </span>
    </p>
   </div>
   <div class='ocr_carea' id='block_1_77' title="bbox 1795 4019 3167 4091">
    <p class='ocr_par' dir='ltr' id='par_1_77' title="bbox 1795 4019 3167 4091">
     <span class='ocr_line' id='line_1_78' title="bbox 1795 4019 3167 4091; baseline -0.003 -16"><span class='ocrx_word' id='word_1_526' title='bbox 1795 4019 1985 4075; x_wconf 88' lang='lat' dir='ltr'><strong>chrum</strong></span> <span class='ocrx_word' id='word_1_527' title='bbox 2012 4020 2210 4091; x_wconf 82' lang='lat' dir='ltr'><strong>Moysis</strong></span> <span class='ocrx_word' id='word_1_528' title='bbox 2235 4020 2585 4090; x_wconf 71' lang='lat' dir='ltr'><strong>quiesicrunt,</strong></span> <span class='ocrx_word' id='word_1_529' title='bbox 2612 4030 2666 4074; x_wconf 91' lang='lat' dir='ltr'><strong>et</strong></span> <span class='ocrx_word' id='word_1_530' title='bbox 2693 4035 2800 4073; x_wconf 91' lang='lat' dir='ltr'><strong>non</strong></span> <span class='ocrx_word' id='word_1_531' title='bbox 2829 4021 3167 4072; x_wconf 87' lang='lat' dir='ltr'><strong>invenerunt.</strong></span> 
     </span>
    </p>
   </div>
   <div class='ocr_carea' id='block_1_78' title="bbox 1679 4111 1813 4167">
    <p class='ocr_par' dir='ltr' id='par_1_78' title="bbox 1679 4111 1813 4167">
     <span class='ocr_line' id='line_1_79' title="bbox 1679 4111 1813 4167; baseline 0 0"><span class='ocrx_word' id='word_1_532' title='bbox 1679 4111 1813 4167; x_wconf 78' lang='lat' dir='ltr'><strong>VIII.</strong></span> 
     </span>
    </p>
   </div>
   <div class='ocr_carea' id='block_1_79' title="bbox 462 4201 2997 4284">
    <p class='ocr_par' dir='ltr' id='par_1_79' title="bbox 462 4201 2997 4284">
     <span class='ocr_line' id='line_1_80' title="bbox 462 4201 2997 4284; baseline -0.005 -15"><span class='ocrx_word' id='word_1_533' title='bbox 462 4213 553 4269; x_wconf 72' lang='lat' dir='ltr'><strong>Ex</strong></span> <span class='ocrx_word' id='word_1_534' title='bbox 596 4227 829 4267; x_wconf 81' lang='lat' dir='ltr'><strong>sermone</strong></span> <span class='ocrx_word' id='word_1_535' title='bbox 855 4210 908 4265; x_wconf 84' lang='lat' dir='ltr'><strong>in</strong></span> <span class='ocrx_word' id='word_1_536' title='bbox 938 4209 1213 4263; x_wconf 74' lang='lat' dir='ltr'><strong>exordium</strong></span> <span class='ocrx_word' id='word_1_537' title='bbox 1248 4205 1429 4260; x_wconf 73' lang='lat' dir='ltr'><strong>Isaiw.</strong></span> <span class='ocrx_word' id='word_1_538' title='bbox 1466 4204 1618 4275; x_wconf 80' lang='lat' dir='ltr'><strong>Apud</strong></span> <span class='ocrx_word' id='word_1_539' title='bbox 1647 4208 1880 4262; x_wconf 89' lang='lat' dir='ltr'><strong>eumdem</strong></span> <span class='ocrx_word' id='word_1_540' title='bbox 1914 4207 2283 4284; x_wconf 78' lang='lat' dir='ltr'><strong>Theodoritum</strong></span> <span class='ocrx_word' id='word_1_541' title='bbox 2330 4206 2466 4261; x_wconf 90' lang='lat' dir='ltr'><strong>Dial.</strong></span> <span class='ocrx_word' id='word_1_542' title='bbox 2495 4204 2538 4272; x_wconf 89' lang='grc'>1,</span> <span class='ocrx_word' id='word_1_543' title='bbox 2571 4204 2701 4260; x_wconf 83' lang='lat' dir='ltr'><strong>ibid.</strong></span> <span class='ocrx_word' id='word_1_544' title='bbox 2755 4220 2874 4273; x_wconf 86' lang='lat' dir='ltr'><strong>pag.</strong></span> <span class='ocrx_word' id='word_1_545' title='bbox 2910 4201 2997 4256; x_wconf 76' lang='lat'><strong>36.</strong></span> 
     </span>
    </p>
   </div>
   <div class='ocr_carea' id='block_1_80' title="bbox 145 4315 1764 4397">
    <p class='ocr_par' dir='ltr' id='par_1_80' title="bbox 145 4315 1764 4397">
     <span class='ocr_line' id='line_1_81' title="bbox 145 4315 1764 4397; baseline -0.009 -16"><span class='ocrx_word' id='word_1_546' title='bbox 145 4326 233 4381; x_wconf 86' lang='grc' dir='ltr'>Τοῦ</span> <span class='ocrx_word' id='word_1_547' title='bbox 277 4328 429 4397; x_wconf 75' lang='grc' dir='ltr'>ἀγίου</span> <span class='ocrx_word' id='word_1_548' title='bbox 474 4324 815 4397; x_wconf 82' lang='grc' dir='ltr'>Ἱππολύτου,</span> <span class='ocrx_word' id='word_1_549' title='bbox 945 4320 1035 4397; x_wconf 85' lang='grc' dir='ltr'><strong>τοῦ</strong></span> <span class='ocrx_word' id='word_1_550' title='bbox 1078 4320 1234 4389; x_wconf 88' lang='grc' dir='ltr'>λόγου</span> <span class='ocrx_word' id='word_1_551' title='bbox 1268 4320 1347 4383; x_wconf 83' lang='grc' dir='ltr'><strong>είς</strong></span> <span class='ocrx_word' id='word_1_552' title='bbox 1376 4318 1474 4389; x_wconf 80' lang='grc' dir='ltr'>τὴν</span> <span class='ocrx_word' id='word_1_553' title='bbox 1516 4315 1684 4387; x_wconf 84' lang='grc' dir='ltr'>ἀρχὴν</span> <span class='ocrx_word' id='word_1_554' title='bbox 1711 4318 1764 4377; x_wconf 84' lang='grc' dir='ltr'><strong>ι)</strong></span> 
     </span>
    </p>
   </div>
   <div class='ocr_carea' id='block_1_81' title="bbox 703 4393 1093 4449">
    <p class='ocr_par' dir='ltr' id='par_1_81' title="bbox 703 4393 1093 4449">
     <span class='ocr_line' id='line_1_82' title="bbox 703 4393 1093 4449; baseline -0.013 0"><span class='ocrx_word' id='word_1_555' title='bbox 703 4396 797 4449; x_wconf 88' lang='grc' dir='ltr'><strong>τοῦ</strong></span> <span class='ocrx_word' id='word_1_556' title='bbox 850 4393 1093 4447; x_wconf 71' lang='grc' dir='ltr'>Ἡσαΐου.</span> 
     </span>
    </p>
   </div>
   <div class='ocr_carea' id='block_1_82' title="bbox 200 4480 1691 4563">
    <p class='ocr_par' dir='ltr' id='par_1_82' title="bbox 200 4480 1691 4563">
     <span class='ocr_line' id='line_1_83' title="bbox 200 4480 1691 4563; baseline -0.01 -17"><span class='ocrx_word' id='word_1_557' title='bbox 200 4491 450 4563; x_wconf 77' lang='grc' dir='ltr'>Αἰγύπτῳ</span> <span class='ocrx_word' id='word_1_558' title='bbox 494 4489 592 4562; x_wconf 77' lang='grc' dir='ltr'>μὲν</span> <span class='ocrx_word' id='word_1_559' title='bbox 618 4489 709 4542; x_wconf 85' lang='grc' dir='ltr'><strong>τὸν</strong></span> <span class='ocrx_word' id='word_1_560' title='bbox 742 4488 945 4558; x_wconf 85' lang='grc' dir='ltr'>κόσμον</span> <span class='ocrx_word' id='word_1_561' title='bbox 984 4484 1269 4546; x_wconf 80' lang='grc' dir='ltr'>ἀπείκασε,</span> <span class='ocrx_word' id='word_1_562' title='bbox 1298 4480 1691 4553; x_wconf 83' lang='grc' dir='ltr'>χειροποιήτοις</span> 
     </span>
    </p>
   </div>
   <div class='ocr_carea' id='block_1_83' title="bbox 142 4572 1690 4654">
    <p class='ocr_par' dir='ltr' id='par_1_83' title="bbox 142 4572 1690 4654">
     <span class='ocr_line' id='line_1_84' title="bbox 142 4572 1690 4654; baseline -0.008 -20"><span class='ocrx_word' id='word_1_563' title='bbox 142 4580 302 4654; x_wconf 74' lang='grc' dir='ltr'>δὲτὴν</span> <span class='ocrx_word' id='word_1_564' title='bbox 341 4580 777 4651; x_wconf 80' lang='grc' dir='ltr'>εἰδωλολατρίαν,</span> <span class='ocrx_word' id='word_1_565' title='bbox 819 4576 1026 4647; x_wconf 82' lang='grc' dir='ltr'>σεισμῷ</span> <span class='ocrx_word' id='word_1_566' title='bbox 1069 4574 1250 4646; x_wconf 75' lang='grc' dir='ltr'>δὲτὴν</span> <span class='ocrx_word' id='word_1_567' title='bbox 1296 4572 1690 4643; x_wconf 83' lang='grc' dir='ltr'>μετανάστασιν</span> 
     </span>
    </p>
   </div>
   <div class='ocr_carea' id='block_1_84' title="bbox 144 4663 1689 4742">
    <p class='ocr_par' dir='ltr' id='par_1_84' title="bbox 144 4663 1689 4742">
     <span class='ocr_line' id='line_1_85' title="bbox 144 4663 1689 4742; baseline -0.008 -16"><span class='ocrx_word' id='word_1_568' title='bbox 144 4675 222 4727; x_wconf 76' lang='grc' dir='ltr'><strong>καὶ</strong></span> <span class='ocrx_word' id='word_1_569' title='bbox 247 4675 544 4729; x_wconf 76' lang='grc' dir='ltr'>κατάλυσιν</span> <span class='ocrx_word' id='word_1_570' title='bbox 570 4674 739 4742; x_wconf 81' lang='grc' dir='ltr'>αὐτῆς</span> <span class='ocrx_word' id='word_1_571' title='bbox 759 4689 772 4702; x_wconf 95' lang='grc'><strong>·</strong></span> <span class='ocrx_word' id='word_1_572' title='bbox 804 4670 1005 4741; x_wconf 86' lang='grc' dir='ltr'>Κύριον</span> <span class='ocrx_word' id='word_1_573' title='bbox 1031 4668 1088 4721; x_wconf 85' lang='grc' dir='ltr'>δὲ</span> <span class='ocrx_word' id='word_1_574' title='bbox 1119 4667 1211 4720; x_wconf 86' lang='grc' dir='ltr'><strong>τὸν</strong></span> <span class='ocrx_word' id='word_1_575' title='bbox 1237 4666 1425 4735; x_wconf 88' lang='grc' dir='ltr'>Λόγον,</span> <span class='ocrx_word' id='word_1_576' title='bbox 1464 4663 1689 4734; x_wconf 79' lang='grc' dir='ltr'>νεφέλην</span> 
     </span>
    </p>
   </div>
   <div class='ocr_carea' id='block_1_85' title="bbox 142 4755 1690 4838">
    <p class='ocr_par' dir='ltr' id='par_1_85' title="bbox 142 4755 1690 4838">
     <span class='ocr_line' id='line_1_86' title="bbox 142 4755 1690 4838; baseline -0.006 -22"><span class='ocrx_word' id='word_1_577' title='bbox 142 4763 189 4816; x_wconf 79' lang='grc' dir='ltr'>δὲ</span> <span class='ocrx_word' id='word_1_578' title='bbox 213 4765 434 4838; x_wconf 84' lang='grc' dir='ltr'>κούφην,</span> <span class='ocrx_word' id='word_1_579' title='bbox 450 4766 514 4819; x_wconf 80' lang='grc' dir='ltr'>τὺ</span> <span class='ocrx_word' id='word_1_580' title='bbox 539 4762 919 4835; x_wconf 82' lang='grc' dir='ltr'>καθαρώτατον</span> <span class='ocrx_word' id='word_1_581' title='bbox 949 4759 1166 4830; x_wconf 83' lang='grc' dir='ltr'>σκῆνος,</span> <span class='ocrx_word' id='word_1_582' title='bbox 1185 4758 1263 4820; x_wconf 80' lang='grc' dir='ltr'><strong>εἰς</strong></span> <span class='ocrx_word' id='word_1_583' title='bbox 1289 4757 1317 4809; x_wconf 83' lang='grc' dir='ltr'>ὃ</span> <span class='ocrx_word' id='word_1_584' title='bbox 1332 4755 1690 4828; x_wconf 79' lang='grc' dir='ltr'>ένθρονισθεὶς</span> 
     </span>
    </p>
   </div>
   <div class='ocr_carea' id='block_1_86' title="bbox 140 4848 1687 4931">
    <p class='ocr_par' dir='ltr' id='par_1_86' title="bbox 140 4848 1687 4931">
     <span class='ocr_line' id='line_1_87' title="bbox 140 4848 1687 4931; baseline -0.004 -22"><span class='ocrx_word' id='word_1_585' title='bbox 140 4858 164 4909; x_wconf 83' lang='grc' dir='ltr'><strong>ό</strong></span> <span class='ocrx_word' id='word_1_586' title='bbox 206 4858 401 4931; x_wconf 85' lang='grc' dir='ltr'>Κύριος</span> <span class='ocrx_word' id='word_1_587' title='bbox 459 4856 618 4929; x_wconf 72' lang='grc' dir='ltr'>ἡμῶν</span> <span class='ocrx_word' id='word_1_588' title='bbox 672 4855 875 4926; x_wconf 80' lang='grc' dir='ltr'>Ἰησοῦς</span> <span class='ocrx_word' id='word_1_589' title='bbox 919 4852 1149 4926; x_wconf 78' lang='grc' dir='ltr'>Χριστὸς</span> <span class='ocrx_word' id='word_1_590' title='bbox 1188 4849 1431 4922; x_wconf 75' lang='grc' dir='ltr'>εἰσῆλθεν</span> <span class='ocrx_word' id='word_1_591' title='bbox 1480 4850 1556 4912; x_wconf 90' lang='grc' dir='ltr'>εἰς</span> <span class='ocrx_word' id='word_1_592' title='bbox 1596 4848 1687 4903; x_wconf 81' lang='grc' dir='ltr'><strong>τὸν</strong></span> 
     </span>
    </p>
   </div>
   <div class='ocr_carea' id='block_1_87' title="bbox 144 4950 850 5023">
    <p class='ocr_par' dir='ltr' id='par_1_87' title="bbox 144 4950 850 5023">
     <span class='ocr_line' id='line_1_88' title="bbox 144 4950 850 5023; baseline -0.001 -19"><span class='ocrx_word' id='word_1_593' title='bbox 144 4950 262 5020; x_wconf 86' lang='grc' dir='ltr'>βίον,</span> <span class='ocrx_word' id='word_1_594' title='bbox 292 4957 470 5007; x_wconf 85' lang='grc' dir='ltr'>σεῖσαι</span> <span class='ocrx_word' id='word_1_595' title='bbox 496 4952 598 5023; x_wconf 85' lang='grc' dir='ltr'>τὴν</span> <span class='ocrx_word' id='word_1_596' title='bbox 621 4950 850 5021; x_wconf 85' lang='grc' dir='ltr'>πλάνην.</span> 
     </span>
    </p>
   </div>
   <div class='ocr_carea' id='block_1_88' title="bbox 1925 4313 3210 4390">
    <p class='ocr_par' dir='ltr' id='par_1_88' title="bbox 1925 4313 3210 4390">
     <span class='ocr_line' id='line_1_89' title="bbox 1925 4313 3210 4390; baseline -0.005 -16"><span class='ocrx_word' id='word_1_597' title='bbox 1925 4318 2110 4375; x_wconf 89' lang='lat' dir='ltr'><strong>Sancti</strong></span> <span class='ocrx_word' id='word_1_598' title='bbox 2144 4319 2413 4390; x_wconf 80' lang='lat' dir='ltr'><strong>Hippolyti</strong></span> <span class='ocrx_word' id='word_1_599' title='bbox 2443 4335 2507 4390; x_wconf 65' lang='grc' dir='ltr'><strong>ες(</strong></span> <span class='ocrx_word' id='word_1_600' title='bbox 2548 4332 2795 4370; x_wconf 89' lang='lat' dir='ltr'><strong>sermone</strong></span> <span class='ocrx_word' id='word_1_601' title='bbox 2836 4316 2888 4369; x_wconf 93' lang='lat' dir='ltr'><strong>in</strong></span> <span class='ocrx_word' id='word_1_602' title='bbox 2926 4313 3210 4369; x_wconf 83' lang='lat' dir='ltr'><strong>exordium</strong></span> 
     </span>
    </p>
   </div>
   <div class='ocr_carea' id='block_1_89' title="bbox 2477 4388 2648 4443">
    <p class='ocr_par' dir='ltr' id='par_1_89' title="bbox 2477 4388 2648 4443">
     <span class='ocr_line' id='line_1_90' title="bbox 2477 4388 2648 4443; baseline -0.012 -2"><span class='ocrx_word' id='word_1_603' title='bbox 2477 4388 2648 4443; x_wconf 63' lang='lat' dir='ltr'><strong>Isaiae.</strong></span> 
     </span>
    </p>
   </div>
   <div class='ocr_carea' id='block_1_90' title="bbox 1858 4476 3349 4555">
    <p class='ocr_par' dir='ltr' id='par_1_90' title="bbox 1858 4476 3349 4555">
     <span class='ocr_line' id='line_1_91' title="bbox 1858 4476 3349 4555; baseline -0.005 -16"><span class='ocrx_word' id='word_1_604' title='bbox 1858 4484 2089 4555; x_wconf 70' lang='lat' dir='ltr'><strong>Egypto</strong></span> <span class='ocrx_word' id='word_1_605' title='bbox 2119 4483 2337 4552; x_wconf 83' lang='lat' dir='ltr'><strong>quidem</strong></span> <span class='ocrx_word' id='word_1_606' title='bbox 2385 4482 2647 4535; x_wconf 89' lang='lat' dir='ltr'><strong>mundum</strong></span> <span class='ocrx_word' id='word_1_607' title='bbox 2685 4479 3041 4547; x_wconf 86' lang='lat' dir='ltr'><strong>comparavit,</strong></span> <span class='ocrx_word' id='word_1_608' title='bbox 3096 4476 3349 4531; x_wconf 79' lang='lat' dir='ltr'><strong>manufa—</strong></span> 
     </span>
    </p>
   </div>
   <div class='ocr_carea' id='block_1_91' title="bbox 1790 4570 3347 4640">
    <p class='ocr_par' dir='ltr' id='par_1_91' title="bbox 1790 4570 3347 4640">
     <span class='ocr_line' id='line_1_92' title="bbox 1790 4570 3347 4640; baseline -0.008 -7"><span class='ocrx_word' id='word_1_609' title='bbox 1790 4578 1890 4634; x_wconf 91' lang='lat' dir='ltr'><strong>ctis</strong></span> <span class='ocrx_word' id='word_1_610' title='bbox 1922 4593 2052 4632; x_wconf 90' lang='lat' dir='ltr'><strong>vero</strong></span> <span class='ocrx_word' id='word_1_611' title='bbox 2086 4575 2465 4640; x_wconf 89' lang='lat' dir='ltr'><strong>idololatriam,</strong></span> <span class='ocrx_word' id='word_1_612' title='bbox 2503 4583 2659 4627; x_wconf 67' lang='lat' dir='ltr'><strong>terrm</strong></span> <span class='ocrx_word' id='word_1_613' title='bbox 2690 4572 2856 4625; x_wconf 92' lang='lat' dir='ltr'><strong>motui</strong></span> <span class='ocrx_word' id='word_1_614' title='bbox 2890 4570 3123 4639; x_wconf 87' lang='lat' dir='ltr'><strong>denique</strong></span> <span class='ocrx_word' id='word_1_615' title='bbox 3156 4570 3347 4623; x_wconf 86' lang='lat' dir='ltr'><strong>interi-</strong></span> 
     </span>
    </p>
   </div>
   <div class='ocr_carea' id='block_1_92' title="bbox 1789 4658 3345 4735">
    <p class='ocr_par' dir='ltr' id='par_1_92' title="bbox 1789 4658 3345 4735">
     <span class='ocr_line' id='line_1_93' title="bbox 1789 4658 3345 4735; baseline -0.01 -9"><span class='ocrx_word' id='word_1_616' title='bbox 1789 4680 1903 4726; x_wconf 87' lang='lat' dir='ltr'><strong>tum</strong></span> <span class='ocrx_word' id='word_1_617' title='bbox 1935 4678 1988 4723; x_wconf 91' lang='lat' dir='ltr'><strong>et</strong></span> <span class='ocrx_word' id='word_1_618' title='bbox 2013 4669 2345 4722; x_wconf 90' lang='lat' dir='ltr'><strong>eversionem</strong></span> <span class='ocrx_word' id='word_1_619' title='bbox 2370 4665 2539 4735; x_wconf 87' lang='lat' dir='ltr'><strong>ipsius</strong></span> <span class='ocrx_word' id='word_1_620' title='bbox 2568 4681 2581 4716; x_wconf 89' lang='lat'><strong>:</strong></span> <span class='ocrx_word' id='word_1_621' title='bbox 2606 4662 2893 4715; x_wconf 91' lang='lat' dir='ltr'><strong>Dominum</strong></span> <span class='ocrx_word' id='word_1_622' title='bbox 2919 4676 3080 4729; x_wconf 89' lang='lat' dir='ltr'><strong>porro</strong></span> <span class='ocrx_word' id='word_1_623' title='bbox 3110 4658 3345 4719; x_wconf 83' lang='lat' dir='ltr'><strong>Verbum</strong></span> 
     </span>
    </p>
   </div>
   <div class='ocr_carea' id='block_1_93' title="bbox 1790 4748 3348 4827">
    <p class='ocr_par' dir='ltr' id='par_1_93' title="bbox 1790 4748 3348 4827">
     <span class='ocr_line' id='line_1_94' title="bbox 1790 4748 3348 4827; baseline -0.01 -11"><span class='ocrx_word' id='word_1_624' title='bbox 1790 4761 1920 4816; x_wconf 86' lang='lat' dir='ltr'><strong>nubi</strong></span> <span class='ocrx_word' id='word_1_625' title='bbox 1945 4759 2067 4823; x_wconf 90' lang='lat' dir='ltr'><strong>levi,</strong></span> <span class='ocrx_word' id='word_1_626' title='bbox 2096 4756 2391 4827; x_wconf 91' lang='lat' dir='ltr'><strong>purissimo</strong></span> <span class='ocrx_word' id='word_1_627' title='bbox 2422 4752 2807 4817; x_wconf 87' lang='lat' dir='ltr'><strong>tabernaculo;</strong></span> <span class='ocrx_word' id='word_1_628' title='bbox 2845 4750 2897 4803; x_wconf 92' lang='lat' dir='ltr'><strong>in</strong></span> <span class='ocrx_word' id='word_1_629' title='bbox 2926 4766 3034 4818; x_wconf 86' lang='lat' dir='ltr'><strong>quo</strong></span> <span class='ocrx_word' id='word_1_630' title='bbox 3058 4748 3348 4802; x_wconf 77' lang='lat' dir='ltr'><strong>considens</strong></span> 
     </span>
    </p>
   </div>
   <div class='ocr_carea' id='block_1_94' title="bbox 1791 4842 3347 4911">
    <p class='ocr_par' dir='ltr' id='par_1_94' title="bbox 1791 4842 3347 4911">
     <span class='ocr_line' id='line_1_95' title="bbox 1791 4842 3347 4911; baseline -0.01 -4"><span class='ocrx_word' id='word_1_631' title='bbox 1791 4852 2052 4907; x_wconf 89' lang='lat' dir='ltr'><strong>Dominus</strong></span> <span class='ocrx_word' id='word_1_632' title='bbox 2082 4858 2265 4903; x_wconf 88' lang='lat' dir='ltr'><strong>noster</strong></span> <span class='ocrx_word' id='word_1_633' title='bbox 2293 4845 2451 4900; x_wconf 70' lang='lat' dir='ltr'><strong>Iesus</strong></span> <span class='ocrx_word' id='word_1_634' title='bbox 2480 4844 2751 4908; x_wconf 74' lang='lat' dir='ltr'><strong>Christus,</strong></span> <span class='ocrx_word' id='word_1_635' title='bbox 2785 4843 2840 4895; x_wconf 93' lang='lat' dir='ltr'><strong>in</strong></span> <span class='ocrx_word' id='word_1_636' title='bbox 2874 4843 3037 4895; x_wconf 89' lang='lat' dir='ltr'><strong>vitam</strong></span> <span class='ocrx_word' id='word_1_637' title='bbox 3069 4842 3347 4911; x_wconf 83' lang='lat' dir='ltr'><strong>ingressus</strong></span> 
     </span>
    </p>
   </div>
   <div class='ocr_carea' id='block_1_95' title="bbox 1791 4942 2586 5000">
    <p class='ocr_par' dir='ltr' id='par_1_95' title="bbox 1791 4942 2586 5000">
     <span class='ocr_line' id='line_1_96' title="bbox 1791 4942 2586 5000; baseline -0.015 0"><span class='ocrx_word' id='word_1_638' title='bbox 1791 4954 1875 5000; x_wconf 87' lang='lat' dir='ltr'><strong>est</strong></span> <span class='ocrx_word' id='word_1_639' title='bbox 1904 4952 1962 4997; x_wconf 91' lang='lat' dir='ltr'><strong>ut</strong></span> <span class='ocrx_word' id='word_1_640' title='bbox 1990 4954 2228 4996; x_wconf 85' lang='lat' dir='ltr'><strong>errorem</strong></span> <span class='ocrx_word' id='word_1_641' title='bbox 2256 4942 2586 4992; x_wconf 86' lang='lat' dir='ltr'><strong>concuteret.</strong></span> 
     </span>
    </p>
   </div>
   <div class='ocr_carea' id='block_1_96' title="bbox 1711 5036 1804 5096">
    <p class='ocr_par' dir='ltr' id='par_1_96' title="bbox 1711 5036 1804 5096">
     <span class='ocr_line' id='line_1_97' title="bbox 1711 5036 1804 5096; baseline -0.065 -1"><span class='ocrx_word' id='word_1_642' title='bbox 1711 5036 1804 5096; x_wconf 81' lang='lat' dir='ltr'><strong>IX.</strong></span> 
     </span>
    </p>
   </div>
   <div class='ocr_carea' id='block_1_97' title="bbox 144 5113 3345 5200">
    <p class='ocr_par' dir='ltr' id='par_1_97' title="bbox 144 5113 3345 5200">
     <span class='ocr_line' id='line_1_98' title="bbox 144 5113 3345 5200; baseline -0.007 -10"><span class='ocrx_word' id='word_1_643' title='bbox 144 5134 216 5190; x_wconf 70' lang='lat' dir='ltr'><strong>Es</strong></span> <span class='ocrx_word' id='word_1_644' title='bbox 240 5140 477 5193; x_wconf 79' lang='lat' dir='ltr'><strong>oratione</strong></span> <span class='ocrx_word' id='word_1_645' title='bbox 500 5136 729 5190; x_wconf 83' lang='lat' dir='ltr'><strong>secunda</strong></span> <span class='ocrx_word' id='word_1_646' title='bbox 751 5135 805 5187; x_wconf 80' lang='lat' dir='ltr'><strong>in</strong></span> <span class='ocrx_word' id='word_1_647' title='bbox 830 5132 1123 5187; x_wconf 84' lang='lat' dir='ltr'><strong>Danielem.</strong></span> <span class='ocrx_word' id='word_1_648' title='bbox 1148 5158 1219 5171; x_wconf 93' lang='lat'><strong>—</strong></span> <span class='ocrx_word' id='word_1_649' title='bbox 1242 5132 1393 5200; x_wconf 81' lang='lat' dir='ltr'><strong>Apud</strong></span> <span class='ocrx_word' id='word_1_650' title='bbox 1412 5130 1742 5184; x_wconf 84' lang='lat' dir='ltr'><strong>Eustratinm</strong></span> <span class='ocrx_word' id='word_1_651' title='bbox 1766 5127 2120 5199; x_wconf 82' lang='lat' dir='ltr'><strong>presbyterum</strong></span> <span class='ocrx_word' id='word_1_652' title='bbox 2140 5119 2249 5200; x_wconf 63' lang='grc' dir='ltr'><strong>ΟΡ.</strong></span> <span class='ocrx_word' id='word_1_653' title='bbox 2266 5122 2331 5200; x_wconf 55' lang='lat' dir='ltr'><strong>in</strong></span> <span class='ocrx_word' id='word_1_654' title='bbox 2358 5128 2588 5200; x_wconf 64' lang='lat' dir='ltr'><strong>tractatu</strong></span> <span class='ocrx_word' id='word_1_655' title='bbox 2601 5116 2993 5200; x_wconf 55' lang='lat' dir='ltr'><strong>Adversnseos</strong></span> <span class='ocrx_word' id='word_1_656' title='bbox 3019 5113 3345 5200; x_wconf 47' lang='lat' dir='ltr'><strong>quibdicunt,</strong></span> 
     </span>
    </p>
   </div>
   <div class='ocr_carea' id='block_1_98' title="bbox 202 5183 3349 5273">
    <p class='ocr_par' dir='ltr' id='par_1_98' title="bbox 202 5183 3349 5273">
     <span class='ocr_line' id='line_1_99' title="bbox 202 5183 3349 5273; baseline -0.007 -12"><span class='ocrx_word' id='word_1_657' title='bbox 202 5183 802 5273; x_wconf 57' lang='grc' dir='ltr'><strong>ὲιιῖἰῦιὶζὲῖἇῐιῆἶῖιῖᾇιὲἑ</strong></span> <span class='ocrx_word' id='word_1_658' title='bbox 824 5183 863 5273; x_wconf 66' lang='grc' dir='ltr'><em>ξ</em></span> <span class='ocrx_word' id='word_1_659' title='bbox 882 5183 1325 5272; x_wconf 55' lang='grc' dir='ltr'>ἐόέῇὀέάεοιιίιέυ</span> <span class='ocrx_word' id='word_1_660' title='bbox 1348 5183 1491 5268; x_wconf 81' lang='lat' dir='ltr'><strong>sunt,</strong></span> <span class='ocrx_word' id='word_1_661' title='bbox 1518 5217 1628 5273; x_wconf 84' lang='lat' dir='ltr'><strong>non</strong></span> <span class='ocrx_word' id='word_1_662' title='bbox 1657 5183 1891 5273; x_wconf 75' lang='lat' dir='ltr'><strong>operari,</strong></span> <span class='ocrx_word' id='word_1_663' title='bbox 1914 5183 2035 5256; x_wconf 77' lang='grc' dir='ltr'>ἕιο.,</span> <span class='ocrx_word' id='word_1_664' title='bbox 2065 5210 2181 5271; x_wconf 76' lang='lat' dir='ltr'><strong>cap.</strong></span> <span class='ocrx_word' id='word_1_665' title='bbox 2230 5192 2315 5243; x_wconf 68' lang='lat' dir='ltr'><strong>IS).</strong></span> <span class='ocrx_word' id='word_1_666' title='bbox 2355 5188 2651 5268; x_wconf 39' lang='lat' dir='ltr'><strong>Ex&#39;Allatio</strong></span> <span class='ocrx_word' id='word_1_667' title='bbox 2685 5186 2757 5239; x_wconf 88' lang='lat' dir='ltr'><strong>De</strong></span> <span class='ocrx_word' id='word_1_668' title='bbox 2776 5188 3070 5273; x_wconf 49' lang='lat' dir='ltr'><strong>llll‘I‘l‘IUStllle</strong></span> <span class='ocrx_word' id='word_1_669' title='bbox 3094 5183 3349 5239; x_wconf 58' lang='lat' dir='ltr'><strong>Ecclesia:</strong></span> 
     </span>
    </p>
   </div>
   <div class='ocr_carea' id='block_1_99' title="bbox 202 5255 2888 5354">
    <p class='ocr_par' dir='ltr' id='par_1_99' title="bbox 202 5255 2888 5354">
     <span class='ocr_line' id='line_1_100' title="bbox 202 5255 2888 5354; baseline -0.009 -22"><span class='ocrx_word' id='word_1_670' title='bbox 202 5255 1100 5354; x_wconf 61' lang='lat' dir='ltr'><strong>orientalis</strong></span> <span class='ocrx_word' id='word_1_671' title='bbox 1131 5255 1387 5342; x_wconf 79' lang='lat' dir='ltr'><strong>perpetua</strong></span> <span class='ocrx_word' id='word_1_672' title='bbox 1418 5255 1748 5342; x_wconf 43' lang='lat' dir='ltr'><strong>in&#39;dogma‘te</strong></span> <span class='ocrx_word' id='word_1_673' title='bbox 1774 5271 1840 5323; x_wconf 88' lang='lat' dir='ltr'><strong>de</strong></span> <span class='ocrx_word' id='word_1_674' title='bbox 1865 5255 2181 5338; x_wconf 81' lang='lat' dir='ltr'><strong>purgatorio</strong></span> <span class='ocrx_word' id='word_1_675' title='bbox 2207 5260 2584 5319; x_wconf 73' lang='lat' dir='ltr'><strong>consensione,</strong></span> <span class='ocrx_word' id='word_1_676' title='bbox 2612 5273 2733 5326; x_wconf 86' lang='lat' dir='ltr'><strong>pag.</strong></span> <span class='ocrx_word' id='word_1_677' title='bbox 2764 5255 2888 5319; x_wconf 68' lang='lat'><strong>492.</strong></span> 
     </span>
    </p>
   </div>
   <div class='ocr_carea' id='block_1_100' title="bbox 142 5361 1686 5437">
    <p class='ocr_par' dir='ltr' id='par_1_100' title="bbox 142 5361 1686 5437">
     <span class='ocr_line' id='line_1_101' title="bbox 142 5361 1686 5437; baseline -0.005 -15"><span class='ocrx_word' id='word_1_678' title='bbox 142 5370 288 5437; x_wconf 81' lang='grc' dir='ltr'>Λέγει</span> <span class='ocrx_word' id='word_1_679' title='bbox 355 5371 542 5424; x_wconf 88' lang='grc' dir='ltr'>τοίνυν</span> <span class='ocrx_word' id='word_1_680' title='bbox 607 5365 914 5437; x_wconf 74' lang='grc' dir='ltr'>Ἱππόλυτος</span> <span class='ocrx_word' id='word_1_681' title='bbox 958 5366 1001 5437; x_wconf 20' lang='grc' dir='ltr'>Αὸ</span> <span class='ocrx_word' id='word_1_682' title='bbox 1063 5364 1294 5437; x_wconf 74' lang='grc' dir='ltr'>μάρτυς</span> <span class='ocrx_word' id='word_1_683' title='bbox 1326 5361 1419 5437; x_wconf 51' lang='grc' dir='ltr'><strong>καὶ</strong></span> <span class='ocrx_word' id='word_1_684' title='bbox 1464 5363 1686 5437; x_wconf 58' lang='grc' dir='ltr'>ὲπίσκοτ</span> 
     </span>
    </p>
   </div>
   <div class='ocr_carea' id='block_1_101' title="bbox 200 5434 1689 5521">
    <p class='ocr_par' dir='ltr' id='par_1_101' title="bbox 200 5434 1689 5521">
     <span class='ocr_line' id='line_1_102' title="bbox 200 5434 1689 5521; baseline -0.006 -27"><span class='ocrx_word' id='word_1_685' title='bbox 200 5434 295 5504; x_wconf 57' lang='lat' dir='ltr'><strong>rio;</strong></span> <span class='ocrx_word' id='word_1_686' title='bbox 313 5511 338 5521; x_wconf 39' lang='grc' dir='ltr'><em>η</em></span> <span class='ocrx_word' id='word_1_687' title='bbox 360 5440 585 5511; x_wconf 81' lang='grc' dir='ltr'>Ῥώμης</span> <span class='ocrx_word' id='word_1_688' title='bbox 631 5440 689 5491; x_wconf 84' lang='grc' dir='ltr'>ὲν</span> <span class='ocrx_word' id='word_1_689' title='bbox 718 5435 793 5507; x_wconf 84' lang='grc' dir='ltr'><strong>τῷ</strong></span> <span class='ocrx_word' id='word_1_690' title='bbox 820 5434 1224 5507; x_wconf 85' lang='grc' dir='ltr'>δευτέρῳλόγῳ</span> <span class='ocrx_word' id='word_1_691' title='bbox 1253 5435 1330 5498; x_wconf 86' lang='grc' dir='ltr'><strong>είς</strong></span> <span class='ocrx_word' id='word_1_692' title='bbox 1361 5435 1450 5487; x_wconf 86' lang='grc' dir='ltr'><strong>τὸν</strong></span> <span class='ocrx_word' id='word_1_693' title='bbox 1491 5434 1689 5504; x_wconf 83' lang='grc' dir='ltr'>Δανιὴλ</span> 
     </span>
    </p>
   </div>
   <div class='ocr_carea' id='block_1_102' title="bbox 195 5527 437 5566">
    <p class='ocr_par' dir='ltr' id='par_1_102' title="bbox 195 5527 437 5566">
     <span class='ocr_line' id='line_1_103' title="bbox 195 5527 437 5566; baseline -0.012 0"><span class='ocrx_word' id='word_1_694' title='bbox 195 5527 437 5566; x_wconf 83' lang='grc' dir='ltr'>τοιαυτα·</span> 
     </span>
    </p>
   </div>
   <div class='ocr_carea' id='block_1_103' title="bbox 196 5592 1688 5673">
    <p class='ocr_par' dir='ltr' id='par_1_103' title="bbox 196 5592 1688 5673">
     <span class='ocr_line' id='line_1_104' title="bbox 196 5592 1688 5673; baseline -0.008 -17"><span class='ocrx_word' id='word_1_695' title='bbox 196 5602 325 5655; x_wconf 87' lang='grc' dir='ltr'>Τότε</span> <span class='ocrx_word' id='word_1_696' title='bbox 372 5602 475 5673; x_wconf 76' lang='grc' dir='ltr'>μὲν</span> <span class='ocrx_word' id='word_1_697' title='bbox 506 5592 597 5653; x_wconf 83' lang='grc' dir='ltr'><strong>οῦν</strong></span> <span class='ocrx_word' id='word_1_698' title='bbox 629 5596 828 5661; x_wconf 74' lang='grc' dir='ltr'>συστὰς</span> <span class='ocrx_word' id='word_1_699' title='bbox 866 5595 1120 5667; x_wconf 81' lang='grc' dir='ltr'>Ἀζαρίας</span> <span class='ocrx_word' id='word_1_700' title='bbox 1157 5594 1272 5664; x_wconf 77' lang='grc' dir='ltr'><strong>ἅμα</strong></span> <span class='ocrx_word' id='word_1_701' title='bbox 1309 5596 1421 5658; x_wconf 90' lang='grc' dir='ltr'>τοῖς</span> <span class='ocrx_word' id='word_1_702' title='bbox 1452 5593 1688 5655; x_wconf 86' lang='grc' dir='ltr'>λοιποῖς,</span> 
     </span>
    </p>
   </div>
   <div class='ocr_carea' id='block_1_104' title="bbox 1792 5345 3346 5426">
    <p class='ocr_par' dir='ltr' id='par_1_104' title="bbox 1792 5345 3346 5426">
     <span class='ocr_line' id='line_1_105' title="bbox 1792 5345 3346 5426; baseline -0.01 -11"><span class='ocrx_word' id='word_1_703' title='bbox 1792 5360 1883 5414; x_wconf 88' lang='lat' dir='ltr'><strong>Ait</strong></span> <span class='ocrx_word' id='word_1_704' title='bbox 1915 5372 2044 5426; x_wconf 72' lang='lat' dir='ltr'><strong>ergo</strong></span> <span class='ocrx_word' id='word_1_705' title='bbox 2090 5352 2407 5421; x_wconf 79' lang='lat' dir='ltr'><strong>Hippolytus</strong></span> <span class='ocrx_word' id='word_1_706' title='bbox 2458 5347 3086 5426; x_wconf 40' lang='lat' dir='ltr'><strong>martyrﬁetepiscopus</strong></span> <span class='ocrx_word' id='word_1_707' title='bbox 3124 5345 3346 5413; x_wconf 62' lang='lat' dir='ltr'><strong>Romae,</strong></span> 
     </span>
    </p>
   </div>
   <div class='ocr_carea' id='block_1_105' title="bbox 2034 5416 3106 5481">
    <p class='ocr_par' dir='ltr' id='par_1_105' title="bbox 2034 5416 3106 5481">
     <span class='ocr_line' id='line_1_106' title="bbox 2034 5416 3106 5481; baseline -0.008 -3"><span class='ocrx_word' id='word_1_708' title='bbox 2034 5416 2538 5479; x_wconf 53' lang='lat' dir='ltr'><strong>oratidiie&#39;secunda</strong></span> <span class='ocrx_word' id='word_1_709' title='bbox 2576 5416 2628 5471; x_wconf 86' lang='lat' dir='ltr'><strong>in</strong></span> <span class='ocrx_word' id='word_1_710' title='bbox 2662 5416 2955 5481; x_wconf 88' lang='lat' dir='ltr'><strong>Danielem,</strong></span> <span class='ocrx_word' id='word_1_711' title='bbox 2988 5417 3106 5471; x_wconf 89' lang='lat' dir='ltr'><strong>sic:</strong></span> 
     </span>
    </p>
   </div>
   <div class='ocr_carea' id='block_1_106' title="bbox 1865 5575 3351 5647">
    <p class='ocr_par' dir='ltr' id='par_1_106' title="bbox 1865 5575 3351 5647">
     <span class='ocr_line' id='line_1_107' title="bbox 1865 5575 3351 5647; baseline -0.009 -4"><span class='ocrx_word' id='word_1_712' title='bbox 1865 5587 2019 5643; x_wconf 81' lang='lat' dir='ltr'><strong>Tunc</strong></span> <span class='ocrx_word' id='word_1_713' title='bbox 2053 5599 2180 5639; x_wconf 88' lang='lat' dir='ltr'><strong>vero</strong></span> <span class='ocrx_word' id='word_1_714' title='bbox 2215 5591 2367 5637; x_wconf 87' lang='lat' dir='ltr'><strong>stans</strong></span> <span class='ocrx_word' id='word_1_715' title='bbox 2394 5579 2619 5633; x_wconf 84' lang='lat' dir='ltr'><strong>Azarias</strong></span> <span class='ocrx_word' id='word_1_716' title='bbox 2654 5594 2775 5633; x_wconf 88' lang='lat' dir='ltr'><strong>cum</strong></span> <span class='ocrx_word' id='word_1_717' title='bbox 2810 5576 3041 5641; x_wconf 60' lang='lat' dir='ltr'><strong>caeteris,</strong></span> <span class='ocrx_word' id='word_1_718' title='bbox 3066 5575 3268 5647; x_wconf 85' lang='lat' dir='ltr'><strong>hymno</strong></span> <span class='ocrx_word' id='word_1_719' title='bbox 3298 5586 3351 5630; x_wconf 92' lang='lat' dir='ltr'><strong>et</strong></span> 
     </span>
    </p>
   </div>
   <div class='ocr_carea' id='block_1_107' title="bbox 136 5666 1681 5764">
    <p class='ocr_par' dir='ltr' id='par_1_107' title="bbox 136 5666 1681 5764">
     <span class='ocr_line' id='line_1_108' title="bbox 136 5666 1681 5764; baseline -0.005 -20"><span class='ocrx_word' id='word_1_720' title='bbox 136 5692 194 5745; x_wconf 77' lang='grc' dir='ltr'>δι’</span> <span class='ocrx_word' id='word_1_721' title='bbox 223 5666 393 5764; x_wconf 71' lang='grc' dir='ltr'>ὕμνου</span> <span class='ocrx_word' id='word_1_722' title='bbox 428 5691 529 5745; x_wconf 74' lang='grc' dir='ltr'>καὶ</span> <span class='ocrx_word' id='word_1_723' title='bbox 553 5690 715 5761; x_wconf 82' lang='grc' dir='ltr'>εὐχῆς</span> <span class='ocrx_word' id='word_1_724' title='bbox 752 5688 1166 5762; x_wconf 77' lang='grc' dir='ltr'>ὲξομολογοῦντο</span> <span class='ocrx_word' id='word_1_725' title='bbox 1189 5686 1268 5759; x_wconf 86' lang='grc' dir='ltr'>τῷ</span> <span class='ocrx_word' id='word_1_726' title='bbox 1300 5685 1418 5757; x_wconf 79' lang='grc' dir='ltr'>θεῷ</span> <span class='ocrx_word' id='word_1_727' title='bbox 1444 5685 1503 5739; x_wconf 79' lang='grc' dir='ltr'>ὲν</span> <span class='ocrx_word' id='word_1_728' title='bbox 1544 5683 1681 5755; x_wconf 63' lang='grc' dir='ltr'>μέσᾳ</span> 
     </span>
    </p>
   </div>
   <div class='ocr_carea' id='block_1_108' title="bbox 1795 5666 3344 5764">
    <p class='ocr_par' dir='ltr' id='par_1_108' title="bbox 1798 5666 3344 5751">
     <span class='ocr_line' id='line_1_109' title="bbox 1798 5666 3344 5751; baseline -0.01 -14"><span class='ocrx_word' id='word_1_729' title='bbox 1798 5681 2046 5751; x_wconf 87' lang='lat' dir='ltr'><strong>precibus</strong></span> <span class='ocrx_word' id='word_1_730' title='bbox 2074 5676 2240 5732; x_wconf 88' lang='lat' dir='ltr'><strong>Deum</strong></span> <span class='ocrx_word' id='word_1_731' title='bbox 2271 5672 2563 5728; x_wconf 86' lang='lat' dir='ltr'><strong>laudabant</strong></span> <span class='ocrx_word' id='word_1_732' title='bbox 2600 5670 2653 5723; x_wconf 89' lang='lat' dir='ltr'><strong>in</strong></span> <span class='ocrx_word' id='word_1_733' title='bbox 2686 5668 2863 5724; x_wconf 88' lang='lat' dir='ltr'><strong>medio</strong></span> <span class='ocrx_word' id='word_1_734' title='bbox 2890 5666 3141 5723; x_wconf 79' lang='lat' dir='ltr'><strong>fornacis.</strong></span> <span class='ocrx_word' id='word_1_735' title='bbox 3178 5666 3344 5722; x_wconf 55' lang='lat' dir='ltr'><strong>Exorv</strong></span> 
     </span>
    </p>
   </div>
   <div class='ocr_carea' id='block_1_109' title="bbox 198 5806 734 5868">
    <p class='ocr_par' dir='ltr' id='par_1_109' title="bbox 198 5806 734 5868">
     <span class='ocr_line' id='line_1_110' title="bbox 198 5806 734 5868; baseline -0.009 -3"><span class='ocrx_word' id='word_1_736' title='bbox 198 5808 402 5865; x_wconf 72' lang='lat' dir='ltr'><strong>&quot;Psal.</strong></span> <span class='ocrx_word' id='word_1_737' title='bbox 439 5822 648 5868; x_wconf 71' lang='lat' dir='ltr'><strong>sum.</strong></span> <span class='ocrx_word' id='word_1_738' title='bbox 681 5806 734 5861; x_wconf 87' lang='lat'><strong>5.</strong></span> 
     </span>
    </p>
   </div>
  </div>
