3862 6504
483 319 585 372 867
1191 319 1250 374 S.
1293 317 1654 374 HlPPOLYTl
1681 317 1835 376 OPP.
1873 317 2060 374 PARS
2095 317 2159 374 ll.
2201 345 2270 360 --
2305 317 2609 374 DOGMAT.
2653 317 2742 374 ΕΤ
2781 317 3126 376 HISTORIC.
3623 317 3701 372 868

482 431 634 486 dium
677 430 862 501 itaque
895 430 1154 488 ducentes
1189 447 1220 486 a
1251 441 1463 499 sancto,
1495 433 1732 503 glorioso
1759 442 1813 487 et
1839 433 2046 503 magni-

2173 432 2256 504 τῆς
2283 432 2532 504 καμίνου.
2583 431 2900 504 Ἀρξάμενοι
2927 428 3020 486 οὖν
3055 434 3162 486 ἀπὸ
3189 431 3282 487 τοῦ
3311 433 3464 502 ἁγίου
3507 434 3606 487 καὶ
3637 436 3702 488 ὲν-

481 521 590 577 ﬁco
617 523 854 590 nomine,
896 523 966 578 ad
1001 524 1116 593 ipsa
1145 522 1362 578 Domini
1391 539 1556 593 opera
1599 523 1966 590 devenerunt;
2000 533 2046 580 et

2173 523 2304 588 ἱόξου
2331 523 2426 578 καὶ
2465 522 2911 595 μεγαλοπρεποῦς
2937 525 3220 596 ὀνόματος,
3259 523 3422 596 ἦλθον
3463 527 3558 580 ἐπ’
3595 527 3703 580 αὐτὰ

480 618 717 686 primum
763 616 980 686 quidem
1033 617 1270 672 ctelestia
1327 617 1740 686 compellantes,
1786 616 2046 686 gloriﬁca-

2173 616 2222 670 τὰ
2245 615 2381 688 ἔργα
2411 615 2502 670 τοῦ
2527 615 2750 688 Κυρίου,
2783 605 2996 690 πρῶτον
3021 618 3090 671 τὰ
3113 619 3410 689 ἐπουράνια
3437 619 3704 688 ὀνομάζον-

449 708 612 762 ·Βοηι
644 707 920 762 dicentes:
961 725 980 759 ι
1019 706 1352 770 Benedicite,
1389 707 1572 760 omnia
1609 721 1772 775 Opera
1807 705 2046 769 Domini,

2173 727 2266 772 reg,
2312 709 2406 762 καὶ
2434 707 2678 774 ἐδόξαζον
2709 709 2956 778 λέγοντες
2975 727 2988 742 ·
3045 730 3064 762 ‹
3099 712 3405 780 Εὐλογεῖτε,
3448 714 3629 766 πάντα
3654 713 3701 764 τὰ

481 799 713 854 Domino
753 800 818 854 “.
853 818 872 850 ι
925 798 1049 854 Post
1090 799 1205 853 haac
1245 799 1312 852 ad
1353 799 1491 852 ﬁlios
1513 798 1793 851 hominum
1839 797 2046 852 descen-

2173 798 2296 870 ἔργα
2337 799 2562 870 Κυρίου,
2603 799 2693 852 τὸν
2737 799 2960 870 Κύριον.
2997 819 3016 852 ι
3058 803 3289 855 Ἔπειτα
3329 803 3596 874 μετῆλθον
3635 803 3702 854 ἐπὶ

480 893 700 955 derunt,
736 905 900 962 atque
923 892 1218 946 ordinatim
1247 892 1506 962 hymnum
1541 891 1873 952 emittentes,
1907 891 2046 944 dein-

2173 891 2284 952 τοὺς
2312 889 2460 952 υἱοὺς
2485 889 2593 942 τῶν
2619 889 2940 960 ἀνθρώπων,
2973 891 3067 944 καὶ
3097 892 3238 945 κατά
3265 891 3415 956 τάξιν
3443 893 3538 945 τὸν
3565 891 3701 962 ὕμνον

491 1001 618 1054 ceps
663 985 1050 1038 subterraneos
1091 983 1428 1037 advocarunt
1471 983 1695 1052 spiritus
1741 981 2055 1051 angelorum

480 1082 572 1150 qui
603 1089 806 1134 tartara
845 1089 1050 1142 tenent,
1070 1079 1454 1150 iustorumque
1503 1079 1734 1142 animas,
1765 1085 1825 1131 ut
1855 1087 2055 1130 etcum

481 1173 588 1228 illis
621 1175 844 1230 insimul
875 1175 1088 1229 divinas
1117 1174 1304 1228 laudes
1334 1172 1703 1228 concinerent.
1936 1155 1944 1166 ’

2157 982 2538 1052 ἀναφέροντες,
2568 981 2760 1034 ἔπειτα
2791 981 2858 1034 τά
2884 984 3210 1053 καταχθόνια
3238 984 3528 1056 ὠνόμασαν
3571 985 3702 1038 πνεύ-

2160 1091 2302 1144 ματα
2331 1071 2710 1144 ταρταρούχων
2744 1073 2988 1141 ἀγγέλων
3023 1077 3114 1126 καὶ
3143 1075 3322 1146 ψυχάς
3361 1075 3612 1140 δικαίων,
3637 1077 3702 1130 ἵνα

2157 1165 2249 1216 καὶ
2271 1163 2420 1216 αὐτοὶ
2455 1163 2548 1215 σὺν
2579 1162 2760 1225 αὐτοῖς
2787 1163 2876 1215 τὸν
2902 1164 3033 1216 Θεὸν
3062 1165 3322 1236 ὑμνῶσιν.

729 1381 814 1434 Ea:
849 1381 1086 1434 oratione
1115 1380 1188 1435 De
1221 1379 1606 1434 distributione
1649 1379 2000 1434 talentorum.
2036 1405 2108 1415 —
2137 1370 2287 1440 Apud
2333 1369 2705 1425 Theodoritum
2785 1371 2922 1426 Dial.
2949 1369 3012 1436 ll,
3047 1371 3178 1426 ibid.
3227 1388 3346 1441 pag.
3383 1371 3470 1426 88.

483 1471 670 1528 Sancti
701 1472 974 1543 Hippolyti
1007 1473 1248 1541 episcopi
1288 1483 1342 1526 et
1377 1473 1664 1542 martyris,
1704 1487 1768 1526 ex
1807 1471 2054 1525 oratione

843 1543 919 1596 De
943 1543 1309 1596 distributione
1341 1543 1679 1596 talentorum.

557 1753 669 1808 Hos
697 1761 876 1807 autem
905 1759 957 1806 et
986 1766 1082 1806 eos
1108 1749 1194 1820 qui
1229 1750 1380 1804 aliter
1399 1749 1660 1813 sentiunt,
1690 1748 1884 1802 dixerit
1904 1747 2056 1816 quis-

481 1848 626 1919 piam
653 1848 707 1900 in
735 1847 900 1901 simili
925 1859 1110 1898 errore
1131 1843 1356 1898 versari.
1377 1841 1509 1896 Nam
1530 1851 1583 1896 et
1613 1842 1710 1904 illi,
1740 1842 1820 1894 vel
1844 1841 2047 1894 nudum

481 1941 760 1995 hominem
797 1939 1123 1994 conﬁtentur
1151 1935 1470 2006 apparuisse
1499 1935 1776 1990 Christum
1799 1936 1848 1986 in
1881 1943 2047 1996 terra,

479 2033 780 2088 divinitatis
807 2032 923 2100 ejus
949 2031 1208 2084 talentum
1239 2039 1532 2100 negantes;
1563 2027 1647 2080 vel
1683 2026 1848 2080 Deum
1881 2026 2051 2080 conli-

483 2133 678 2187 tentes,
711 2123 986 2176 hominem
1023 2137 1216 2176 rursus
1249 2131 1466 2190 negant.
1498 2121 1754 2174 docentes
1784 2134 1908 2172 eum
1951 2117 2051 2170 fal-

478 2217 582 2272 laci
607 2215 786 2286 specie
812 2216 1174 2284 spectantium
1203 2215 1377 2270 oculis
1410 2215 1674 2276 illusisse,
1703 2228 1826 2266 cum
1871 2211 2050 2266 homi-

479 2325 604 2364 nem
633 2324 741 2362 non
767 2307 1074 2377 gestaverit,
1105 2307 1198 2361 sed
1233 2308 1392 2360 inane
1421 2307 1604 2376 potius
1635 2315 1906 2374 spcctrum
1937 2303 2052 2357 fue—

477 2403 580 2456 rit:
608 2402 748 2456 sicut
767 2399 1008 2454 Marcion
1033 2409 1085 2454 et
1107 2398 1426 2454 Valentinus
1450 2409 1501 2453 et
1521 2398 1784 2462 Gnostici,
1811 2397 2046 2451 Verbum

478 2511 506 2548 ο
535 2510 701 2548 carne
727 2494 1064 2558 divellentes,
1094 2493 1358 2546 talentum
1389 2507 1579 2558 unum,
1606 2491 1710 2546 hoc
1735 2499 1838 2557 est,
1869 2491 2050 2546 incar-

477 2587 753 2641 nationem
785 2585 1066 2654 abjieiunt.

2053 2803 2145 2858 Xl.

2153 1463 2260 1518 Τοῦ
2292 1465 2445 1534 άγίου
2488 1463 2806 1519 Ἱππολύτου
2837 1465 3133 1517 ἐπισκόπου
3168 1466 3259 1517 καὶ
3303 1465 3613 1534 μάρτυρος,
3653 1466 3698 1518 ἐκ

2221 1533 2314 1586 τοῦ
2363 1534 2576 1616 ,λόγουν
2607 1535 2701 1588 τοῦ
2759 1539 2862 1602 Εις
2917 1535 3030 1603 τὴν
3079 1535 3198 1588 τῶν·
3251 1533 3566 1588 ταλάντων
3601 1535 3698 1589 δια-

2224 1621 2335 1672 νομ
2346 1621 2438 1668 ην.

2221 1695 2456 1758 Τούτους
2493 1696 2672 1750 δὲκαὶ
2719 1698 2842 1762 τοὺς
2879 1697 3241 1769 ἐτεροδὸξους,
3273 1698 3500 1768 φήσειεν
3547 1697 3608 1750 ἄν
3637 1713 3698 1760 τις

2152 1791 2412 1860 γειτνιᾷν,
2459 1789 2856 1860 σφαλλομένους
2891 1789 3316 1861 παραπλησίως·
3367 1790 3464 1842 καὶ
3489 1789 3598 1858 γὰρ
3623 1790 3698 1840 κά-

2151 1883 2340 1942 κεῖνοι,
2392 1881 2510 1950 ἦτοι
2563 1881 2714 1958 χιλὸν
2744 1881 3026 1953 ἄνθρωπον
3063 1880 3380 1951 ὁμολογοῦσι
3429 1881 3698 1946 stagnanti-+1;

2149 1969 2238 2022 τὸν
2267 1971 2496 2039 Χριστὸν
2529 1959 2607 2034 εἰς
2630 1972 2720 2024 τὸν
2759 1971 2890 2041 βίον,
2935 1973 3033 2042 τῆς
3061 1972 3312 2044 Οεότητος
3339 1972 3504 2026 αὑτοῦ
3532 1973 3590 2024 τὸ
3623 1973 3696 2025 τά·

2149 2059 2337 2114 λαντον
2386 2062 2738 2134 ἀρνούμενοι·
2775 2065 2889 2134 ἦτοι
2911 2104 2925 2126 ,
2977 2065 3066 2116 τὸν
3117 2065 3246 2120 Θεὲιν
3303 2064 3694 2134 ὁμολογοῦντες,

2151 2155 2456 2228 ἀναίνονται
2505 2155 2664 2210 πάλιν
2709 2155 2799 2210 τὸν
2857 2156 3162 2226 ἄνθρωπον,
3223 2157 3696 2225 πεφαντασιι-ικένίιι

2157 2248 2494 2311 διδάσκοντες
2525 2248 2620 2310 τὰς
2653 2248 2800 2316 ὄψεις
2848 2247 3026 2300 αὐτῶν
3053 2248 3160 2300 τῶν
3195 2249 3506 2318 θεωμένων,
3535 2251 3606 2312 ὡς
3629 2253 3696 2304 ἰν-

2159 2339 2394 2411 θρωπον,
2422 2341 2482 2392 οὑ
2517 2340 2820 2410 φορέσαντα
2845 2339 3150 2410 ἄνθρωπον,
3181 2341 3314 2394 ἀλλὰ
3343 2342 3564 2410 δόκησίν
3603 2358 3698 2394 τινα

2079 2451 2123 2506 Β
2155 2434 2488 2506 φασματὼδη
2514 2435 2710 2505 μᾶλλον
2739 2434 3018 2502 γεγονέναι
3037 2451 3050 2463 ο
3089 2429 3200 2487 οἷον
3231 2433 3420 2508 ὥσπερ
3443 2437 3693 2508 Μαρκίων,

2147 2521 2242 2580 καὶ
2284 2526 2630 2590 Οὑαλεντῖνος
2671 2527 2762 2580 καὶ
2793 2527 2841 2580 οἱ
2889 2527 3178 2578 Γνωστικοὶ
3224 2527 3324 2596 τῆς
3354 2527 3550 2598 σαρκὸς
3590 2529 3698 2580 ἁπο-

2152 2617 2484 2681 διασπῶντες
2508 2619 2596 2670 τὸν
2631 2618 2822 2687 Λόγον,
2857 2619 2918 2670 τὸ
2945 2617 3002 2670 ἓν
3031 2617 3308 2680 τάλαντον,
3331 2619 3696 2672 ἀποϐάλλονται

2148 2709 2246 2780 τὴν
2273 2709 2434 2763 ὲνανθ
2444 2707 2709 2781 ρώπησιν.

479 2898 565 2952 Ea:
603 2914 839 2952 sermone
891 2897 966 2953 De
1025 2897 1240 2954 duobus
1290 2895 1619 2951 latronibus.
1656 2897 1901 2966 —-—Apud
1929 2913 2046 3020 ⁸ξιᾍη

1921 2985 1938 3020 ι
1977 2985 1990 3020 i
2037 3007 2046 3020 .

2173 2913 2186 2947 ι
2235 2895 2607 3020 ἷζιιὲοάονίιωη
2677 2895 2811 2952 Dial.
2844 2896 2934 2958 ΙΙΙ,
2973 2897 3066 2967 qui
3108 2895 3352 2968 ’Ᾱπαθής
3393 2897 3690 2954 inscribitur.

2180 3006 2192 3020 ο
2283 2987 2313 3018 ὒ
2355 3007 2367 3020 .
3567 2985 3576 2992 ⁵

1921 2983 2050 3020 una.
2071 2983 2192 3037 pag.
2247 2983 2367 3020 too.
3567 2985 3576 2992 ·

586 3061 862 3132 Ejusdem,
893 3077 954 3116 ex
992 3075 1240 3114 sermone
1277 3059 1350 3112 De
1375 3058 1576 3112 duobus
1608 3059 1925 3113 latronibus.

553 3177 856 3246 Utrumque
889 3175 1094 3229 mundo
1127 3173 1357 3242 praebuit
1403 3173 1618 3228 Domini
1664 3189 1886 3243 corpus,
1917 3187 2046 3228 sau-

479 3275 695 3344 guinem
729 3286 945 3326 sacrum
977 3277 1032 3323 et
1065 3285 1262 3338 aquam
1295 3275 1564 3322 sanetam.

829 3383 1106 3453 Ejusdem,
1135 3399 1198 3436 ea:
1227 3382 1406 3436 eodem
1433 3395 1686 3436 sermone.

551 3497 618 3552 Et
665 3512 884 3567 corpus,
933 3497 1186 3565 quamvis
1229 3496 1468 3550 humano
1522 3509 1674 3548 more
1731 3501 2046 3559 mortuum,

479 3605 734 3659 magnam
775 3589 829 3642 in
863 3604 922 3642 se
953 3589 1078 3642 vita:
1109 3588 1216 3640 vim
1253 3589 1433 3642 habet.
1466 3587 1598 3652 Qum
1635 3587 1780 3641 enim
1809 3603 1876 3640 ex
1903 3601 2051 3638 mor-

481 3685 590 3738 tuis
622 3681 942 3752 corporibus
987 3697 1094 3735 non
1135 3680 1431 3751 proﬂuunt,
1465 3695 1530 3732 ex
1565 3679 1682 3748 ipso
1721 3687 2046 3740 manarunt,

481 3774 706 3845 sanguis
743 3781 798 3827 et
830 3789 970 3843 aqua
1000 3789 1014 3826 ι
1050 3781 1110 3825 ut
1159 3772 1425 3826 sciremus
1467 3778 1730 3840 quantum
1768 3769 1835 3822 ad
1879 3771 2046 3822 vitam

479 3868 658 3922 valeat
699 3875 940 3937 potestas
982 3881 1103 3935 qua:
1137 3865 1189 3918 in
1233 3878 1462 3932 corpore
1511 3861 1808 3928 habitavit;
1846 3869 1904 3914 ut
1946 3875 2048 3914 nec

2217 3057 2322 3110 Τοῦ
2354 3057 2538 3121 αὑτοῦ,
2567 3060 2631 3112 ὲκ
2656 3057 2748 3112 τοῦ
2783 3058 2940 3128 λόγου
2972 3061 3073 3124 Εἰς
3108 3058 3251 3124 τοὺς
3271 3057 3381 3112 δύο
3408 3057 3643 3128 λῃστάς.

2237 3175 2542 3247 Ἀμφότερα
2562 3175 2802 3246 παρέσχε
2829 3175 2888 3227 τὸ
2903 3174 2994 3227 τοῦ
3020 3173 3224 3245 Κυρίου
3243 3173 3401 3244 σῶμα
3418 3175 3490 3246 τῷ
3513 3173 3692 3244 κόσμῳ,

2151 3263 2290 3338 αἷμα
2313 3268 2375 3320 τὸ
2407 3268 2572 3337 ἱερὸν,
2603 3268 2698 3320 καὶ
2725 3267 2868 3338 ὕδωρ
2901 3267 2960 3320 τὸ
2989 3267 3162 3335 ἅγιον.

2429 3377 2538 3432 Τοῦ
2569 3377 2776 3440 αὐτοῦ,
2809 3378 2877 3431 ἐκ
2905 3377 3011 3431 τοῦ
3037 3375 3222 3430 αὐτοῦ
3248 3379 3453 3445 λόγου.

2220 3491 2331 3546 Καὶ
2361 3490 2553 3562 νεκρόν
2579 3508 2639 3544 τε
2686 3489 2748 3543 ὃν
2787 3491 2848 3544 τὸ
2897 3491 3054 3561 σῶμα
3089 3490 3229 3544 κατὰ
3257 3492 3348 3544 τὸν
3391 3489 3692 3562 ἀνθρώπινον

2153 3585 2370 3656 τρόπον,
2398 3584 2637 3655 μεγάλην
2661 3583 2772 3654 ἔχει
2793 3583 2938 3654 ζωῆς
2968 3586 3024 3636 ἐν
3051 3585 3198 3656 αὐτῷ
3221 3583 3472 3654 δύναμιν.
3529 3585 3588 3634 Ἀ
3604 3583 3694 3650 γάρ

2154 3677 2214 3732 οὐ
2251 3680 2530 3750 προχεῖται
2561 3677 2668 3730 τῶν
2701 3677 2908 3748 νεκρῶν
2938 3677 3232 3748 σωμάτων,
3265 3676 3434 3730 ταῦτα
3469 3677 3524 3741 ἐξ
3555 3671 3696 3728 αὑτοῦ

2156 3771 2444 3843 προεχέοη,
2484 3765 2620 3842 αἷμά
2648 3789 2706 3824 τε
2744 3773 2837 3826 καὶ
2867 3771 3040 3843 ὕδωρ
3079 3772 3144 3824 ἵν’
3172 3771 3444 3842 εἰδείημεν
3472 3771 3634 3842 ἡλίκον
3663 3769 3692 3836 ἠ

2154 3859 2618 3931 κατασκηνώσασα
2676 3862 2902 3934 δύναμις
2949 3865 3004 3916 ὲν
3043 3863 3118 3934 τῷ
3146 3861 3356 3934 σώματι
3411 3863 3538 3936 πρὸς
3575 3857 3692 3929 ζωὴν

481 3961 661 4030 ipsum
699 3959 876 4014 simile
909 3959 1032 4014 aliis
1067 3958 1296 4012 cadaver
1339 3957 1608 4022 videatur,
1644 3962 1700 4008 et
1725 3955 1883 4008 nobis
1925 3955 2046 4008 vita:

2173 3954 2396 4016 ῑύναται,
2439 3955 2512 4010 ὡς
2541 3955 2614 4026 μή
2646 3972 2705 4006 τε
2737 3955 2866 4008 αὐτὸ
2886 3957 2998 4018 τοῖς
3024 3955 3202 4019 ἄλλοις
3229 3957 3414 4026 ὅμοιον
3445 3953 3692 4024 φαίνεσθαι

481 4065 680 4106 causas
703 4051 874 4120 possit
904 4047 1206 4104 effundere.

835 4162 1110 4226 Ejusdem,
1142 4176 1207 4214 ea:
1230 4161 1405 4214 eodem
1429 4176 1682 4214 sermone.

553 4274 674 4329 Non
707 4273 1068 4344 confringitur
1109 4289 1172 4328 os
1211 4273 1384 4328 sancti
1413 4273 1583 4342 Agni;
1626 4271 1944 4326 ostendente
1989 4269 2054 4323 li-

485 4385 642 4440 gura,
687 4369 994 4438 passionem
1031 4383 1136 4420 non
1178 4367 1442 4436 attingere
1484 4366 1762 4420 virtutem.
1797 4364 2054 4435 Corporis

485 4462 632 4516 enim
662 4463 835 4514 virtus
867 4467 996 4512 sunt
1025 4472 1175 4512 ossa.

485 4617 620 4632 —

909 4713 1100 4825 EX
1183 4710 1558 4824 ALllS
1637 4711 1754 4823 S.
1841 4711 2610 4825 HlPPOLYTI
2693 4711 3341 4876 SCRIPTIS

2155 4047 2369 4118 νεκρὸν,
2416 4048 2546 4116 ἡμῖν
2579 4047 2635 4100 δὲ
2667 4045 2734 4100 τὰ
2759 4047 2903 4118 ζωῆς
2933 4049 3078 4100 αἴτια
3105 4051 3328 4120 προχεῖν
3359 4047 3614 4101 δύνασθαι.

2421 4160 2530 4224 τοῦ
2558 4159 2763 4224 αὑτοῦ,
2791 4160 2858 4213 ἐκ
2887 4159 2992 4214 τοῦ
3021 4161 3205 4215 αὐτοῦ
3235 4162 3446 4232 λόγου.

2227 4273 2303 4326 Οὐ
2334 4272 2676 4343 συντρίϐεται
2699 4273 2754 4326 δὲ
2777 4273 2964 4326 ὀστοῦν
2989 4273 3081 4326 τοῦ
3107 4273 3266 4342 ἁγίου
3292 4273 3577 4346 Προϐάτου,
3598 4269 3694 4322 Bato

2157 4363 2380 4427 κνύντος
2421 4363 2515 4416 τοῦ
2555 4363 2726 4417 τύπου
2756 4363 2829 4434 μὴ
2859 4363 3283 4435 καθικνούμενον
3317 4368 3416 4438 τῆς
3446 4366 3692 4434 δυνάμεως

2161 4455 2221 4509 τὸ
2254 4455 2441 4520 πάθος.
2474 4454 2730 4527 Σὼματος
2751 4456 2860 4528 γὰρ
2885 4457 3046 4510 ὀστέα
3073 4457 3318 4530 δύναμις.

3323 4605 3690 4624 —-—-—

1727 4906 2480 4995 FRAGMENTA.

1166 5215 1320 5284 Apud
1348 5169 1609 5268 auctorem
1651 5213 1908 5268 Chronici
1935 5169 2232 5284 paschalis,
2262 5227 2324 5267 ex
2345 5211 2572 5266 editione
2597 5211 2806 5284 Cangii,
2843 5229 2962 5284 pag.
2995 5211 3048 5268 6.

491 5301 812 5376 Hippolytus
841 5305 1006 5376 igitur
1036 5307 1248 5376 pietatis
1275 5317 1498 5376 martyr,
1534 5303 1728 5376 Portus
1748 5303 1910 5374 juxta
1949 5305 2058 5358 Ro-

562 5375 705 5426 mam
734 5375 1024 5444 episcopus,
1051 5377 1106 5428 in
1133 5375 1268 5429 libro
1292 5375 1442 5445 quem
1473 5375 1718 5429 adversus
1745 5391 1920 5428 omnes
1943 5377 2056 5430 Ita-

562 5461 698 5498 reses
725 5445 972 5513 confecit,
1003 5445 1114 5500 Ita’c
1140 5448 1216 5499 ita
1243 5446 1392 5500 verba
1420 5455 1569 5499 tenus
1607 5447 1818 5516 scripsit
1841 5461 1860 5498 :

561 5603 732 5659 Video
769 5605 1053 5675 equidem,
1085 5605 1140 5660 in
1189 5621 1296 5678 quo
1329 5606 1412 5662 vis
1453 5603 1818 5662 contentionis
1857 5605 2044 5676 praeci-

567 5743 610 5773 ³⁸
635 5741 770 5796 Dan.
821 5759 902 5809 Ill,
939 5743 1028 5800 57.

2172 5303 2516 5370 Ἱππόλυτος
2561 5304 2767 5358 τοίνυν
2821 5303 2932 5376 τῇς
2977 5307 3286 5373 εὐσεϐείας
3325 5305 3556 5376 μάρτυς,
3573 5301 3688 5376 ἐτι-

2222 5389 2474 5447 σκοπος-
2485 5377 2740 5447 γεγονὼς
2771 5374 2874 5447 τοῦ
2902 5376 3277 5447 καλουμένου
3307 5374 3525 5447 Πόρτου
3551 5374 3682 5447 .1":-

2225 5445 2364 5499 σίον
2407 5442 2510 5514 τῆς
2549 5443 2794 5512 Ῥώμης,
2823 5444 2893 5496 ἐν
2915 5445 2995 5509 τῷ
3021 5442 3169 5514 πρὸς
3193 5442 3434 5512 ἁπάσας
3457 5443 3686 5512 αἱρέσεις

2226 5513 2594 5583 συντάγματι
2625 5517 2888 5583 ἐπραψεν
2917 5515 3016 5567 ἐπὶ
3049 5516 3272 5582 λέξεως
3303 5517 3499 5582 οὕτως·

2235 5605 2376 5679 ’0ρῶ
2407 5606 2503 5678 μὲν
2533 5601 2645 5670 οῦν,
2674 5607 2755 5659 ὅτι
2784 5605 3110 5676 φιλονεικίας
3139 5607 3200 5662 τὸ
3226 5607 3399 5680 ἔργον.
3430 5607 3567 5676 Λέγει
3583 5601 3682 5671 γάρ
