3862 6540
421 328 518 385 871
1055 330 1112 387 S.
1155 331 1517 389 HIPPOLYTI
1557 331 1705 387 OPP.
1746 328 1925 387 PARS

2131 363 2139 372 -
2177 328 2479 387 DOGMAT.
2519 328 2607 383 ΕΤ
2645 325 2984 383 HISTORIC.
3555 322 3656 377 87‘!

1383 733 1540 890 S.
1674 729 2725 887 HIPPOLYTI

1717 1012 2337 1108 NABRATIO

810 1213 914 1274 DE
968 1214 1310 1276 VIRGINE
1365 1209 1920 1277 CORINTHIACA
1979 1209 2085 1270 ET
2137 1209 2247 1269 DE
2302 1208 2649 1282 QUODAM
2714 1203 3302 1269 MAGISTRIANO.

1184 1382 1368 1459 Apud
1416 1378 1770 1440 Palladium
1820 1379 1890 1440 in
1920 1376 2201 1467 Historia
2261 1376 2584 1450 Lausiaca,
2645 1393 2781 1452 cap.
2826 1373 2962 1435 138.

1664 1540 1723 1606 (G
1736 1556 1936 1590 ALLAFD.
1972 1536 2218 1600 Biblioflt.,
2238 1538 2306 1600 ll,
2329 1540 2436 1591 515.

2038 1716 2109 1728 -η

623 1841 885 1897 Narratio
920 1839 1230 1910 Hippolyti,
1267 1840 1355 1908 qui
1394 1839 1492 1906 fuit
1551 1838 1839 1909 familiaris
2041 1848 2092 1906 Α

2041 1848 2092 1906 Α
2265 1834 2551 1906 Διήγησις
2590 1836 2942 1910 Ἱππολύτουῄ
2961 1835 3065 1889 τοῦ
3096 1837 3391 1905 γνωρίμου
3422 1836 3539 1890 τῷν

1037 1908 1416 1979 αροδιοιονυηι.
1554 1908 1557 1909 ⁷

2712 1908 3063 1961 ἀποστόλων
3074 1948 3084 1959 .

524 2026 582 2082 ln
604 2026 711 2081 alio
735 2025 876 2079 libro
897 2024 987 2079 cui
1019 2034 1136 2078 erat
1165 2022 1486 2091 inscriptum
1509 2036 1703 2075 nomen
1725 2018 2016 2091 Hippolyti,

2203 2022 2289 2074 Ἐν
2318 2020 2462 2092 ἄλλῳ
2502 2019 2813 2092 βιϐλιδαρίῳ
2856 2019 3319 2091 ἐπιγεγραμμένῳ
3374 2019 3671 2073 Ἱππολύτου

446 2118 543 2189 qui
589 2116 695 2171 fuit
729 2114 1016 2170 familiaris
1058 2110 1429 2183 apostolorum
1455 2150 1471 2175 ,
1522 2111 1703 2164 inveni
1750 2110 1971 2178 ejusmoi

2153 2112 2212 2167 οὖ
2235 2113 2506 2184 γνωρίμου
2537 2113 2644 2165 τῶν
2684 2114 3014 2177 ἀποστόλων,
3055 2110 3210 2186 εὗρον
3248 2114 3493 2185 διήγημα
3525 2115 3676 2167 τοιοῦ-

445 2205 813 2261 narrationem
843 2219 855 2255 :
895 2221 912 2255 ι
945 2202 1070 2257 Fuit
1098 2201 1349 2272 quaedam
1382 2200 1720 2257 nobilissima
1762 2201 1915 2271 virgo
1967 2223 1970 2245 ι

2148 2221 2210 2258 νον
2229 2221 2242 2233 ο
2271 2204 2644 2275 Εύγενεστάτη
2668 2222 2751 2269 τις
2780 2205 2888 2274 (89)
2939 2205 3032 2258 καὶ
3069 2205 3376 2275 ὡραιοτάτη
3426 2205 3673 2273 παρθένος

448 2296 873 2366 formosissima,
900 2309 1022 2363 qua:
1046 2296 1101 2346 in
1127 2293 1237 2347 vita
1263 2308 1331 2348 ex
1369 2292 1568 2347 virtute
1610 2291 1819 2360 agenda
1861 2306 1973 2345 exet

2149 2295 2365 2367 ιπῆρχεν
2398 2298 2455 2349 ἐν
2482 2300 2546 2367 τῇ
2582 2297 2831 2369 Κορίνθῳ
2861 2295 3010 2349 πόλει
3030 2296 3340 2367 ἀσκουμένη
3364 2298 3445 2358 είς
3463 2296 3552 2348 τὸν
3574 2295 3674 2347 ἐνά-

450 2387 676 2442 cebatur
700 2384 970 2440 Corinthi.
1012 2382 1163 2437 Hanc
1189 2382 1282 2437 illo
1313 2390 1556 2452 tempore
1596 2381 1906 2436 detulerunt
1953 2397 1975 2434 ιι

2150 2405 2276 2441 θετον
2303 2388 2432 2458 βίον.
2484 2389 2699 2460 Ταύτην
2730 2391 2850 2442 κατ’
2893 2390 3065 2442 ἐκεῖνο
3100 2388 3291 2459 καιροῦ
3333 2388 3576 2441 διέϐαλον
3612 2388 3675 2457 τῷ

439 2478 703 2548 judicem,
728 2476 822 2545 qui
849 2483 967 2529 erat
983 2475 1221 2544 gentilis,
1251 2474 1307 2527 in
1331 2482 1570 2542 tempore
1592 2481 1964 2544 persecutorur

2149 2479 2240 2532 ότε
2273 2479 2540 2542 δικάζοντι
2567 2480 2784 2551 Ἕλληνι
2803 2479 2915 2533 ὄντι
2944 2481 3035 2533 ἐπὶ
3071 2478 3163 2532 τοῦ
3194 2477 3385 2550 καιροῦ
3431 2478 3536 2531 τῶν
3568 2479 3674 2531 διω-

450 2578 513 2625 υι
544 2584 667 2640 qum
697 2567 1003 2622 maledictis
1026 2566 1321 2621 incesseret
1339 2573 1393 2619 et
1427 2575 1669 2634 tempora
1708 2572 1763 2619 et
1791 2564 1975 2634 imper:

2151 2571 2287 2634 ιτῶν,
2315 2568 2388 2633 ὡς
2424 2569 2845 2641 βλασφημοῦσαν
2879 2570 2972 2623 καὶ
3016 2570 3141 2632 τοὺς
3184 2571 3409 2640 καιροὺς
3447 2568 3539 2620 καὶ
3572 2568 3676 2629 τοὺς

446 2677 595 2718 tores
624 2669 679 2716 et
732 2659 1045 2715 simulacra.
1103 2657 1488 2728 Proponebant
1535 2666 1713 2712 autem
1749 2655 1867 2725 ejus
1904 2670 1971 2725 pu

2153 2662 2394 2727 ὶασιλεῖς,
2441 2664 2534 2717 καὶ
2572 2664 2639 2716 τά
2689 2663 2903 2717 εἴδωλα.
2933 2662 3274 2733 Προεπείνων
3293 2664 3313 2684 ⁶
3340 2661 3396 2713 δέ
3421 2661 3479 2713 τὸ
3499 2660 3678 2729 ταύτης

449 2752 817 2809 chritudinem
844 2752 1038 2805 harum
1068 2765 1251 2804 rerum
1275 2756 1695 2819 cauponatores,
1740 2747 1908 2817 impio
1935 2747 1974 2817 jt

2151 2757 2340 2820 ιάλλος,
2371 2758 2421 2808 οἱ
2454 2758 2583 2828 περὶ
2607 2755 2677 2809 τά
2703 2757 2926 2810 τοιαῦτα
2960 2756 3195 2827 κάπηλοι
3215 2754 3676 2825 γυναικομανοῦντι

451 2842 563 2898 dici
588 2840 821 2897 feminas
844 2840 1038 2895 insano
1061 2855 1248 2895 amore
1279 2840 1618 2909 depereunti.
1643 2841 1693 2893 Is
1721 2854 1849 2893 vero
1874 2854 1976 2907 cqu

2151 2850 2205 2922 ῖῷ
2236 2849 2379 2920 ἀθέῳ
2406 2849 2513 2902 τῶν
2543 2850 2828 2903 δικαστῶν.
2873 2850 2932 2902 '0
2955 2849 3010 2902 δὲ
3036 2849 3203 2919 ἡδέως
3230 2847 3442 2911 ἐδέξατο
3471 2848 3565 2917 τὴν
3584 2846 3676 2898 διαο

452 2935 543 2991 nis
581 2933 828 2997 auribus,
866 2941 921 2987 et
952 2931 1185 2986 feminas
1219 2930 1411 2986 insane
1457 2931 1768 2985 amantibus
1817 2930 1977 3000 cogit:

2155 2939 2291 3011 ῑολὴν
2321 2943 2432 3004 τοῖς
2466 2942 2706 3003 ἱππικοῖς
2731 2940 2931 3004 ὡτίοις,
2968 2940 3061 2993 καὶ
3098 2942 3208 3002 τοῖς
3245 2938 3572 3009 θηλυμανέσι
3610 2938 3680 2988 λο-

454 3028 698 3083 tionibus
726 3024 936 3094 accepit
964 3022 1318 3079 calumniam.
1350 3021 1429 3077 Ea
1454 3030 1632 3077 autem
1672 3022 1934 3092 producta
1960 3036 1979 3075 ο

2152 3037 2366 3105 τισμοῖς.
2397 3034 2802 3106 Προσαχθείσης
2826 3034 2882 3087 δὲ
2914 3033 3113 3104 ταύτης
3146 3033 3224 3103 τῷ
3245 3033 3525 3103 μιαιφόνῳ,
3564 3030 3677 3083 πολῦ

458 3118 737 3176 hominem
769 3117 1093 3171 sceleratum
1120 3155 1135 3182 ,
1166 3114 1339 3170 multo
1379 3116 1555 3185 magis
1603 3115 1793 3169 insana
1839 3121 1983 3182 captt

2153 3126 2298 3178 πλέον
2330 3129 2396 3197 τῇ
2436 3126 2643 3196 ἀσωτίᾳ
2664 3127 2994 3196 ἐκμέμηνεν.
3034 3125 3121 3188 Ὠς
3150 3123 3206 3177 δὲ
3240 3125 3423 3177 πᾶσαν
3457 3122 3678 3193 μηχανὴν

458 3222 542 3270 est
570 3210 1013 3280 intemperantia.
1042 3208 1336 3281 Postquam
1362 3217 1543 3263 autem
1566 3208 1819 3262 omnibus
1843 3208 1983 3263 adve‘

2153 3219 2252 3271 ιατ’
2284 3185 2454 3287 αύτίῆς
2487 3185 2767 3288 κινήσαςδ
2801 3185 3044 3287 βέδηλος,
3076 3185 3175 3285 τὴν
3208 3214 3303 3266 τοῦ
3328 3185 3468 3267 Θεοῦ.

459 3321 557 3361 sus
578 3319 697 3360 eam
722 3302 982 3357 adhibitis
1000 3302 1268 3357 machinis
1292 3302 1434 3356 hanc
1452 3300 1545 3355 Dei
1574 3300 1849 3355 hominem
1875 3300 1984 3355 sed:

2155 3327 2234 3363 τον
2261 3312 2443 3362 πεῖσαι
2472 3309 2570 3361 οὐκ
2590 3308 2850 3380 ἠδυνήθη,
2875 3308 3149 3379 διαφόροις
3172 3306 3376 3371 αίκίαις
3396 3306 3587 3376 ταύτην
3600 3306 3680 3375 τὴν

458 3412 583 3453 cere
640 3411 752 3451 non
803 3394 977 3465 potuit
1026 3394 1289 3464 profanus
1338 3393 1523 3453 ιιοῐηο,
1550 3391 1717 3444 variis
1753 3399 1981 3443 torment

2151 3400 2383 3470 γενναίαν
2423 3400 2706 3453 ὑπέϐαλεν.
2770 3400 2855 3463 Ὡς
2875 3399 2930 3452 δὲ
2956 3400 3049 3452 καὶ
3079 3400 3135 3450 ἐν
3162 3398 3374 3461 τούτοις
3417 3398 3676 3466 ἀπέτυχεν,

461 3487 694 3557 subjecit
718 3485 910 3541 fortem
936 3484 1217 3539 feminam.
1248 3483 1447 3539 Verum
1467 3499 1592 3537 cum
1622 3498 1688 3536 ne
1712 3481 1796 3535 his
1817 3480 1986 3550 quidet

2155 3491 2213 3563 ιὴ
2237 3491 2457 3561 ἰσχύσας
2489 3491 2656 3563 αὐτὴν
2689 3491 2989 3561 ἀποστῆσαι
3012 3490 3109 3561 τῆς
3139 3488 3429 3562 ὁμολογίας
3474 3489 3568 3556 τῆς
3606 3486 3680 3540 τοῦ

459 3578 607 3649 quod
634 3577 849 3632 volebat
874 3575 1037 3631 fuerit
1058 3583 1360 3639 assecutus,
1381 3583 1440 3627 ut
1468 3573 1559 3642 qui
1587 3586 1693 3625 non
1719 3578 1899 3640 posset
1917 3585 1978 3622 ea

2157 3583 2393 3655 (ριστοῦ,
2428 3583 2732 3654 ἀπομανεὶς
2756 3583 2895 3655 πρὸς
2918 3581 3086 3653 αὐτὴν
3103 3584 3131 3636 ὁ
3153 3582 3446 3653 ἀνήμερος,
3478 3582 3589 3634 τότε
3616 3596 3682 3631 τι·

460 3671 733 3726 abducere
763 3684 795 3723 a
820 3668 1022 3723 Christi
1069 3665 1451 3727 confessione,
1497 3664 1551 3716 in
1590 3678 1711 3717 eam
1756 3661 1985 3715 insaniet

2158 3677 2321 3748 ιωρία
2367 3675 2593 3749 τοιαύτῃ
2626 3677 2797 3747 αὐτὴν
2831 3676 3163 3745 παρέδωκεν.
3208 3676 3418 3746 Στήσας
3453 3675 3545 3744 τὴν
3596 3672 3683 3726 σὼ-

463 3760 723 3823 crudelis,
759 3757 1028 3828 ejusmodi
1059 3771 1219 3825 pmna
1253 3756 1429 3825 ipsam
1480 3752 1678 3807 affecit.
1713 3751 1933 3806 Castam
1986 3779 1988 3792 ε

2156 3784 2308 3838 ρρονα
2330 3770 2409 3830 είς
2440 3770 2685 3837 πορνεῖον
2704 3807 2719 3831 ,
2772 3766 3072 3819 ἐνετείλατο
3122 3766 3199 3836 τῷ
3229 3766 3429 3829 ταύτας
3472 3767 3681 3835 νέμοντι.

465 3858 856 3922 temperantem
883 3848 1143 3903 feminam
1172 3862 1379 3917 ponens
1408 3846 1461 3899 in
1498 3843 1831 3913 prostibula,
1874 3842 1990 3911 juss

2157 3855 2341 3924 ιέγων·
2392 3853 2551 3918 Δέξαι
2595 3854 2820 3926 ταύτην,
2858 3855 2952 3907 καὶ
2985 3856 3262 3926 ήμερήσιά
3314 3874 3403 3926 μοι
3448 3854 3506 3919 ἐξ
3541 3852 3682 3920 uini):

466 3945 517 4000 ei
551 3946 645 4014 qui
691 3957 785 3997 eas
827 3941 1159 4011 possidebat,
1196 3939 1382 3993 dicens
1417 3952 1433 3991 :
1464 3934 1615 3990 Hanc
1642 3934 1777 3988 mihi
1807 3950 1958 4004 cape,
1988 3959 1991 3975 ‹

2159 3945 2266 4018 τρία
2289 3946 2595 4016 νομίσματα
2626 3943 2943 4015 ἀποκόμιζε.
2982 3946 3038 3998 'O
3064 3946 3121 3999 δὲ
3147 3946 3590 4017 εἰσπραττόμενος
3609 3943 3684 3994 τὸν

467 4046 579 4091 tres
610 4048 863 4089 nummos
901 4047 968 4086 ex
994 4047 1055 4086 ea
1083 4031 1150 4085 ad
1187 4046 1273 4085 me
1296 4029 1446 4084 defer
1474 4028 1736 4099 quotidie.
1782 4026 1831 4081 ls
1861 4035 1992 4080 aute

2160 4057 2205 4093 ;κ
2233 4040 2329 4109 τῆς
2354 4038 2784 4109 αἱσχροπράγίας
2816 4038 3034 4110 χρυσὸν,
3063 4037 3277 4090 ἔκδοτον
3298 4038 3465 4108 αὐτὴν
3489 4037 3685 4105 ἔστησεν

469 4144 665 4185 aurum
693 4127 914 4197 exigens
936 4140 1003 4179 ex
1029 4123 1173 4191 turpi
1196 4121 1427 4185 actione,
1451 4134 1571 4174 eam
1604 4117 1827 4171 tradidit
1857 4115 1994 4169 volet

2160 4130 2252 4190 τοῖς
2274 4126 2632 4198 βουλομένοις,
2666 4129 2724 4179 ἐν
2757 4128 2834 4198 τῷ
2867 4126 2960 4180 τοῦ
2997 4127 3198 4198 μύσους
3221 4127 3572 4199 ἐργαστηρίῳ.
3615 4124 3685 4185 Ὠς

471 4226 618 4281 tibus
641 4225 695 4278 in
723 4221 933 4277 otlicina
966 4215 1316 4273 abominandi
1348 4214 1558 4286 flagitii.
1597 4213 1734 4268 Cum
1762 4212 1877 4267 hinc
1914 4226 1996 4280 erg

2162 4218 2233 4274 »ὗν
2256 4221 2497 4290 ἔγνωσαν
2524 4222 2573 4272 οἱ
2600 4220 2727 4291 περὶ
2750 4219 2819 4273 τά
2842 4219 3066 4273 τοιαῦτα
3091 4219 3550 4291 γυναικοῖέρακες,
3569 4233 3687 4288 παρ-

471 4317 755 4372 novissent
788 4313 881 4383 qui
918 4311 1238 4366 tenebantur
1268 4309 1464 4363 insano
1512 4320 1701 4361 amore
1731 4304 1996 4364 mulierun

2161 4313 2365 4384 ᾒδρευον
2396 4310 2475 4381 τῷ
2525 4310 2823 4383 παρανόμῳ
2850 4309 3211 4382 ἐργαστηρίῳ,
3245 4310 3476 4372 διδόντες
3504 4310 3584 4361 τὸν
3605 4308 3686 4375 τῆς

475 4408 788 4465 assidebam
816 4404 1089 4460 scelerata
1112 4400 1263 4455 exitii
1294 4399 1541 4461 ollicinae,
1580 4396 1880 4451 mercedem
1911 4394 2000 4448 dar

2163 4404 2336 4474 ιτίμου
2371 4403 2635 4476 ἐργασίας
2668 4402 2878 4474 μισθὸν,
2914 4404 3005 4454 καὶ
3037 4401 3344 4471 βουλόμενοι
3386 4402 3548 4472 ταύτῃ
3573 4400 3688 4470 πρὸς

478 4512 560 4556 tes
610 4500 910 4554 inhonesta:
954 4492 1291 4564 operationis
1340 4491 1729 4560 cupientesque
1781 4502 1905 4542 cum
1950 4486 2003 4539 ill

2164 4494 2350 4567 ρθοράν
2374 4495 2598 4565 ὁμιλεῖν.
2640 4496 2705 4548 Ἡ
2736 4496 2791 4548 δὲ
2820 4495 3120 4565 σεμνοτάτη
3156 4493 3318 4564 αὕτη,
3355 4494 3583 4555 καὶτοὺς
3614 4492 3689 4544 λό-

479 4593 717 4663 turpiter
740 4589 1017 4660 congredi.
1053 4587 1148 4641 Illa
1188 4594 1368 4639 autem
1404 4585 1556 4652 virgo
1585 4580 1966 4635 honestissima
1994 4593 2004 4629 ι

2166 4608 2280 4659 (ους
2304 4590 2439 4661 πρὸς
2470 4590 2686 4661 ἀπάτην
2719 4590 3067 4653 ἐκκλίνουσα,
3116 4587 3485 4660 ἐκλιπαροῦσα
3517 4587 3691 4645 αὐτοὺς

478 4686 535 4739 in
558 4683 749 4754 primis
776 4684 1106 4745 veneranda,
1138 4680 1368 4735 etverba
1398 4679 1463 4733 ad
1484 4677 1853 4745 deceptionem
1884 4672 2003 4726 defle

2166 4681 2473 4753 παρεκάλει,
2501 4682 2759 4750 λέγουσα·
2801 4682 2919 4735 ’Ότι
2943 4681 3099 4744 ἕλκος
3130 4681 3238 4752 ἔχω
3274 4700 3328 4734 τι
3358 4684 3439 4745 είς
3479 4698 3691 4751 κεκρυμ-

481 4786 655 4839 ctens,
682 4775 997 4845 suppliciter
1020 4775 1100 4829 eis
1135 4774 1373 4834 dicebat,
1400 4785 1635 4842 rogans:
1673 4767 1858 4821 Habeo
1893 4766 2006 4819 ulcu

2165 4776 2317 4846 μένον
2347 4774 2527 4832 τόπον,
2564 4774 2700 4845 ὅπερ
2725 4773 2966 4842 ἐσχάτως
2990 4772 3099 4837 ὄξει
3118 4790 3131 4802 ’
3160 4775 3254 4826 καὶ
3286 4773 3494 4826 δέδοικα
3523 4772 3592 4841 μὴ
3626 4774 3690 4830 εἰς

483 4869 538 4925 in
568 4868 687 4923 loco
709 4868 955 4931 occulto,
999 4866 1141 4937 quod
1196 4864 1507 4919 mirandum
1542 4862 1595 4915 in
1639 4858 1860 4914 modum
1909 4858 2008 4911 mal

2166 4868 2310 4936 μῖσος
2343 4881 2442 4934 μου
2482 4863 2670 4933 ἔλθητε
2710 4864 2787 4935 τῷ
2831 4865 3185 4935 ἀποτροπαίῳ
3226 4864 3319 4917 τοῦ
3350 4865 3543 4927 ἕλκους.
3584 4864 3691 4914 Ἔνο

483 4958 626 5025 olet;
646 4967 700 5012 et
721 4960 886 5013 timeo
905 4973 971 5013 ne
1000 4972 1095 5011 vos
1118 4955 1222 5010 mei
1247 4954 1432 5009 odium
1456 4952 1632 5021 capiat
1657 4959 1873 5020 propter
1895 4949 2008 5002 ulcu

2165 4958 2268 5010 Ξοτε
2299 4953 2390 5010 οὖν
2415 4974 2504 5027 μοι
2535 4957 2719 5025 ὀλίγας
2743 4956 2973 5028 ἡμέρας,
3008 4959 3101 5010 καὶ
3135 4957 3381 5023 ἐξουσίαν
3430 4974 3519 5030 μου
3559 4956 3690 5024 ἔχετε

485 5050 868 5106 aversandum.
915 5049 1206 5105 Concedite
1244 5063 1373 5118 ergo
1420 5046 1554 5100 mihi
1598 5058 1799 5112 paucos
1829 5042 1964 5104 dies,
1998 5062 2010 5092 ι

2164 5049 2249 5102 καὶ
2274 5048 2480 5119 δωρεάν
2510 5065 2574 5117 με
2599 5047 2758 5117 ἔχειν.
2795 5048 3015 5110 Τούτοις
3035 5048 3090 5101 δὲ
3121 5051 3235 5110 τοῖς
3262 5048 3441 5116 λόγοις
3467 5051 3494 5118 ή
3531 5064 3689 5115 μακα-

488 5153 619 5197 tunc
666 5141 848 5195 licebit
886 5156 985 5195 vos
1030 5142 1113 5196 vel
1153 5155 1240 5194 me
1297 5139 1498 5193 habere
1528 5134 1712 5207 gratis.
1750 5133 1844 5186 llis
1870 5132 2013 5187 verbi

2164 5138 2245 5208 ρία
2280 5137 2515 5190 πείσασα
2543 5137 2668 5199 τοὺς
2690 5136 2928 5199 ἀσώτους
2958 5136 3094 5200 τέως
3126 5138 3466 5209 ἀπέπεμψεν.
3508 5137 3689 5204 Ἐμμε·

487 5248 779 5304 persuasos
807 5233 1227 5301 intemperantes
1263 5231 1478 5285 interim
1510 5226 1838 5281 amandabat
1870 5225 2012 5278 beat:

2168 5219 2437 5292 ιεστᾶαις
2467 5228 2523 5281 δὲ
2553 5227 2763 5299 δεήσεσι
2786 5228 2877 5281 τὸν
2911 5228 3040 5281 Θεὸν
3072 5229 3453 5299 δυσωπήσασα,
3484 5227 3566 5279 καὶ
3609 5243 3693 5278 κα-

487 5321 738 5378 Assiduis
766 5331 945 5376 autem
971 5321 1223 5391 precibus
1244 5320 1410 5374 Deum
1439 5319 1681 5388 placans,
1708 5328 1761 5372 et
1789 5331 2012 5384 compun

2168 5320 2573 5391 εανενυγμέναις
2594 5318 2816 5382 ἱκεσίαις
2857 5318 3041 5372 τοῦτον
3064 5322 3142 5384 είς
3173 5320 3555 5391 εὐσπλαγχνίαν
3576 5334 3693 5370 κατ-

491 5416 594 5471 ctis
619 5413 1105 5486 supplicationibus
1127 5430 1249 5469 eum
1272 5412 1478 5467 inﬂexit
1503 5411 1569 5465 ad
1598 5408 2016 5465 misericordiam

2168 5410 2425 5480 ἔκαμψεν.
2468 5409 2859 5482 Προσεσχηκὼς
2882 5412 3064 5478 ;τοίνυν
3092 5412 3120 5463 ὁ
3147 5411 3278 5475 Θεὸς
3318 5413 3348 5466 ὁ
3387 5410 3476 5472 τὰς
3506 5408 3693 5470 ἐννοίας

497 5507 791 5561 Αιιοηόθηε
824 5520 953 5577 ergo
995 5504 1139 5562 Deus
1177 5507 1269 5577 qui
1318 5505 1465 5559 novit
1489 5502 1879 5573 cogitationes,
1914 5515 2022 5571 quo

2165 5501 2335 5566 εἰδὼς,
2370 5502 2485 5566 πῶς
2519 5505 2582 5555 ἐκ
2616 5503 2838 5574 καρδίας
2877 5505 2911 5573 ἡ
2948 5502 3175 5575 σώφρων
3201 5505 3301 5575 τῆς
3337 5503 3541 5572 ἁγνείας
3578 5501 3690 5569 ὲκήο

568 5659 680 5731 (89)
708 5658 1117 5731 Εὐτενεστάτη
1142 5680 1252 5729 τις.
1276 5660 1518 5732 Meminit
1545 5660 1708 5730 hujus
1739 5659 1965 5732 virginis
1999 5670 2052 5713 et
2089 5656 2447 5729 Nicephorus,
2483 5659 2623 5716 Hist.
2655 5660 2806 5729 eccl.,
2831 5661 2923 5716 lib.
2977 5677 3074 5728 vn,
3126 5676 3246 5732 cap.
3288 5663 3387 5728 l3,
3438 5659 3518 5717 sed
3576 5675 3683 5729 pau-

499 5729 615 5795 cis;
648 5729 819 5803 neque
847 5733 1056 5802 uspiam
1089 5729 1207 5788 eam
1234 5729 1639 5790 Corinthiacam
1676 5746 1796 5787 esse
1823 5731 2050 5786 dictitat.
