3862 6518
188 383 275 439 873
1151 373 1504 431 NARRATIO
1528 372 1613 427 DE
1643 370 1918 430 VIRGINE
1933 371 2418 435 CORINTHIACA.

3298 372 3401 426 8η

186 505 323 564 δετο,
363 503 420 554 ἐν
464 499 696 563 ἐκείναις
721 501 839 562 ταῖς
871 497 1103 570 ἡμέραις
1125 497 1470 568 ᾡκονόμησεν
1515 494 1543 546 ὁ
1570 492 1736 562 φύλαξ

1846 493 2007 546 modo
2038 501 2188 547 easta
2221 490 2496 562 pudicitiae
2529 506 2714 546 curam
2742 491 2958 560 gerebat
2982 507 3047 546 ex
3097 490 3302 555 animo,
3343 491 3398 547 in

189 593 272 665 τῆς
299 589 634 644 rrciwuw'dvd
644 588 836 661 ρώπων
865 587 1135 660 σωτηρίας
1164 586 1364 640 τοιόνδε
1388 601 1462 640 τι.

1842 583 1950 638 illis
1979 582 2171 639 diebus
2200 598 2297 654 pro
2326 581 2500 638 salute
2524 582 2766 638 omnium
2800 581 2905 636 tale
2938 581 3068 652 quid
3101 580 3323 637 struxit.

1510 721 1704 796 Ibid.,
1746 737 1882 798 cap.
1925 720 2060 782 1&9.

553 849 688 916 Περὶ
716 846 1150 928 Μαγιστριανοῦ
1173 847 1351 911 τινός.

246 963 541 1026 Νεανίσκος
576 978 659 1024 τις
688 960 796 1032 (90)
829 960 1230 1031 Μαγιστριανὺς
1255 958 1363 1029 (91)
1393 998 1406 1022 ,
1437 957 1635 1028 ὡραῖος
1660 956 1737 1027 τῷ

187 1057 326 1116 εἴδει,
363 1053 588 1124 εὐσεϐὴς
619 1056 685 1124 τῇ
714 1051 926 1125 γνώμῃ,
957 1045 1001 1120 ᾧ
1032 1051 1331 1104 ἐντέθεικεν
1359 1053 1387 1103 ὁ
1419 1050 1546 1114 Θεὸς
1580 1050 1736 1121 ζῆλον

189 1143 541 1214 πνευματικὸν
560 1142 882 1213 πυριφλεγῆ,
907 1142 982 1206 ὼς
1007 1143 1100 1195 καὶ
1128 1141 1358 1196 Θανάτου
1394 1143 1736 1213 καταφρονῆ-

187 1252 296 1289 σαι·
323 1237 418 1288 καὶ
437 1232 680 1288 ἀπελθὼν
713 1233 790 1304 τῷ
830 1235 1065 1304 σχήματι
1103 1234 1199 1304 τῆς
1241 1233 1531 1296 ἀκολασίας
1562 1233 1738 1304 εἰσέρ-

185 1342 326 1395 χεται
357 1325 573 1395 βαθεῖαν
609 1322 844 1394 ἑσπέραν
885 1323 1021 1395 πρὸς
1075 1322 1164 1377 τὸν
1200 1323 1465 1394 τρέφοντα
1507 1322 1735 1386 ταύτας,

185 1417 267 1469 καὶ
297 1416 510 1469 δίδωσιν
542 1413 690 1485 αὐτῷ
716 1413 876 1469 πέντε
899 1414 1231 1484 νομίσματα,
1260 1415 1352 1466 καὶ
1377 1413 1523 1482 λέγει
1550 1413 1697 1483 αὐτῷ
1722 1430 1733 1442 ο

185 1507 533 1579 Συγχώρησόν
567 1524 653 1578 μοι
688 1508 864 1576 μεῖναι
885 1505 1085 1576 ταύτην
1103 1505 1203 1576 τὴν
1237 1505 1405 1558 νύκτα
1438 1505 1574 1559 κατά
1605 1506 1737 1559 ταυ-

183 1600 396 1670 της³τῆς
421 1598 604 1669 κόρης.
637 1595 905 1650 Εἰσελθὼν
930 1592 1022 1649 οὖν
1053 1599 1170 1667 μετ’
1205 1596 1373 1665 αὐτῆς
1395 1596 1473 1658 είς
1502 1596 1592 1649 τὸν
1612 1595 1738 1650 ἀπό-

184 1706 378 1763 κρυφον
404 1685 569 1754 οἷκον,
601 1688 748 1756 λέγει
775 1689 910 1759 αὐτῇ
938 1705 950 1717 ·
999 1688 1249 1753 Ἀνάστα,
1280 1687 1450 1740 σῶσον
1483 1689 1731 1758 σεαυτήν.

185 1781 281 1833 Καὶ
306 1777 534 1840 ἐκδύσας
557 1777 724 1846 αὐτὴν
748 1775 814 1829 τά
837 1775 1045 1846 ίμάτια,
1075 1775 1169 1829 καὶ
1208 1777 1272 1845 τῇ
1313 1773 1506 1828 ἑαυτοῦ
1551 1771 1735 1844 ἐσθῆτι

2236 842 2313 898 De
2344 844 2570 914 quodam
2615 842 2976 913 Magistriano.

1911 953 2137 1022 Quidam
2165 956 2497 1022 adolescens,
2530 956 2938 1029 Magistrianus,
2986 959 3163 1027 specie
3191 957 3396 1012 formo-

1837 1058 1954 1113 ‘sus,
1985 1056 2161 1102 mente
2191 1049 2334 1117 pius,
2368 1049 2456 1103 cui
2485 1047 2626 1105 Deus
2652 1049 2826 1104 zelum
2852 1049 3074 1104 immisit
3097 1051 3394 1120 spiritalem

1841 1139 1974 1193 adeo
1995 1139 2271 1195 ardentem
2312 1149 2371 1194 ut
2390 1140 2554 1196 etiam
2585 1149 2811 1196 mortem
2855 1149 3241 1206 contemneret,
3271 1158 3395 1198 eum

1840 1238 2100 1298 prmtcxtu
2154 1231 2582 1301 intemperantiae
2610 1248 2676 1287 eo
2724 1233 3078 1296 accessisset,
3128 1234 3397 1305 profundo

1841 1337 2064 1390 vespere
2110 1322 2407 1393 ingreditur
2440 1324 2506 1378 ad
2529 1340 2650 1379 eum
2677 1326 2767 1394 qui
2791 1327 2910 1383 illas
2931 1327 3124 1391 alebat,
3146 1337 3200 1383 et
3223 1328 3315 1383 dat
3349 1330 3396 1384 ei

1843 1415 2082 1484 quinque
2106 1415 2330 1482 solidos,
2353 1424 2407 1470 et
2435 1416 2564 1471 dicit
2591 1420 2639 1472 ei
2662 1436 2674 1472 :
2700 1419 2945 1474 Concede
2995 1420 3129 1474 mihi
3181 1437 3399 1476 manere

1841 1507 1944 1560 hac
1976 1518 2131 1561 nocte
2171 1522 2294 1562 eum
2320 1507 2418 1563 hac
2458 1509 2652 1578 puella.
2682 1508 2736 1562 In
2767 1510 2940 1565 locum
2971 1527 3098 1582 ergo
3124 1513 3398 1568 occultum

1840 1609 1963 1649 cum
1992 1610 2054 1648 ea
2083 1597 2381 1665 ingressus,
2414 1595 2548 1651 dicit
2583 1598 2664 1652 ei:
2691 1597 2881 1668 Surge,
2920 1613 3073 1654 serva
3097 1609 3149 1654 te
3198 1601 3393 1669 ipsam.

1839 1684 2053 1740 Etcum
2076 1701 2196 1740 eam
2227 1687 2340 1742 suis
2390 1687 2631 1742 veStibus
2659 1688 2954 1754 induisset,
2992 1690 3196 1756 tunica,
3230 1690 3398 1746 eami-

1840 1776 1942 1839 sia,
1974 1785 2029 1831 et
2058 1778 2374 1848 chlamyde,
2427 1786 2482 1833 et
2523 1779 2775 1834 omnibus
2799 1780 3076 1844 virilibus,
3129 1782 3260 1836 dicit
3309 1783 3394 1836 ei:

185 1870 555 1942 μεταμφιάσας
579 1868 763 1938 αὐτὴν,
789 1870 902 1930 τοῖς
932 1883 992 1920 τε
1018 1865 1292 1936 καμισίοις
1311 1905 1326 1929 ν
1363 1866 1456 1917 καὶ
1490 1868 1555 1936 τῇ
1605 1863 1733 1935 κλα-

1845 1867 2120 1938 Egredere,
2172 1879 2224 1925 te
2270 1885 2484 1925 summa
2536 1871 2837 1942 chlamydis
2887 1881 3040 1942 parte
3083 1882 3398 1944 contegens.

184 1965 294 2036 μύδι
323 1966 419 2016 καὶ
449 1965 559 2026 τοῖς
583 1961 844 2035 ἀνδρείοις
872 1961 1056 2023 πᾶσιν,
1083 1959 1230 2027 λέγει
1254 1959 1388 2030 αὐτῇ
1408 1975 1420 1987 ·
1467 1956 1556 2028 Τῷ
1583 1957 1737 2028 ἄκρῳ

179 2058 269 2127 τῆς
299 2055 566 2126 χλαμύδος
608 2051 1086 2125 περικαλυψαμένη
1149 2050 1347 2118 ἔξελθε.
1409 2051 1517 2103 Καὶ
1569 2049 1738 2112 οὕτως

183 2151 466 2219 ποιήσασα,
501 2147 593 2200 καὶ¹
622 2147 748 2217 ὃλην
792 2143 987 2216 ἑαυτὴν
1037 2143 1379 2216 σφραγίσασα
1408 2141 1485 2213 τῷ
1531 2158 1735 2212 μυστη-

181 2243 273 2312 ρίῳ
293 2240 388 2293 τοῦ
414 2238 667 2310 σταυροῦ,
687 2235 972 2302 ἐξελθοῦσα
986 2234 1218 2307 ἄφθορος
1239 2235 1330 2287 τοῦ
1349 2234 1510 2287 τόπου
1533 2234 1734 2287 ἐκείνου

182 2335 265 2386 καὶ
305 2331 569 2403 ἀμίαντος
611 2329 883 2392 παντελῶς
917 2328 1270 2382 διασέσωσται
1314 2331 1380 2399 τῇ
1423 2327 1602 2400 χάριτι
1643 2325 1734 2381 τοῦ

181 2425 407 2498 Χριστοῦ
431 2465 446 2487 .
482 2425 575 2478 καὶ
597 2425 663 2493 τῇ
706 2421 800 2475 τοῦ
838 2421 1118 2475 νεανίσκου
1156 2421 1338 2490 αἰτία,
1375 2419 1468 2473 τοῦ
1510 2418 1587 2490 τῷ
1617 2418 1737 2490 ,ἰδίῳ

181 2519 366 2590 αἵματι
393 2517 594 2588 ταύτην
621 2515 715 2586 τῆς
732 2513 927 2585 ἀτίμου
954 2512 1155 2585 φθορᾶς
1180 2510 1600 2576 ἀπαλλάξαντος.
1627 2510 1736 2582 Τὴν

177 2611 219 2663 δ’
249 2608 415 2680 ἄλλην
441 2606 648 2678 ἡμέραν
677 2603 787 2676 (92)
821 2601 1065 2672 ἐγνώσθη
1094 2600 1154 2654 τὸ
1184 2601 1385 2672 δρᾶμα,
1410 2600 1503 2653 καὶ
1529 2615 1735 2670 προση-

179 2701 334 2772 νέχθη
387 2703 416 2754 ὁ
468 2697 867 2771 Μαγιστριανδς
901 2695 978 2766 τῷ
1023 2693 1434 2764 θηριωδεστάτῳ
1486 2691 1734 2763 δικαστῇ.

190 2793 508 2866 Ἀνακρίνας
546 2791 602 2846 δὲ
648 2789 739 2843 τὸν
774 2790 1014 2858 γενναῖον
1039 2786 1274 2858 ἀθλητὴν
1310 2784 1404 2839 τοῦ
1447 2786 1680 2860 Χριστοῦ
1710 2789 1740 2840 ὁ

179 2889 474 2958 ἀνήμερος,
504 2885 597 2938 καὶ
624 2882 798 2938 πάντα
833 2879 1049 2953 μαθὼν,
1085 2879 1293 2951 θηρίοις
1327 2878 1510 2932 τοῦτον
1557 2896 1737 2950 παρα-

177 2979 440 3050 ϐληθῆναι
467 2975 777 3029 ἐκέλευσεν·
806 2974 891 3027 ἵνα
934 2972 1026 3026 καὶ
1068 2973 1125 3026 ὲν
1167 2971 1339 3042 τούτῳ
1376 2973 1406 3024 ὁ
1451 2969 1738 3041 μισόκαλος

179 3073 386 3144 δαίμων
416 3071 807 3145 καταισχυνθῇ.
838 3067 1082 3139 Νομίσας
1109 3065 1216 3136 γὰρ
1257 3065 1346 3117 τὸν
1388 3063 1627 3135 ἀνδρεῖον
1669 3066 1736 3135 τῇ

178 3165 420 3236 ἀθεμίτῳ
449 3164 685 3235 τιμωρία
707 3159 1047 3234 περιϐαλεῖν,
1089 3155 1306 3211 διπλοῦν
1347 3155 1595 3226 μάρτυρα
1644 3153 1736 3207 τοῦ

1839 1960 1968 2024 Qua.-
1995 1975 2118 2014 cum
2144 1961 2224 2018 sic
2254 1960 2490 2026 fecisset,
2515 1970 2569 2016 et
2599 1977 2657 2016 se
2682 1972 2848 2017 totam
2881 1955 3034 2033 signo
3062 1964 3240 2020 crucis
3279 1981 3402 2019 mu-

1837 2051 2045 2115 niisset,
2093 2066 2310 2121 egressa
2337 2067 2413 2121 ex
2446 2053 2536 2107 illo
2580 2053 2702 2108 loco
2735 2054 2959 2108 omnino
3010 2055 3320 2125 incorrupta
3348 2065 3403 2112 et

1838 2143 2140 2212 impolluta,
2175 2154 2386 2199 servata
2410 2155 2490 2200 est
2513 2143 2713 2199 Christi
2741 2146 2912 2214 gratia
2944 2155 2996 2200 et
3022 2161 3188 2201 causa
3217 2147 3404 2202 adole~

1838 2235 2056 2300 scentis,
2083 2237 2176 2306 qui
2197 2252 2316 2291 eam
2343 2253 2441 2294 suo
2461 2237 2724 2310 sanguine
2748 2238 2994 2292 liberavit
3019 2253 3050 2292 a
3075 2238 3216 2307 turpi
3243 2239 3396 2294 vitio.

1839 2325 2096 2397 Sequenti
2140 2338 2319 2384 autem
2347 2330 2431 2384 die
2459 2346 2545 2385 res
2599 2329 2702 2385 fuit
2732 2330 2942 2398 cognita
2964 2369 2978 2394 ,
3023 2338 3078 2386 et
3107 2331 3401 2400 productus

1837 2427 1922 2474 est
1949 2417 2328 2489 Magistrianus
2367 2419 2433 2474 ad
2464 2421 2821 2477 smvissimum
2841 2421 3101 2491 judieem.
3131 2421 3271 2476 Cum
3299 2437 3402 2477 au-

1839 2518 1944 2563 tem
1973 2517 2250 2564 strenuum
2281 2510 2483 2566 Christi
2509 2512 2768 2567 athletam
2795 2513 3158 2568 examinasset
3182 2514 3402 2584 impius,

1836 2611 1890 2654 et
1943 2601 2123 2655 omnia
2175 2601 2493 2667 didicisset,
2537 2602 2703 2671 jussit
2740 2617 2865 2658 eum
2894 2603 3058 2673 objici
3104 2606 3313 2674 bestiis,
3347 2618 3406 2663 ut

1837 2691 1998 2745 etiam
2028 2691 2185 2747 bonis
2215 2693 2443 2749 infestus
2471 2694 2683 2751 daemon
2726 2697 2779 2750 in
2818 2711 2884 2750 eo
2916 2696 3218 2754 afﬁceretur
3246 2699 3406 2771 igno-

1839 2784 2025 2839 minia.
2057 2783 2191 2838 Nam
2219 2801 2340 2841 eum
2370 2787 2734 2843 existimasset
2770 2789 2947 2842 virum
2997 2788 3190 2845 fortem
3217 2791 3271 2847 in
3306 2809 3407 2846 ne-

1840 2878 2036 2932 farium
2071 2877 2291 2948 injicere
2337 2879 2662 2949 supplicium
2687 2921 2704 2947 ,
2748 2896 2873 2935 eum
2907 2881 3084 2936 effecit
3136 2883 3408 2952 duplicem

1837 2971 2035 3025 Christi
2066 2980 2387 3042 martyrem;
2417 2972 2585 3042 utqui
2613 2981 2668 3027 et
2701 2988 2797 3043 pro
2825 2989 2921 3030 sua
2942 2975 3122 3030 anima
3153 2976 3411 3045 praeclare

1838 3063 2274 3128 decertaverit,et
2293 3079 2390 3133 pro
2404 3064 2490 3118 illa
2510 3065 2664 3120 beata
2687 3065 2740 3118 in
2765 3066 3037 3122 laboribus
3053 3075 3272 3123 strenue
3287 3084 3411 3138 per—

1839 3156 2176 3210 severaverit.
2191 3154 2456 3221 Quocirca
2471 3155 2668 3225 duplici
2685 3157 2889 3211 honore
2902 3165 2956 3211 et
2969 3157 3179 3211 duabus
3194 3157 3416 3226 insigni;

180 3256 415 3329 Χριστοῦ
448 3256 632 3310 τοῦτον
656 3255 950 3325 ἀπέφηνεν,
980 3252 1072 3304 καὶ
1094 3249 1233 3320 ὑπὲρ
1265 3248 1362 3318 τῆς
1392 3245 1584 3299 ἑαυτοῦ
1614 3245 1736 3300 ἀθα-

1845 3247 1946 3302 bus
1973 3248 2187 3303 coronis
2214 3247 2406 3318 dignus
2442 3258 2523 3304 est
2546 3249 2760 3303 habitus
2781 3265 2810 3302 a
2835 3248 3035 3303 Christi
3060 3247 3411 3318 benignitate.

181 3351 336 3405 νατου
368 3347 548 3419 ψυχῆς
569 3345 876 3417 ἀθλήσαντα
903 3341 1183 3412 γενναίως,
1214 3340 1309 3394 καὶ
1361 3338 1501 3408 ὑπὲρ
1557 3337 1657 3407 τῆς
1719 3337 1962 3408 ἀοιδίμου
1994 3339 2206 3409 ἐκείνης
2265 3340 2359 3393 καὶ
2398 3339 2671 3410 μακαρίας
2716 3338 3018 3412 ἀθλητικῶς
3067 3341 3178 3402 τοῖς
3231 3339 3416 3405 πόνοις

181 3444 684 3519 ἐγκαρτερήσαντα.
730 3440 818 3493 Διδ
856 3441 947 3493 καὶ
990 3437 1181 3506 διπλῆς
1231 3433 1394 3505 τιμῆς
1449 3432 1597 3504 παρὰ
1651 3433 1743 3485 τοῦ
1783 3434 2017 3505 Χριστοῦ
2056 3435 2151 3488 καὶ
2215 3435 2321 3490 τῶν
2385 3435 2636 3508 ἀοιδίμων
2676 3436 2770 3490 καὶ
2809 3435 3088 3508 μακαρίων
3135 3434 3414 3504 στεφάνων

183 3538 330 3612 παρά
354 3536 456 3604 τῆς
481 3535 669 3587 τούτου
698 3530 1100 3602 φιλανθρωπίας
1129 3525 1353 3598 ἠξιώθη.

250 3692 367 3762 (90)
397 3689 855 3762 Nearlppcoqrtc.
890 3687 1040 3762 lianc
1083 3688 1207 3742 item
1236 3684 1518 3742 historiam
1559 3699 1735 3755 perse-

181 3759 368 3833 quitur
398 3763 538 3816 idem
570 3759 904 3833 Nicephorus
927 3759 1042 3833 l.__c.

252 3834 366 3902 (ΞΗ)
427 3825 1142 3902 Μαγιστρὶαιτός.ηβιοεεςε
1195 3826 1312 3902 Lat.
1355 3825 1448 3902 Cr.
1487 3826 1666 3902 Agens
1693 3826 1748 3902 in

183 3895 371 3968 reb‘us';
421 3895 841 3972 Μακέιστριανός.
890 3898 1018 3954 Vide
1064 3899 1325 3968 Cangium
1377 3897 1431 3950 in
1478 3895 1746 3951 Glossario

404 5875 674 5934 I‘ATROL.
720 5867 834 5930 Gn.
881 5869 965 5931 Χ.

1843 3685 2033 3751 (ἵν-ωε..
2069 3696 2205 3741 tom.
2226 3686 2275 3756 fl,
2299 3701 2422 3756 pag.
2450 3685 2574 3740 8M.

1926 3750 2035 3827 (9'2)
2071 3757 2190 3826 Τὴν
2209 3755 2261 3808 δ’
2279 3750 2477 3827 ἅλᾷην
2498 3754 2743 3827 ἡμέραν.
2785 3753 2930 3827 Hist.
2970 3753 3246 3808 Lausiacce
3283 3750 3415 3808 edit.

1852 3824 2025 3883 Paris.
2061 3824 2220 3894 16M,
2256 3827 2322 3898 τῇ
2356 3826 2412 3880 δὲ
2441 3826 2666 3897 ἐπιούσῃ
2693 3824 2890 3898 ἡμέρᾳ.

3052 5837 3124 5889 €28
