3862 6538
255 393 340 452 835
874 387 946 443 IN
977 384 1307 443 CANONEM
1343 384 1756 442 PASCHALEM
1794 386 2118 445 BUCHERII
2147 389 2818 452 ARMADVERSIONES.

3338 401 3439 455 886

1091 806 1643 935 [EGIDII
1790 809 2089 937 BUC
2113 808 2557 936 ΗΕΒΙΙ

1589 1085 1631 1139 Ε
1688 1083 1838 1141 SOC.
1874 1084 2037 1142 JESU

570 1266 650 1327 IN
699 1264 763 1326 S.
823 1260 1264 1325 HIPPOLYTI
1322 1261 1703 1325 CANONEM
1752 1257 2235 1324 PASCHALEM
2290 1226 3069 1330 ANIMADVERSIONES.

1317 1626 1701 1715 INDEX
1754 1621 2325 1715 CAPITUM.

290 1980 327 2037 I.
389 1962 419 1967 ’ν
457 1984 500 2039 Α
532 1999 632 2055 quo
658 1999 794 2036 anno
830 1982 1010 2039 Conon
1042 1981 1384 2055 Hippolyteus
1411 1985 1650 2054 incipiat.

1779 1872 1841 1881 ——

292 2073 348 2131 II.
462 2076 567 2133 Cur
600 2078 918 2149 Hippolytus
937 2081 1303 2133 octaeteridem
1335 2080 1578 2149 geminet.
1604 2076 1790 2129 Potuit
1815 2075 2043 2143 simplici
2073 2081 2390 2128 octaetertae
2414 2080 2683 2126 contentus
2705 2087 2831 2125 esse.

305 2171 382 2227 Ill.
474 2171 819 2242 Parergorum
844 2175 999 2241 primi
1028 2172 1267 2225 laterculi
1293 2171 1597 2241 explicatio.
1616 2169 1724 2223 Cur
1748 2169 1968 2223 subinde
1998 2167 2108 2220 bini
2134 2167 2247 2221 dies
2279 2164 2850 2233 quartadecimtelume
2872 2162 3225 2232 designentur.

278 2257 355 2313 ιν.
424 2260 588 2332 Tertia
632 2261 810 2332 tabula
842 2262 1076 2328 paschali
1109 2262 1419 2316 Victorinum
1463 2262 1775 2330 conformior
1822 2263 2149 2332 proponitur.
2186 2261 2346 2314 Luna:
2387 2258 2647 2330 paschalis
2674 2254 2996 2326 Hippolyten:
3039 2264 3167 2309 tetas
3196 2254 3416 2309 eruitur.

483 2331 753 2400 Hippolyti
782 2330 959 2386 Canon
986 2333 1041 2384 in
1072 2332 1351 2385 Victoriani
1383 2344 1559 2402 typum
1587 2330 1841 2387 redactus.

285 2415 343 2474 V.
443 2419 760 2493 Hippolytus
789 2421 1061 2493 paschales
1087 2420 1399 2493 Latinorum
1425 2425 1585 2490 primi
1619 2426 1817 2492 generis
1847 2422 2078 2475 rationes
2104 2420 2360 2493 sequitur.
2386 2420 2729 2493 Primqenim
2762 2431 2917 2489 caput
2950 2424 3137 2477 mensis
3164 2426 3428 2493 paschalis

503 2489 599 2547 (1'5
635 2489 819 2546 Martii
851 2492 1079 2544 orditur.
1113 2491 1352 2546 Secundo
1383 2489 1564 2547 lunam
1592 2489 1892 2562 puschalem
1924 2509 1956 2543 a
2011 2507 2097 2545 XVI
2130 2492 2181 2543 in
2211 2505 2323 2543 χχιι
2367 2489 2641 2557 diffundit.

281 2580 357 2636 Vl.
444 2583 510 2637 Et
538 2583 874 2637 Dominicam
905 2583 1200 2652 pose/talem
1232 2583 1421 2637 Martii
1448 2585 1519 2637 20
1549 2585 1807 2637 admittit.

278 2676 376 2732 VII.
449 2676 738 2749 Nunquam
770 2678 956 2749 limitis
988 2692 1019 2728 a
1053 2676 1250 2745 synodo
1277 2675 1591 2731 Ctesariensi
1618 2678 1889 2731 constituti
1910 2676 2065 2745 ﬁnem
2093 2676 2315 2730 excedit.
2357 2673 2503 2745 Cycli
2547 2675 2849 2745 Hippolytei
2877 2677 2931 2731 in
2964 2677 3288 2733 Kalendario
3328 2680 3415 2733 Juv

498 2748 647 2803 liano
672 2748 966 2816 dispositio.

276 2841 392 2897 VIII.
449 2843 529 2897 An
556 2846 833 2915 octaeteris
856 2843 1122 2911 paschalis
1155 2842 1354 2915 passim
1380 2850 1635 2915 usurpata
1664 2840 1733 2893 sit
1763 2858 1794 2915 a
1824 2841 2006 2909 primis
2030 2839 2372 2896 Christianis.
2408 2839 2741 2895 Octaeridem
2775 2840 3050 2913 Hippolyti
3069 2841 3305 2915 Scaliger
3336 2842 3411 2895 ab.

501 2914 723 2968 surdam
751 2910 900 2983 putat
932 2930 949 2968 :
984 2930 1099 2984 qute
1125 2910 1293 2966 tamen
1320 2910 1632 2965 Latinorum
1671 2911 1900 2965 rationes
1930 2922 2120 2965 servat.

272 3004 352 3061 IX.
438 3007 730 3064 Octaeteris
756 3009 998 3078 Dionysii
1022 3009 1372 3062 Alexandrini
1400 3008 1646 3077 episcopi.

271 3098 333 3159 X.
443 3104 580 3159 Julii
617 3106 877 3175 Africani.

270 3198 349 3251 XI.
439 3200 912 3258 Hontanistarum.

269 3292 369 3351 XII.
440 3300 582 3352 Audi
588 3316 834 3355 auorum.

268 3388 389 3446 Si".
446 3396 691 3450 Aliorum
721 3399 861 3468 apud
882 3398 1099 3452 Bedam.

267 3483 392 3543 XIV.
445 3489 557 3545 Cur
584 3491 1007 3547 Christianorum
1045 3495 1398 3564 antiquissimi
1428 3498 1789 3553 octaeteridem
1815 3498 1987 3567 potius
2018 3513 2173 3567 quam
2197 3492 2731 3553 enneadecaeteridem
2759 3492 3073 3560 suffecerint.

265 3576 368 3636 XV.
463 3584 811 3643 Octaeteridis
837 3590 1184 3644 incommoda.

308 3925 347 3983 I.
387 3930 430 3983 Α
472 3946 578 4001 quo
608 3946 747 3985 anno
781 3932 962 3988 Canon
1000 3932 1345 4007 Hippolyteus
1388 3938 1627 4009 incipiat.

255 4123 560 4185 Istiusmodi
592 4139 722 4187 sunt
753 4133 805 4185 in
850 4144 1023 4188 statua
1058 4136 1143 4189 illa
1177 4154 1478 4193 marmorea
1510 4139 1751 4195 Lauren-

197 4213 325 4272 tiana
370 4219 483 4275 bini
514 4224 804 4291 paschales
827 4226 1070 4281 laterculi
1095 4246 1108 4280 :
1135 4229 1227 4296 qui
1258 4230 1326 4283 ab
1352 4246 1497 4285 anno
1520 4232 1753 4287 Alexan-

195 4305 265 4361 dri
291 4310 417 4380 imp.
436 4312 738 4370 Mammaea
761 4316 853 4369 ﬁlii
876 4317 1072 4385 primo,
1089 4316 1364 4375 Canonem
1382 4322 1538 4384 inire,
1554 4324 1753 4379 diserte

195 4406 460 4458 testantur.
502 4406 749 4461 Primum
783 4417 961 4463 autem
993 4409 1283 4465 Alexandri
1318 4429 1428 4467 non
1462 4414 1516 4468 iu
1550 4416 1761 4471 Christi.

190 4492 448 4562 vulgarem
469 4498 605 4563 29.4,
632 4508 691 4552 ut
717 4500 908 4554 volunt
929 4500 1186 4571 Annales,
1211 4504 1304 4559 sed
1334 4506 1459 4570 222,
1485 4516 1543 4560 ιιι
1564 4517 1761 4571 nostra,

191 4584 249 4638 ad
274 4584 575 4644 Victoriam
602 4590 885 4661 Appendix
910 4594 1114 4662 sciscit,
1138 4595 1439 4661 incurrere,
1463 4607 1546 4653 tot
1575 4598 1751 4657 Cano-

187 4674 263 4730 uis
291 4676 519 4747 hujusce
555 4682 904 4739 characteres
945 4686 1223 4742 evincunt.
1262 4687 1440 4755 Quare
1484 4691 1620 4745 nihil
1649 4693 1750 4746 mi-

187 4778 314 4835 rum,
347 4771 392 4824 si
426 4771 613 4829 Julius
640 4773 945 4841 Africanus,
959 4778 1061 4833 hoc
1088 4788 1329 4850 tempore
1354 4783 1618 4849 scribens,
1644 4801 1747 4837 Lxx

184 4854 406 4920 Danielis
464 4867 844 4925 hebdomadas
893 4874 1220 4928 octaeteride
1275 4874 1430 4945 (quae
1476 4878 1745 4948 geminata

183 4951 755 5017 heckaedecaeteridem
795 4966 1105 5035 componit)
1146 4967 1417 5036 explicare
1457 4986 1746 5041 aggressus

178 5043 241 5098 sit
267 5064 280 5100 :
310 5053 619 5117 presertim
663 5070 785 5109 cum
833 5055 1072 5113 Canonis
1112 5059 1471 5114 constantiam
1512 5062 1579 5115 ab
1617 5060 1746 5131 Hip-

178 5137 347 5209 polyto
381 5144 435 5196 in
470 5149 811 5214 praeteritum
847 5164 999 5217 aeque
1029 5165 1093 5204 ac
1123 5150 1364 5206 futurum
1398 5156 1639 5222 promitti
1665 5158 1745 5209 vi-

176 5228 340 5299 deret;
374 5238 615 5292 necdum
644 5241 813 5294 nimia
843 5242 963 5310 ejus
992 5244 1360 5298 contractione
1386 5247 1739 5315 deprehensa.

1779 3945 1823 4001 Α
1858 3938 2133 3994 Dominica
2166 3938 2429 3993 inciderit.
2448 3935 2584 3991 Nam
2618 3949 2725 3991 non
2755 3942 2964 3988 tantum
2987 3948 3109 3989 cum
3134 3934 3428 4005 quartade-

1856 4038 1998 4091 cima
2028 4050 2148 4105 qua:
2174 4048 2298 4087 vere
2327 4030 2593 4085 terminus
2620 4035 2722 4092 est,
2752 4026 2845 4081 sed
2873 4026 3032 4081 etiam
3055 4042 3181 4081 cum
3203 4029 3423 4096 quinta-

1855 4126 2064 4181 decima
2092 4125 2216 4177 luna
2251 4122 2337 4192 (de
2369 4137 2476 4191 qua
2505 4120 2641 4174 nihil
2675 4119 2763 4174 hic
2794 4119 3106 4189 laterculus)
3142 4120 3194 4173 in
3238 4118 3425 4172 Domi-

1856 4218 2033 4272 nicam
2066 4214 2313 4280 incurrit,
2351 4214 2568 4269 octiduo
2598 4213 2806 4270 Pascha
2837 4212 3038 4267 diﬂ‘erri
3073 4211 3187 4265 vult
3217 4209 3424 4279 Hippo-

1854 4312 2016 4381 lytus,
2054 4288 2115 4361 ut
2138 4322 2265 4363 mox
2294 4306 2595 4361 ostendam.

1854 4464 1915 4519 II.
1976 4466 2084 4520 Cur
2142 4462 2460 4534 Hippolytus
2534 4462 2897 4515 octaeteridem
2946 4463 3188 4533 geminet.
3236 4458 3425 4515 Potuit

2134 4535 2367 4611 simplici
2393 4534 2705 4588 octaeteride
2721 4542 2989 4589 contentus
3012 4549 3143 4590 esse.

1926 4694 2027 4750 Sed
2064 4710 2162 4749 cur
2196 4704 2418 4750 sanctus
2460 4693 2618 4750 Pater
2658 4694 3035 4750 octaeteridem
3073 4695 3330 4763 geminat,
3366 4708 3422 4754 et

1850 4790 1905 4841 in
1959 4803 2070 4843 cxu
2119 4789 2341 4858 insuper
2387 4803 2559 4842 annos
2603 4789 2877 4843 extendit?
2923 4788 3147 4844 Videbat
3191 4789 3433 4863 scilicet,
3478 4786 3481 4789 ’

1848 4882 1969 4935 rudi
2004 4882 2183 4937 adhuc
2212 4882 2431 4949 saeculo,
2475 4881 2530 4937 in
2581 4881 2795 4937 duabus
2834 4882 3274 4949 octaetcridibus,
3322 4899 3419 4938 seu

1848 4989 1954 5027 una
1985 4973 2527 5039 heckmdecaeteride,
2560 4974 2796 5042 aliquam
2829 4974 3006 5029 inesse
3035 4974 3290 5028 feriarum
3332 4991 3421 5029 sea

1849 5066 1982 5119 riem
2010 5084 2023 5131 ;
2056 5066 2383 5135 tandemque
2416 5066 2699 5135 completis
2732 5076 2936 5135 septem
2982 5067 3416 5123 heckazdecaetc-

1848 5160 2079 5226 ridibus,
2120 5159 2285 5215 ferias
2316 5160 2381 5213 ad
2411 5168 2573 5229 caput
2598 5159 2808 5226 redire;
2842 5162 3417 5218 heckaadecacteridem

1848 5250 2033 5319 itaque
2082 5251 2382 5307 contexuit.
2435 5253 2505 5305 At
2555 5258 2766 5321 poterat
2793 5252 2949 5306 idem
3002 5263 3152 5309 tanto
3198 5253 3417 5307 brevius

174 5318 319 5385 Quod
343 5327 536 5382 subdit
575 5329 918 5402 Hippolytus,
965 5333 1269 5388 solvendum
1311 5353 1421 5391 esse
1454 5338 1742 5407 jejunium,
1776 5321 1818 5375 Β
1846 5342 2267 5414 distinctiusque
2309 5344 2363 5398 in
2407 5318 2631 5399 totidem
2675 5348 3095 5401 octaeteridihus
3135 5357 3414 5416 przestare.

170 5426 278 5466 cum
300 5418 589 5475 Dominica
610 5423 1082 5490 incideret,verum
1110 5436 1194 5481 est
1217 5447 1229 5481 :
1252 5428 1366 5484 sive
1393 5429 1458 5484 de
1495 5429 1741 5487 Paschali

171 5500 273 5588 sive
305 5505 372 5560 de
400 5508 471 5564 iis
504 5525 631 5580 qua:
669 5512 865 5582 jejunii
900 5516 1160 5572 solemnis
1198 5518 1314 5574 dies
1349 5520 1734 5588 intercursant,

170 5587 461 5682 Dominicrs
502 5603 859 5673 accipiamus.
911 5605 1095 5677 Neque
1131 5609 1305 5676 video,
1347 5614 1622 5682 quomodo
1651 5587 1741 5671 hic

167 5680 621 5758 ἀπονηστίζεσθαι
664 5694 762 5761 δεῖ,
809 5698 1075 5766 sitidem,
1122 5701 1267 5771 quod
1319 5680 1739 5773 transferendum

167 5786 268 5829 esse
300 5778 707 5857 jejunium,,ut
759 5790 875 5845 vult
923 5787 1184 5863 Scaliger,
1226 5810 1345 5849 cum
1385 5797 1638 5855 terminus
1685 5801 1741 5857 in

1770 5888 1826 5900 ~

1851 5434 2063 5505 Septem
2098 5437 2241 5492 enim
2274 5438 2628 5493 octaeterides
2660 5440 2820 5494 binos
2851 5440 3055 5495 solares
3075 5440 3253 5509 cyclos
3274 5440 3423 5492 inte-

1846 5543 1993 5599 gros,
2021 5538 2080 5583 ut
2121 5529 2344 5585 totidem
2373 5530 2921 5587 heckaedecaeterides
2945 5540 3237 5601 quaternos
3267 5548 3427 5589 com-m

1846 5619 2195 5689 plectuntur;
2237 5630 2459 5692 tamque
2480 5626 2611 5689 duo,
2636 5641 2800 5694 quam
2826 5637 3059 5691 quatuor
3090 5625 3220 5678 solis
3253 5626 3412 5695 cycli.

1845 5708 2053 5767 litteras
2091 5710 2457 5770 Dominicales
2498 5716 2553 5769 in
2600 5719 2785 5772 orbem
2818 5719 3117 5783 reducunt;
3161 5727 3213 5772 et
3255 5718 3429 5787 annis.

1853 5803 1983 5861 solis
2010 5820 2118 5877 Lvt,
2146 5808 2495 5881 priusquam
2519 5826 2648 5879 ειη,
2683 5812 3023 5868 evolvuntur.
3048 5810 3182 5869 Hinc
3217 5820 3325 5867 tam
3361 5809 3435 5871 iu-
