3862 6532
183 383 264 440 897

240 496 390 563 Atque
421 493 527 546 haec
555 491 618 546 de
649 491 716 547 iis
754 508 877 562 quae
916 494 983 547 ad
1014 494 1286 565 Hippolyti
1315 495 1614 558 Canonem,
1647 503 1702 549 ct
1730 502 1772 555 Α

183 585 442 639 institutum
464 590 706 636 nostrum
730 591 997 652 spectant,
1022 583 1162 638 dicta
1193 583 1324 639 sint.
1352 583 1553 638 Caetera
1577 599 1698 653 quae

183 679 252 730 hic
277 673 432 729 n'otari
461 681 695 742 possent,
723 673 916 728 omitto
943 693 957 728 ι
988 683 1102 728 tum
1128 675 1255 744 quia
1284 674 1418 727 nihil
1443 675 1508 729 ad
1541 675 1696 730 insti-

182 778 344 831 tutum,
368 775 471 820 tum
493 765 616 835 quia
642 766 783 834 apud
809 764 1164 835 Scaligerum,
1187 765 1464 822 Petavium
1486 775 1540 822 et
1560 767 1695 824 alios

179 859 314 914 videri
339 867 570 928 possunt.
609 856 724 913 Una
747 859 910 915 modo
935 861 1164 931 quaestio
1185 873 1448 931 superest.

177 1034 285 1089 Vlll.
323 1033 560 1112 Qlttl’slto.
582 1036 674 1112 _Att
702 1041 975 1112 octaeteris
998 1040 1274 1096 Paschalis
1309 1045 1507 1112 passim
1535 1059 1692 1098 usur-

226 1107 485 1183 putahsitp
512 1106 696 1183 primis
722 1108 1058 1183 Christianis.
1095 1106 1470 1169 Octaeteridem
1501 1115 1693 1183 Hippo-

227 1176 309 1243 lyti
333 1173 554 1255 Scaliger
585 1177 868 1232 absurdam
901 1189 1094 1249 putat:
1117 1198 1234 1253 qua:
1267 1194 1441 1240 tamen
1473 1173 1692 1240 Latino-

232 1262 330 1297 rum
356 1259 572 1299 rattones
603 1257 796 1304 servat.

228 1399 437 1470 Scaliger
458 1399 571 1456 suis
607 1400 661 1456 in
699 1401 843 1456 hunc
873 1400 1142 1476 Hippolyti
1178 1407 1455 1465 Canonem
1500 1412 1688 1469 obser-

171 1491 454 1555 vationibus,
503 1493 679 1546 vereri
712 1508 770 1549 se
809 1495 904 1557 ait,
960 1505 1018 1551 ut
1073 1497 1162 1553 illa
1212 1498 1688 1558 lteckaedecaeteris

172 1580 440 1651 llippolytea
472 1597 710 1652 unquam
735 1594 947 1654 recepta
971 1584 1156 1653 fuerit,
1191 1602 1315 1642 eum
1351 1598 1429 1644 tot
1453 1591 1688 1648 absurda

171 1674 213 1726 in
240 1674 314 1726 illa
339 1673 512 1728 relicta
552 1675 681 1730 sint.
721 1674 864 1729 Nam
891 1677 1146 1748 alioquin,
1181 1681 1376 1750 inquit,
1415 1688 1689 1740 octaeteri-

165 1763 236 1816 des
252 1764 500 1833 paschales
526 1766 691 1836 fuisse
725 1768 957 1822 novimus
978 1784 1042 1822 ea:
1073 1770 1296 1840 epistola
1324 1772 1563 1844 Dionysii
1586 1777 1688 1844 epi-

166 1857 299 1921 scopi,
328 1864 424 1912 etc.
450 1857 553 1913 Sed
582 1874 683 1914 nos
707 1858 939 1914 absurda
968 1859 1021 1916 in
1052 1863 1156 1918 hoc
1176 1862 1443 1937 Hippolyti
1466 1866 1686 1924 Canone
1719 1859 1759 1911 Β

165 1948 283 2001 nulla
303 1949 562 2017 videmus;
595 1966 702 2004 non
726 1951 828 2015 alia
850 1961 1012 2019 certe,
1031 1969 1192 2024 quam
1223 1971 1343 2025 quae
1365 1957 1417 2011 itt
1445 1961 1682 2027 paschali

166 2037 439 2095 Latinorum
475 2042 730 2098 methodo
764 2048 1205 2103 monstravimus.
1239 2047 1370 2115 Quae
1401 2067 1561 2107 nemo
1591 2054 1685 2107 ab-

165 2131 298 2185 surda
323 2135 586 2189 vocaverit
613 2151 628 2190 :
661 2145 715 2191 et
743 2149 806 2192 ut
825 2146 1027 2205 essent,
1059 2155 1219 2195 nemo
1251 2151 1466 2211 propter
1493 2159 1556 2198 ea
1585 2160 1683 2213 pa-

163 2224 359 2279 scltalem
401 2224 713 2282 Latinorum
737 2229 945 2299 cyclum
977 2229 1030 2283 in
1062 2246 1165 2285 usu
1199 2231 1369 2288 fuisse
1413 2249 1537 2288 cum
1561 2234 1683 2290 Sca-

162 2314 296 2383 ligero
316 2331 499 2386 negare
523 2317 764 2372 auderet.
800 2316 909 2373 Nec
942 2321 1108 2385 enim,
1138 2336 1259 2389 qua:
1284 2323 1486 2390 passim
1523 2340 1683 2378 usur-

162 2415 276 2470 pata,
312 2417 397 2460 aut
421 2407 545 2476 quia
585 2416 860 2478 usurpata,
896 2424 1003 2462 non
1035 2409 1269 2465 absurda
1299 2420 1448 2466 sunt.
1480 2411 1678 2471 Verum

161 2510 257 2559 nos,
294 2505 347 2551 ut
378 2499 516 2564 dixi,
568 2499 713 2553 nulla
758 2499 813 2553 in
844 2500 912 2555 iis
941 2499 1258 2557 Latinorum
1287 2511 1380 2557 aut
1410 2503 1676 2575 Hippolyti

157 2590 410 2643 canonibus
441 2590 695 2656 absurda,
733 2591 824 2646 sed
873 2594 1052 2661 potius
1096 2604 1248 2649 acuta
1285 2606 1337 2650 et
1364 2596 1678 2651 verisimilia

159 2680 292 2733 multa
329 2680 516 2747 inesse,
557 2683 691 2737 satis
739 2682 873 2750 jam,
929 2693 990 2738 ut
1041 2685 1255 2752 opinor,
1305 2686 1674 2755 probavimus.

154 2769 358 2841 Cumque
397 2775 678 2842 paschales
715 2775 1028 2830 Latinorum
1063 2777 1298 2832 rationes
1344 2778 1435 2832 diu
1480 2779 1534 2832 in
1573 2779 1676 2835 Ee-

155 2863 286 2916 clesia
308 2865 556 2936 viguisse,
591 2883 652 2921 ex
682 2867 844 2922 dictis
872 2869 1086 2922 abunde
1113 2869 1225 2938 jam
1259 2878 1502 2936 constet;
1539 2869 1672 2941 llip-

154 2954 354 3024 polyteas
387 2973 602 3028 quoque
653 2974 774 3027 qute
811 2958 1000 3013 iisdem
1034 2959 1313 3028 principiis
1347 2961 1670 3026 innituntur,

153 3044 414 3113 aliquandiu
442 3050 634 3102 saltem
665 3060 972 3118 usurpatas,
1005 3066 1198 3121 negare
1227 3069 1331 3108 non
1359 3069 1668 3123 possumus.

153 3133 300 3205 Neque
324 3141 695 3208 probabilitate
719 3149 885 3204 caret,
912 3143 1412 3213 octaeteridas'ejus
1440 3148 1669 3204 subinde

151 3231 414 3287 emendatas
451 3249 621 3298 esse;
673 3234 797 3288 licet
842 3236 1235 3291 emendationis
1286 3238 1527 3304 modum,
1575 3242 1666 3310 qui

149 3319 297 3375 rarius
319 3337 430 3378 esse
461 3324 670 3394 potuit,
710 3325 1040 3394 ignoremus.

1697 3193 1736 3250 C

230 3475 310 3531 IX.
349 3478 635 3535 Octaeteris
667 3480 908 3552 Dionysii
933 3482 1282 3539 Alexandrini
1313 3487 1560 3557 episcopi.

202 3585 409 3645 Rursum
439 3595 801 3649 octaeteridos
833 3612 988 3650 usum
1008 3598 1202 3666 priscis
1231 3599 1551 3656 Christianis
1581 3600 1666 3655 l'a-

148 3679 366 3734 miliarem
417 3681 603 3748 fuisse,
649 3685 842 3752 probat
879 3685 1115 3757 Dionysii
1152 3689 1389 3759 episcopi
1432 3692 1666 3746 Alexan-

145 3770 256 3823 drini
298 3773 402 3844 (qui
445 3777 514 3830 ab
560 3792 705 3831 anno
732 3778 934 3833 Christi
957 3780 1063 3834 246
1096 3780 1164 3836 ad
1185 3781 1292 3836 265
1323 3783 1501 3838 sedem
1542 3799 1664 3839 eam

145 3862 297 3931 tenuit)
331 3867 548 3934 epistola
600 3867 665 3922 ad
708 3867 1001 3924 Domitium
1048 3881 1102 3926 et
1141 3871 1424 3944 Didytnum
1451 3915 1466 3940 ,
1499 3889 1662 3944 quam

142 3950 242 4006 citat
273 3953 524 4012 Eusebius
567 3957 710 4031 Hist.
745 3961 1114 4017 ecclesiastica:
1147 3963 1239 4018 lib.
1265 3980 1371 4028 vn,
1403 3981 1520 4035 cap.
1555 3966 1620 4020 15
1647 3985 1658 4020 :

145 4038 316 4108 ltthac,
363 4049 467 4114 ait,
513 4049 781 4104 Cattonem
839 4063 953 4106 octo
1008 4071 1264 4108 annorum
1316 4057 1477 4122 citat,
1524 4058 1663 4128 quod

141 4132 295 4197 festum
326 4138 598 4195 Paschalis
637 4159 738 4196 non
779 4143 884 4196 alio
928 4145 1054 4198 antti
1093 4158 1314 4216 tempore
1351 4164 1508 4218 quam
1548 4158 1662 4217 post

141 4227 244 4278 reris
287 4233 650 4299 tequinoctium
706 4235 959 4289 celebrari
999 4237 1204 4292 debeat.
1254 4237 1507 4294 Fueritne
1548 4241 1663 4295 haec

140 4311 336 4389 Dionysii
374 4325 682 4386 octaeteris,
720 4325 808 4379 illa
839 4324 1108 4398 Hippolyti
1139 4327 1348 4382 dierum
1375 4329 1536 4395 2922,
1580 4330 1662 4383 di-

137 4405 285 4463 vinare
311 4419 389 4466 est
420 4430 434 4466 :
467 4428 574 4467 non
604 4412 771 4468 fuisse
799 4423 997 4480 tamen,
1021 4415 1325 4483 videretur;
1359 4416 1405 4472 si
1427 4415 1658 4472 Pascha-

136 4497 187 4550 tis
222 4514 303 4554 eos
337 4504 596 4559 terminos
630 4504 916 4570 exhibuit,
966 4506 1059 4576 qui
1101 4515 1225 4576 post
1272 4508 1655 4577 mquinoctiutn
1692 4542 1734 4597 υ

137 4602 319 4647 vernum
351 4610 564 4666 semper
589 4597 948 4666 plenilunium
974 4599 1308 4664 exhiberem,
1327 4609 1378 4654 et
1399 4609 1657 4655 constan-

133 4688 194 4732 ter
221 4701 232 4735 :
267 4684 360 4742 hoc
388 4688 532 4742 enim
569 4687 886 4760 Hippolytca
927 4689 1198 4760 sesquidie
1229 4690 1442 4745 brevior
1475 4702 1657 4747 tenere

132 4786 216 4827 non
254 4787 454 4844 potest,
502 4781 610 4836 nisi
653 4781 870 4835 aliunde
893 4781 1130 4852 juvetur.
1165 4781 1282 4837 Jam
1321 4792 1450 4840 tunc
1496 4785 1657 4855 igitur

134 4869 335 4934 tempore
386 4872 625 4944 Dionysii
673 4881 908 4938 constat,
957 4874 1219 4944 quosdam
1273 4875 1482 4932 Pascha
1531 4889 1657 4932 ante

129 4961 465 5023 aequinoctium
491 5007 507 5032 ,
539 4966 727 5022 saltem
755 4966 1017 5030 Caesaris,
1047 4967 1348 5023 celebrasse
1392 4968 1651 5036 subinde;

130 5060 172 5100 ut
195 5067 247 5105 ex
277 5055 490 5115 Canone
530 5058 795 5130 Hippolyti
835 5067 889 5113 et
928 5057 1243 5113 Latinorum
1282 5059 1552 5123 vidimus,
1599 5071 1654 5115 et

127 5142 256 5198 etiam
286 5148 332 5201 in
353 5148 579 5207 Judaico
599 5151 920 5206 videbimus.
954 5151 1154 5206 Contra
1182 5151 1280 5205 hos
1305 5167 1493 5208 omnes
1523 5153 1652 5208 Dio-

128 5237 304 5303 nysium
327 5245 611 5313 scripsisse
643 5245 955 5314 conjectura
977 5261 1112 5316 pene
1139 5256 1285 5300 certa
1305 5253 1419 5310 est;
1453 5255 1507 5299 et
1532 5246 1652 5315 qui-

126 5320 222 5377 dem
254 5329 296 5382 si
329 5334 713 5402 aequinoctium
762 5335 826 5389 21
887 5336 1069 5390 martii
1116 5333 1317 5390 Juliani
1365 5335 1646 5401 delixerit;

125 5416 240 5477 quod
280 5419 398 5476 inde
427 5426 810 5495 consequitur,
860 5425 1098 5480 citimam
1135 5441 1288 5481 suam
1337 5425 1648 5496 pascltalem

126 5513 422 5568 neomeniam
446 5531 556 5570 non
583 5518 687 5572 nisi
717 5518 749 5572 8
771 5518 1011 5588 ejusdem
1041 5517 1215 5572 Martii
1243 5517 1330 5572 die
1354 5532 1510 5572 orsus
1533 5518 1648 5571 l'ue-

123 5593 193 5655 rit,
236 5613 263 5652 e
303 5602 456 5672 cujus
486 5605 706 5674 regione
733 5621 853 5671 nos,
894 5623 1066 5662 annos
1098 5605 1645 5662 hecktedecaeteridos

123 5680 415 5764 Hippolytae
467 5713 530 5751 ιιι
572 5707 624 5752 et
653 5715 705 5752 χι
738 5700 1176 5769 composuimus:
1231 5700 1274 5754 si
1307 5714 1435 5754 vero
1471 5699 1643 5770 arqui-

122 5779 321 5836 noctium
368 5783 438 5840 25
475 5785 651 5842 Martii
701 5803 822 5844 cum
855 5789 1062 5845 Caesare
1095 5800 1148 5845 et
1181 5787 1428 5847 Patriltus
1461 5788 1642 5846 Caesa-

763 374 829 429 ΙΝ
867 375 1192 431 CANONEM
1233 375 1645 432 PASCHALEM
1681 375 2007 434 BUCHERII
2048 375 2718 435 ANIMADVERSIONES.

3269 385 3370 440 898

1801 495 2074 552 riensibus
2117 497 2414 565 collocarit,
2451 498 2594 567 quod
2621 497 2794 568 magis
2823 497 3111 566 existimo;
3147 507 3275 555 tunc
3302 503 3371 555 ab

1800 589 1975 644 Martii
1995 590 2080 655 12,
2104 590 2193 644 tibi
2219 589 2430 646 Aureus
2452 591 2574 660 ejus
2597 606 2856 646 numeros
2874 607 2970 647 vnt
2999 602 3053 646 et
3081 607 3168 646 xvr
3200 609 3370 663 appo-

1797 682 2008 736 suimus
2031 722 2045 746 ,
2075 690 2172 736 aut
2198 697 2360 752 quam
2384 682 2669 746 citissime,
2704 683 2991 738 undecimo
3020 683 3218 748 Martii,
3257 686 3370 755 pri-

1795 788 1944 826 mum
1979 773 2333 827 incltoaverit.
2362 772 2545 828 Potuit
2576 783 2756 828 tamen
2789 773 2878 828 hic
2904 762 3142 830 solarum
3177 775 3366 829 Domi-

1795 863 2062 923 nicarum.
2104 879 2212 917 non
2248 865 2374 918 item
2410 865 2767 919 terminorum
2811 867 3150 936 paschalium
3195 868 3365 920 ratio-

1794 969 1916 1008 nem
1949 954 2167 1022 habere,
2201 970 2413 1024 nempe,
2450 964 2510 1010 ut
2535 956 2638 1010 illa:
2671 956 2800 1012 solae
2827 966 2948 1026 post
2978 959 3364 1028 aequinoctium

1794 1044 2192 1113 indicerentur;
2245 1057 2303 1102 ut
2337 1045 2404 1102 de
2447 1048 2720 1113 Anatolio,
2755 1049 2848 1119 qui
2890 1049 3194 1120 discipulus
3240 1051 3363 1121 ejus

1793 1137 1960 1192 fuisse
1997 1139 2232 1204 videtur,
2270 1139 2700 1195 observabimus.

2298 1296 2368 1352 Χ.
2409 1297 2546 1352 Julii
2581 1298 2845 1368 Africani.

1860 1452 2064 1516 Tertio,
2109 1451 2288 1508 Julius
2347 1451 2660 1518 Africanus,
2706 1455 2800 1525 qui
2854 1455 3148 1509 Cltronicon
3198 1471 3358 1511 suum

1788 1545 2037 1614 perduxit
2066 1560 2234 1614 usque
2268 1543 2332 1597 ad
2364 1559 2567 1596 annum
2591 1543 2794 1598 Christi
2820 1543 2946 1610 221,
2983 1545 3174 1613 quinto
3201 1543 3355 1598 Tem-

1787 1652 1971 1704 porum
1999 1635 2273 1689 volumine
2303 1635 2376 1688 ita
2412 1635 2620 1699 scribit,
2649 1643 2786 1689 teste
2815 1633 3143 1706 Hieronymo
3167 1636 3220 1689 in
3255 1635 3358 1688 Da-

1787 1727 1944 1781 niclis
1981 1742 2099 1796 cap.
2131 1742 2184 1780 ιιι
2207 1769 2221 1792 ,
2254 1735 2306 1782 et
2339 1726 2570 1782 Eusebio
2610 1727 2748 1781 libro
2779 1726 3138 1780 Demonstrat.
3171 1743 3352 1796 evang.

1786 1833 1883 1871 vm
1917 1836 1929 1871 :
1959 1817 2127 1872 Grazci
2157 1829 2206 1870 et
2231 1816 2411 1871 Jttdtei
2442 1835 2534 1887 per
2571 1828 2685 1872 octo
2712 1833 2875 1873 annos
2911 1818 3070 1871 trium
3097 1820 3356 1871 mensium

1800 1909 2189 1982 Ἐμϐολισμοὺς
2217 1911 2444 1979 faciunt.
2497 1910 2557 1966 Si
2601 1912 2738 1966 enim
2777 1913 2934 1967 octies
2974 1909 3214 1964 undecim
3245 1908 3355 1963 dies

1787 1999 1900 2069 (qui
1939 2010 2229 2070 supersunt
2257 2017 2322 2055 ex
2352 2017 2495 2054 anno
2516 2002 2647 2056 solis
2672 2017 2794 2055 cttttt
2827 2000 3003 2056 lunari
3032 2000 3353 2070 composito)

1783 2102 1829 2145 et
1851 2103 2095 2162 quartam
2134 2093 2237 2147 diei
2267 2103 2467 2164 partem
2507 2094 2732 2148 voluerts
2767 2103 3094 2163 supputare;
3123 2094 3191 2148 90
3221 2093 3350 2155 dies,

1783 2180 1876 2235 hoc
1899 2191 1973 2235 est
2031 2192 2135 2235 tres
2169 2183 2598 2252 menses,eﬁicies.
2636 2180 2698 2236 Et
2729 2183 2890 2252 paulo
2921 2192 3045 2236 ante
3076 2201 3088 2236 :
3116 2181 3351 2236 Lunares

1783 2272 2122 2328 llebrazorum
2172 2290 2390 2340 menses,
2430 2274 2714 2326 secundum
2753 2273 2965 2327 illorum
3012 2275 3351 2343 supputatio-

1781 2378 1916 2424 ttettt,
1948 2371 2161 2430 possunt
2190 2361 2363 2431 facere
2411 2376 2502 2428 per
2537 2360 2770 2430 singulos
2816 2376 3013 2413 menses
3056 2361 3168 2412 dies
3197 2359 3266 2414 29
3300 2369 3351 2413 et

1779 2456 1968 2518 semis;
2014 2455 2087 2507 ita
2128 2462 2184 2505 ut
2223 2453 2350 2506 solis
2397 2452 2628 2506 circulus
2659 2469 2749 2522 per
2776 2467 2941 2505 annos
2965 2468 3087 2506 suos
3114 2452 3348 2524 singulos

1780 2545 1889 2616 (qui
1935 2547 2122 2598 habent
2151 2546 2260 2597 dies
2288 2543 2391 2598 565
2421 2555 2468 2597 et
2513 2553 2755 2614 quartam
2803 2543 2909 2596 diei
2951 2544 3176 2613 partem)
3229 2543 3347 2613 plus

1776 2637 1965 2690 habent
1990 2635 2228 2688 undecim
2252 2634 2360 2687 dies
2394 2643 2444 2686 et
2466 2643 2712 2703 quartam
2744 2633 2848 2687 diei
2877 2643 3102 2703 partem.
3129 2633 3348 2688 Gratcus

1775 2728 1990 2796 quidem
2023 2725 2348 2780 octaeteridc
2371 2738 2534 2788 usos,
2565 2734 2618 2778 et
2646 2724 2860 2793 quidem
2898 2725 3112 2794 qualem
3144 2725 3232 2779 hic
3254 2726 3347 2778 de-

1775 2819 1965 2874 scribit
2016 2817 2339 2880 Alricanus,
2382 2818 2514 2872 satis
2544 2817 2779 2883 scimus;
2811 2815 3026 2871 Judzeos
3053 2833 3161 2871 non
3191 2817 3342 2880 item,

1774 2911 1880 2964 nisi
1916 2909 2052 2964 forte
2081 2910 2147 2964 de
2176 2908 2501 2963 octaeteridc
2533 2905 2746 2961 Iuliana
2771 2908 2837 2962 ad
2876 2907 2940 2961 76
2964 2923 3136 2962 annos
3161 2908 3345 2977 Calip-

1772 3001 1924 3070 pieos
1957 3000 2008 3053 in
2044 2998 2291 3053 Paschali
2336 3014 2525 3054 eorum
2573 2999 2793 3068 periodo
2842 2999 2964 3053 addi
3001 2999 3160 3053 solita
3198 2999 3342 3052 Alri~

1771 3108 1940 3148 canus
1994 3091 2273 3160 intelligat.
2319 3089 2637 3159 Quanquam
2687 3105 2861 3160 neque
2894 3091 2997 3142 hoc
3030 3089 3202 3154 dicat;
3245 3089 3338 3143 sed

1773 3195 1977 3238 tantum
2006 3183 2220 3238 Judreos
2246 3191 2368 3236 octo
2407 3183 2564 3237 annis
2590 3189 2700 3237 tres
2729 3182 3094 3236 embolimzeos
3124 3197 3340 3237 menses

1769 3277 2040 3330 inculcare
2056 3317 2070 3340 ,
2095 3273 2237 3343 quod
2264 3282 2316 3327 et
2340 3272 2392 3325 itt
2417 3287 2603 3326 eorum
2626 3271 2967 3340 productiore
2982 3271 3050 3324 84
3068 3286 3338 3325 annorum

1767 3363 1991 3434 periodo
2020 3377 2207 3416 verum
2237 3371 2351 3428 est,
2388 3361 2478 3414 ubi
2512 3361 2639 3414 anni
2693 3369 2818 3415 octo
2865 3368 2974 3416 tres
3018 3360 3339 3430 plerumque

1767 3471 1982 3511 menses
2024 3455 2393 3509 embolitnaeos
2443 3453 2851 3508 nanciscuntur.
2903 3451 3013 3506 Cur
3057 3461 3233 3506 autem
3279 3454 3334 3507 itt

1767 3551 1868 3604 hac
1907 3565 2176 3604 annorum
2215 3548 2490 3602 lunarium
2535 3548 2917 3617 supputatione
2947 3547 3157 3617 cyclum
3188 3546 3336 3600 hunc

1765 3641 2056 3696 Africanus
2093 3641 2274 3710 potius
2327 3656 2489 3710 quam
2527 3650 2604 3695 tot
2625 3640 2760 3694 alios
2793 3639 3051 3694 certiores
3079 3639 3330 3709 accipiat,

1764 3734 1910 3788 nulla
1965 3731 2098 3786 mihi
2129 3731 2346 3801 quidem
2398 3730 2538 3785 ratio
2585 3729 2809 3786 solidior
2848 3729 3117 3795 occurrit,
3165 3743 3329 3798 quam

1765 3825 1908 3895 quod
1942 3840 2065 3879 eum
2095 3832 2148 3879 et
2180 3823 2471 3878 faciliorem
2500 3863 2516 3887 ,
2564 3830 2618 3876 et
2656 3837 2687 3876 a
2731 3821 3056 3891 quibusdam
3091 3821 3190 3875 aevi
3245 3821 3330 3875 sui

1763 3916 2088 3971 Christianis
2131 3916 2184 3969 in
2239 3931 2397 3970 usum
2448 3914 2629 3968 induci
2679 3913 2944 3969 videbat:
2980 3927 3104 3966 nam
3140 3913 3328 3967 eodem

1766 4019 2005 4078 tempore
2073 4023 2226 4062 suam
2306 4007 2671 4063 concinnabat
2751 4004 3328 4061 hecktedecaeteridem

1763 4101 2099 4172 Hippolytus.
2139 4098 2204 4153 Et
2239 4113 2371 4153 sane
2405 4098 2565 4168 paulo
2593 4097 2864 4152 difﬁcilior
2910 4096 3302 4151 enneadeeaete

1766 4195 1838 4250 ris
1858 4195 2098 4248 nondum
2127 4191 2454 4246 Christianis
2477 4197 2759 4260 perspecta
2779 4186 2914 4243 satis
2934 4195 3027 4242 aut
3043 4185 3326 4241 familiaris

1759 4293 1910 4349 erat;
1943 4282 2168 4338 Judaica
2200 4296 2328 4336 vero
2347 4281 2415 4334 8-1
2443 4293 2713 4334 annorum
2742 4278 2997 4348 periodus
3032 4275 3188 4332 (idem
3209 4274 3322 4346 jam

1762 4375 1929 4430 nimia
1963 4389 2061 4431 sua
2095 4375 2466 4428 contractione
2493 4370 2817 4441 perdiderat.

2241 4551 2330 4607 Xl.
2372 4551 2424 4605 Μ
2431 4551 2834 4606 ontanistarum.

1826 4692 2051 4760 Quarto,
2103 4689 2461 4752 Montanistte,
2518 4696 2579 4742 ut
2627 4685 2793 4742 refert
2847 4685 3183 4741 Sozomenus
3224 4683 3317 4738 lilt.

1757 4802 1854 4852 vn,
1900 4801 2020 4855 cap.
2068 4783 2136 4838 18
2184 4784 2300 4845 lin.,
2342 4787 2784 4850 argutttentantes
2827 4789 3015 4834 contra
3065 4793 3160 4832 eos
3225 4775 3317 4846 qui

1756 4895 1822 4934 ex
1854 4875 2157 4932 rationibus
2185 4875 2326 4927 lunze
2349 4871 2560 4926 Pascha
2593 4869 2967 4935 celebrabant,
3001 4877 3055 4922 et
3088 4883 3195 4922 non
3221 4882 3321 4937 po-

1756 4973 1864 5028 tius
1892 4985 1958 5025 ex
1991 4969 2120 5026 solis
2146 4966 2369 5029 circulo,
2408 4965 2566 5032 longe
2583 4961 2814 5017 certiore
2841 4969 2895 5014 et
2914 4959 3314 5023 constantiore,

1754 5064 1829 5117 ita
1866 5062 2176 5117 statuebant
2201 5078 2215 5114 :
2244 5058 2445 5112 Menses
2475 5053 2708 5125 singulos
2737 5070 2847 5109 esse
2880 5053 2948 5108 30
2977 5053 3202 5117 dierum,
3232 5051 3317 5103 in-

1751 5157 1919 5226 cipere
1943 5163 2118 5208 autem
2147 5153 2285 5205 diem
2315 5151 2542 5219 primam
2571 5150 2636 5203 ab
2662 5145 2971 5219 aequinoctio
2996 5161 3171 5213 verno,
3200 5161 3316 5216 qua:

1749 5248 2108 5302 Romanorum
2157 5257 2298 5296 more
2349 5241 2549 5312 dicitur
2603 5255 2658 5292 nt
2687 5237 2960 5292 Kalendas
2993 5234 3197 5306 Apriles
3241 5235 3311 5304 (id

1750 5350 1834 5396 est
1863 5339 1935 5394 24
1969 5335 2192 5406 Martii),
2241 5331 2698 5404 quandoquidem,
2744 5329 3008 5400 inquiunt,
3060 5329 3164 5380 duo
3208 5327 3312 5380 ista

1749 5429 2040 5485 luminaria
2074 5437 2196 5481 tuttc
2222 5434 2401 5480 creata
2425 5433 2584 5488 sunt,
2624 5423 2811 5496 quibus
2845 5433 3077 5492 tempora
3105 5431 3152 5475 et
3184 5424 3308 5474 attni

1750 5520 2165 5575 declararentur.
2197 5515 2360 5587 quue
2380 5530 2439 5570 eo
2466 5515 2876 5578 demonstratur,
2907 5512 3044 5584 quod
3073 5511 3197 5565 luna
3224 5528 3311 5568 Der

1748 5611 2112 5667 octaeteridem
2136 5625 2253 5663 cum
2283 5607 2391 5663 sole
2409 5609 2562 5679 paria
2580 5607 2775 5678 faciat,
2809 5606 3106 5675 etutrisque
3130 5603 3302 5658 eodem

1747 5715 1973 5772 tempore
2012 5701 2282 5754 neomenia
2313 5699 2603 5769 contingat.
2641 5697 2913 5768 Siquidem
2953 5695 3226 5749 octaeteris
3253 5694 3303 5748 in

1745 5788 1920 5844 lunari
1953 5803 2108 5842 cursu
2145 5787 2213 5845 99
2254 5787 2536 5855 mensibus,
2570 5786 2749 5841 diebus
2768 5801 2885 5841 rero
2917 5783 3056 5842 2922
3083 5782 3307 5854 comple-
