3862 6498
540 326 649 383 899

1213 325 1271 380 S.
1310 323 1664 381 IIIPPOLYTI
1701 323 1850 380 OPP.
1885 323 2064 379 PARS
2097 317 2161 375 II.
2200 349 2274 362 ——
2300 319 2602 380 DOGMAT.
2645 322 2734 378 ET
2763 323 3109 382 HISTORIC.
3672 332 3747 387 900

547 453 656 496 tur.
707 439 861 494 Intra
903 455 1032 509 quos
1075 439 1154 492 sol
1202 449 1318 494 octo
1353 457 1613 494 annorum
1645 457 1829 496 cursus
1871 440 2116 503 absolvit,
2148 440 2194 496 A
2220 449 2319 492 est.
2349 438 2621 497 Hactenus
2643 441 2998 512 Epiphanius.
3025 443 3235 510 Quibus
3258 443 3425 514 hujus
3447 450 3747 503 octaeteridos

546 535 825 588 destinatis
860 533 1136 602 unicuique
1167 549 1304 585 anno
1333 532 1512 586 diebus
1547 532 1649 587 560
1677 533 1752 604 (2)
1777 549 1894 586 cum
1921 545 2110 600 quarta

546 629 759 693 insuper
789 627 941 677 unius
971 624 1075 676 diei
1097 634 1265 692 parte.
1292 624 1544 678 Etenima
1567 643 1616 680 ιχ
1651 624 1924 680 Kalendas
1948 626 2110 694 Apri-

548 719 642 780 les,
667 728 721 770 ut
741 717 802 768 ab
829 717 1042 770 exordio
1061 718 1342 770 creatiunis
1367 717 1492 770 solis
1517 735 1578 770 ac
1594 718 1754 787 primi
1777 718 1965 771 mensis
1987 735 2112 786 sup—

545 817 732 876 putant
762 819 1104 861 memoratam
1127 806 1391 862 insanctis
1403 807 1614 862 Litteris
1637 808 1699 861 I4
1721 809 1879 872 diem,
1909 818 1957 862 et
1979 809 2112 860 hanc

543 903 850 956 essedicunt
872 917 968 956 vnt
999 901 1128 956 Idus
1161 903 1382 971 Aprilis,
1414 906 1467 958 in
1499 921 1602 974 qua
1637 904 1842 957 Pascha
1867 896 2112 972 perpetuo

541 994 826 1047 celebrant.
862 994 1012 1058 Quod
1047 995 1092 1047 si
1127 1011 1245 1048 cum
1276 996 1374 1048 hac
1409 996 1493 1049 die
1523 998 1634 1050 dies
1661 999 1820 1050 etiam
1857 997 2112 1052 Resurre-

546 1089 732 1141 ctioais
759 1090 894 1154 forte
921 1099 1221 1153 concurrat,
1269 1099 1380 1142 tum
1406 1091 1639 1159 proxime
1673 1095 1906 1162 sequenti
1942 1093 2116 1146 Domi-

547 1181 667 1233 nica
719 1181 879 1250 ferias
920 1190 1103 1250 agunt.
1155 1180 1422 1252 Scriptum
1479 1193 1556 1236 est
1602 1185 1737 1236 enim
1777 1200 1796 1238 :
1830 1186 1870 1238 A
1911 1203 1999 1239 xw
2033 1187 2116 1240 die

546 1287 706 1340 usque
744 1269 810 1322 ad
855 1286 964 1323 im.
1007 1269 1496 1324 lizeeblontanistm
1540 1272 1679 1340 apud
1726 1270 2114 1336 Sozomcnum,

545 1374 612 1414 ex
635 1362 833 1430 quibus
861 1361 969 1414 duo
995 1369 1140 1414 certa
1167 1359 1359 1428 colligo
1397 1377 1410 1413 :
1446 1358 1708 1426 Primum,
1734 1361 2113 1414 octaeteridem

545 1455 758 1526 primis,
809 1463 867 1507 ut
922 1453 1054 1518 dixi,
1098 1452 1427 1508 Christianis
1474 1452 1526 1505 in
1569 1469 1668 1507 usu
1715 1457 1919 1524 passim
1949 1456 2118 1510 fuisse

546 1563 646 1618 pro
675 1545 936 1600 Paschate
967 1565 979 1599 :
1017 1545 1218 1614 alioqui
1263 1545 1606 1599 Moutanistzu
1635 1555 1821 1600 contra
1868 1549 2115 1602 umlnam

547 1648 875 1711 pugnarent.
922 1636 1254 1701 Secundum,
1319 1637 1699 1692 octaeteridem
1755 1639 1897 1692 illam
1948 1640 2118 1695 fuisse

548 1733 772 1802 praecise
810 1731 1020 1786 dierum
1051 1729 1220 1794 2922,
1251 1745 1314 1783 ac
1347 1729 1572 1798 proinde
1599 1729 1866 1785 Julianam
1899 1741 1951 1786 et
1992 1731 2119 1803 lIip-

548 1827 745 1898 polyti;
793 1827 897 1881 nisi
951 1824 1282 1880 Sozomenus
1319 1825 1499 1878 omnia
1536 1825 1622 1879 hic
1662 1841 1768 1879 non
1817 1823 2036 1887 referat,
2068 1837 2121 1879 et

549 1919 736 1971 saltem
761 1917 876 1970 dies
899 1916 1256 1980 abundantes,
1289 1926 1344 1970 ut
1377 1917 1632 1970 minutias
1656 1932 1849 1986 parvas
1873 1917 2116 1970 omittat:

548 2010 694 2076 quod
746 2010 834 2062 vix
887 2019 1038 2078 puto,
1091 2008 1534 2077 quandoquidem
1577 2008 1864 2064 octaeteris
1914 2009 2119 2062 lunaris

547 2112 680 2158 tunc
717 2118 839 2155 cum
877 2101 1039 2155 solari
1080 2101 1228 2170 paria
1261 2116 1366 2154 non
1407 2099 1605 2167 faciat;
1643 2099 1789 2170 quod
1822 2110 2000 2155 tamen
2031 2101 2120 2155 hic

548 2190 892 2246 Montanisla:
928 2199 1258 2262 supponunt.

1064 2324 1180 2380 XII.
1222 2326 1608 2384 Audianorum.

615 2458 842 2528 Quinto,
873 2460 964 2516 sed
991 2461 1105 2516 hcec
1127 2461 1311 2515 omnia
1342 2461 1545 2517 clarius
1571 2462 1734 2516 habet
1761 2441 2117 2532 Epiphanius,

544 2564 600 2608 et
639 2555 815 2608 Iasius
849 2555 1036 2608 haeresi
1073 2554 1137 2608 70
1165 2554 1574 2619 Audianorum;
1605 2556 1902 2624 praesertim
1943 2554 1971 2625 §
2007 2556 2067 2610 I3
2103 2573 2117 2611 :

548 2648 682 2704 Cum
714 2665 905 2710 annus,
944 2647 1138 2716 inquit,
1171 2647 1455 2700 secundum
1479 2646 1605 2700 solis
1639 2663 1850 2700 cursum
1877 2647 1980 2701 ’565
2010 2648 2120 2701 die-

547 2740 647 2795 bus
675 2751 830 2810 atque
865 2739 1006 2793 horis
1038 2739 1203 2792 tribus
1243 2738 1571 2810 (duplicibus
1601 2738 1826 2808 scilicet)
1859 2740 2120 2809 complea-

547 2840 674 2892 tur;
712 2831 834 2884 inde
867 2831 948 2900 ﬁt,
985 2839 1040 2884 ut
1096 2832 1344 2902 quoniam
1393 2831 1520 2884 luna
1557 2830 1661 2884 534
1713 2831 1894 2885 diebus
1922 2849 2119 2886 annuat

546 2939 704 2976 suum
749 2922 990 2989 absolvit,
1039 2923 1150 2976 dies
1179 2923 1226 2976 ei
1260 2923 1496 2976 undecim
1528 2934 1682 2994 atque
1722 2924 1865 2977 hora:
1896 2934 1997 2977 tres
2029 2942 2119 2978 su-

544 3015 769 3085 persint.
805 3013 991 3084 Itaque
1027 3015 1227 3084 primus
1267 3031 1434 3067 annus
1463 3024 1671 3084 epactas
1696 3053 1712 3078 ,
1746 3031 1876 3084 quas
1911 3025 2116 3079 vocant,

547 3108 695 3161 habet
726 3108 965 3160 undecim
1010 3123 1127 3160 cum
1156 3107 1299 3159 horis
1334 3107 1524 3160 tribus.
1585 3105 1854 3160 Secundus
1890 3108 1998 3161 dies
2025 3110 2114 3172 22,

542 3201 710 3252 horas
760 3198 810 3254 6.
873 3198 1076 3252 Tertius
1119 3207 1311 3267 prwter
1353 3198 1463 3252 dies
1506 3199 1596 3262 55,
1635 3199 1791 3253 horas
1821 3199 1873 3254 9.
1912 3201 2029 3264 Qua
2055 3217 2118 3254 ea:

543 3292 751 3344 dierum
785 3307 988 3344 summa
1022 3290 1356 3344 intercalaris
1407 3291 1595 3345 mensis
1637 3307 1772 3343 unus
1816 3290 2117 3352 deducitur,

545 3399 611 3435 ac
641 3382 824 3435 triceni
855 3383 964 3435 dies
987 3381 1312 3434 inseruntur.
1353 3380 1556 3451 Reliqui
1585 3392 1706 3435 sunt
1733 3382 1844 3434 dies
1868 3392 1994 3448 tres,
2024 3384 2120 3435 ho-

547 3491 623 3530 ra:
647 3474 700 3531 9.
734 3473 838 3538 Qui
873 3490 993 3527 cum
1022 3473 1262 3526 undecim
1291 3474 1472 3526 diebus
1501 3476 1624 3526 anni
1651 3475 1828 3543 quarti
1857 3474 1998 3526 horis
2031 3479 2120 3528 tri-

549 3566 644 3620 bus
683 3565 970 3635 canjuncti,
1013 3567 1124 3620 dies
1154 3566 1437 3634 conﬁciunt
1465 3565 1563 3629 Μ,
1595 3567 1750 3620 horas
1788 3567 1873 3619 I2.
1905 3568 2117 3622 Additis

547 3657 737 3710 deinde
772 3657 893 3710 aliis
924 3657 1164 3710 undecim
1210 3657 1391 3711 diebus
1428 3657 1670 3728 horisque
1698 3659 1889 3722 tribus,
1922 3670 2118 3730 epacta:

547 3748 656 3814 28,
681 3761 729 3804 et
765 3751 906 3804 hora:
939 3750 1005 3803 15
1031 3761 1371 3820 consurgunt.
1403 3748 1562 3804 Sexto
1589 3740 1991 3818 demum‘anno,
2021 3769 2118 3806 un-

547 3841 718 3894 decim
747 3842 936 3894 annuis
961 3841 1140 3895 diebus
1167 3853 1321 3912 atque
1353 3842 1495 3896 horis
1527 3841 1694 3896 tribus
1730 3844 2115 3910 accedentibus,

546 3935 659 3987 dies
695 3935 992 4002 con/lantur
1021 3935 1110 4000 56,
1140 3951 1258 3987 cum
1289 3935 1433 3988 horis
1467 3936 1551 3989 18.
1581 3934 1664 3987 Ea:
1688 3937 1752 3988 iis
1782 3937 2115 3991 intercalaris

550 4030 685 4081 alter
707 4028 898 4081 mensis
923 4028 1148 4081 exsistit.
1201 4027 1280 4080 Ad
1324 4029 1460 4081 hunc
1501 4029 1714 4082 modum
1741 4030 1892 4081 tertio
1933 4031 2116 4099 cuique

548 4136 690 4175 anno
745 4120 1018 4173 attributis
1077 4120 1319 4190 singulis,
1375 4119 1480 4172 duo
1542 4137 1740 4174 menses
1793 4122 2112 4174 inseruntur.

547 4213 693 4268 Nam
735 4213 904 4282 priori
951 4213 1174 4265 triennio
1202 4229 1326 4264 suus
1361 4213 1553 4266 mensis
1588 4213 1808 4277 accedit,
1839 4215 2117 4281 posteriori

546 4308 761 4376 perinde
785 4323 933 4359 suus.
965 4306 1174 4358 Restant
1213 4321 1275 4360 ea:
1292 4307 1487 4375 epactis
1506 4306 1612 4358 illis
1641 4307 1751 4358 dies
1781 4305 1833 4371 6,
1865 4307 2006 4360 hora:
2031 4307 2110 4360 IS.

550 4399 751 4463 Quibus
783 4400 1033 4468 septimus
1057 4415 1222 4452 annus
1248 4398 1486 4450 undecim
1507 4399 1639 4461 dies,
1659 4399 1813 4451 horas
1841 4398 1874 4451 ’ὁ
1893 4399 2076 4465 adjicit
2095 4416 2112 4452 :

547 4495 678 4562 ﬁunt
713 4503 910 4562 epactte
942 4493 1040 4557 17,
1076 4493 1218 4546 hora:
1257 4492 1345 4546 2|.
1395 4490 1528 4544 Tum
1569 4504 1748 4545 octavo
1782 4508 1918 4545 anno
1951 4493 2112 4545 unde-
2145 4492 2189 4548 D

544 4587 648 4639 cim
690 4601 871 4638 rursus
903 4585 1082 4637 diebus
1121 4585 1362 4654 horisque
1409 4584 1574 4636 tribus
1620 4585 1854 4654 (semper
1886 4584 2114 4653 duplici-

546 4674 672 4742 bus)
726 4676 1016 4744 adjuncris,
1064 4675 1132 4728 28
1185 4675 1425 4738 dierum,
1478 4675 1727 4728 horarum
1769 4675 1858 4736 24,
1914 4687 2112 4744 epacta!

544 4767 868 4837 colliguntur
898 4785 917 4823 :
947 4768 1087 4820 horae
1119 4767 1227 4819 dies
1257 4768 1539 4836 conﬁciunt
1565 4768 1716 4832 duos,
1767 4769 1855 4838 qni
1897 4769 1966 4823 28
2006 4770 2111 4822 illis

544 4861 907 4925 annnmerati,
935 4861 1002 4915 50
1031 4861 1140 4912 dies
1175 4859 1368 4913 solidos
1411 4863 1686 4930 complent.
1723 4861 1897 4926 Quare
1932 4873 2112 4915 octavo

542 4971 682 5007 anno
715 4954 782 5008 30
815 4949 924 5006 dies
955 4955 1354 5018 intercalantur,
1408 4964 1456 5006 et
1493 4954 1754 5006 biennium
1789 4955 1932 5006 istud
1965 4971 2106 5007 men-

541 5064 648 5102 sem
680 5045 832 5100 habet
862 5063 1042 5100 unum.
1073 5045 1311 5115 Adeoque
1347 5054 1454 5098 tota
1484 5045 1580 5098 illa
1610 5046 1852 5112 periodus
1877 5056 2106 5100 octaete-

544 5138 655 5190 rica
680 5134 790 5188 dies
813 5135 913 5188 sibi
947 5136 1176 5188 vindicat
1203 5135 1292 5195 90.
1319 5135 1408 5200 qui
1438 5151 1634 5186 menses
1660 5133 1854 5186 solidos
1881 5137 2105 5203 eﬂicinnt

544 5236 686 5286 tres;
715 5224 963 5276 nimirum
993 5225 1178 5292 primis
1213 5223 1414 5276 duobus
1450 5224 1687 5276 trienniis
1717 5224 1940 5294 singulis
1968 5242 2108 5279 men-

545 5335 650 5372 sem
690 5334 873 5382 unum,
917 5317 1120 5370 biennio
1161 5316 1342 5370 itidem
1392 5326 1630 5385 sequente
1660 5333 1884 5370 mensem
1922 5333 2099 5371 unum.

545 5422 613 5464 1n
655 5413 737 5465 his
788 5411 955 5464 tribus
993 5407 1395 5462 intercalaribus
1424 5391 1728 5470 mensibus,
1763 5411 1852 5480 qui
1907 5410 2106 5478 triplici

543 5503 639 5556 illa
669 5504 870 5556 dierum
901 5501 1202 5556 collectione
1233 5512 1496 5565 constant,
1539 5501 1848 5556 Juda'orum
1879 5502 2108 5568 Pascha,

543 5613 576 5647 a
619 5596 1038 5649 Christianorum
1091 5604 1495 5663 cwterorumque
1554 5594 1813 5651 Paschate
1851 5597 2110 5650 diversum

2212 531 2539 588 Christiana:
2577 545 2794 600 natura,
2834 535 3220 605 quantitasque
3263 537 3425 606 plane
3474 535 3668 592 Julian:
3709 555 3746 596 rt

2213 619 2530 694 Ilippolytea
2574 625 2787 678 dierum
2819 626 2965 680 2922
3003 627 3150 680 velut
3178 627 3354 682 oculis
3388 628 3748 696 subjiciturzet

2210 720 2267 776 id
2301 724 2560 784 praeterea
2585 716 2944 786 signiﬁcatur,
2973 733 3148 772 annos
3175 718 3297 787 ejus
3325 719 3670 774 embolimaeos
3689 723 3746 774 di-

2213 823 2400 864 versos
2423 810 2492 864 ab
2515 808 2847 881 Hippolyteis
2876 811 3045 866 fuisse
3069 829 3081 864 :
3107 811 3552 880 quandoquidem
3571 815 3743 881 primus,

2214 905 2444 965 quartus
2483 906 2537 951 et
2581 901 2846 966 septinms
2884 901 3011 953 anni
3055 901 3422 955 octaeteridos
3448 900 3742 974 Hippolytae,

2217 987 2327 1042 sint
2365 990 2726 1055 embolimaei;
2757 1005 2865 1044 non
2891 991 3102 1059 tertius,
3142 1001 3329 1047 sextus
3375 1002 3430 1047 et
3461 1003 3681 1055 octavus,
3707 1010 3742 1045 u:

2217 1080 2270 1134 iu
2311 1081 2410 1135 hac
2449 1081 2844 1152 Epiphaniana.
2877 1082 3063 1153 Neque
3105 1093 3282 1138 tamen
3324 1084 3462 1139 satis
3508 1086 3741 1156 colligitur,

2217 1187 2340 1227 cum
2372 1189 2480 1242 quo
2503 1173 2707 1228 Christi
2735 1189 2880 1229 anno
2905 1177 3316 1246 componendus
3348 1177 3423 1232 sit
3457 1177 3650 1246 primus
3671 1178 3742 1228 Illi-

2213 1265 2305 1336 jus
2332 1266 2692 1321 octaeteridos
2716 1282 2913 1329 annus,
2948 1268 3052 1323 nisi
3079 1277 3264 1323 certus
3285 1268 3488 1337 aliquis
3522 1269 3744 1322 Charartrr

2219 1358 2560 1412 adhibeatur.
2611 1358 2880 1415 Craterum
2921 1376 3041 1414 eam
3094 1361 3147 1414 in
3200 1376 3302 1414 usu
3357 1361 3596 1413 maxime
3621 1359 3743 1414 fuisse

2220 1451 2409 1520 primis
2443 1451 2699 1507 Ecclesia:
2739 1454 3095 1521 temporibus,
3149 1454 3338 1506 saltem
3375 1461 3502 1521 post
3539 1449 3630 1504 200
3657 1455 3741 1521 plus

2221 1543 2404 1596 minus
2453 1542 2656 1597 Christi
2703 1559 2929 1607 annum,
2965 1544 3074 1597 duo
3115 1559 3180 1597 ex
3215 1545 3321 1598 hoc
3349 1543 3625 1614 Epiphanii
3660 1549 3741 1601 loco

2219 1632 2495 1688 evincunt.
2525 1631 2710 1686 Primo
2731 1674 2746 1699 ,
2775 1635 2917 1702 quod
2945 1633 3282 1703 Epiphanius
3302 1647 3498 1692 contra
3521 1639 3742 1693 Audianos

2224 1723 2312 1777 hic
2335 1739 2501 1793 agens
2525 1740 2622 1794 pro
2656 1741 2844 1780 mense
2875 1726 3136 1794 paschali,
3162 1726 3305 1780 lunae
3337 1736 3589 1784 naturam
3611 1746 3659 1784 ea
3677 1748 3741 1783 ex-

2222 1815 2424 1886 plicare
2451 1818 2662 1881 maluit,
2685 1834 2848 1888 quam
2871 1819 3381 1875 enneadecaeteride
3406 1822 3741 1880 Alexandrina.

2222 1909 2474 1976 quamvis
2518 1920 2631 1963 tum
2663 1912 2898 1964 maxime
2930 1911 2984 1963 in
3026 1909 3322 1966 Ecclesium
3356 1912 3664 1966 Orientalem
3692 1915 3738 1966 ir-

2221 2009 2478 2068 repente,
2532 2002 2622 2056 sed
2660 2017 2822 2070 quam
2855 2002 3115 2068 Audiani,
3167 2013 3225 2057 ut
3261 2005 3629 2068 recentiorem,
3652 2006 3744 2073 reji-

2219 2093 2457 2147 ciebant.
2497 2093 2770 2161 Secundo,
2821 2111 2944 2149 nam
2989 2095 3040 2148 id
3089 2095 3386 2151 Catholicis
3441 2097 3738 2166 objiciebaot,

2221 2194 2358 2240 teste
2385 2186 2574 2240 eodem
2601 2185 2899 2256 Epiphanio
2928 2187 2954 2257 §
2985 2186 3016 2239 9
3045 2202 3057 2236 :
3082 2188 3124 2238 Α
3150 2187 3512 2253 Constantini,
3535 2189 3743 2257 inquiunt,

2222 2291 2472 2348 tempore,
2514 2289 2570 2334 ut
2604 2281 2938 2350 imperatoris
2984 2282 3246 2334 rationem
3277 2281 3571 2347 haberetis,
3608 2293 3742 2351 pater-

2220 2391 2343 2428 nam
2375 2374 2429 2426 in
2468 2372 2776 2426 celebrando
2803 2373 3058 2428 Paschate
3097 2375 3529 2427 consuetudinem
3580 2375 3744 2442 reliqui-

2219 2468 2357 2530 stis;
2411 2466 2650 2536 diemque
2693 2469 3083 2530 commutastis,
3135 2475 3191 2518 ut
3225 2482 3311 2521 vos
3347 2467 3420 2519 ad
3461 2467 3740 2536 imperatoris

2221 2570 2406 2612 nutum
2445 2558 2910 2612 accommodaretis
2940 2574 2958 2611 :
2993 2567 3041 2611 et
3072 2575 3188 2611 cum
3223 2559 3421 2612 natalis
3463 2559 3746 2612 Constantini

2221 2651 2591 2712 celebraretur,
2641 2648 2920 2703 Paschalis
2970 2650 3228 2703 rationem
3257 2651 3601 2703 inimutastis.
3646 2648 3747 2700 Prs-

2221 2749 2464 2798 cesserat
2505 2741 2667 2810 igitur
2712 2740 2849 2793 alios
2876 2740 3312 2794 Christianorum
3351 2742 3538 2810 cyclos
3562 2747 3750 2793 octaete.

2220 2835 2329 2898 ris;
2359 2833 2478 2887 ideo
2507 2848 2538 2886 a
2581 2831 2833 2888 Patribus
2866 2833 3099 2887 Niczenis
3133 2833 3363 2899 abjecta,
3404 2833 3549 2901 quod
3573 2849 3598 2885 a
3623 2833 3747 2882 ratio.

2223 2927 2383 2980 nibus
2431 2925 2577 2980 veris
2615 2927 2755 2978 lunae
2804 2925 3077 2995 sesquidie
3114 2926 3348 2979 deiicere
3376 2925 3653 2987 videretur,
3679 2940 3745 2990 ενα

2222 3019 2424 3073 minata
2454 3019 2626 3074 solido
2657 3017 2854 3072 triduo.

2586 3152 2722 3206 XIII.
2762 3153 3005 3206 Aliorum
3039 3151 3176 3221 apud
3209 3151 3432 3206 Bedam.

2294 3289 2477 3355 Sexto,
2509 3304 2609 3344 nec
2633 3298 2840 3343 tantum
2877 3289 3068 3358 primis
3101 3288 3208 3344 illis
3240 3286 3502 3343 Ecclesiae
3534 3284 3744 3355 tempori-

2220 3383 2322 3437 bus
2354 3383 2419 3436 ad
2468 3399 2625 3436 usum
2666 3381 2948 3436 Paschatis
2987 3381 3225 3435 adhibita
3257 3391 3341 3434 est
3373 3391 3647 3435 octaeteris
3677 3396 3686 3430 :
3712 3379 3749 3428 iu

2221 3492 2340 3530 sera
2385 3477 2548 3529 etiam
2594 3477 2790 3529 saecula
2833 3475 3168 3528 inveteravit.
3218 3473 3308 3528 Sic
3359 3477 3508 3529 enim
3547 3473 3668 3525 Βεάε
3694 3469 3750 3520 De

2220 3566 2424 3618 ratione
2457 3577 2639 3634 temp.,
2693 3581 2811 3636 cap.
2866 3565 2936 3618 4i
2971 3583 2984 3619 :
3034 3565 3219 3619 Verum
3263 3569 3429 3620 etiam
3475 3582 3605 3619 nunc
3642 3573 3751 3622 sunt.

2219 3660 2307 3728 qui
2334 3658 2462 3713 solis
2491 3668 2607 3711 octo
2641 3675 2836 3723 annos,
2869 3659 3086 3712 totidem
3121 3659 3274 3712 annis
3299 3659 3577 3712 lunaribus
3602 3662 3752 3726 putant

2219 3751 2422 3804 dierum
2457 3750 2761 3816 wqualitate
2789 3752 3047 3818 componi.
3087 3748 3305 3804 Refutat
3339 3765 3435 3805 eos
3460 3751 3550 3805 ille
3575 3751 3753 3820 quidem

2219 3852 2274 3898 et
2314 3852 2460 3898 recte
2513 3861 2526 3896 :
2575 3843 2666 3897 sed
2714 3857 2814 3896 nos
2863 3844 3026 3896 etiam
3069 3843 3226 3898 docet
3259 3844 3637 3899 octaeteridem
3665 3843 3751 3910 jam

2219 3934 2345 3989 inde
2384 3935 2452 3989 ab
2481 3951 2624 3990 anno
2653 3935 2854 3990 Christi
2895 3935 3101 4005 vulgari
3143 3935 3269 4001 222,
3318 3951 3414 3990 aut
3443 3937 3604 3991 etiam
3628 3937 3756 3989 citius

2220 4037 2572 4096 usurpatam,
2627 4028 2693 4080 ad
2743 4043 2840 4080 sua
2903 4044 3074 4098 usque
3135 4039 3402 4097 tempora,
3448 4045 3544 4083 seu
3587 4041 3754 4080 annum

2219 4119 2420 4173 Christi
2460 4118 2560 4171 7-20
2592 4128 2685 4172 aut
2736 4117 2838 4171 ’750
2865 4159 2880 4185 ,
2923 4134 2953 4172 a
2989 4118 3312 4188 quibusdam
3361 4118 3756 4188 pertinacissime

2218 4222 2617 4267 conservatam.

2217 4363 2359 4419 XIV.
2401 4364 2510 4419 Cur
2553 4365 2977 4419 Christianorum
3023 4365 3382 4434 antiquissimi
3426 4365 3754 4418 octae'eridm

2356 4437 2531 4504 potius
2563 4453 2717 4505 quam
2747 4436 3286 4490 enneadecaeteridem
3323 4437 3645 4504 suﬂecerint.

2290 4572 2401 4627 Cur
2429 4583 2606 4628 autem
2639 4574 3074 4628 Christianorum
3111 4573 3197 4628 isti
3227 4575 3630 4644 antiquissimi,
3657 4586 3756 4626 cum

2220 4665 2526 4733 pasehalem
2555 4663 2865 4720 Judzeorum
2893 4666 3104 4735 cyclum
3138 4667 3252 4736 jam
3299 4681 3597 4720 erroneum
3635 4664 3758 4718 ἀω-

2220 4772 2339 4811 rere
2369 4765 2422 4810 et
2467 4757 2572 4810 alio
2609 4759 2873 4827 castigare
2913 4758 3139 4820 vellent,
3191 4749 3577 4814 octaetéridem
3611 4756 3759 4827 potius

2219 4866 2383 4918 quam
2427 4850 2996 4905 eimeadecaeteridem
3045 4851 3377 4916 suﬂ‘eeerint,
3423 4851 3604 4907 facilis
3655 4863 3761 4904 cun-

2214 4944 2423 5013 jertura
2457 4951 2556 4996 est.
2596 4941 2836 4996 Primum
2873 4943 3018 4997 enim
3052 4944 3120 4998 ab
3149 4945 3456 4998 notioribus
3489 4955 3546 4998 et
3585 4942 3760 4996 facilio-

2217 5039 2368 5092 ribus
2412 5039 2547 5093 solet
2581 5047 2773 5091 natura
2818 5037 3140 5106 procedere;
3174 5037 3486 5106 cuiusmodi
3521 5046 3603 5092 est
3631 5046 3759 5090 com-

2216 5133 2494 5203 paratione
2573 5131 3114 5186 enneadecacteridos
3191 5130 3504 5185 octaeteris.
3587 5125 3760 5182 Deinde

2214 5227 2500 5281 octaeteris
2539 5241 2661 5279 cuin
2705 5223 2918 5278 duobus
2948 5225 3106 5279 annis
3143 5223 3515 5280 bissextilibus
3536 5220 3762 5298 parisin-

2214 5321 2306 5384 cit,
2338 5335 2510 5388 eoque
2539 5319 2841 5373 litterarum
2877 5317 3289 5371 Dominicalium
3324 5317 3568 5382 aliquam
3599 5316 3761 5369 saltem

2216 5414 2410 5468 seriem
2442 5414 2656 5477 retinet,
2688 5411 2834 5465 nulla
2860 5420 3003 5466 certe
3024 5411 3235 5464 ratione
3263 5409 3472 5464 turbat.
3501 5406 3763 5462 Enneade—

2216 5505 2444 5560 caeteris
2469 5506 2605 5560 ultra
2635 5514 2871 5574 quatuor
2886 5503 3213 5564 bissexttles,
3242 5512 3346 5555 tres
3375 5510 3591 5555 tantum
3615 5511 3763 5551 annos

2219 5599 2439 5668 insuper
2487 5599 2726 5663 obtinet;
2779 5609 2954 5665 eoque
3000 5595 3303 5648 litterarum
3363 5590 3759 5646 Dominicnlinm

614 5769 690 5840 (2)
717 5768 942 5828 Videtur
964 5771 1245 5833 legendum
1274 5770 1394 5826 365.
1424 5771 1658 5826 liecrcn.
1680 5795 1732 5811 ~—
1760 5768 1834 5825 Ita
1863 5771 2158 5827 enimvero.
2196 5770 2325 5828 Vide
2377 5773 2644 5829 Valesium
2685 5772 2736 5826 in
2771 5773 2912 5828 hunc
2936 5772 3136 5829 locum.
