3862 6494
175 319 279 375 905

1080 320 1350 378 SPURIA.
1392 352 1458 362 —-
1495 321 1582 374 DE
1620 318 2203 375 CONSUMMATIONE
2244 315 2479 373 MUNDI.

3279 312 3384 365 906

173 438 266 492 καὶ
297 438 688 509 ὲπιψοιτήσεως
713 436 804 490 τοῦ
834 438 985 506 ἁγίου
1001 439 1439 509 Πνεῦματος,κα“ι
1473 437 1537 490 τά
1566 439 1728 507 μήπω

1846 434 2090 497 ulventu,
2146 443 2197 486 et
2246 432 2404 484 verba
2435 431 2502 484 de
2549 427 2613 482 iis
2639 443 2760 498 qua:
2791 426 3028 480 nondum
3075 424 3387 481 acciderunt

172 528 433 598 γεγονότα
481 529 588 598 (‘26)
637 529 1031 598 διαλεγόμενοι·
1082 530 1200 582 ὅθεν
1244 532 1337 583 καὶ
1379 530 1573 591 πάσαις
1616 532 1731 591 ταῖς

177 619 468 690 μετέπειτα
516 622 763 686 γενεαῖς,
821 619 1078 689 μεγίστην
1121 619 1348 691 Θεωρίαν
1397 619 1488 671 καὶ
1542 617 1732 687 πρᾶξιν

175 709 658 780 ἁνεζωγράτιησαν.
705 709 794 761 Διὸ
823 709 886 777 δὴ
917 710 1009 761 καὶ
1044 710 1142 780 τὴν
1185 709 1278 761 τοῦ
1323 710 1453 763 Θεοῦ
1503 711 1609 778 (‘27)
1647 708 1733 760 διὰ

175 800 376 870 σαρκὸς
407 799 694 869 ἐπιδημίαν
727 796 804 867 τῷ
831 798 1018 868 κόσμῳ
1052 797 1397 868 κηρύξαντες,
1424 799 1519 868 τὴν
1551 800 1611 850 ὲκ
1635 797 1733 865 τῆς

175 892 551 961 παναχράντου
589 891 682 943 καὶ
721 889 968 942 θεοτὸκου
1011 891 1119 959 (9.8)
1153 890 1368 960 Μαρίας
1392 929 1405 950 ,
1436 887 1734 960 γεννήσεως

171 1000 228 1035 τε
260 986 357 1036 καὶ
385 983 689 1052 αὐξήσεως,
718 983 811 1036 καὶ
838 983 936 1052 τῆς
973 983 1107 1052 μετὰ
1139 981 1436 1054 ἀνθρώπων
1477 983 1734 1052 ἀναστρο-

173 1072 282 1140 φῆς
328 1073 438 1141 (29)
487 1073 581 1124 καὶ
633 1070 904 1140 βιώσεως,
951 1073 1043 1125 καὶ
1094 1072 1190 1143 τὴν
1233 1073 1320 1126 διὰ
1370 1072 1734 1141 βαπτίσματος

170 1161 441 1225 ἀνάδειξιν
473 1160 635 1215 αὐτοῦ
656 1201 669 1223 ,
702 1162 794 1214 καὶ
831 1163 992 1214 πᾶσιν
1024 1161 1324 1233 ἀνθρώποις
1363 1161 1733 1232 γενησομένην

173 1255 566 1324 ἀναγέννησιν,
600 1253 685 1306 διὰ
729 1254 952 1325 λουτροῦ
1001 1254 1411 1322 παλιγγενεσίας
1433 1271 1445 1283 ·
1484 1253 1580 1323 τὴν
1609 1252 1732 1322 ξτῶν

174 1346 469 1416 θαυμάτων
494 1345 717 1415 πληθὺν,
744 1345 835 1396 καὶ
864 1343 923 1396 τὸ
949 1344 1040 1395 ἐπὶ
1073 1342 1302 1412 σταυροῦ
1337 1342 1601 1414 μακάριον
1633 1341 1734 1393 πά-

173 1439 303 1501 Θος,
339 1439 432 1491 κα)⁸
462 1437 528 1489 τά
562 1439 618 1489 ὲν
655 1436 798 1506 αὐτῷ
835 1435 1221 1506 ὲμπαίγματα,
1257 1435 1396 1504 άπερ
1441 1435 1588 1506 παρὰ
1628 1433 1734 1485 τῶν

184 1533 452 1586 Ἰουδαίων
481 1532 734 1602 ὑπέμεινε
761 1548 772 1560 ·
812 1531 909 1601 τήν
941 1532 1115 1600 ταφὴν
1147 1528 1331 1590 αὐτοῦ,
1370 1528 1465 1598 τὴν
1495 1531 1573 1592 εἰς
1610 1529 1733 1598 ᾅδου

171 1627 504 1687 κατάϐασιν,
534 1627 626 1679 καὶ
657 1625 761 1676 τῶν
794 1623 886 1676 ἀπ’
919 1621 1128 1676 αίὼνων
1168 1622 1279 1692 (50)
1318 1621 1502 1692 ψυχῶν
1532 1621 1734 1674 ἀνάϐα-

171 1720 257 1771 σίν
286 1736 347 1772 τε
380 1720 474 1771 καὶ
507 1717 880 1788 ἀπολύτρωσιν
915 1716 1061 1786 (5|),
1085 1714 1182 1784 τὴν
1217 1714 1310 1766 τοῦ
1342 1713 1569 1767 Θανάτου
1603 1712 1730 1781 φθο-

173 1809 274 1882 ρὰν
295 1851 312 1876 ,
339 1812 435 1880 τήν
462 1827 521 1861 τε
550 1811 613 1861 ὲκ
645 1807 849 1878 νεκρῶν
874 1806 1034 1860 αὐτοῦ
1072 1805 1328 1871 ζωοποιὸν
1360 1805 1572 1876 ἔγερσιν
1594 1845 1607 1866 ,
1642 1806 1734 1856 καὶ

167 1902 373 1965 παντὸς
399 1901 492 1954 τοῦ
525 1902 725 1970 κόσμου
762 1900 1082 1962 ἀνάπλασιν,
1120 1901 1214 1952 καὶ
1239 1898 1335 1968 τὴν
1365 1899 1440 1960 είς
1475 1897 1734 1968 οὐρανοὺς

167 1993 492 2064 ἀναλήψεως
518 1992 626 2062 (5‘2)
656 1991 835 2045 ἄνοδον
854 2033 870 2054 ,
898 1993 992 2045 καὶ
1019 1991 1116 2062 τὴν
1140 1991 1233 2044 τοῦ
1269 1989 1404 2042 Πνεύ
1415 2004 1579 2058 ματος
1603 1988 1726 2040 ὑπο-

166 2085 332 2156 δοχὴν
354 2124 368 2148 ,
393 2073 575 2154 ἧσπερ
616 2083 724 2151 (55)
765 2085 812 2136 οἱ
845 2083 1128 2136 ἀπόστολοι
1162 2079 1569 2152 κατηξιώθησαν
1592 2096 1605 2108 ·
1642 2080 1735 2130 καὶ

168 2176 337 2230 πάλιν
381 2176 479 2245 τὴν
528 2174 782 2245 δεύτεραν
828 2174 1128 2244 παρουσίαν
1162 2172 1258 2243 τήν
1309 2171 1602 2241 μέλλουσαν
1647 2171 1736 2221 ὲκ-

167 2264 350 2336 θροεῖν
377 2265 444 2316 τὰ
477 2263 781 2334 σύμπαντα·
811 2263 1120 2330 ἀναγκαίως
1149 2263 1254 2334 γὰρ
1267 2261 1601 2326 βλέποντες
1625 2259 1735 2329 (⁵4)

167 2357 496 2426 καλούμενοι
525 2355 913 2426 προῦπέδειξαν
946 2355 1038 2407 καὶ
1073 2355 1349 2423 προεῖπον.

244 2450 314 2502 ll.
339 2448 428 2500 Διὸ
462 2448 554 2500 καὶ
584 2447 681 2517 τῆς
705 2446 1007 2507 συντελείας
1029 2448 1157 2515 ἡμῖν
1190 2445 1288 2515 τὴν
1315 2443 1518 2514 ἡμέραν
1544 2441 1739 2510 ἐνεφά-

166 2558 366 2612 νησαν,
388 2541 488 2610 τήν
511 2542 566 2592 ἐν
590 2541 699 2602 τοῖς
735 2538 980 2608 ἐσχάτοις
1014 2539 1241 2608 καιροῖς,
1263 2535 1358 2603 τὴν
1386 2533 1476 2586 τοῦ
1502 2533 1738 2587 ἀποστάο

166 2649 265 2686 του
301 2631 598 2702 ἐμφάνειαν
629 2631 720 2682 καὶ
754 2629 959 2699 πλάνην
992 2631 1101 2690 τοῖς
1139 2625 1440 2698 ἀνθρώποις
1474 2625 1610 2697 (55),
1644 2623 1740 2678 καὶ

164 2724 270 2794 τῆς
297 2721 570 2792 βασιλείας
609 2719 771 2773 αὐτοῦ
819 2721 917 2790 τὴν
951 2719 1163 2788 ἔναρξιν
1200 2720 1293 2771 καὶ
1328 2717 1736 2792 συμπλήρωσιν,

166 2816 266 2869 καὶ
284 2815 383 2885 τὴν
403 2812 496 2867 τοῦ
524 2812 706 2883 κριτοῦ
729 2812 955 2875 ἕλευσιν,
978 2813 1072 2865 καὶ
1091 2811 1186 2879 τὴν
1206 2809 1310 2864 τῶν
1330 2810 1550 2863 δικαίων
1574 2809 1736 2881 ζωήν,

166 2906 266 2959 καὶ
293 2907 393 2975 τὴν
428 2903 535 2958 τῶν
561 2901 896 2974 ἁμαρτωλῶν
920 2900 1188 2971 τιμωρίαν
1219 2899 1627 2970 προῦπέφηναν,
1653 2899 1740 2950 ἵνα

167 2998 374 3060 πάντες
422 2998 584 3066 ἡμεῖς
620 2997 677 3048 ἐν
710 2994 786 3064 νῷ
821 2994 1072 3064 φέροντες
1119 2991 1288 3044 ταῦτα
1339 2991 1456 3042 καθ’
1506 2990 1738 3056 ἑκάστην

165 3089 384 3160 ἡμέραν
413 3088 507 3139 καὶ
527 3086 691 3157 ὤραν,
712 3085 785 3148 ὡς
813 3084 973 3137 τέκνα
1000 3083 1095 3152 τῆς
1122 3081 1441 3150 Ἑκκλησίας
1464 3079 1739 3148 γινώσκω⁴

170 3198 274 3252 μεν
305 3179 414 3249 (56)
451 3179 538 3232 ὅτι
567 3177 702 3230 ἰῶτα
727 3176 828 3239 ἓν,
869 3175 907 3243 ἢ
959 3176 1068 3243 μία
1111 3175 1314 3240 πετραία
1345 3173 1402 3236 ἐξ
1434 3172 1606 3224 αὐτῶν
1643 3172 1740 3223 οὐκ

164 3271 569 3340 ἀπολυθήσεται
604 3269 752 3339 (57),
781 3266 961 3329 καθὼς
993 3268 1022 3318 ὁ
1049 3265 1308 3334 σωτήριος
1341 3263 1495 3330 λόγος
1530 3262 1740 3330 ὑπέςιη-

166 3381 284 3416 νεν.
345 3361 678 3430 ’Λναγκαίως
729 3356 821 3412 οῦν
878 3358 1076 3420 πάντες
1143 3354 1384 3419 ἀνοίξατε
1439 3353 1572 3422 (58)
1620 3355 1742 3415 τοὺς

164 3453 485 3524 ὀφθαλμοὺς
505 3453 610 3504 τῶν
637 3449 870 3522 καρδιῶν
900 3448 1052 3519 ὑμῶν
1076 3449 1169 3501 καὶ
1200 3447 1267 3500 τὰ
1301 3441 1415 3499 ὦτα
1443 3446 1540 3515 τῆς
1567 3444 1743 3512 ψυχῆς

165 3547 348 3617 ὑμῶν,
374 3546 468 3598 καὶ
495 3543 843 3610 ὑποδέξασθε,
863 3542 921 3594 ὃν
957 3541 1218 3611 μέλλομεν
1246 3539 1422 3606 λέγειν
1441 3537 1594 3605 λόγον
1611 3535 1739 3604 (59).

164 3635 366 3704 Πάσης
396 3632 505 3703 γὰρ
533 3632 733 3702 φρίκης
762 3633 855 3684 καὶ
883 3629 1047 3699 φόϐου
1085 3628 1275 3699 μεστὸν
1302 3629 1540 3698 διήγημα
1570 3625 1744 3696 μέλλω

166 3724 474 3797 ἐμφανίσαι
520 3727 795 3794 σήμερον,
841 3727 940 3793 τὴν
1003 3720 1346 3782 συντέλειαν,
1406 3720 1590 3789 ήγουν,
1648 3718 1744 3788 τήν

165 3817 516 3887 παγκόσμιον
550 3816 662 3886 (40)
702 3815 795 3868 τοῦ
841 3813 1035 3886 ἐχθροῦ
1082 3814 1176 3866 καὶ
1218 3812 1459 3866 διαϐόλου
1501 3810 1741 3878 πλάνην·

163 3909 270 3962 καί
318 3907 456 3977 μετὰ
499 3907 670 3960 ταῦτα
709 3906 804 3959 τοῦ
839 3906 1043 3978 Κυρίου
1091 3904 1246 3976 ήμῶν
1297 3903 1467 3976 Ἰησοῦ
1513 3903 1743 3975 Χριστοῦ

165 3999 330 4054 δευτέ
341 4016 439 4070 ραν
465 3999 782 4069 παρουσίαν.

242 4092 339 4143 Ill.
371 4089 541 4142 Πόθεν
570 4085 685 4152 οὖν,
713 4088 1062 4159 φιλόχριστοι,
1090 4086 1239 4157 λάϐω
1268 4084 1379 4156 (41)
1415 4085 1619 4156 ἀρχήν;
1654 4085 1744 4136 καὶ

162 4183 222 4234 τί
258 4180 606 4252 ἀπάρξομαι,
651 4181 684 4252 ἢ
714 4181 764 4233 τί
795 4181 1121 4251 διηγήσομαι
1147 4195 1160 4241 ;
1190 4178 1310 4230 τίνα
1346 4178 1595 4248 μάρτυρα
1634 4176 1744 4246 (42)

165 4276 288 4336 τοῖς
314 4272 644 4343 ¹λεγομένοις
667 4272 884 4343 παρέξω
909 4290 922 4336 ;
960 4271 1095 4324 Ἀλλ’
1124 4270 1244 4324 ὅθεν
1279 4271 1367 4323 τὸν
1396 4271 1550 4338 λόγον
1581 4267 1746 4341 ἠρξά-

169 4365 317 4436 μεθα
350 4364 463 4435 (45)
484 4407 498 4430 ,
525 4363 745 4428 τούτους
771 4367 850 4428 εἰς
883 4364 1043 4434 μέσον
1087 4363 1497 4435 παραγάγωμεν
1527 4363 1746 4425 πιστοὺς

242 4480 290 4511 δ’
330 4479 520 4534 Matth.
547 4497 601 4545 ν,
633 4477 716 4533 18.

250 4661 365 4732 (‘26)
409 4659 554 4732 Idem
581 4676 682 4732 ms.
711 4659 902 4732 codex,
931 4659 1217 4732 εὑρηκότα.

253 4729 367 4802 (‘27)
407 4729 514 4783 Τοῦ
548 4731 676 4783 Υίοῦ
701 4731 798 4802 τοῦ
811 4729 955 4802 Θεοῦ
977 4729 1097 4802 ,⁷ἱι1.

252 4798 371 4870 (28⁷)
412 4801 525 4855 Hoc
557 4811 637 4854 est
667 4817 732 4853 ex
769 4801 874 4854 illis
905 4799 1184 4870 vocabulis
1222 4814 1338 4869 qua:
1382 4798 1438 4852 S.
1475 4798 1740 4870 Hippolyti

166 4869 439 4944 martyris
486 4885 615 4944 aevo
645 4871 844 4924 usitata
875 4887 982 4944 non
1031 4869 1199 4944 fuisse
1225 4870 1443 4939 quidam
1477 4871 1572 4922 viri
1597 4869 1742 4922 doeti

164 4939 519 4998 existimant.
563 4939 619 4992 Si
649 4949 827 4994 tamen
873 4941 1078 4994 nulluvn
1111 4940 1254 4992 aliud
1280 4949 1423 4993 esset
1451 4954 1736 5008 argumen-

167 5021 296 5067 tum
347 5020 667 5080 pra-sentem
717 5011 992 5063 homiliam
1031 5009 1315 5080 Hippolyto
1359 5009 1738 5080 abjudieandi,

167 5097 290 5136 non
317 5079 529 5150 magna:
561 5080 690 5150 illud
723 5081 799 5134 rei
825 5089 1000 5142 esset,
1022 5096 1173 5150 cum
1208 5079 1336 5134 Voce
1381 5079 1469 5132 illa
1513 5079 1624 5150 jam
1657 5080 1740 5132 usi

166 5155 292 5206 sint
315 5148 612 5220 Origenes,
645 5149 950 5205 Methodius
970 5191 984 5214 ,
1020 5148 1306 5221 Dionysius
1333 5148 1522 5216 Alex.,'
1541 5149 1742 5217 Hippo-

167 5223 296 5293 lyto
320 5235 605 5293 suppares.

247 5292 362 5364 eo
394 5287 921 5364 ίτὴνμνεστροφιῖν.
947 5287 1008 5342 Bo

273 5307 362 5375 ΞΗ)
405 5307 435 5342 '1
449 5307 515 5359 ην
546 5307 886 5411 ανιξστροφἨ

273 5360 368 5432 οθ)
416 5361 810 5432 ῘΑπῗαῐωνοςι
881 5400 893 5412 ·

276 5426 370 5501 5t)
410 5429 488 5501 De
501 5431 620 5501 piis
646 5426 1362 5501 intellige,autOrigenistas
1381 5444 1529 5485 cave.
1554 5427 1736 5483 Picus.

274 5497 368 5570 52)
409 5497 464 5553 In
498 5497 559 5572 Β.
595 5501 745 5572 deest
767 5497 1089 5572 vocabulum
1123 5497 1456 5572 ἀναλήψεως,
1485 5509 1540 5554 et
1568 5507 1742 5569 potest

168 5571 302 5628 sine
329 5571 614 5624 sententiae
643 5571 964 5624 detrimento
996 5571 1206 5625 abesse.

255 5642 366 5713 (55)
394 5639 539 5713 -Βυογ
571 5640 681 5693 Pici
723 5641 968 5708 codices,
1021 5642 1113 5694 καὶ
1156 5641 1254 5713 τῆς
1295 5640 1384 5694 τοῦ
1433 5639 1742 5710 Πνεύματος

172 5711 456 5782 ὑποδοχῆς
474 5753 489 5775 ,
525 5712 661 5780 ἦνπε
671 5727 720 5781 ρ.

467 5803 736 5864 Ρλτιιοι..
774 5803 886 5867 Gn.
939 5803 1022 5867 X.

1789 1782 1805 1804 ἱ

1780 4592 1820 4644 D

1835 523 2092 577 facientes
2113 561 2126 584 ,
2177 523 2316 576 unde
2342 522 2500 574 etiam
2541 519 2781 571 omnium
2815 516 3132 570 seculorum
3164 515 3391 582 posteri-

1834 617 1928 668 tati
1957 615 2246 668 maximam
2287 613 2622 665 delinearunt
2664 607 3056 678 contemplandi
3093 605 3392 676 agendique

1833 709 2171 762 occasionem
2202 728 2212 760 :
2247 721 2408 776 quam
2450 705 2607 756 etiam
2647 702 2715 755 ob
2741 716 2985 760 causam,
3020 697 3110 752 Dei
3155 713 3248 765 per
3273 711 3394 751 car-

1834 817 1956 856 nem
1992 802 2219 855 advcntu
2264 801 2315 852 in
2367 799 2624 852 mundum
2658 795 3023 864 promulgato,
3058 793 3146 861 qui
3187 806 3250 844 ex
3291 789 3394 843 im-

1833 894 2034 964 polluta
2085 909 2147 948 ac
2185 893 2403 959 deipara
2451 889 2616 942 Maria
2646 898 2824 941 ortum
2858 886 3086 954 sumpsit
3113 891 3274 953 atque
3304 883 3390 934 in-

1833 995 2202 1048 crementum,
2257 984 2376 1051 ejus
2423 997 2544 1036 cum
2590 979 2898 1034 hominibus
2947 975 3392 1031 consuetudinem

1834 1093 1898 1133 ac
1931 1079 2116 1141 vitam,
2167 1077 2392 1145 ejusque
2419 1089 2511 1144 per
2540 1072 2803 1140 baptisma
2833 1068 3273 1131 declarationem,
3309 1066 3394 1120 fu-

1834 1168 2010 1226 turam
2042 1169 2294 1223 omnibus
2323 1165 2632 1220 hominibus
2678 1161 3160 1232 regenerationem,
3196 1174 3290 1228 per
3316 1159 3396 1211 la--

1835 1278 2054 1316 vacrum
2083 1258 2532 1328 regenerationis;
2559 1257 2676 1325 ejus
2699 1254 2954 1308 miracula
2993 1251 3234 1320 copiosa,
3265 1250 3395 1304 bea-

1837 1365 1944 1408 tam
1981 1353 2122 1405 illam
2157 1351 2208 1403 in
2237 1364 2396 1404 cruce
2425 1347 2767 1417 passionem,
2816 1343 3044 1396 ludibria
3087 1339 3397 1394 Judzeorum

1833 1462 1954 1516 quze
1980 1447 2032 1498 in
2069 1461 2130 1498 ea
2154 1442 2388 1513 pertulit,
2449 1440 2782 1509 sepulturam
2809 1437 2946 1505 ejus,
2978 1437 3305 1492 descensum
3333 1434 3400 1487 ad

1835 1538 2052 1600 inferos,
2079 1550 2364 1590 ascensum
2397 1532 2922 1601 redemptionemque
2946 1529 3251 1584 animarum
3282 1542 3402 1595 qua:

1836 1630 2052 1682 fuerunt
2077 1644 2104 1679 a
2142 1626 2386 1687 sreeulis,
2421 1610 2608 1678 mortis
2638 1623 3050 1677 exstinctionem
3079 1661 3094 1684 ,
3130 1619 3399 1673 viviticam

1835 1723 1954 1789 ejus
1986 1736 2014 1772 a
2052 1717 2280 1771 mortuis
2308 1715 2756 1770 resurrectionem
2784 1758 2795 1777 ,
2827 1712 3062 1767 universi
3093 1711 3279 1765 mundi
3313 1725 3403 1763 re-

1839 1811 2240 1871 formationem,
2295 1809 2347 1861 in
2377 1808 2570 1861 cmlum
2602 1807 3024 1874 assumptionem
3053 1813 3106 1858 ct
3127 1801 3405 1857 ascensio-

1838 1917 1979 1965 nem,
2007 1899 2182 1955 sancti
2205 1897 2438 1967 Spiritus
2465 1897 2881 1966 susceptionem,
2901 1910 3005 1962 qua
3037 1894 3250 1948 ornavit
3274 1908 3406 1962 apo-

1836 1992 2039 2058 stolos;
2090 1992 2379 2044 adventum
2425 1990 2656 2054 denique
2685 1988 2980 2042 secundum
3002 2027 3018 2048 ,
3053 1987 3145 2054 qui
3173 1984 3404 2039 manife-

1836 2084 1998 2138 stabit
2027 2083 2209 2137 omnia
2246 2101 2258 2134 :
2288 2098 2411 2135 cum
2450 2083 2676 2138 videntes
2707 2081 3062 2150 appellentur,
3095 2078 3407 2134 necessario

1837 2184 2317 2244 praemonstrarunt
2340 2190 2401 2228 ac
2432 2173 2810 2243 praedixerunt.

1908 2443 1971 2498 ll.
2013 2443 2163 2498 Unde.
2186 2445 2326 2498 diem
2355 2444 2517 2498 etiam
2548 2442 3030 2498 consummationis
3059 2441 3216 2496 nobis
3238 2441 3409 2510 signi-

1840 2535 2106 2600 ﬁcarunt,
2151 2535 2406 2589 extremis
2449 2534 2778 2604 temporibus
2817 2543 3121 2603 apostatam
3163 2548 3409 2587 emersu-

1839 2643 1984 2691 rum,
2031 2627 2123 2696 qui
2157 2626 2403 2681 homines
2449 2627 2752 2688 seduceret,
2791 2625 2996 2678 initium
3042 2639 3104 2678 ac
3130 2625 3288 2679 tinem
3320 2640 3408 2678 re-

1841 2719 1929 2788 gni
1956 2719 2096 2788 ejus,
2128 2719 2330 2788 judicis
2355 2735 2573 2788 quoque
2594 2719 2906 2782 adventum,
2927 2722 3200 2787 justorum
3220 2719 3411 2782 vitam,

1841 2825 1905 2862 ac
1925 2810 2352 2878 delinquentium
2380 2810 2642 2878 supplicia
2667 2811 3062 2880 prmsignarunt
3086 2829 3098 2863 :
3124 2810 3200 2863 uti
3221 2825 3414 2863 omnes

1842 2900 2070 2970 singulis
2095 2901 2285 2956 diebus
2318 2917 2381 2956 ac
2426 2903 2575 2956 horis
2611 2903 2722 2956 [nec
2753 2903 2934 2956 animo
2963 2911 3244 2957 versantes
3269 2903 3416 2982 velut

1842 2992 2095 3048 Ecclesia:
2141 2995 2232 3047 lilii
2265 3011 2695 3065 cognoscamus,
2741 3013 2801 3048 ne
2844 3012 3004 3048 ununt
3055 2996 3262 3065 quidem
3303 2995 3415 3048 iota

1843 3102 1932 3138 nec
1979 3102 2136 3137 unum
2174 3089 2368 3156 apicem
2397 3087 2460 3153 δ’,
2503 3105 2566 3140 ex
2596 3089 2680 3142 his
2711 3089 3036 3156 praeteritum
3074 3088 3139 3140 iri
3175 3106 3186 3140 :
3223 3101 3416 3156 quem-

1844 3176 2134 3230 admodum
2187 3193 2366 3230 sermo
2400 3177 2697 3232 Salvatoris
2734 3178 3011 3231 indicavit.
3075 3175 3277 3233 Omnes
3310 3179 3416 3250 igi-

1844 3277 1931 3320 tur
1962 3268 2268 3321 necessario
2319 3269 2521 3338 aperite
2566 3270 2753 3324 oculos
2796 3271 3039 3324 cordium
3087 3280 3413 3335 vestrorum,

1843 3372 1906 3411 ac
1934 3358 2156 3411 auribus
2210 3361 2404 3413 animae
2449 3368 2639 3415 vestrae
2666 3377 2786 3431 qua:
2816 3363 3012 3416 dicturi
3047 3377 3236 3416 sumus
3267 3363 3416 3416 exci-

1843 3447 1971 3515 pite.
2010 3446 2303 3517 Explicabo
2335 3450 2478 3503 enim
2509 3451 2663 3504 vobis
2695 3451 2957 3505 hodierno
2979 3451 3070 3507 die
3092 3451 3268 3506 omnis
3289 3452 3419 3506 hor-

1845 3539 1985 3592 roris
2011 3541 2343 3610 terrorisque
2395 3541 2608 3610 plenam
2652 3543 3019 3598 narrationem
3061 3561 3074 3598 :
3109 3558 3302 3612 nempe
3349 3543 3416 3597 de

1845 3633 2334 3695 consummatione,
2395 3631 2445 3685 id
2492 3643 2595 3697 est,
2653 3634 2819 3687 totius
2847 3633 3036 3687 mundi
3077 3633 3414 3696 seductione,

1845 3735 2006 3788 quam
2059 3722 2292 3788 patietur
2339 3724 2406 3776 ab
2438 3722 2590 3777 hoste
2633 3733 2686 3778 et
2729 3724 2976 3791 diabolo;
3018 3740 3180 3794 quam
3216 3741 3414 3795 seque-

1849 3818 1934 3861 tur
1965 3811 2233 3865 secundus
2287 3813 2549 3867 adventus
2584 3811 2795 3868 Domini
2827 3814 2995 3870 nostri
3031 3813 3158 3870 Jesu
3189 3814 3413 3870 Christi.

1918 4082 2001 4137 111.
2044 4081 2197 4138 Unde
2225 4100 2374 4155 ergo,
2405 4086 2608 4141 Christi
2635 4097 2899 4150 amantes,
2927 4104 3138 4142 sumam
3162 4088 3418 4142 initium?

1847 4176 1977 4246 quid
2007 4177 2276 4241 exordiar,
2299 4179 2494 4248 quidve
2523 4182 3001 4235 commemorabo?
3031 4180 3200 4248 Quem
3227 4197 3416 4236 eorum

1848 4283 1968 4337 qua:
2000 4270 2120 4322 dico
2155 4277 2344 4322 testem
2375 4270 2678 4325 exhibebo?
2708 4271 2903 4326 Verum
2940 4273 3083 4328 unde
3110 4289 3415 4328 sermonem

1849 4376 2038 4416 sumus
2068 4362 2329 4430 auspicati
2352 4402 2366 4426 ,
2411 4377 2505 4418 eos
2533 4363 2585 4415 in
2619 4364 2851 4418 medium
2885 4365 3229 4434 proferamus
3256 4377 3417 4422 testes

1924 4648 2035 4716 (54)
2076 4647 2205 4713 Qum
2244 4663 2545 4720 sequuntur
2596 4651 2667 4704 ita
2718 4651 2768 4702 in
2819 4649 2878 4703 Β.
2937 4667 3192 4720 expressa
3242 4664 3413 4709 sunt:

1852 4719 2024 4770 πάντα
2054 4719 2459 4795 προῡπέδειξαν,
2482 4719 2561 4772 διὸ
2585 4724 2676 4773 καὶ
2701 4723 2796 4795 τήν
2827 4721 2923 4790 τῆς
2951 4719 3252 4787 συντελείας
3280 4727 3417 4795 ὴμέ-

1855 4805 1949 4868 ραν
1979 4767 2379 4868 Δσυνερράγησαν
2430 4793 2558 4868 ἡμῖν
2601 4793 2697 4868 τῂν
2749 4767 2980 4868 έσχάξην
3033 4795 3145 4868 τ-οῖς
3207 4767 3417 4866 ἱρότοις

1851 4858 2064 4944 ἔσεσθαι
2109 4858 2567 4928 μέλλουσαν,’καὶ
2605 4858 2702 4931 τὴν
2745 4863 2835 4914 τοῦ
2888 4858 3082 4932 ἐχθροῦ
3145 4858 3254 4917 καῖ’
3283 4867 3418 4919 ἁπο-

1854 4945 2066 4982 στατου.

1919 4999 2029 5072 (55)
2070 4998 2125 5072 in
2162 4999 2219 5052 Β.
2251 4999 2655 5072 desuntverba,
2686 5003 2796 5062 τοῖς
2826 5000 3152 5072 ἀνθρώποις.

1919 5070 2029 5140 (56)
2070 5069 2110 5120 Β
2167 5079 2220 5140 et
2253 5069 2387 5140 alius
2415 5068 2523 5123 Pici
2552 5071 2740 5134 codex,
2774 5068 3147 5137 γινώσκοντες.

1919 5138 2024 5208 (57)
2077 5138 2570 5207 Ἀπολειφθήσεται.

1921 5209 2031 5278 (58)
2085 5209 2447 5276 Ἀνοίξαντες,
2484 5209 2543 5263 Β.

1848 5281 2026 5401 MS?)
2069 5281 2127 5332 In
2176 5278 2400 5334 Barocc.
2449 5280 2692 5347 additur,
2751 5281 3107 5346 ὑποδέξασθαι
3153 5285 3184 5339 δ
3233 5284 3415 5358 μέλλω

1880 5367 2043 5403 αλειν.

1941 5419 2028 5497 όθ)
2067 5417 2180 5497 ωτι
2201 5419 2296 5489 τὴν
2331 5419 2633 5497 συχτέλειαν
2661 5422 2756 5495 τὴν
2787 5423 3148 5497 παγκόσμιον.

1942 5491 2029 5559 41)
2065 5489 2345 5560 Λάϐομεν,
2379 5489 2438 5544 Β.

2071 5560 2645 5636 Τίνα-δὲ-μαρτυρίαν,
2679 5565 2751 5620 id.

2173 5672 2187 5696 9
2213 5627 2485 5703 ἡρξᾶμήν,
2508 5627 2567 5690 ἐι
2595 5627 2720 5690 mox
2750 5637 3055 5708 παραγάγω
3092 5651 3189 5706 pro
3235 5648 3414 5704 παρα-

1854 5717 2004 5770 γαγω
2011 5717 2125 5769 μεν.
2733 5746 2736 5750 .

2950 5799 3028 5858 29
