3862 6500
462 341 567 398 907

1254 339 1543 397 APPEND.
1583 341 1672 395 AD
1703 337 1984 395 PARTEM
2023 337 2064 392 II
2105 337 2387 396 OPERUM
2427 340 2484 394 S.
2528 339 2909 400 IIIPPOLYTI.
3601 341 3688 397 908

466 461 572 517 ﬁde
601 461 794 533 dignos
814 502 828 526 ,
866 461 957 531 qui
989 459 1130 516 dicta
1159 462 1544 529 comprobent;
1597 460 1792 516 deinde
1820 467 2034 531 aposto-

2146 459 2426 531 μὰρτυρας
2444 501 2458 524 ,
2496 458 2848 530 βεϐαιοῦντας
2877 460 2984 514 τῶν
3013 460 3320 532 λεγομένων
3349 460 3460 531 (44)
3497 461 3599 532 τὴν
3620 460 3693 532 δή·

463 554 642 611 lorum
671 570 886 624 quoque
914 553 1242 618 doctrinam,
1273 553 1354 607 vel
1379 553 1714 624 prophetiam
1746 554 1945 624 potius,
1981 563 2040 606 ut

459 662 560 720 per
587 647 898 700 universum
949 644 1134 698 orbem
1188 651 1452 698 terrarum
1497 645 1655 714 quasi
1686 645 1812 699 tuba
1840 653 2040 699 canant

458 737 954 796 consummationis
996 737 1160 791 diem.
1201 736 1337 792 Cum
1383 737 1546 806 igitur
1579 738 1633 791 hi
1658 754 1873 808 quoque
1904 754 2039 808 prs:—

460 831 791 904 signaverint
852 845 973 900 quze
1020 829 1260 884 nondum
1315 839 1633 894 evenerunt,
1684 846 1748 885 ac
1797 829 2038 886 fallacias

352 959 358 968 ι
459 937 823 994 perversaque
872 919 1100 976 consilia
1155 922 1526 992 improborum
1580 922 1897 990 hominum,
1944 923 2036 993 qui

457 1015 751 1078 exsistent,
804 1011 1149 1083 aperuerint;
1201 1013 1430 1080 agedum
1471 1011 1666 1067 Isaiam
1718 1013 2036 1083 prophetam

457 1115 718 1177 tanquam
752 1105 988 1176 primum
1021 1114 1212 1160 testem
1261 1105 1315 1158 in
1370 1105 1606 1159 medium
1648 1105 2038 1174 producamus,

455 1197 548 1266 qui
581 1198 742 1250 docet
786 1211 888 1250 nos
915 1211 1036 1264 qua:
1077 1194 1258 1248 futura
1295 1203 1421 1247 sunt
1449 1195 1593 1248 circa
1637 1203 1877 1264 tempora
1907 1209 2039 1248 con-

456 1289 857 1345 siimmationis.
901 1289 1042 1356 Quid
1074 1288 1237 1360 igitur
1273 1289 1385 1342 ait?
1425 1288 1590 1341 Terra
1619 1299 1789 1342 vestra
1811 1289 2036 1366 deserta,

455 1381 695 1434 civitates
747 1388 933 1434 vestrae
981 1381 1096 1449 igne
1140 1390 1359 1433 exustm.
1404 1377 1680 1449 (legionem
1728 1387 1951 1433 vestram
1984 1379 2039 1430 in

456 1483 736 1540 conspectu
778 1481 946 1526 vestro
991 1471 1239 1524 devorant
1275 1470 1458 1525 alieni.
1499 1470 1902 1541 Derelinquetur
1923 1469 2038 1540 ﬁlia

458 1561 585 1616 Sion
614 1563 751 1616 sicut
783 1563 1150 1616 umbraculum
1190 1564 1248 1615 in
1291 1563 1438 1616 vinea
1461 1602 1474 1624 ,
1516 1571 1564 1614 et
1595 1563 1731 1616 sicut
1770 1564 2038 1633 tugurium

455 1655 509 1707 in
537 1656 936 1719 cucumerario;
987 1665 1240 1725 tanquam
1284 1656 1468 1708 civitas
1528 1670 1645 1724 qua:
1696 1664 1935 1708 vastatur
1967 1655 2033 1706 ⁵³.

456 1745 657 1813 Vides,
710 1745 933 1812 dilecte,
988 1747 1173 1801 lumen
1220 1748 1495 1816 propheta:
1530 1747 1870 1811 immissum,
1926 1763 2036 1815 quo

457 1848 672 1907 tempus
700 1838 851 1902 illud,
899 1848 1032 1907 quot
1054 1848 1176 1892 ante
1199 1839 1411 1893 smculis
1436 1838 1764 1892 vaticinatus
1789 1846 1889 1892 est.
1927 1836 2038 1892 Nec
2068 1827 2108 1880 Β

456 1927 602 1982 enim
634 1927 701 1982 de
741 1926 976 1994 Judaeis,
1014 1943 1114 1982 nec
1144 1928 1210 1982 de
1253 1929 1470 1983 civitate
1517 1927 1646 1982 Sion
1674 1927 1899 1981 verbum
1932 1927 2037 1983 hoc

456 2019 738 2089 praedixit,
790 2020 886 2076 sed
931 2019 999 2076 de
1039 2019 1300 2076 Ecclesia.
1364 2019 1497 2074 Nam
1542 2035 1732 2075 omnes
1763 2020 2037 2090 prepheta:

457 2111 806 2168 declararunt
874 2112 1008 2168 Sion
1064 2127 1186 2167 esse
1242 2127 1500 2182 sponsam
1553 2129 1584 2166 e
1634 2112 1884 2182 gentibus
1942 2113 2028 2167 ad-

456 2206 696 2262 ductam.

527 2386 618 2440 1V.
663 2385 928 2454 Quocirca
957 2389 1025 2443 ad
1051 2388 1348 2444 secundum
1385 2396 1577 2442 testem
1611 2387 1906 2441 orationem
1937 2403 2035 2456 ap-

457 2481 746 2552 plicemus.
772 2482 1032 2548 Quisnam
1054 2492 1136 2536 est
1154 2482 1280 2536 ille?
1314 2478 1451 2535 Audi
1478 2480 1640 2534 etiam
1659 2477 1853 2533 Oscam
1875 2495 2038 2548 gran-

457 2575 682 2644 diloqua
727 2575 1086 2630 fundentem:
1123 2572 1190 2628 In
1233 2573 1416 2626 diebus
1453 2571 1560 2624 illis
1606 2569 1813 2624 inducet
1856 2569 2038 2624 Denti-

459 2683 556 2720 nus
583 2683 610 2720 e
640 2667 842 2720 deserto
875 2676 1082 2720 ventum
1109 2665 1343 2719 uredinis
1375 2674 1559 2717 contra
1585 2663 1745 2727 illos;
1777 2671 1827 2716 et
1870 2662 2036 2715 desico

460 2760 600 2812 cabit
637 2774 790 2812 venas
824 2774 1003 2811 eorum
1027 2797 1041 2820 ,
1093 2766 1140 2811 et
1173 2757 1402 2810 desertos
1451 2755 1607 2824 faciet
1640 2754 1806 2822 fontes
1833 2769 2034 2820 eorum,

458 2859 508 2904 et
552 2850 794 2904 universa
837 2867 964 2904 vasa
1012 2848 1384 2902 desiderabilia
1443 2844 1752 2900 delebuntur
1780 2845 1845 2898 δ’.
1898 2843 2037 2910 Quia

459 2943 763 2996 restiterunt
809 2951 994 2994 contra
1035 2939 1237 3004 Deum,
1273 2939 1326 2992 in
1367 2938 1544 3007 gladio
1577 2938 1794 2999 cadent,
1843 2945 1890 2990 et
1921 2950 2036 3006 qua:

455 3050 522 3088 ea:
549 3036 621 3088 eis
645 3043 976 3104 pra’gnantes
1022 3033 1215 3103 fuerint
1241 3073 1255 3096 ,
1301 3032 1695 3101 disrumpentur
1715 3030 1781 3084 ".
1834 3029 2038 3100 Ecquis

458 3125 600 3182 alius
630 3134 824 3180 ventus
851 3123 1088 3178 uredinis
1118 3138 1148 3176 a
1177 3123 1415 3186 deserto,
1440 3137 1603 3192 quam
1627 3122 2036 3177 Antichristus?

458 3219 552 3291 qui
587 3217 924 3289 temporibus
977 3216 1094 3272 suis
1138 3217 1413 3270 deleturus
1443 3225 1526 3270 est
1564 3224 1619 3270 et
1657 3215 2031 3272 desiccaturus

455 3326 624 3366 venas
648 3325 915 3380 aquarum
941 3317 995 3364 et
1021 3308 1230 3365 fructus
1261 3310 1542 3374 arborum,
1572 3317 1854 3379 pr0pterea
1885 3309 2030 3379 quod

459 3405 707 3460 homines
727 3403 962 3474 amplexi
987 3411 1114 3459 sunt
1134 3419 1297 3459 onera
1322 3404 1460 3472 ejus.
1486 3399 1669 3473 Itaque
1693 3402 1890 3459 delebit
1913 3419 2026 3468 eos,

457 3497 670 3567 ipsique
702 3497 940 3552 servient
968 3497 1022 3550 in
1053 3497 1362 3567 impuritate
1394 3496 1584 3565 ipsius.

2141 549 2301 604 λωσιν
2320 569 2332 581 ·
2367 552 2459 606 καὶ
2493 553 2784 622 μετέπειτα
2803 595 2818 617 ,
2848 555 2940 607 καί⁸
2961 554 3070 606 τῶν
3095 555 3408 608 ἀποστόλων
3439 553 3542 624 τὴν
3569 552 3694 608 διδα-

2141 645 2262 716 χὴν,
2291 646 2486 717 μᾶλλον
2509 647 2564 700 δὲ
2592 649 2948 721 προφητείαν,
2979 647 3096 712 πῶς
3121 648 3393 718 πανταχοῦ
3423 648 3525 717 τῆς
3549 649 3698 701 elatav-

2143 738 2309 808 μένης
2332 737 2646 802 σαλπίζουσι
2665 739 2764 809 τῆς
2787 740 3092 803 συντελείας
3119 741 3218 809 τὴν
3241 737 3470 811 ἡμέραν.
3497 739 3693 810 Ἐπειδὴ

2139 826 2232 883 οὖν
2257 831 2348 884 καὶ
2371 829 2481 901 (45)
2501 826 2644 884 οὗτοι
2660 831 2728 883 τὰ
2759 832 2924 901 μήπω
2939 832 3274 902 γενησόμενα
3300 829 3696 901 προῦπέδειξιν,

2140 924 2234 976 καὶ
2267 923 2375 977 τῶν
2421 924 2717 994 μελλόντων
2745 924 3081 996 ἀναφανῆναι
3118 924 3369 995 πονηρῶν
3416 923 3695 995 ἀνθρώπων

2141 1015 2441 1086 σκαιωρίαν
2492 1017 2584 1068 καὶ
2621 1014 2978 1068 κακοϐουλίαν
3011 1015 3354 1086 ἀνεφάνησαν
3401 1014 3515 1084 (4-6)
3537 1054 3552 1077 ,
3589 1015 3694 1084 φέρε

2139 1102 2255 1168 οὖν,
2288 1107 2379 1160 τὸν
2412 1109 2698 1178 προφήτην
2738 1106 2970 1160 Ἡσαΐαν
2999 1107 3073 1170 ὡς
3104 1107 3315 1179 πρῶτον
3347 1107 3606 1182 μάρτυρα
3627 1107 3694 1176 μὲ-

2141 1215 2233 1250 σον
2276 1198 2652 1267 εἰσαγάγωμεν
2673 1237 2687 1258 ,
2729 1197 2856 1268 περὶ
2893 1196 3000 1250 τῶν
3029 1197 3233 1269 χρόνων
3262 1197 3358 1268 τῆς
3410 1196 3692 1260 συντελείας

2140 1291 2269 1361 ἡμῖν
2300 1287 2697 1341 ἐκδιδάσκοντα.
2735 1288 2799 1341 Τί
2831 1283 2924 1341 οὖν
2959 1288 3156 1358 φησίν;
3192 1289 3254 1342 Ἡ
3281 1285 3355 1358 τῆ
3388 1286 3562 1356 ὑμῶν
3587 1287 3693 1355 ἕρη-

2133 1399 2279 1451 μος,
2325 1382 2385 1433 (ιί
2433 1381 2641 1446 πόλεις
2678 1379 2844 1450 ὑμῶν
2894 1381 3318 1448 πιιιρίκαυστοι·
3361 1379 3478 1447 τὴν
3523 1379 3692 1448 χώραν

2137 1471 2305 1543 ὑμῶν
2348 1471 2602 1526 ἐνώπιον
2656 1473 2822 1541 ὑμῶν
2881 1473 3183 1540 ἀλλότριοι
3253 1474 3688 1527 κατεσθίουσιν

2137 1566 2740 1637 ἐγκαταλειφθήσεται
2776 1569 2814 1635 ἡ
2861 1567 3123 1637 θυγάτηρ
3161 1567 3342 1632 Σιὼν,
3388 1567 3472 1634 ὡς
3512 1568 3688 1636 σκηνὴ

2136 1661 2206 1714 ἐν
2229 1659 2534 1731 ἀμπελῶνι
2557 1701 2572 1723 ,
2613 1660 2706 1713 καὶ
2745 1660 2824 1726 ὡς
2866 1659 3356 1729 ὀπωρορυλάκιον
3399 1661 3472 1713 ἐν
3508 1677 3691 1727 σικυηο

2137 1753 2299 1822 λάτῳ
2339 1753 2486 1826 (47),
2534 1753 2613 1819 ὠς
2656 1752 2832 1818 πόλις
2878 1751 3370 1820 πολιορκουμένη.
3425 1748 3584 1816 Εἶδες
3615 1751 3688 1804 τοῦ

2139 1851 2415 1919 προφήτου
2437 1888 2450 1911 ,
2479 1844 2729 1914 ἀγαπητὲ
2753 1883 2768 1905 ν
2804 1844 2902 1915 τὴν
2935 1843 3238 1914 ἔκλαμψινν
3284 1843 3351 1913 ἦν
3391 1844 3500 1915 πρὸ
3538 1845 3689 1897 mm"

2137 1939 2340 2010 γενεῶν
2369 1941 2458 1993 τὸν
2491 1937 2680 2008 καιρὸν
2729 1936 2838 2006 (48)
2885 1936 3298 2007 προεθέσπισεν.
3337 1937 3413 1989 Ού
3449 1939 3563 2008 γὰρ
3589 1936 3687 2007 περὶ

2138 2032 2246 2084 τῶν
2287 2027 2552 2084 Ἰουδαίων
2593 2029 2780 2083 τοῦτον
2819 2029 2910 2082 τὸν
2942 2028 3095 2097 λόγον
3144 2029 3566 2101 προῦπέφηνεν,
3595 2027 3687 2080 οὐδὲ

2139 2123 2267 2196 περὶ
2306 2123 2402 2192 τῆς
2431 2121 2567 2174 Σιὼν
2607 2122 2704 2192 τῆς
2744 2120 2974 2183 πόλεως,
3011 2119 3146 2172 ἀλλὰ
3181 2122 3309 2193 περὶ
3347 2121 3452 2189 τῆς
3494 2119 3690 2188 Ἑκκλη·

2140 2215 2258 2278 σίας
2306 2214 2436 2284 (41)).
2502 2212 2638 2266 Σιὼν
2685 2215 2796 2285 γὰρ
2846 2213 2943 2285 τὴν
2987 2212 3047 2277 ἐξ
3099 2213 3264 2266 ἐθνῶν
3311 2213 3688 2285 προσαχθεῖσαν

2138 2305 2351 2375 νύμφην
2385 2304 2584 2366 πάντες
2615 2305 2663 2356 οἱ
2698 2303 2974 2375 προφῆται
3008 2303 3280 2374 ἐδήλωσαν
3314 2303 3448 2374 (50).

2208 2392 2299 2450 ιν.
2349 2393 2442 2446 Διὸ
2494 2393 2587 2447 καὶ
2645 2394 2782 2460 πρὸς
2834 2390 3083 2464 δεύτερον
3129 2395 3380 2466 μάρτυρα
3421 2396 3517 2448 τὸν
3560 2395 3688 2463 λόγον

2139 2483 2570 2554 ύφαπλώσωμεν.
2603 2484 2761 2536 Ποῖον
2793 2481 2855 2554 δὴ
2901 2481 3125 2547 τοῦτονς
3165 2485 3430 2537 Ἄκουσον
3473 2487 3570 2538 καὶ
3612 2485 3685 2537 τοῦ

2151 2573 2304 2644 Ὠσηὲ
2346 2573 2566 2627 τοιαῦτα
2607 2571 2906 2641 φωνοῦντος
2952 2571 3376 2643 μεγαλοφὼνως·
3443 2576 3552 2629 Ἐν
3585 2575 3690 2640 ταῖς

2137 2665 2381 2734 ἡμέραις
2411 2662 2665 2727 ἐκείναις
2684 2703 2698 2728 ,
2733 2661 2936 2726 ἐπάξει
2972 2663 3185 2730 Κύριος
3223 2663 3447 2733 ἄνεμον
3477 2668 3687 2719 καύσω-

2136 2770 2241 2817 νος
2281 2752 2348 2804 ἐκ
2386 2749 2497 2819 τῆς
2539 2749 2762 2818 ἐρήμου
2794 2749 2887 2802 ἐπ’
2919 2750 3138 2815 αὐτοὺς
3160 2789 3174 2814 ,
3221 2750 3319 2802 καὶ
3347 2749 3689 2819 ἀναξηραγεί

2136 2846 2242 2910 τὰς
2281 2841 2506 2912 φλέϐας
2549 2841 2784 2895 αὐτῶνθ
2829 2842 2925 2895 οιαὶ
2963 2842 3324 2912 ἐξερημὼοει
3366 2843 3471 2909 τὰς
3522 2843 3688 2911 πηγὰς

2137 2935 2332 2992 αὐτῶν
2353 2952 2366 2966 ·
2404 2937 2500 2990 καὶ
2534 2935 2729 2990 πάντα
2764 2936 2836 2990 τὰ
2863 2937 3052 3002 σκεύη
3085 2936 3155 2988 τὰ
3185 2935 3521 3006 ἐπιθυμητὰ
3563 2937 3688 3006 ἀρα-

2136 3028 2547 3096 νισθήσονται,
2579 3029 2666 3082 ὅτι
2690 3028 3077 3098 ἀντέστησαν
3107 3028 3216 3098 (51)
3239 3029 3389 3096 πρὸς
3411 3027 3524 3082 τὸν
3544 3030 3686 3089 Θεὸν,

2136 3125 2204 3180 ἐν
2234 3123 2499 3194 ῥομφαίᾳ
2551 3122 2910 3183 πεσοῦνται,
2945 3123 3041 3175 καὶ
3089 3125 3145 3176 al
3174 3122 3244 3174 ἐν
3273 3122 3488 3191 γαστρὶ
3515 3119 3686 3175 αὐτῶν·

2134 3219 2405 3288 ἔχουσαι,
2435 3215 2954 3285 διαρδόαγήσοιται.
2987 3215 3081 3278 Τίς
3114 3215 3221 3285 γὰρ
3250 3212 3407 3277 ἄλλος
3442 3215 3551 3283 (5'2)
3581 3215 3679 3266 ἆνε-

2138 3329 2237 3382 μος
2274 3311 2551 3374 καύσωνος
2585 3312 2646 3362 ἐκ
2677 3310 2773 3380 τῆς
2800 3309 3030 3380 ἐρήμου,
3071 3303 3184 3360 ἀλλ’
3217 3306 3249 3375 ἢ
3277 3309 3305 3359 ὁ
3343 3306 3687 3377 Ἀντίχριστκ

2135 3405 2163 3456 ὁ
2209 3401 2416 3472 μέλλων
2460 3401 2718 3469 ἀφανίσαι
2769 3399 2880 3471 (55)
2925 3397 3019 3452 καὶ
3076 3394 3416 3466 ἀναξηρᾶναι
3457 3395 3566 3465 (54)
3606 3393 3687 3454 τὰς

2135 3492 2335 3561 φλέϐας
2379 3491 2485 3544 τῶν
2527 3489 2764 3554 ὑδάτων,
2823 3491 2920 3543 καὶ
2979 3490 3102 3552 τοὺς
3148 3489 3396 3562 καρποὺς
3447 3486 3554 3558 (55)
3597 3485 3687 3535 τῶν

455 3592 690 3664 δένδρων
739 3594 796 3646 ὲν
838 3595 949 3655 τοῖς
997 3593 1208 3664 χρόνοις
1247 3591 1452 3655 αὐτοῦ,
1501 3593 1582 3645 ὃτι
1628 3590 1979 3662 ἐπεθύμησαν
2037 3591 2094 3642 ἐν
2150 3591 2263 3652 τοῖς
2307 3589 2484 3659 ἔργοις
2532 3585 2694 3638 αὑτοῦ
2746 3584 2794 3638 οἱ
2838 3584 3130 3657 ἄνθρωποι.
3180 3583 3272 3636 Διὸ
3315 3581 3413 3635 καὶ
3465 3577 3688 3650 ἀφανίςει

456 3687 653 3749 αὐτοὺς
679 3727 694 3751 ,
743 3685 838 3738 καὶ
879 3685 1247 3739 δουλεύσουσιν
1293 3684 1454 3738 αὐτὸν
1497 3687 1556 3738 ὲν
1601 3687 1668 3756 τῇ
1719 3683 2030 3754 ἀκαθαρσία
2066 3681 2252 3736 αὑτοῦ.

533 3776 595 3832 ν.
634 3774 866 3830 Attende
896 3775 1240 3830 concordiam
1271 3775 1544 3846 prophetae
1569 3792 1692 3831 cum
1721 3776 1983 3844 propheta
2011 3791 2024 3827 :

458 3881 726 3938 cognosce
741 3866 907 3920 alium
927 3880 1144 3935 quoque
1161 3865 1356 3919 similia
1373 3866 1805 3935 proloquentcm.
1827 3864 2026 3918 Eadem

456 3961 600 4016 enim
647 3958 815 4012 Amos
860 3958 1120 4028 propheta
1168 3957 1517 4012 consentiens
1564 3957 1857 4026 praedixit:
1903 3955 2028 4009 Ηιεε

457 4053 588 4105 dicit
613 4049 906 4104 Dominus:
959 4050 1096 4113 Quia
1128 4065 1300 4120 pugno
1330 4049 1606 4118 percutitis
1633 4064 1946 4116 pauperem,
1981 4057 2030 4101 et

457 4143 597 4197 dona
624 4143 788 4197 electa
814 4143 1022 4212 cepistis
1052 4142 1115 4196 ab
1147 4159 1225 4208 eo,
1281 4141 1462 4195 domos
1486 4140 1679 4211 politas
1703 4141 2032 4211 wdiﬁcastis,

457 4241 507 4287 et
534 4249 638 4286 non
664 4232 971 4286 habitabilis
999 4233 1051 4286 in
1081 4233 1176 4286 eis.
1235 4229 1424 4286 Vincas
1464 4230 1833 4286 desiderabiles
1882 4231 2035 4298 plan-

459 4323 652 4386 tastis,
704 4339 794 4378 nec
839 4333 1012 4376 tamen
1057 4323 1233 4376 vinum
1276 4321 1460 4376 bibetis
1499 4338 1698 4376 earum.
1743 4321 1882 4387 Quia
1917 4323 2034 4376 novi

455 4413 746 4485 permultas
774 4415 1067 4484 intpietates
1117 4425 1314 4468 vestras
1335 4453 1349 4477 ,
1383 4425 1431 4466 et
1461 4415 1642 4483 gravia
1672 4423 1795 4466 sunt
1817 4426 2032 4483 peccata

458 4517 649 4563 vestra.
701 4509 804 4573 Qui
831 4509 1157 4575 defraudatis
1179 4509 1352 4578 justas
1374 4548 1389 4572 ,
1437 4510 1676 4578 accipitis
1703 4525 1950 4573 munera,
1980 4517 2030 4561 et

455 4614 710 4672 pauperes
736 4601 788 4654 in
818 4601 982 4670 portis
1018 4601 1337 4669 opprimitis.
1395 4597 1524 4652 Ideo
1557 4599 1782 4667 prudens
1823 4599 1878 4652 in
1903 4611 2030 4652 tem-

2206 3769 2272 3826 ν.
2317 3772 2454 3842 Ὅρα
2655 3769 2968 3840 συμφωνίαν
3015 3770 3295 3842 προφήτου
3328 3770 3469 3841 πρὸς
3500 3767 3688 3837 πφφή-

2135 3877 2263 3934 την’
2302 3859 2437 3929 μάθε
2466 3860 2559 3912 καὶ
2586 3858 2770 3930 ἕτερον
2801 3858 2870 3912 τὰ
2898 3860 3057 3931 ὅμοια
3085 3859 3488 3930 διαλεγόμενον.

2135 3951 2243 4022 γὰρ
2289 3951 2357 4004 τὰ
2399 3949 2534 4004 αὐτὰ
2578 3949 2880 4021 συμφώνως
2921 3952 3321 4022 προεφήτευσε·
3370 3949 3518 4003 Τάδε
3546 3949 3687 4015 λέγει

2135 4045 2350 4111 Κύριος
2372 4059 2385 4072 ·
2402 4041 2502 4095 Διὰ
2527 4041 2700 4095 τοῦτο
2723 4043 2850 4095 ἀνθ’
2877 4036 2965 4094 ὧν
2986 4042 3567 4111 κατηῃνιονὸυλίσετε
3590 4039 3686 4106 {57)

2134 4135 2391 4205 πτωχὸν,
2417 4135 2512 4188 καὶ
2539 4133 2696 4202 δῶρα
2725 4134 2977 4188 ἐκλεκτὰ
3005 4133 3291 4198 ἐδέξασθε
3323 4137 3461 4202 :rap‘
3484 4130 3687 4187 αὐτοῦ’

2133 4231 2338 4296 οἴκους
2370 4228 2478 4298 γὰρ
2501 4228 3064 4298 (58)ῲ)ιοδομήσατε,
3100 4229 3196 4281 καὶ
3227 4230 3299 4282 οὐ
3321 4230 3409 4298 μὴ
3433 4225 3689 4291 κατοική-

2134 4339 2281 4392 σητε
2329 4325 2399 4377 ἐν
2428 4323 2648 4390 αὐτοῖς.
2699 4322 3067 4393 Ἀμπελῶνας
3109 4325 3514 4394 ἐπιθυμητοὺς
3565 4324 3692 4392 ἐρυ-

2135 4417 2414 4479 τεύσατε,
2441 4418 2535 4470 καὶ
2580 4420 2650 4471 οὐ
2680 4416 2764 4486 μὴ
2810 4418 2983 4484 πίητε
3016 4415 3122 4470 τὸν
3153 4412 3322 4470 οἶνον
3348 4415 3578 4480 αὐτῶν,
3613 4413 3689 4466 ὅτι

2133 4507 2286 4576 ἔγνω
2327 4508 2436 4577 (59)
2476 4508 2710 4576 πολλὰς
2747 4509 3025 4574 ἀσεϐείας
3049 4525 3062 4539 ·
3113 4508 3599 4572 καταπατοῦντες
3632 4502 3692 4558 τὸ

2135 4597 2400 4663 δίκαιον,
2427 4599 2831 4669 λαμϐάνοντες
2855 4601 3248 4671 ἀντάλλαγμα
3279 4600 3429 4670 (60),
3471 4600 3568 4652 καὶ
3602 4595 3691 4650 αέ-

456 4707 584 4763 pore
629 4693 722 4746 illo
773 4692 993 4758 tacebit,
1025 4694 1150 4764 quia
1181 4705 1379 4763 tempus
1415 4693 1612 4747 malum
1641 4703 1714 4746 est
1739 4692 1803 4747 ".
1851 4692 2030 4756 Disce,

2146 4710 2320 4761 νητας
2339 4695 2408 4748 ἐν
2422 4696 2641 4760 πύλαις
2659 4694 3056 4760 ἐκκλίνοντες.
3083 4695 3184 4746 Διὰ
3206 4692 3385 4746 τοῦτο
3412 4696 3446 4748 ό
3477 4688 3692 4747 συνιὼν

531 4856 578 4889 ⁵³
613 4854 718 4912 Isa.
752 4873 789 4924 I,
817 4858 866 4911 7.
944 4858 989 4890 ⁸⁵
1027 4856 1152 4913 Ose.
1185 4874 1302 4924 xm,
1335 4857 1424 4912 l5.

553 5017 640 5088 Μ)
681 5018 800 5072 Τῶν
830 5018 1034 5088 λόγων,
1081 5019 1137 5074 Β.

680 5089 780 5162 bis.
813 5089 895 5152 B.,
924 5089 1148 5162 καὶγὰρ
1175 5092 1287 5146 καί.

553 5159 642 5233 46)
683 5159 783 5233 l_d.,
816 5161 1046 5233 ἐνεφάνη
1055 5159 1171 5233 σαν,

552 5231 642 5302 ιι)
681 5231 1044 5302 smnpm.
1068 5231 1130 5287 Β.

552 5249 612 5283 ιιι
682 5249 814 5284 ιικυ
857 5249 1035 5302 ρατῳ,
1068 5249 1130 5287 ι).

808 5249 893 5367 B.,
931 5302 1036 5374 πρὸ
1068 5304 1333 5357 τοσούτων
1361 5301 1561 5374 γενεῶν
1591 5301 1699 5354 τῶν
1729 5299 1969 5374 ἡμερῶν.

676 5370 778 5445 Id,
815 5374 942 5445 περ).
971 5370 1072 5443 τῆς
1097 5375 1257 5445 ἀγίας
1297 5370 1641 5445 Ἐκκλησίας.

681 5441 1085 5514 ῌροεδήλωσεν,
1119 5441 1179 5496 Β.

555 5511 642 5586 ξι)
676 5511 857 5586 _Vcrba
881 5511 967 5566 ὅτι
994 5515 1355 5586 ἀντέστησαν,
1401 5530 1572 5586 usque
1607 5514 1670 5568 ad
1703 5514 2022 5578 πεσοῦνται,

460 5579 516 5635 in
542 5579 608 5636 Β.
624 5579 861 5638 absunt.

553 5651 642 5728 .53)
677 5653 832 5728 Alius
870 5652 980 5728 Pici
1012 5655 1204 5728 codex,
1232 5658 1312 5710 ὅτι
1342 5656 1449 5728 γὰρ
1481 5657 1626 5723 ἄλλο,
1655 5657 1866 5713 vitiose.

555 5722 645 5864 55)
698 5723 1086 5828 Ἀναξρανῆὲναμ
1124 5725 1182 5779 Β.

555 5792 620 5846 54
680 5793 782 5862 Id.,
842 5796 1180 5864 Ava..qpavei

553 5792 642 5864 54)
680 5793 756 5848 Id.
768 5835 782 5862 ,
828 5792 1020 5866 Ἀναξη
1030 5800 1199 5868 ρανεῖ.

1497 4858 1542 4888 ⁸⁵
1579 4855 1704 4912 Ose.
1744 4856 1993 4924 xtv,b.“
2019 4859 2205 4915 Amos.
2240 4861 2395 4925 v,ll,
2434 4859 2521 4926 12,
2561 4859 2647 4914 15.

2207 5018 2317 5087 (55)
2345 5017 2648 5091 Id.,rmlnus
2676 5019 2957 5074 emendate
2983 5038 2996 5073 :
3025 5021 3074 5072 οί
3107 5020 3314 5091 καρποὶ
3333 5016 3694 5091 τῶν-δένδρων

2135 5092 2194 5143 ἐν
2215 5086 2331 5152 ταῖς
2358 5090 2595 5160 ἡμέραις
2622 5090 2787 5143 αὑτοῦ
2809 5133 2822 5154 ,
2851 5091 2932 5143 ὅτι
2957 5086 3307 5160 ἐπεθύμησαν
3340 5090 3405 5143 τὰ
3434 5089 3578 5160 ἔργα
3601 5086 3692 5138 αο-

2133 5161 2224 5214 τοῦ
2257 5163 2304 5232 οἱ
2335 5160 2639 5232 ἀνθρωποιο
2673 5160 2753 5213 διὸ
2777 5163 2869 5214 καὶ
2903 5162 3190 5232 ἐμφανίσει
3212 5200 3226 5226 ,
3259 5172 3362 5214 etc.

2205 5221 2454 5303 (56)AMs:
2485 5229 2571 5303 B.,
2596 5233 2728 5302 ὁρᾷς
2755 5248 2815 5303 συ
2825 5221 3070 5302 μφωνίαν
3106 5221 3402 5303 προφήτουο
3437 5229 3582 5300 μάϐε
3611 5221 3692 5280 οὖν

2133 5304 2225 5356 καὶ
2255 5301 2454 5372 ἐτέρων
2485 5301 2552 5355 τὰ
2579 5301 2737 5371 ὃμοια
2759 5301 3173 5372 διαλεγομένων.

2202 5373 2314 5443 (57)
2347 5368 2498 5444 ἰθε.
2547 5368 3064 5436 κατεκονδυλίσατε,
3115 5389 3182 5426 ex
3242 5369 3479 5440 vulgatis
3544 5368 3692 5423 codd.

2131 5442 2238 5496 τῶν
2275 5449 2351 5497 0'.

2213 5514 2326 5583 (58)
2348 5513 2632 5584 AlterPici
2661 5513 2828 5567 codex
2858 5513 3056 5584 omittit
3087 5513 3214 5584 γάρ.

2205 5580 2317 5668 (5ο)
2365 5584 2464 5638 Ms.
2501 5583 2587 5648 B.,
2628 5584 2796 5653 ἔγνων
2827 5583 3025 5648 πολλὰς
3055 5580 3311 5646 ἀσεϐείας
3340 5580 3501 5652 ὑμῶν
3540 5598 3697 5634 κατα-

2136 5673 2467 5710 πατούντων.

2209 5725 2316 5797 (60)
2349 5727 2424 5781 Id.
2455 5724 2891 5794 ἀνταλλάγματα.
