3862 6538
254 333 344 388 969
1136 325 1404 398 SPURIA.
1442 357 1513 369 —
1549 325 1633 382 DE
1671 322 2259 382 CONSUMMATIONE
2287 327 2526 384 MUNDI.
3339 331 3439 386 9l0

251 446 308 499 ἐν
325 441 395 507 τῷ
415 437 582 506 καιρῷ
598 437 804 504 ἐκείνῳ
825 436 1207 505 σιωπήσεται,
1232 438 1318 492 ὅτι
1347 439 1550 508 καιρὸς
1579 452 1761 504 πονη-

1873 438 2094 504 dilecte,
2131 439 2525 509 improbitatem
2557 437 2836 493 hominum
2863 439 3004 494 illius
3032 441 3342 506 memoriae,
3379 455 3441 498 ut

247 536 338 604 ρός
370 531 507 585 ἐστι.
540 528 689 583 Milia
711 568 726 591 ,
756 529 1032 599 ἀγαπητὲ,
1061 529 1168 582 τῶν
1199 531 1317 583 τότε
1352 531 1650 603 ἀνθρώπων
1676 532 1761 603 τὴι

1873 531 2074 600 justum
2107 531 2387 601 diripiant,
2435 531 2628 586 domos
2674 541 2728 586 et
2765 547 2924 602 agros
2945 572 2960 598 ,
2993 541 3045 586 et
3072 532 3244 601 ipsam
3266 533 3437 602 jUStiv

249 623 484 696 πονηρίαν
505 663 518 684 ,
557 621 671 684 πῶς
702 620 1146 691 καθαρπάζουσιν
1187 623 1363 686 οἰκίας
1411 626 1505 677 καὶ
1538 625 1770 695 ἀγροὺς,

249 718 327 771 καὶ
361 717 434 767 ὅτι
471 713 529 766 τὸ
568 712 772 766 δίκαιον
812 711 905 765 τοῦ
936 711 1142 766 δικαίου
1178 711 1287 783 (61)
1333 713 1606 786 αἴροντες·
1647 715 1772 768 ὅταν

244 808 336 878 γὰρ
361 805 516 859 ταῦτα
545 804 784 875 γένηται,
820 805 905 856 ἵνα
941 803 1055 876 ἴδῃς
1079 806 1158 858 ὅτι
1182 805 1333 870 τέλος
1375 807 1507 859 ἐστί.
1538 805 1629 859 Διδ
1662 806 1772 874 (62)

244 903 390 968 ἔγνως
408 898 498 968 τὴν
526 896 712 965 σοφίαν
740 896 833 948 τοῦ
865 897 1167 967 προφήτου,
1195 898 1287 950 καὶ
1310 896 1407 968 τὴν
1436 897 1774 966 ἀποκάλυψιν

242 990 324 1061 τὴν
345 987 622 1059 μέλλουσαν
651 985 863 1038 ἔσεσθαι
886 987 944 1037 ὲν
973 988 1092 1048 ταῖς
1121 986 1355 1056 ἡμέραις
1380 987 1634 1048 ἐκείναις.
1663 987 1773 1038 Καὶ

244 1081 417 1141 πάντες
441 1080 486 1130 οἱ
515 1077 783 1148 προφῆται
809 1118 824 1142 ,
857 1075 933 1140 ὡς
961 1077 1290 1147 προείπομεν
1314 1117 1328 1140 ,
1373 1077 1448 1139 ὼς
1477 1077 1545 1129 τὰ
1573 1078 1774 1147 ἀρχαῖα,

242 1172 546 1241 ὲνεφάνησαν
568 1168 700 1240 (65),
733 1168 902 1232 οὕτως
934 1170 1028 1223 καὶ
1051 1169 1120 1222 τὰ
1149 1171 1205 1222 ὲν
1235 1173 1346 1234 τοῖς
1377 1171 1622 1242 ὑστέροις
1649 1187 1773 1225 και-

243 1261 650 1336 ροῖςγενήσεσθαι
681 1260 941 1330 μέλλοντα
974 1261 1306 1330 διαπρυσίως
1328 1261 1436 1332 (6.1)
1461 1263 1768 1318 ὲθέσπισαν.

272 1354 374 1408 τνΙ.
419 1354 550 1406 Ἀλλ’
580 1354 666 1406 ἵνα
714 1351 787 1424 μὴ
832 1355 924 1405 τὸν
985 1352 1139 1420 λόγον
1181 1353 1434 1407 ἁπάντων
1480 1355 1588 1407 τῶν
1645 1373 1775 1426 προ-

239 1444 397 1516 φητῶν
422 1447 528 1507 τοῖς
557 1445 794 1515 ῥήμασιν
818 1443 926 1514 (65)
957 1444 1340 1514 ἀναλώσωμεν,
1365 1445 1482 1508 ἑνὸς
1514 1445 1775 1515 μνησθέν-

237 1555 330 1602 τες,
358 1536 442 1589 ἐπὶ
467 1537 526 1588 τὸ
547 1535 901 1607 προκείμενον
930 1535 1331 1606 ἐπανέλθωμεν.
1366 1536 1430 1588 Τί
1461 1535 1518 1589 δὲ
1546 1537 1638 1589 καὶ
1671 1538 1775 1590 Μι-

235 1628 372 1698 χαίας
413 1626 805 1699 προαγορεύει;
859 1625 1000 1681 Τάδε
1034 1627 1194 1697 λέγει
1226 1628 1458 1694 Κύριος,
1497 1627 1596 1680 ἐπὶ
1637 1627 1774 1692 τοὺς

235 1718 507 1789 προφήτας
545 1720 686 1786 τοὺς
730 1719 1083 1786 πλανῶντας
1123 1719 1230 1772 τόν
1270 1721 1426 1774 λαόν
1457 1737 1598 1788 μου,
1632 1720 1770 1787 τοὺς

233 1807 530 1874 δάκνοντας
554 1808 624 1861 ἐν
649 1808 772 1874 τοῖς
792 1809 1038 1863 ὀδοῦσιν
1062 1807 1278 1871 αὐτῶν,
1305 1809 1403 1862 καὶ
1428 1810 1769 1877 κηρύσσον-

233 1915 322 1965 τας
363 1899 449 1952 ἐπ’
485 1898 672 1953 αὐτὸν
718 1899 998 1968 εἰρήνην-ο
1043 1898 1140 1951 καὶ
1181 1901 1232 1952 εί
1283 1901 1394 1952 οὐκ
1433 1899 1611 1966 ἐδόθη
1655 1898 1765 1969 (66)

231 1992 304 2055 εἰς
325 1988 384 2044 τὸ
420 1990 609 2059 στόμα
637 1987 853 2052 αὐτῶν,
897 1989 1160 2058 ήγίασαν
1192 1988 1300 2059 (67)
1329 1990 1422 2042 ἐπ’
1453 1989 1639 2043 αὐτὸν
1663 1992 1768 2042 πό-

231 2082 408 2149 λεμον.
431 2079 529 2134 Διά
567 2081 741 2134 τοῦτο
762 2080 876 2144 νὺξ
900 2079 1040 2149 ὑμῖν
1061 2081 1230 2134 ἔσται
1253 2079 1322 2143 ἐξ
1356 2078 1637 2146 ὁράσεως,
1668 2080 1767 2134 καὶ

231 2170 415 2224 σκοτία
455 2168 595 2238 ὑμῖν
640 2170 812 2224 ἔσται
854 2168 923 2222 ἐκ
957 2168 1262 2237 μαντείας.
1299 2169 1407 2221 Καὶ
1449 2167 1694 2222 δύσεται
1733 2171 1767 2221 ὁ

231 2261 377 2328 ἣλιος
395 2260 486 2314 ἐπὶ
508 2260 652 2327 τοὺς
680 2258 1006 2329 προφήτας,
1022 2259 1120 2312 καὶ
1143 2257 1516 2313 συσκοτὰσει
1540 2259 1648 2330 (68)
1671 2261 1763 2313 ἐπ’

228 2351 420 2418 αὐτοὺς
441 2354 478 2421 ἡ
501 2351 712 2421 ἡμέρα.
739 2351 847 2406 Καὶ
873 2348 1492 2418 καταισχυνθήσονται
1512 2354 1564 2405 oi
1585 2351 1766 2419 ὀρῶν-

227 2461 311 2510 τες
346 2445 410 2497 τὰ
440 2445 714 2506 ἐνύπνια,
753 2443 849 2496 καὶ
878 2441 1509 2512 καταγελασθήσονται
1534 2445 1587 2496 οἱ
1610 2441 1763 2512 μάν-

227 2549 343 2598 τεις.
391 2532 567 2586 Ταῦτα
621 2535 1124 2604 προῖστορήσαμεν,
1172 2533 1258 2585 ἵνα
1301 2531 1474 2601 γνῶτε
1522 2533 1621 2604 τὴν
1673 2534 1762 2587 ἐπ’

225 2624 438 2692 ἐσχάτων
464 2624 836 2696 γενησομένην
870 2623 979 2694 (69)
1025 2622 1215 2694 ὀδύνην
1249 2625 1343 2676 καὶ
1373 2624 1639 2696 ταραχὴν,
1670 2625 1766 2680 καὶ

225 2713 419 2767 πάντων
476 2710 777 2784 ἀνθρώπων
840 2712 938 2783 τὴν
998 2711 1134 2783 πρὸς
1187 2711 1447 2783 ἀλλήλους
1505 2714 1768 2785 ἀναστρο-

225 2805 312 2876 φὴν
338 2805 438 2877 (70)
476 2805 570 2860 καὶ
602 2803 810 2874 φθόνον,
848 2805 942 2858 καὶ
988 2806 1163 2875 μῖσος,
1193 2803 1287 2857 καὶ
1332 2803 1467 2876 ἔριν,
1516 2804 1614 2873 τὴν
1657 2803 1764 2856 τῶν

225 2895 464 2966 ποιμένων
495 2896 592 2948 ἐπὶ
620 2894 727 2948 τῶν
761 2893 1046 2966 προϐάτων
1087 2893 1363 2964 ἀμέλειαν,
1395 2894 1490 2946 καὶ
1518 2891 1610 2945 τοῦ
1635 2891 1763 2946 λαοῦ

224 2989 340 3060 πρὸς
363 2989 482 3052 τοὺς
517 2989 684 3060 ἱερεῖς
723 2987 1088 3040 ἀνυπότακτον
1116 2985 1353 3039 διάθεσιν
1381 2985 1514 3054 (71).

280 3076 376 3132 Vll.
417 3078 502 3131 Διὸ
547 3077 752 3140 πάντες
791 3076 871 3147 τῷ
921 3075 1033 3144 ἰδίῳ
1073 3074 1358 3176 θελήματί
1379 3075 1761 3176 εμπεριπατὴ-
1786 3119 1827 3176 C

222 3181 368 3223 σουσι.
395 3169 500 3222 Καὶ
524 3168 600 3222 τὰ
633 3168 796 3221 τέκνα
822 3170 932 3229 τοῖς
961 3165 1204 3234 γονεῦσιν
1233 3165 1612 3220 ὲπιϐαλοῦνται
1645 3168 1757 3237 χεῖ-

224 3276 337 3331 ρας·
365 3261 492 3333 γυνὴ
522 3263 618 3314 τὸν
665 3260 793 3314 ἴδιον
824 3260 991 3332 ἄνδρα
1037 3258 1349 3331 παραδώσει
1389 3261 1468 3322 εἰς
1512 3258 1758 3322 θάνατον,

219 3354 298 3407 καὶ
323 3353 450 3425 ἀνὴρ
481 3354 579 3428 τὴν
612 3351 802 3406 ἑαυτοῦ
831 3355 1058 3421 γυναῖκα
1097 3352 1190 3404 ἐπὶ
1218 3351 1498 3422 κριτήριον
1540 3349 1656 3417 ἄξει
1685 3350 1760 3412 ὡς

220 3445 519 3499 ὑπεύθυνονο
568 3444 826 3499 δεσπόται
869 3447 950 3508 είς
989 3444 1116 3506 τοὺς
1152 3443 1370 3505 δούλους
1402 3441 1758 3512 ἀπάνθρωποι

217 3535 612 3608 σύθεντήσονται
667 3536 777 3606 (72)
818 3536 911 3589 καὶ
942 3534 1115 3588 δοῦλοι
1162 3535 1298 3604 πρὸς
1330 3535 1454 3596 τοὺς
1495 3533 1758 3612 δεσπότας

219 3626 556 3682 ἀνυπότακτον
600 3625 836 3679 διάθεσιν
888 3623 1340 3696 περιϐαλοῦνται·
1386 3621 1754 3694 πρεσϐυτέρου

218 3716 384 3769 πολιὰν
413 3717 588 3779 οὐδεὶς
622 3714 1016 3786 αίδεσθήσεται,
1043 3711 1135 3766 καὶ
1161 3711 1422 3782 νεωτέρου
1457 3711 1647 3774 κάλλος
1669 3712 1758 3763 ού-

217 3810 310 3873 δεὶς
356 3812 750 3883 οίκτειρήσεται
798 3807 929 3878 (75)·
959 3808 1006 3858 οἱ
1040 3805 1158 3859 ναοὶ
1201 3803 1294 3856 τοῦ
1336 3801 1467 3855 Θεοῦ
1499 3802 1574 3865 ὡς
1618 3797 1755 3855 οἶκοι

218 3901 423 3967 ἔσονται,
465 3904 559 3956 καὶ
607 3898 976 3971 καταστροφαὶ
1002 3897 1110 3950 τῶν
1149 3895 1451 3967 ἐκκλησιῶν
1479 3893 1752 3964 πανταχοῦ

216 3998 530 4067 γενήσονται·
567 3997 626 4048 αἱ
656 3993 866 4064 Γραφαὶ
911 3987 1492 4060 καταφρονηθήσονται,
1528 3985 1621 4038 καὶ
1660 3984 1753 4038 τοῦ

216 4087 385 4158 ἐχθροῦ
411 4089 477 4142 τὰ
503 4088 722 4160 ᾄσματα
745 4084 853 4154 (74)
883 4081 1151 4152 πανταχοῦ
1178 4079 1446 4150 ὲξᾴσουσι.
1474 4079 1750 4148 Πορνεῖαι,

217 4181 293 4232 καὶ
315 4183 557 4250 μοιχεῖαι,
578 4180 672 4232 καὶ
695 4176 968 4248 ἐπιορκίαι
992 4174 1124 4245 (75),
1142 4173 1238 4243 τὴν
1260 4171 1363 4240 γῆν
1384 4167 1749 4240 πληρώσουσι,

216 4275 524 4343 φαρμακεῖαι
552 4272 648 4324 καὶ
665 4268 948 4328 ὲπαοιδίαι,
972 4267 1065 4319 καὶ
1092 4265 1334 4335 μαντεῖαι
1358 4261 1530 4314 ὀπίσω
1548 4259 1750 4312 τούτων

216 4361 433 4434 σφοδρῶς
472 4363 568 4417 καὶ
601 4358 891 4432 προθύμως
927 4353 1427 4423 ὲξακολουθήσουσι.
1460 4349 1569 4402 Καὶ
1615 4349 1748 4410 καθν

1875 624 2002 677 tiam
2031 622 2282 678 auferant
2322 640 2350 677 a
2383 623 2532 692 justo
2567 642 2580 676 :
2614 632 2671 678 ut
2699 625 2840 679 scias
2871 635 2984 677 tum
3019 624 3180 678 ﬁnem
3223 626 3437 692 adesse,

1873 715 2089 783 quando
2124 716 2235 769 haec
2259 717 2406 768 lient.
2432 715 2501 768 At
2519 727 2796 785 perspecta
2825 716 2921 770 tibi
2948 725 3030 770 est
3049 716 3322 785 pr0phet:e
3350 734 3441 773 sa-

1873 805 2072 874 pientia
2123 819 2187 859 ac
2229 805 2488 858 revelatio
2531 803 2710 858 futura
2757 807 3086 875 temporibus
3114 807 3241 862 illis.
3296 807 3437 873 Quin

1874 895 2146 964 prophetae
2175 909 2364 948 omnes
2389 933 2405 956 ,
2452 895 2904 963 quemadmodum
2944 896 3327 967 praadiximus,
3380 907 3440 952 ut

1875 996 2054 1042 vetera
2085 986 2469 1057 patefecerunt,
2499 988 2578 1042 sic
2605 989 2996 1057 posterioribus
3023 999 3279 1045 eventura
3303 999 3440 1044 tem-

1876 1078 2099 1147 poribus
2127 1078 2271 1132 clare
2294 1078 2565 1133 vaticinati
2593 1088 2737 1133 sunt.

1944 1350 2034 1407 Vl.
2085 1349 2188 1406 Sed
2242 1368 2309 1405 ne
2356 1353 2702 1408 recensendis
2759 1355 3001 1408 omnium
3049 1356 3436 1426 prophetarum

1873 1444 2053 1498 verbis
2082 1444 2382 1500 orationem
2427 1459 2834 1511 consurnamus,
2877 1447 2969 1500 ubi
3005 1448 3168 1502 unius
3201 1449 3436 1502 mentio—

1874 1549 1996 1588 nem
2047 1533 2359 1597 cherimus,
2406 1534 2473 1588 ad
2519 1537 2855 1604 propositum
2901 1547 3254 1594 revertamur.
3296 1539 3436 1605 Quid

1874 1641 2036 1696 porro
2068 1625 2317 1681 Michmas
2358 1643 2574 1696 quoque
2607 1627 2888 1695 praedicit?
2920 1628 3047 1682 Πιεσ
3084 1631 3210 1683 dicit
3253 1629 3438 1683 Domi-

1875 1732 1970 1768 nus
2010 1733 2166 1785 super
2205 1716 2479 1785 prop/tetas
2525 1719 2613 1786 qui
2658 1719 2907 1771 seducunt
2951 1719 3200 1788 populum
3243 1737 3432 1781 meum,

1871 1809 1960 1878 qui
1994 1809 2231 1862 mordent
2257 1809 2496 1862 dentibus
2521 1812 2653 1874 suis,
2683 1819 2731 1862 et
2755 1810 3044 1878 pricdicant
3068 1812 3114 1864 ei
3142 1829 3358 1880 pacein;
3385 1821 3436 1864 et

1869 1899 1914 1952 si
1937 1899 2068 1952 nihil
2097 1899 2281 1952 datum
2322 1899 2480 1966 fuerit
2525 1902 2578 1953 in
2611 1917 2665 1953 os
2689 1915 2892 1965 eorum,
2916 1902 3250 1970 sanctiﬁcant
3276 1919 3437 1971 super

1867 2007 1984 2044 eum
2015 1991 2226 2045 bellum.
2260 1990 2547 2059 Propterea
2583 2008 2688 2045 nox
2721 1993 2819 2046 erit
2846 1993 2986 2046 vobis
3007 2008 3100 2059 pro
3129 1995 3352 2057 visione,
3384 2005 3434 2048 et

1871 2081 2092 2135 tenebra:
2125 2083 2269 2136 vobis
2317 2093 2468 2136 erunt
2508 2099 2602 2150 pro
2633 2083 2975 2139 divinatione.
3014 2083 3078 2138 Et
3127 2086 3328 2139 occidet
3355 2087 3434 2140 sul

1869 2190 2025 2243 super
2050 2175 2346 2243 prop/tetas,
2375 2184 2423 2227 et
2454 2174 2873 2228 oblenebrnbitur
2904 2193 3058 2246 super
3091 2193 3175 2230 eos
3207 2179 3336 2231 dies.
3367 2178 3432 2232 Et

1875 2262 2258 2330 confundentur
2301 2265 2390 2332 qui
2435 2263 2606 2316 vident
2660 2266 2899 2329 somnia,
2951 2276 3001 2318 et
3060 2267 3435 2321 deridebnntur

1865 2362 2006 2406 uates
2039 2354 2107 2408 ⁸⁷.
2144 2351 2270 2408 Hinc
2312 2355 2790 2423 praenarravimus,
2844 2365 2900 2408 ut
2952 2355 3264 2425 intelligatis
3309 2373 3433 2411 cru-

1865 2443 2065 2498 ciatum
2093 2453 2146 2498 et
2173 2447 2632 2514 perturbationem
2661 2447 2921 2501 extremis
2953 2446 3189 2500 futuram
3224 2458 3328 2501 tem
3341 2465 3433 2517 po-

1865 2537 2036 2602 ribus,
2067 2538 2418 2608 omniumque
2466 2539 2746 2599 hominum
2790 2540 2930 2594 inter
2959 2553 3018 2595 se
3055 2541 3262 2594 vivendi
3303 2557 3433 2595 cou-

1865 2627 2227 2693 suetudinem,
2269 2627 2548 2694 invidiam,
2601 2630 2807 2694 odium,
2854 2631 3296 2697 contentionem;
3338 2648 3432 2700 pa-

1866 2727 2077 2774 storum
2117 2721 2172 2774 in
2205 2721 2400 2776 ovibus
2427 2722 2827 2792 negligentiam,
2858 2723 3042 2793 populi
3077 2714 3205 2795 erga
3251 2740 3430 2779 sacer-

1869 2812 2026 2868 dotes
2064 2813 2305 2867 animum
2348 2814 2779 2883 immorigerum.

1937 3063 2047 3118 νη.
2079 3062 2155 3118 Ita
2183 3078 2370 3118 omnes
2401 3079 2503 3117 suo
2541 3063 2805 3117 arbitratu
2849 3063 3050 3117 vivent.
3078 3062 3201 3117 Filii
3235 3079 3429 3120 manus

1864 3155 2106 3224 injicicnt
2153 3155 2205 3207 in
2254 3162 2524 3221 parentes,
2569 3168 2708 3206 uxor
2755 3153 2930 3207 virum
2977 3169 3136 3208 suum
3169 3155 3342 3217 tradet
3374 3156 3428 3210 in

1861 3252 2128 3306 mortem;
2170 3243 2252 3295 vir
2290 3255 2513 3295 uxorem
2559 3256 2736 3304 suam,
2766 3250 2823 3295 ut
2851 3257 3019 3306 ream,
3054 3243 3231 3296 trahet
3255 3243 3309 3296 in
3334 3245 3426 3313 ju-

1859 3336 2083 3400 dicium,
2132 3334 2336 3388 domini
2390 3334 2444 3387 in
2489 3349 2677 3389 servos
2731 3349 2861 3388 suos
2904 3345 3065 3388 erunt
3117 3336 3423 3403 inhumani,

1859 3427 1999 3482 servi
2055 3427 2109 3479 in
2158 3425 2410 3481 dominos
2464 3427 2707 3481 animum
2767 3437 2952 3496 gerent
3005 3429 3424 3496 inobedientcm,

1858 3519 2005 3574 senis
2043 3518 2298 3574 canitiem
2351 3533 2510 3574 nemo
2549 3519 2902 3586 reverebitur,
2932 3521 3190 3590 juvenilis
3239 3522 3428 3579 forma:

1861 3626 2022 3665 nemo
2069 3611 2452 3677 miserebitur,
2483 3611 2678 3681 templa
2725 3613 2905 3666 divina
2935 3614 3222 3669 domorum
3257 3615 3428 3670 instar

1844 3713 2036 3770 erunt,
2074 3703 2209 3759 locis
2248 3704 2500 3757 omnibus
2544 3705 2854 3759 eversiones
2887 3705 3017 3760 ﬁent
3045 3707 3424 3775 ecclesiarum,

1857 3799 2150 3870 Scriptura:
2166 3809 2488 3855 eontemnen
2499 3808 2605 3862 tur,
2627 3799 2798 3852 hostis
2828 3798 2975 3853 illius
2993 3798 3202 3853 cantica
3225 3800 3428 3870 ubique

1854 3893 2240 3948 decantabunt.
2284 3890 2416 3944 Post
2454 3891 2569 3944 hzec
2604 3900 2816 3960 stupra,
2844 3889 3132 3956 adulteria,
3162 3891 3429 3960 perjuria,

1853 3984 2152 4055 implebunt
2167 3993 2361 4038 terram
2381 4001 2395 4048 ;
2418 3983 2833 4048 incantationes,
2847 3981 3209 4037 divinationes
3227 3998 3426 4053 magno

1855 4079 2056 4147 impetu
2089 4076 2379 4146 studioque
2418 4083 2732 4144 sequentur.
2786 4073 2842 4126 In
2885 4088 3122 4138 summa,
3146 4074 3302 4128 exiis
3330 4077 3424 4144 qui

1854 4165 2152 4220 Christiani
2203 4166 2474 4230 videntur,
2505 4175 2631 4218 tunc
2672 4171 2963 4231 exsurgent
2992 4161 3114 4216 falsi
3149 4163 3425 4232 prophetae.

1851 4258 2082 4327 falsique
2104 4256 2362 4326 apostoli,
2396 4256 2645 4310 homines
2677 4256 3024 4324 impostores,
3049 4263 3420 4324 corruptores,

1851 4349 2103 4414 maleﬁci,
2129 4349 2455 4402 mentientes
2477 4346 2617 4400 alius
2637 4346 2690 4398 in
2721 4345 2910 4407 alium,
2935 4343 3186 4410 adulteri,
3205 4356 3422 4414 stupra-

212 4451 316 4505 όλου
337 4433 453 4508 (ὑπὸ
479 4454 589 4507 τῶν
618 4450 914 4505 δοκούντων
946 4444 1085 4501 εἶναι
1114 4443 1426 4517 Χριστιανοὶ
1454 4441 1585 4512 (76),
1627 4442 1748 4494 τότε

1873 4457 2022 4504 .ores,
2051 4455 2296 4509 rapaces,
2322 4439 2493 4503 avari,
2511 4438 3169 4508 perjuri,detraclores,se
3189 4433 3419 4489 invicem

211 4544 572 4618 ἐγερθήσονται
631 4543 742 4615 (77)
785 4539 1244 4612 ψευδοπροφῆται,
1294 4531 1748 4605 ψευδαπόστολοι,

270 4708 309 4740 ⁸⁷
336 4708 493 4768 Μίοιι.
527 4727 612 4775 ιιι,
659 4712 712 4774 5,
738 4709 792 4774 6,
826 4708 874 4762 7.

266 4869 370 4940 (61)
400 4871 506 4940 ίῈκ
529 4868 626 4922 τοῦ
658 4868 888 4940 δικαίου,
919 4865 981 4920 Β.

270 4938 372 5008 (62)
397 4939 533 4994 Ibid.
569 4939 723 4994 deest
753 4938 852 4992 διό.

270 4941 352 5008 (62
397 4941 533 4994 Ibid.
569 4941 723 4994 deest
753 4941 852 4992 διό.

267 4941 796 5084 (βδζξῖροεῖῖεοννθο-
1016 5076 1028 5084 .
1122 5075 1157 5084 ..
1466 5073 1513 5084 ..
1586 5073 1598 5084 .
1674 5073 1704 5084 ,.

265 5073 369 5152 (64)
399 5073 892 5152 Ιιὶηξδιαπυρσίως,
937 5076 1029 5132 sed
1073 5075 1341 5130 editorum
1380 5073 1536 5128 codd.
1586 5073 1744 5128 lectio

207 5150 718 5223 rectesehabet._’
910 5219 949 5223 _
1037 5215 1094 5223 __
1239 5213 1263 5223 _
1538 5216 1559 5223 _
1671 5210 1698 5223 η

269 5222 373 5290 (65)
406 5223 628 5279 Rectius
674 5219 730 5273 in
772 5234 877 5274 ms.
910 5219 995 5282 E.,
1037 5215 1192 5284 λόγον
1237 5213 1451 5267 ἅπαντα
1477 5216 1588 5276 τοῖς
1631 5213 1738 5264 τῶν

205 5294 476 5378 πρὲῗῗὶτέἒν
511 5295 766 5378 ῥέἓμασιΥο
814 5360 827 5378 .
907 5358 961 5378 ..

266 5357 370 5431 (66)
397 5357 622 5424 ΜεᾙΒΣ,
655 5361 749 5415 καὶ
775 5360 874 5414 ούκ
905 5357 1078 5431 ἐδόθη.

263 5425 366 5500 (67)
401 5431 528 5503 Leg.
561 5433 807 5503 ἡγειραν,
840 5430 921 5503 vel
953 5425 1156 5503 potius,
1188 5435 1246 5503 ut
1275 5426 1327 5480 in
1368 5426 1452 5489 B.,
1478 5425 1737 5503 ῆγγισαν.

205 5495 297 5554 Sed
335 5495 387 5556 in
415 5495 737 5558 eademin-5.
771 5501 932 5568 male,
954 5495 1052 5552 ’ἐπ’
1084 5495 1279 5562 αὐτῶν,
1310 5506 1364 5551 ct
1391 5495 1514 5551 mox
1548 5496 1743 5569 ἀγορά-

203 5584 324 5646 “es
361 5589 454 5646 pro
481 5574 744 5646 ὁρρισεωε·

261 5643 364 5712 (68)
392 5643 674 5712 Σκοτάσει,
697 5643 755 5695 Β.

263 5706 367 5784 169)
398 5715 548 5769 Alter
593 5711 702 5769 Pici
747 5712 938 5777 codex,
975 5709 1275 5780 γεγονεῐαν,
1302 5707 1393 5765 sed
1427 5707 1510 5772 B.,
1547 5706 1739 5782 ἐσομέ-

201 5792 304 5854 νην.

1861 4533 1987 4588 odio
2011 4533 2289 4587 habentes.
2313 4529 2568 4586 Pastores
2599 4529 2729 4584 ﬁent
2757 4527 2917 4598 quasi
2942 4525 3076 4596 lupi,
3108 4525 3418 4580 sacerdotes

1925 4861 2036 4931 (70)
2071 4860 2176 4931 Pro
2222 4857 2525 4931 verbisriiv
2566 4855 2703 4931 πρὸς
2743 4853 3004 4931 ἀλλήλους
3045 4852 3407 4922 ἀναστροφὴν,

1852 4933 1907 4986 in
1936 4926 2112 5005 I§_'es_t
2142 4926 2860 5005 διαστροφὴνςκαὶ.φθοράν..
2923 4995 2932 5004 ο
3070 4993 3081 5005 Ι
3309 4988 3331 5005 δ
3370 4992 3379 5002 ,

1922 5003 2034 5072 (71)
2065 5001 2262 5055 Eodem
2291 4988 2343 5053 in
2372 4988 2701 5072 cifdice3_pi'o
2715 4988 2893 5072 verbis
2911 4993 3280 5072 ἀνυπότακτον
3304 4988 3412 5072 δια·
3451 5048 3460 5060 ,

1850 5061 2027 5139 θεσιν,’
2051 5072 2244 5142 legitur
2280 5068 2521 5134 ἀταξίαν.
2557 5061 2666 5142 κα)
2707 5061 3002 5142 γον-εῖςητά.
3034 5061 3196 5113 τέκνα
3247 5061 3441 5142 μισήοι

1851 5132 2018 5206 σουσι,
2053 5132 2146 5194 κοῖ).
2169 5140 2334 5194 τέκνα
2365 5132 2476 5201 τοῖς
2506 5132 3168 5206 γονεῦσινῗέπιδάλλονται
3201 5132 3406 5206 χεξρας.
3477 5161 3480 5164 -

1921 5201 2032 5281 (72)
2064 5213 2147 5274 B.,
2193 5207 2480 5281 πρὸς-τους
2502 5201 2715 5281 δούλους
2759 5201 3148 5273 ἀπανθρωπίαν
3182 5201 3412 5269 κτήσον-

1847 5277 1954 5338 ται.
1993 5283 2067 5336 Ita
2093 5291 2147 5335 et
2168 5277 2303 5333 alter
2324 5277 2436 5331 Pici
2459 5277 2649 5331 codex.

1922 5354 2032 5422 (75)
2063 5350 2422 5422 ρίκτειρήσει,

1920 5405 2032 5491 (74)
2067 5421 2222 5474 Falsa
2251 5405 2321 5472 ὶιέ
2343 5405 2649 5491 perniciosa
2674 5415 2947 5491 dogmata.
2976 5409 3144 5476 Infra,
3174 5423 3292 5480 cap.
3314 5405 3411 5474 45,

1848 5484 1949 5564 pro
1970 5484 2188 5564 ἐχθροῦ,
2255 5491 2310 5564 in
2343 5487 2546 5564 B.,_est
2562 5484 2843 5564 ῥιαδόλου.

1919 5509 1946 5547 0
1970 5508 2188 5612 εχυρου,
2255 5508 2308 5541 III
2343 5508 2426 5546 υ..
2462 5508 2546 5541 ρει
2569 5508 2843 5538 Διαοολου.

1919 5563 2029 5645 ('i_5)
2095 5561 2235 5682 ’ἵζω
2265 5560 2358 5628 τὴν
2392 5559 2492 5627 γῆν
2522 5554 2885 5626 πληρώσουσι,
2921 5553 3255 5624 φαρμακεῖαι
3278 5562 3411 5619 sup-

1919 5650 1982 5682 m
2017 5649 2080 5682 ex
2168 5669 2179 5682 .

1886 5635 1982 5688 levi
2017 5649 2080 5686 ex
2121 5635 2179 5682 Β.

1848 5651 1982 5703 plevl
2017 5651 2080 5686 ex
2125 5651 2179 5682 η.

1924 5703 2036 5772 (76)
2065 5698 2424 5773 Χριστιανῶν,
2458 5698 2528 5751 id.
2619 5765 2629 5773 .
2751 5760 2802 5773 Μ

1920 5760 2032 5847 (77)
2063 5760 2335 5834 Ἔσονται,
2370 5770 2455 5828 Β..
2493 5776 2548 5822 et
2583 5765 2718 5820 alter
2749 5760 2861 5820 Pici
2895 5760 3087 5820 codex.
