3862 6504
453 289 550 345 9H
1216 289 1502 346 APPEND.
1542 289 1632 344 AD
1670 287 1947 344 PARTEM
1985 288 2024 342 ll
2067 287 2348 348 OPERUM
2388 287 2444 344 S.
2489 287 2864 344 HIPPOLYTI.
3565 296 3666 352 912

452 403 793 460 mendacium
833 405 1082 476 diligent,
1131 407 1387 462 monachi
1427 415 1679 478 expetent
1719 422 1838 478 qua:
1883 423 1973 462 sur

2109 407 2301 479 γόητες
2333 405 2626 476 ἄνθρωποι,
2661 407 2992 480 φθοροποιοὶ,
3029 411 3327 474 κακοποιοὶ,
3355 410 3666 484 ψευδόμενοι

451 495 661 562 mundi,
709 497 900 552 divites
931 498 1172 552 animum
1201 507 1472 569 expertem
1501 498 1885 554 misericordiae
1922 499 1973 552 in

2107 499 2230 552 κατ’
2259 496 2521 570 ἀλλήλων,
2563 500 2758 568 μοιχοὶ,
2789 500 2998 571 πόρνοι,
3035 501 3300 572 ἅρπαγες,
3329 502 3664 568 πλεονέκται,

449 587 638 652 duent,
684 587 906 656 pauperi
935 601 1040 642 non
1073 595 1394 643 succurrent
1435 588 1728 658 principes,
1756 597 1973 658 potente

2108 590 2380 662 ἐπίορκοι,
2431 591 2742 654 κατάλαλοι,
2771 591 3028 662 ἀλλήλους
3081 592 3360 663 μισοῦντες
3419 594 3555 666 (78).
3607 596 3666 648 οι

448 679 827 734 miserationes
857 679 1130 750 ahjicient,
1154 681 1364 752 iudices
1399 680 1606 750 justum
1651 680 1898 735 auferent
1937 694 1973 734 et

2109 684 2364 754 ποιμένες
2407 683 2482 746 ὼς
2518 683 2670 736 λύκοι
2715 689 3062 755 γενήσονται·
3094 687 3143 737 οἱ
3191 687 3352 756 ἱερεῖς
3393 685 3454 738 τὺ
3477 685 3668 756 ψεῦδος

443 771 615 842 justo,
631 774 1053 844 muneribusque
1070 775 1322 829 excaecati
1338 773 1654 843 injustitiam
1673 773 1973 843 probabunt

2110 775 2442 830 ἀσπάσονται
2465 792 2478 806 ·
2509 777 2558 828 οἱ
2585 776 2806 847 μοναχοὶ
2835 775 2943 847 (79)
2970 775 3036 829 τὰ
3060 775 3155 829 τοῦ
3179 778 3382 847 κόσμου
3409 777 3668 849 ποθήσου-

449 887 558 924 σιν·
590 873 638 924 οί
668 871 906 925 πλούσιοι
932 871 1266 941 ἀσπλαχνίαν
1285 871 1588 925 ἐνδύσονται
1609 891 1621 901 ·
1651 872 1700 922 οἱ
1731 871 1986 942 ἄρχοντες
2005 870 2204 940 πτωχῷ
2246 872 2305 924 οὐ
2356 871 2732 942 βοηθήσουσιν,
2784 873 2834 924 οἱ
2877 871 3126 926 δυνάσται
3174 873 3489 942 οἱκτιρμοὺς
3543 874 3670 926 ἀπο.

447 961 768 1016 ϐαλοῦνταιο
797 964 844 1015 οἱ
868 962 1049 1034 κριταὶ
1066 961 1126 1014 τὸ
1164 961 1367 1015 δίκαιον
1389 965 1452 1014 ὲκ
1500 961 1592 1015 τοῦ
1636 963 1843 1014 δικαίου
1885 959 2096 1032 ἀροῦσι,
2127 963 2358 1026 καὶτοῖς
2402 962 2592 1035 δώροις
2623 944 3062 1036 ὲκῖυιρλούμενοι,
3097 964 3304 1018 ἀδικίαν
3345 966 3670 1020 ὲπισπάσον-

445 1075 554 1114 ται.
1075 1111 1080 1118 .

518 1153 650 1209 Vlll.
673 1153 814 1221 Quid
829 1171 992 1210 narro
1013 1170 1134 1224 quae
1155 1154 1283 1209 ﬁent
1303 1155 1370 1209 ah
1391 1155 1726 1222 hominibus,
1747 1170 1869 1208 cum
1891 1155 1969 1224 ips

2177 1153 2310 1208 Vill.
2342 1154 2450 1206 Καὶ
2481 1153 2534 1205 τί
2564 1153 2705 1222 λέγω
2747 1155 2873 1225 περὶ
2901 1152 3201 1225 ἀνθρώπων
3240 1151 3370 1222 (80),
3407 1152 3548 1203 ὅπου
3583 1151 3670 1204 καὶ

445 1245 608 1298 etiam
627 1246 892 1300 elementa
921 1247 1164 1300 ordinem
1192 1261 1348 1299 suum
1379 1245 1488 1299 sint
1508 1255 1767 1314 negatura
1785 1245 1808 1298 ?
1825 1243 1973 1298 Terr:

2105 1245 2240 1299 αὐτά
2288 1245 2353 1299 τὰ
2409 1249 2645 1317 στοιχεῖα
2693 1247 2792 1317 τὴν
2853 1246 3056 1299 οἰκείαν
3105 1241 3256 1308 τάξιν
3315 1244 3666 1314 ἀρνήσονται·

441 1345 622 1390 motus
640 1345 798 1391 erant
819 1353 913 1408 per
935 1352 1123 1390 omnes
1147 1337 1414 1400 civitates,
1435 1335 1749 1404 peStilentite
1774 1349 1870 1404 per
1897 1349 1973 1388 om

2103 1339 2313 1408 σεισμοὶ
2341 1337 2480 1392 κατὰ
2510 1340 2688 1392 πᾶσαν
2718 1338 2888 1402 πόλιν,
2917 1337 3092 1407 λοιμοὶ
3133 1337 3224 1388 ἐπὶ
3247 1337 3429 1388 πᾶσαν
3456 1333 3666 1405 χώραν,

441 1443 538 1482 nes
554 1427 818 1498 regiones,
841 1427 1074 1480 tonitrua
1103 1428 1217 1480 sine
1245 1434 1426 1488 modo,
1453 1426 1716 1480 horrenda
1761 1424 1973 1495 fulgura

2105 1429 2324 1500 βρονταὶ
2359 1431 2586 1501 ἄμετροι
2617 1430 2726 1500 (81)
2769 1431 2861 1483 καὶ
2891 1428 3119 1498 φοϐεραὶ
3164 1427 3462 1498 ἀστραπαὶ,
3493 1425 3671 1490 οἴκους

439 1533 560 1588 quae
571 1519 762 1574 domos
775 1534 1042 1590 agrosque
1052 1525 1296 1582 exurent;
1312 1518 1556 1587 procella
1566 1527 1868 1590 ventorum,
1883 1533 1973 1587 qua

2102 1522 2195 1574 καὶ
2239 1522 2438 1593 ἀγροὺς
2483 1521 2892 1574 κατακαίουσαι·
2939 1519 3245 1586 καταιγίδες
3291 1517 3536 1587 ἀνέμων,
3578 1516 3670 1586 τὴν

441 1621 640 1666 terram
663 1629 726 1668 ac
745 1629 892 1667 mare
911 1629 1028 1668 sme
1057 1613 1217 1667 modo
1233 1611 1654 1680 perturbabant;
1675 1619 1832 1666 terrae
1847 1610 1973 1666 steri

2099 1613 2201 1682 γῆν
2233 1616 2323 1666 καὶ
2353 1613 2450 1683 τὴν
2481 1612 2750 1666 θάλασσαν
2789 1613 3041 1682 ἀμέτρως
3087 1609 3548 1680 ὲκταράσσουσαι,
3577 1608 3670 1678 τῆς

438 1703 638 1769 litates,
653 1705 863 1760 sonitus
881 1705 1068 1770 maris,
1092 1704 1446 1760 intolerabilis
1469 1703 1759 1758 commotio
1776 1704 1844 1757 ob
1865 1703 1973 1756 inte

2096 1706 2199 1775 γῆς
2247 1693 2532 1776 ἀκαρπίαι,
2566 1705 2835 1775 Θαλάσσης
2865 1700 3014 1774 ἦχος,
3051 1701 3144 1755 καὶ
3191 1701 3351 1764 σάλος
3395 1701 3670 1772 ἀφόρητος

439 1796 604 1850 ritum
630 1805 738 1852 tam
762 1799 1063 1851 animarum
1085 1810 1246 1865 quam
1269 1794 1583 1861 hominum;
1609 1795 1760 1865 signa
1783 1795 1836 1848 in
1859 1797 1973 1850 sole

2095 1797 2202 1852 ἀπὸ
2257 1797 2440 1868 ψυχῶν
2491 1797 2585 1851 καὶ
2639 1795 2909 1859 ἀπωλείας
2959 1789 3293 1866 ἀνθρώπων·
3353 1796 3564 1863 σημεῖα
3615 1793 3668 1845 ἐν

439 1890 591 1959 signa
622 1889 677 1943 in
707 1890 855 1954 luna,
899 1889 1132 1944 siderum
1158 1889 1224 1943 de
1246 1889 1330 1942 via
1355 1887 1700 1952 deﬂexiones,
1733 1888 1973 1956 angustia

2093 1893 2246 1962 ήλίῳ,
2281 1894 2479 1961 σημεῖα
2513 1893 2568 1943 ἐν
2604 1890 2818 1962 σελήνῃ,
2851 1889 3064 1960 ἄστρων
3103 1886 3481 1958 παρατροπαὶ,
3517 1901 3668 1937 συνο-

437 1983 700 2054 gentium,
724 1982 866 2036 aeris
891 1981 1256 2050 intemperies,
1275 1980 1552 2049 grandinis
1567 1980 1887 2034 emissiones
1910 1995 1969 2034 su

2093 1985 2185 2054 χαὶ
2237 1983 2402 2036 ἐθνῶν
2431 2023 2445 2044 ,
2492 1983 2666 2052 ἀέρων
2707 1979 2992 2052 ἀκρασίαι,
3041 1978 3278 2049 χαλάζης
3321 1977 3536 2046 βολίδες
3584 1974 3668 2027 ἐπὶ

434 2088 530 2143 per
550 2071 739 2127 faciem
765 2080 950 2136 terrm;
979 2072 1184 2126 hiemes
1209 2071 1546 2133 inordinatte,
1569 2069 1765 2139 glacies
1788 2069 1872 2124 sui
1889 2069 1972 2122 dis

2094 2074 2382 2146 προσώπου
2421 2075 2518 2144 τῆς
2556 2074 2678 2143 γῆς,
2713 2071 2976 2143 χειμῶνος
3013 2069 3250 2137 ἀταξίαι,
3289 2069 3524 2137 παγετοὶ
3557 2067 3666 2121 διὰ-

437 2163 658 2228 similis,
683 2163 904 2217 ardores
934 2163 1025 2230 qui
1059 2162 1234 2217 sedari
1260 2171 1548 2232 nequeant,
1581 2160 1856 2229 repentina
1889 2158 1973 2213 fult

2094 2185 2246 2238 φοροι
2292 2167 2421 2238 (8‘2),
2461 2165 2738 2227 καύσωνες
2787 2161 3223 2233 ἀπαραμύθητοι,
3284 2159 3552 2232 κεραυνοὶ
3587 2159 3664 2212 αξ-

431 2254 601 2319 mina,
635 2254 909 2320 insperata
942 2252 1225 2318 incendia;
1255 2261 1328 2316 et,
1373 2260 1431 2304 ut
1477 2251 1642 2305 semel
1669 2250 1868 2314 dicam,
1901 2267 1973 2318 ge-

2093 2258 2304 2327 φνίδιοι,
2349 2255 2665 2326 ὲμπρησμοὶ
2696 2253 2963 2322 ἀδόκητοι,
2995 2253 3086 2304 καὶ
3117 2248 3452 2316 ἁπαξαπλῶς
3491 2248 3664 2320 πάσης

430 2346 596 2400 mitus
669 2354 724 2399 et
783 2345 1028 2414 planctus
1091 2344 1356 2397 universa:
1407 2351 1561 2395 terrae
1620 2340 1973 2394 consolationi

2089 2350 2188 2419 τῆς
2217 2349 2317 2419 γῆς
2355 2347 2548 2418 θρῆνος
2593 2347 2685 2398 καὶ
2718 2345 2963 2408 κοπετὺς,
3010 2343 3360 2414 παραμυθίαν
3397 2341 3474 2414 μὴ
3515 2339 3662 2411 ἐχού-

429 2433 684 2486 carentis.
723 2431 806 2484 Ea:
835 2449 934 2501 quo
968 2433 1106 2484 enim
1141 2430 1481 2483 abundaverit
1521 2431 1791 2498 iniquitas,
1830 2429 1987 2498 refri—

428 2535 594 2598 gescet
647 2524 878 2577 clmritas
930 2523 1214 2577 multorum
1257 2522 1322 2576 ⁸⁸.
1377 2521 1690 2592 PrOpterea,
1728 2521 1989 2578 Dominus

427 2613 666 2668 universi
707 2611 900 2666 horum
955 2611 1196 2665 omnium
1241 2612 1644 2666 ﬂuctuationem
1695 2621 1747 2666 et
1794 2613 1987 2666 confu—

428 2703 636 2760 sionem
668 2705 865 2759 clamat
897 2719 988 2772 per
1017 2702 1391 2774 Evangelium,
1424 2705 1609 2758 dicens
1643 2723 1654 2757 :
1699 2703 1895 2768 Videte,
1929 2720 1989 2756 ne

427 2796 772 2850 seducamini.
803 2795 963 2849 Multi
1002 2797 1138 2849 enim
1174 2797 1372 2848 venient
1418 2797 1472 2848 in
1518 2799 1722 2850 nomine
1755 2813 1865 2848 meo
1911 2796 1989 2849 di-

2093 2457 2207 2511 σης.
2237 2441 2329 2492 Ἐκ
2351 2439 2459 2509 γὰρ
2482 2438 2586 2490 τοῦ
2609 2435 3028 2506 πληθυνθῆναι
3061 2433 3174 2501 τὴν
3207 2433 3508 2502 ἁμαρτίαν
3535 2431 3660 2502 (85),

2089 2529 2426 2600 ψυγήσεται
2479 2531 2518 2596 ὴ
2569 2526 2768 2595 ἀγάπη
2819 2525 2936 2579 τῶν
2989 2523 3254 2578 πολλῶν.
3307 2523 3410 2576 Διά
3459 2522 3660 2575 τούτων

2090 2623 2340 2682 ἁπάντων
2373 2622 2470 2690 τὴν
2499 2621 2684 2690 ζάλην,
2711 2619 2808 2690 τὴν
2832 2617 3074 2681 ἀταξίαν,
3109 2618 3136 2668 ὁ
3159 2615 3362 2688 Κύριος
3397 2614 3498 2667 τοῦ
3528 2629 3660 2666 παν-

2086 2714 2197 2778 τὸς,
2225 2713 2330 2782 διὰ.
2361 2713 2455 2765 τοῦ
2502 2709 2832 2779 Εὑαγγελίου
2875 2709 2975 2780 βοᾷ
3023 2709 3194 2774 λέγων
3217 2726 3228 2738 ’
3263 2707 3538 2761 Βλέπετε
3577 2705 3656 2774 μὴ

2089 2804 2460 2873 πλανηθῆτε·
2505 2803 2718 2857 πολλοὶ
2751 2803 2858 2872 γὰρ
2893 2801 3246 2854 ἐλεύσονται
3269 2800 3370 2853 ἐπὶ
3401 2799 3488 2864 τῷ
3531 2803 3658 2856 c'ro’o

427 2899 596 2944 centes
621 2905 638 2942 :
666 2888 802 2954 Quia
832 2905 923 2956 ego
947 2904 1082 2954 sum,
1111 2897 1160 2941 et
1189 2898 1385 2956 tempus
1420 2889 1871 2957 appropinquavit.
1903 2889 1973 2942 Νι

2085 2897 2222 2968 ματί
2258 2912 2376 2966 μου
2412 2895 2690 2965 λέγοντες
2726 2894 2827 2960 ὅτι,
2872 2892 3018 2965 Ἐγώ
3043 2893 3179 2960 εἰμι,
3225 2890 3324 2943 καὶ
3371 2893 3405 2943 ὁ
3453 2891 3656 2959 καιρὸς

425 2979 750 3032 seducamim'
798 2979 960 3049 igitur
1003 2990 1120 3048 post
1160 2997 1268 3033 eos.
1315 2979 1446 3034 Cum
1491 2989 1664 3032 autem
1709 2980 1984 3032 audieritis

423 3070 562 3124 bella
603 3082 654 3124 et
696 3073 1078 3138 dissensiones,
1125 3071 1285 3124 nolite
1336 3055 1546 3124 terreri.
1587 3069 1802 3138 Oportet
1845 3072 1982 3124 enim

420 3163 648 3229 primum
673 3167 780 3216 haec
811 3162 926 3230 ﬁeri
958 3177 974 3214 .'
1004 3163 1093 3216 sed
1115 3179 1215 3215 non
1241 3165 1418 3214 statim
1440 3161 1562 3230 ﬁnis
1600 3164 1664 3212 δ’.
1693 3160 1982 3215 Videamus

419 3257 586 3312 verba
637 3254 935 3311 Salvatoris
961 3295 976 3322 ,
1015 3256 1472 3326 quemadmodum
1513 3254 1578 3308 ad
1627 3269 1727 3309 nos
1772 3269 1982 3322 semper

419 3346 824 3402 conﬁrmandos
869 3347 1182 3417 praeceperit
1235 3365 1247 3400 :
1287 3346 1485 3410 Videte,
1529 3361 1590 3399 ne
1635 3345 1977 3398 seducamini.

418 3435 581 3491 Multi
600 3440 736 3490 enim
761 3438 958 3493 venient
983 3439 1036 3490 in
1066 3439 1270 3491 nomine
1299 3453 1406 3490 meo
1430 3437 1676 3501 dicentes,
1699 3435 1810 3506 Ego
1837 3453 1974 3490 sunt.

488 3709 578 3764 ιχ.
606 3709 740 3763 Nam
781 3719 1133 3780 posteaquam
1167 3709 1280 3778 ipse
1304 3717 1616 3776 assumptus
1660 3717 1743 3763 est
1775 3709 1842 3762 ad
1871 3687 1982 3780 Pa-i

419 3814 578 3866 trem,
614 3811 966 3857 surrexerUnt
994 3801 1211 3868 quidam
1237 3799 1477 3854 dicentes
1500 3817 1512 3852 :
1539 3797 1653 3868 Ego
1676 3813 1793 3853 sum
1815 3797 1944 3853 Chri

416 3907 553 3960 stus,
585 3905 642 3949 ut
671 3893 856 3948 Simon
883 3891 1099 3960 Magus,
1136 3901 1188 3945 et
1223 3889 1451 3959 reliqui,
1487 3904 1719 3960 quorum
1753 3889 1970 3943 nomina

2092 2989 2317 3057 ἤγγικε.
2347 2986 2438 3054 Μὴ
2474 2981 2585 3039 οὖν
2613 2983 2958 3051 πλανηθῆτε
2997 2983 3188 3036 ὀπίσω
3223 2981 3446 3035 αὐτῶν.
3485 2983 3654 3038 Ὅταν

2078 3081 2145 3135 δὲ
2193 3081 2489 3144 ἀκούσητε
2535 3076 2834 3143 πολέμους
2889 3075 2986 3126 καὶ
3045 3075 3526 3139 ἀκαταστασίας,
3568 3073 3650 3144 μὴ

2079 3169 2374 3237 πτοηθῆτε
2423 3168 2553 3238 (84).
2599 3166 2694 3220 Δεῖ
2724 3166 2832 3236 γὰρ
2873 3165 3056 3218 ταῦτα
3091 3165 3366 3233 γενέσθαι
3397 3165 3647 3232 πρῶτον,

2077 3263 2213 3317 ἀλλ’
2255 3263 2364 3316 οὐκ
2394 3259 2572 3324 εὐθὺς
2609 3258 2717 3328 (85)
2757 3256 2824 3308 τὸ
2857 3256 3051 3321 τέλος.
3083 3255 3361 3326 Μάθωμεν
3413 3255 3508 3308 τοῦ
3539 3257 3650 3308 Σωο

2076 3352 2240 3421 τῆρος
2281 3350 2370 3402 τὸν
2414 3349 2590 3415 λόγον,
2623 3346 2736 3408 πῶς
2780 3345 2865 3397 διὰ
2911 3343 3109 3408 παντὸς
3151 3344 3464 3413 ἀσφαλίζων
3507 3347 3650 3414 ἡμᾶς

2087 3440 2421 3514 παρήγγειλε
2454 3438 2582 3510 (86).
2618 3437 2880 3490 Βλέπετε
2901 3435 2984 3506 μὴ
3026 3435 3396 3504 πλανηθῆτε.
3427 3435 3650 3490 Πολλοὶ

2081 3533 2190 3602 γὰρ
2210 3533 2558 3585 ἐλεύσονται
2581 3529 2678 3582 ἐπὶ
2709 3527 2789 3594 τῷ
2811 3527 3052 3597 ὀνόματί
3073 3545 3190 3596 μου
3215 3528 3525 3596 λέγοντες,
3549 3529 3650 3591 ὅτι,

2085 3619 2232 3691 Ἐγώ
2256 3622 2392 3689 ειμι.

2150 3715 2244 3770 ΙΧ.
2279 3716 2386 3766 Καὶ
2417 3713 2524 3784 γὰρ
2551 3710 2686 3783 μετά
2717 3709 2777 3762 τὸ
2804 3707 3171 3779 ἀναληφθῆναι
3195 3705 3358 3759 αὐτὸν
3395 3705 3532 3775 πρὸς
3555 3705 3646 3758 τὸν

2081 3808 2320 3877 Πατέρα,
2358 3804 2656 3873 ἀνέστησάν
2687 3818 2830 3864 τινες
2872 3800 3140 3866 λέγοντες,
3173 3798 3294 3850 Ὅτι
3319 3797 3433 3866 ἐγώ
3461 3801 3574 3868 εἰμι
3615 3797 3650 3850 ὁ

2077 3899 2313 3972 Χριστὸς
2333 3937 2346 3960 ,
2379 3895 2558 3958 καθὼς
2595 3894 2773 3964 Σίμων
2801 3895 2830 3945 ὁ
2870 3891 3092 3958 Μάγος,
3127 3891 3221 3942 καὶ
3251 3890 3302 3941 οἱ
3345 3889 3546 3954 λοιποὶ,
3569 3881 3648 3941 ὧν

412 3987 618 4044 referre
663 4003 769 4042 non
825 3995 910 4042 est
958 3985 1123 4054 hujus
1175 3983 1455 4053 temporis.
1501 3981 1682 4047 Quare
1729 3991 1972 4035 extremo

2085 3990 2177 4042 οὑκ
2211 3987 2324 4040 ἔστι
2359 3985 2547 4056 καιρὸς
2584 3984 2706 4055 ἄρτι
2739 3982 2808 4035 τά
2841 3981 3080 4052 ὀνόματα
3125 3979 3524 4050 μνημονεῦσαι.
3553 3979 3650 4032 Διὸ

413 4078 578 4132 etiam
602 4079 690 4132 die
718 4073 1208 4133 consummationis
1251 4090 1542 4144 exsurgere
1575 4073 1754 4128 denuo
1783 4072 1977 4126 debent

414 4169 811 4238 pseudochristi
841 4169 1054 4239 viriqui
1087 4169 1302 4223 dicant:
1331 4165 1443 4236 Ego
1465 4180 1585 4219 sum
1610 4163 1893 4229 Christus;
1923 4173 1978 4217 et

413 4261 670 4317 seducent
689 4261 1012 4330 complures.
1029 4259 1277 4329 Plerique
1293 4259 1540 4314 homines
1555 4257 1895 4312 eursitabunt
1909 4255 1977 4309 ab

413 4353 622 4408 oriente
639 4353 704 4406 ad
725 4350 1060 4408 occidentem
1084 4367 1274 4421 usque,
1293 4359 1343 4404 et
1363 4351 1429 4404 ah
1449 4351 1702 4418 aquilone
1720 4364 1892 4417 usque
1909 4348 1974 4401 ad

413 4459 582 4508 mare,
597 4445 872 4500 dicentes:
903 4444 1006 4499 Ubi
1029 4445 1114 4498 hic
1132 4445 1414 4498 Christus?
1443 4441 1541 4496 Ubi
1567 4441 1674 4496 illic
1687 4440 1971 4496 Christus?

415 4534 520 4590 Sed
544 4535 638 4604 qui
660 4551 798 4588 vana
825 4535 1087 4604 sapientia
1111 4533 1343 4604 praediti,
1367 4548 1465 4586 nec
1485 4532 1770 4602 diligenter
1796 4531 1971 4601 legant

413 4628 744 4698 Scripturas,
791 4644 888 4683 nec
945 4637 1091 4682 recta
1147 4627 1420 4690 sentiant,
1477 4617 1670 4678 nomen
1729 4633 1972 4694 quaerent

409 4721 555 4790 quod
589 4721 831 4775 invenire
867 4735 974 4773 non
1002 4729 1272 4790 poterunt.
1309 4718 1531 4786 Oportet
1558 4717 1702 4771 enim
1731 4718 1966 4784 primum

480 4840 525 4872 ⁸⁸
549 4839 740 4895 Matth.
773 4856 923 4901 xxw,
947 4839 1032 4893 l2.
1113 4838 1159 4870 δ’
1193 4836 1323 4892 Luc.
1356 4853 1471 4901 XXI,
1501 4835 1555 4898 8,
1591 4837 1644 4891 9.

485 4963 594 5034 (78)
627 4961 802 5034 Verba
837 4960 1090 5034 ἀλλήλους
1127 4957 1427 5030 μισοῦντες,
1455 4967 1512 5034 [ι
1541 4974 1686 5022 ιιιωι,
1719 4959 1768 5011 οί
1801 4959 1962 5030 ἱερεῖς

411 5035 471 5087 τὸ
491 5029 682 5096 ”εὖδος
711 5029 1064 5092 ἀσπάσονται,
1093 5034 1331 5097 supplevi
1364 5045 1428 5081 ex
1455 5029 1514 5080 B.

484 5053 592 5176 (79)
625 5102 748 5156 Haec
779 5105 845 5156 de
871 5102 1151 5155 llltmaChiS
1172 5115 1285 5154 aevo
1317 5098 1372 5152 S.
1405 5097 1514 5168 Hlp}

541 5105 592 5173 9)
611 5102 748 5227 tHaec
779 5105 845 5156 de
871 5102 1151 5155 monachis
1172 5115 1285 5154 aevo
1317 5098 1372 5152 S.
1405 5097 1672 5168 Hippolyti
1699 5113 1806 5152 non
1830 5113 1962 5152 con-

541 5191 605 5227 un
637 5213 648 5226 .

406 5190 648 5229 νειιιιιιιῐ.

481 5245 592 5313 (80)
625 5243 698 5296 lta
737 5250 882 5313 recte
912 5243 972 5294 B.
1015 5255 1112 5309 pro
1140 5240 1247 5313 ἀπὸ
1285 5238 1605 5313 ἀνθρώπων.
1626 5235 1836 5313 ibidem
1871 5251 1960 5292 se-

405 5308 591 5382 quitur
622 5332 635 5368 :
670 5313 761 5366 καὶ
791 5312 858 5366 τὰ
883 5308 1118 5380 cretici:
1136 5310 1240 5382 τὴν
1271 5308 1404 5382 ἰδίαν
1427 5309 1579 5382 τάξιν
1615 5308 1958 5382 ἀρνήσονται.

405 5378 579 5440 Verba
615 5385 740 5438 inde
768 5382 907 5436 κατὰ
951 5378 1128 5433 πᾶσαν
1163 5378 1314 5433 πόλιν
1343 5380 1520 5449 λοιμοὶ
1561 5394 1682 5448 quae
1723 5379 1778 5430 in
1803 5378 1961 5432 editis

405 5456 650 5514 aberant,
679 5470 746 5508 ex
770 5456 956 5508 eodem
985 5451 1104 5506 cod.
1142 5451 1402 5518 suppleri.

478 5524 588 5593 (8i)
625 5524 698 5577 Ita
739 5533 881 5577 recte
912 5523 970 5575 B.
1002 5537 1098 5590 pro
1143 5517 1332 5593 ἀνεμοι
1359 5518 1502 5593 quod
1537 5527 1674 5593 erat
1695 5517 1751 5571 in
1778 5517 1958 5573 editis.

405 5585 529 5646 Mox
554 5585 696 5646 enim
725 5585 1025 5662 sequuntur
1055 5591 1215 5643 verba
1240 5585 1551 5662 καταιγίδες
1583 5588 1818 5662 ἀνέμων,
1841 5603 1961 5657 quin

405 5663 460 5717 in
495 5663 586 5716 illo
607 5659 1030 5718 codice'exstant
1056 5663 1237 5714 statim
1267 5668 1388 5728 post
1413 5659 1707 5730 ἀστραπαί.

477 5733 587 5805 (82)
621 5731 679 5786 lu
709 5733 770 5787 B.
806 5741 890 5790 est
921 5731 1220 5803 ἀδιάφοροι,
1237 5731 1381 5800 quod
1423 5729 1594 5801 magis
1634 5729 1827 5802 placet,
1858 5741 1956 5784 no-

2072 4081 2164 4134 καὶ
2198 4083 2254 4132 ὲν
2285 4081 2349 4150 τῇ
2395 4077 2596 4150 ἐσχάτῃ
2627 4075 2808 4146 ήμέρᾳ
2843 4075 2940 4144 τῆς
2989 4071 3328 4136 συντελείας,
3364 4072 3448 4124 δεῖ
3481 4072 3648 4125 πάλιν

2073 4173 2364 4241 ἀναστῆναι
2399 4168 2508 4239 (87)
2531 4165 2944 4236 ψευδοχρίστους
2974 4163 3171 4234 ἄνδρας
3212 4162 3494 4230 λέγοντας,
3523 4162 3648 4216 Ὅτι

2072 4262 2182 4332 ἐγώ
2215 4264 2328 4333 εἰμι
2360 4263 2388 4314 ὁ
2433 4257 2694 4330 Χριστόςο
2741 4257 2833 4308 καὶ
2875 4255 3100 4318 πολλοὺς
3133 4254 3492 4324 πλανήσουσι.
3531 4254 3650 4306 Καὶ

2074 4351 2256 4406 πολλοὶ
2287 4349 2394 4404 τῶν
2423 4347 2722 4420 ἀνθρώπων
2753 4345 3051 4418 δραμοῦσιν
3094 4344 3202 4398 ἀπὸ
3233 4345 3512 4397 ἀνατολῶν
3538 4344 3652 4407 ἕως

2073 4443 2322 4513 δυσμῶν,
2374 4445 2465 4494 καὶ
2502 4441 2609 4493 ἀπὸ
2658 4439 2829 4511 βορρᾶ
2866 4439 2970 4501 ἓως
3021 4437 3326 4508 θαλάσσης,
3357 4436 3647 4506 λέγοντες·

2074 4535 2182 4588 Ποῦ
2223 4529 2322 4588 ὦδε
2370 4536 2398 4586 ὁ
2446 4533 2712 4605 Χριστόςς
2769 4532 2878 4585 Ποῦ
2928 4533 3044 4585 ἐκεῖ
3087 4531 3117 4583 ὀ
3165 4531 3440 4603 Χριστός;
3482 4528 3654 4582 Ἀλλὰ

2079 4627 2301 4698 μάταιον
2353 4628 2604 4701 φρόνημα
2649 4625 2996 4696 κεκτημένοι,
3029 4624 3243 4686 καὶτὰς
3281 4623 3504 4695 Γραφάς
3535 4625 3652 4692 ὲμ-

2079 4720 2252 4789 μελῶς
2271 4721 2370 4774 οὐκ
2393 4720 2871 4789 ἀναγινώσκοντες,
2891 4721 2992 4773 οὐκ
3009 4715 3143 4789 ὀρθὰ
3162 4715 3484 4786 φρονοῦντες
3501 4711 3652 4785 (88),

2067 4966 2250 5027 tatquc
2275 4958 2472 5028 glacies
2504 4965 2707 5011 αξιοι·ηο
2737 4955 2938 5028 frigore,
2983 4959 3325 5021 compactos,
3369 4967 3491 5022 quae
3521 4965 3652 5004 non

2067 5032 2259 5082 iterum
2296 5029 2452 5082 facile
2483 5029 2790 5082 solvuntur.

2137 5097 2248 5168 (85)
2293 5099 2434 5152 Idem
2483 5113 2611 5160 ms.,
2642 5097 2798 5167 ἔχων.
2857 5097 2944 5148 Ἐν
2983 5091 3092 5164 γὰρ
3136 5091 3216 5162 τῷ
3261 5087 3652 5162 πληθυνθῆναι

2067 5167 2456 5320 ἀθῗὲιὶῗᾩετω
2489 5237 2616 5290 ὅταν
2641 5235 2699 5289 δὲ
2729 5249 2900 5304 usque
2934 5232 2998 5287 ad
3029 5229 3304 5301 πτοηθῆτε
3356 5229 3412 5283 in
3440 5228 3500 5281 Β.
3539 5227 3656 5282 de-

2068 5310 2394 5364 siderantur.

2139 5379 2250 5449 (85)
2276 5379 2379 5449 1d,,
2408 5377 2718 5449 εὐθέωςηει
2745 5389 2870 5449 mox
2906 5373 3040 5449 μάθε
3069 5387 3170 5449 pro
3203 5369 3484 5449 ademptam

2143 5379 2230 5449 (85
2276 5379 2379 5444 ld.,
2408 5379 2629 5440 εὐθέως,
2665 5385 2718 5430 et
2745 5389 2870 5428 mox
2906 5379 3040 5444 μάθε
3069 5387 3170 5442 pro
3203 5379 3484 5442 μάθωμεν.

2143 5379 2252 5520 (86)
2299 5447 2398 5514 ld.,
2439 5445 2790 5517 ἀσφαλίζεται
2828 5445 2972 5514 ἡμᾶς
3005 5443 3098 5496 καὶ
3131 5439 3502 5514 παραγγέλλει
3553 5435 3658 5494 λέ-

2154 5538 2200 5574 ν.

2072 5537 2248 5656 γυι(87)
2288 5591 2379 5642 Δεῖ
2401 5583 2492 5642 οὖν
2524 5591 2580 5641 ὲν
2602 5604 2652 5640 τ.
2669 5603 2715 5638 ε.
2741 5601 2798 5654 η.
2822 5602 2876 5656 τ.
2903 5601 2952 5638 σ.
2993 5582 3149 5636 πάλιν
3177 5580 3502 5652 ἀναστῆναι,
3527 5577 3602 5638 Β.

2140 5655 2251 5734 (88)
2298 5657 2794 5734 ὐρθοφρονοῦντες,
2821 5655 2882 5712 Β.
