3862 6524
227 386 336 450 915

1153 401 1428 461 SPURIA.
1469 438 1538 447 —
1571 409 1660 464 DE
1697 410 2282 486 CONSUMMATIONE
2317 413 2549 474 MUNDI.

3354 421 3457 478 9M

224 502 555 611 ζητήσουσιν
598 510 800 584 ὄνομα,
833 516 970 589 ὅπερ
1013 519 1194 592 εὑρεῖν
1239 523 1299 576 οὐ
1333 524 1669 599 δυνήσονται.
1716 532 1794 584 Δεῖ

1908 534 2023 590 haec
2065 537 2204 605 ﬁeri,
2248 538 2434 608 itaque
2481 537 2724 610 conspici
2757 539 2925 595 lilium
2963 540 3314 611 perditionis,
3353 543 3458 598 hoc

225 597 338 693 γάρ
370 599 584 693 ¹ττρῶτον
622 605 794 659 ταῦτα
819 609 1092 676 γενέσθαι,
1127 613 1222 666 καὶ
1244 614 1416 682 οὕτως
1449 597 1679 693 ὸφθῆναι
1707 623 1799 676 τὸν

226 689 343 742 υἱὸν
366 691 468 761 τῆς
501 693 797 762 ἀπωλείας,
831 699 998 768 ἦγουν
1027 703 1118 757 τὸν
1151 704 1412 762 διάϐολον.

298 779 364 836 Χ.
415 785 527 850 καὶ
572 788 620 839 oi
672 787 926 862 θεηγόροι
969 793 1079 866 (89)
1129 797 1414 854 ἀπόστολοι
1461 801 1798 873 βεϐαιοῦντες

221 871 322 944 τὴν
347 874 441 927 τοῦ
467 877 671 948 Κυρίου
709 880 883 952 Ἰησοῦ
913 885 1150 956 Χριστοῦ
1180 871 1480 962 παρουσίαν
1508 894 1640 966 (90),
1666 895 1798 951 ’ἐκα-

224 981 349 1029 στος
398 967 577 1022 αὐτῶν
612 970 857 1039 ὑπέδειξε
892 975 999 1030 τῶν
1046 978 1256 1049 ἐναγῶν
1303 983 1396 1036 καὶ
1453 984 1798 1056 φθοροποιῶν

220 1053 529 1146 ἀνθρώπων
560 1059 658 1131 τὴν
688 1061 955 1130 ἀνάδειξιν
1001 1067 1204 1124 τούτων
1241 1070 1374 1142 (91),
1407 1074 1498 1126 καὶ
1528 1053 1797 1146 ἑνήρυξαν

222 1143 532 1214 ἀναφανδὸν
570 1148 669 1214 τὰς
691 1151 894 1206 τούτων
915 1155 1025 1227 (92)
1049 1156 1340 1230 ἀθεμίτους
1369 1143 1795 1238 πράξεις.Πῴ-

219 1252 315 1300 τος
355 1240 384 1290 6
415 1239 623 1313 Πέτρος
660 1245 692 1314 ἡ
739 1245 914 1317 πέτρα
952 1248 1051 1319 τῆς
1093 1250 1360 1317 πίστεως,
1403 1254 1460 1307 ὃν
1497 1256 1795 1328 ἐμακάρισε

220 1327 459 1398 Χριστὸς
484 1334 512 1385 6
537 1333 667 1398 Θεὸς
694 1334 876 1406 ἡμῶν,
909 1338 938 1389 ό
969 1338 1285 1406 διδάσκαλος
1321 1343 1420 1414 τῆς
1453 1327 1792 1417 Ἐκκλησίας,

219 1421 249 1472 6
284 1421 502 1491 πρῶτος
532 1425 798 1498 μαθητὴς,
833 1429 861 1480 ὁ
892 1429 990 1494 τὰς
1023 1431 1172 1495 κλεῖς
1203 1433 1303 1504 τῆς
1339 1435 1611 1504 βασιλείας
1636 1438 1792 1509 ἔχων,

219 1511 462 1579 ἐδίδαξεν
486 1517 631 1586 ἡμᾶς
646 1517 836 1587 λέγων·
865 1522 1042 1577 Τοῦτο
1065 1523 1298 1591 πρῶτον
1322 1526 1658 1597 γινώσκετε,
1701 1530 1796 1584 τέ-

219 1620 339 1657 acra
361 1606 496 1676 (95),
527 1606 614 1660 ὅτι
629 1609 982 1667 ἐλεύσονται
1010 1615 1102 1667 ἐπ’
1129 1617 1401 1684 ἐσχάτων
1429 1619 1546 1674 τῶν
1569 1622 1799 1691 ἡμερῶν

218 1697 539 1766 ἐμπαῖκται
569 1702 717 1756 κατὰ
765 1702 874 1769 τὰς
905 1705 1062 1772 ιδίας
1110 1707 1426 1780 ἐπιθυμίας
1466 1713 1664 1766 αὐτῶν
1689 1715 1796 1785 (94)

220 1795 632 1862 πορευόμενοι.
692 1797 803 1850 Καὶ
861 1799 932 1852 ἐν
1000 1801 1143 1870 ὑμῖν
1211 1803 1456 1857 ἔσονται
1524 1807 1797 1875 ψευδοδι-

1899 633 1981 680 est
2003 626 2298 684 diabolum.

1898 827 1902 839 ι
1974 803 2040 859 Χ.
2076 803 2216 871 Quin
2241 815 2296 861 et
2343 807 2661 878 diviniloqui
2691 809 2960 878 apostoli,
3011 810 3103 879 qui
3137 810 3461 866 conﬁrmant

1900 897 2191 954 adventum
2239 898 2458 954 Domini
2511 903 2682 957 nostri
2733 901 2863 958 Jesu
2898 902 3140 967 Christi,
3181 902 3456 973 sigillatim

1900 990 2200 1047 innuerunt
2247 993 2474 1048 istorum
2537 994 2979 1050 detestandorum
3040 1008 3106 1049 ac
3158 996 3455 1050 exitialium

1897 1081 2178 1138 hominum
2215 1085 2753 1155 demonstrationem,
2779 1103 2842 1142 ac
2879 1088 3055 1157 palam
3099 1088 3460 1158 praedicarunt

1897 1173 2134 1230 nefarias
2182 1176 2394 1231 illorum
2449 1178 2709 1233 actiones.
2763 1177 3019 1248 Princeps
3056 1177 3285 1244 Petrus,
3332 1179 3460 1235 ﬁdei

1895 1275 2070 1336 petra,
2095 1283 2256 1338 quem
2283 1268 2497 1324 beatum
2522 1269 2787 1339 judicavit
2813 1270 3062 1327 Christus
3087 1270 3226 1326 Deus
3253 1281 3458 1339 noster,

1898 1357 1986 1413 ille
2015 1360 2207 1414 doctor
2241 1359 2516 1425 Ecclesiae,
2558 1363 2647 1418 ille
2678 1367 2884 1434 primus
2919 1363 3332 1434 discipulorum,
3368 1364 3459 1420 ille

1896 1453 1989 1524 qui
2040 1457 2192 1526 regni
2235 1457 2414 1512 claves
2459 1457 2641 1524 habet,
2683 1459 2868 1513 docuit
2901 1474 2998 1514 nos
3048 1459 3234 1514 dicens
3275 1478 3288 1515 :
3342 1459 3458 1513 Hoc

1895 1543 2124 1612 primunt
2161 1546 2362 1609 scitote,
2389 1544 2514 1612 ﬁlii,
2545 1547 2682 1617 quod
2703 1551 2900 1602 venient
2925 1549 2981 1600 in
3006 1549 3253 1602 extremis
3277 1547 3458 1602 diebus

1896 1634 2180 1700 illusores,
2229 1634 2512 1688 secundum
2558 1653 2680 1692 suas
2729 1639 2962 1706 ipsorum
3011 1641 3458 1704 concupiscentias

1896 1724 2246 1778 ambulantes.
2294 1727 2358 1777 Et
2393 1735 2544 1779 erunt
2592 1727 2648 1780 in
2693 1729 2832 1782 vobis
2874 1728 3000 1798 falsi
3041 1730 3317 1794 doctores,
3369 1733 3459 1800 qui

1897 1815 2232 1869 introducent
2280 1825 2449 1870 sectas
2494 1819 2800 1886 perditionis
2823 1821 2892 1878 "’.
2942 1819 3253 1877 Secundum
3313 1824 3459 1878 hunc

219 1881 548 1950 δάσκαλοι,
593 1889 810 1956 οἵτινες
842 1891 1316 1957 παρεισάξουσιν
1344 1896 1603 1964 αἱρέσεις
1637 1901 1794 1953 ἀπω-

1903 1918 2160 1963 consonat
2199 1907 2438 1967 Joannes
2483 1912 2766 1980 theologus
2798 1913 3025 1969 dilectus
3063 1915 3296 1981 Christi,
3348 1917 3460 1971 cla-

218 1970 415 2036 λείας.
447 1973 605 2027 Μετά
635 1975 824 2030 τοῦτον
854 1980 1064 2050 συνῳδὰ
1096 1982 1347 2055 Ἰωάννης
1371 1987 1400 2037 ὁ
1434 1985 1680 2056 θεολόγος
1706 1989 1797 2043 καὶ

217 2060 580 2134 ἡγαπημένος
631 2067 725 2122 τοῦ
776 2070 1012 2141 Χριστοῦ
1063 2073 1190 2145 βοᾷ*
1240 2077 1474 2146 Φανερά
1532 2081 1662 2134 ἐστι
1728 2083 1798 2136 τὰ

218 2153 404 2207 τέκνα
434 2157 542 2210 τοῦ
574 2157 874 2226 διαϐόλου,
902 2163 999 2216 καὶ
1034 2165 1152 2218 νῦν
1178 2167 1544 2237 ἀντίχριστοι
1581 2174 1797 2226 πολλοὶ

216 2245 544 2311 γεγόνασιν
562 2263 576 2276 ·
603 2248 735 2302 ἀλλὰ
765 2249 851 2320 μὴ
876 2251 1219 2321 πλανηθῆτε
1245 2257 1436 2312 ὀπίσω
1456 2260 1675 2314 αὐτῶν.
1699 2261 1794 2330 Μὴ

218 2337 400 2389 παντὶ
455 2340 742 2408 πνεύματι
789 2346 1136 2410 πιστεύετε,
1184 2347 1273 2401 ὅτι
1319 2351 1537 2404 πολλοὶ
1577 2353 1795 2420 ψευδο-

218 2426 516 2496 προφῆται
555 2431 928 2498 ἐληλύθασιν
967 2435 1076 2506 (95)
1107 2441 1194 2503 είς
1221 2438 1326 2492 τὸν
1366 2443 1616 2510 κόσμον.
1661 2440 1794 2496 Εἶτα

217 2520 247 2572 6
292 2519 494 2584 Ἰούδας
546 2522 798 2578 Ἰακώϐου
857 2526 927 2579 τὰ
973 2528 1133 2599 ὃμοια
1180 2531 1385 2586 τούτων
1437 2533 1612 2603 λέγει’
1676 2537 1794 2591 Ἐπ’

216 2609 495 2679 ἐσχάτων
518 2613 636 2665 τῶν
662 2616 894 2684 χρόνων
912 2619 1152 2674 ἔσονται
1175 2623 1488 2691 ἐμπαῖκται
1518 2627 1666 2680 κατὰ
1692 2629 1796 2696 τὰς

219 2698 380 2764 ιδίας
407 2701 720 2770 ἐπιθυμίας
743 2708 1126 2776 πορευόμενοι
1151 2710 1268 2764 τῶν
1290 2713 1596 2770 ἀσεϐειῶν.
1619 2715 1796 2774 Οὗτοί

215 2793 377 2882 είσιν
398 2795 451 2846 cl
471 2795 706 2864 ἀφόϐως
727 2798 975 2867 ἑαυτοὺς
988 2802 1095 2873 (96)
1130 2808 1563 2877 ποιμαίνοντες.
1587 2814 1794 2882 Ἐγνως

213 2881 330 2934 τῶν
355 2882 620 2954 θεολόγων
642 2887 750 2958 (97)
779 2892 870 2943 καὶ
902 2893 1212 2949 ἀποστόλων
1233 2898 1332 2969 τὴν
1359 2904 1673 2972 συμφωνίαν
1702 2907 1795 2959 καὶ

212 2973 476 3044 ὁμόνοιαν
508 2978 610 3048 τῆς
643 2979 861 3052 διδαχῆς
891 2985 1087 3040 αὐτῶν.

283 3065 390 3159 ΣΙ.
413 3070 634 3159 ’Ἄκουε
676 3073 860 3128 λοιπὸν
897 3079 992 3130 καὶ
1035 3079 1243 3134 Παύλου
1287 3083 1534 3154 λέγοντος
1579 3088 1792 3159 παρρη-

1901 2010 2158 2070 matque:
2217 2001 2496 2071 Mani/esti
2543 2017 2664 2058 sunt
2711 2005 2812 2074 ﬁlii
2861 2007 3058 2059 diaboli
3094 2007 3168 2069 ⁸¹,
3225 2019 3272 2062 et
3325 2024 3459 2062 nunc

1883 2091 2208 2146 Antichristi
2249 2093 2401 2146 multi
2442 2093 2572 2161 [acti
2615 2103 2736 2147 sunt
2760 2096 2836 2160 5’;
2894 2112 3079 2150 verum
3129 2113 3192 2150 ne
3237 2097 3460 2151 seducu-

1899 2185 2027 2236 ιιιίηὶ
2053 2193 2168 2253 post
2192 2201 2276 2238 eos
2309 2185 2395 2239 ⁵²⁶.
2429 2184 2606 2240 Nolite
2633 2189 2771 2240 οηιηὶ
2797 2189 3010 2256 spiritui
3052 2191 3295 2244 credere:
3333 2192 3460 2260 quia

1898 2275 2051 2328 multi
2076 2278 2536 2346 pseudoprophetae
2560 2279 2796 2333 exierunt
2821 2282 2872 2333 in
2895 2281 3146 2335 mundum
3161 2282 3223 2330 ".
3256 2281 3459 2337 Deinde

1896 2367 2058 2420 etiam
2085 2365 2255 2423 Judas
2279 2367 2465 2423 Jacobi
2500 2368 2667 2423 frater
2703 2371 2786 2426 his
2824 2372 3024 2426 similia
3068 2373 3231 2428 dicit:
3269 2371 3335 2426 In
3364 2390 3458 2426 uo-

1896 2460 2122 2513 uissimis
2172 2461 2487 2529 temporibus
2537 2474 2688 2515 erunt
2733 2463 3010 2531 illusores,
3038 2464 3321 2518 secundum
3359 2481 3458 2518 sua

1895 2552 2159 2607 desideria
2188 2550 2515 2605 ambulantes
2561 2553 2616 2604 in
2669 2553 3042 2621 impietatibus.
3095 2553 3165 2608 lli
3205 2565 3325 2609 sunt
3367 2556 3457 2624 qui

1895 2649 2006 2701 sine
2028 2659 2165 2700 metu
2191 2646 2385 2716 seipsos
2408 2654 2628 2715 pascunt
2645 2645 2709 2701 ".
2731 2645 3058 2718 Perspexisti
3083 2648 3456 2718 theologorum

1894 2750 1949 2794 et
1995 2739 2367 2809 apostolorum
2407 2753 2734 2795 consensum
2823 2757 2886 2796 ac
2936 2741 3194 2796 doctrinae
3240 2741 3455 2796 illorum

1895 2831 2264 2887 concordiam.

1967 3080 2058 3136 XI.
2110 3080 2375 3152 Deinceps
2419 3081 2648 3137 Paulum
2695 3083 2856 3137 etiam
2901 3082 3127 3147 audias,
3173 3083 3337 3138 libere
3372 3085 3455 3138 lo-

217 3156 313 3228 σίᾳ
346 3156 479 3228 (98),
515 3161 631 3225 πῶς
663 3163 884 3229 τούτους
921 3169 1164 3240 φανερῶς
1209 3173 1612 3231 ἀποκαλύπτει’

1903 3179 2174 3240 quentem,
2200 3187 2362 3242 quam
2399 3182 2580 3242 aperte
2613 3173 2775 3227 hosce
2797 3173 2996 3228 revelet
3021 3191 3034 3226 :
3083 3172 3258 3227 Videte
3288 3175 3454 3230 malos

213 3263 364 3340 πετε
391 3251 536 3318 τοὺς
579 3255 803 3324 κακοὺς
841 3259 1111 3328 ἐργάτας,
1145 3264 1406 3328 βλέπετε
1443 3269 1558 3340 τὴν
1611 3290 1791 3328 κατα-

1903 3265 2180 3333 operarios,
2234 3266 2402 3321 videte
2451 3267 2818 3320 concisionem.
2868 3267 3066 3333 Videte,
3097 3284 3158 3321 ne
3209 3269 3325 3338 quis
3361 3287 3454 3326 vos

210 3338 430 3430 τομήν.
461 3344 722 3398 Βλέπετε
755 3346 840 3415 μή
878 3366 966 3415 τις
993 3350 1145 3420 ὑμᾶς
1167 3352 1335 3408 ἔσται
1363 3357 1395 3409 ό
1429 3338 1794 3430 συλαγωγῶν

1903 3355 2220 3426 ιίερναάειιιν
2244 3374 2335 3428 per
2376 3358 2760 3428 philosophiam
2811 3367 2859 3413 et
2895 3360 3103 3413 inanem
3157 3360 3452 3430 fallaciam.

210 3427 314 3520 δια
351 3429 462 3498 τῆς
501 3439 862 3506 φιλοσοφίας
890 3440 990 3493 καὶ
1028 3442 1210 3511 κενῆς
1236 3446 1486 3515 ἀπάτης.
1535 3427 1794 3506 Βλέῖιετε

1910 3447 2081 3501 Videte
2113 3427 2373 3518 quomodo
2404 3458 2556 3503 caute
2584 3427 2882 3513 ambuletis,
2903 3427 3167 3520 quoniam-
3188 3452 3296 3507 dies
3326 3453 3457 3508 mali

210 3518 346 3586 πῶς
378 3521 635 3591 ἀκριϐῶς
673 3530 1043 3596 περιπατεῖτε
1066 3575 1080 3600 ,
1123 3533 1211 3588 ὅτι
1254 3539 1311 3589 al
1335 3536 1563 3606 ,ἡμέραι
1607 3554 1792 3609 πονη-

1903 3550 2014 3594 ntnt
2039 3539 2107 3594 ⁸³.
2139 3538 2340 3608 Ecquis
2390 3541 2555 3610 igitur
2606 3540 2825 3595 habebit
2866 3518 3273 3597 escusatiouem
3301 3585 3316 3608 ,
3360 3543 3454 3615 qui

202 3613 316 3679 ραί
345 3615 485 3667 εἱσι.
529 3617 726 3671 Λοιπὸν
759 3621 841 3684 τίς
872 3621 982 3686 ἕξει
1021 3623 1331 3694 ἀπολογίαν,
1366 3630 1578 3684 ἀκούων
1621 3631 1791 3685 ταῦτα

1903 3632 2009 3686 Ιιεεο
2036 3631 2222 3685 audiat
2267 3633 2322 3684 in
2367 3630 2610 3686 Ecclesia
2654 3648 2685 3686 a
2723 3633 3020 3703 pr0phetis,
3064 3634 3134 3688 ab
3167 3613 3450 3704 apostolis,

211 3706 271 3757 ὲν
293 3708 364 3776 τῇ
412 3707 725 3782 Ἐκκλησία,
767 3716 918 3786 παρά
957 3733 1016 3768 τε
1049 3716 1156 3771 τῶν
1192 3722 1484 3791 προφητῶν
1524 3725 1617 3776 καὶ
1655 3725 1789 3778 ἀπο-

1903 3733 2055 3794 atque
2076 3725 2144 3779 ab
2173 3726 2292 3794 ipso
2319 3722 2551 3780 Domino
2575 3742 2589 3779 :
2629 3739 2728 3780 nec
2757 3726 3024 3782 sollicitus
3046 3728 3149 3782 erit
3177 3726 3243 3782 de
3270 3727 3452 3783 anima

213 3800 444 3863 στόλων,
469 3802 560 3855 καὶ
587 3805 714 3874 παρ’
745 3807 907 3860 αὑτοῦ
940 3808 1033 3862 τοῦ
1064 3811 1290 3881 Κυρίου,
1315 3815 1407 3867 καὶ
1432 3815 1493 3867 οὑ
1517 3820 1789 3888 φροντίσει

1903 3833 2014 3881 sua,
2046 3834 2109 3872 ac
2142 3827 2380 3888 tempore
2423 3819 2915 3874 consummationis
2949 3829 3004 3876 et
3037 3820 3169 3876 hora
3199 3821 3310 3890 illa,
3346 3838 3452 3894 qua

208 3891 314 3961 τῆς
353 3891 531 3962 ψυχῆς
564 3895 728 3948 αὑτοῦ
756 3897 854 3968 τὴν
884 3899 1221 3970 ἐπιμέλειαν,
1248 3904 1339 3956 καὶ
1362 3905 1452 3958 τὸν
1477 3907 1668 3978 καιρὸν
1691 3909 1790 3980 τῆς

1903 3911 2008 3966 sisti
2038 3912 2298 3965 debemus
2327 3909 2393 3963 ad
2429 3909 2669 3964 tribunal
2696 3910 2938 3967 Christi?

211 3983 565 4049 συντελείας,
602 3989 693 4040 καὶ
723 3986 820 4060 τὴν
864 3988 1011 4062 ὥραν
1049 3992 1261 4065 ἐκείνην
1292 3996 1390 4067 τὴν
1429 3997 1721 4068 μέλλουσαν

211 4077 489 4150 μέλλομεν
546 4081 656 4154 (99)
713 4085 1076 4156 παρίστασθαι
1125 4090 1215 4143 ἐπὶ
1257 4093 1350 4146 τοῦ
1390 4094 1630 4166 βήματος
1693 4099 1787 4152 τοῦ

205 4169 486 4240 Χριστοῶ

283 4260 405 4314 XII.
458 4262 618 4317 Ἀλλά
658 4265 755 4336 τῆς
796 4268 1103 4334 συντελείας
1143 4272 1237 4326 τοῦ
1268 4274 1424 4343 λόγου
1473 4277 1647 4349 πέρας
1689 4279 1788 4332 δὼ-

208 4369 409 4416 σαντες
447 4353 521 4424 (1)
566 4356 834 4427 τρέψομεν
879 4359 979 4430 τὴν
1027 4361 1274 4434 διήγησιν
1319 4368 1411 4420 ἐπὶ
1453 4367 1523 4421 τά
1564 4369 1786 4423 ἀκολού-

207 4443 321 4508 θως
354 4445 484 4514 ἡμῖν
511 4445 769 4515 μέλλοντα
792 4449 866 4520 (2)
898 4451 1244 4522 ῥηθήσεσθαι.
1269 4457 1507 4529 Παρὰγω
1531 4461 1603 4530 (5)
1629 4461 1686 4514 δὲ
1710 4463 1787 4524 είς

208 4537 382 4607 μέσον
415 4537 723 4601 ἀξιόπιστον
756 4541 1026 4613 μάρτυρα,
1059 4543 1149 4597 τὸν
1179 4551 1462 4620 προφήτην
1488 4551 1700 4622 Δανιὴλ,
1727 4553 1786 4616 ὃς

1903 4562 2056 4617 gnum
2106 4545 2381 4602 Danielem
2413 4547 2768 4617 prophetam,
2809 4546 2904 4618 qui
2954 4549 3227 4603 somnium
3270 4547 3451 4601 Nabu-

200 4627 268 4680 τὸ
299 4627 551 4682 ἐνύπνιον
580 4629 675 4682 τοῦ
703 4631 1167 4708 Ναϐουχοδονόσορ
1199 4637 1532 4705 διέλυσε,καὶ
1559 4643 1666 4696 ἀπὸ
1686 4645 1784 4716 τῆς

1903 4637 2236 4692 :hodonosor
2285 4637 2570 4704 dissolvit,
2624 4647 2786 4706 atque
2834 4638 2903 4692 ab
2951 4637 3106 4691 initio
3158 4654 3447 4706 regnorum

205 4718 392 4788 ἀρχῆς
441 4719 550 4771 τῶν
599 4719 860 4789 βασιλέων
901 4723 1005 4787 ἕως
1046 4725 1145 4796 τῆς
1191 4728 1530 4793 συντελείας,
1567 4731 1779 4785 ὑπέδει-

1903 4746 2062 4799 isque
2104 4730 2168 4784 ad
2215 4728 2742 4784 consummationem
2767 4768 2782 4792 ,
2829 4729 2971 4783 viam
3013 4729 3444 4784 indeclinabilem

203 4811 300 4880 ξεν
325 4811 405 4882 (4)
433 4812 817 4884 ἀπαράτροπον
853 4816 968 4870 ὁδὸν
1009 4822 1119 4882 τοῖς
1163 4819 1380 4874 ὁδεῦσαι
1419 4821 1650 4889 θέλουσι,
1685 4825 1780 4896 τῆς

1903 4823 2042 4893 sequi
2087 4821 2424 4884 volentibus,
2466 4821 2888 4876 declarationem
2930 4822 3174 4879 veritatis
3219 4823 3449 4878 demon-

275 4927 402 5006 “fnll
431 4928 549 5006 _P_et.
581 4931 771 5006 [1],};
799 4933 955 5006 η,1.⁸
1012 4936 1053 4966 ⁸¹
1085 4934 1102 4988 Ι
1130 4935 1286 4990 Joan.
1314 4953 1394 5001 Ill,
1423 4938 1504 4994 lO.
1582 4943 1626 4973 ³³
1653 4941 1671 4995 l
1695 4943 1788 4996 Joa

1913 4960 1948 5005 ι,
1985 4941 2071 4995 18.
2151 4941 2220 4972 ⁸²⁶
2266 4939 2394 4994 Luc.
2427 4939 2596 5003 xxt,8.
2684 4940 2729 4972 ⁸³
2762 4938 2780 4991 l
2810 4938 2966 4994 Joan.
3002 4959 3076 5006 ιν,
3111 4942 3162 4995 1.
3240 4940 3285 4972 ⁸⁸
3315 4939 3439 4997 Jud.

203 5015 264 5055 v.
300 4999 391 5064 i8,
421 5001 506 5055 l9.
585 5002 630 5032 ³⁵⁵
657 4999 795 5054 Phil.
822 5018 902 5067 Ill,
929 5004 994 5072 2;
1025 5006 1236 5062 Coloss.
1266 5024 1324 5071 ιι,
1353 4999 1414 5074 8;
1452 5009 1648 5080 Ephes.
1675 5030 1726 5080 ν,
1757 5016 1794 5067 ll

1903 4999 1954 5067 6'.

441 5119 606 5192 Ὅθεν
633 5121 726 5173 καὶ
747 5125 794 5174 οἱ
822 5122 1077 5192 θεολόγοι,
1106 5125 1178 5178 id.

280 5189 401 5261 (ξω)
438 5191 778 5261 Μαρτυρίαν,
811 5193 868 5244 B-

574 5259 664 5337 τὸν
697 5262 864 5333 ἐναγῆ
898 5264 992 5316 καὶ
1018 5263 1338 5337 φθοροποιὸν
1370 5265 1631 5323 διάϐολον.

439 5327 818 5422 ξάηυτούτουμ.⁷
853 5327 864 5333 ’
916 5401 941 5412 η
1030 5327 1042 5333 ’
1121 5327 1159 5416 ἠ
1413 5407 1425 5422 ν
1728 5411 1740 5422 .

2211 5356 2308 5393 ms.
2341 5327 2710 5422 D.'pro‘t:bpav
2737 5341 2951 5412 ἐκείνην
2976 5342 3041 5422 ᾖν
3071 5340 3352 5422 μέλλομεν.

280 5399 408 5482 (95).
439 5400 599 5482 In_B,
653 5401 1031 5482 verba_:toﬁco_
1049 5404 1261 5482 πρῶτον
1290 5407 1600 5482 γινώσκετε
1619 5450 1633 5473 ,
1685 5411 1772 5465 τέ-

1950 5399 2263 5482 (μίνυνθαΔ
2312 5399 2480 5482 πέρας
2528 5399 2793 5476 δώσαντες
2845 5399 3085 5482 supplevi
3148 5399 3329 5469 ex'B.
3378 5412 3440 5471 ln

201 5485 357 5551 man
378 5469 774 5551 desiderantur.
813 5470 934 5527 Mox
963 5469 1156 5529 ibidem
1199 5469 1425 5551 legitur:
1476 5469 1773 5550 ἐμπαῖκται

1903 5469 2082 5551 eodem
2102 5491 2182 5532 est
2219 5479 2308 5551 τὸν
2337 5469 2492 5551 λόγον
2523 5498 2618 5550 pro
2638 5483 2731 5535 τοῦ
2761 5469 2939 5550 λόγουῖ

200 5538 614 5620 “bitiae”:
723 5610 833 5620 ,η
951 5615 963 5620 ,
1099 5617 1112 5620 _
1250 5538 1315 5620 ’Ἴ
1508 5538 1520 5550 ’

1949 5550 2022 5619 (2)
2063 5548 2140 5602 lla
2171 5550 2367 5604 rectius
2393 5538 2454 5604 Β.
2486 5538 2586 5620 ι)ὶο
2615 5538 2882 5606 ἀκόλουθα
2901 5552 2997 5617 ὡς.

280 5609 398 5678 (94)
438 5609 495 5663 1n
525 5610 698 5665 altero
723 5610 835 5666 Pici
864 5615 1051 5671 codice
1082 5617 1236 5673 deest
1262 5619 1459 5675 αὐτῶν.

281 5679 399 5710 (Oili
438 5681 856 5710 Dipo-1-3.50--.“
913 5685 952 5710 D

1948 5609 2024 5710 sit
2067 5621 2169 5710 εει-ο
2211 5609 2533 5710 refutati):

281 5679 399 5768 92???
435 5681 877 5768 ἓίσεέτθύθθισξνν
912 5685 1028 5768 Βοι
1145 5758 1211 5768 ..
1299 5760 1321 5768 -
1419 5760 1466 5768 ,η
1656 5763 1668 5768 _

2070 5679 2456 5768 Tricasiiaxiﬁ
2483 5693 2617 5750 alter
2654 5693 2763 5748 Pici
2807 5709 2910 5750 ms.
2947 5691 3036 5750 Sic
3061 5693 3201 5752 etB.
3241 5695 3298 5752 in
3329 5710 3438 5768 quo

279 5750 396 5831 (96)
436 5751 590 5822 Apud
623 5752 680 5806 b‘.
715 5751 908 5810 ludam
951 5765 1073 5813 est:
1113 5759 1160 5812 oi
1188 5758 1611 5832 ἀποδιορίζοντες
1651 5763 1773 5818 ἐαυ-

1909 5750 2036 5818 nam
2067 5750 2475 5832 ἀπαράτρωτον.

199 5835 356 5884 τους.

1961 4266 2075 4321 ΧΠ.
2119 4266 2224 4322 Sed
2260 4268 2626 4322 narrationem
2671 4267 2833 4337 hujus
2865 4269 3452 4326 de7consummatione

1890 4361 2154 4414 orationis
2191 4370 2576 4415 convertamus
2609 4361 2674 4414 ad
2703 4377 2766 4414 ca
2799 4376 2921 4430 qua:
2962 4370 3266 4431 sequuntur
3291 4363 3452 4419 nobis

1887 4453 2135 4508 dicenda.
2169 4452 2226 4507 ln
2258 4454 2497 4508 medium
2528 4468 2656 4507 vero
2704 4453 2946 4524 produco
2988 4462 3178 4509 testem
3220 4455 3324 4508 [ide
3369 4455 3453 4510 di-

1954 5129 2066 5202 (97)
2107 5129 2409 5192 Ποιοῦντες.
2452 5130 2689 5196 Ἔγνωτε
2711 5169 2724 5193 ,
2770 5130 3076 5202 ἀγαπητοὶ,
3114 5130 3222 5186 τῶν
3261 5131 3444 5189 θεολό-

1880 5217 2011 5268 γων,
2038 5201 2096 5252 Β.
2421 5244 2426 5249 .

1953 5270 2064 5343 (98)
2099 5268 2311 5343 ῘΙαύλου
2335 5272 2662 5343 παρρησίαν,
2682 5269 2754 5324 id.
