3862 6538
231 345 334 402 917

1149 346 1421 406 SPURiA.
1462 379 1533 389 —
1570 346 1658 403 DE
1696 343 2285 403 CONSUMMATIONE
2322 343 2557 402 MUNDI.

3371 343 3477 398 9|8

230 425 304 516 T6
332 461 550 535 πρῶτον
571 463 757 535 θηρίον
799 466 966 520 είπὼν
1001 471 1030 522 6
1067 469 1282 541 Δανιὴλ,
1315 471 1478 541 ἤγουν
1523 471 1621 542 τὴν
1643 469 1784 524 λέαιι

1905 468 2134 538 praediti.
2160 469 2295 523 Cum
2329 468 2463 524 dicit
2493 467 2677 522 Daniel
2706 467 2934 537 primam
2966 465 3194 522 bestiam
3213 507 3229 532 ,
3263 464 3368 521 hoe
3393 475 3478 520 est

228 571 364 618 ναν,
407 554 505 628 τὴν
550 557 615 610 ἐκ
649 558 748 628 τῆς
785 559 1059 630 θαλάσσης
1103 563 1524 626 ἀναϐαίνουσαν,
1574 562 1670 634 τὴν
1695 563 1802 616 τῶν

227 641 590 697 Βαϐυλωνίων
615 648 986 720 γεγενημένην
1014 648 1287 720 βασιλείαν
1311 653 1367 705 ὲν
1396 651 1474 722 τῷ
1493 653 1680 724 κόσμῳ
1710 671 1804 724 ση-

229 734 434 804 μαίνει,
489 737 690 809 ταύτην
728 729 892 794 οὖσαν
933 743 1033 814 τῆς
1073 745 1278 808 εἰκόνος
1313 745 1412 817 τὴν
1443 746 1646 818 χρυσῆν
1693 745 1801 817 (15)

226 826 493 898 κεφαλήν.
535 828 609 881 Τὸ
630 829 686 882 δὲ
715 830 913 900 λέγειν,
948 836 1131 902 πτερὰ
1159 835 1348 905 αὐτῆς
1375 838 1454 904 ὡς
1489 838 1690 900 ἀετοῦ,
1719 837 1802 891 ὅτι

227 915 420 989 ὑψώθη
477 920 506 971 6
550 919 800 990 βασιλεὺς
851 925 1315 999 Ναϐουχοδονόσορ
1340 967 1353 991 ,
1395 929 1486 982 καὶ
1529 929 1670 981 κατά
1707 928 1801 982 τοῦ

223 1009 364 1064 Θεοῦ
391 1013 628 1085 ἐπήρθη.
678 1013 810 1070 Εἶτα
836 1018 1032 1088 φησὶν,
1078 1018 1315 1087 ἐξετίλη
1359 1019 1468 1090 (16)
1507 1021 1578 1074 τὰ
1621 1022 1804 1088 πτερὰ

223 1105 440 1172 αὐτῆς,
470 1107 551 1161 ὅτι
584 1109 860 1183 καθῃρέθη
893 1111 1112 1184 αὑτοῦὴ
1143 1112 1293 1180 δόξα·
1329 1112 1555 1184 ἐδιώχθη
1597 1113 1706 1185 γὰρ
1739 1116 1802 1168 ἐκ

221 1192 327 1263 τῆς
353 1193 627 1264 βασιλείας
659 1199 842 1253 αὐτοῦ.
875 1201 947 1254 Τὸ
975 1201 1030 1254 δὲ
1076 1204 1247 1256 εἰπεῖν
1268 1243 1283 1265 ,
1325 1203 1536 1271 καρδία
1576 1206 1800 1273 ἀνθρώ-

223 1297 347 1340 που
371 1287 550 1358 ἐδόθη
569 1291 747 1358 αὐτῷ,
770 1293 865 1347 καὶ
891 1294 989 1348 ἐπὶ
1015 1295 1211 1350 ποδῶν
1228 1295 1538 1365 ἀνθρώπου
1553 1297 1798 1366 ἐστάθη,

221 1376 308 1428 ὅτι
338 1380 681 1451 μετενόησεν,
718 1385 971 1453 ἐπιγνοὺς
991 1387 1200 1450 ἑαυτὸν,
1230 1389 1310 1441 ὅτι
1339 1389 1620 1461 ἄνθρωπός
1662 1391 1796 1456 ἐστι,

221 1468 322 1521 καὶ
347 1470 517 1524 ἔδωκε
540 1473 695 1538 δόξαν
717 1474 795 1546 τῷ
823 1477 960 1549 Θεῷ.
1004 1479 1135 1534 Ἰδοὺ
1170 1480 1423 1544 ἀπέδειξα
1449 1480 1543 1534 τοῦ
1585 1481 1798 1554 πρώτου

221 1557 418 1632 θηρίου
446 1563 545 1636 τὴν
577 1565 853 1636 ὁμοίωσιν.

293 1673 410 1729 XV.
446 1677 601 1732 Μετά
623 1675 716 1734 οὖν
747 1681 846 1752 τὴν
876 1682 1093 1739 λέαιναν
1118 1685 1364 1760 δεύτερον
1405 1689 1508 1761 ὁρᾷ
1546 1688 1731 1760 θηρίον
1770 1691 1800 1744 6

218 1769 510 1841 προφήτης
532 1811 546 1835 ,
595 1773 777 1844 ὅμοιον
817 1774 1031 1844 ἄρκτῳ,
1057 1779 1194 1851 ὅπερ
1221 1776 1358 1852 ἦσαν
1387 1783 1592 1854 Πέρσαι
1613 1800 1626 1813 ⁸
1661 1783 1799 1854 μετὰ

215 1856 329 1928 γὰρ
369 1861 741 1930 Βαϐυλωνίους
784 1869 989 1939 Πέρσαι
1024 1872 1351 1945 ἐκράτησαν.
1396 1874 1467 1928 Τὸ
1495 1875 1552 1928 δὲ
1597 1876 1792 1944 λέγειν,

215 1953 351 2019 τρία
377 1957 607 2023 πλευρά
630 1959 699 2012 ἐν
723 1958 802 2026 τῷ
827 1963 1074 2031 στόματι
1100 1965 1290 2033 αὐτῆς
1316 1966 1607 2035 ἐθεώρουν
1626 2009 1640 2032 ,
1671 1969 1795 2039 τρία

214 2044 344 2118 ἔθνη
376 2047 563 2115 ἔδειξε,
589 2051 822 2121 Πέρσας,
851 2055 1085 2126 Μήδους,
1109 2057 1202 2110 καὶ
1231 2057 1630 2124 Βαϐυλωνίους,
1658 2061 1794 2132 ὅπερ

209 2134 484 2190 δέδεικται
516 2139 653 2209 μετὰ
679 2141 770 2195 τὸν
799 2146 998 2216 χρυσὸν
1031 2147 1162 2217 (17),
1189 2149 1217 2200 6
1249 2149 1487 2222 ἄργυρος
1524 2151 1580 2204 ὲν
1608 2153 1673 2222 τῇ
1714 2154 1792 2206 εἰ-

213 2227 352 2280 κόνι.
431 2229 560 2284 Ἰδοὺ
613 2234 705 2287 καὶ
755 2236 818 2288 16
869 2237 1121 2311 δεύτερον
1171 2240 1359 2312 θηρίον
1412 2243 1789 2316 ἀπεδείξαμεν.

216 2318 450 2373 Ἔπειτα
475 2322 537 2375 τὸ
563 2325 742 2394 τρίτον
769 2329 801 2397 ἠ
824 2327 1131 2398 πάρδαλις,
1153 2333 1346 2398 οἵτινες
1371 2329 1787 2406 ἦσαν”Ελληνες·

216 2411 360 2481 μετὰ
376 2413 485 2486 γὰρ
504 2416 716 2486 Πέρσας
747 2419 1091 2497 Ἀλέξανδρος
1117 2426 1145 2477 6
1172 2426 1277 2478 τῶν
1296 2428 1620 2482 Μακεδόνων
1637 2428 1792 2499 ἐκράο

209 2513 370 2567 τησε,
404 2501 644 2556 καθελὼν
668 2506 760 2558 τὸν
789 2507 1033 2580 Δάρειον,
1067 2512 1094 2564 ὃ
1121 2513 1384 2568 δέδεικται
1428 2517 1486 2568 ὲν
1526 2520 1591 2587 τῇ
1624 2519 1790 2572 εἰκόνι

212 2591 243 2644 6
271 2591 491 2660 χαλκός.
528 2595 600 2648 Τὸ
627 2596 683 2649 δὲ
717 2597 896 2669 λέγειν
918 2643 932 2668 ,
972 2605 1158 2672 πτερὰ
1193 2606 1458 2675 τέσσαρα
1494 2611 1786 2675 πετεινοῦ,

211 2684 310 2736 καὶ
344 2684 635 2756 τέσσαρες
662 2695 913 2760 κεφαλαὶ
943 2696 1024 2761 τῷ
1045 2699 1244 2767 θηρίῳ,
1266 2703 1570 2772 σαφέστατα
1600 2705 1786 2772 ἔδειξε,

210 2774 336 2867 πῶς
360 2775 693 2867 διεμερίσθη
738 2787 817 2850 είς
847 2787 1089 2862 τέσσαρα
1123 2793 1263 2864 μέρη
1315 2798 1346 2867 ἠ
1401 2796 1643 2866 βασιλεία
1689 2801 1784 2853 τοῦ

222 2865 596 2940 Ἀλεξάνδρου.
625 2873 908 2958 Τέσσαρας
937 2880 1046 2953 γὰρ
1085 2865 1480 2958 κεφαλὰςεῖχε,
1511 2891 1635 2954 τοὺς
1659 2891 1784 2944 τέσ-

210 2972 390 3027 σαρας
420 2958 654 3028 βασιλεῖς
683 2963 742 3030 ἐξ
767 2967 934 3038 αὐτῆς
967 2969 1300 3037 ἀναστάντας
1327 2991 1339 3004 ·
1383 2977 1646 3029 τελευτῶν
1679 2976 1786 3049 γὰρ

206 3049 238 3101 6
280 3050 627 3125 Ἀλέξανδρος
657 3057 816 3120 διεῖλε
839 3059 938 3130 τὴν
960 3059 1233 3131 βασιλείαν
1265 3067 1427 3122 αὐτοῦ
1452 3071 1531 3133 είς
1551 3069 1785 3142 τέσσαρα

207 3139 355 3212 μέρη
385 3142 516 3214 (18).
557 3146 685 3200 Ἰδοὺ
717 3149 810 3202 καὶ
836 3150 896 3202 τὸ
925 3151 1107 3222 τρίτον
1134 3154 1378 3227 εἴπομεν.

280 3252 422 3308 XVI.
459 3257 688 3312 Ἔπειτα
723 3262 856 3334 φησὶ
906 3265 1162 3338 τέταρτον
1211 3267 1397 3342 θηρίον
1430 3272 1656 3344 φοϐερὸν
1690 3276 1782 3330 καὶ

201 3345 484 3419 ἔκθαμϐον
505 3367 519 3380 ·
548 3354 602 3412 οἱ
629 3351 870 3422 ὀδόντες
901 3359 1063 3412 αὐτοῦ
1093 3361 1344 3429 σιδηροῖ,
1375 3365 1467 3418 καὶ
1494 3369 1547 3419 οἱ
1564 3367 1780 3436 ὄνυχες

198 3446 445 3514 χαλκοῖ.
477 3447 631 3512 Τίνες
658 3444 822 3517 οὗτοι,
855 3453 969 3506 ἀλλ’
998 3454 1030 3525 ἢ
1082 3457 1114 3527 ἡ
1184 3457 1466 3528 Ῥωμαίων
1511 3459 1776 3530 βασιλεία,

196 3536 341 3609 ὅπερ
370 3540 516 3593 ἐστὶν
541 3542 568 3592 6
592 3541 826 3614 σίδηρος,
860 3545 917 3597 ὲν
946 3539 991 3614 ᾧ
1037 3547 1318 3603 συνθλάσει
1357 3549 1425 3603 τὰ
1462 3553 1568 3624 πρὸ
1611 3555 1778 3627 αὐτῆς

195 3629 382 3682 πάντα
404 3629 668 3698 βασίλεια,
704 3635 798 3687 καὶ
822 3639 1240 3708 κατακυριεύσει
1286 3641 1467 3711 πάσης
1497 3643 1594 3712 τῆς
1636 3645 1774 3715 γῆςς

194 3718 361 3773 Μετὰ
379 3715 471 3773 οὖν
498 3721 676 3784 τοῦτο,
693 3723 745 3776 τί
763 3725 1135 3796 περιλείπεται
1157 3730 1488 3801 ἑρμηνεῦσαι
1513 3735 1644 3804 ἡμῖν
1667 3735 1774 3806 (19)

193 3805 273 3865 ὧν
308 3813 553 3885 ἑώρακεν
581 3817 610 3868 6
642 3820 923 3889 προφήτης
957 3820 1069 3874 ἀλλ’
1098 3822 1130 3893 ἢ
1175 3821 1243 3875 τὰ
1293 3821 1411 3894 ἴχνη
1444 3824 1552 3878 τῶν
1600 3805 1775 3882 ποδῶν

192 3905 300 3975 τῆς
331 3906 557 3971 εἰκόνος,
593 3909 648 3961 ὲν
677 3903 758 3973 οἷς
785 3910 879 3963 καὶ
905 3913 1086 3980 μέρος
1109 3913 1225 3982 μέν
1245 3932 1297 3967 τι
1328 3916 1645 3984 σιδηροῦν,
1667 3918 1774 3989 μέ-

186 4017 302 4067 ρος
331 3998 401 4052 δὲ
431 4000 808 4068 ὀστράκινον,
838 4003 958 4073 ἅμα
978 4006 1339 4076 μεμιγμένον
1366 4013 1454 4076 εἰς
1473 4011 1542 4063 ἓν
1573 4015 1642 4066 τὰ
1665 4013 1773 4083 ἀμ-

190 4092 421 4159 φότερα
435 4108 453 4155 ;
480 4093 773 4158 Μυστικῶς
793 4095 900 4167 γὰρ
923 4097 1154 4169 ἐδήλωσε
1182 4100 1268 4154 διὰ
1289 4101 1396 4155 τῶν
1423 4102 1552 4156 δέκα
1576 4104 1772 4165 δακτύ-

189 4177 303 4234 λων
322 4181 432 4234 τῶν
466 4182 640 4236 ποδῶν
671 4185 768 4255 τῆς
795 4188 1019 4252 εἰκόνος,
1056 4192 1182 4252 τοὺς
1213 4191 1342 4244 δέκα
1371 4192 1603 4263 βασιλεῖς
1646 4197 1772 4260 τοὺς

189 4273 253 4338 ἐξ
282 4271 453 4329 αὐτοῦ
480 4275 859 4348 ἐγειρομένους
888 4319 902 4342 ,
939 4278 1080 4351 ἅπερ
1108 4282 1441 4353 ὲρμήνευσεν
1489 4288 1516 4338 6
1551 4287 1765 4357 Δανιήλ.

187 4369 583 4434 Προσενόουν
607 4369 716 4439 (20)
743 4371 850 4440 γὰρ
867 4370 930 4424 τὸ
960 4374 1186 4439 θηρίον,
1218 4375 1380 4445 ἤγουν
1400 4375 1460 4428 τὸ
1488 4378 1765 4451 τέταρτον·

1905 561 2158 628 Ιειεηαηι,
2210 562 2588 616 ascendentem
2633 574 2664 614 e
2713 559 2880 624 mari,
2931 559 3201 631 signiﬁcat
3247 574 3474 628 regnum

1903 647 2324 720 Babyloniorum
2357 650 2500 720 quod
2530 648 2633 704 fuit
2682 649 2736 703 in
2784 649 3016 712 mundo,
3056 663 3281 702 aureum
3312 655 3476 716 caput

1904 749 2094 796 statua:
2146 742 2309 797 illius.
2363 741 2516 808 Quod
2568 749 2748 796 autem
2808 741 2970 806 dicit,
3015 739 3132 794 alas
3180 739 3291 808 ejus
3336 740 3474 793 velut

1902 836 2118 906 aquila,
2141 835 2409 907 signiﬁcat
2438 835 2731 891 exaltatum
2759 849 2938 903 regem
2969 830 3473 887 Nabuchodonosor

1902 937 2091 983 contra
2119 929 2284 984 Deum
2318 945 2438 984 sese
2465 929 2740 984 extulisse.
2778 926 3130 982 Postmodum
3155 925 3328 995 inquit
3354 926 3468 980 alas

1901 1021 2013 1090 ejus
2053 1021 2258 1075 evulsas
2278 1065 2293 1088 ,
2323 1022 2579 1091 quoniam
2614 1035 2803 1075 eversa
2840 1018 2940 1073 fuit
2967 1019 3085 1089 ejus
3119 1019 3322 1090 gloria;
3352 1019 3471 1088 pul-

1901 1129 1997 1170 sus
2038 1115 2181 1169 enim
2223 1114 2324 1168 fuit
2365 1129 2396 1168 c
2439 1128 2608 1183 regno
2641 1127 2760 1168 suo.
2800 1112 2893 1166 llla
2923 1119 3104 1166 autem
3141 1112 3331 1166 verba:
3367 1110 3472 1165 Cor

1899 1207 2124 1261 hominis
2153 1207 2202 1260 ei
2231 1205 2414 1260 datum
2440 1215 2537 1273 est,
2567 1215 2614 1259 et
2655 1221 2809 1274 super
2849 1205 3001 1274 pedes
3036 1204 3262 1258 hominis
3303 1205 3467 1267 stetit,

1901 1299 2197 1369 resipuisse
2237 1314 2383 1365 eum,
2421 1299 2768 1370 signiﬁcant,
2808 1298 2899 1352 ubi
2934 1313 2992 1353 se
3033 1297 3306 1352 hominem
3348 1313 3470 1352 esse

1899 1392 2141 1463 agnovit,
2185 1391 2508 1460 dedisseque
2536 1391 2762 1460 gloriam
2808 1389 2935 1445 Deo.
2983 1391 3061 1444 En
3101 1389 3468 1444 demonstravi

1899 1486 2087 1554 prima:
2119 1485 2306 1539 bestia:
2331 1483 2764 1539 similitudinem.

1967 1685 2084 1743 XV.
2125 1687 2254 1743 Post
2303 1687 2565 1752 leaenam,
2605 1687 2828 1740 alteram
2879 1685 3107 1739 bestiam
3151 1684 3296 1738 videt
3341 1699 3468 1752 pro-

1901 1779 2062 1850 pheta
2098 1794 2221 1831 urso
2265 1777 2521 1840 similem,
2566 1777 2659 1847 qui
2688 1788 2843 1832 erant
2881 1775 3079 1831 Persze.
3122 1775 3258 1829 Cum
3286 1786 3468 1830 autem

1897 1870 2055 1925 dicit:
2100 1868 2352 1924 Videbam
2380 1870 2435 1922 in
2471 1885 2558 1922 ore
2579 1869 2691 1936 ejus
2725 1879 2829 1922 tres
2858 1868 3097 1931 ordines,
3137 1875 3248 1921 tres
3280 1874 3464 1936 gentes

1895 1962 2174 2034 designat,
2202 1961 2428 2028 Persas,
2464 1960 2648 2016 Medos
2668 2003 2682 2027 ,
2719 1975 2782 2015 ac
2812 1959 3168 2030 Babylonios:
3203 1958 3347 2029 quod
3375 1957 3467 2012 de—

1895 2055 2066 2109 clarat
2096 2057 2150 2109 in
2184 2054 2420 2124 imagine
2450 2063 2732 2124 argentum
2761 2059 2882 2120 post
2916 2066 3130 2105 aurum.
3157 2047 3237 2104 En
3269 2065 3466 2104 secun-

1893 2148 2019 2207 dam
2054 2148 2215 2203 etiam
2248 2147 2478 2202 bestiam
2513 2145 2932 2201 declaravimus.
2977 2141 3233 2212 Sequitur
3271 2142 3427 2196 tertia
3450 2181 3465 2206 ,

1892 2239 2126 2308 pardus:
2173 2237 2266 2307 qui
2319 2237 2489 2291 Graeci
2529 2235 2766 2290 fuerunt.
2825 2233 3131 2289 Alexander
3179 2232 3324 2287 enim
3371 2247 3467 2287 rex

1891 2327 2246 2387 Macedonum
2294 2336 2416 2398 post
2463 2325 2656 2382 Persas
2707 2342 2886 2380 rerum
2933 2326 3140 2396 potitus
3185 2334 3298 2390 cst,
3345 2323 3467 2378 fuso

1892 2419 2091 2474 Dario:
2131 2420 2274 2490 quod
2318 2419 2656 2492 signiﬁcatur
2700 2434 2796 2488 per
2829 2434 2904 2473 aes
2945 2419 2997 2472 in
3042 2416 3296 2487 imagine.
3343 2413 3464 2469 Jam

1890 2511 2034 2579 quod
2058 2511 2152 2573 ait,
2178 2509 2402 2565 bestiam
2425 2509 2622 2564 habere
2642 2520 2868 2580 quatuor
2885 2507 3000 2560 alas
3014 2507 3144 2567 auis,
3171 2514 3222 2559 et
3237 2513 3465 2576 quatuor

1890 2603 2098 2671 capita,
2135 2601 2436 2656 clarissime
2475 2599 2867 2656 demonstravit
2903 2613 3013 2668 quo
3049 2608 3206 2667 pacto
3237 2611 3463 2666 regnum

1889 2693 2179 2748 Alexandri
2227 2693 2461 2747 divisum
2506 2692 2669 2747 fuerit
2711 2703 2946 2762 quatuor
2980 2690 3031 2743 in
3072 2699 3272 2759 partes.
3313 2687 3464 2754 Qua-

1891 2797 2012 2840 tuor
2043 2786 2186 2840 enim
2221 2785 2410 2840 habuit
2452 2787 2648 2856 capita,
2697 2800 2851 2855 reges
2903 2790 3135 2852 quatuor
3175 2781 3268 2850 qui
3295 2797 3360 2834 ex
3395 2795 3461 2834 eo

1889 2892 2056 2946 regno
2101 2888 2476 2933 surrexerunt.
2539 2875 2675 2930 Nam
2726 2875 2966 2930 moriens
3016 2872 3320 2926 Alexander
3375 2887 3463 2926 re-

1886 2986 2053 3042 gnum
2093 2985 2253 3024 suum
2297 2971 2480 3026 divisit
2525 2971 2577 3024 in
2612 2981 2848 3040 quatuor
2891 2978 3093 3040 partes.
3132 2965 3250 3021 Jam
3296 2967 3459 3029 etiam

1887 3064 2099 3120 tertiam
2125 3064 2355 3118 bestiam
2383 3063 2777 3134 expedivimus.

1953 3264 2092 3320 XVI.
2119 3265 2379 3335 Deinceps
2413 3275 2599 3320 narrat
2630 3266 2776 3319 illam
2807 3265 3034 3321 bestiam
3064 3263 3359 3320 terribilem
3391 3277 3457 3319 ac

1883 3358 2239 3428 stupendum,
2289 3357 2447 3426 cujus
2483 3357 2660 3410 dentes
2709 3365 2865 3411 erant
2899 3357 3100 3425 ferrei,
3153 3371 3217 3409 ae
3261 3371 3457 3425 ungues

1881 3453 2029 3506 aznei.
2055 3449 2287 3517 Quinam
2323 3458 2449 3504 sunt
2475 3451 2560 3516 hi,
2580 3450 2686 3504 nisi
2714 3448 3084 3504 Romanorum
3113 3449 3399 3519 imperium
3429 3451 3452 3503 7

1880 3545 2025 3616 quod
2068 3554 2149 3598 est
2180 3542 2419 3607 ferrum,
2474 3556 2581 3611 quo
2627 3550 2868 3595 conteret
2902 3555 3093 3594 omnes
3143 3538 3456 3608 superiores

1879 3638 2090 3707 regias,
2127 3647 2180 3690 et
2202 3635 2571 3689 dominabitur
2599 3634 2866 3688 universa:
2901 3643 3075 3688 terras.
3115 3632 3256 3698 Quid
3291 3649 3453 3703 porro

1880 3731 2148 3798 reliquum
2188 3738 2271 3783 est
2303 3729 2458 3782 nobis
2484 3726 2948 3794 interpretandum
2973 3743 3038 3780 ex
3063 3725 3147 3780 his
3178 3742 3299 3796 quae
3323 3725 3458 3780 vidit

1879 3823 2164 3893 pr0pheta,
2194 3822 2298 3877 nisi
2331 3821 2698 3875 extremitates
2726 3820 2828 3874 illa:
2855 3820 3050 3890 pedum
3092 3819 3365 3890 imaginis,
3398 3820 3454 3874 in

1874 3917 2074 3986 quibus
2103 3932 2224 3986 pars
2248 3925 2363 3968 erat
2387 3915 2578 3984 ferrea,
2606 3931 2728 3990 pars
2753 3924 2996 3979 testacea,
3028 3915 3278 3983 permixta
3303 3913 3455 3967 ambo

1874 4007 1931 4061 in
1961 4021 2120 4060 unum
2142 4006 2175 4068 .7,
2196 4005 2472 4073 Siquidem
2506 4007 2691 4060 decem
2725 4005 2906 4075 digitis
2945 4007 3139 4074 pedum
3178 4005 3451 4075 imaginis,

1878 4099 2105 4170 mystice
2129 4099 2451 4169 signiﬁcavit
2476 4099 2660 4152 decem
2685 4114 2837 4168 reges
2873 4099 2996 4154 inde
3021 4107 3273 4153 exortus:
3306 4099 3453 4168 quod

1875 4189 2064 4246 Daniel
2109 4202 2192 4246 est
2235 4191 2638 4260 interpretatus.
2691 4190 3100 4246 Considerabam
3151 4191 3322 4256 enim,
3367 4193 3452 4246 in-

1871 4283 2021 4351 quit,
2069 4283 2321 4346 bestiam,
2366 4291 2616 4351 quartam
2667 4283 2947 4338 videlicet:
3005 4293 3056 4336 et
3111 4299 3224 4341 ecce
3273 4286 3450 4338 decem

1871 4391 2067 4428 cornua
2108 4383 2224 4444 post
2259 4391 2395 4428 eam.
2429 4373 2496 4428 In
2532 4375 2719 4444 quibus
2751 4376 2986 4432 ascendit
3011 4375 3236 4430 alterum
3280 4393 3444 4430 cornu

185 4456 289 4508 καὶ
327 4455 458 4509 ἰδοὺ
482 4457 628 4512 δέκα
653 4459 868 4528 κέρατα
901 4462 1090 4515 ὀπίσω
1120 4465 1305 4518 αὐτοῦ
1356 4466 1426 4518 ἐν
1463 4463 1553 4533 οἷς
1583 4468 1764 4538 ἀνέϐη

188 4544 403 4570 ,κυηη
645 4551 666 4570 ν.
755 4567 819 4570 μη
1007 4553 1059 4570 υ..
1290 4556 1300 4570 ι
1411 4559 1422 4570 .
1548 4558 1571 4568 -
1743 4561 1754 4570 -

1894 4484 2118 4538 auquam
2147 4467 2404 4536 pullutus,
2434 4485 2496 4522 ac
2532 4469 2636 4522 tria
2657 4485 2710 4522 se
2734 4469 2913 4537 priora
2937 4469 3248 4522 eradicabit.
3287 4469 3444 4536 Quod

180 4544 403 4614 ἕτερον
431 4547 607 4616 κέρας
634 4551 713 4616 ὡς
740 4553 1154 4622 παραφυάδιον
1173 4573 1186 4586 ’
1209 4556 1304 4609 καὶ
1330 4559 1459 4625 τρία
1500 4558 1618 4613 τῶν
1649 4561 1762 4630 πρὸ

1890 4575 2037 4615 :ornu
2082 4560 2345 4629 pullulum
2379 4575 2485 4614 non
2512 4561 2666 4630 _alius
2710 4577 2830 4616 esse
2870 4561 3282 4616 demonstratur
3338 4563 3442 4616 nisi

185 4639 382 4693 αὑτοῦ
421 4641 734 4709 ἐκριζώσει.
783 4645 958 4717 Ὅπερ
998 4647 1261 4702 δέδεικται
1285 4651 1450 4722 κέρας
1490 4652 1551 4705 τὸ
1590 4671 1766 4724 παρα-

184 4731 439 4801 φυάδιον,
467 4734 622 4786 ἄλλον
648 4735 720 4806 μὴ
755 4732 892 4791 εἶναι
927 4740 974 4790 εί
1011 4739 1082 4810 μὴ
1113 4739 1140 4790 6
1183 4742 1547 4814 Ἀντίχριστος
1584 4748 1612 4799 6
1637 4747 1764 4815 μέλ-

1863 4653 2270 4718 Antiehristus,
2325 4655 2417 4722 qui
2486 4653 2770 4707 suscitabit
2818 4669 3044 4722 regnum
3100 4651 3437 4708 Iudaeorum.

1865 4744 1991 4799 Tria
2023 4759 2224 4799 cornua
2261 4760 2382 4814 quae
2429 4745 2498 4799 ab
2538 4760 2604 4799 eo
2641 4744 2900 4798 radicitus
2946 4745 3281 4809 evellentur,
3331 4755 3440 4800 tres

181 4825 294 4878 λων
322 4824 628 4894 ἀναστῆσαι
648 4826 746 4894 τὴν
768 4826 880 4879 τῶν
926 4827 1188 4881 Ἰουδαίων
1217 4829 1509 4897 βασιλείαν.
1545 4834 1683 4905 Τρία
1707 4835 1763 4888 δὲ

1891 4853 2017 4909 eges
2061 4839 2322 4904 indicant,
2372 4836 2613 4909 Egypti,
2657 4838 2864 4908 Libym,
2904 4837 3256 4906 Ethiopum,
3300 4854 3441 4908 quos

181 4917 400 4985 κέρατα
427 4914 464 4969 ἃ
495 4916 674 4988 μέλλει
706 4919 833 4988 παρ’
854 4917 1020 4970 αὐτοῦ
1047 4920 1413 4991 ὲκριζοῦσθαι,
1442 4928 1587 4995 τρεῖς
1612 4926 1764 4996 βασι-

177 5005 340 5071 λείας
376 5008 760 5078 (21)δεικνύει,
784 5009 1081 5079 Αἰγύπτου,
1111 5013 1320 5070 Λιϐύων
1351 5033 1410 5067 τε
1452 5017 1546 5070 καὶ
1586 5018 1764 5072 Αἰθιό-

179 5115 327 5166 πων,
358 5100 454 5164 οὓς
468 5101 646 5155 ἀνελεῖ
660 5103 959 5174 παρατάξει
985 5103 1240 5175 πολέμου,
1261 5106 1336 5170 ὡς
1359 5110 1636 5181 κρατήσας
1652 5111 1761 5184 (‘22)

1870 4930 2146 4984 deleturus
2189 4938 2271 4985 est
2305 4929 2420 4984 acie
2458 4929 2648 4983 bellica
2688 4947 2699 4982 :
2730 4929 2931 4998 quibus
2959 4929 3215 4983 omnibus
3243 4929 3446 4998 potitus

1865 5019 1976 5090 jam
2013 5029 2273 5090 tyrannus
2310 5017 2670 5073 formidabilis
2695 5030 2912 5076 sanctos
2936 5019 3130 5088 aﬂliget
3165 5035 3237 5076 ac.
3263 5035 3446 5089 perae.

1871 5124 2088 5182 quetnr,
2124 5112 2409 5180 insurgens
2438 5111 2491 5164 in
2522 5127 2635 5166 eos.

178 5194 464 5260 ἁπάντων,
503 5194 674 5259 δεινὸς
706 5195 780 5248 ὢν
819 5195 1098 5266 τύραννος,
1139 5195 1314 5268 θλίψιν
1345 5201 1438 5253 καὶ
1479 5202 1718 5275 διωγμὸν
1746 5206 1840 5258 ἐπὶ
1868 5207 1994 5269 τοὺς
2022 5207 2207 5273 ἁγίους
2247 5206 2479 5275 ποιήσει,
2507 5205 3015 5278 ἐπαιρόμενος-κατ’
3045 5208 3264 5274 αὐτῶνς,

404 5419 670 5498 ἓημαίνει
699 5420 864 5491 ἤγουν
889 5419 1111 5498 τῆνῌτῆς
1135 5422 1338 5486 είκόνος
1358 5428 1561 5498 χρυσῆν
1581 5467 1596 5492 ,
1628 5427 1687 5481 Β.

285 5488 368 5544 16)
404 5488 482 5542 Id.
512 5505 614 5544 ms.
650 5488 918 5558 ut’supra,
946 5488 1199 5556 ἐξέτεινε.

407 5558 481 5635 Irta
507 5560 718 5635 rectius
737 5560 796 5612 Β.
823 5576 928 5635 pro
947 5561 1085 5632 μετὰ
1109 5562 1204 5635 τοῦ
1228 5564 1472 5635 χρυσίου.

253 5629 374 5704 (t8)
408 5629 611 5704 Coiil‘er
634 5629 1279 5704 _Hippolyti'genuinuui'
1309 5635 1404 5691 lib.
1458 5635 1535 5693 De
1598 5638 1754 5703 Anti-

179 5701 408 5762 christo,
440 5715 560 5768 cap.
583 5700 671 5754 24.

253 5771 369 5843 (19)
411 5770 562 5826 Alter
585 5769 698 5828 Pici
738 5771 944 5843 codex,
974 5772 1121 5845 ὑμῖν.

1942 5429 2053 5504 (9.0)
2088 5429 2184 5481 Ms.
2222 5428 2304 5504 8.,
2339 5428 2560 5504 brevius
2579 5431 2911 5504 contraltens
2930 5435 3111 5504 omnia
3135 5449 3153 5488 :-
3176 5435 3316 5504 μετᾶ
3342 5432 3440 5491 οὖν

1865 5497 2024 5575 τοῦτο
2039 5497 2332 5575 κατενοουν
2348 5497 2408 5552 τὸ
2433 5498 2630 5575 θηρίον
2646 5500 2738 5553 καὶ
2893 5502 3023 5557 δέκα
3040 5497 3242 5575 κέρατα
3267 5505 3448 5561 ὀπίσω

1864 5570 2049 5655 iii-6106,
2085 5569 2178 5622 καὶ
2203 5571 2384 5640 ἕτερον
2410 5569 2578 5640 κέρας
2604 5571 2741 5642 ὅπερ
2763 5573 2910 5625 ἐστὶν
2949 5578 2977 5628 6
3027 5569 3388 5647 Ἀντίχριστος
3408 5579 3441 5634 ὁ

2185 5710 2364 5788 μέλλει
2398 5711 2714 5788 ὲκριζῶσαι,
2743 5717 2892 5785 τρεῖς
2923 5715 3212 5788 βασιλείας.
3255 5718 3313 5782 Β.

1956 5715 2045 5780 21)
2086 5715 2150 5763 "A
2185 5715 2364 5782 μέλλει
2398 5715 2714 5783 ἐκριζῶσαι,
2743 5717 2892 5785 τρεῖς
2923 5715 3184 5788 βασιλείας

1934 5715 2046 5855 (22)
2079 5779 2178 5850 ια,
2207 5783 2281 5846 ὡς
2324 5783 2618 5860 κρατήσας.
3180 5783 3184 5789 ’
