3862 6510
471 293 574 352 919

1235 303 1517 360 APPEND.
1563 306 1654 360 AD
1693 308 1968 364 PARTEM
2003 309 2044 363 ll
2100 311 2379 370 OPERUM
2423 316 2478 370 S.
2517 316 2895 378 IIIPPOLYTI.

3577 331 3676 386 920

539 415 700 521 XVII.
743 415 902 477 Vides
947 431 1008 477 ut
1049 423 1235 480 Daniel
1268 424 1798 484 Nabuchodonosoro
1837 447 2020 502 regno-

2197 435 2355 489 XVII.
2399 438 2557 509 Ὁρᾷς
2593 439 2710 503 πῶς
2729 443 2758 494 ὁ
2790 443 2986 514 Δανιὴλ
3007 443 3116 498 τῶν
3144 443 3424 515 βασιλειῶν
3443 449 3680 521 «uvam-

467 521 588 560 rum
637 506 1056 566 dominationem
1110 517 1460 584 exposuerit;
1507 519 1684 573 cernis
1737 527 1794 573 ut
1836 530 2024 576 statuae

465 595 698 653 formam
739 602 992 658 omnibus
1023 606 1136 660 suis
1165 606 1503 662 lineamentis
1539 609 1858 677 declararit;
1899 627 2022 680 per-

465 692 656 760 cepisti
705 707 811 761 qua
859 693 1064 750 ratione
1119 699 1549 766 praemonstrarit
1595 700 1752 756 nobis
1793 711 2026 771 quatuor

464 779 760 836 bestiarum
811 797 1100 839 ascensum
1155 802 1186 841 e
1233 789 1392 842 mari.
1439 787 1694 858 Superest
1763 799 1826 844 ut
1870 792 2024 846 Anti—

463 872 652 927 christi
717 875 1009 943 peculiaria
1077 877 1314 933 facinora
1359 879 1514 934 vobis
1577 881 1919 950 aperiamus:
1972 892 2026 938 et

461 975 732 1033 quatenus
768 966 982 1036 licebit,
1015 983 1044 1022 e
1083 969 1359 1038 prophetis
1387 979 1546 1040 atque
1572 971 1864 1041 Scripturis
1899 989 2024 1043 pro-

461 1057 765 1128 mu‘lgemus
799 1060 918 1130 ejus
949 1063 1282 1129 vagationein
1321 1076 1414 1129 per
1447 1062 1754 1118 universam
1795 1072 2021 1130 terram,

459 1159 516 1204 et
551 1151 840 1207 adventum
885 1151 1174 1208 nefarium.

530 1242 716 1298 XVIII.
758 1244 894 1298 Cum
943 1243 1204 1300 Dominus
1246 1244 1404 1300 Iesus
1442 1244 1693 1301 Christus
1720 1247 2020 1302 secundum

457 1350 678 1389 carnem
703 1336 978 1390 advenerit
1011 1351 1078 1390 ex
1116 1346 1302 1390 sancta
1330 1345 1384 1390 et
1410 1337 1754 1392 immaculata
1782 1338 2021 1409 Virgine,

457 1426 768 1495 tribunique
791 1425 928 1482 Iuda
954 1429 1336 1496 assumpserit,
1385 1444 1450 1482 ex
1489 1444 1659 1498 eaque
1681 1432 2022 1499 processerit,

455 1519 1042 1589 declaravitScriptura
1069 1521 1266 1590 regiam
1288 1520 1534 1590 stirpem,
1561 1537 1626 1575 ex
1654 1523 1914 1576 sententia
1930 1521 2022 1575 Ja-

455 1611 561 1665 cob
601 1613 654 1664 in
700 1612 1168 1668 benedictionibus
1213 1612 1498 1668 clamantis
1529 1615 1592 1668 ad
1625 1612 1816 1668 Iudam
1853 1614 2022 1669 tilium

457 1718 649 1758 suum:
683 1703 752 1757 Te
779 1704 1067 1758 laudabunt
1107 1706 1298 1773 fratres
1342 1707 1452 1769 tui;
1485 1722 1666 1760 manus
1684 1715 1786 1760 tua:
1821 1708 1877 1760 in
1914 1724 2024 1762 cer-

458 1793 655 1847 vicibus
687 1794 1020 1848 inimicorum
1053 1805 1298 1862 tuorum;
1329 1797 1618 1850 adorabunt
1653 1807 1701 1850 te
1727 1798 1829 1866 ﬁlii
1856 1800 2021 1868 patris

458 1887 557 1940 tui.
603 1886 823 1940 Catulus
863 1886 1024 1940 leonis
1057 1885 1237 1952 Iuda;
1269 1905 1295 1941 e
1325 1889 1568 1958 virgulto,
1595 1887 1675 1958 fili
1701 1889 1808 1955 mi,
1851 1906 2024 1942 ascen-

457 1977 606 2030 disti.
649 1977 917 2032 Recubans
956 1980 1249 2035 dormivisti
1295 1991 1350 2035 ut
1387 1982 1500 2046 leo,
1543 1992 1590 2034 et
1635 1982 1768 2035 velut
1817 1983 2022 2036 catulus

457 2067 652 2132 leonis,
693 2070 809 2139 quis
852 2071 1100 2124 excitabit
1139 2071 1334 2126 illum?
1380 2071 1499 2126 Non
1547 2073 1750 2141 deﬁciet
1787 2076 2023 2144 princeps

454 2175 522 2212 ea:
542 2157 706 2226 Juda,
741 2177 899 2231 neque
931 2161 1041 2215 dux
1065 2162 1128 2215 de
1153 2163 1436 2230 femoribus
1464 2165 1598 2233 ejus,
1631 2166 1791 2218 donec
1818 2167 2022 2219 veniant

450 2264 570 2322 qua:
590 2252 813 2320 reposita
835 2261 956 2306 sunt
979 2253 1048 2320 ei,
1076 2264 1125 2306 et
1149 2253 1258 2323 ipse
1278 2264 1354 2308 est
1373 2255 1686 2324 exspectatio
1712 2257 1938 2326 gentium
1955 2255 2019 2307 ⁵⁸.

451 2341 682 2396 Attende
723 2343 887 2397 verba
929 2343 1097 2399 Iacob
1137 2346 1202 2400 ad
1241 2345 1434 2399 Iudam
1477 2347 1653 2410 dicta,
1702 2347 1755 2399 in
1794 2346 2023 2401 Domino

452 2447 574 2487 esse
601 2432 843 2502 impleta.
881 2432 1024 2490 Idem
1054 2433 1295 2504 proiecto
1323 2437 1520 2491 clamat
1562 2437 1722 2492 etiam
1779 2437 1846 2491 de
1870 2437 2021 2492 Anti-

453 2524 659 2580 christo
681 2527 1009 2596 patriarcha.
1035 2528 1220 2598 Itaque
1243 2528 1400 2583 sicuti
1421 2529 1752 2598 prophetiam
1775 2531 1954 2586 emisit
1969 2533 2020 2585 in

453 2615 671 2678 Judam,
715 2617 788 2672 ita
825 2627 880 2672 et
915 2619 968 2672 in
1007 2619 1175 2673 lilium
1204 2634 1362 2674 suum
1393 2619 1526 2674 Dan.
1557 2619 1689 2675 Nam
1717 2619 1884 2678 Iudas
1909 2635 2022 2678 erat

455 2709 602 2765 ﬁlius
630 2710 750 2780 ejus
773 2721 997 2782 quartus
1016 2753 1030 2778 ,
1069 2709 1184 2766 Dan
1217 2727 1344 2768 vero
1369 2713 1510 2768 ﬁlius
1541 2731 1756 2784 quoque
1784 2715 1902 2784 ejus
1945 2733 2024 2772 se-

455 2799 680 2869 ptimus.
709 2800 915 2871 Ecquid
945 2803 1011 2858 de
1036 2803 1128 2859 illo
1161 2804 1448 2860 clamavit?
1482 2804 1735 2860 Occurrat
1770 2808 1871 2877 ipsi
1905 2807 2020 2862 Dan

455 2889 665 2945 coluber
691 2894 742 2946 in
770 2894 854 2947 via
873 2933 886 2960 ,
917 2895 1146 2950 insidens
1181 2898 1236 2949 in
1251 2898 1467 2964 semita,
1499 2898 1737 2952 mordens
1773 2901 2023 2968 ungulam

451 2985 574 3053 equi
616 2985 682 3039 ⁵³.
720 2985 853 3052 Quis
893 2997 1008 3042 erat
1056 3003 1315 3058 serpens,
1361 2991 1467 3045 nisi
1520 2991 1772 3048 seductor
1817 2993 1903 3047 ille
1951 2993 2021 3047 ab

2127 525 2386 597 κράτησιν
2410 527 2487 597 τῷ
2517 529 2981 603 Ναϐουχοδονόσορ
3019 533 3384 606 διηρμήνευσε
3473 539 3680 608 βλέπεις

2126 615 2244 679 πῶς
2265 617 2362 686 τῆς
2397 618 2598 682 εἰκόνος
2633 620 2730 691 τὴν
2767 623 2976 693 μορφὴν
2995 625 3127 677 πᾶσι
3149 630 3260 690 τοῖς
3302 628 3534 699 πέρασιν
3565 630 3680 701 ἐδή-

2123 707 2294 761 λωσεν
2316 727 2330 740 ο
2369 709 2538 779 ἔγνως
2567 711 2674 766 τῶν
2700 715 2977 786 τεσσάρων
3009 709 3211 786 θηρίων
3243 718 3342 788 τὴν
3367 721 3431 770 ἐκ
3469 720 3572 790 τῆς
3595 719 3678 774 θα-

2124 800 2326 871 λάσσης
2351 803 2626 869 ἀνάϐασιν,
2652 805 2767 869 πῶς
2794 809 2925 878 ἡμῖν
2947 807 3316 878 προϋπὲδειξε.
3353 811 3554 863 Λοιπύν
3576 813 3679 864 ἐστι

2124 892 2191 946 τὰ
2225 893 2462 965 μερικῶς
2492 895 2798 966 πραχθέντα
2835 898 2940 950 ὑπὸ
2975 899 3069 952 τοῦ
3111 901 3480 972 Ἀντιχρίστου
3503 942 3518 964 ,
3565 903 3680 972 ύμῖν

2129 985 2202 1056 μὴ
2227 987 2626 1058 ἀποκρύψωμεν
2651 989 2780 1059 (25),
2817 989 2930 1042 ἀλλ’
2953 992 3074 1044 ὅσον
3103 994 3316 1060 ἐφικτὸν
3347 994 3436 1046 διὰ
3465 1011 3528 1048 τε
3561 1011 3680 1066 προ-

2125 1077 2327 1146 φητῶν,
2349 1079 2437 1132 διά
2459 1097 2516 1132 τε
2551 1082 2588 1132 Γ
2597 1083 2795 1151 ραφῶν,
2821 1083 2984 1136 αὑτοῦ
3016 1085 3444 1157 ἀνακηρύξωμεν
3473 1088 3576 1160 τὴν
3600 1088 3680 1141 ἐπὶ

2126 1171 2301 1222 πᾶσαν
2329 1170 2424 1240 τὴν
2449 1173 2548 1242 γῆν
2577 1173 2798 1242 πλάνην,
2839 1177 2929 1229 καὶ
2954 1179 3265 1250 παράνομον
3292 1180 3528 1234 ἕλεῦσιν.

2191 1260 2375 1315 XVIII.
2407 1263 2510 1316 Τοῦ
2536 1266 2630 1335 μὲν
2655 1268 2856 1338 Κυρίου
2891 1269 3062 1339 Ἰησοῦ
3085 1271 3316 1339 Χριστοῦ
3345 1275 3492 1328 κατὰ
3520 1274 3680 1345 σάρκα

2123 1355 2552 1427 ἐπιδημήσαντος
2575 1359 2638 1412 ἐκ
2665 1360 2766 1429 τῆς
2790 1362 2950 1429 ἁγίας
2978 1365 3242 1432 ὰχράντου
3270 1366 3576 1436 Παρθένου,
3600 1369 3680 1420 καὶ

2123 1444 2220 1516 τὴν
2247 1445 2340 1498 τοῦ
2406 1447 2572 1500 Ἰούδα
2609 1449 2778 1520 φυλὴν
2819 1451 3252 1524 ἀναλαϐομένου,
3301 1458 3396 1509 καὶ
3427 1457 3490 1522 ἐξ
3528 1458 3682 1526 αὐτῆς

2123 1538 2490 1609 προελθόντος,
2518 1539 2577 1592 τὺ
2611 1541 2885 1609 βασιλικὸν
2919 1546 3021 1615 τῆς
3069 1549 3388 1614 συγγενείας
3435 1551 3680 1622 ἐδήλωσε,

2125 1631 2262 1684 κατὰ
2284 1631 2372 1684 τὸν
2419 1630 2631 1694 Ἰακὼϐ,
2666 1633 2756 1686 τὸν
2781 1635 2838 1688 ὲν
2867 1641 2986 1701 ταῖς
3007 1638 3277 1707 εὐλογίαις
3303 1643 3682 1710 ἁναφωνοῦντα

2125 1727 2259 1796 πρὸς
2284 1726 2374 1778 τὸν
2405 1727 2597 1780 ἑαυτοῦ
2630 1726 2744 1782 υἱόν
2777 1728 2886 1800 (24)
2909 1746 2922 1759 ·
2981 1730 3185 1795 Ἰούδα,
3221 1732 3295 1785 σὲ
3337 1733 3683 1788 ιτίιοέσουσιν

2124 1822 2178 1870 cl
2209 1818 2457 1887 ἀδελφοί
2505 1833 2650 1883 σου,
2700 1823 2760 1874 al
2811 1821 3003 1890 χεῖρές
3047 1839 3164 1877 σου
3203 1824 3300 1876 ἐπὶ
3343 1825 3540 1879 νώτου
3581 1826 3682 1881 τῶν

2122 1909 2349 1978 ἐχθρῶν
2376 1924 2512 1972 σου,
2538 1912 3038 1979 προσκυνήσουσί
3074 1931 3147 1966 σε
3193 1920 3245 1970 οὶ
3289 1918 3404 1970 υἱοὶ
3443 1917 3556 1972 τοῦ
3585 1933 3680 1972 πα-

2123 2000 2260 2068 τρός
2281 2015 2416 2054 σου.
2447 2002 2720 2070 Σκύμνος
2743 2003 2991 2070 λέοντος
3031 2005 3236 2070 Ἰούδα,
3278 2007 3348 2060 ἐκ
3388 2009 3680 2072 βλαστοῦ,

2117 2091 2236 2161 μοῦ
2417 2092 2546 2156 υἱὲ,
2590 2093 2842 2162 ιὶνὲϐης·
2887 2097 3210 2151 ἀναπεσὼν
3249 2100 3581 2168 ἐκοιμήθης
3615 2101 3682 2168 ὡς

2121 2187 2295 2249 λέων,
2355 2185 2452 2238 καὶ
2484 2186 2563 2251 ὡς
2595 2189 2864 2254 σκύμνος
2885 2204 2898 2218 °
2941 2190 3051 2254 τίς¹
3081 2191 3272 2259 ἐγερεῖ
3296 2194 3526 2257 actor;
3578 2195 3684 2249 Οὐκ

2120 2276 2384 2343 ἐκλείψει
2409 2275 2606 2344 ἅρχων
2633 2277 2700 2340 ἐξ
2734 2278 2936 2342 Ἰούδα,
2966 2279 3108 2332 οὐδὲ
3139 2283 3478 2351 ἡγούμενος
3493 2286 3564 2338 ἐκ
3585 2284 3683 2338 τῶν

2115 2366 2321 2438 μηρῶν·
2334 2371 2476 2422 αὐτο
2485 2370 2540 2432 ὗ,
2552 2369 2660 2434 ἕως
2676 2369 2751 2422 ἂν
2763 2370 2908 2439 ἔλθῃ
2925 2371 2994 2425 τὰ
3009 2373 3372 2442 ἀποκείμενα
3385 2377 3550 2442 αὐτῷ
3563 2377 3680 2446 (26),

2121 2459 2417 2525 καὶαὺτὸς
2435 2461 2762 2528 προσδοκία
2790 2462 2998 2517 ἐθνῶν.
3046 2465 3151 2518 Ἴδε
3205 2465 3312 2537 (27)
3349 2467 3446 2520 τοῦ
3503 2469 3680 2522 Ἰακὼϐ

2119 2549 2189 2602 τὰ
2217 2553 2426 2621 ῥήματα
2449 2552 2582 2624 πρὸς
2603 2553 2692 2606 τὸν
2732 2553 2925 2607 Ἰούδαν
2948 2554 3232 2626 λεγόμενα,
3253 2559 3346 2610 ἐπὶ
3359 2559 3458 2611 τοῦ
3491 2560 3682 2631 Κυρίου

2121 2640 2490 2711 πληρωθέντα.
2523 2645 2564 2694 Τ
2569 2644 2595 2696 ὸ
2628 2645 2758 2696 αὐτὸ
2785 2645 2847 2715 δὴ
2883 2645 2976 2698 καὶ
3007 2647 3098 2700 ἐπὶ
3129 2647 3223 2700 τοῦ
3271 2649 3638 2720 Ἀντιχρίστου
3657 2652 3684 2704 ὁ

2120 2735 2458 2804 πατριάρχης
2489 2734 2602 2806 βοᾷ.
2649 2737 2736 2789 Διὸ
2767 2723 2956 2808 ὥσπερ
2988 2741 3068 2802 εἰς
3110 2739 3201 2792 τὸν
3240 2741 3408 2794 Ἰούδα
3455 2743 3684 2813 προεφή-

2118 2840 2338 2888 τευσεν,
2383 2823 2554 2888 οὕτως
2598 2828 2691 2879 καὶ
2732 2828 2823 2880 ἐπὶ
2851 2829 2940 2880 τὸν
2972 2829 3086 2882 υἱὸν
3115 2832 3278 2884 αὑτοῦ
3311 2834 3438 2886 Δάν,
3499 2837 3556 2887 '0
3587 2835 3682 2904 γὰρ

2132 2914 2350 2979 Ἰούδας,
2385 2917 2498 2979 υἱὸς
2528 2917 2688 2970 αὑτοῦ
2720 2919 2924 2991 ὑπῆρχε
2972 2923 3248 2994 τέταρτος·
3293 2925 3322 2976 ὁ
3363 2925 3422 2978 δὲ
3459 2927 3574 2978 Δὰν
3598 2926 3682 2979 καὶ

2121 3005 2281 3070 αὐτὸς
2308 3006 2422 3070 υἱὸς
2445 3007 2608 3060 αὐτοῦ
2638 3008 2884 3080 ἕϐδομος.
2909 3013 2971 3065 Τί
3001 3013 3108 3083 γὰρ
3142 3016 3224 3066 ἐπ’
3255 3013 3420 3068 αὐτοῦ
3466 3017 3681 3088 ἐϐόησε·

455 3075 616 3130 initio
645 3077 823 3134 dictus
851 3079 906 3132 in
937 3078 1132 3136 Genesi
1159 3081 1437 3138 seduxisse
1461 3081 1648 3151 Evam,
1677 3093 1730 3138 et
1752 3084 2017 3140 Adamum

2130 3097 2433 3164 Γενηθήτω
2459 3100 2574 3152 Afer
2596 3099 2704 3170 (28)
2729 3075 2862 3170 dij-uc
2887 3103 2978 3171 ἐφ’
3013 3075 3160 3158 δέοῦ
3207 3106 3568 3174 καθήμενος,
3583 3075 3681 3162 δάε

451 3168 832 3238 supplantasse
865 3171 946 3224 ‘°?

527 3441 667 3497 XIX.
711 3441 814 3498 Sed
849 3445 1103 3514 quoniam
1139 3448 1384 3516 pluribus
1429 3448 1544 3503 haec
1579 3448 1735 3502 nobis
1769 3460 1895 3503 sunt.
1931 3449 2023 3502 de-

453 3534 828 3600 monstranda,
861 3533 1002 3590 haud
1037 3539 1400 3606 gravabimur.
1423 3537 1517 3594 Ille
1547 3548 1692 3593 certo
1715 3539 2022 3593 nasciturus

451 3631 542 3678 est
585 3639 616 3677 e
665 3623 808 3677 tribu
850 3623 982 3690 Dan,
1029 3637 1082 3680 et
1123 3629 1286 3682 veluti
1330 3643 1420 3682 rex
1461 3639 1722 3700 tyrannus
1752 3629 1920 3683 aciem
1957 3645 2022 3683 ex

456 3714 688 3770 adverso
723 3717 1087 3772 instructurus
1128 3728 1238 3786 est,
1281 3719 1446 3789 judex
1489 3735 1706 3775 severus
1737 3737 1800 3775 ac
1838 3723 2024 3776 diabo-

456 3806 562 3872 lus,
595 3814 652 3859 ut
685 3807 760 3860 ait
804 3809 1095 3877 propheta:
1134 3809 1251 3862 Dan
1269 3810 1530 3879 judicavit
1558 3811 1804 3879 populum
1835 3830 2023 3882 suum,

455 3907 516 3951 ut
538 3900 730 3968 qumvis
774 3899 884 3953 alia
926 3899 1090 3955 tribus
1136 3902 1191 3954 in
1231 3899 1401 3955 Israel
1429 3901 1492 3955 ⁶¹.
1542 3899 1644 3958 Sed
1689 3903 1830 3958 dicet
1877 3904 2024 3974 quis-

455 3991 635 4060 piam,
681 3991 785 4047 hoc
821 3992 886 4047 de
937 3992 1200 4048 Samsone
1245 3993 1446 4050 dictum
1480 4011 1628 4062 esse,
1670 3995 1764 4064 qui
1805 4007 1964 4052 natus
1993 4012 2023 4050 e

459 4082 606 4136 tribu
653 4081 765 4136 Dan
805 4084 1071 4154 judicavit
1111 4085 1368 4156 populum
1402 4103 1561 4142 suum
1603 4103 1774 4142 annos
1812 4089 2018 4157 viginti.

454 4172 527 4226 At
555 4175 610 4226 in
653 4183 806 4244 parte
840 4175 1102 4231 duntaxat
1153 4177 1280 4231 illud
1323 4193 1353 4232 a
1392 4177 1652 4234 Samsone
1681 4177 1880 4233 factum
1917 4187 2019 4244 est,

455 4265 566 4319 hoc
593 4279 720 4318 vero
757 4265 1009 4322 universe
1045 4267 1352 4336 implebitur
1383 4271 1716 4339 temporibus
1749 4269 2022 4324 Antichri-

455 4352 552 4409 sti.
582 4353 766 4424 lnquit
790 4357 930 4409 enim
967 4355 1230 4412 Ieremias
1270 4359 1324 4411 in
1353 4359 1500 4414 hunc
1531 4361 1750 4414 modum
1778 4380 1790 4413 :
1833 4361 1878 4412 Ε
1909 4361 2020 4413 Dan

2125 3202 2284 3239 κνων
2307 3185 2566 3254 πτέρναι·
2587 3189 2792 3244 ἵππου.
2813 3193 2976 3260 Ὄφις
3003 3193 3084 3256 τίς
3112 3194 3218 3264 (29)
3249 3191 3316 3266 ἦν
3339 3196 3452 3248 ἁλλ’
3483 3199 3516 3266 ἢ
3541 3201 3568 3251 ὁ
3598 3200 3683 3251 ἀπ’

2125 3278 2298 3348 ἀρχῆς
2337 3277 2565 3342 πλάνος,
2603 3281 2632 3331 ὁ
2671 3284 2727 3334 ἐν
2773 3285 2839 3353 τῇ
2897 3283 3112 3337 Γενέσει
3160 3287 3472 3358 εἰρημένος,
3501 3293 3532 3342 ὁ
3559 3291 3684 3344 πλα-

2123 3371 2289 3441 νήσας
2320 3370 2427 3440 (50)
2453 3371 2551 3441 τὴν
2575 3369 2736 3434 Εὕαν,
2765 3375 2857 3426 καὶ
2899 3376 3188 3445 πτερνίσας
3219 3377 3308 3428 τὸν
3341 3379 3534 3448 Ἀδάμ.

2193 3459 2334 3513 XIX.
2375 3461 2509 3514 Ἀλλ’
2539 3463 2725 3534 ἐπειδὴ
2751 3464 2837 3517 διὰ
2872 3465 3127 3520 πλειόνων
3157 3468 3265 3538 (51)
3296 3467 3378 3520 δεῖ
3413 3469 3684 3536 ἀποδεῖξαι

2123 3551 2190 3604 τὰ
2215 3552 2495 3622 λεγόμενα,
2526 3555 2624 3607 οὐκ
2643 3554 2964 3626 ὀκνήσομεν.
2997 3558 3116 3611 Ὅτι
3152 3558 3252 3628 μὲν
3291 3561 3404 3632 γὰρ
3437 3555 3596 3626 οὗτος
3629 3567 3688 3616 ἑκ

2122 3643 2221 3713 τῆς
2245 3643 2415 3714 φυλῆς
2441 3642 2535 3696 τοῧ
2565 3643 2670 3698 Δὰν
2698 3645 2876 3714 μέλλει
2905 3648 3214 3714 γεννᾶσθαι,
3247 3651 3342 3702 καὶ
3376 3653 3686 3706 ἁντιτάσσε-

2127 3733 2248 3786 σθαι
2277 3737 2534 3804 τύραννος
2567 3735 2639 3788 ὢν
2675 3735 2944 3805 βασιλεὺς,
2981 3741 3174 3810 κριτὴς
3211 3742 3406 3808 δεινὸς,
3443 3748 3539 3798 καὶ
3583 3747 3690 3800 δια-

2125 3825 2277 3888 ϐολος
2320 3825 2448 3896 (52),
2479 3826 2553 3891 ὥς
2583 3844 2743 3896 φησιν
2771 3830 2799 3880 ὁ
2830 3835 3110 3902 προφήτης
3133 3850 3144 3861 ·
3188 3833 3309 3886 Διίν
3349 3839 3546 3904 κρηρεῖ
3593 3839 3690 3892 τίν

2123 3915 2338 3970 ἑαυτοῦ
2362 3915 2535 3980 λαὸν,
2550 3917 2688 3971 ὡσεὶ
2711 3919 2806 3972 καί
2824 3921 2972 3987 μίαν
2985 3921 3191 3990 φυλὴν
3214 3924 3326 3994 (55)
3337 3926 3411 3978 ἐν
3437 3928 3688 3996 Ἰσραήλ.

2137 4006 2292 4072 Ἀλλ’,
2319 4009 2436 4078 ἐρεῖ
2463 4026 2565 4073 τις,
2595 4009 2675 4061 ὅτι
2698 4009 2854 4062 τοῦτο
2879 4013 2970 4065 ἐπὶ
2990 4013 3082 4066 τοῦ
3106 4015 3340 4085 Σαμψὼν
3367 4021 3604 4090 εἴρηται,
3637 4019 3692 4084 ὃς

2123 4100 2188 4152 ὲκ
2215 4100 2312 4169 τῆς
2359 4101 2530 4170 φυλῆς
2570 4101 2665 4154 τοῦ
2713 4101 2818 4156 Δὰν
2889 4103 2997 4175 (54)
3043 4109 3320 4177 γεννηθεὶς
3377 4111 3562 4182 ἔκρινε
3607 4113 3693 4168 τὸν

2123 4189 2247 4242 λαὸν
2277 4191 2439 4244 αὐτοῦ
2463 4191 2662 4246 εἴκοσιν
2689 4192 2804 4262 ἔτη.
2833 4195 2905 4247 Τὸ
2937 4197 3034 4265 μὲν
3063 4198 3154 4250 ἐπὶ
3192 4199 3286 4251 τοῦ
3325 4203 3570 4272 Σαμψὼν
3599 4221 3692 4274 με·

2128 4282 2276 4352 ρικὺν
2303 4282 2626 4352 γεγένηται,
2667 4285 2729 4337 τὸ
2777 4285 2832 4338 δὲ
2861 4288 3084 4340 καθόλου
3135 4289 3556 4363 πληρωθήσεται
3607 4295 3696 4348 ἐπὶ

2123 4373 2216 4424 τὸν
2253 4373 2650 4443 ’Λντίχριστον·
2697 4375 2843 4442 λέγει
2885 4377 2993 4447 γὰρ
3021 4379 3113 4430 καὶ
3169 4379 3439 4452 Ἱερεμίας
3491 4385 3690 4448 οὕτως·

457 4445 732 4500 audiemus
773 4463 944 4501 uocem
972 4451 1335 4504 acutissimam
1379 4467 1624 4521 equorum
1653 4454 1785 4522 ejus.
1832 4455 1870 4504 Λ
1907 4470 2020 4506 voce

2139 4463 2232 4516 Ἐκ
2259 4465 2374 4516 Acir
2399 4465 2774 4533 ἀκουσόμεθα
2799 4445 3006 4534 ρων-ἣν
3031 4470 3140 4540 (55)
3175 4445 3356 4539 (for-13
3367 4445 3466 4540 τος
3497 4445 3694 4530 ἵππων

456 4539 692 4592 hinnitus
715 4539 976 4609 equitatus
1005 4557 1254 4610 equorum
1275 4543 1387 4613 ejus
1409 4559 1658 4598 concussa
1687 4555 1762 4599 est
1786 4547 2024 4600 universa

2129 4552 2335 4616 αὐτοῦ,
2361 4552 2476 4606 ἀπὸ
2509 4553 2712 4622 φωνῆς
2745 4559 3137 4628 χρεμετισμοῦ
3179 4565 3474 4630 ἱππασίας
3497 4567 3696 4618 ἵππων

531 4701 576 4732 ⁵⁸
607 4702 740 4759 Gen.
785 4718 914 4758 xm
939 4743 953 4766 ,
983 4705 1036 4770 8,
1061 4706 1115 4772 9,
1141 4703 1228 4758 10.
1303 4705 1350 4738 ⁸³
1375 4706 1511 4762 Ibid.
1541 4705 1627 4760 Π.
1706 4709 1750 4739 ⁶⁰
1781 4706 1916 4763 Gen.
1943 4724 2020 4774 ιιι,

2186 4710 2227 4742 ⁶¹
2263 4710 2398 4766 Gen.
2427 4729 2582 4780 nux,
2611 4714 2699 4770 16.

529 4848 642 4919 (25)
673 4848 774 4903 Ms.
808 4847 894 4916 B.,
947 4851 1074 4919 ὑμῖν
1121 4849 1474 4919 ἀποκαλύψαι).
1510 4849 1576 4905 Et
1603 4852 1795 4905 deinde
1823 4854 2022 4908 omittit

458 4929 920 4994 qu_:_£__sequuntu_r
965 4919 1148 4994 omnia
1179 4935 1350 4988 usque
1369 4921 1434 4994 ad
1459 4921 1548 4994 τοῦ
1575 4922 1670 4991 μὲν
1696 4922 1898 4994 Κορίου
1928 4925 2022 4994 Ἰη-

457 4987 556 5044 ιὲοῦ
587 4988 843 5058 Χριστοῦ.
873 4989 949 5043 Ita
981 4990 1137 5058 plura
1185 4987 1401 5045 exStant
1425 4991 1476 5042 in
1507 4987 1608 5046 hoc
1637 4987 1822 5058 codice
1859 4987 2022 5047 vesti"-

461 5059 833 5130 gialicentiaa,
857 5075 966 5129 qua
1000 5059 1082 5130 usi
1115 5073 1240 5115 sunt
1273 5061 1478 5114 librarii
1521 5063 1574 5115 in
1619 5061 2020 5130 abbreviandis,

459 5129 606 5202 malo
627 5129 898 5202 exemplo,
929 5140 982 5184 et
1009 5129 1062 5182 in
1103 5133 1306 5185 arctius
1338 5131 1720 5186 contrahendis
1772 5147 1892 5202 quae
1927 5129 2018 5189 deé

459 5200 776 5256 scribebant
799 5207 1041 5254 veterum
1083 5202 1474 5256 monumentis.
1793 5200 1806 5202 ’
1927 5207 1956 5253 ἦ

532 5269 642 5341 (24)
693 5269 1186 5341 Interpunctionem
1231 5282 1363 5341 post
1403 5271 1514 5323 υἱὸν
1563 5270 1812 5341 revocavi
1863 5286 1930 5326 ex
1957 5271 2018 5328 Β.

457 5338 686 5412 Νιιξιιιςὶη
715 5340 876 5412 editis
899 5347 1026 5412 erat
1054 5338 1258 5412 στιγμῆ
1283 5350 1404 5412 post
1433 5357 1630 5394 nomen
1674 5340 1862 5394 Ἰούδα.

528 5407 640 5480 (25)
675 5409 793 5464 Μοῢ
822 5410 984 5480 deest
1013 5407 1066 5480 in
1096 5409 1156 5480 Β.

531 5411 621 5480 (25
675 5411 793 5464 Mox”)
834 5411 984 5464 deest
1013 5411 1066 5461 in
1096 5411 1156 5462 Β.
1248 5411 1253 5412 “
1290 5411 1293 5412 ⁷

531 5411 645 5550 (26)
683 5479 845 5550 Αὐτῷ,
871 5479 1022 5533 deest
1053 5477 1106 5532 in
1141 5479 1202 5535 Β.
1228 5487 1281 5535 et
1315 5479 1485 5534 altero
1529 5476 1644 5533 Pici
1673 5479 1877 5536 codice.

533 5548 643 5612 (‘27)
681 5551 764 5612 8.,
795 5548 952 5612 εἶδες.

673 5593 764 5676 ﬁi’
975 5635 1121 5686 sm,
1164 5619 1254 5687 l7,
1283 5627 1336 5675 et
1373 5618 1433 5674 Β.
1456 5658 1470 5686 ,
1517 5633 1623 5676 non
1651 5619 1733 5692 Δτῷ
1775 5619 1880 5678 Δάν
1903 5663 1918 5690 ,
1965 5631 2023 5678 ιη

531 5689 610 5742 ili.

2195 4854 2305 4994 (29)
2336 4857 2431 4920 Τίς
2457 4853 2549 4912 οὖν
2591 4857 2652 4912 Β.
2686 4869 2739 4914 et
2762 4859 2898 4914 alter
2936 4858 3048 4917 Pici
3081 4863 3270 4921 codex.

2219 4927 2305 4994 50)
2345 4928 2403 4979 ὐ
2429 4929 2731 4994 ἀπατήσας,
2759 4929 2818 4984 Β.

2219 4927 2305 4996 50)
2345 4928 2403 4979 ὐ
2429 4929 2731 4997 ἀπατήσας,
2759 4929 2818 4984 Β.

2197 4997 2432 5075 (51)Διὰ
2478 4998 2747 5075 πλειόνων-
2795 5003 3222 5075 μαρτύριονκαὶ
3263 5007 3598 5074 ἀποδείξεων
3631 5011 3700 5064 τὰ

2124 5065 2408 5135 λεγόμενα,
2438 5068 2498 5149 οὐ
2525 5065 2944 5192 stemmati-iugi“
2971 5065 3063 5126 τοῦ
3101 5074 3280 5143 λέγειν
3313 5079 3396 5130 δτι
3447 5065 3560 5150 (ligat
3591 5081 3700 5154 γὰρ

2124 5135 2293 5192 ὅντως
2316 5139 2380 5189 ὲκ
2402 5155 2500 5192 της
2521 5179 2535 5192 .
2569 5149 2696 5192 etc..
2767 5182 2778 5192 .

2124 5135 2293 5208 ὅντως
2316 5139 2380 5189 ὲκ
2402 5139 2500 5208 τῆς
2521 5179 2535 5201 ,
2569 5149 2696 5202 etc.,

2199 5207 2415 5276 (52)1ι1.
2459 5207 2630 5270 addit,
2679 5213 2774 5264 καὶ
2822 5211 3084 5277 διάϐολος.
3136 5213 3536 5270 Antichristum
3597 5235 3700 5272 na—

2128 5276 2390 5359 sciturum
2421 5291 2451 5331 e
2483 5279 2624 5359 tribu
2665 5279 2800 5346 Dan,
2839 5283 3022 5359 ιιῃιλιῑί⁸
3045 5276 3534 5359 vetergsuscribunt
3575 5299 3702 5359 post

2129 5344 2186 5398 S.
2223 5346 2505 5426 Irenaeum,
2539 5349 2711 5426 lib._\',
2732 5344 2851 5421 cap.
2877 5353 2966 5406 50.
2995 5353 3146 5426 Adde
3175 5344 3596 5426 Bellarminum;
3621 5358 3702 5416 De

2126 5417 2369 5492 pontiﬁce
2395 5415 2569 5485 Rom.,
2601 5419 2694 5492 l_ib.
2731 5415 2822 5488 ιη’,
2851 5438 2969 5492 cap.
3005 5423 3092 5478 12.

2197 5485 2308 5564 (ξε)
2341 5485 2414 5564 ιιιι
2445 5503 2548 5564 ms.
2572 5488 2661 5564 _B.
2693 5505 2791 5564 pro
2811 5485 3112 5564 ’μξαίφυλψ

2199 5556 2310 5696 (5ο)
2345 5556 2443 5622 ld.,
2473 5557 2548 5614 ὡς
2567 5561 2630 5612 ἐκ
2653 5556 2827 5630 eme
2846 5556 3101 5633 ὑπάρχων
3123 5563 3216 5616 τοῦ
3245 5567 3368 5622 Δάν.

2200 5625 2290 5695 (55
2343 5627 2428 5681 AI.
2453 5626 2564 5683 Pici
2593 5629 2760 5685 codex
2794 5639 2846 5686 et
2875 5631 2957 5696 8.,
2989 5633 3240 5696 σπουδήν.

2200 5625 2310 5696 (55)
2343 5627 2428 5681 AI.
2453 5626 2564 5683 Pici
2593 5625 2760 5685 codex
2782 5625 2846 5686 ἐι
2875 5625 3240 5706 8.,’σπουδήν.
