3862 6498
205 354 302 410 921

1121 351 1396 407 SPURIA.
1433 381 1502 394 —
1538 350 1626 406 DE
1661 350 1888 408 CONSU
1903 349 2261 408 MMATIONE
2294 349 2531 408 MUNDI.

3341 348 3446 410 9‘25.

202 472 390 529 αὑτοῦ
416 473 663 542 ἐσείσθη
687 471 853 529 πᾶσα
875 474 912 541 ἡ
939 471 1031 543 τῆ.
1054 474 1164 528 Καὶ
1187 474 1346 528 πάλιν
1369 473 1605 544 Μωῡσῆς
1628 488 1758 544 φησι

1885 481 2024 524 terra
2061 470 2124 528 θ’.
2173 470 2236 526 Et
2279 487 2472 527 rursus
2502 468 2714 542 Moyses
2753 469 2966 542 inquit:
3017 469 3240 527 Catulus
3278 474 3442 527 teonis

206 569 480 637 Σκύμνος
502 569 749 634 λέοντος
782 569 934 633 Acir,
977 570 1073 622 καὶ
1112 570 1218 641 (56)
1268 567 1668 637 ἐκπηδήσεται
1708 567 1775 621 ἐκ

201 660 306 714 τοῦ
330 659 557 713 Βασάν.
604 659 741 712 Ἀλλ’
759 660 846 713 ἴνα
869 662 940 732 μή
959 679 1042 725 τις
1064 661 1239 733 σφαλῇ
1270 661 1395 732 περὶ
1416 660 1508 714 τοῦ
1529 661 1776 732 Σωτῆρος

204 749 456 820 εἰρῆσθαι
483 749 545 802 τὸ
575 749 735 820 ῥητὸν
769 748 947 814 τοῦτο,
978 751 1324 820 ἐπιστησάτω
1355 750 1445 804 τὸν
1473 748 1596 803 νοῦν
1639 749 1770 820 (57).

201 840 340 904 Acir,
355 840 506 909 φησὶ,
526 840 793 910 σκύμνος
811 840 1076 908 λέοντος
1095 841 1191 913 τὴν
1212 841 1380 913 φυλὴν
1396 840 1664 912 ὀνομάσας
1679 839 1772 894 τοῦ

201 936 328 995 Δάν,
359 932 654 1002 ὲσαφήνισε
678 932 740 985 τὺ
767 933 1146 1004 προκείμενον,
1175 932 1235 998 ἐξ
1268 930 1336 1006 ἦς
1371 933 1551 1004 μέλλει
1584 933 1612 984 6
1655 933 1771 988 διά-

202 1021 355 1084 ϐολος
405 1012 717 1089 γεννᾶσθαι.
767 1021 976 1092 Ὥσπερ
1023 1021 1130 1092 γὰρ
1175 1021 1286 1093 (58)
1341 1025 1405 1074 ὲκ
1447 1021 1548 1091 τῆς
1601 1019 1773 1091 φυλῆς

211 1111 383 1166 Ἰούδα
414 1113 667 1180 γεννᾶται
694 1113 724 1166 6
749 1113 1003 1183 Χριστὸς,
1039 1113 1210 1176 οὕτως
1239 1114 1304 1165 ὲκ
1331 1113 1430 1183 τῆς
1469 1113 1574 1165 Δάν
1602 1111 1771 1183 φυλῆς

205 1204 519 1274 γεννήσεται
551 1205 579 1256 6
617 1205 1000 1276 Ἀντίχριστος.
1036 1204 1142 1258 Τοῦ
1179 1205 1275 1276 μὲν
1300 1204 1503 1276 Κυρίου
1535 1203 1629 1256 καὶ
1659 1203 1771 1255 Σω-

196 1295 366 1367 τῆρος
383 1296 537 1368 ἡμῶν
553 1296 724 1368 Ἰησοῦ
743 1296 978 1370 Χριστοῦ
1001 1297 1130 1350 Υίοῦ
1150 1298 1242 1350 τοῦ
1260 1296 1416 1361 Θεοῦ,
1441 1297 1525 1350 διά
1540 1297 1600 1349 τὸ
1624 1296 1770 1366 βασι·

197 1387 346 1440 λικδν
369 1389 462 1441 καὶ
491 1388 716 1454 ἔνδοξον,
736 1389 946 1454 λέοντος
966 1407 1206 1463 προκεκη
1217 1391 1479 1462 ρυγμένου
1501 1415 1508 1420 ·
1532 1389 1767 1460 τῷαύτῷ

194 1479 383 1552 τρόπῳ
400 1480 492 1533 καί⁹
509 1479 599 1534 τὸν
613 1480 854 1535 διάόολον
873 1483 900 1534 6
907 1481 1072 1552 μοίως
1088 1481 1274 1543 λέοντα
1295 1481 1764 1552 προανηγόρευσεν

195 1573 228 1640 η
265 1571 454 1642 Γραφή
490 1572 597 1644 (59)
629 1572 718 1626 διὰ
753 1559 824 1625 τδ
841 1573 1159 1645 τυραννικὸν
1187 1573 1351 1627 αὐτοῦ
1375 1574 1467 1626 καὶ
1499 1572 1690 1644 βίαιον.

265 1661 388 1716 XX.
421 1663 578 1717 Κατά
601 1664 776 1718 πάντα
802 1664 908 1736 γάρ
927 1663 1296 1736 ἐξομοιοῦσθαι
1317 1664 1558 1735 βούλεται
1579 1666 1606 1717 6
1629 1662 1764 1717 πλά-

193 1771 286 1818 νος
313 1755 394 1824 τῷ
423 1754 538 1826 Υίῷ
585 1755 678 1809 τοῦ
718 1756 874 1812 Θεοῦ.
903 1756 1052 1810 Λέων
1083 1757 1112 1809 6
1136 1756 1368 1828 Χριστὸς
1390 1797 1406 1822 ,
1448 1757 1540 1810 καὶ
1567 1755 1701 1810 λέων
1732 1759 1761 1810 6

1885 562 2024 628 Dan,
2055 573 2103 616 et
2132 563 2334 618 exsiliet
2358 581 2385 618 ε
2422 563 2601 618 Busan
2629 563 2692 616 ⁸³.
2733 562 2796 617 Et
2823 580 2889 620 ne
2915 565 3040 634 quis
3064 565 3206 619 dicat
3240 565 3442 621 dictum

1882 654 1987 708 hoc
2035 653 2102 707 ad
2151 652 2482 709 Salvatorem
2532 656 2840 724 pertinere,
2897 657 3138 710 attendat
3179 657 3442 714 animum.

1879 742 2022 808 Dan,
2053 745 2247 814 inquit,
2272 746 2481 801 catulus
2510 745 2674 800 leonis
2700 762 2718 800 :
2744 747 3091 816 perspicuum
3116 748 3292 802 reddit
3319 765 3446 819 pro-

1879 835 2134 902 positum,
2166 838 2441 892 nominata
2469 838 2609 892 tribu
2643 839 2754 892 Dan
2773 879 2788 900 ,
2818 839 2884 893 de
2914 854 3020 908 qua
3054 848 3304 893 nascetur
3329 840 3447 894 dia-

1881 924 2054 978 holus.
2083 923 2549 990 Quemadmodum
2587 927 2729 980 enim
2758 941 2788 981 e
2812 927 2951 981 tribu
2991 925 3128 981 Juda
3159 938 3318 984 natus
3362 940 3446 984 est

1877 1016 2170 1081 Christus,
2224 1017 2298 1072 ita
2349 1029 2600 1072 nascetur
2636 1034 2666 1073 e
2708 1019 2848 1073 tribu
2895 1019 3008 1074 Dan
3054 1019 3440 1077 Antichristus.

1878 1109 2123 1179 Cumque
2147 1110 2410 1166 Dominus
2434 1127 2498 1167 ac
2533 1112 2779 1166 Salvator
2805 1124 2988 1168 noster
3015 1113 3172 1169 Jesus
3194 1113 3444 1170 Christus

1877 1199 2049 1254 Filius
2073 1199 2164 1254 Dei
2192 1211 2406 1271 propter
2434 1205 2633 1273 regiam
2665 1212 2719 1258 et
2753 1204 3014 1258 illustrem
3051 1215 3321 1270 naturam,
3360 1209 3444 1262 leo

1873 1293 1942 1345 sit
1985 1303 2108 1346 ante
2150 1295 2500 1362 praedicatus;
2556 1295 2740 1349 eodem
2793 1297 2954 1350 modo
3001 1296 3276 1366 Scriptura
3321 1301 3442 1354 dia-

1871 1381 2053 1436 bolum
2095 1384 2164 1437 ob
2200 1386 2536 1454 tyrannicam
2581 1403 2644 1442 ac
2683 1388 2970 1442 violentam
3008 1388 3280 1454 indolem,
3325 1390 3438 1445 leo-

1872 1488 1996 1526 ncm
2029 1475 2278 1529 similiter
2299 1475 2413 1532 fore
2436 1478 2767 1548 praedicavit.

1940 1653 2061 1710 XX.
2101 1653 2258 1722 Nam,
2289 1674 2386 1728 per
2435 1659 2617 1714 omnia
2665 1662 2916 1717 seductor
2961 1662 3051 1718 ille
3093 1664 3208 1719 vult
3241 1664 3440 1720 imitari

1868 1746 2064 1802 Filium
2103 1749 2217 1805 Dei.
2285 1750 2394 1805 Leo
2434 1752 2714 1818 Christus,
2760 1755 2846 1810 leo
2891 1772 3108 1827 quoque
3163 1758 3438 1816 Antichri-

203 1846 588 1919 ’Δντίχριστος.
610 1849 866 1913 Βασιλεὺς
893 1851 922 1904 ὁ
955 1827 1200 1920 Χριστὸς
1219 1851 1326 1904 τῶν
1365 1851 1628 1922 οὐρανίων
1653 1850 1762 1922 (ιο)

1877 1845 2008 1891 stus.
2044 1836 2291 1893 Christus
2319 1856 2409 1895 rex
2435 1843 2734 1898 caelestium
2763 1856 2924 1915 atque
2958 1849 3316 1917 terrestrium,
3347 1867 3440 1907 rex

190 1939 288 1991 καὶ
314 1940 598 2009 ἐπιγείων,
629 1943 721 1994 καὶ
756 1941 1008 2010 βασιλεὺς
1034 1942 1318 2012 γενήσεται
1343 1942 1436 1995 ἐπὶ
1462 1942 1566 2012 γῆς
1597 1944 1624 1994 6
1649 1943 1768 1995 Ἀν-

187 2031 487 2101 τίχριστος.
539 2033 780 2104 Ἐδείχθη
825 2035 853 2087 6
894 2035 1088 2106 Σωτὴρ
1133 2034 1207 2098 ὡς
1249 2034 1452 2105 ἀρνίον,
1487 2035 1580 2086 καὶ
1610 2033 1769 2097 αὐτὸς

187 2123 493 2193 φανήσεται
507 2123 582 2186 ὡς
607 2123 810 2195 ἀρνίον,
828 2123 987 2187 λύκος
1003 2123 1078 2176 ὣν
1098 2122 1325 2176 ἔνδοθεν.
1345 2123 1768 2193 Ἐμπεριτεμνό-

187 2229 356 2284 μενος
387 2215 416 2267 6
441 2214 632 2285 Σωτὴρ
655 2215 863 2283 γέγονε,
895 2215 990 2268 καὶ
1017 2215 1178 2278 αὐτὸς
1225 2214 1422 2285 ὁμοίως
1447 2214 1556 2283 (Μ)
1589 2217 1645 2267 ἐν
1668 2231 1766 2267 πε-

183 2309 386 2378 τιτομῇ
423 2309 764 2379 γεννήσεται.
813 2309 1154 2361 Ἀπέστειλεν
1181 2309 1454 2378 ὀΧριστὸς
1479 2310 1605 2371 τοὺς
1635 2308 1768 2361 ἀπο-

187 2399 413 2463 στόλους
443 2401 527 2464 είς
560 2400 740 2454 πάντα
775 2401 842 2455 τά
867 2401 1014 2474 ἔθνη,
1058 2402 1152 2456 καὶ
1181 2401 1340 2465 αὐτὸς
1382 2402 1581 2472 ὁμοίως
1630 2401 1768 2471 πέμ-

183 2490 277 2559 ψει
304 2491 788 2560 ψευδαποστόλους.
814 2494 1098 2565 Συνήγαγε
1119 2493 1188 2546 τά
1207 2494 1607 2564 ἐσκορπισμένα
1637 2492 1768 2565 πρὸ-

184 2580 332 2633 6ατα
361 2584 390 2635 6
420 2581 672 2653 Χριστὸς,
696 2583 790 2636 καὶ
811 2584 972 2644 αὐτὸς
1004 2583 1202 2654 ὁμοίως
1225 2583 1437 2650 συνάξει
1465 2583 1553 2635 τὸν
1574 2585 1765 2654 ἐσκορ-

185 2672 452 2742 πισμένον
480 2673 607 2728 λαὸν
637 2673 742 2727 τὼν
776 2675 1188 2747 Ἐϐραίων(α¹ι⁴2>.
1223 2676 1457 2729 Ἔδωκεν
1477 2676 1504 2727 6
1536 2676 1767 2747 Χριστὸς

183 2765 300 2825 τοῖς
325 2765 406 2827 εἰς
431 2765 595 2818 αὑτὸν
617 2765 928 2835 πιστεύουσι
952 2766 1041 2819 τὸν
1061 2766 1238 2836 τίμιον
1263 2767 1355 2819 καὶ
1385 2766 1763 2835 ζωοποιὺν(.ί5)

183 2855 445 2926 σταυρὸν,
474 2857 570 2909 καὶ
592 2857 754 2921 αὐτὸς
780 2857 982 2928 ὁμοίως
1013 2857 1170 2910 δώσει
1204 2857 1265 2910 τὸ
1299 2857 1488 2910 ἑαυτοῦ
1522 2859 1762 2927 σημεῖον.

193 2947 286 2998 Ἐν
319 2948 557 3017 σχήματι
586 2947 874 3020 ἀνθρώπου
907 2948 1079 3019 ἐφάνη
1110 2951 1138 3002 6
1185 2948 1414 3020 Κύριος,
1469 2949 1561 3002 καὶ
1606 2947 1766 3010 αὐτὸς

181 3039 388 3110 ὁμοίως
404 3041 462 3092 ὲν
482 3042 719 3111 σχήματι
735 3040 1020 3114 ἀνθρώπου
1045 3041 1380 3107 ἐξελεύσεται
1403 3041 1530 3112 (Μ).
1551 3042 1642 3094 Ἑκ
1660 3040 1764 3093 τῶν

191 3129 467 3202 Ἐϐραίων
497 3131 525 3184 6
552 3131 785 3203 Χριστὸς
813 3132 1070 3197 ἀνέτειλε,
1099 3132 1192 3185 καὶ
1223 3132 1380 3195 αὐτὸς
1412 3131 1471 3196 ἐξ
1504 3131 1765 3185 Ἰουδαίων
1793 3169 1834 3226 C

179 3222 524 3292 γεννήσεται.
554 3223 845 3289 Ἀνέδειξεν
863 3225 973 3297 (45)
997 3227 1024 3278 6
1044 3224 1276 3296 Χριστὸς
1298 3224 1393 3295 τὴν
1426 3225 1560 3278 ίδίαν
1587 3226 1762 3296 σάρκα

178 3313 255 3377 ὡς
270 3314 422 3379 ναὸν,
445 3317 539 3369 καὶ
562 3316 825 3387 ἀνέστησε
841 3320 964 3389 τριή
975 3335 1157 3389 μερον,
1173 3318 1262 3372 καὶ
1283 3318 1442 3382 αὐτὸς
1470 3319 1761 3390 ἀναστήσει

175 3406 271 3459 τὸν
308 3408 368 3459 ὲν
397 3407 783 3478 Ἱεροσολύμοις
819 3410 1016 3463 λίθινον
1048 3411 1192 3463 ναόν.
1229 3411 1338 3464 Καὶ
1368 3410 1539 3463 ταῦτα
1576 3411 1674 3481 μὲν
1696 3411 1762 3464 τὰ

179 3495 366 3549 πλάνα
399 3498 564 3552 αὑτοῦ
591 3501 959 3572 τεχνάσματα,
997 3503 1052 3554 ἐν
1085 3505 1193 3564 τοῖς
1226 3499 1353 3571 ἑξῆς
1384 3501 1764 3572 δηλωθησομέ-

176 3605 293 3652 νοις
315 3591 535 3661 ἐμιρανῆ
556 3594 873 3664 γενήσονται
897 3597 1007 3658 τοῖς
1026 3593 1288 3664 νουνεχῶς
1307 3596 1338 3664 ἡ
1349 3593 1463 3664 μῶν
1486 3593 1756 3647 ἀκούουσι.

250 3681 398 3738 XXI.
432 3686 538 3738 Καὶ
555 3685 658 3759 γὰρ
676 3685 768 3739 δύο
797 3689 1095 3759 παρουσίας
1114 3687 1208 3741 τοῦ
1229 3689 1462 3759 Χριστοῦ
1481 3690 1574 3742 καὶ
1588 3690 1761 3759 Σωτῆ-

173 3791 275 3845 ρος
294 3773 386 3828 διὰ
415 3774 523 3828 τῶν
545 3776 774 3847 Γραφῶν
787 3778 1160 3850 ἐδιδάχθημεν.
1185 3781 1293 3832 Καὶ
1316 3779 1414 3850 μὲν
1435 3779 1622 3852 πρώτη
1647 3781 1758 3852 (46)

176 3868 328 3922 κατά
357 3867 535 3939 σάρκα
580 3871 919 3942 γεγενημένη
963 3872 995 3941 ἡ
1025 3871 1217 3942 ἄτιμος
1237 3911 1252 3934 ,
1285 3872 1373 3925 διά
1414 3872 1474 3925 τὸ
1511 3872 1759 3927 ταπεινὸν

171 3959 464 4031 δειχθῆναι
487 3961 680 4016 αὐτόν·
711 3961 883 4026 οὕτως
911 3962 1006 4016 καὶ
1040 3963 1318 4035 ήδευτὲρα
1350 3963 1512 4016 αὑτοῦ
1558 3982 1760 4036 παρου-

177 4053 271 4107 σία
306 4053 650 4126 κεκήρυκται
691 4056 748 4109 ὲν
776 4055 901 4127 δόξῃ
927 4097 943 4121 ,
982 4057 1057 4120 ὼς
1087 4057 1346 4127 πάρεστιν
1381 4057 1487 4110 ἀπὸ
1520 4057 1761 4128 οὐρανῶν

175 4145 326 4216 μετὰ
361 4146 662 4216 δυνάμεως,
691 4149 784 4201 καὶ
813 4147 1092 4217 ἀγγέλων,
1125 4148 1219 4202 καὶ
1270 4149 1538 4220 πατρικῆς
1583 4149 1760 4218 δόξης.

185 4237 254 4291 Ἦ
288 4238 393 4309 μὲν
427 4237 611 4310 πρώτη
647 4238 810 4294 αὑτοῦ
846 4240 1136 4311 παρουσία,
1175 4241 1424 4309 Ἰωάννην
1450 4239 1540 4292 τὸν
1572 4240 1765 4292 Βαπτι-

171 4331 316 4402 στῆν
345 4325 458 4400 εἶχε
483 4329 786 4402 πρόδρομον
805 4348 818 4361 ο
853 4333 886 4401 ή
918 4331 973 4384 δὲ
1000 4331 1224 4402 δευτέρα
1255 4331 1440 4394 αὑτοῦ,
1487 4333 1542 4383 ἐν
1635 4331 1762 4401 μέλ-

169 4421 257 4475 λει
288 4421 548 4493 ἔρχεσθαι
571 4423 630 4475 ὲν
662 4422 810 4495 δόξῃ,
855 4422 1044 4493 Ἑνὼχ,
1077 4424 1170 4476 καὶ
1214 4422 1418 4488 Ἰζλίαν,
1453 4423 1546 4476 καὶ
1583 4423 1761 4476 Ἰωάν-

167 4530 276 4584 νην
295 4511 393 4566 τὸν
415 4512 664 4583 Θεολόγον
692 4513 802 4584 (47)
849 4512 1135 4578 ἀναδείξει.
1163 4513 1272 4566 Καὶ
1300 4513 1403 4583 ὅρα
1442 4511 1535 4564 τοῦ
1561 4512 1762 4564 Δεσπό-

245 4657 298 4688 “
325 4652 530 4711 Jerem.
560 4670 634 4711 vn
663 4697 679 4722 ,
720 4655 808 4711 16.
887 4655 931 4687 ⁸³
965 4654 1119 4709 Deut.
1151 4654 1453 4716 “mea.

271 4794 369 4857 '56)
407 4793 567 4849 Deest
595 4794 687 4848 καί
728 4794 781 4847 in
815 4793 875 4848 Β.

271 4795 369 4857 '56)
407 4795 567 4849 Deest
595 4795 687 4848 καί
728 4795 781 4847 in
815 4795 875 4848 Β.

536 4863 1000 4940 ἐπιστησάτω-τὸν
1015 4862 1236 4940 εαυτοῦΔ
1258 4863 1389 4940 νοῦν.
1410 4863 1671 4940 ἀκριεξῶς.

406 4933 510 5006 ld.,
530 4931 732 5006 them-:6
754 4931 866 5006 γὰρ
891 4937 954 5006 εκ
980 4933 1078 5006 τῆς
1105 4931 1532 5006 Ἰο-ύδαᾼφυλῆςὸ
1562 4935 1762 5006 Κύριος

166 5003 464 5092 ἡμῶνκαὶ
505 5003 711 5128 Σωτὴρ
751 5003 956 5074 Ἰησοῦς
994 5003 1226 5076 Χριστὸς
1265 5004 1294 5055 6
1323 5005 1461 5090 ,Υἱὸς
1497 5004 1590 5057 τοῦ
1627 5003 1759 5058 Θεοῦ

166 5092 474 5128 γενναται.
529 5075 624 5128 καὶ
692 5073 745 5128 ιὰ
785 5075 849 5128 τὸ
892 5073 1163 5128 Βασιλικὸν
1213 5074 1304 5127 καὶ
1322 5074 1526 5128 ενδοξον
1551 5074 1759 5128 λέοντος

164 5073 474 5146 γεννᾶται,
529 5075 624 5146 καὶ
648 5073 745 5128 ’διὰ
785 5073 849 5128 τὸ
891 5073 1180 5146 βασιλικὸν
1213 5074 1304 5146 καί
1319 5074 1526 5146 ἔνδοξον
1551 5074 1762 5137 λέοντος

167 5144 732 5218 προκεκηρυγμένουο
769 5144 951 5200 mimis
1002 5145 1136 5218 Mne
1169 5144 1241 5198 ita
1272 5145 1527 5201 librarius
1579 5146 1758 5200 locum

168 5215 234 5272 iii
259 5217 330 5270 B.
361 5215 705 5287 perturbavit
733 5230 796 5270 ac
827 5215 1090 5287 corrupit.

247 5283 378 5357 (39)
405 5285 559 5357 Alter
596 5283 711 5340 Pici
739 5285 920 5357 codex
961 5283 1015 5357 et
1051 5283 1112 5357 Β.
1137 5325 1152 5349 ,
1192 5286 1665 5357 προανηγόρευσαν
1704 5285 1761 5338 αἱ

165 5352 405 5429 Γραφῷ.
429 5397 444 5422 ,
467 5356 550 5429 *τὸ
590 5355 912 5428 τυραννικὸν
949 5354 1112 5410 αὑτοῦ
1142 5352 1244 5408 καί.⁷
1273 5352 1445 5424 βίαιον
1474 5352 1764 5426 δηλοῦντες

275 5497 368 5566 40)
405 5497 494 5562 Β.,
527 5496 887 5566 ἐπουρανίων.

276 5567 369 5637 At)
403 5567 622 5636 Insigne
664 5565 766 5622 hoc
816 5568 1247 5637 supplementum
1295 5583 1358 5622 ex
1388 5565 1449 5619 Β.
1493 5569 1753 5623 accessit;

167 5637 507 5710 namiverba
533 5637 827 5708 φανήσεται
845 5638 920 5702 ὡς
942 5639 1146 5710 ἀρνίον,
1174 5655 1348 5710 usque
1375 5638 1439 5693 ad
1478 5637 1569 5691 καὶ
1600 5639 1758 5704 αὐτός

167 5711 228 5766 in
259 5709 432 5763 editis
460 5707 707 5763 aberant.

247 5779 370 5848 (ὶέ)
403 5777 522 5831 Τῶν
569 5776 849 5844 Ἰουδαίων,
885 5775 945 5831 Β.

165 5426 231 5501 (δ’
269 5426 508 5496 λοῦσαι).

223 5446 369 5638 la;

1870 1931 2031 1984 etiam
2061 1941 2317 1987 nascetur
2343 1950 2505 2002 super
2539 1944 2734 1989 terram
2779 1939 3166 1996 Antichristus.
3201 1943 3440 2000 Demon-

1871 2033 2074 2080 stratus
2134 2034 2212 2080 est
2271 2026 2516 2082 Salvator
2559 2037 2617 2083 ut
2664 2047 2873 2100 agnus,
2922 2034 3036 2103 ipse
3077 2052 3295 2107 quoque
3338 2055 3439 2109 ap-

1869 2116 2079 2185 parebit
2129 2127 2188 2171 ut
2243 2135 2453 2189 agnus,
2510 2123 2656 2177 intus
2711 2133 2891 2178 autem
2947 2127 3106 2196 lupus
3143 2131 3263 2185 erit.
3321 2132 3443 2186 Cir-

1869 2209 2148 2264 cumcisus
2204 2223 2285 2265 est
2322 2211 2603 2278 Salvator,
2655 2214 2768 2284 ipse
2815 2228 3065 2272 nascetur
3103 2221 3155 2274 in
3203 2223 3440 2277 circum-

1867 2302 2092 2359 cisione.
2149 2304 2399 2361 Christus
2448 2308 2596 2362 misit
2648 2312 2924 2379 apostolos
2972 2315 3038 2366 ad
3081 2328 3269 2368 omnes
3307 2333 3439 2385 gen-

1869 2402 1988 2459 tes,
2036 2396 2124 2450 hic
2179 2398 2362 2452 itidem
2412 2400 2586 2454 mittet
2632 2402 3130 2472 pseudoapostolos.
3186 2406 3439 2462 Christus

1867 2501 1996 2540 oves
2023 2487 2294 2558 dispersas
2326 2493 2702 2560 congregavit,
2760 2494 2848 2548 hic
2885 2496 3138 2564 populum
3182 2496 3432 2551 Hebraeo-

1866 2593 1986 2631 rum
2031 2579 2332 2649 dispersum
2389 2583 2454 2636 ad
2495 2587 2742 2639 eumdem
2792 2591 3012 2642 modum
3064 2592 3434 2660 eongregahit.

1865 2667 2116 2725 Christus
2165 2672 2310 2727 dedit
2362 2676 2705 2732 credentibus
2758 2678 2813 2732 in
2859 2695 2982 2733 eum
3028 2683 3321 2750 pretiosam
3371 2701 3436 2739 ac

1865 2762 2134 2817 viviﬁcam
2172 2781 2413 2832 crucem,
2455 2767 2543 2822 hic
2565 2769 2747 2823 itidem
2775 2770 2988 2841 signum
3020 2790 3179 2828 suum
3207 2775 3436 2832 daturus

1866 2864 1968 2910 est.
2017 2857 2280 2926 Apparuit
2314 2858 2575 2915 Dominus
2617 2861 2671 2914 in
2705 2862 2876 2934 ﬁgura
2922 2864 3188 2932 humana,
3224 2868 3303 2922 sic
3333 2869 3437 2924 iste

1865 2949 2098 3016 prodihit
2132 2951 2233 3004 sub
2269 2951 2441 3006 forma
2475 2953 2734 3012 hominis.
2778 2955 2855 3009 Ex
2890 2955 3129 3013 Hebraeis
3164 2969 3317 3014 ortus
3352 2970 3437 3016 est

1865 3038 2149 3106 Christus,
2200 3043 2287 3098 hic
2329 3060 2546 3114 quoque
2584 3057 2836 3100 nascetur
2864 3065 2894 3102 e
2931 3047 3146 3104 Judaeis.
3187 3051 3435 3106 Christus

1866 3136 2100 3190 ostendit
2125 3151 2344 3192 carnem
2373 3155 2528 3193 suam
2559 3148 2815 3208 tanquam
2844 3142 3132 3218 templum,
3173 3160 3238 3197 ac
3261 3144 3438 3200 susci-

1868 3228 2001 3282 tavit
2030 3230 2190 3284 tertia
2219 3231 2326 3297 die,
2367 3231 2446 3286 sic
2477 3232 2578 3287 iste
2601 3230 2950 3305 Jerosolymis
2977 3235 3261 3290 suscitabit
3298 3247 3435 3292 tem-

1868 3318 2016 3387 plum
2065 3319 2355 3388 lapideum.
2396 3323 2570 3390 Atque
2619 3321 2718 3376 has
2768 3322 2912 3378 illius
2960 3321 3202 3377 fallacias
3253 3340 3317 3379 ex
3364 3325 3434 3382 iis

1867 3425 1988 3480 qua:
2024 3411 2278 3481 deinceps
2317 3428 2672 3481 exponemus,
2714 3413 2921 3484 liquido
2968 3414 3299 3487 intelligent,
3338 3416 3433 3487 qui

1869 3511 2073 3558 attente
2097 3519 2197 3558 nos
2221 3504 2460 3559 audient.

1937 3688 2075 3748 XXI.
2113 3689 2246 3744 Nam
2280 3705 2309 3744 e
2340 3689 2634 3758 Scripturis
2661 3690 2926 3760 duplicem
2968 3689 3255 3745 adventum
3281 3689 3436 3746 Chri-

1864 3782 1933 3838 sti
1962 3799 2026 3836 ae.
2063 3782 2359 3836 Salvatoris
2405 3781 2714 3834 didicimus.
2765 3781 2843 3834 Ac
2888 3780 3036 3849 prior
3085 3782 3298 3850 quidem
3348 3799 3434 3837 se-

1865 3874 2102 3928 cundum
2131 3888 2374 3937 carnem,
2400 3870 2501 3925 fuit
2523 3871 2796 3940 abjectus:
2831 3887 2895 3924 eo
2924 3871 3069 3940 quod
3097 3872 3184 3926 ille
3213 3872 3433 3928 humilis

1864 3965 2190 4034 apparuerit.
2242 3965 2320 4018 lta
2354 3965 2620 4034 posterior
2651 3963 2770 4032 ejus
2813 3963 3076 4019 adventus
3109 3965 3432 4033 praedicatus

1862 4065 1946 4111 est
1973 4056 2272 4126 gloriosus:
2304 4056 2558 4126 quoniam
2590 4057 2788 4108 venite
2819 4055 2969 4110 caelis
2995 4071 3118 4110 cum
3156 4057 3393 4125 potentia
3413 4095 3434 4122 ,

1864 4164 1986 4203 cum
2025 4148 2230 4218 angelis
2261 4156 2314 4202 et
2341 4147 2508 4216 gloria
2535 4146 2730 4200 Patris.
2772 4145 2928 4200 Prior
2956 4146 3127 4216 ipsius
3169 4147 3430 4202 adventus

1862 4257 2251 4313 prateursorem
2284 4241 2472 4294 habuit
2502 4238 2763 4292 Joannem
2793 4239 3084 4309 Baptistam
3107 4279 3120 4301 ,
3164 4239 3432 4308 posterior

1866 4345 2045 4389 autem
2066 4374 2080 4398 ,
2112 4349 2220 4402 quo
2261 4342 2521 4387 venturus
2551 4342 2633 4386 est
2663 4333 2714 4386 in
2744 4332 2910 4400 gloria
2929 4371 2944 4393 ,
2971 4330 3154 4386 Enoch
3175 4370 3191 4398 ,
3222 4329 3392 4384 Eliam
3411 4370 3428 4396 ,

1865 4427 1920 4474 et
1976 4417 2240 4473 Joannem
2302 4419 2610 4489 theologum
2665 4419 2960 4473 exhibebit.
3030 4419 3428 4473 Humanitatem

1867 4519 2048 4580 specta
2079 4508 2331 4563 Domini:
2379 4519 2437 4564 ut
2465 4509 2546 4563 vel
2576 4509 2832 4564 extremis
2869 4509 3200 4580 temporibus
3229 4518 3431 4564 morta-

1937 4791 2045 4861 (45)
2077 4790 2254 4846 Verba
2279 4791 2372 4844 ml
2403 4790 2660 4854 ζωοποιὸν
2683 4791 2878 4844 desunt
2905 4792 2956 4843 in
2998 4790 3056 4843 Β.

1959 4863 2048 4925 44)
2078 4861 2315 4916 Verbum
2340 4861 2674 4926 ἐξελεύσεται
2698 4861 2748 4914 in
2769 4861 2828 4914 Β.
2860 4862 3040 4914 itidem
3069 4861 3426 4922 desideratur.

1957 4933 2044 5005 45)
2079 4933 2135 4986 In
2164 4931 2232 5005 Β.
2261 4941 2403 4986 totus
2443 4931 2529 5005 hic
2564 4933 2714 5005 locus
2758 4933 2829 4984 ita
2869 4933 3113 5005 legitur:_
3147 4933 3366 5005 Ἀνέστη
3399 4937 3429 4990 ὁ

1863 5002 2052 5076 Σωτὴρ
2081 5005 2145 5076 ἐκ
2167 5003 2275 5076 τῶν
2303 5002 2510 5076 νεκρῶν
2535 5003 2656 5072 τριή
2668 5018 2861 5076 μερος,
2879 5003 2971 5076 καὶ
2997 5002 3159 5076 αυτὸς
3198 5002 3428 5076 ἀναστή-

1866 5071 2066 5144 σειτδν
2111 5074 2168 5125 ἐν
2213 5071 2600 5144 Ἱεροσολύμοις
2629 5071 2773 5126 ναόν.
2822 5073 2931 5144 Καὶ
2962 5073 3140 5144 ταῦτα
3178 5073 3274 5144 μὲν
3326 5071 3427 5144 τῆς

1867 5143 2074 5215 πλάνης
2104 5141 2266 5195 αὐτοῦ
2283 5141 2367 5215 ᾇτά
2393 5141 2757 5215 τεχνάσματα,
2788 5142 2996 5215 una
3023 5143 3149 5215 ἑξῆς
3182 5141 3426 5215 δηλωθῆ-

1867 5214 2069 5284 σόμενα
2094 5213 2316 5284 ἐμφανῆ
2345 5213 2672 5284 γενήσονταιΔ
2688 5213 2952 5282 νουνεχῶς
2977 5213 3250 5267 ἀκούουσι.

1939 5281 2052 5352 (46)
2091 5281 2233 5355 Idem
2263 5298 2364 5355 ms.
2396 5323 2410 5346 ,
2443 5281 2596 5355 κατάγ
2613 5281 2792 5355 σάρκα
2827 5281 3074 5355 γέννησις
3115 5285 3308 5355 ἀτιμος
3341 5281 3428 5337 διὰ

1869 5353 1929 5407 τὸ
1955 5353 2283 5406 ταπεινῶσαι
2313 5353 2523 5433 ἑαυτόνἰ
2561 5353 2624 5404 'li
2651 5353 2705 5433 δὲ
2732 5353 2956 5425 δευτέρα
2976 5353 3138 5433 αὑτοῦ
3165 5355 3427 5433 παρουσία

1867 5424 2196 5496 κηρύττεται
2243 5422 2465 5496 ἐνηδόξῃ
2495 5421 2570 5486 ὡς
2615 5423 2874 5496 πάρεστιν
2889 5421 3006 5479 ’ἀπὸ
3031 5421 3257 5496 οὐρανοῦ
3289 5428 3429 5494 μετά

1868 5492 2147 5562 δυνάμεως
2174 5492 2570 5562 ἀγγέλωνζοῑο.

1923 5563 2036 5634 (47)
2070 5563 2309 5618 Duorum
2343 5573 2566 5634 tantum_
2597 5563 2814 5618 testium
2860 5563 2918 5618 ﬁt
2958 5564 3159 5619 mentio
3213 5563 3427 5632 Apoca-

1864 5632 2032 5705 lypsis
2059 5651 2136 5700 χι,
2167 5635 2222 5700 5,
2253 5634 2498 5703 quosde
2527 5632 2748 5690 Enocho
2794 5645 2846 5689 ct
2885 5634 3000 5690 Elia
3027 5647 3234 5690 veteres
3261 5650 3424 5705 Leom-

1864 5704 2102 5759 muniter
2137 5705 2557 5773 interpretantur
2579 5743 2594 5766 ,
2649 5713 2705 5758 ut
2741 5715 2983 5760 notatum
3012 5722 3042 5761 a
3093 5706 3222 5760 viris
3247 5704 3422 5760 doctis

1865 5775 1928 5830 ad
1958 5774 2013 5830 S.
2047 5774 2302 5831 Irenaeum
2336 5791 2406 5841 iv,
2439 5773 2524 5840 50,
2552 5785 2675 5839 etv,
2706 5776 2751 5829 5.
2812 5778 3012 5831 Auctor
3052 5777 3294 5832 Chronici
3324 5793 3419 5844 p't-
