3862 6494
443 364 548 421 923

1249 363 1536 420 APPEND.
1578 365 1669 420 AD
1707 364 1984 421 PARTEM
2021 366 2062 421 II
2092 365 2372 422 OPEBUM
2411 365 2468 420 S.
2510 361 2883 420 HIPPOLYTI.

3579 351 3680 414 νει

444 485 575 540 lium
605 497 792 540 curam
827 493 977 557 gerat
1015 501 1080 543 ac
1124 485 1466 542 misereatur.
1513 486 1592 543 Ac
1624 505 1692 544 ne
1723 496 1853 544 tunc
1893 489 2004 559 qui-

2114 507 2208 544 του
2255 491 2354 562 τὴν
2413 488 2840 560 φιλανθρωπίαν,
2889 487 2971 538 ὅτι
3021 483 3114 538 καὶ
3172 484 3228 537 ὲν
3277 484 3389 546 τοῖς
3435 480 3681 554 ὑστέροις

445 571 567 626 dem
599 572 716 627 sine
735 573 1010 643 prophetis
1039 590 1138 632 nos
1167 576 1469 646 relinquet:
1501 577 1595 632 sed
1631 578 1900 634 missurus
1929 588 2014 635 est

443 677 539 718 eos
587 663 654 718 ad
695 665 998 720 doctrinam
1047 675 1289 723 nostram
1341 676 1650 738 certamque
1688 670 1969 724 scientiam
1995 711 2012 738 ,

444 762 606 824 atque
635 763 696 810 ut
742 758 951 812 animos
988 759 1327 814 attendamus
1370 758 1424 812 in
1449 759 1735 814 adventum
1764 762 2015 816 adversa—

444 846 536 911 rii,
567 856 626 902 ut
664 847 859 904 ibidem
891 849 1076 905 Daniel
1118 851 1568 920 pra-monstravit.
1606 851 1782 922 lnquit
1825 854 2008 908 enim:

449 937 836 994 Testamentum
895 943 1224 1014 conﬁrmabit
1267 943 1448 996 multis
1506 943 1830 998 hebdomada
1866 962 2011 1011 una;

443 1043 492 1085 et
520 1032 572 1084 in
605 1034 774 1086 medio
805 1033 1143 1090 hebdomada:
1177 1037 1444 1105 auferetur
1473 1038 1795 1107 sacri/icium
1824 1047 1872 1091 et
1913 1038 2010 1091 ho-

443 1125 550 1178 stia
577 1123 642 1179 “.
666 1123 793 1180 tUna
827 1127 1160 1181 hebdomada
1201 1129 1462 1197 septcnnii
1491 1129 2010 1185 demonstrationem

446 1216 648 1271 indicat
694 1219 1080 1288 posterioribus
1122 1219 1359 1274 futuram
1415 1221 1769 1289 temporibus.
1813 1221 1891 1276 Ac
1931 1222 2012 1276 di-

444 1311 672 1365 midium
733 1312 1082 1367 hebdomada:
1144 1323 1357 1368 sument
1411 1313 1520 1368 duo
1563 1315 1836 1384 prophetze
1885 1331 2008 1370 cum

443 1399 684 1465 Joanne,
719 1403 783 1456 ad
813 1403 1236 1458 denumiandum
1271 1421 1362 1473 per
1392 1405 1704 1458 universum
1746 1407 2008 1460 mundum

445 1493 733 1546 adventum
764 1493 1114 1560 Antichristi,
1148 1495 1248 1548 hoc
1271 1503 1387 1558 est,
1420 1496 1561 1548 mille
1589 1497 1834 1550 ducentos
1859 1513 2011 1550 sexa-

444 1584 589 1653 ginta
615 1584 745 1646 dies,
777 1587 958 1640 amicti
979 1588 1146 1640 saccis
1170 1588 1212 1618 ⁶⁵
1236 1606 1250 1652 ;
1297 1588 1599 1658 facientquc
1625 1590 1777 1659 signa
1808 1600 1861 1644 et
1889 1606 2011 1654 pro-

445 1675 588 1745 digia
607 1716 623 1743 ,
668 1684 725 1729 ut
757 1677 838 1730 vel
869 1677 969 1732 hac
998 1679 1204 1733 ratione
1231 1679 1447 1734 ﬂectant
1477 1689 1530 1734 et
1559 1690 1870 1736 convertant
1906 1683 2008 1736 ho-

445 1766 620 1820 mines
651 1766 717 1820 ad
746 1768 1115 1836 paenitentiam
1140 1808 1154 1829 ,
1191 1781 1408 1840 propter
1454 1771 1776 1827 immensam
1817 1789 2006 1829 eorum

2115 583 2325 654 χρόνοις
2347 625 2362 648 ,
2401 582 2519 646 πῶς
2561 581 2655 635 τοῦ
2696 580 2804 633 τῶν
2846 577 3048 650 βροτῶν
3095 576 3282 646 γένους
3321 574 3545 646 κήδεται
3588 575 3680 628 καὶ

2115 675 2253 728 ὲλεεῖ
2280 674 2409 748 (48),
2440 676 2521 728 ὅτι
2543 673 2663 726 οὐδὲ
2687 672 2806 725 τότε
2838 671 3006 742 χωρὶς
3031 667 3325 740 προφητῶν
3349 670 3497 740 ἡμᾶς
3524 683 3683 720 κατα-

2113 765 2389 837 λιμπάνει,
2409 765 2541 819 ἀλλά
2573 764 2774 836 πέμψει
2795 763 2988 824 αὐτοὺς
3008 760 3144 832 πρὸς
3157 760 3374 831 διδαχὴν
3389 759 3566 830 ἡμῶν,
3588 761 3678 812 καὶ

2115 859 2506 931 πληροφορίαν,
2543 859 2633 911 καὶ
2669 847 3001 925 ἐπιστροφὴν
3044 853 3143 922 τῆς
3175 851 3268 904 τοῦ
3306 850 3678 920 ἀντικειμένου

2117 951 2430 1023 παρουσίας,
2444 944 2625 1012 καθὼς
2641 948 2748 1019 (49)
2769 947 2862 1000 καὶ
2905 947 2959 998 ὲν
2990 943 3160 1014 τούτῳ
3195 941 3392 1013 Δανιὴλ
3440 941 3676 1012 προῦπέ-

2113 1061 2267 1114 φηνε.
2295 1043 2457 1110 Λέγει
2473 1041 2576 1111 γάρ
2597 1057 2609 1069 ·
2630 1038 2921 1105 Διαθήκην
2945 1035 3197 1103 θήσομαι
3215 1034 3324 1104 (50)
3351 1031 3495 1103 μιᾶς
3519 1032 3676 1084 ἑϐδο-

2105 1132 2313 1202 μάδος,
2345 1132 2438 1185 καὶ
2467 1131 2535 1184 ἐν
2561 1129 2639 1195 τῷ
2667 1129 2865 1198 ἡμίσει
2891 1125 2994 1194 τῆς
3016 1125 3334 1194 ἑϐδομάδος
3354 1122 3676 1192 ἀρθήσεται

2106 1243 2224 1295 μου
2275 1224 2456 1280 θυσία
2502 1223 2600 1278 καί
2629 1219 2884 1286 σπονδή.
2921 1219 3065 1273 Μίαν
3095 1218 3201 1288 γὰρ
3225 1215 3497 1286 ἑϐδομάδα
3519 1255 3534 1278 ,
3574 1214 3677 1268 τῶν

2114 1317 2250 1370 ἐπτά
2296 1317 2431 1369 ἐτῶν
2463 1315 2557 1386 τὴν
2581 1315 2847 1380 ἀνάδειξιν
2877 1314 3148 1384 σημαίνει,
3177 1313 3318 1382 ἥπερ
3345 1313 3402 1362 ὲν
3435 1308 3676 1379 ὑστέρας

2112 1411 2320 1482 καιροῖς
2350 1411 2666 1479 γενήσεται·
2697 1409 2789 1460 καὶ
2819 1407 2877 1460 τὸ
2899 1409 3065 1478 ἣμισυ
3097 1405 3196 1475 τῆς
3228 1401 3554 1471 ἑϐδομάδος,
3587 1399 3676 1469 λή-

2110 1502 2366 1572 ψονταιοί
2389 1499 2479 1552 δύο
2511 1500 2784 1570 προφῆται
2820 1497 2957 1570 μετά
2999 1496 3277 1565 Ἰωάννου,
3306 1493 3401 1546 τοῦ
3446 1491 3674 1562 κηρῦξαι

2111 1589 2188 1650 είς
2223 1587 2312 1640 τὸν
2351 1587 2637 1657 σύμπαντα
2663 1587 2867 1658 κόσμον
2896 1583 3141 1656 περὶτοῦ
3179 1582 3550 1653 Ἀντιχρίστου
3585 1581 3677 1649 τὴν

2111 1679 2442 1749 παρουσίαν,
2487 1677 2629 1730 τοῦτ’
2653 1677 2798 1730 ἔστιν
2843 1676 3068 1745 ἡμέρας
3116 1675 3312 1744 χιλίας
3369 1672 3675 1736 διακοσίας

2110 1768 2419 1835 ἐξήκοντα,
2455 1769 2932 1838 περιϐεϐλημένοι
2971 1765 3268 1832 σάκκους·
3301 1765 3351 1818 οἳ
3383 1765 3482 1818 καὶ
3529 1765 3675 1834 ποιή-

445 1856 784 1926 iniquitatem
843 1867 896 1912 et
941 1859 1286 1929 impietatem.
1334 1862 1486 1926 Quod
1533 1864 1580 1916 si
1620 1864 1734 1934 quis
1777 1865 1898 1919 velit
1938 1867 2004 1922 eis

2118 1879 2266 1914 σουσι
2293 1865 2490 1934 σημεῖα
2524 1863 2616 1916 καὶ
2647 1861 2874 1933 τέρατα,
2909 1861 2988 1924 είς
3010 1860 3069 1913 τὸ
3097 1860 3198 1913 κᾶν
3223 1857 3396 1922 οὕτως
3430 1857 3674 1926 δυσωπῆ-

445 1963 646 2014 nocere,
671 1948 805 2018 ignis
833 1951 1123 2018 egredietur
1163 1966 1226 2004 ea:
1279 1968 1365 2005 ore
1393 1953 1658 2022 ipsorum,
1702 1964 1752 2008 et
1797 1957 2014 2012 devora-

446 2039 519 2096 bit
548 2040 717 2094 hostes
754 2055 954 2093 eorum.
1017 2039 1090 2093 Hi
1137 2049 1442 2110 potestatem
1492 2043 1680 2099 habent
1733 2047 2012 2104 claudendi

445 2136 669 2200 caelum,
717 2152 778 2190 ne
825 2131 971 2206 pluat
1019 2132 1208 2191 diebus
1255 2133 1520 2192 adventus
1566 2135 1923 2209 Antichristi;
1963 2151 2013 2196 et

445 2243 608 2296 aquas
652 2229 977 2282 convertendi
1009 2230 1064 2281 in
1096 2230 1431 2300 sanguinem,
1471 2247 1533 2284 ac
1560 2232 1880 2300 percutiendi
1908 2244 2012 2286 ter-

445 2335 564 2372 ram
593 2321 733 2373 omni
766 2321 923 2391 plaga
953 2323 1354 2392 quotiescunque
1383 2322 1636 2376 voluerint
1666 2323 1728 2374 “.
1769 2323 2013 2394 Cumque

443 2411 855 2480 praadicaverint
895 2413 1010 2467 haec
1048 2413 1251 2477 omnia,
1283 2415 1604 2468 occumbent
1638 2415 1816 2484 gladio
1847 2416 2013 2470 inter-

441 2502 568 2556 fecti
599 2519 631 2557 a
659 2503 894 2558 diabolo.
931 2503 995 2556 Et
1019 2503 1315 2572 implebunt
1346 2504 1715 2559 testimonium
1745 2521 1926 2569 suum,
1955 2516 2012 2561 ut

442 2592 621 2662 inquit
665 2595 828 2649 etiam
876 2594 1090 2649 Daniel:
1135 2595 1228 2664 qui
1269 2595 1512 2665 praevidit
1552 2595 1776 2651 bestiam
1822 2613 2012 2652 ascen-

441 2684 655 2740 dentem
685 2701 751 2739 ex
778 2686 974 2757 abysso
1008 2702 1130 2742 cum
1161 2687 1240 2742 eis
1266 2687 1462 2741 bellum
1495 2697 1789 2758 gesturum,
1824 2690 1874 2742 id
1904 2698 2006 2753 est,

442 2772 626 2830 Enoch
648 2818 663 2843 ,
699 2776 814 2832 Elia
849 2787 900 2832 et
926 2776 1166 2842 Joanne,
1196 2787 1249 2832 et
1269 2789 1550 2848 superatos
1575 2794 1670 2834 cos
1705 2779 2012 2834 interfectu-

441 2881 594 2933 ram,
639 2879 918 2938 propterea
957 2869 1101 2940 quod
1141 2870 1410 2925 noluerint
1451 2871 1678 2940 gloriam
1721 2871 1850 2926 dare
1891 2873 2010 2926 dia-

442 2958 586 3014 bolo.
637 2962 782 3016 lstud
823 2973 905 3016 est
952 2963 1205 3033 exiguum
1255 2977 1454 3026 cornu,
1490 2965 1632 3034 quod
1679 2964 2005 3034 emcrgcbat.

442 3049 578 3104 Nam
608 3052 972 3108 Antichristus
1002 3053 1176 3108 elatus
1213 3055 1373 3109 corde
1399 3063 1586 3125 postea
1617 3054 1836 3124 incipiet
1861 3056 2009 3110 exal-

2114 1971 2203 2006 σαι
2246 1955 2337 2007 καὶ
2364 1953 2472 2025 (51)
2507 1953 2828 2024 ἐπιστρέψαι
2854 1955 2979 2017 τοὺς
3011 1951 3325 2024 ἀνθρώπους
3346 1951 3487 2021 πρὸς
3523 1950 3675 2020 μετά-

2110 2064 2278 2113 νοιαν,
2305 2047 2390 2100 διὰ
2413 2047 2510 2119 τὴν
2534 2047 2969 2118 ὑπερϐάλλουσαν
2991 2045 3167 2098 αὐτῶν
3187 2043 3413 2114 ἀνομίαν
3436 2043 3535 2096 καὶ
3557 2041 3674 2094 ἀσέ·

2110 2142 2282 2198 ϐειαν.
2307 2142 2413 2196 Καὶ
2439 2142 2494 2193 εἷ
2516 2159 2601 2206 τις
2613 2141 2769 2196 θέλει
2793 2138 3011 2205 αὐτοὺς
3039 2136 3343 2204 ἀδικῆσαι,
3365 2135 3487 2203 πῦρ
3513 2135 3677 2187 ἐκπο-

2103 2235 2380 2300 ρεύσεται
2421 2233 2486 2285 ἐκ
2528 2232 2630 2285 τοῦ
2669 2233 2962 2300 στόματος
2989 2227 3202 2291 αὐτῶν,
3241 2227 3340 2280 καὶ
3377 2226 3670 2280 κατεσθίει

2113 2324 2220 2395 (52)
2262 2323 2401 2388 τοὺς
2446 2323 2697 2392 ἐχθροὺς
2745 2321 2958 2376 αὐτῶν.
3008 2316 3180 2376 Οὗτοι
3217 2320 3474 2388 ἔχουσιν
3515 2316 3674 2380 ἐξου-

2109 2417 2254 2468 σίαν
2301 2413 2534 2468 κλεῖσαι
2580 2413 2686 2466 τὸν
2722 2412 3010 2481 οὐρανὸν,
3047 2413 3148 2465 ἵνα
3171 2410 3256 2479 μὴ
3289 2409 3469 2464 ὑετὸν
3489 2407 3674 2476 βρέξῃ

2108 2505 2206 2569 τας
2241 2505 2450 2575 ἡμέρας
2494 2504 2592 2573 τῆς
2639 2503 2936 2573 παρουσίας
2975 2500 3069 2554 τοῦ
3128 2501 3530 2570 Ἀντιχρίστου,
3583 2497 3669 2550 καί

2107 2597 2178 2651 τὰ
2221 2596 2406 2648 ὕδατα
2437 2595 2690 2665 στρέψαι
2715 2597 2802 2660 εἰς
2825 2589 2986 2662 αἷμα,
3021 2592 3119 2646 καὶ
3148 2591 3406 2656 πατάξαι
3433 2591 3546 2658 (55)
3571 2589 3674 2652 τὴν

2109 2686 2222 2758 γῆν
2249 2687 2316 2740 ἐν
2356 2684 2520 2752 πάσῃ
2561 2685 2783 2756 πληγῇ,
2825 2685 3035 2751 ὁσάκις
3075 2685 3152 2738 ἂν
3196 2684 3306 2755 (54)
3350 2682 3667 2746 θελήσωσι.

2107 2779 2219 2833 Καὶ
2247 2781 2374 2832 ὅταν
2407 2777 2680 2849 κηρύξωσι
2711 2777 2881 2833 ταῦτα
2913 2780 3107 2842 πάντα,
3134 2779 3283 2850 παρὰ
3309 2777 3401 2830 τοῦ
3433 2776 3672 2828 διαϐόλου

2107 2874 2166 2927 ὲν
2204 2873 2442 2944 ῥομφαίᾳ
2475 2873 2782 2927 πεσοῦνται.
2813 2873 2923 2926 Καὶ
2968 2870 3315 2942 πληρώσουσι
3342 2869 3439 2940 τὴν
3476 2885 3672 2939 μαρτυ-

2111 2964 2229 3040 ρίαν
2274 2963 2472 3026 αὑτῶν,
2525 2962 2705 3028 καθώς
2755 2980 2886 3034 φησι
2931 2964 3024 3016 καὶ
3074 2961 3230 3014 τοῦτο
3285 2959 3484 3029 Δανιὴλ
3535 2959 3670 3027 (55),

2108 3054 2471 3140 προεωρακὼς
2495 3055 2657 3108 ὅτιτὸ
2685 3053 2869 3126 θηρίον
2891 3053 2951 3106 τὺ
2979 3051 3266 3106 ἀναϐαῖνον
3294 3053 3356 3103 ἐκ
3387 3050 3490 3119 τῆς
3520 3049 3674 3102 ἀϐύσ-

443 3149 556 3196 tare
593 3142 826 3212 scipsum
863 3151 917 3198 et
958 3143 1257 3214 gloriﬁcare
1285 3155 1540 3217 tanquam
1582 3146 1749 3202 Deum
1772 3189 1786 3214 ,
1827 3162 2004 3216 perse-

2111 3167 2202 3204 σου
2236 3149 2447 3220 ποιήσει
2482 3148 2599 3217 μετ’
2629 3146 2804 3200 αὐτῶν
2826 3145 3079 3215 πόλεμον,
3111 3145 3296 3215 ἤγουν,
3324 3142 3460 3212 μετά
3491 3141 3670 3209 Ἑνὼχ.

441 3241 659 3295 cultione
716 3249 964 3305 sanctos,
1014 3250 1067 3296 et
1130 3241 1465 3312 blasphemia
1511 3244 1786 3301 Christum
1827 3243 2005 3299 inces-

442 3346 587 3385 SCIIS.

2123 3241 2298 3303 Ἠλία,
2332 3240 2426 3294 καὶ
2462 3239 2726 3302 Ἰωάννου,
2769 3239 2863 3291 καὶ
2906 3237 3116 3308 νικήσει
3157 3235 3356 3297 αὐτοὺς
3379 3274 3394 3297 ,
3426 3234 3523 3286 καὶ
3551 3235 3671 3284 ἀπο-

2111 3334 2288 3386 κτενεῖ
2311 3333 2525 3396 αὐτοὺς,
2557 3331 2642 3385 διὰ
2679 3331 2737 3384 τὸ
2772 3331 2844 3402 μὴ
2879 3330 3049 3382 θέλειν
3081 3329 3274 3390 αὐτοὺς
3314 3326 3470 3390 δόξαν
3499 3326 3676 3378 δοῦναι

441 3423 518 3494 τῷ
547 3423 794 3493 διαϐόλῳ·
825 3424 966 3478 τοῦτ’
995 3425 1127 3488 ἔστι,
1159 3427 1218 3480 τὸ
1243 3429 1510 3496 ἀναφανὲν
1535 3427 1644 3500 (56)
1680 3428 1871 3499 μικρὸν
1899 3427 2083 3499 κέρας.
2114 3429 2208 3492 Ὃς
2231 3427 2487 3499 ἐπαρθεὶς
2506 3429 2569 3498 τῇ
2600 3426 2815 3498 καρδίᾳ,
2841 3426 3023 3479 λοιπὸν
3041 3427 3260 3496 ἄρχεται
3291 3423 3483 3476 ἑαυτὸν
3514 3421 3671 3490 ὑψοῦν

441 3518 536 3571 καὶ
562 3515 801 3579 δοξάζειν
829 3517 902 3579 ὡς
929 3516 1078 3581 Θεὸν,
1111 3517 1317 3571 διώκων
1338 3521 1463 3582 τοὺς
1492 3518 1696 3588 ἁγίους,
1719 3519 1812 3571 κα)⁸
1842 3515 2174 3588 βλασφημῶν
2200 3517 2289 3570 τὸν
2325 3516 2552 3586 Χριστόν
2579 3515 2710 3587 (57).

515 3609 677 3664 XXII.
707 3610 903 3664 Verum
953 3613 1079 3680 quia
1115 3614 1444 3668 narrationis
1494 3614 1662 3670 series
1698 3612 2005 3668 necessario

443 3716 546 3756 nos
573 3702 795 3756 deduxit
829 3702 892 3756 ad
929 3702 1045 3756 dies
1081 3705 1231 3774 regni
1276 3706 1574 3760 adversarii
1615 3705 1796 3772 illius,
1830 3705 2005 3775 primo

443 3794 695 3850 nativitas
736 3794 853 3864 ejus
885 3803 967 3850 est
1007 3797 1320 3866 exponenda
1365 3808 1527 3868 atque
1578 3798 2002 3865 incrementum;

443 3894 556 3939 tum
599 3899 806 3953 sermo,
833 3894 892 3940 ut
929 3898 1084 3940 antea
1129 3887 1389 3952 diximus,
1433 3887 1779 3944 deducendus
1809 3889 1874 3942 ad
1907 3904 2005 3942 εις

441 3974 746 4044 plicandum
781 3989 890 4044 quo
942 3987 1097 4044 pacto
1139 3991 1232 4046 per
1265 3977 1444 4030 omnia
1494 3977 1743 4032 diabolus
1774 3986 1828 4030 et
1858 3977 2000 4032 {ilius

442 4064 741 4134 iniquitatis
767 4065 836 4119 sit
869 4063 1134 4120 Salvatori
1170 4076 1354 4121 nostro
1382 4083 1440 4122 se
1477 4079 1876 4138 exrequaturus.
1909 4067 2001 4123 Sic

441 4157 585 4210 enim
613 4172 712 4211 nos
745 4156 902 4211 docet
935 4157 1344 4214 demonstratio.
1369 4160 1503 4214 Cum
1541 4159 1788 4214 Salvator
1813 4161 1999 4215 mundi

442 4263 611 4317 genus
641 4248 938 4303 humanum
985 4250 1193 4307 salvare
1237 4253 1581 4318 decrevisset,
1616 4267 1682 4306 ex
1729 4253 1999 4307 immacu-

441 4339 549 4392 lata
583 4340 786 4410 virgine
823 4339 986 4394 Maria
1027 4355 1186 4398 natus
1239 4355 1340 4412 est,
1385 4356 1439 4400 et
1494 4347 1548 4400 in
1597 4347 1770 4417 ﬁgura
1816 4346 1997 4402 carnis

509 4476 556 4509 “
582 4475 717 4530 Dan.
748 4491 823 4543 Ix,
849 4475 937 4528 27.
1014 4477 1058 4508 ⁸⁵
1082 4476 1249 4547 Apoc.
1283 4494 1335 4532 xu
1361 4518 1377 4545 ,
1405 4481 1458 4536 5.
1532 4482 1576 4513 ⁸⁸
1596 4480 1729 4536 Ibid.
1763 4483 1816 4546 5,
1849 4481 1900 4536 6.

2172 3613 2338 3666 XXII.
2375 3612 2510 3664 Ἀλλ’
2542 3612 2727 3682 ἐπειδὴ
2758 3610 2893 3682 πρὸς
2921 3609 3012 3663 τὸν
3039 3610 3224 3680 εἱρμὸν
3251 3609 3351 3678 τῆς
3372 3607 3672 3678 διηγήσεως

2102 3703 2526 3776 ἠναγκάσθημεν
2572 3703 2744 3756 ἐλθεῖν
2776 3705 2866 3756 ἐπὶ
2896 3701 2994 3766 τάς
3025 3703 3237 3773 ἡμέρας
3277 3704 3378 3774 τῆς
3402 3704 3671 3773 βασιλείας

2102 3797 2196 3850 τοῦ
2243 3795 2617 3865 ἀντικειμένου
2639 3834 2654 3858 ,
2687 3795 2976 3862 ἀναγκαῖόν
3008 3793 3151 3846 ἐστιν
3193 3793 3304 3864 (58)
3331 3796 3507 3848 εἰπεῖν
3530 3796 3676 3867 πρῶ-

2103 3905 2195 3942 τον
2223 3887 2293 3941 τά
2321 3888 2447 3959 περὶ
2475 3888 2573 3958 τῆς
2601 3888 2904 3958 γεννήσεως
2933 3885 3098 3939 αὑτοῦ
3131 3888 3223 3940 καὶ
3250 3887 3552 3957 αὐξήσεως·
3582 3889 3673 3940 καὶ

2105 3980 2225 4034 τότε
2260 3980 2352 4032 ἐπὶ
2381 3979 2477 4050 τὴν
2523 3979 2770 4051 διήγησιν
2816 3977 3018 4048 ταύτην
3060 3982 3404 4050 παραγαγεῖν
3447 3979 3558 4049 (59)
3586 3981 3672 4030 τὸν

2105 4071 2280 4139 λόγον,
2315 4070 2496 4135 καθὼς
2542 4071 2894 4142 προείπομεν,
2935 4071 3016 4123 ὅτι
3045 4072 3124 4133 εἰς
3159 4071 3338 4124 πάντα
3364 4071 3670 4135 ἐξισοῦσθαι

2109 4162 2288 4233 μέλλει
2319 4161 2426 4233 (60)
2457 4161 2532 4232 τῷ
2563 4161 2774 4232 Σωτῆρι
2802 4161 2956 4230 ἡμῶν
2982 4162 3010 4213 ὁ
3036 4161 3276 4224 διάϐολος
3311 4163 3407 4215 καὶ
3436 4163 3550 4224 υἱὸς
3576 4162 3672 4230 τῆς

2103 4255 2351 4326 ἀνομίας·
2385 4254 2554 4318 οὕτως
2585 4255 2678 4307 καὶ
2706 4253 2858 4319 δηλοῖ
2885 4255 3015 4324 ἡμῖν
3055 4256 3088 4324 ἡ
3117 4253 3411 4320 ἀπόδειξις.
3454 4254 3672 4324 Ἐπειδὴ

2103 4348 2132 4399 ὁ
2160 4347 2346 4418 Σωτὴρ
2367 4345 2460 4400 τοῦ
2492 4347 2717 4418 κόσμου,
2733 4345 3048 4417 βουλόμενος
3070 4346 3129 4399 τὸ
3149 4346 3302 4414 γένος
3328 4347 3440 4400 τῶν
3462 4345 3674 4418 ἀνθ

441 4593 652 4674 {tilia/1.8.,
689 4608 741 4674 p_.
793 4593 856 4674 2i
878 4633 891 4654 ,
931 4592 1017 4674 dc.
1043 4593 1298 4674 Epochq:
1325 4589 1493 4674 Οὗτός
1523 4599 1665 4674 ἐστιν
1695 4599 1723 4650 ὀ
1773 4599 2002 4674 ἄμα-τῷ

2153 4599 2290 4674 ,(48)
2324 4598 2365 4651 Β
2392 4638 2408 4664 ,
2451 4599 2567 4666 πῶς
2619 4601 2834 4674 κήδεται
2885 4601 2978 4655 καὶ
3031 4599 3170 4654 ἐλεεῖ
3206 4597 3317 4654 τῶν
3362 4597 3567 4670 βροτῶν
3611 4598 3674 4652 τὸ

453 4663 606 4739 Ἠλία
631 4664 687 4715 ἐν
721 4664 973 4739 ἐσχάταις
995 4665 1224 4739 ἡμέραις
1243 4666 1756 4739 ἀντικαθιστάμενος
1775 4663 1852 4739 τῷ
1883 4663 2000 4722 Ἀνί-

439 4733 728 4809 τιχρίστῳ,
763 4733 856 4809 καὶ
878 4733 1116 4809 ἐλέγχων
1149 4736 1244 4806 τὴν
1275 4737 1486 4809 πλάνην
1523 4733 1683 4809 αὑτοῦ
1731 4733 1868 4792 κατά
1900 4742 1998 4809 τὴν

440 4802 890 4875 τῆςίἙκκλησίας
912 4802 1228 4875 παράδοσιν.
1273 4807 1416 4860 Idem
1443 4802 1616 4861 'habet
1654 4809 1876 4862 Cosmas
1912 4802 1998 4861 1ιί-

440 4874 829 4945 dopleustesp.
861 4874 1117 4945 213,229
1147 4886 1199 4928 ct
1232 4875 1354 4930 258.
1389 4877 1458 4930 At
1485 4878 1642 4945 paulo
1678 4879 1995 4935 insolentius

442 4953 546 5006 est,
570 4944 712 5011 quod
743 4942 1055 5020 de_.l_oan_ne
1095 4942 1714 5020 evangelistaredituro
1737 4948 1995 5020 Hippoly-

443 5022 532 5068 tus
563 5022 747 5066 noster
775 5014 940 5066 addit.
969 5013 1170 5068 Tamen
1215 5013 1375 5070 etiam
1419 5017 1546 5070 illud
1585 5013 1868 5072 traditione
1897 5013 1996 5073 an-

445 5084 593 5157 tiqua
623 5082 988 5157 ecclesiastica
1026 5084 1143 5150 niti,
1173 5096 1388 5157 propter
1417 5087 1490 5140 ita
1531 5097 1808 5157 acceptum
1837 5088 2002 5142 Chri-

443 5151 519 5206 sti
559 5151 859 5206 Servatoris
909 5155 1111 5210 dictum
1140 5151 1368 5220 (John.
1427 5173 1516 5211 xxx
1543 5199 1558 5220 ,
1598 5151 1704 5221 22',
1770 5154 2000 5213 testatur

442 5223 689 5292 Ephraem
731 5222 1099 5277 Antiochenus
1150 5226 1289 5292 apud
1343 5225 1594 5280 Photium
1625 5227 1996 5283 cod.ccxx1x:

443 5292 567 5368 ξρτι
607 5291 661 5345 δὲ
707 5292 980 5368 περίεστιν
999 5295 1038 5368 ’ό
1081 5291 1343 5368 παρθένος
1387 5296 1658 5368 Ἰωάννης,
1698 5297 1884 5368 ῶσπερ
1910 5299 2000 5351 τὸν

453 5360 623 5438 Ἑνὼχ
658 5363 749 5438 καὶ
764 5360 870 5438 τὸν.
896 5363 1098 5438 ᾘλίαν,
1127 5360 1418 5438 παράδοσις
1443 5360 1723 5438 μαρτυρεῖ,
1747 5360 1888 5420 οὓτὼ
1907 5371 2000 5422 καὶ

441 5430 793 5508 τοῦτονηιίαὶ
825 5430 884 5508 τὸ
905 5434 1105 5508 ὲνῂτοξς
1134 5430 1484 5508 Εὑὰγγελίοις
1517 5430 1574 5490 δὲ
1613 5430 1894 5508 εἰρημένον
1921 5441 2000 5503 είς

440 5501 531 5578 τδν
549 5501 718 5578 aut-iw
748 5503 892 5578 ᾐμᾶς
909 5501 1030 5557 νοῦν
1047 5501 1265 5578 Quae]
1284 5501 1301 5556 ,⁷
1333 5546 1353 5578 ,ν
1391 5507 1451 5559 οὐ
1485 5509 1591 5578 γάρ
1621 5501 1704 5578 τίς
1719 5501 1992 5563 ’ἀθάνατον

443 5570 602 5650 uti-fin;
633 5567 999 5650 εἶναι”φησιν,
1034 5573 1166 5650 ἀλλά
1201 5573 1472 5650 διαμένειν
1495 5567 1653 5650 ’μὲτά
1685 5567 1868 5650 ”Ενὼχ
1897 5581 1994 5650 καὶ

456 5639 611 5724 Elida
642 5641 801 5724 μέχρι
823 5639 928 5724 τῆς
947 5639 1333 5724 δευτέραςοτοιξ
1369 5639 1651 5724 Δεσπότου-
1674 5639 1988 5724 παρουσίας.

444 5707 670 5791 Videtur
693 5707 1021 5792 etiam_'ltuic
1061 5707 1334 5792 traditioni
1372 5717 1653 5792 suffragari
1678 5707 1992 5792 Hippolytus

445 5779 710 5848 genuinus
734 5781 912 5838 libello
954 5783 1029 5838 De
1060 5784 1402 5854 Antichristo,
1433 5802 1480 5843 c.
1515 5779 1601 5845 δῖ).

2141 4671 2274 4724 ένος.

2103 4687 2282 4808 γεῖῗθ)
2317 4738 2707 4813 ξίμαθῲςηφησὶ,
2737 4741 2937 4813 Δανιὴλ
2967 4739 3338 4810 καθυπέφηνε,
3368 4739 3562 4794 id.ms.

2318 4807 2419 4882 Id.,
2444 4807 2786 4882 διαθήσομαι.

2171 4877 2283 4946 (51)
2318 4877 2373 4932 1η
2398 4896 2503 4934 ms.
2525 4877 2596 4945 Β,
2619 4877 2814 4934 desunt
2842 4881 3004 4936 verba
3030 4877 3350 4949 δυσωπῆσαι
3383 4878 3492 4933 καί.

2172 4949 2282 5018 (59.)
2313 4949 2420 5002 Καὶ
2449 4951 2755 5012 κατακαίει,
2785 4951 2858 5006 id.

2173 5021 2287 5090 (55)
2318 5019 2639 5090 Πατάξουσι,
2674 5021 2732 5075 Β.

2172 5087 2284 5160 (54)
2313 5088 2396 5160 Ad.
2427 5087 2536 5144 Pici
2565 5091 2756 5154 codex,
2791 5089 2865 5154 ὡς
2893 5090 3010 5144 ὲάν.
3043 5088 3216 5143 Etiam
3242 5089 3304 5143 Β.
3333 5089 3408 5150 ὼς
3435 5091 3520 5143 ἀν.

2171 5159 2283 5229 (55)
2321 5159 2524 5229 Textus
2564 5160 2637 5213 ibi
2668 5161 2906 5229 loquitur
2939 5164 3004 5216 de
3048 5160 3264 5214 duobus
3304 5161 3473 5214 solum
3510 5162 3674 5212 testi-

2101 5227 2220 5354 btus.
2254 5227 2311 5284 In
2346 5244 2449 5283 ms.
2482 5227 2524 5281 Β
2577 5240 2658 5286 est
2686 5251 2698 5285 :
2728 5227 2909 5295 καθὼς
2936 5231 3029 5284 καὶ
3063 5230 3222 5284 τοῦτο
3247 5231 3276 5284 ὁ
3305 5229 3498 5300 Δανιὴλ
3531 5247 3674 5302 προ-

2101 5319 2124 5354 ε
2152 5318 2267 5354 πεν.

2098 5318 2267 5356 ειπεν.

2171 5372 2282 5440 (56)
2315 5370 2396 5440 Al.
2434 5367 2544 5440 Pici
2575 5369 2764 5432 codex,
2792 5369 3048 5439 ἁναφυέν.

2171 5438 2282 5510 (57)
2307 5439 2407 5512 his.
2554 5441 2748 5512 ei;th
2777 5438 3026 5512 Χριστόν.

2169 5505 2282 5580 (58)
2312 5511 2394 5563 Al.
2424 5509 2534 5563 Pici
2563 5511 2750 5572 codex,
2779 5505 3072 5580 ἀναγκαῖον
3093 5505 3186 5565 οὗν
3214 5511 3380 5565 ἐστιν.

2169 5579 2281 5662 (€593
2304 5581 2413 5662 ᾼὲον
2439 5579 2777 5662 repetere:
2809 5579 2905 5662 Bg
2923 5582 3231 5662 παεράεγαῖε-

2098 5722 2117 5774 )
2162 5653 2280 5775 ἔδυ)
2310 5651 2410 5717 Id.,
2440 5650 2580 5705 θέλει
2616 5650 2694 5722 τῷ
2721 5652 2931 5726 Σωτῆρι
3159 5655 3188 5708 ὸ
3217 5652 3331 5719 υἱὸς
3369 5652 3460 5724 τῆς
3508 5655 3680 5709 ἀπω.

2117 5740 2152 5775 ιε
2180 5739 2261 5775 ας.

2117 5739 2261 5787 ,ειας.
