3862 6538
197 410 303 466 0‘25

1116 414 1386 470 SPCRlA.
1427 445 1496 454 —
1536 411 1620 467 DE
1663 412 2247 469 CUNSUMMATIONE
2282 410 2519 470 MUNDI.

3325 410 3429 463 U26

195 545 317 582 πων
331 528 524 594 σῶσαι,
541 530 603 583 ἑκ
616 530 713 602 τῆς
745 530 1011 604 ἀχράντου
1033 533 1125 586 καὶ
1139 533 1412 602 Παρθένου
1432 532 1539 605 (61)
1559 535 1747 606 Μαρία

1876 533 2083 590 hostem
2124 534 2481 597 conculcavit,
2509 546 2621 588 sum
2648 530 2946 585 divinitatis
2990 529 3207 600 propria
3239 540 3428 601 poten-

196 621 415 692 ἐτέχθη,
451 623 544 676 καὶ
581 624 638 676 ὲν
678 625 913 694 σχήματι
943 625 1147 697 σαρκὸς
1182 628 1271 679 τὸν
1310 626 1501 697 ἐχθρὸν
1530 628 1764 680 κατεπά-

196 729 383 782 τησεν,
412 716 469 766 ἐν
513 714 617 785 ἰδία
644 714 866 785 δυνάμει
896 717 993 786 τῆς
1025 716 1186 770 αὐτοῦ
1234 716 1483 788 θεότητος
1516 717 1645 787 (62)·
1677 716 1768 770 τὸν

196 804 361 858 αὐτὸν
392 807 589 878 τρόπον
613 809 704 860 καὶ
731 811 759 860 ὁ
785 808 1027 873 διάϐολος
1057 811 1119 862 ὲκ
1152 812 1352 882 μιαρᾶς
1379 811 1634 878 γυναικὸς
1660 811 1768 873 ἑξε-

198 897 449 951 λεύσεται
480 898 572 952 ἐπὶ
608 901 707 970 τῆς
733 900 851 969 γῆς·
879 900 1125 955 τίκτεκαι
1154 902 1209 956 δὲ
1238 904 1294 955 ὲν
1325 903 1498 974 πλάνῃ
1530 904 1593 955 ὲκ
1628 920 1769 973 παρ-

199 988 354 1043 θένου
386 990 516 1059 (65).
560 990 618 1043 '0
645 991 749 1063 γάρ
779 992 911 1056 Θεὸς
956 993 1110 1063 ήμῶν
1164 995 1437 1065 σαρκικῶς
1480 997 1608 1066 ἡμῖν
1657 994 1765 1068 (64)

200 1081 511 1151 ἐπεδήμησε
542 1081 682 1135 κατὰ
708 1084 805 1154 τὴν
841 1085 1017 1154 σάρκα
1046 1085 1143 1157 τὴν
1173 1086 1466 1158 ἡμετέραν,
1493 1088 1559 1155 ἢν
1606 1088 1765 1151 αὐτὸς

199 1172 425 1243 ἐποίησε
472 1173 547 1244 τῷ
595 1173 761 1244 Ἀδὰμ
807 1176 899 1228 καὶ
938 1177 1072 1228 πᾶσι
1115 1180 1228 1241 τοῖς
1277 1177 1333 1243 ἐξ
1378 1178 1565 1249 Ἀδάμ,
1600 1181 1767 1250 χωρὶς

201 1263 492 1335 ἁμαρτίαςο
517 1268 545 1318 ό
565 1265 621 1318 δὲ
654 1264 895 1329 διάϐολος
923 1268 969 1320 εί
999 1267 1092 1319 καὶ
1121 1269 1295 1339 σάρκα
1326 1268 1601 1334 ἀναλάϐοι,
1632 1270 1765 1322 ἀλλά

196 1353 372 1408 ταῦτα
418 1357 474 1409 ὲν
520 1356 733 1427 δοκήσει
772 1357 915 1429 (65)°
962 1358 1078 1421 πῶς
1128 1358 1236 1428 γὰρ
1287 1359 1353 1429 ἢν
1403 1360 1502 1412 οὐκ
1543 1360 1764 1430 ἐποίησε

198 1446 403 1512 σάρκα,
433 1446 567 1500 ἀλλά
602 1449 697 1500 καὶ
741 1449 965 1518 πολεμεῖ
997 1448 1116 1501 καθ’
1150 1450 1404 1519 ἑκάστην,
1438 1451 1639 1521 ταύτην
1671 1468 1766 1519 φο-

198 1536 408 1607 ρέσειεν
434 1536 573 1608 (66);
603 1538 805 1609 ταύτην
848 1539 904 1592 δὲ
947 1534 1121 1609 οἶμαι,
1159 1541 1525 1611 ἠγαπημένοι,
1569 1559 1767 1611 φαντα-

196 1625 385 1697 στικὴν
415 1627 512 1697 τῆς
545 1629 743 1699 σαρκὸς
788 1629 951 1683 αὑτοῦ
993 1632 1178 1685 οὐσίαν
1220 1632 1553 1703 ἀναλήψεται
1598 1624 1765 1702 ὄργα-

190 1734 317 1769 νονο
363 1717 451 1771 διὰ
494 1718 651 1772 τοῦτο
688 1720 781 1772 καὶ
836 1722 899 1774 ἐκ
949 1721 1213 1793 παρθένου
1258 1723 1529 1788 τίκτεται,
1578 1724 1764 1797 ὥσπερ

190 1806 433 1878 πνεῦμα,
468 1808 561 1862 καὶ
608 1809 743 1881 σὰρξ
779 1802 889 1875 τοῖς
926 1812 1133 1877 λοιποῖς
1164 1813 1269 1883 (67)
1305 1813 1763 1885 ὲμφανισθήσεται

1871 627 1965 680 tia.
1999 626 2078 679 Ad
2112 626 2360 680 eumdem
2395 624 2615 678 modum
2656 623 2818 678 etiam
2849 623 3095 678 diabolus
3121 639 3186 677 ex
3217 624 3425 693 impura

1866 719 2095 772 muliere
2138 717 2373 787 prodibit
2420 733 2584 785 super
2624 727 2820 771 terram
2856 758 2868 770 .
2901 716 2993 770 scd
3026 716 3159 771 falso
3188 716 3427 772 nascitur

1866 822 1932 863 ex
1965 808 2193 877 virgine.
2229 808 2436 862 Etenim
2483 807 2624 862 Deus
2669 817 2852 862 noster
2898 808 2949 860 in
2989 823 3151 862 carne
3179 818 3427 864 versatus

1866 908 1950 954 est
1978 900 2284 963 nobiscum,
2335 907 2536 953 nostrae
2570 914 2678 953 non
2711 899 2934 968 dispari.
2967 916 3128 968 quam
3164 901 3275 969 ipsc
3300 900 3427 956 fecit

1865 991 2094 1056 Adamo,
2131 990 2471 1059 posterisque
2500 991 2617 1059 ejus
2652 991 2924 1055 omnibus,
2956 992 3158 1061 absque
3184 1002 3421 1060 peccato.

1869 1080 1973 1135 Sed
2006 1082 2258 1135 diabolus
2306 1080 2431 1133 licet
2482 1095 2697 1133 carnem
2751 1089 3013 1145 assumat,
3044 1081 3144 1134 hoc
3173 1081 3426 1149 opinione

1866 1178 2101 1226 tantum.
2136 1169 2241 1237 Qui
2284 1169 2427 1224 enim
2477 1185 2692 1223 carnem
2730 1169 2923 1235 ferret,
2953 1186 3113 1239 quam
3165 1172 3281 1240 ipse
3315 1188 3421 1226 non

1866 1263 2127 1327 condidit,
2185 1263 2278 1318 sed
2335 1272 2609 1332 oppugnat
2655 1263 2936 1332 quotidie?
2983 1262 3150 1327 Hanc,
3205 1264 3421 1331 opinor.

1865 1354 2067 1415 dilecti,
2102 1353 2281 1407 carnis
2310 1368 2423 1407 sua:
2452 1351 2806 1406 substantiam
2836 1351 3232 1419 phantasticam
3268 1366 3425 1405 assu-

1865 1444 1960 1497 mit
1997 1444 2185 1514 organi
2222 1444 2358 1497 vice.
2391 1442 2675 1511 Propterea
2713 1444 2900 1496 edetur
2923 1457 2987 1495 ex
3018 1444 3226 1511 virgine
3258 1442 3421 1497 veluti

1865 1536 2090 1605 spiritus
2122 1555 2135 1589 :
2166 1536 2257 1605 qui
2293 1536 2507 1604 quidem
2542 1547 2668 1588 tunc
2706 1533 2925 1602 reliquis
2966 1535 3244 1603 apparebit
3273 1550 3419 1590 caro.

1863 1627 1997 1682 Nam
2031 1628 2295 1697 virginem
2335 1627 2606 1696 peperisse
2636 1625 2805 1679 solam
2834 1626 3237 1679 sanctissimam
3271 1627 3423 1679 novi-

1863 1735 1985 1773 mus
2027 1734 2040 1771 :
2084 1733 2204 1787 qure
2247 1718 2587 1785 carnigerum
2649 1732 2773 1770 vere
2824 1718 3008 1787 genuit
3065 1717 3419 1773 Salvatorem.

1866 1811 2142 1881 Siquidem
2174 1810 2382 1881 Moyses
2406 1812 2481 1863 ait
2505 1827 2516 1860 :
2547 1808 2709 1864 Omne
2738 1810 3085 1863 masculinum
3114 1810 3423 1879 adaperiam

185 1898 335 1951 τότε*
370 1898 429 1951 τὸ
460 1900 567 1972 γὰρ
613 1901 876 1972 παρθένον
914 1907 1112 1969 τεκεῖν,
1152 1905 1320 1976 μόνην
1358 1907 1458 1975 τὴν
1492 1907 1747 1975 παναγίαι

1862 1901 2098 1965 vulvam,
2150 1909 2388 1953 sanctum
2434 1899 2657 1951 Domino
2705 1901 2975 1952 vocabitur
3003 1900 3064 1952 ⁸⁷.
3099 1899 3194 1954 llic
3241 1910 3421 1956 autem

186 1989 468 2059 ἔγνωμεν,
503 1992 839 2064 σαρκοφόρον
872 1994 1122 2058 ἀπλανῶς
1156 1994 1268 2066 (68)
1307 1998 1639 2067 γεννήσαντα
1670 1998 1758 2051 τὸν

183 2082 436 2153 Σωτῆρα.
453 2084 606 2136 Ἐπεὶ
636 2086 877 2156 Μωῦσῆς
903 2086 1066 2155 λέγει’
1091 2087 1219 2142 Πᾶν
1243 2088 1430 2156 ἄρσεν
1459 2088 1758 2159 διανοῖγον

175 2171 433 2240 μήτραν,
455 2173 625 2243 ἅγιον
650 2174 729 2240 τῷ
753 2178 945 2244 Κυρίῳ
975 2177 1336 2245 κληθήσεται
1375 2177 1504 2249 (69).
1542 2177 1616 2230 Οὐ
1653 2177 1757 2248 μὴν

178 2264 455 2335 οὐδαμῶς,
491 2266 603 2318 ἀλλ’
636 2265 824 2339 ῶσπερ
854 2269 882 2320 ό
914 2270 1103 2340 ἐχθρὸς
1147 2270 1207 2323 οὐ
1240 2270 1491 2335 διανοίξει
1525 2272 1756 2341 μήτραν,

177 2354 357 2419 οὕτως
385 2357 506 2409 οὐδὲ
533 2357 711 2429 σάρκα
741 2360 943 2432 τρανὴν
975 2360 1335 2431 ἀναλήψεται,
1371 2363 1464 2416 καὶ
1492 2378 1760 2432 περιτμη-

176 2444 429 2516 θήσεται,
453 2448 635 2513 καθὼς
658 2452 751 2503 καὶ
778 2452 805 2502 ό
832 2452 1063 2522 Χριστὸς
1096 2453 1456 2525 περιετμήθη.
1481 2453 1591 2507 Καὶ
1620 2452 1756 2505 καθ-

1864 2007 2229 2063 nequaquam.
2262 1989 2364 2045 Sed
2394 1991 2848 2060 quemadmodum
2879 1991 3050 2045 hostis
3078 2006 3184 2045 non
3223 1994 3424 2063 aperiet

1856 2086 2103 2149 vulvam',
2135 2084 2209 2137 ita
2241 2099 2341 2138 nec
2385 2097 2605 2137 carnem
2649 2098 2831 2137 veram
2883 2093 3157 2149 assumet,
3186 2095 3277 2139 aut
3310 2087 3420 2141 cir-

1856 2176 2210 2241 cumcidetur,
2245 2184 2305 2229 ut
2336 2183 2389 2229 et
2430 2174 2784 2229 circumcisus
2816 2184 2898 2229 est
2925 2173 3193 2231 Christus.
3225 2175 3290 2231 Et
3317 2178 3423 2232 sic-

1857 2265 1935 2319 uti
1984 2263 2235 2317 Christus
2285 2263 2444 2332 elegit
2495 2263 2798 2331 apostolos,
2867 2262 2946 2317 sic
3008 2263 3096 2319 ille
3151 2265 3417 2335 integrum

1856 2356 2116 2427 populum
2160 2355 2457 2425 discipulos
2505 2354 2607 2410 sibi
2660 2354 2888 2409 asciscct
2931 2356 3171 2426 nequitia
3217 2358 3298 2411 sui
3346 2359 3419 2412 si-

1857 2448 2033 2503 miles.
2574 2480 2615 2533 δ

174 2540 253 2606 ὼς
298 2545 327 2595 ὁ
365 2545 597 2615 Χριστὸς
672 2548 797 2610 τοὺς
846 2549 1172 2613 ἀποστόλους
1238 2550 1547 2617 ἐξελέξατο,
1608 2549 1780 2611 οὕτως
1834 2546 1927 2600 καὶ
1981 2545 2185 2607 ἐκεῖνος
2262 2542 2430 2615 δῆμον
2477 2542 2764 2633 ὁλόκληρον
2822 2543 3075 2615 μαθητῶν
3123 2545 3421 2617 προσλήψε-

173 2653 267 2692 ται
322 2640 431 2709 (70)
472 2640 688 2710 ὁμοίους
737 2641 836 2710 τῆς
886 2642 1048 2695 αὐτοῦ
1098 2645 1434 2715 κακουργίας
1483 2644 1843 2714 ὑπάρχοντας.

245 2732 444 2785 XXIII.
500 2735 587 2787 Ἐν
628 2734 863 2806 πρώτοις
902 2738 958 2790 δὲ
1009 2738 1068 2790 τὸ
1122 2738 1227 2791 τῶν
1286 2740 1551 2793 Ἰουδαίων
1601 2738 1752 2802 ἔθνος

170 2821 471 2891 ἀγαπήσει.
519 2821 675 2875 Μετὰ
719 2823 775 2876 δὲ
818 2824 1021 2878 τούτων
1048 2826 1301 2880 ἁπάντων
1334 2830 1531 2897 σημεῖα
1574 2828 1752 2880 ὲπιτε-

170 2910 346 2973 λέσει,
378 2912 474 2965 καὶ
523 2911 773 2983 θαύματα
824 2915 1062 2986 φοϐερὰ,
1110 2917 1225 2969 ἀλλ’
1269 2917 1367 2970 οὐκ
1402 2916 1599 2987 ἀληθῆ,
1636 2915 1749 2969 ἀλλ’

171 3004 229 3055 ὲν
288 3002 467 3075 πλάνῃ
521 3004 660 3073 (71),
720 3007 867 3069 ὅπως
927 3007 1175 3079 πλανήσῃ
1223 3010 1347 3071 τοὺς
1390 3008 1604 3078 ὁμοίους
1638 3007 1748 3078 (72)

169 3094 324 3165 αὐτῷ
368 3096 614 3159 ἀσεϐεἶς’
651 3100 699 3151 εί
751 3098 973 3151 δυνατὸν
1004 3100 1132 3170 γὰρ,
1175 3100 1268 3153 καὶ
1309 3102 1432 3163 τοὺς
1463 3101 1751 3165 ἐκλεκτοὺς

1918 2733 2105 2789 XXIII.
2142 2733 2198 2788 ln
2238 2733 2431 2804 primis
2470 2742 2649 2788 autem
2694 2732 2974 2789 Judaicam
3013 2743 3224 2804 gentem
3259 2752 3409 2790 ama-

1856 2826 1936 2881 bit
1969 2843 1982 2878 :
2009 2826 2151 2896 apud
2180 2841 2274 2881 eos
2301 2840 2489 2880 omnes
2513 2826 2665 2896 signa
2703 2826 2822 2880 edet
2852 2836 2905 2881 et
2949 2828 3211 2881 horrenda
3247 2831 3414 2883 mira-

1852 2918 1994 2981 cula,
2021 2932 2128 2972 non
2152 2932 2299 2982 vera,
2326 2916 2419 2972 sed
2452 2916 2609 2983 falsa,
2639 2918 2703 2971 ad
2736 2920 3067 2974 seducendos
3102 2921 3184 2973 sui
3210 2920 3417 2977 similes

1852 3007 2066 3077 impios.
2103 3006 2339 3072 Etenim,
2370 3006 2416 3062 si
2449 3008 2561 3061 heri
2589 3017 2784 3077 potest,
2820 3010 2983 3063 etiam
3015 3011 3215 3065 electos
3240 3012 3415 3065 abdu-

1851 3107 1936 3152 cet
1986 3113 2015 3152 a
2067 3097 2353 3151 dilectione
2403 3096 2606 3151 Christi
2646 3097 2711 3150 “.
2750 3096 2940 3151 Verum
2991 3098 3044 3152 in
3102 3100 3415 3168 primordiis

168 3189 471 3259 ἀποστήσει
519 3190 625 3242 ἀπὸ
669 3190 768 3259 τῆς
806 3191 1024 3261 ἀγάπης
1067 3190 1160 3243 τοῦ
1194 3192 1446 3262 Χριστοῦ.
1493 3193 1651 3247 Ἀλλά
1682 3194 1747 3248 τά

1862 3189 1971 3244 suis
2000 3189 2236 3243 clemens
2264 3188 2386 3251 erit,
2436 3188 2610 3241 factus
2656 3190 2722 3242 ad
2761 3190 3133 3253 dilectionem,
3167 3191 3412 3260 quietus,

168 3278 369 3350 πρῶτα
410 3278 576 3332 αὑτοῦ
620 3280 729 3350 (75)
767 3280 1054 3349 γενήσεται
1108 3279 1320 3352 πραῢς,
1369 3281 1746 3351 ἀγαπητικὸς,

164 3369 404 3439 ἥσυχος,
453 3369 705 3442 εὐλαϐὴς,
747 3370 1102 3442 εἰρηνοποιδς,
1148 3369 1319 3440 μισῶν
1366 3370 1597 3438 ἀδικίαν,
1629 3372 1748 3444 βδε-

164 3461 489 3532 λυττόμενος
530 3462 705 3535 δῶρα,
746 3462 1184 3533 είδωλολατρείαν
1231 3462 1306 3532 μὴ
1363 3464 1746 3534 προσιέμενος,

162 3552 262 3616 τὰς
307 3552 549 3624 Γραφάς,
587 3554 748 3623 φησιν
778 3553 909 3624 (74),
942 3553 1190 3621 ἀγαπῶν,
1222 3556 1384 3625 ἱερεῖς
1415 3554 1747 3624 αἰδούμενος,

161 3644 359 3707 πολιάς
390 3644 583 3715 τιμῶν,
614 3645 866 3716 πορνείαν
902 3644 975 3715 μὴ
1017 3644 1464 3715 καταδεχόμενος,
1502 3646 1746 3716 μοιχείαν

156 3734 581 3807 βδελυττόμενος
614 3735 745 3806 (75),
778 3734 1133 3798 καταλαλιαῖς
1181 3734 1254 3806 μὴ
1304 3736 1605 3807 προσέχων,
1656 3738 1747 3808 ὅρ-

159 3845 297 3890 κους
353 3826 427 3898 μὴ
481 3827 948 3898 καταδεχόμενος,
1013 3826 1320 3894 φιλόξενος,
1386 3827 1742 3898 φιλόπτωχος,

156 3918 414 3990 ἐλεήμων
463 3918 592 3990 (76).
634 3914 767 3971 Εἶτα
819 3918 911 3971 καὶ
962 3918 1164 3989 τέρατα
1215 3920 1465 3990 ποιήσει,
1511 3919 1744 3989 λεπροὺς

156 4008 508 4080 καθαρίζων,
549 4008 884 4080 παραλύτους
928 4010 1180 4081 ἐγείρων,
1217 4010 1474 4080 δαίμονας
1503 4010 1740 4064 ἀπελαύ-

155 4117 286 4163 νων,
325 4101 453 4171 περὶ
482 4098 589 4152 τῶν
622 4100 809 4170 πόρρω
845 4100 919 4163 ὼς
952 4099 1220 4152 ἐνεστῶτα
1251 4099 1576 4168 διαγγέλλων
1605 4100 1737 4170 (77),

153 4192 387 4265 νεκροὺς
420 4191 672 4255 ἀνιστῶν,
706 4193 899 4262 χήραις
930 4191 1268 4264 ἐπικουρῶν,
1302 4192 1549 4263 ὀρφανῶν
1582 4197 1738 4263 προῖ-

155 4286 451 4355 στάμενος,
480 4284 710 4351 ἀγαπῶν
744 4286 968 4347 πάντας,
1004 4284 1126 4347 τοὺς
1160 4285 1499 4354 μαχομένους
1530 4284 1740 4357 ἀνθρώ-

1852 3278 2170 3349 religiosus,
2201 3277 2489 3347 paciﬁcus,
2518 3278 2609 3347 qui
2645 3279 2770 3332 odio
2816 3289 3175 3349 prosequatur
3199 3281 3415 3350 injusti-

1855 3372 2010 3437 tiam,
2041 3370 2335 3425 detestetur
2380 3386 2643 3437 munera,
2685 3371 3044 3426 idololatriam
3084 3389 3189 3427 non
3218 3374 3414 3428 admit-

1854 3471 1966 3528 tat,
1999 3476 2143 3516 amet
2191 3460 2518 3530 Scripturas,
2551 3471 2860 3515 revereatur
2890 3464 3215 3529 sacerdotes,
3259 3465 3409 3519 cani-

1858 3554 1984 3607 tiem
2025 3552 2216 3607 honori
2246 3553 2459 3616 haheat,
2495 3553 2875 3607 scortatio’nem
2906 3555 3168 3623 repudiet,
3200 3556 3411 3609 adulte-

1850 3643 1993 3698 rium
2024 3644 2389 3708 abominetur,
2424 3645 2842 3699 obtrectationes
2873 3662 2980 3699 non
3020 3628 3233 3710 audiat,
3260 3648 3408 3715 deje-

1844 3736 2084 3791 rationes
2110 3752 2216 3790 non
2256 3736 2499 3807 recipiat,
2547 3737 2861 3806 hospitalis,
2899 3739 3176 3793 studiosus
3205 3755 3409 3809 paupe-

1844 3842 1998 3895 rum,
2054 3827 2386 3882 misericors.
2438 3827 2626 3882 Postea
2681 3829 2803 3883 edet
2854 3830 3119 3900 prodigia,
3164 3832 3407 3900 leprosos

1844 3920 2159 3974 nutndando
2181 3962 2196 3987 ,
2246 3920 2567 3990 paralyticos
2596 3922 2913 3983 excitando.
2947 3923 3262 3993 expellendo
3299 3924 3409 3979 da:—

1848 4028 2037 4067 mones
2078 4032 2089 4067 :
2122 4013 2418 4083 longinqua
2460 4030 2567 4069 non
2610 4014 2764 4068 aliter
2796 4031 2957 4085 quam
3001 4015 3283 4084 prmsentia
3312 4016 3408 4070 de-

1844 4105 2137 4171 nuntiabit,
2190 4106 2448 4159 excitabit
2504 4118 2782 4171 mortuos,
2830 4107 3005 4161 viduis
3048 4122 3203 4176 opem
3249 4106 3403 4173 feret,

1844 4195 2077 4264 pupillos
2101 4195 2358 4259 tuebitur,
2395 4204 2622 4250 cunctos
2653 4197 2865 4267 diliget,
2893 4197 3204 4251 conciliabit
3229 4198 3405 4251 homi-

1842 4301 1939 4340 nes
1990 4287 2376 4341 contendentes
2423 4289 2489 4341 ad
2538 4289 2867 4355 amicitiam,
2912 4289 2996 4343 his
3037 4290 3218 4344 verbis
3255 4305 3268 4341 :
3311 4287 3404 4343 Sol

150 4391 292 4439 πους
325 4375 708 4429 καταλλάττων
749 4376 828 4438 είς
859 4375 1097 4445 ἀγάπην,
1132 4375 1224 4428 καὶ
1262 4375 1450 4443 λέγων·
1480 4374 1574 4442 Μὴ
1609 4376 1734 4428 ἐπι-

1862 4393 1940 4429 ron
1972 4378 2176 4430 occidat
2202 4394 2357 4448 super
2382 4379 2714 4433 iracundiam
2737 4391 2959 4434 vestram
2987 4381 3051 4436 θ’.
3080 4379 3197 4435 Νοη
3229 4382 3403 4451 possi-

216 4517 263 4548 ⁶⁷
292 4514 469 4570 Exod.
514 4532 631 4586 xw,
665 4516 728 4584 2;
759 4532 943 4583 xxxrv,
972 4517 1070 4584 l9;
1100 4516 1261 4573 Num.
1297 4535 1412 4585 vnn,
1448 4518 1547 4585 16;
1578 4518 1709 4573 Luc.
1749 4535 1808 4586 ιι,
1837 4519 1928 4573 23.
2003 4520 2048 4551 ⁸⁸
2070 4519 2260 4575 Matth.
2291 4538 2438 4589 xxw,
2472 4521 2562 4577 24.

366 4633 779 4705 ξᾼειπαρθένου,
810 4635 871 4705 Β.

220 4701 341 4773 (62)
366 4701 543 4758 Verba
571 4701 639 4757 ’ὲν
673 4705 777 4777 ἰδία
806 4704 852 4758 δ.
880 4723 932 4758 τ.
966 4724 1019 4760 α.
1054 4706 1304 4776 θεότητος
1334 4707 1387 4760 in
1418 4705 1478 4759 Β.
1516 4708 1729 4762 deside-

146 4783 368 4827 rantur.

218 4842 340 4916 (65)
367 4841 468 4906 ld.,
496 4843 740 4916 τίκτεται
771 4844 879 4916 γὰρ
920 4844 1163 4916 ἀκριϐῶς
1192 4846 1256 4899 ἐκ
1293 4845 1583 4914 παρθένου.
1617 4846 1729 4899 An-

144 4912 465 4986 tichristum
498 4914 744 4986 futurum
768 4912 1066 4970 daemonem
1096 4917 1332 4969 humana
1357 4912 1548 4986 ligura,
1578 4918 1731 4970 multi

145 4981 239 5036 alii
274 4991 495 5054 veteres
535 4983 757 5054 tradunt
794 5004 806 5038 :
843 4986 1204 5052 Augustinus,
1246 4981 1519 5054 Sulpicius
1563 4986 1728 5041 Seve—

143 5050 507 5126 rusﬂdialogo‘
534 5053 587 5126 2,
618 5052 899 5126 P_hilippus
934 5050 1155 5126 Dioptra
1186 5056 1281 5110 lib.
1314 5050 1396 5124 tu,
1424 5072 1472 5111 c.
1504 5056 1592 5119 H,
1620 5066 1723 5112 etc.

214 5122 338 5259 (64)
375 5123 535 5193 Ἡμῖν
558 5123 613 5176 in
645 5121 705 5175 Β.
743 5121 913 5178 deest.

238 5192 335 5259 65)
380 5190 524 5246 Cave
574 5206 798 5259 prorsus
849 5195 913 5247 du

2673 4523 2716 4554 "
2740 4522 2935 4593 Ephes.
2967 4540 3039 4590 tv,
3066 4524 3154 4579 26.

2187 4709 2450 4789 psordxmi
2487 4711 2741 4789 ,ἔγνωμεν
2784 4710 3057 4789 σαρκικῶς
3102 4711 3195 4763 καὶ
3227 4712 3400 4789 ἀ-πλα-

1832 4778 1956 4900 ἷξῦς,
1988 4779 2048 4832 Β.
2081 4778 2152 4818 -'—
2186 4778 2314 4851 Leg.
2346 4778 2683 4853 γεννήσασαν
2716 4796 2813 4850 pro
2853 4778 3202 4851 γεννήσαντα.
3239 4781 3396 4836 Ent'r.

1880 4864 2076 4900 Ατηοι.

1880 4864 2076 4905 ATROL.

1902 4920 2012 4988 (o9)
2052 4920 2109 4993 In
2164 4919 2405 4993 B._post_
2452 4920 2780 4993 κληθήσεται
2828 4920 3009 4975 statim
3078 4923 3328 4993 sequitur
3374 4934 3393 4975 ε

1838 4988 2025 5061 ὥσπερ
2052 4988 2160 5061 γὰρ
2188 4992 2215 5042 ὁ
2247 4988 2457 5061 ἐχθρός.

1902 5058 2013 5134 (ξω
2040 5058 2476 5134 parmasu.

1903 5128 2013 5201 (7t)
2040 5130 2124 5201 B.,
2156 5128 2521 5201 ἐν’πλάνηδὲ
2556 5132 2734 5196 ὅπως,
2766 5132 2813 5184 εί
2840 5129 3060 5185 δυνατὸν
3081 5169 3095 5194 ,
3138 5131 3232 5185 καὶ
3268 5132 3395 5196 τοὺς

238 5190 335 5259 65)
380 5190 524 5271 Cave
574 5206 821 5271 prorsus:
849 5195 978 5271 dum
1026 5195 1353 5271 ait_corpus
1406 5194 1722 5271 Antichristi

1862 5190 2117 5271 κλεκτοὺς
2149 5190 2471 5271 ἀ-ποστῆσᾶι.

140 5262 551 5331 phantasticnm
580 5279 594 5313 :
627 5264 754 5330 quia
783 5262 986 5318 Paulus
1010 5262 1400 5320 Antichristum
1439 5275 1596 5319 vocat
1626 5267 1723 5321 ho-

142 5334 353 5416 minem
386 5331 612 5416 peccati.
638 5333 699 5388 Il.
724 5332 915 5392 Thess.
946 5348 1010 5391 ιι.
1027 5333 1341 5391 Picus.——ln
1358 5339 1418 5393 Β.
1442 5346 1526 5394 est
1550 5336 1720 5408 ταύτῃ

144 5402 245 5472 μὲν
274 5402 519 5472 δοκήσει.
1693 5402 1718 5408 ”

213 5471 333 5548 (66)
360 5471 445 5525 Al.
476 5471 589 5548 Pici
630 5474 833 5548 codex:
868 5472 1086 5548 ταύτην
1105 5476 1375 5548 φορέσειν,
1408 5474 1611 5548 ταύτην
1637 5473 1718 5529 οἶ-

145 5558 266 5617 μαι,
298 5542 667 5617 ἠγαπημένοι.
699 5542 755 5596 In
797 5543 855 5596 Β.
892 5553 995 5617 est,
1029 5542 1204 5617 σάρκα
1236 5545 1529 5617 ἐνδύσεται,
1627 5549 1721 5600 καὶ

2042 5270 2134 5352 λι.
2161 5268 2507 5352 Ficinc'odett,
2539 5271 2967 5352 epoloucatbn‘roQ,
3006 5271 3318 5352 665653;.6é.

1899 5339 2012 5409 (75)
2038 5338 2239 5393 Confer
2268 5338 2682 5397 Feuardentium
2718 5343 2785 5396 ad
2831 5341 2888 5397 S.
2921 5343 3178 5397 Irenaeum
3210 5343 3304 5397 lib.
3338 5357 3389 5410 ν,

1829 5424 1949 5478 cap.
1985 5410 2076 5463 25.

1898 5479 2010 5617 (74)
2045 5478 2100 5533 In
2129 5478 2190 5532 Β.
2225 5479 2373 5534 deest
2405 5481 2586 5551 φησίν.

1900 5550 1988 5616 (75
2040 5548 2213 5604 Verba
2254 5550 2392 5617 βδελ.
2429 5568 2586 5617 usque

1900 5548 2010 5630 (75)
2040 5548 2392 5630 Yerbaﬁﬁsl.
2421 5548 2599 5630 usque
2642 5552 2710 5606 ad
2751 5552 2942 5624 ὅρκους
2987 5552 3182 5607 desunt
3224 5553 3276 5607 in
3313 5550 3385 5607 Μ.

140 5607 376 5687 πολεμεῖ
403 5607 524 5664 καθ’
549 5614 804 5687 ἑκάστην,
831 5607 1294 5687 ταύτηνῂφορέσει.
1334 5607 1713 5687 Ἀλλάίτάῦτην

1862 5607 2034 5672 ieuria
2062 5607 2287 5681 librarii,
2318 5629 2374 5673 ut
2405 5607 2633 5675 videtur.

138 5676 295 5755 οἶμαι
328 5683 697 5755 φανταστικὴν
722 5676 908 5737 οὐσίαν
937 5676 1277 5740 ἀναλάϐεται.
1309 5685 1406 5738 Διά
1434 5686 1590 5740 τοῦτο
1622 5676 1717 5742 καὶ

138 5752 204 5803 ὲκ
234 5754 444 5875 μιαρᾶς
474 5752 926 5823 κόρηςτίκτεται.

211 5828 226 5875 t
271 5823 327 5875 7l
373 5824 484 5875 Καὶ
516 5822 693 5875 σάρκα
725 5826 834 5875 τοῖς
877 5825 1086 5875 πολλοῖς
1113 5826 1405 5875 ἐαωανισθοί

211 5824 327 5888 (67)
373 5824 484 5881 Καὶ
516 5824 693 5894 σάρκα
725 5826 834 5887 τοῖς
877 5825 1086 5889 πολλοῖς
1113 5826 1567 5907 ἐμφανισθήσεται
1614 5846 1712 5899 φο-

1896 5688 2007 5763 (
2034 5687 2090 5763 In
2116 5688 2475 5763 B._sequitur,
2497 5694 2700 5763 σημεῖα
2730 5692 2823 5763 καὶ
2849 5692 3048 5763 τέρατα
3072 5691 3259 5746 ποιῶν.

1895 5759 2005 5828 (77)
2029 5759 2136 5828 A1,,
2177 5759 2466 5829 διαγγελεῖ.
2497 5759 2959 5834 Βζδιαλεγόμενι5ς
2988 5763 3213 5831 ἀγαπῶν
3249 5761 3387 5818 πάν·

1821 5842 1936 5893 τας.
