3862 6538
446 395 548 452 927

1211 390 1492 447 APPEND.
1538 389 1626 443 AD
1660 383 1938 442 PARTEM
1975 383 2016 437 ll
2054 380 2338 439 OPERUM
2377 381 2436 438 S.
2481 373 2863 433 HIPPOLYTI.

3561 365 3671 424 928

445 515 591 570 debit
642 528 859 580 aurum,
911 525 1010 567 nec
1048 509 1232 581 diliget
1278 518 1582 581 argentum,
1632 505 1849 562 divitias
1895 520 2002 560 non

2108 499 2289 556 δυέτω
2315 502 2347 555 ὁ
2372 498 2545 566 ἥλιος
2579 495 2676 550 ἐπὶ
2718 491 2797 559 τῷ
2831 489 3209 560 παροργισμῷ
3237 487 3434 559 ὑμῶν’
3469 489 3671 559 χρυσὸν

444 606 820 677 amplectetur.

515 787 706 843 XXIV.
733 788 908 858 Atque
933 787 1048 842 haec
1084 785 1269 840 omnia
1296 783 1458 840 faciet
1495 783 1723 839 consilio
1749 781 2004 837 simulato

446 899 513 938 ac
569 881 912 936 fraudulento
951 896 966 932 :
1000 894 1109 949 quo
1150 879 1537 936 circumveniat
1587 891 1806 940 omnes,
1855 884 1916 930 ut
1946 889 2006 929 se

446 988 628 1042 regem
659 980 862 1027 creent.
893 968 1028 1024 Nam
1063 970 1153 1024 ubi
1187 972 1368 1040 populi
1395 987 1458 1026 ac
1483 967 1854 1026 multitudines
1882 974 2003 1021 tau-

444 1074 529 1119 tas
553 1065 671 1134 ejus
700 1065 924 1118 virtutes
967 1073 1127 1133 atque
1164 1064 1450 1120 facultates
1475 1061 1860 1132 perspexerint,
1895 1073 2005 1114 uno

445 1171 715 1212 consensu
765 1155 1090 1209 convenient
1144 1170 1334 1210 omnes
1379 1169 1546 1207 unum
1599 1152 1652 1205 in
1702 1149 1904 1210 locum,
1935 1145 2004 1212 ad

444 1247 736 1303 creandum
767 1247 916 1299 illum
947 1262 1148 1316 regem.
1181 1249 1255 1302 Ac
1285 1244 1626 1316 potissimum
1655 1240 2007 1296 Hebraeorum

443 1353 575 1408 gens
611 1353 721 1408 prae
753 1337 1006 1392 omnibus
1036 1337 1139 1408 ipsi
1173 1347 1402 1410 tyranno
1441 1337 1602 1392 chara
1635 1335 1768 1396 erit,
1792 1333 2004 1388 dicent-

444 1445 550 1499 que
580 1430 720 1484 alius
751 1429 841 1484 alii
867 1445 879 1480 :
909 1427 1162 1498 Nunquid
1201 1430 1253 1482 in
1287 1428 1632 1496 generatione
1661 1433 1844 1480 nostra
1873 1424 1998 1479 talis

445 1537 511 1576 ac
537 1529 649 1576 tam
691 1521 866 1576 bonus
897 1529 951 1576 et
978 1520 1158 1590 justus
1204 1523 1367 1575 homo
1401 1518 1631 1574 inveniri
1673 1517 1882 1587 potest?
1909 1515 2005 1570 Ju-

443 1613 544 1667 daei
573 1614 861 1683 praecipue,
893 1621 950 1667 ut
975 1613 1087 1682 jam
1111 1612 1243 1676 dixi,
1273 1622 1552 1680 sperantes
1577 1626 1635 1665 se
1667 1619 2004 1678 spectaturos

445 1703 597 1757 illum
646 1719 824 1772 regem
861 1704 952 1757 tali
1004 1704 1058 1757 in
1114 1703 1359 1771 imperio,
1411 1718 1570 1771 quem
1618 1701 1879 1755 adeuntes
1919 1700 2004 1755 his

445 1795 625 1850 verbis
680 1796 1020 1865 alloqueutur
1065 1811 1080 1847 :
1129 1794 1329 1849 Omnes
1381 1795 1475 1848 tibi
1529 1794 1998 1862 obtemperamus,

445 1902 634 1942 omnes
678 1887 732 1940 in
777 1896 827 1941 te
869 1887 1117 1941 fiduciam
1160 1887 1527 1950 collocamus,
1575 1884 1919 1954 agnoscimus
1951 1891 2004 1937 te

439 1977 647 2047 justum
701 1993 863 2048 super
913 1993 1129 2032 omnem
1190 1987 1422 2041 terram,
1475 1991 1664 2030 omnes
1703 1985 1796 2029 tua
1842 1989 2004 2043 opera

446 2069 674 2123 salutem
707 2085 807 2123 nos
833 2076 1222 2123 consecuturos
1251 2083 1554 2138 speramus,
1589 2077 1642 2121 et
1673 2083 1741 2122 ex
1783 2081 1876 2122 ore
1915 2075 2006 2121 tuo

441 2162 649 2228 justum
678 2168 731 2215 et
762 2162 1132 2238 incorruptum
1158 2159 1422 2230 judicium
1449 2157 1797 2226 accipiemus.

521 2340 685 2395 XXV.
744 2341 921 2412 Atque
952 2341 1106 2396 initio
1135 2342 1352 2409 quidem
1402 2341 1636 2395 mendax
1688 2351 1741 2394 et
1786 2339 2006 2409 iniquus

444 2434 536 2488 ille.
557 2435 787 2489 subdole
838 2435 1065 2503 gloriam
1136 2434 1290 2517 han‘
1333 2433 1675 2502 repudiabit:
1715 2440 1769 2486 at
1821 2448 2004 2501 perse-

444 2534 696 2580 verantes
741 2525 987 2578 homines
1033 2532 1087 2578 et
1129 2525 1496 2586 obsecrantes,
1555 2525 1706 2578 illum
1763 2524 2002 2578 declara-

445 2615 583 2670 bunt
653 2631 852 2686 regem.
912 2615 1105 2670 Postea
1169 2616 1391 2669 extollet
1462 2614 1736 2677 animum,
1793 2623 1846 2667 et
1913 2614 2006 2684 qui

448 2708 600 2776 prius
625 2714 741 2760 erat
786 2715 1122 2770 mansuetus,
1170 2707 1359 2760 evadet
1391 2704 1576 2769 ferox;
1621 2706 1714 2774 qui
1760 2705 2005 2760 dilectio-

448 2814 572 2861 nem
638 2799 1083 2868 amplectebatur,
1135 2798 1224 2853 [iet
1283 2799 1700 2872 immisericors;
1742 2799 1833 2868 qui
1892 2798 2010 2853 aui-

448 2905 598 2944 mum
625 2889 844 2960 gerebat
909 2890 1285 2956 summissum,
1341 2891 1605 2959 superbus
1639 2899 1799 2959 atque
1848 2890 2008 2944 inhu-

448 2997 643 3037 manus
699 2983 924 3049 evadet;
1000 2982 1094 3052 qui
1154 2982 1345 3037 oderat
1412 2982 1774 3052 iujustitiam,
1829 2983 2006 3052 justos

449 3086 828 3144 persequetur.
887 3073 1092 3128 Deinde
1147 3074 1391 3130 sublatus
1454 3073 1510 3127 in
1547 3089 1770 3143 regnum
1822 3089 2005 3140 suum,

2103 595 2162 648 οὐ
2210 594 2496 665 κτήσεται,
2545 586 2802 660 ἀργύριον
2841 586 2941 638 οὐκ
2981 585 3288 656 ἀγαπήσει,
3333 581 3564 635 πλοῦτον
3604 582 3667 633 οὐ

2104 683 2403 757 προσίεται.

2170 788 2356 843 XXIV.
2403 789 2515 843 Καὶ
2559 785 2731 842 ταῦτα
2780 784 2953 839 πάντα
2995 786 3139 837 ποιεῖ
3177 782 3287 855 (78)
3332 780 3566 845 ὕπουλος
3594 780 3668 834 ὢν

2101 889 2195 938 καὶ
2238 884 2427 947 δόλιος,
2473 882 2568 937 κα).
2613 881 2817 943 πάντας
2862 877 3026 932 θέλων
3071 875 3412 945 ἐξαπατῆσαι
3444 873 3582 943 πρὸς
3607 874 3668 926 τὸ

2102 976 2322 1044 ποιῆσαι
2360 974 2519 1028 αὑτὸν
2564 972 2804 1044 βασιλέα·
2839 974 2964 1026 ὅταν
2993 971 3100 1042 γὰρ
3131 971 3311 1023 ἴδωσιν
3342 970 3392 1022 οἱ
3424 969 3545 1022 λαοὶ
3576 968 3667 1020 καὶ

2101 1069 2148 1120 οἱ
2180 1066 2340 1137 δῆμοι
2373 1063 2633 1127 τοσαύτας
2671 1062 2870 1136 ἀρετὰς
2904 1063 2997 1116 καὶ
3024 1060 3286 1124 τοσαύτας
3314 1060 3482 1112 αὐτοῦ
3514 1058 3667 1112 δυνά-

2107 1176 2246 1229 μεις,
2280 1156 2478 1220 πάντες
2519 1157 2610 1210 ἐπ).
2636 1156 2696 1208 τὸ
2726 1155 2857 1208 αὐτὸ
2889 1154 3000 1223 (79)
3043 1155 3139 1224 μιᾷ
3179 1151 3370 1226 γνώμῃ
3402 1151 3668 1222 συναχθή-

2104 1268 2284 1304 σονται
2310 1251 2401 1304 ἐπὶ
2427 1250 2487 1303 τὸ
2519 1249 2740 1318 ποιῆσαι
2769 1246 2927 1301 αὐτὸν
2953 1245 3194 1316 βασιλέα.
3219 1231 3472 1297 Μάλιστα
3501 1243 3585 1295 δτι
3610 1242 3667 1294 τὸ

2101 1343 2207 1396 τῶν
2248 1342 2511 1414 Ἐϐραίων
2538 1341 2691 1409 γένος
2722 1339 3134 1410 ἀγαπηθήσεται
3157 1337 3295 1407 ὑπὲρ
3329 1336 3543 1397 πάντας
3578 1335 3664 1387 ὑπ’

2101 1432 2264 1486 αὐτοῦ
2314 1432 2407 1486 τοῦ
2452 1431 2742 1503 τυράννου,
2783 1431 3028 1498 λέγοντες
3075 1426 3210 1499 πρὸς
3254 1424 3537 1495 ἀλλήλους·
3586 1423 3666 1494 Μὴ

2104 1523 2211 1599 ἄρα
2259 1524 2568 1597 εὑρίσκεται
2597 1521 2876 1585 τοσοῦτος,
2906 1520 3106 1588 ἀγαθὸς
3136 1517 3422 1589 ἄνθρωπος
3475 1516 3571 1568 καὶ
3598 1516 3668 1567 δί-

2104 1635 2255 1681 καιος
2284 1619 2340 1669 ἐν
2371 1619 2434 1687 τῇ
2474 1617 2634 1687 γενεᾷ
2665 1613 2856 1686 ήμῶνς
2897 1612 3234 1682 Ἐξαιρὲτως,
3267 1610 3344 1673 ὡς
3387 1611 3665 1681 προεῖπον,

2101 1708 2162 1762 τὸ
2214 1708 2320 1760 τῶν
2363 1707 2628 1760 Ἰουδαίων
2681 1705 2866 1775 γένος,
2938 1702 3243 1772 νομίζοντες
3313 1701 3395 1753 ὅτι
3449 1699 3666 1769 βασιλέα

2103 1797 2262 1852 αὐτὸν
2303 1795 2584 1849 θεάσονται
2629 1795 2686 1846 ὲν
2715 1797 2780 1865 τῇ
2813 1793 3034 1866 τοιαύτῃ
3075 1793 3249 1863 ἀρχῇ,
3296 1791 3391 1844 καὶ
3447 1788 3669 1861 προσελο

2105 1889 2285 1951 θόντες
2335 1887 2480 1957 αύτῷ
2511 1886 2786 1955 λέγοντες’
2817 1886 3021 1947 Πάντες
3053 1901 3134 1936 σοι
3176 1880 3478 1951 πειθόμεθα
3521 1881 3665 1950 (80),

2104 1982 2196 2036 κα).
2231 1981 2290 2034 σὲ
2321 1977 2661 2051 γνωρίζομεν
2684 1978 2888 2030 δίκαιον
2924 1976 3018 2028 ἐπὶ
3045 1976 3221 2027 πᾶσαν
3248 1974 3349 2043 τὴν
3375 1973 3504 2043 γῆψ
3540 1972 3667 2025 πάν-

2103 2089 2193 2134 τες
2223 2071 2310 2125 διὰ
2340 2071 2432 2124 σοῦ
2479 2070 2711 2141 σωθῆναι
2746 2057 3051 2138 ἐλπίζομεν·
3085 2067 3177 2119 καὶ
3205 2065 3292 2120 διά
3330 2065 3429 2118 τοῦ
3470 2065 3661 2140 στόμα-

2103 2165 2192 2229 τὸς
2244 2183 2338 2218 σου
2386 2163 2647 2234 ἐλάϐομεν
2693 2161 2804 2233 (81)
2846 2161 3022 2234 κρίσιν
3069 2158 3281 2213 δικαίαν
3327 2158 3423 2211 καὶ
3470 2158 3666 2229 ἀδωρο-

2104 2255 2346 2327 δόκητον.

2177 2347 2340 2402 XXV.
2382 2348 2490 2400 Καὶ
2519 2346 2587 2400 τὰ
2638 2345 2831 2418 πρῶτα
2892 2345 2988 2415 μὲν
3034 2342 3278 2405 ὑπούλως
3322 2340 3602 2413 χρώμενος
3635 2343 3664 2392 ὁ

2105 2439 2343 2510 ψεύστης
2378 2440 2473 2492 καὶ
2504 2437 2723 2509 ἄνομος,
2756 2438 3149 2508 παραιτήσεται
3167 2435 3264 2506 τὴν
3289 2434 3452 2500 δόξαν
3479 2434 3663 2502 αὑτήν

2105 2535 2154 2585 οἱ
2187 2533 2243 2586 δὲ
2284 2531 2557 2604 ἅνθρωποι
2597 2529 2991 2601 προσμένοντες
3023 2528 3132 2598 (82)
3174 2529 3266 2580 κα).
3297 2524 3666 2598 παρακαλοῦν-

2105 2643 2216 2689 τες,
2253 2625 2412 2679 αὐτὸν
2443 2622 2774 2687 ἁναδείξουσι
2798 2621 2906 2693 (85)
2926 2620 3165 2691 βασιλέα.
3201 2620 3311 2673 Καὶ
3343 2619 3484 2689 μετὰ
3503 2618 3663 2670 ταῦτα

2107 2716 2331 2788 ὑψοῦται
2366 2718 2431 2786 τῇ
2455 2714 2667 2786 καρδίᾳ,
2698 2713 2789 2766 καὶ
2819 2714 2848 2764 6
2891 2711 3070 2784 πραῢς
3116 2710 3402 2782 πρότερον,
3452 2710 3662 2776 γενήσε-

2104 2827 2194 2862 ται
2230 2806 2474 2877 σοϐαρός·
2515 2804 2606 2858 καὶ
2635 2803 2664 2854 6
2696 2802 2914 2871 ἀγάπην
2951 2800 3180 2863 διώκων,
3227 2801 3520 2868 γενήσεται
3553 2799 3659 2850 ἀνευ

2105 2899 2339 2970 λεήμων·
2371 2897 2398 2948 6
2422 2895 2672 2957 ταπεινὸς
2697 2895 2764 2963 τῇ
2788 2892 2982 2962 καρδίᾳ
3027 2889 3156 2959 (84),
3190 2889 3495 2958 γενήσεται
3534 2887 3661 2955 ὕψη-

2105 2989 2196 3052 λδς
2237 2988 2330 3041 καὶ
2358 2983 2738 3055 ἀπάνθρωπος
2792 2982 2885 3034 καὶ
2917 2981 2944 3032 6
2971 2978 3141 3050 μισῶν
3170 2978 3405 3039 ἀδικίαν,
3449 2978 3573 3039 τοὺς
3595 2975 3661 3026 δι-

2108 3079 2294 3142 καίους
2341 3073 2681 3138 καταδιώξει.
2743 3073 2970 3124 Ἔπειτα
3027 3067 3398 3137 ἀνυψούμενος
3463 3066 3540 3127 είς

450 3165 650 3221 bellum
677 3166 927 3229 instruet,
959 3166 1147 3235 iraque
1196 3166 1434 3235 percitus
1467 3174 1578 3221 tres
1601 3180 1826 3235 magnos
1849 3181 2002 3235 reges

2108 3170 2298 3227 ἑαυτοῦ
2327 3169 2619 3240 βασιλείαν,
2653 3163 2952 3236 παρατάξει
2975 3162 3225 3232 πόλεμον’
3263 3160 3358 3211 καὶ
3404 3161 3552 3228 τρεῖς
3574 3155 3658 3224 βα-

449 3258 735 3326 percutiet,
782 3257 1182 3329 Egyptiorum,
1232 3255 1520 3324 Afrorum,
1579 3266 1742 3326 atque
1789 3255 2006 3311 Ethio-

449 3363 602 3417 pum.
639 3349 769 3403 lude
803 3350 1061 3418 templum
1109 3357 1392 3404 construct
1447 3346 1818 3418 Jerosolymis,
1863 3348 2006 3416 quod

450 3440 736 3495 confestim
767 3442 1061 3496 excitatum
1091 3441 1267 3496 tradet
1321 3440 1542 3496 .ludazis.
1593 3440 1728 3494 Tum
1759 3441 2007 3496 cﬂ'erctur

453 3533 638 3586 animo
684 3533 736 3586 in
793 3548 983 3588 omnes
1037 3534 1324 3588 homines:
1381 3533 1674 3603 quinetiam
1727 3533 1782 3587 in
1838 3532 2004 3588 Deum

453 3621 630 3690 ipsum
662 3624 1057 3678 contumeliosa
1079 3624 1239 3678 verba
1275 3627 1645 3693 proloquetur,
1667 3639 1892 3692 sperans
1912 3625 2008 3678 do-

451 3707 603 3763 losus
633 3708 722 3763 ille
750 3709 802 3762 in
837 3719 1112 3779 posterum
1145 3727 1202 3765 se
1237 3720 1498 3781 perpetuo
1531 3721 1882 3782 regnaturum
1915 3729 2011 3768 su-

451 3815 548 3870 per
570 3809 792 3866 terram,
850 3802 1103 3867 ignorans
1142 3803 1308 3857 miser
1365 3819 1588 3874 regnum
1639 3819 1798 3858 suum
1856 3805 2007 3860 brevi

451 3889 663 3944 irritum
697 3890 812 3946 fore
834 3910 848 3958 ;
872 3902 924 3946 et
945 3895 1344 3966 quamprimum
1383 3910 1441 3950 se
1461 3905 1802 3974 recepturum
1827 3896 2005 3966 ignem

453 3990 698 4049 paratum
728 3982 830 4052 ipsi
857 3999 980 4037 cum
1012 3984 1266 4039 omnibus
1295 3985 1386 4054 qui
1434 3986 1762 4040 crediderint
1796 3995 1849 4041 et
1887 4002 2006 4041 ser-

451 4071 651 4125 vierint
679 4073 778 4127 illi.
811 4071 943 4127 Nam
977 4089 1098 4128 cum
1131 4074 1318 4131 Daniel
1339 4076 1536 4130 dixerit
1565 4095 1578 4132 :
1621 4076 2006 4132 Testamentum

453 4161 783 4229 conﬁrmabit
809 4164 990 4217 multis
1015 4164 1337 4218 hebdomuda
1369 4181 1475 4218 una
1502 4166 1567 4230 ⁷⁸,
1611 4175 1812 4236 septem
1835 4183 2008 4223 annos

455 4250 762 4304 declaravit.
795 4251 1085 4306 Dimidium
1110 4255 1458 4309 hebdomadae
1489 4257 1857 4326 praedicabunt
1884 4273 2010 4328 pro-

2109 3262 2272 3324 σιλεῖς
2307 3259 2570 3330 μεγάλους
2605 3256 2716 3327 (85)
2766 3254 2995 3319 πατάξει
3034 3254 3090 3304 ὲν
3124 3251 3300 3320 θυμῷ,
3340 3250 3657 3316 Αἰγυπτίων,

2105 3351 2338 3412 Λιϐύων,
2363 3349 2457 3402 καὶ
2488 3346 2778 3400 Αἰθιόπων.
2810 3345 2921 3397 Καὶ
2948 3343 3082 3413 μετὰ
3108 3341 3282 3394 ταῦτα
3316 3343 3528 3409 ποιήσει
3561 3337 3658 3404 (86)

2104 3444 2192 3498 τὸν
2225 3442 2348 3496 ναὸν
2378 3440 2468 3493 τὸν
2501 3441 2556 3491 ὲν
2601 3434 3003 3508 Ἰεροσολύμοις,
3047 3434 3140 3486 καὶ
3179 3433 3482 3502 ἀναστήσει
3514 3428 3657 3481 αὑτὸν

2106 3539 2163 3590 ἐν
2183 3535 2357 3606 τάχει,
2389 3534 2482 3586 καὶ
2534 3530 2802 3585 ἀποδώσει
2835 3529 2994 3582 αὑτὸν
3039 3530 3149 3590 τοῖς
3199 3527 3492 3588 Ἰουδαίοις.
3541 3519 3658 3576 Εἶτα

2107 3627 2447 3696 ὑψωθήσεται
2484 3627 2548 3695 τῇ
2601 3623 2798 3693 καρδίᾳ
2827 3620 2967 3674 κατὰ
3022 3618 3220 3680 παντὸς
3253 3615 3571 3688 ἀνθρώπου·
3602 3615 3652 3665 οὐ

2109 3716 2212 3788 μὴν
2244 3715 2377 3770 ἀλλὰ
2429 3715 2523 3768 καὶ
2565 3713 2704 3766 κατὰ
2756 3707 2862 3765 τοῦ
2895 3710 3027 3764 Θεοῦ
3088 3709 3380 3778 βλάσφημα
3429 3707 3654 3776 λαλήσει,

2104 3808 2273 3862 δοκῶν
2302 3810 2330 3861 6
2354 3807 2542 3872 δόλιος,
2573 3806 2654 3857 ὅτι
2681 3804 2740 3858 τὸ
2769 3803 2954 3856 λοιπὸν
2987 3802 3096 3872 (87)
3128 3799 3380 3870 βασιλεύς
3410 3801 3554 3852 ἐστιν
3578 3798 3656 3848 ἐπὶ

2105 3900 2207 3971 γῆς
2239 3901 2342 3962 ἕως
2371 3898 2466 3952 τοῦ
2498 3895 2711 3961 αἰῶνος,
2750 3895 2822 3966 μὴ
2855 3893 3132 3962 γινώσκων
3155 3895 3183 3945 6
3212 3891 3571 3963 ταλαίπωρος,
3585 3889 3656 3939 ὅτι

2105 3993 2138 4062 ἡ
2168 3990 2410 4061 βασιλεία
2436 3988 2599 4044 αὑτοῦ
2633 3991 2688 4042 ὲν
2717 3987 2868 4058 τάχει
2917 3987 3287 4057 καταργεῖται,
3324 3983 3420 4036 καὶ
3469 3981 3653 4048 ἀπολή-

2103 4080 2262 4150 ψεται
2293 4080 2354 4132 τὸ
2382 4078 2780 4150 ἡτοιμασμένον
2815 4075 2926 4145 πῦρ
2949 4073 3097 4144 αὐτῷ
3128 4076 3185 4127 ὲν
3207 4073 3363 4143 τάχει
3398 4072 3540 4141 (88),
3573 4071 3654 4120 σὺν

2105 4174 2237 4227 πᾶσι
2291 4175 2401 4236 τοῖς
2451 4171 2789 4242 πειθομένοις
2834 4168 2942 4240 (89)
2990 4166 3168 4237 αὐτῷ,
3231 4166 3326 4219 καὶ
3389 4162 3654 4217 δουλεύσα-

2107 4281 2189 4317 σιν
2234 4263 2398 4334 αὐτῷ.
2459 4263 2565 4316 Τοῦ
2616 4263 2723 4334 γάρ
2775 4261 2969 4331 Δανιὴλ
3017 4260 3286 4322 εἰπόντος·
3355 4254 3654 4324 Ἑϐδομάδα

455 4342 669 4410 phetae:
707 4345 993 4399 dimidium
1025 4346 1399 4412 hebdomadas,
1440 4349 1544 4404 hoc
1570 4358 1654 4406 est
1677 4358 1785 4405 tres
1833 4363 2004 4408 annos

2108 4355 2246 4424 μίαν
2295 4355 2554 4422 θήσομαι
2604 4353 2717 4422 (90)
2755 4352 2867 4420 τὴν
2915 4349 3206 4416 διαθήκην
3237 4366 3380 4417 μου,
3435 4348 3504 4400 τά
3534 4343 3655 4399 ἑπτὰ

454 4448 578 4486 cum
609 4434 859 4499 dimidio,
883 4439 1126 4506 regnabit
1173 4441 1540 4495 Antichristus
1580 4457 1744 4512 super
1767 4452 2002 4510 terram;

2105 4446 2198 4517 ἐτη
2250 4446 2508 4516 ἐδήλωσε·
2569 4445 2628 4498 τὸ
2681 4446 2851 4516 ἥμισυ
2900 4445 2996 4514 τῆς
3047 4440 3334 4512 ἑϐδομάδος
3388 4440 3521 4510 (91),
3572 4435 3654 4490 τοῦ

455 4533 576 4594 post
609 4527 882 4581 auferetur
930 4543 1151 4599 regnum
1205 4531 1349 4585 illius
1407 4541 1461 4586 et
1512 4533 1703 4603 gloria.
1737 4533 2005 4588 Advertite

2109 4536 2340 4608 κηρῦξαι
2371 4537 2494 4600 τοὺς
2534 4538 2840 4608 προφήτας·
2870 4536 2963 4589 κα).
3009 4533 3070 4587 τὸ
3119 4534 3287 4603 ἣμισυ
3316 4533 3416 4602 τῆς
3448 4529 3654 4598 ἑϐδομά-

455 4616 548 4682 qui
579 4615 745 4670 Deum
774 4617 1018 4689 diligitis,
1063 4621 1240 4689 qualis
1293 4622 1511 4677 afﬂictio
1561 4623 1743 4679 futura
1794 4626 1868 4680 sit
1898 4624 2006 4679 illis

454 4710 820 4778 temporibus;
851 4711 1028 4780 qualis
1059 4728 1159 4766 nec
1186 4712 1287 4766 fuit
1322 4729 1351 4767 a
1381 4715 1764 4770 constitutione
1798 4716 2008 4780 mundi,

452 4817 552 4856 nec
577 4803 680 4857 erit
705 4805 839 4859 ultra
871 4820 886 4869 ;
914 4813 969 4859 at
997 4805 1104 4862 illis
1147 4805 1410 4861 duntaxat
1437 4809 1788 4878 temporibus.
1856 4809 2010 4864 Tunc

525 5025 571 5057 "°
602 5023 738 5080 Dan.
770 5041 846 5094 ix,
885 5027 974 5081 27.

662 5181 749 5252 B.,
780 5183 1007 5252 ποιήσει.

524 5218 636 5315 (‘iiii
787 5218 1132 5315 ἓῖξῖἔᾶϊιιτά.

526 5319 641 5395 (80)
668 5321 747 5395 ΙιιΔ
863 5323 1134 5395 sequitur,
1166 5321 1484 5395 _v0pi§_oyxe;
1529 5324 1579 5375 οἱ
1612 5323 1842 5395 ἄφρονες
1880 5325 2008 5378 Ἰου-

453 5387 696 5464 δαῖοιλδτι
725 5391 756 5460 ἡ
783 5390 1022 5464 βασιλεία
1055 5387 1438 5464 αὐτῷν’μέλλει
1465 5387 1882 5464 ἀναστήσασθαι,
1915 5398 2009 5448 καὶ

458 5459 841 5537 σπουδάζουσιν
881 5462 1026 5537 ὅπως
1064 5462 1237 5537 αὐτὸν.
1264 5459 1543 5537 θεάσονται
1585 5459 1747 5535 ἐν’τῇ
1789 5465 2008 5537 τοιαύτῃ

455 5527 626 5602 ἀρχῇ,
645 5531 738 5602 κα).
766 5531 1151 5602 προσέρχονται
1180 5530 1325 5602 αὐτῷ
1347 5533 1611 5601 λέγοντες,
1643 5524 1747 5590 etc...
1980 5524 1991 5538 ⁸

528 5583 637 5671 (³8))
666 5583 947 5671 ᾼάσώμενξ
973 5583 1222 5656 inaltero
1252 5583 1590 5658 Picicodicc:

536 5668 646 5741 t8?)
669 5669 764 5741 _B.,
803 5668 1222 5741 παραμένοντες.

528 5738 638 5803 (85)
669 5737 768 5803 ld.,
800 5737 1031 5794 ποιοῦσι.

528 5751 617 5801 tuo
669 5751 768 5803 ld.,
800 5757 1031 5794 ποιουσι.

527 5751 638 5880 (84)
670 5807 842 5866 Verba
871 5814 936 5883 τῇ
976 5812 1168 5885 καρδίᾳ
1190 5811 1384 5869 desunt
1410 5813 1461 5868 iu
1487 5812 1546 5867 Β.

2105 4627 2212 4691 δος,
2249 4630 2413 4698 ἤγουν
2445 4629 2512 4682 τά
2557 4628 2681 4700 τρία
2734 4629 2904 4699 ἥμισυ
2941 4626 3035 4696 ἔτη
3092 4625 3400 4696 βασιλεύσει
3430 4628 3458 4677 ὀ
3501 4624 3650 4675 Ἀντί-

2106 4737 2323 4791 χριστος
2373 4721 2465 4772 ἐπὶ
2511 4721 2607 4792 τῆς
2638 4721 2756 4790 γῆς.
2790 4720 2900 4772 Καὶ
2941 4717 3079 4789 μετὰ
3125 4717 3282 4770 τοῦτο
3313 4717 3588 4787 ἀρθήσεται
3621 4713 3651 4781 ή

2111 4811 2351 4882 βασιλεία
2384 4812 2550 4866 αὐτοῦ
2595 4814 2689 4866 κα).
2721 4814 2754 4882 ἡ
2809 4810 2932 4878 δόξα
2991 4797 3123 4882 (9‘2).
3170 4810 3384 4882 Ὁρᾶτε,
3419 4805 3654 4877 φιλὸῧεοιν

2180 5186 2291 5257 (85)
2323 5187 2400 5242 Id.
2424 5203 2533 5243 non
2564 5189 2725 5244 habet
2754 5190 3036 5259 μεγάλους.

2179 5259 2289 5327 (86)
2321 5259 2405 5322 B.,
2434 5260 2776 5313 ταπεινώσει.

2150 5399 2161 5414 θ
2177 5329 2291 5407 (87)
2348 5329 2462 5394 ld.,
2514 5329 2596 5382 ὅτι
2643 5329 2951 5400 βασιλεύσει
2996 5331 3083 5384 ἀεὶ
3132 5331 3226 5386 ἐπὶ
3277 5331 3376 5404 τὴν
3429 5329 3524 5399 γῆν
3567 5329 3648 5387 εις

2109 5415 2327 5460 αιωνας.

2201 5469 2290 5542 88)
2319 5468 2373 5542 lu
2397 5467 2456 5542 Β.
2477 5468 2672 5542 desunt
2699 5469 2857 5542 verba
2884 5471 2942 5522 ὲν
2962 5471 3136 5542 τάχει.

2203 5538 2290 5608 89)
2318 5539 2692 5608 Ποθουμένοις,
2721 5539 2784 5592 Β.
2821 5542 2979 5595 male.

2205 5607 2292 5679 90⁷)
2324 5608 2405 5679 ll,
2435 5607 2684 5679 θύσομαι,
2713 5610 2870 5663 male.

2324 5676 2676 5751 l_bid._destitt_t
2703 5681 2885 5751 verba,
2906 5680 3004 5749 τῆς
3036 5680 3345 5751 ἑϐδομάδος.

2180 5748 2291 5817 (92)
2323 5749 2431 5820 Τῆς
2461 5749 2728 5819 βασιλείας
2755 5750 2916 5803 αὑτοῦ
3007 5748 3246 5816 δόξα,’Β.
