3862 6484
516 296 617 356 951

1287 289 1570 347 APPEND.
1614 290 1705 346 AD
1744 288 2024 346 PARTEM
2059 286 2102 342 ll
2141 285 2422 345 OPERUM
2458 290 2517 343 S.
2560 286 2938 345 HIPPOLYTI.

3647 288 3745 343 93‘:

515 422 747 481 terram;
785 422 898 468 tum
934 410 1249 467 lamentatio
1277 427 1472 470 carens
1502 412 1651 467 omni
1684 412 2081 478 consolatione,

2194 427 2357 479 ματα,
2395 408 2654 482 βορϐόρου
2682 410 2837 481 δίκην
2864 410 3173 481 γενήσεται,
3200 408 3291 461 κα)⁸
3330 407 3505 478 ὀσμῆς
3526 409 3744 478 ἀπείρου

519 514 636 561 tum
664 505 904 573 equatus
936 504 1280 570 immodicus,
1314 513 1427 557 tum
1456 503 1613 559 ﬂetus
1645 504 1912 559 continui.
1945 503 2081 557 Tum

520 596 770 653 nomines
792 597 981 651 beatos
1003 595 1372 665 praedicabunt
1397 610 1513 662 eos,
1535 596 1628 666 qui
1657 605 1814 650 antea
1838 597 2087 651 decesse-

518 698 665 753 runt,
696 689 939 744 dicentes
964 688 1041 742 eis
1069 706 1082 741 :
1128 688 1343 756 Aperite
1370 688 1616 756 sepulcra
1644 699 1851 752 vestra,
1878 703 2086 757 nosque

517 782 749 836 miseros
775 780 1030 849 excipite.
1060 780 1279 849 Aperite
1323 780 1533 835 loculos
1564 790 1797 845 vestros,
1830 789 1889 835 ut
1912 782 2086 837 susci—

516 874 678 943 piatis
710 874 1048 927 miserabilrs
1102 883 1361 944 cognatos
1407 889 1469 927 ac
1511 873 1809 930 familiares
1847 884 2080 930 vestros.

514 965 663 1021 Beati
690 967 823 1021 estis
848 982 967 1029 vos,
998 967 1089 1036 qui
1118 983 1223 1021 non
1265 967 1549 1037 spectastis
1573 967 1689 1022 dies
1742 968 1896 1023 istos.
1935 968 2085 1022 Beati

516 1075 634 1124 vos,
668 1059 760 1128 qui
794 1075 900 1113 non
928 1059 1140 1114 vidistis
1166 1059 1331 1113 vitam
1362 1060 1521 1115 istam
1565 1067 1643 1113 tot
1686 1060 1902 1116 dolores
1925 1062 2085 1116 nobis

514 1158 571 1204 et
595 1150 871 1205 cruciatus
906 1150 1219 1204 alferentem
1248 1172 1263 1217 ς
1294 1166 1392 1204 ncc
1420 1160 1622 1220 pestem
1656 1151 1837 1214 istam,
1861 1151 2086 1206 vincen-

514 1249 621 1295 tem
646 1242 828 1296 omnia
852 1242 1123 1307 remedia;
1159 1257 1333 1312 neque
1357 1241 1735 1297 necessitatem
1760 1242 1940 1309 istam,
1965 1258 2085 1311 quae

514 1344 745 1403 occupat
780 1334 994 1388 animas
1025 1341 1266 1388 nostras.

583 1686 821 1743 XXVIII.
873 1685 1002 1742 Inde
1041 1688 1287 1757 impurus
1320 1688 1409 1742 ille
1459 1689 1714 1744 mandata
1766 1689 1941 1745 mittet
1988 1706 2084 1759 per

2189 502 2281 555 καὶ
2312 502 2576 565 δυσωδίας
2624 502 3059 573 πληρωθήσεται.
3108 502 3239 553 Τότε
3292 501 3478 570 λοιμὸς
3542 500 3745 570 ἰσχυρὸς

2186 595 2279 647 ἐπὶ
2307 597 2484 647 πᾶσαν
2517 594 2614 664 τὴν
2644 594 2767 663 γῆν,
2797 595 2919 647 τότε
2941 594 3135 665 θρῆνος
3165 592 3615 663 ἀπαραμύθητος,
3638 592 3743 643 τότε

2188 684 2458 755 κλαυθμὸς
2495 685 2729 755 ἄμετρος
2750 724 2764 749 ,
2797 684 2917 735 τότε
2970 682 3261 752 στεναγμοὶ
3310 682 3596 734 ἄπαυστοι.
3627 681 3744 733 Τότε

2193 776 2583 848 μακαρίσουσιν
2625 775 2732 847 (10)
2793 776 2844 828 οἱ
2890 774 3163 845 ἄνθρωποι
3211 773 3338 835 τοὺς
3392 772 3743 843 προτεθνηκό-

2188 886 2305 932 τας,
2359 868 2607 936 λέγοντες
2658 866 2795 939 πρὸς
2848 865 3060 928 αὐτούς’
3105 865 3371 930 Ἀνοίξατε
3408 865 3536 927 τοὺς
3556 865 3742 933 τάφους

2187 958 2339 1028 ὑμῶν
2380 959 2489 1029 (11)
2522 959 2615 1011 καὶ
2642 956 2863 1021 δέξασθε
2897 958 3042 1026 ἡμᾶς
3068 956 3193 1017 τοὺς
3221 954 3453 1016 ἀθλίουςο
3514 955 3741 1017 ἀνοίξατε

2186 1049 2284 1113 τὰς
2315 1049 2485 1120 θήκας
2526 1050 2676 1120 ὑμῶν
2728 1049 2865 1120 πρὸς
2898 1046 3160 1117 ὑποδοχὴν
3205 1046 3311 1098 τῶν
3344 1046 3595 1098 ἐλεεινῶν
3629 1062 3741 1112 συγ-

2185 1140 2356 1210 γενῶν
2381 1142 2532 1212 ὑμῶν
2562 1141 2655 1194 καὶ
2686 1140 2941 1210 γνωστῶν
2968 1138 3097 1209 (12).
3129 1138 3405 1209 Μακάριοι
3440 1138 3623 1207 ὑμεῖς,
3676 1140 3739 1191 ὅτι

2185 1235 2285 1288 οὑκ
2314 1233 2605 1286 ἐθεάσασθε
2638 1234 2737 1297 τὰς
2775 1232 2987 1304 ἡμέρας
3010 1231 3231 1294 ταύτας.
3267 1231 3547 1301 Μακάριοι
3580 1232 3737 1299 ὑμεῖς,

2185 1328 2266 1380 ὅτι
2299 1326 2389 1379 τὸν
2425 1327 2536 1397 βίον
2568 1326 2753 1379 τοῦτον
2784 1323 2873 1377 τὸν
2895 1322 3151 1393 ὀδυνηρὸν
3185 1323 3281 1374 οὑκ
3300 1322 3577 1389 ἐφθάσατε
3610 1322 3737 1381 ἰδεῖν,

2185 1418 2302 1472 οὑδὲ
2332 1418 2422 1471 τὸν
2449 1418 2633 1488 λοιμὸν
2662 1416 2847 1469 τοῦτον
2895 1416 2986 1467 τὸν
3025 1414 3479 1485 ἀπαραμύθητον,
3517 1415 3637 1466 οὑδὲ
3664 1415 3739 1484 τὴν

2184 1512 2430 1582 ἀνάγκην
2486 1508 2718 1580 ταύτην,
2776 1507 2874 1578 τὴν
2934 1506 3263 1578 μετέχουσαν
3328 1504 3429 1568 τὰς
3489 1506 3739 1577 ἡμετέρας

2183 1600 2359 1672 ψυχάς
2387 1600 2517 1671 (15).

2253 1691 2489 1746 XXVIII.
2526 1688 2658 1745 Εἶτα
2686 1690 2991 1761 ἐντάλματα
3024 1690 3051 1741 ὁ
3087 1688 3280 1760 μιαρὸς
3326 1687 3581 1758 (πέμψει)
3620 1687 3739 1740 κατᾶ

513 1782 824 1835 universam
859 1781 1219 1850 provinciam,
1253 1796 1416 1850 opera
1451 1789 1564 1835 tum
1593 1782 1926 1846 daemonum,
1965 1791 2077 1835 tum

2194 1786 2374 1838 πᾶσαν
2397 1784 2685 1855 ἐπαρχίαν,
2719 1783 2806 1835 διά
2824 1799 2883 1835 τε
2912 1781 3198 1851 δαιμόνων,
3232 1779 3322 1832 διά
3352 1797 3412 1831 τε
3438 1779 3552 1831 τῶν
3575 1779 3740 1849 αἰσθη-

513 1873 862 1942 δειιεὶιιὶιίιιηι
916 1873 1221 1937 hominum,
1274 1874 1367 1943 qui
1412 1874 1633 1928 dicant:
1686 1873 1800 1929 Rex
1854 1891 2082 1944 magnus

512 1971 675 2017 natus
714 1975 797 2017 est
830 1978 990 2031 super
1031 1974 1265 2028 terram,
1325 1962 1503 2018 venite
1557 1979 1747 2020 omnes
1799 1966 2081 2019 adoratum

512 2071 663 2121 cum,
694 2064 977 2125 properate
1004 2070 1192 2110 omnes
1223 2056 1287 2109 ad
1342 2057 1666 2125 spectandas
1700 2058 1843 2111 vires
1893 2067 2084 2126 poten-

514 2148 605 2202 ti-.e
633 2148 772 2217 ejus.
827 2147 904 2200 En
960 2149 1114 2202 vobis
1168 2149 1447 2217 praestabit
1485 2149 1840 2212 frumentum,
1895 2150 2079 2202 vinum

510 2240 669 2294 vobis
702 2241 981 2310 largietur,
1021 2255 1150 2308 Opes
1202 2241 1468 2309 pretiosas
1500 2257 1563 2295 ac
1612 2242 1872 2295 sublimes
1905 2240 2083 2309 digni-

514 2339 673 2386 tates.
702 2330 833 2400 Ejus
886 2346 1123 2400 namque
1174 2332 1400 2401 imperio
1426 2333 1603 2386 omnis
1637 2340 1774 2385 terra
1823 2349 2082 2401 mareque

516 2422 876 2491 obtemperat.
902 2422 981 2475 Ad
1040 2422 1188 2475 illum
1239 2440 1431 2478 omnes
1464 2424 1721 2477 accedite.
1751 2421 1871 2477 lion
1899 2425 2082 2479 cuncti

515 2512 762 2567 ciborum
799 2513 1025 2584 penuria
1074 2514 1351 2576 accedent,
1386 2525 1547 2582 atque
1570 2514 1873 2568 adorabunt
1904 2530 2026 2568 eum
2067 2534 2079 2569 :

516 2604 719 2673 quibus
747 2604 897 2658 dabit
925 2605 1290 2659 characterem
1322 2608 1375 2659 in
1405 2607 1591 2660 dextra
1620 2622 1782 2660 manu
1809 2618 1862 2659 et
1886 2606 2082 2673 fronte,

511 2708 581 2747 ne
603 2694 726 2763 quis
753 2694 942 2748 dextra
977 2711 1073 2750 sua
1098 2697 1384 2765 pretiosam
1414 2698 1558 2752 illam
1582 2716 1794 2753 crucem
1824 2701 2007 2770 pingat
2031 2704 2084 2755 in

510 2784 691 2840 fronte
723 2803 737 2838 :
774 2785 1041 2855 siquidem
1070 2802 1263 2842 manus
1285 2788 1403 2857 ejus
1427 2790 1589 2858 ligata
1607 2784 1706 2844 est.
1725 2789 1801 2844 Ex
1819 2807 1927 2860 quo
1954 2801 2089 2846 tem-

513 2892 647 2948 pore
670 2893 778 2932 non
804 2877 1001 2947 poterit
1021 2877 1189 2931 ullum
1216 2880 1431 2949 signare
1453 2881 1819 2935 membrorum
1839 2897 2084 2948 suorum,

512 2972 605 3025 sed
625 2970 1230 3035 adhaerebitseductori,
1248 2972 1405 3041 eique
1430 2972 1647 3038 serviet,
1664 2988 1833 3042 neque
1858 2973 2088 3029 ducetur

2184 1877 2290 1931 τῶν
2314 1876 2410 1930 άνο
2421 1875 2636 1948 ρώπων,
2670 1874 2952 1942 λεγόντων·
2975 1874 3095 1925 Ὅτι
3121 1871 3371 1941 βασιλεὺς
3407 1871 3586 1941 μέγας
3608 1871 3740 1938 τέγει

2183 1987 2270 2023 νεν
2296 1971 2388 2022 ἐπὶ
2414 1969 2512 2039 τῆς
2544 1969 2663 2038 γῆς’
2696 1966 2847 2019 δεῦτε
2881 1964 3081 2025 πάντες
3138 1965 3216 2025 είς
3268 1962 3642 2034 προσκύνησιν
3669 1962 3740 2013 αὑ-

2180 2060 2294 2114 τοῦ·
2330 2058 2481 2112 δεῦτε
2534 2059 2733 2121 πάντες
2784 2056 3078 2110 θεάσασθαι
3124 2055 3220 2126 τὴν
3277 2057 3431 2126 ἰσχὺν
3462 2056 3567 2125 τῆς
3608 2057 3738 2108 δυνὰ-

2185 2169 2331 2222 μεως
2358 2151 2541 2205 αὑτοῦ·
2580 2151 2687 2203 ίδοὺ
2714 2149 2821 2219 γάρ
2871 2150 2997 2219 ὑμῖν
3046 2148 3138 2201 καὶ
3182 2151 3323 2200 σῖτον
3356 2147 3610 2218 παρέξει,
3663 2148 3737 2201 καὶ

2182 2240 2324 2297 οἶνον
2374 2245 2503 2313 ὑμῖν
2562 2242 2863 2313 χαρίσεται,
2918 2241 3011 2293 καί
3065 2238 3291 2317 πλοῦτον
3342 2240 3635 2310 πολυτελῆ,
3666 2241 3738 2291 καὶ

2182 2337 2337 2404 ἀξίας
2364 2336 2619 2408 μεγάλας·
2662 2336 2737 2406 τῷ
2788 2334 2896 2405 γὰρ
2935 2333 3263 2403 κελεύσματι
3314 2333 3483 2385 αὑτοῦ
3538 2334 3737 2400 rint)

2175 2431 2257 2500 Δγῆ
2286 2429 2378 2483 καὶ
2414 2428 2655 2481 θάλασσα
2715 2426 2999 2479 ὑπακούειο
3059 2424 3210 2477 δεῦτε
3267 2425 3471 2487 πάντες
3507 2426 3643 2494 προς
3670 2424 3740 2475 αὒ-

2183 2520 2294 2573 τόν.
2328 2521 2438 2573 Καὶ
2484 2521 2687 2583 πάντες
2741 2517 2829 2570 διὰ
2864 2516 2960 2587 τὴν
3004 2517 3259 2587 Δστέρησιν
3285 2516 3394 2567 τῶν
3433 2515 3734 2586 βρωμάτων,

2185 2614 2272 2664 ἐπ’
2306 2612 2466 2665 αὑτὸν
2524 2611 2852 2673 ἐλεύσονται,
2903 2608 2997 2662 καὶ
3052 2610 3525 2680 προσκυνήσουσιν
3575 2608 3735 2661 αὑτὸν·

2186 2706 2279 2758 καὶ
2309 2702 2468 2757 δώσει
2492 2704 2673 2766 αὑτοῖς
2703 2704 2963 2773 χάραγμα
2996 2704 3053 2753 ἐν
3100 2702 3164 2770 τῇ
3195 2699 3338 2771 χειρὶ⁵
3366 2702 3433 2769 τῇ
3464 2700 3633 2768 δεξιᾷ,
3662 2699 3738 2750 καὶ

2186 2796 2243 2847 ἐν
2270 2795 2347 2866 τῷ
2372 2795 2624 2866 μετώπῳ,
2685 2796 2772 2847 ἵνα
2805 2794 2877 2864 μή
2911 2810 2993 2856 τις
3026 2792 3115 2844 τὸν
3141 2792 3319 2861 τίμιον
3358 2792 3587 2862 σταυρὸν
3613 2792 3740 2858 ποιή-

2189 2896 2256 2959 σῂ
2282 2887 2391 2959 (14)
2419 2888 2475 2939 ἐν
2510 2888 2588 2957 τῷ
2642 2885 2877 2957 μετώπῳ
2921 2888 2986 2955 τῇ
3019 2885 3166 2954 δεξιᾷ
3196 2882 3359 2935 αὑτοῦ
3395 2885 3538 2955 χειρί
3563 2901 3577 2913 ’
3627 2882 3739 2935 άλλὰ

2187 2980 2389 3033 δέδεται
2446 2978 2609 3032 αὑτοῦ
2649 2980 2681 3048 ἡ
2743 2977 2861 3048 χείρ
2892 2976 3022 3045 (15).
3060 2976 3168 3027 Καὶ
3228 2975 3336 3028 ἀπὸ
3366 2975 3490 3026 τότε
3519 2976 3618 3043 οὑχ
3648 2973 3739 3037 ἕξει

510 3064 871 3133 paenitudine.
901 3061 1005 3118 Sed
1030 3064 1186 3134 periit
1221 3064 1309 3118 ille
1340 3073 1450 3118 tum
1478 3066 1619 3135 quod
1661 3066 1725 3119 ad
1753 3065 1941 3131 Deum,
1973 3077 2081 3121 tum

2191 3073 2435 3138 ἐξουσίαν
2498 3071 2792 3143 σφραγίσαι
2822 3086 2874 3121 τι
2915 3068 3022 3120 τῶν
3058 3066 3231 3137 μελῶν
3279 3068 3467 3120 arb-.05-
3518 3067 3651 3121 ἀλλὰ
3677 3065 3739 3133 τῷ

509 3154 657 3225 quod
695 3155 761 3208 ad
794 3155 1044 3210 homines
1074 3156 1284 3209 attinet.
1315 3154 1391 3209 Ita
1419 3157 1672 3210 seductor
1708 3156 1795 3211 ille
1823 3157 1972 3210 dabit
2002 3157 2082 3211 eis

508 3261 683 3317 pauca
698 3247 921 3313 cibaria,
937 3248 1095 3317 idque
1111 3247 1180 3301 ob
1198 3247 1467 3316 impurum
1486 3247 1715 3317 sigillum
1733 3264 1913 3302 suum.
1930 3248 2085 3317 Sigil-

510 3339 623 3392 lum
643 3339 789 3393 illius
812 3350 920 3392 tam
951 3340 1003 3392 in
1025 3338 1203 3394 fronte
1221 3355 1384 3408 quam
1412 3339 1596 3394 dextra
1622 3355 1782 3392 manu
1800 3348 1883 3393 est
1909 3340 2085 3394 calcu-

508 3431 596 3485 lus
613 3430 717 3502 χξς-
736 3431 801 3483 τί.
821 3432 988 3497 Αι,ιιι
1017 3432 1230 3501 opinor,
1259 3447 1435 3501 neque
1468 3432 1732 3499 certolhoc
1763 3432 1898 3496 scio,
1936 3433 2079 3501 quod

511 3523 569 3577 in
599 3524 868 3592 scriptura
899 3538 1020 3592 qua:
1043 3523 1203 3577 estin
1253 3523 1462 3577 calculo
1494 3523 1605 3587 illo,
1636 3524 1903 3592 permulta
1926 3540 2079 3593 repe-

511 3615 725 3670 riantur
754 3614 998 3681 nomina,
1039 3630 1160 3684 qua:
1216 3630 1500 3670 numerum
1554 3616 1705 3669 illum
1742 3616 1992 3670 habeant.
2015 3618 2084 3670 At

512 3707 744 3761 dicimus
770 3705 1001 3763 fortasse
1030 3708 1355 3777 scripturam
1390 3708 1538 3761 illius
1566 3707 1727 3777 sigilli
1754 3723 1875 3762 esse
1892 3708 2085 3779 ἀρνοῦ-

515 3815 638 3871 μαι,
673 3798 728 3853 id
760 3806 845 3854 est
881 3812 1028 3867 nego.
1080 3797 1214 3851 Nam
1238 3808 1396 3852 antea
1421 3813 1638 3867 quoque
1669 3797 1845 3852 hostis
1870 3798 1957 3852 ille
1985 3815 2083 3853 no-

512 3892 599 3948 bis
628 3892 973 3947 adversarius
1028 3907 1192 3963 opera
1252 3892 1624 3947 ministrorum
1672 3907 1919 3958 suorum,
1979 3893 2082 3949 hoc

510 3998 615 4051 est,
648 3986 1093 4051 idololatrarum,
1132 3986 1333 4040 Christi
1389 3994 1654 4054 martyres
1698 3985 2028 4041 hortantium
2060 4006 2073 4041 :

509 4080 734 4151 Negato,
764 4080 961 4145 aiebat,
991 4080 1157 4134 Deum
1192 4088 1340 4132 tuum
1364 4076 1704 4132 crucifixum.

2189 3165 2377 3236 πλάνῳ
2410 3163 2859 3236 προστεθήσεται,
2920 3160 3012 3213 κα)⁵
3042 3159 3189 3229 αὐτῷ
3216 3160 3514 3212 δουλεύσει·
3544 3160 3636 3211 καὶ
3663 3176 3743 3228 με·

2186 3257 2372 3309 τάνοια
2406 3258 2462 3308 ἐν
2485 3252 2631 3324 αὑτῷ
2662 3254 2761 3306 οὑκ
2790 3252 2953 3304 ἔστιν·
2985 3250 3118 3303 ἀλλὰ
3153 3253 3181 3302 ὁ
3211 3251 3449 3315 τοιοῦτος
3482 3251 3592 3321 (16)
3620 3250 3742 3303 ἀπώ-

2185 3348 2324 3413 λετο,
2356 3349 2447 3401 καὶ
2476 3346 2582 3400 ἀπὸ
2611 3344 2767 3408 Θεοῦ,
2812 3344 2905 3398 καὶ
2958 3346 3064 3397 ἀπὸ
3104 3344 3423 3415 ἀνθρώπων,
3474 3344 3567 3397 καὶ
3598 3344 3741 3398 δώσει

2185 3442 2366 3503 αὐτοῖς
2397 3442 2425 3492 ὁ
2460 3438 2658 3501 πλάνος
2695 3436 2899 3508 βραχέα
2959 3435 3220 3507 βρώματα
3242 3437 3327 3489 διὰ
3357 3436 3455 3506 τήν
3488 3435 3740 3507 σφραγῖδα

2184 3530 2346 3585 αὑτοῦ
2372 3530 2468 3602 τὴν
2532 3528 2752 3600 μιαράν.
2789 3529 2851 3579 Ἠ
2910 3527 2967 3580 δὲ
3014 3529 3250 3599 σφραγὶς
3300 3528 3468 3581 αὑτοῦ
3516 3529 3608 3581 ἐπὶ
3660 3526 3739 3579 τοῦ

2183 3622 2453 3697 μετώπου,
2510 3621 2603 3674 καὶ
2648 3620 2743 3672 ἐπὶ
2780 3617 2881 3689 τῆς
2926 3618 3105 3683 δεξιᾶς
3161 3619 3341 3691 χειρός
3389 3621 3509 3673 ἐστι
3557 3620 3738 3689 ψῆφος,

2179 3709 2573 3786 χξΕῙ.Καὶ,ὡς
2594 3708 2747 3783 οἶμαι
2804 3712 2937 3782 (17),
2993 3712 3113 3764 οὑδέ
3157 3712 3400 3783 ἀκριϐῶς
3456 3713 3741 3783 ἐπίσταμαι

2177 3806 2355 3860 τοῦτο⁸
2393 3807 2449 3858 ἐν
2473 3808 2541 3875 τῇ
2576 3806 2756 3874 γραφῇ
2806 3802 2913 3871 γάρ
2945 3802 3112 3855 πολλὰ
3153 3805 3211 3855 ἐν
3242 3802 3319 3873 τῷ
3369 3804 3540 3874 ψήφῳ
3584 3803 3743 3870 τούτῳ

2179 3901 2416 3969 ὀνόματα
2448 3896 2724 3966 εῦρηνται.
2772 3894 2929 3947 Ἀλλὰ
2957 3896 3184 3966 λέγομεν
3226 3897 3354 3959 ἴσως
3390 3899 3621 3966 γράφειν
3644 3894 3739 3963 (IS)

2185 3990 2281 4061 τὴν
2310 3991 2479 4061 αὑτὴν
2536 3986 2824 4058 σφραγῖδα·
2875 3987 3165 4061 ’Λρνοὺμαι
3209 3989 3339 4059 (19).
3413 3988 3630 4058 Ἐπειδὴ
3658 3988 3742 4039 καὶ

2186 4081 2374 4155 πρώην
2400 4081 2485 4134 διὰ
2527 4080 2634 4133 τῶν
2664 4079 2947 4149 ὑπηρετῶν
2978 4079 3140 4133 αὑτοῦ
3174 4083 3201 4134 ὁ
3230 4082 3505 4145 ἀντίδικος
3540 4079 3738 4152 ἐχθρὸς.

510 4176 544 4247 ἢ
587 4173 715 4243 γοῦν
747 4172 859 4243 (20)
920 4173 1026 4226 τῶν
1077 4170 1492 4242 είδωλολατρῶν,
1517 4173 1628 4235 τοῖς
1684 4168 1918 4242 μάρτυσι
1962 4171 2053 4225 τοῦ
2086 4174 2322 4246 Χριστοῦ
2360 4174 2469 4244 (Ἣ)
2516 4173 2848 4244 προέτρεπον
2901 4175 2948 4224 oi
3004 4172 3227 4242 ἄνομοι·
3263 4173 3559 4245 Ἀρνησαι,
3600 4173 3739 4243 φησὶ,

510 4264 604 4318 τὸν
626 4264 756 4317 Θεόν
790 4281 880 4317 σου
904 4264 995 4318 τὸν
1027 4266 1455 4335 ἐσταυρωμένον.

582 4380 629 4413 ⁷⁸
662 4379 828 4450 Apoc.
859 4393 1020 4448 xvni,
1069 4381 1157 4436 18.

729 4520 815 4592 Β..
845 4520 1258 4592 μακαρίζουσιν.

584 4590 699 4729 (11)
742 4590 926 4661 ’Υμῶν
951 4590 1101 4647 deest
1127 4594 1180 4645 in
1210 4592 1269 4647 Β.

585 4661 675 4727 (12
725 4660 859 4717 Ibid.
890 4663 1087 4717 desunt
1118 4664 1277 4716 verba
1304 4662 1395 4715 καὶ
1425 4662 1641 4729 γνωστιῖ

585 4660 696 4732 (12)
725 4660 859 4717 Ibid.
890 4663 1087 4717 desunt
1118 4664 1277 4716 verba
1304 4662 1395 4715 καὶ
1425 4662 1704 4732 γνωστῶν.

586 4731 696 4852 g3)
730 4732 813 4785 AI.
857 4732 968 4811 Pici
1026 4734 1216 4813 codev,
1241 4737 1358 4795 ταῖς
1382 4735 1689 4813 ήμετέραις
1723 4733 1943 4805 ψυχαῖς.
1978 4734 2083 4789 Sed

513 4800 568 4856 In
643 4841 655 4854 .
696 4810 840 4857 totus
868 4804 953 4856 lnc
981 4802 1134 4856 locus
1171 4814 1239 4856 ita
1293 4805 1526 4859 ICEIltll‘:
1561 4807 1679 4857 Ὅτι
1707 4806 1797 4858 τὸν
1824 4805 2083 4859 ὀδυνηρὸν

514 4820 568 4856 ιιι
597 4820 655 4854 n.
696 4820 840 4857 torus
868 4820 953 4856 IIIC
983 4820 1134 4856 locus
1171 4820 1239 4856 na
1293 4820 1488 4873 tegitur
1514 4823 1526 4857 :
1572 4820 1679 4857 υτι
1707 4820 1797 4858 τον
1824 4820 2081 4876 οουνηρον

514 4870 825 4957 καιρδνροὺκ
848 4872 1115 4957 ὲφθάσατε
1148 4873 1294 4957 ἰδεῖν,
1344 4874 1462 4957 οὑδέ
1486 4875 1577 4927 τὸν
1608 4875 1783 4957 λιμὸν,
1813 4875 1903 4957 τον
1925 4876 2081 4957 συνέ-

512 4938 677 5013 χοντα
698 4943 861 5068 ήὲιᾶς·
889 4938 1030 4995 εἶτα
1071 4943 1378 5013 ἐντάλματα
1422 4946 1450 4995 ὁ
1486 4938 1677 5016 μιαρὸς
1732 4945 1869 4997 κατὰ
1902 4947 2083 4998 πᾶσαν

510 5011 666 5064 πόλιν
697 5014 723 5063 ὲ
759 5012 1064 5068 αποστελεῖ.
1118 5015 1212 5066 καὶ
1268 5016 1358 5066 ἐπὶ
1392 5016 1570 5067 πᾶσαν
1600 5016 1867 5068 ἐπαογίαν
1898 5016 1986 5068 διά
2014 5032 2073 5067 τε

510 5030 666 5064 πολιν
697 5030 1064 5075 εςαποστελει,
1118 5030 1212 5066 και
1268 5030 1358 5066 επι
1392 5030 1570 5067 πασαν
1600 5030 1867 5085 ἐπαρχιαν
1898 5030 1986 5068 οια
2014 5032 2073 5067 τε

510 5078 775 5154 δαιμόνων
806 5081 894 5154 διά
924 5098 983 5134 τε
1020 5083 1319 5154 ἀνθρώπων
1349 5084 1630 5151 λεγόντωνο
1658 5086 1821 5137 Δεῦτε
1874 5086 2074 5148 πάντες

512 5148 803 5225 θεάσασθαι
822 5151 919 5225 τὴν
949 5154 1097 5222 ἰσχὺν
1119 5148 1208 5206 καὶ
1228 5154 1324 5224 τὴν
1345 5148 1569 5225 δύναμιν
1592 5155 1776 5225 αὑτοῦ,
1809 5155 1889 5225 ὅτι
1924 5155 2075 5225 βασι-

510 5219 647 5295 λεὺςγ
657 5221 825 5295 μέγας
851 5219 1187 5295 γέγονενμὲίπὶ
1214 5219 1312 5295 τὴν
1343 5226 1464 5293 γῆν.
1482 5219 1607 5278 ’Καὶ
1629 5224 1782 5277 δεῦτε
1812 5219 2073 5277 θεάσαθαι

509 5289 608 5362 τὴν
637 5289 789 5365 ίσχὺν
821 5289 1041 5365 καὶςτὴν
1074 5289 1301 5365 δύναμιν
1328 5289 1512 5348 αὑτοῦ,
1557 5296 1685 5347 Ἰδοὺ
1709 5295 1817 5365 γάρ
1850 5296 1944 5348 καὶ
1994 5296 2076 5346 σῖ-

508 5375 602 5414 τον
620 5364 762 5433 ὑμίν
793 5362 1035 5433 παρέξει,
1058 5373 1160 5417 etc.

584 5432 695 5505 (14)
722 5432 777 5485 In
797 5432 857 5486 Β.
880 5445 997 5487 est:
1042 5433 1133 5485 τὸν
1194 5433 1373 5504 τίμιον
1416 5436 1509 5487 καὶ
1553 5435 1810 5499 ζωοποιὸν
1844 5432 2074 5505 σταυρὸν

509 5503 1058 5653 :magflyerbandhkd
1090 5571 1292 5653 δέδεται
1320 5571 1480 5627 αὑτοῦ
1509 5577 1541 5646 ἡ
1575 5576 1697 5649 χεὶρ
1736 5574 1979 5646 supplevi
2007 5590 2075 5629 ex

510 5636 573 5695 Β.
590 5636 652 5693 ἐι
675 5636 853 5697 altero
884 5642 997 5698 Pici
1021 5644 1229 5698 codice.

579 5707 692 5779 (l6)
723 5711 806 5766 Al.
857 5711 969 5769 Pici
1024 5714 1217 5783 codex,
1247 5714 1381 5771 ἀλλά
1427 5733 1480 5770 τι
1514 5715 1695 5781 αὐτὸς.
1725 5717 1831 5773 Sed
1859 5716 1915 5772 in
1952 5712 2013 5769 Β.
2046 5716 2077 5769 ιδ

2113 4529 2158 4584 D
2185 4522 2420 4585 τοιοῦτος
2456 4522 2627 4577 abest.

2257 4596 2368 4664 (-l7)
2393 4594 2476 4657 B.,
2501 4594 2593 4645 καὶ
2633 4590 2791 4653 αὑτὸς
2842 4587 3015 4660 οἶμαι,
3048 4588 3166 4642 οὐδὲ
3197 4586 3306 4658 γὰρ
3349 4585 3600 4709 ἀκριϐῶς
3632 4586 3741 4639 ἐπί-

2257 4682 2383 4709 ιιιαι
2433 4665 2633 4709 τούτων
2686 4662 2783 4709 τὴν
2835 4659 3083 4709 γοαωὴν-
3154 4657 3325 4709 πολλὰ
3386 4675 3420 4709 γ
3465 4675 3495 4709 ο
3556 4657 3741 4709 ὀνόμα-

2183 4657 2383 4735 σταμαι
2433 4665 2633 4715 τούτων
2686 4662 2783 4733 τὴν
2835 4657 3083 4732 γραφὴν,
3154 4657 3325 4711 πολλὰ
3386 4657 3495 4729 γὰρ
3556 4657 3743 4727 ὀνόμα-

2180 4753 2268 4799 τα,
2300 4748 2403 4788 t‘IC.

2253 4805 2362 4881 αξ)
2394 4803 2494 4881 [ει-ν
2526 4802 2761 4881 γραφήν-
3206 4869 3216 4881 .
3256 4869 3305 4881 ..

2222 4864 2365 4956 ,(19)
2399 4864 2511 4956 Vox
2538 4864 2825 4956 ’ἀρνοῦμαι
2846 4886 2954 4925 non
2987 4864 3743 4956 respondebit‘num‘erooﬁb.

2182 4938 2287 5000 nisi
2339 4938 2613 5013 postrema
2676 4938 2879 5012 sjllaba
2911 4938 3178 4995 scribatur
3205 4956 3231 4993 ε
3268 4938 3431 5009 ψιλῷ,
3463 4949 3635 5006 atque
3682 4949 3745 4987 ita

2183 5016 2344 5069 habet
2408 5014 2569 5068 etiam
2640 5010 2846 5082 Ilaymo
2896 5012 2991 5065 lib.
3060 5026 3146 5075 tv,
3220 5010 3276 5063 in
3340 5007 3746 5079 Apocalypsin,

2182 5086 2479 5221 ἀρῖἕδέλῗι.
2507 5152 2619 5206 Pici
2650 5152 2840 5215 codex,
2878 5152 3065 5222 ήγουν.

2252 5215 2449 5293 (21)Β.
2482 5242 2493 5276 :
2531 5224 2667 5285 Τοὺς
2719 5215 2997 5293 μάρτυρας
3048 5217 3141 5293 τοῦ
3190 5216 3429 5293 Χριστοῦ
3475 5215 3752 5293 προετρέ-

2176 5290 2416 5348 ποντοόἱ
2451 5294 2661 5364 ἄνομοι·
2689 5290 2971 5364 ᾏρνησαι,
3008 5290 3160 5361 φησὶ,
3200 5290 3752 5364 βεᾼὸν-τὸν-ἐσταυρω-

2228 5365 2362 5417 ένον.
2400 5359 2649 5437 Τοιοῦτον
2674 5359 2772 5416 οὖν’
2814 5359 3114 5437 γενήσεταί
3134 5360 3229 5437 καὶ
3260 5360 3353 5411 ἐπὶ
3382 5359 3478 5437 τοὺ
3526 5359 3755 5437 μισολά-

2213 5452 2271 5487 ου
2297 5433 2567 5506 διαβόλου,
2600 5436 2659 5506 ἡ.
2696 5429 3116 5506 σφραγὶςαὺτοῦ
3147 5429 3393 5506 λέγουσα·
3421 5430 3752 5506 ξΑρνοῦμ-σει,

2185 5505 2337 5575 φησὶ,
2350 5500 2707 5587 *τδνποιητὴν
2738 5500 2834 5587 τοῦ
2862 5501 3088 5581 οὐρανοῦ
3127 5502 3220 5587 καὶ
3250 5500 3349 5587 τῆς
3379 5502 3480 5570 γῆς
3503 5517 3518 5528 °
3557 5500 3755 5587 dem-3:

2186 5568 2284 5646 μαι
2316 5568 2376 5628 τὸ
2414 5568 2725 5653 βάπτισμα.ζ
2787 5568 3052 5645 ἀρνοῦμαι
3101 5571 3200 5642 τὴν
3261 5568 3447 5649 πίστιν
3508 5568 3623 5640 μου
3668 5568 3757 5622 καὶ

2188 5646 2245 5699 σὲ
2278 5644 2585 5718 προσκυνῶ.
2623 5644 2791 5697 Τουτο
2822 5644 2929 5714 γὰρ
2955 5643 3047 5696 καὶ
3078 5643 3130 5696 0i
3155 5656 3453 5713 προφηται,
3476 5650 3598 5695 etc.
