3862 6500
191 321 295 377 955

1119 315 1390 374 SPURIA.
1427 345 1498 356 —
1537 315 1626 371 DE
1663 313 2257 372 CONSUMMATIONE
2295 311 2529 369 MUNDI.

3329 313 3433 371 954

259 437 453 494 XXIX.
487 437 738 493 Τοιοῦτον
769 438 1052 509 γενήσεται
1087 439 1178 491 καὶ
1209 439 1302 492 ἐπὶ
1346 437 1440 492 τοῦ
1475 437 1761 509 μιωκάλου

1933 435 2127 491 XXIX.
2169 435 2302 491 Tale
2328 435 2433 490 erit
2478 443 2722 506 tempore
2770 434 2938 497 illius.
2973 435 3276 492 honestatis
3307 449 3432 491 om-

191 533 225 603 ἡ
261 532 498 603 σφραγὶς
557 530 806 598 λέγουσα·
850 529 1162 601 Ἀρνοῦμαι,
1212 530 1366 601 φησὶ,
1417 529 1508 584 τὸν
1539 528 1763 600 ποιητὴν

190 622 426 694 οὐρανοῦ
458 639 518 675 τε
550 621 643 674 καὶ
670 622 794 692 γῆς’
827 621 1094 695 ἀρνοῦμαι
1139 620 1201 674 τὸ
1231 620 1528 692 βάπτισμα,
1570 619 1763 692 ἀρνοῦ-

199 733 297 784 μαι
353 714 450 785 τὴν
477 713 728 784 λατρείαν
762 730 866 782 μου
899 714 992 767 καὶ
1025 713 1108 766 σοὶ
1145 711 1522 784 προστίθεμαι,
1577 713 1671 766 καὶ
1703 713 1764 764 σὲ

197 807 458 861 πιστεύω.
487 806 656 858 Τοῦτο
685 805 793 876 γὰρ
822 807 870 858 οἱ
902 805 1172 876 προφῆται
1222 803 1548 875 κηρύξουσιν
1595 803 1764 874 Ἑνὼχ

193 903 286 955 καὶ
311 901 511 966 Ἠλίας,
544 901 648 966 ὅτι,
677 899 770 972 Μὴ
801 897 1055 968 πεισθῆτε
1078 896 1156 967 τῷ
1189 895 1429 966 μέλλοντι
1455 895 1762 948 ἐλεύσεσθαι

192 995 290 1046 καὶ
314 993 546 1063 ὀφθῆναι
578 991 776 1064 ἐχθρῷ,
811 991 892 1044 ὅτι
927 990 1194 1052 ἀντίδικός
1222 990 1331 1061 (22)
1361 992 1478 1042 ἐστι
1513 989 1606 1042 καὶ
1636 989 1764 1057 φθο-

193 1088 342 1156 ρεὺς,
378 1087 472 1138 καὶ
501 1085 614 1147 υίὸς
643 1085 742 1155 τῆς
789 1083 1085 1148 ἀπωλείας,
1119 1085 1211 1137 καὶ
1248 1083 1421 1153 πλανᾷ
1455 1084 1597 1154 ὑμᾶς
1630 1082 1759 1153 (25),

187 1178 286 1230 καὶ
314 1176 401 1230 διὰ
424 1175 580 1228 τοῦτο
613 1176 757 1246 ὑμᾶς
787 1175 896 1245 (ει)
929 1177 1236 1237 ἀποκτενεῖ,
1283 1177 1375 1228 καὶ
1430 1175 1486 1227 ἐν
1524 1174 1762 1246 ῥομφαίᾳ

188 1266 421 1333 πατάξει
477 1265 693 1331 αὐτούς.
745 1266 980 1320 Βλέπετε
1013 1266 1110 1338 τὴν
1161 1266 1366 1338 πλάνην
1399 1266 1490 1320 τοῦ
1543 1265 1758 1338 ἐχθροῦ,

186 1356 483 1426 γινώσκετε
517 1358 616 1420 τὰς
648 1357 896 1428 μηχανὰς
925 1358 1018 1411 τοῦ
1065 1358 1257 1418 δολίου,
1297 1358 1413 1421 πῶς
1442 1358 1528 1411 διά
1563 1359 1761 1420 παντὸς

190 1448 437 1502 σκοτίσαι
472 1447 716 1518 βούλεται
737 1449 828 1501 τὸν
859 1448 983 1502 νοῦν
1011 1449 1118 1502 τῶν
1151 1448 1470 1520 ἀνθρώπων·
1502 1451 1626 1511 τοὺς
1653 1449 1758 1521 γὰρ

185 1537 448 1607 δαίμονας
478 1538 643 1590 αὑτοῦ
693 1539 964 1605 ἀποδείξει
1019 1540 1093 1602 ὡς
1121 1541 1385 1608 ἀγγέλους
1441 1540 1755 1611 φωτεινοὺς,

187 1631 281 1682 καὶ
303 1630 562 1700 στρατιάς
587 1631 892 1701 ἀσωμάτων
949 1633 1294 1704 παρεισάξει,
1353 1627 1426 1686 ὧν
1469 1635 1567 1687 οὐκ
1614 1635 1761 1687 ἐστιν

186 1723 452 1794 ἀριθμός·
491 1725 584 1776 καὶ
618 1723 923 1795 ἔμπροσθεν
960 1725 1175 1777 πάντων
1217 1725 1549 1779 ἀναδεικνύει
1598 1727 1759 1780 αὑτὸν

188 1817 271 1878 είς
303 1816 395 1869 τὸν
417 1817 643 1887 οὐρανὸν
674 1815 1217 1888 ἀναλαμϐανόμενον,
1256 1818 1391 1888 μετὰ
1423 1818 1756 1888 σαλπίγγων,

184 1909 282 1961 καὶ
321 1909 489 1979 ἢχων,
524 1908 618 1961 καὶ
649 1909 898 1980 κραυγῆς
953 1909 1177 1980 ίσχυρᾶς
1210 1909 1342 1979 (25),
1375 1909 1760 1980 εὐφημούντων

184 2001 352 2054 αὑτὸν
385 2001 697 2072 ἀδιηγήτοις
736 2000 944 2072 ὕμνοις,
980 2002 1073 2054 καὶ
1099 2001 1394 2073 ἐκλάμπων
1425 2001 1612 2075 ὥσπερ
1645 2003 1759 2073 φῶς

180 2096 214 2148 ό
243 2093 346 2163 τῆς
369 2094 588 2157 σκοτίας
620 2092 970 2164 κληρονόμος·
995 2095 1088 2147 καὶ
1115 2095 1242 2148 ποτε
1277 2095 1373 2165 μέν
1401 2097 1480 2158 είς
1501 2096 1761 2167 οὐρανοὺς

183 2186 579 2256 ἀνιπτάμενος,
613 2184 744 2237 ποτέ
783 2184 839 2237 δὲ
876 2186 968 2237 ἐπὶ
999 2185 1098 2255 τῆς
1125 2186 1228 2256 γῆς
1256 2187 1653 2258 κατερχόμενος
1701 2190 1761 2242 ἐν

181 2279 314 2352 δόξῃ
353 2277 582 2352 μεγάλῃ·
626 2278 757 2331 ποτέ
786 2277 841 2330 δὲ
877 2279 971 2331 καὶ
1006 2278 1082 2343 ὡς
1111 2279 1373 2348 ἀγγέλους
1426 2282 1551 2344 τοὺς
1576 2281 1761 2352 δαίμο-

183 2390 286 2436 νας
313 2375 648 2435 ἐπιτάσσων,
681 2371 776 2425 τοῦ
834 2374 1008 2424 ποιεῖν
1037 2371 1104 2425 τά
1149 2371 1429 2443 θελήματα
1457 2373 1566 2445 (26)
1593 2376 1758 2430 αὑτοῦ

187 2465 329 2535 μετὰ
361 2463 557 2518 πολλοῦ
591 2464 755 2534 φόϐου
808 2466 901 2517 καὶ
944 2464 1166 2536 τρόμου.
1203 2465 1336 2518 Τότε
1386 2468 1670 2520 ἀποστελεί
1703 2470 1759 2522 ἐν

183 2557 359 2628 ὖρεσι,
394 2558 486 2611 καὶ
526 2557 828 2629 σπηλαίοις,
883 2555 979 2610 καὶ
1031 2558 1150 2620 ταῖς
1191 2557 1352 2622 ὀπαῖς
1396 2561 1495 2631 τῆς
1525 2562 1628 2632 γῆς
1652 2560 1760 2614 τῶν

181 2649 457 2719 δαιμόνων
479 2649 579 2712 τάς
602 2649 885 2719 φάλαγγας
912 2648 1049 2720 πρὸς
1076 2649 1137 2701 τὸ
1163 2651 1452 2722 ἐρευνῆσαι
1475 2654 1600 2717 τοὺς
1621 2655 1757 2707 ἀπο-

185 2738 488 2809 κρυὸέντας
539 2741 602 2792 ἐκ
658 2739 767 2791 τῶν
798 2739 1088 2811 ὀφθαλμῶν
1122 2741 1308 2804 αὐτοῦ,
1342 2744 1437 2796 καὶ
1483 2761 1761 2816 προσαγα-

184 2835 304 2899 γεῖν
335 2833 533 2896 αὐτοὺς
588 2834 666 2896 είς
704 2833 1072 2903 προσκύνησιν
1133 2835 1328 2888 αὑτοῦ·
1369 2838 1622 2902 καὶτοὺς
1663 2841 1760 2910 μὲν

185 2921 543 2993 πειθομένους
593 2922 742 2993 αὐτῷ
817 2923 1106 2995 σφραγίσει
1159 2928 1224 2996 τῇ
1260 2928 1513 2997 σφραγῖδι
1572 2931 1758 2984 αὐτοῦ’

184 3018 314 3081 τοὺς
345 3017 404 3070 δὲ
431 3016 503 3087 μὴ
539 3016 891 3087 βουλομένους
943 3017 1089 3088 αὐτῷ
1135 3018 1459 3082 ὑπακοῦσαι,
1493 3023 1760 3094 τιμωρίας

1865 531 1952 584 nis
1981 531 2183 595 osoris,
2223 530 2458 602 sigillum
2507 528 2696 587 dicens
2736 547 2750 584 :
2805 527 2952 600 Nego
2983 538 3277 584 creatorem
3308 529 3429 585 coeli

1864 631 1918 676 et
1951 630 2127 686 terra),
2162 637 2302 690 nego
2351 620 2644 690 baptisma,
2695 635 2834 690 nego
2886 619 3258 674 adorationem
3287 635 3317 673 a
3345 634 3433 675 me

1864 712 1975 766 Deo
2006 714 2248 782 praestari
2279 713 2491 768 solitam
2520 731 2533 766 :
2576 711 2672 766 tibi
2730 712 3062 775 adhmresco,
3091 711 3145 764 in
3172 719 3222 764 te
3245 711 3428 766 credo.

1864 802 1978 859 Hoc
2002 806 2146 860 enim
2185 805 2370 860 Enoch
2407 813 2459 859 et
2489 803 2637 860 Elias
2669 806 2948 875 prophetae
2987 805 3384 859 denuntiahunt
3412 822 3426 858 :

1861 896 1941 953 Ne
1973 899 2209 954 credatis
2261 899 2403 954 hosti
2433 900 2526 969 qui
2566 909 2830 954 venturus
2883 905 2967 953 est
3026 906 3080 952 et
3125 897 3426 968 apparebit.

1862 990 2065 1062 Nempe
2095 993 2442 1048 adversarius
2479 1002 2582 1059 est,
2612 1001 2902 1062 corruptor
2925 1002 2977 1046 et
3007 991 3151 1047 filius
3167 992 3431 1062 perditio-

1863 1085 1970 1148 nis,
1998 1094 2051 1140 ct
2085 1086 2294 1141 seducit
2322 1101 2444 1153 vos,
2473 1085 2544 1141 ob
2575 1101 2803 1156 eamque
2825 1101 3048 1140 causam
3096 1101 3194 1140 vos
3221 1085 3429 1139 interli-

1864 1179 1990 1233 ciet.
2037 1178 2104 1233 Et
2145 1180 2422 1250 romphaea
2475 1179 2633 1234 feriet
2679 1179 2820 1234 illos.
2851 1177 3128 1232 Attendite
3181 1177 3429 1232 fraudem

1864 1272 2062 1340 hostis,
2119 1272 2347 1329 insidias
2375 1272 2685 1343 cognoscite
2718 1271 2864 1326 illius
2893 1270 3099 1338 dolosi,
3165 1271 3431 1339 quemad-

1862 1365 2085 1419 modum
2139 1365 2423 1418 hominum
2471 1372 2705 1416 mentem
2766 1361 3123 1416 ohtencbrare
3169 1371 3432 1430 perpetuo

1862 1460 2096 1516 studeat.
2148 1456 2431 1511 Daemones
2481 1454 2627 1510 enim
2688 1469 2818 1509 suos
2871 1452 3019 1508 velut
3086 1451 3431 1521 splendentes

1861 1551 2085 1621 angelos
2111 1549 2318 1615 reddet,
2358 1547 2784 1616 innumerasque
2809 1546 2996 1615 c0pias
3035 1544 3324 1613 spirituum
3351 1545 3434 1597 in-

1861 1659 2248 1714 corporearum
2280 1642 2544 1707 adducet;
2577 1649 2630 1694 et
2656 1655 2840 1694 coram
2874 1638 3126 1693 omnibus
3154 1639 3206 1692 in
3231 1637 3431 1694 caelum

1861 1737 2069 1792 assumi
2125 1752 2183 1790 se
2235 1733 2648 1795 demonstrabit,
2710 1747 2835 1786 cum
2866 1732 3033 1799 tuhis,
3065 1730 3214 1786 sonis
3239 1739 3292 1785 et
3316 1731 3432 1786 cla-

1863 1845 2011 1884 more
2038 1828 2217 1882 valido
2241 1828 2652 1897 prmdicantium
2685 1825 2837 1880 illum
2887 1825 3102 1897 hymnis
3136 1825 3435 1880 indicibili-

1861 1924 1986 1977 bus.
2044 1921 2233 1989 Itaque
2280 1920 2371 1973 ille
2403 1919 2749 1974 tenebrarum
2815 1919 3007 1984 haeres,
3062 1917 3234 1972 instar
3293 1915 3436 1972 lucis

1863 2015 2095 2084 fulgens,
2136 2011 2407 2066 interdum
2453 2011 2687 2065 volitans
2749 2010 2802 2064 in
2863 2011 3053 2072 caelos,
3108 2008 3434 2078 quandoque

1861 2106 2198 2160 descendens
2233 2119 2357 2158 cum
2400 2103 2570 2173 gloria
2601 2118 2795 2171 magna
2839 2117 3000 2162 super
3032 2109 3256 2166 terram,
3289 2116 3433 2154 non-
3538 2122 3548 2132 -

1861 2212 2142 2266 nunquam
2178 2195 2520 2250 daemonibus
2577 2193 2877 2262 imperans,
2933 2191 3082 2246 velut
3129 2191 3336 2261 angelis
3364 2191 3433 2244 ad

1857 2290 2012 2359 jussa
2043 2305 2140 2343 sua
2171 2287 2476 2358 peragenda
2504 2301 2627 2340 cum
2657 2286 2853 2340 timore
2890 2292 2943 2338 et
2971 2291 3205 2338 tremore
3236 2283 3431 2347 multo,

1861 2382 2144 2437 confestim
2201 2381 2378 2435 mittet
2409 2379 2718 2433 daemonum
2772 2377 3030 2431 cohortes
3074 2379 3139 2429 ad
3192 2383 3432 2438 montes,

1863 2474 2149 2543 speluncas
2171 2481 2225 2526 et
2256 2483 2518 2525 cavernas
2544 2479 2722 2534 terrai,
2754 2465 2848 2535 qui
2877 2473 3188 2519 scrutentur
3215 2477 3310 2516 eos
3337 2460 3432 2530 qui

1863 2565 2241 2621 subduxerunt
2271 2577 2390 2616 sese
2420 2562 2488 2616 ab
2520 2560 2694 2614 oculis
2743 2559 2900 2628 ejus;
2955 2566 3007 2611 et
3047 2555 3314 2609 adducent
3337 2566 3435 2606 eos

1863 2659 1930 2714 ad
1954 2656 2294 2712 adorandum
2331 2654 2504 2708 illum.
2535 2651 2614 2706 Ac.
2646 2650 2750 2706 sibi
2791 2650 3225 2718 obtemperantes
3255 2644 3435 2715 sigillo

1864 2763 1964 2805 suo
1989 2746 2228 2811 notabit;
2254 2751 2573 2798 recusantes
2613 2754 2740 2796 vero
2771 2739 3058 2808 imperium
3097 2735 3291 2806 ipsius,
3315 2750 3436 2804 poe-

1862 2841 1949 2895 nis
2003 2835 2519 2906 incomparabilibus
2565 2829 3043 2899 acerbissimisque
3068 2826 3352 2882 ten-mentis
3381 2832 3436 2879 et

1863 2931 2134 2988 machinis
2187 2931 2464 2995 absumet;
2526 2925 2709 2996 qualia
2763 2938 3040 2992 nunquam
3070 2920 3308 2982 fuerunt.
3332 2933 3436 2972 nec

1864 3025 2091 3080 auribus
2152 3023 2315 3076 homo
2390 3017 2660 3088 percepit,
2726 3029 2826 3069 nec
2893 3012 3067 3067 oculis
3119 3010 3433 3065 mortalium

183 3109 563 3172 ἀνεικάστους,
617 3110 708 3162 καὶ
738 3109 1000 3179 βασάνους
1045 3109 1382 3184 πικροτάτας
1403 3147 1417 3173 ,
1451 3111 1545 3166 καὶ
1581 3130 1761 3184 μηχα-

1868 3126 2154 3187 conspecta
2178 3124 2324 3170 sunt.

180 3202 283 3262 νὰς
347 3197 613 3253 ἀναλώσει
673 3199 818 3271 (27),
882 3195 969 3252 οἷα
1030 3201 1149 3254 οὐδέ
1200 3202 1467 3271 ἐγένοντο,
1527 3205 1648 3259 οὺδέ
1704 3209 1785 3271 εἰς
1832 3214 2003 3285 ἀκοὴν
2066 3208 2352 3279 ἀνθρώπου
2405 3204 2668 3278 ἠκούσθη,
2717 3202 2840 3257 οὒτε
2898 3199 3172 3272 ὀφθαλμὸς
3227 3199 3434 3270 βροτῶν

182 3290 470 3346 ἐθεάσατο.

255 3381 427 3436 XXX.
463 3382 736 3454 Μακάριοι
768 3385 816 3437 οἱ
847 3384 969 3437 τότε
1005 3386 1322 3457 νικήσαντες
1355 3387 1444 3441 τὸν
1481 3389 1759 3465 τύραννον,

179 3477 266 3532 δτι
299 3475 452 3545 παρὰ
477 3477 601 3538 τοὺς
656 3474 906 3548 πρώτους
964 3477 1245 3550 μάρτυρας
1297 3480 1619 3555 ἐνδοξότεροι
1669 3489 1762 3541 καὶ

182 3566 511 3638 ὑῂλότεροι
544 3567 757 3638 ἔχουσιν
789 3569 1174 3640 ἀναδειχθῆναι
1204 3571 1336 3644 (28)⁶
1393 3575 1442 3626 οί
1482 3576 1591 3648 γάρ
1622 3579 1762 3651 μάρ-

183 3679 356 3734 τυρες
409 3660 600 3732 πρώην
664 3661 792 3724 τοὺς
845 3660 1010 3714 αὑτοῦ
1077 3663 1424 3727 ὑπασπιστὰς
1482 3667 1758 3739 ἐνίκησαν·

177 3749 330 3808 οῦτοι
361 3754 420 3807 δὲ
447 3753 607 3806 αὑτὸν
640 3752 732 3805 τὸν
779 3753 1022 3808 διάϐολον
1055 3754 1169 3807 υἱὸν
1201 3755 1300 3826 τῆς
1354 3757 1628 3822 ἀπωλείας
1659 3777 1760 3814 κα-

177 3848 624 3911 ταπαλαίσαντες
675 3846 770 3899 καὶ
827 3843 1042 3916 νικηταὶ
1073 3845 1181 3916 (29)
1233 3846 1543 3917 γενόμενοι,
1597 3849 1764 3903 ποίων

176 3941 276 3998 οὖν
334 3941 624 4013 ἐγκωμίων
685 3939 778 3993 καὶ
839 3937 1120 4007 στεφάνων
1151 3939 1211 3991 οὐ
1247 3940 1763 4012 κατακοσμηθήσον-

179 4054 274 4090 ται
346 4035 457 4104 (50)
514 4031 663 4103 παρά
711 4031 807 4084 τοῦ
860 4031 1121 4102 βασιλέως
1181 4030 1338 4102 ἡμῶν
1404 4031 1580 4102 Ἰησοῦ
1623 4033 1764 4106 Χρι-

184 4145 320 4181 στου
339 4144 353 4191 ;

257 4218 456 4274 XXXI.
514 4218 652 4271 Ἀλλ’
687 4218 778 4270 ἐπὶ
835 4217 898 4269 τὸ
947 4215 1307 4287 προκείμενον
1359 4215 1761 4288 ἐπανέλθωμεν.

184 4312 359 4365 Ὅταν
390 4311 500 4384 γὰρ
538 4309 742 4364 λάϐωσι
775 4309 893 4362 τότε
943 4310 991 4360 οἱ
1021 4307 1295 4378 ἄνθρωποι
1321 4309 1420 4380 τὴν
1472 4309 1761 4380 σφραγῖδα,

179 4405 280 4456 καὶ
343 4404 443 4473 οὐχ
493 4401 694 4473 εῦρωσι
727 4399 1103 4473 τροφὰς,οῦτε
1161 4400 1324 4472 ὕδωρ,
1373 4401 1764 4473 προσέρχονται

1937 3396 2107 3451 XXX.
2159 3393 2204 3449 Ο
2249 3393 2456 3456 beatos,
2490 3391 2582 3460 qui
2611 3399 2740 3446 tunc
2766 3397 3056 3460 tyrannum
3097 3384 3249 3438 illum
3284 3383 3436 3438 devi-

1868 3490 2058 3546 cerint.
2085 3488 2294 3558 Quippe
2321 3484 2596 3556 prioribus
2645 3481 2977 3552 martyribus
3024 3478 3346 3533 illustriores
3380 3482 3437 3531 et

1868 3583 2214 3641 sublimiores
2245 3577 2551 3633 declarandi
2579 3583 2706 3630 sunt
2731 3592 2746 3641 ;
2776 3581 3057 3643 propterea
3080 3569 3226 3640 quod
3272 3584 3436 3638 supe—

1868 3680 2040 3734 riores
2071 3684 2334 3746 martyres
2357 3673 2500 3726 illius
2520 3670 2782 3724 duntaxat
2802 3665 3062 3722 satellites
3085 3672 3434 3734 superarunt,

1865 3771 1920 3825 hi
1947 3785 2075 3825 vero
2105 3767 2380 3823 diabolum
2412 3765 2588 3834 ipsum
2623 3761 2791 3816 tilium
2816 3756 3133 3829 perditionis
3157 3769 3436 3826 expugna-

1863 3863 1994 3928 rint,
2026 3877 2089 3916 ac
2115 3859 2395 3914 victoriam
2447 3854 2795 3924 reportarint.
2838 3850 3047 3918 Quibus
3080 3848 3243 3921 igitur
3271 3861 3435 3902 enco-

1865 3955 1988 4010 miis
2020 3963 2074 4008 et
2101 3951 2317 4008 coronis
2349 3963 2457 4004 non
2489 3947 2829 4002 ornahuntur
2867 3959 2897 3998 a
2925 3956 3048 4012 rege
3093 3947 3282 3995 nostro
3307 3936 3432 3994 Iesu

1864 4044 2123 4101 Christo?

1935 4202 2126 4258 XXXI.
2156 4199 2262 4256 Sed
2292 4207 2625 4255 revertamur
2652 4193 2720 4250 ad
2759 4191 3116 4265 propositum.
3149 4187 3303 4242 Tunc
3335 4185 3434 4240 ho-

1867 4298 2041 4352 mines
2063 4293 2154 4349 ubi
2181 4292 2414 4362 sigillum
2437 4289 2764 4359 acceperint,
2791 4302 2891 4340 nec
2911 4299 3086 4350 escas,
3110 4297 3210 4336 nec
3233 4294 3431 4350 aquam

1867 4386 2192 4448 invenerint,
2221 4384 2450 4439 adibunt
2480 4397 2603 4436 eum
2657 4395 2778 4434 cum
2823 4392 2957 4433 voce
3004 4374 3197 4429 acerba
3248 4371 3436 4426 dicen-

176 4495 336 4566 αὑτῷ
365 4464 505 4566 μετὰ
531 4464 795 4564 όδυνηρᾶς
822 4464 1025 4564 ιρωνῆς,
1063 4464 1330 4560 λέγοντές-ο
1365 4464 1464 4555 Δός
1662 4510 1761 4560 φα-

1868 4495 1984 4538 tes:
2019 4480 2098 4534 Da
2127 4478 2287 4534 nobis
2328 4477 2474 4547 quod
2505 4475 2733 4529 edamus
2753 4480 2806 4526 et
2849 4470 3119 4524 bibamus.
3151 4464 3287 4566 Nam
3313 4477 3432 4517 om-

176 4591 304 4658 γείν
330 4587 426 4639 καὶ
460 4589 622 4650 πιεῖν,
655 4586 738 4638 ὅτι
796 4585 997 4647 πάντες
1027 4586 1092 4638 ἐκ
1143 4582 1238 4636 τοῦ
1288 4583 1468 4654 λιμοῦ,
1521 4585 1614 4636 καὶ
1653 4584 1761 4636 ἀπὸ

177 4680 374 4751 πάσης
405 4679 652 4749 ἀνάγκης
683 4678 794 4748 (51)
839 4676 1187 4747 ἐκλείπομεν,
1238 4677 1333 4729 καὶ¹
1389 4675 1644 4741 ἐπίταξον
1671 4675 1762 4729 τὸν

174 4772 418 4844 οὐρανὸν
446 4771 540 4824 τοῦ
569 4769 750 4824 δοῦναι
780 4770 909 4841 ἡμῖν
939 4768 1102 4840 ὓδωρ,
1135 4769 1229 4821 καὶ
1253 4769 1521 4822 ἀπέλασον
1551 4769 1660 4840 (52)
1695 4769 1764 4823 τά

176 4865 597 4937 ἁνθρωποφάγα
642 4863 825 4935 θηρία.
866 4862 999 4915 Τότε
1029 4863 1057 4915 ὁ
1115 4861 1286 4925 δόλιος
1341 4861 1765 4934 ἀποκριθήσεται

181 4956 546 5029 μυκτηρίζων
569 4955 766 5020 αὐτοὺς
800 4954 909 5025 (55)
941 4955 998 5007 ἐν
1053 4953 1220 5024 πολλῇ
1261 4952 1644 5024 ἀπανθρωπίᾳ,
1684 4952 1768 5005 λέ-

176 5067 301 5119 γων
333 5048 469 5119 (54)·
514 5049 570 5101 '0
613 5047 837 5117 οὐρανὸς
889 5047 948 5099 ού
1013 5045 1260 5117 βούλεται
1292 5044 1470 5098 δοῦναι
1524 5044 1760 5115 ὑετόνοή

173 5143 258 5214 τῆ
279 5141 448 5196 πάλιν
480 5141 539 5193 οὐ
573 5139 859 5212 βλαστάνει
908 5137 978 5193 τὰ
1022 5138 1336 5210 γεννήματα
1377 5135 1566 5207 αὑτῆςι
1603 5135 1766 5190 πόθεν

259 5278 378 5403 (22)
415 5277 536 5332 Ὀτι
569 5277 791 5340 πλάνος,
824 5276 884 5329 Β.

279 5351 353 5403 25
407 5346 510 5403 Id..
542 5348 718 5401 πλανᾶ
747 5347 837 5400 τὸν
868 5365 884 5399 i

263 5345 375 5418 (25)
407 5346 510 5413 Id.,
542 5348 718 5418 πλανᾷ
747 5347 837 5400 τὸν
868 5345 1091 5418 κόσμον.

259 5421 378 5490 (24)
414 5420 514 5490 ld.,
549 5418 763 5481 αὐτούς.

259 5486 380 5559 (25)
415 5489 473 5542 1η
508 5490 568 5541 Β.
601 5492 845 5558 sequitur
867 5487 961 5541 καὶ
975 5486 1212 5559 ⁸κτύπων
1245 5486 1582 5558 ἀμετρήτων.

402 5559 486 5638 ’ζμά
518 5557 940 5638 προστάγματα,
973 5557 1035 5612 Β.

262 5623 380 5701 (27)
413 5631 475 5685 Β.
516 5649 528 5684 :
563 5623 874 5701 ’Τιμωρίαις
918 5627 1234 5701 ἀνυκέστοις
1279 5625 1427 5701 _(leg._
1459 5623 1644 5701 ἀνηκ.)
1674 5623 1773 5678 καὶ

181 5696 452 5827 Emathion;
497 5696 842 5773 πικρὰτάτοις
898 5700 1018 5767 (leg.
1063 5696 1437 5771 πικροτάταις)
1481 5696 1760 5750 ἀναλώσει.

242 5774 405 5827 einde
427 5781 622 5827 extera
647 5772 827 5826 omnia
856 5770 1062 5826 omissa
1093 5786 1266 5827 usoue
1290 5773 1354 5826 ad
1381 5769 1655 5827 μακάριοι.

242 5774 405 5829 einde
427 5769 622 5828 (πιθτὰ
647 5772 827 5826 omnia
856 5770 1062 5826 omissa
1093 5769 1266 5840 usque
1290 5773 1354 5826 ad
1381 5769 1655 5839 μακάριοι.

1863 4591 1961 4630 nes
1983 4589 2094 4643 prie
2143 4570 2284 4625 fame
2313 4567 2635 4636 cunctisque
2685 4559 3101 4618 necessitatibus
3127 4555 3430 4611 deficimus.

1862 4667 2000 4722 Jube
2026 4666 2224 4721 malum
2275 4661 2515 4733 praebere
2555 4657 2712 4713 nobis
2756 4668 2975 4724 aquam.
3008 4650 3161 4719 abige
3191 4663 3221 4702 a
3272 4645 3432 4700 nobis

1863 4761 2066 4816 bestias
2112 4757 2364 4812 homines
2437 4752 2780 4807 devorantes.
2856 4744 2994 4798 Tum
3060 4741 3284 4796 dolosus
3339 4737 3431 4791 ille

1863 4851 2222 4921 respondens,
2257 4845 2426 4902 multa
2450 4858 2573 4898 cum
2622 4836 3019 4894 inhumanitate
3068 4827 3431 4888 subsannabit

1864 4944 2008 5012 illos,
2033 4943 2120 4998 bis
2148 4940 2328 4996 verbis
2363 4957 2376 4992 :
2405 4936 2616 4991 Caelum
2662 4942 2824 5003 negat
2864 4927 3120 5000 pluviam,
3149 4933 3292 4978 terra
3320 4934 3430 4973 non

1866 5039 2060 5094 iterum
2088 5031 2343 5106 producit
2371 5029 2614 5103 germina
2659 5041 2794 5082 sua:
2833 5023 3104 5078 undenam
3140 5030 3240 5085 ego
3275 5012 3430 5068 vobis

1865 5103 2126 5184 alimenta
2148 5121 2545 5196 suppeditabo?
2569 5117 2784 5173 Auditis
2832 5114 2918 5169 his
2943 5110 3124 5167 verbis
3155 5105 3331 5162 dolosi
3361 5103 3431 5159 il-

1934 5265 2046 5336 (28)
2098 5263 2216 5336 Id.,~
2234 5259 2723 5336 ἀναδειχθησονται.

1961 5331 2051 5405 29)
2085 5334 2224 5403 Νική
2233 5348 2442 5405 σαντες,

1961 5337 2051 5405 29)
2085 5337 2442 5403 Νικήσαντες,
2477 5337 2535 5383 Β.

1937 5337 2050 5476 (50)
2087 5405 2184 5476 Id.,
2219 5403 2319 5476 οὐκ
2346 5402 2753 5476 ἀξιωθησονται.

1937 5471 2048 5546 (51)
2085 5475 2169 5546 βπ
2209 5475 2304 5546 καὶ
2332 5475 2428 5546 τῆς
2457 5471 2663 5546 ὀδύνης·

1942 5539 2053 5617 (52)
2085 5539 2162 5597 Id.
2187 5539 2500 5617 ad'diti'dtcp‘
2533 5539 2706 5617 ἡμών.

1939 5605 2052 5682 (55)
2085 5605 2891 5686 ίἈποκριθήσεταίαύτοῖς,ΑΒ.
2961 5676 2974 5686 _
3029 5675 3052 5686 _
3254 5667 3276 5680 _

1940 5659 2921 5810 g2;1&3}thmimaesua.
2953 5675 3082 5747 ὑμῖν
3115 5667 3306 5742 φαγεῖν
3339 5659 3437 5719 καὶ

1940 5775 1960 5810 ε
1987 5774 2034 5810 ν.

1871 5774 2034 5813 πιειν.
