3862 6498
470 303 581 363 935

1279 301 1570 359 APPEND.
1614 302 1707 357 Al)
1741 301 2020 357 PARTEM
2055 300 2098 355 II
2136 301 2421 359 OPERUM
2463 302 2521 357 S.
2564 300 2946 357 HIPPOLYTI.

3619 303 3720 359 9'56

472 427 601 495 lius,
631 426 821 484 miSeri
850 436 983 483 tunc
1005 425 1315 497 intelligent
1340 441 1464 481 eum
1494 439 1616 480 esse
1641 423 1950 494 improbum
1985 423 2044 477 il-

2156 424 2280 494 ὑμῖν
2305 421 2461 476 δώσω
2486 421 2594 491 ἐγὼ
2617 421 2879 493 βρώματα
2903 441 2917 487 ;
2979 422 3111 474 Τότε
3143 420 3473 485 ἀκούσαντες
3495 424 3605 477 τῶν
3630 428 3722 495 ρη-

471 517 587 573 lum
625 518 922 573 diabolum.
947 515 1085 571 Tum
1110 517 1367 588 plangent
1389 516 1608 573 misere.
1637 514 1926 585 plorabunt
1948 530 2042 568 ve-

476 611 777 676 hementer,
804 608 997 664 faciem
1018 609 1271 664 manibus
1298 609 1413 663 suis
1432 607 1787 669 contundcnt.
1816 605 2042 675 capillos

474 717 605 756 suos
634 702 881 769 evellent,
917 716 1084 771 genas
1128 700 1404 771 unguibus
1448 699 1849 762 dilacerabunt,
1900 699 2042 753 alius

473 793 565 847 alii
614 794 887 848 dicentes:
938 792 982 847 Ο
1013 792 1471 848 calamitatemlo
1515 791 1769 847 acerbam
1799 791 2045 860 negotia-

473 885 709 940 tionem!
744 902 775 941 ο
801 894 1018 956 pactum
1054 884 1457 940 fraudulentum
1488 885 1500 937 !
1547 899 1581 938 ο
1634 898 1822 938 casum
1856 883 2043 952 ingen-

473 982 616 1033 tem!
672 979 955 1045 Quomodo
1006 996 1106 1036 nos
1152 981 1419 1049 impostor
1486 976 1740 1033 seduxit?
1774 976 2047 1046 quomodo

473 1072 802 1127 adhaesimus
853 1072 947 1127 ei?
999 1072 1275 1142 quomodo
1318 1071 1523 1126 retibus
1576 1071 1724 1126 illius
1757 1069 1899 1139 capti
1954 1084 2048 1123 su-

472 1165 634 1218 mus?
663 1165 939 1235 quomodo
995 1164 1271 1220 verricqu
1320 1164 1469 1218 illius
1518 1163 1717 1232 impuri
1768 1160 2049 1217 conclusi?

476 1257 754 1323 quomodo
790 1255 1102 1325 Scripturas
1136 1255 1419 1310 audientes
1448 1269 1556 1307 non
1580 1250 2048 1321 intelligebamus?

477 1347 759 1417 Siquidem
790 1356 921 1401 tunc
954 1346 1144 1413 illigati
1195 1345 1358 1399 rebus
1386 1344 1511 1398 vita:
1549 1358 1613 1396 ac
1644 1341 1915 1396 desiderio
1946 1340 2045 1393 bu-

470 1439 562 1510 jus
601 1440 783 1494 saeculi
802 1481 817 1506 ,
845 1438 1101 1509 perfacile
1126 1438 1462 1492 adducentur
1494 1436 1562 1495 ad
1583 1435 1856 1490 diabolum
1882 1441 1937 1488 et
1968 1432 2046 1487 si-

474 1533 805 1600 gnabuutur.

2151 516 2336 586 μάτων
2372 514 2467 568 τοῦ
2496 514 2669 569 δολίου
2724 514 2915 568 τούτου
2952 515 3001 567 οἱ
3050 513 3242 577 ἄθλιοι,
3302 517 3590 585 νοήσουσιν
3647 518 3719 571 ὅτι

2147 600 2300 670 οὗτός
2331 609 2481 661 ἐστιν
2521 609 2549 661 ό
2581 607 2816 679 πονηρὸς
2856 606 3119 670 διάϐολος,
3169 607 3262 660 καὶ
3313 608 3574 677 κόψονται
3607 610 3717 662 66-J-

2148 701 2349 773 νηρῶς,
2407 702 2500 755 καὶ
2532 699 2856 754 κλαύσονται
2902 701 3171 770 μεγάλως,
3214 702 3309 754 καὶ
3341 701 3404 753 τὸ
3440 703 3721 772 πρόσωπον

2149 792 2269 853 ταῖς
2302 790 2489 861 χερσὶν
2521 789 2703 843 αὐτῶν
2730 788 2979 860 τύψουσι,
3034 792 3129 843 καὶ
3164 790 3264 853 τὰς
3309 790 3507 862 τρίχας
3551 792 3720 844 αὐτῶν

2147 882 2497 954 διαρρήξουσι
2550 884 2684 955 (55),
2718 885 2952 947 καὶτοῖς
2982 884 3129 951 δνυξι
3161 884 3260 948 τὰς
3294 886 3528 957 παρειὰς
3563 904 3719 939 κατα-

2151 972 2389 1037 ξανοῦσι,
2418 974 2667 1043 λέγοντες
2717 976 2853 1047 πρὸς
2885 977 3163 1047 ἀλλήλους·
3190 980 3255 1031 Ὢ
3289 976 3389 1046 τῆς
3419 980 3716 1049 συμφορᾶς,

2151 1066 2197 1119 ῶ
2226 1067 2325 1138 τῆς
2365 1067 2632 1139 ὀδυνηρᾶς
2673 1068 3073 1140 πραγματείας·
3127 1068 3173 1123 ὣ
3207 1068 3300 1121 τοῦ
3333 1069 3509 1122 δολίου
3543 1071 3721 1125 συναλ-

2155 1158 2455 1229 λάγματος,
2483 1159 2527 1210 ῶ
2560 1160 2656 1213 τοῦ
2688 1161 2943 1230 μεγίστου
2979 1159 3289 1231 πτώματος.
3318 1160 3445 1223 Πῶς
3499 1161 3717 1233 ὲπλανήο

2145 1249 2319 1320 θημεν
2348 1250 2458 1322 (56)
2487 1249 2564 1321 τῷ
2616 1252 2839 1322 πλάνῳ;
2900 1251 3013 1315 πῶς
3057 1252 3514 1323 προσηνέχθημεν
3545 1253 3716 1322 aia-agi;

2148 1344 2267 1407 πῶς
2310 1348 2422 1407 τοῖς
2464 1346 2652 1398 τούτου
2697 1346 2933 1409 δικτύοις
2988 1344 3437 1417 ἐζωγρεύῦημενς
3512 1346 3630 1409 πῶς
3662 1349 3715 1417 τῇ

2152 1438 2324 1508 μιαρᾷ
2350 1436 2514 1489 αὑτοῦ
2549 1439 2760 1509 σαγήνῃ
2807 1438 3299 1508 συνειλκύσθημεν;
3354 1437 3474 1500 πῶς
3512 1437 3716 1491 ἀκούον-

2159 1543 2251 1590 τες
2279 1526 2385 1580 τῶν
2420 1528 2647 1598 Γραφῶν
2675 1529 2734 1580 οὺ
2789 1529 3089 1598 συνιῶμεν;
3119 1526 3227 1579 Καὶ
3260 1526 3369 1598 γὰρ
3419 1527 3544 1580 τότε
3578 1529 3625 1579 οἱ
3652 1526 3716 1579 δε.

471 1626 685 1696 δεμένοι
716 1624 825 1696 (57)
877 1627 934 1677 ὲν
980 1625 1267 1696 πράγμασι
1289 1624 1578 1694 βιωτικοῖς,
1609 1623 1702 1676 καὶ
1762 1624 1829 1693 τῇ
1890 1619 2153 1692 ἐπιθυμία
2205 1622 2296 1675 τοῦ
2348 1622 2541 1687 αἰῶνος
2593 1623 2800 1690 τούτου,
2858 1618 3001 1678 οὗτοι
3041 1623 3281 1695 εὐχερῶς
3324 1625 3718 1696 προσαχθήσον-

473 1737 563 1773 ται
591 1720 664 1790 τῷ
694 1720 943 1790 διαϐόλῳ,
977 1720 1071 1773 καὶ
1096 1719 1584 1791 σφραγισθήσονται
1613 1718 1747 1788 (58).

547 1814 761 1870 XXXII.
803 1819 872 1869 At
906 1817 1058 1870 multi
1091 1816 1185 1885 qui
1216 1815 1438 1870 audient
1470 1814 1780 1883 Scripturas
1810 1812 2042 1874 divinas,

2216 1811 2430 1865 XXXII.
2463 1813 2524 1865 Οἱ
2558 1812 2612 1865 δὲ
2641 1810 2975 1884 ἀκροώμενοι
3002 1810 3109 1864 τῶν
3140 1810 3300 1864 Θείων
3324 1809 3569 1879 Γραφῶν
3596 1809 3711 1880 (59),

475 1926 570 1965 eas
608 1912 938 1965 inmanibus
964 1911 1261 1976 habebunt,
1306 1918 1487 1963 mente
1511 1908 1826 1970 versabunt,
1874 1906 2049 1973 impo-

480 2014 686 2059 sturam
728 2004 873 2058 illius
909 2004 1207 2057 cvitabunt.
1242 2003 1401 2057 Clare
1427 2002 1571 2057 enim
1604 2001 1933 2071 perspicieut
1964 2000 2050 2053 in-

479 2097 649 2153 sidias
695 2096 845 2166 ejus,
878 2106 932 2152 et
968 2098 1283 2166 imposturaa
1319 2097 1719 2164 arrogantiam;
1766 2094 2050 2164 ell'ugient-

476 2204 584 2258 que
614 2204 643 2243 e
678 2188 927 2242 manibus
956 2188 1075 2257 ejus
1116 2189 1184 2242 ad
1215 2195 1430 2243 montes
1452 2189 1520 2253 τ’,
1549 2197 1603 2243 et
1630 2186 2050 2240 occultabuntur

479 2282 533 2334 in
562 2281 808 2335 cavernis
842 2287 1018 2345 terrm,
1058 2295 1182 2335 cum
1222 2282 1479 2351 lacrymis
1518 2289 1575 2335 et
1612 2280 1845 2333 contrito
1889 2280 2049 2332 corde

478 2381 785 2440 quaerentes
837 2371 989 2425 illum
1035 2381 1306 2426 amantem
1352 2371 1670 2434 hominum,
1714 2372 1807 2439 qui
1857 2370 2049 2437 eripiet

477 2474 574 2513 eos
603 2474 633 2513 e
661 2458 871 2527 laqueis
905 2460 1072 2525 illius,
1108 2469 1163 2514 et
1194 2460 1539 2516 conservabit
1572 2476 1601 2513 a
1630 2460 1873 2513 molestis
1906 2460 2049 2514 illius

480 2551 752 2605 scandalis
780 2569 793 2604 :
826 2551 1158 2620 dexteraque
1189 2567 1353 2606 manu
1390 2567 1488 2607 sua
1509 2593 1525 2618 ,
1573 2551 1827 2605 invisibili
1862 2551 2044 2616 modo,

482 2651 732 2712 proteget
760 2658 854 2697 eos
886 2643 979 2713 qui
1009 2644 1170 2712 digne
1197 2658 1259 2697 ac
1288 2644 1433 2713 justc
1458 2644 1506 2697 ei
1540 2643 1943 2713 supplicabunt.

553 2912 789 2967 XXXIII.
831 2912 994 2967 Vides
1043 2913 1189 2982 quali
1235 2913 1444 2983 jejunio
1483 2914 1747 2982 quibusve
1794 2914 2049 2983 precibus

480 3014 611 3060 tunc
648 3013 870 3059 utentur
924 3006 1119 3060 sancti.
1172 3004 1346 3059 Simul
1417 3004 1569 3059 disce
1628 3022 1791 3075 quam
1843 3007 2047 3060 durum

2148 1906 2242 1957 καὶ
2275 1906 2365 1957 ἐπὶ
2396 1907 2583 1975 χεῖρας
2611 1904 2845 1975 ἔχοντες,
2865 1904 2955 1956 καὶ
2985 1905 3041 1956 ἐν
3064 1902 3138 1973 νῷ
3162 1902 3367 1964 ταύτας
3396 1901 3712 1965 ἐννοοῦντες,

2148 1996 2334 2049 πολλοὶ
2359 1996 2755 2067 ὰποδράσονται
2789 1994 2897 2066 (40)
2922 1997 2985 2048 ὲκ
3014 1994 3113 2064 τῆς
3146 1993 3311 2047 αὑτοῦ
3340 1992 3572 2062 πλάνης.
3596 1993 3717 2063 Νοή-

2150 2107 2302 2142 σουσι
2341 2089 2448 2161 γὰρ
2479 2090 2578 2159 τῆς
2608 2089 2899 2159 ἐπιϐουλῆς
2942 2087 3107 2142 αὐτοῦ
3144 2088 3241 2159 τὴν
3284 2088 3611 2157 ἐμφάνειαν,
3639 2086 3714 2138 καὶ

2148 2181 2248 2249 τῆς
2288 2181 2493 2252 πλάνης
2522 2182 2686 2235 αὑτοῦ
2722 2181 2819 2251 τὴν
2859 2180 3195 2243 ἀλαζονείαν,
3243 2180 3339 2232 καὶ
3381 2176 3716 2247 ἐκφεύξουσιν

2148 2273 2212 2324 ὲκ
2266 2272 2372 2325 τῶν
2410 2272 2604 2343 χειρῶν
2660 2272 2858 2334 αὑτοῦ,
2901 2271 2994 2324 καὶ
3042 2271 3133 2322 ἐπὶ
3184 2270 3252 2322 τὰ
3288 2271 3431 2341 ὅρη,
3487 2272 3583 2323 καὶ
3616 2272 3715 2330 ταῖς

2148 2365 2309 2428 ὀπαῖς
2338 2366 2435 2435 τῆς
2477 2366 2579 2435 γῆς
2617 2365 3124 2435 κατακρυδήσονται
3155 2364 3299 2433 (Al),
3338 2364 3437 2416 καὶ
3475 2363 3612 2434 μετὰ
3640 2364 3716 2417 δα·

2148 2455 2350 2527 κρύων,
2395 2458 2488 2509 καὶ
2528 2456 2989 2527 συντετριμμένης
3020 2456 3245 2526 καρδίας
3287 2455 3591 2525 ζητήσουσι
3619 2453 3714 2524 (42)

2146 2548 2237 2600 τὸν
2258 2548 2661 2619 φιλάνθρωπον·
2695 2550 2789 2601 κα)⁸
2816 2548 2977 2609 αὐτὸς
3008 2548 3270 2600 ὲκσπάσει
3300 2549 3506 2610 αὐτοὺς
3536 2549 3599 2600 ὲκ
3620 2547 3713 2599 τῶν

2150 2640 2361 2713 βρόχων
2412 2641 2597 2702 α’ὐτοῦ,
2630 2641 2723 2693 καὶ
2751 2639 3003 2693 διασώσει
3041 2641 3105 2692 ὲκ
3132 2641 3238 2693 τῶν
3290 2640 3605 2694 σκανδάλων
3632 2640 3713 2692 αὑ-

2147 2735 2272 2797 τοὺς
2302 2736 2367 2804 τῇ
2404 2733 2549 2803 χειρὶ
2586 2731 2754 2784 αὑτοῦ
2810 2734 2875 2802 τῇ
2909 2730 3076 2803 δεξιᾷ,
3105 2732 3232 2796 τοὺς
3265 2732 3433 2797 ἀξίως
3462 2733 3612 2804 αὐτῷ
3636 2732 3714 2785 καὶ

2146 2824 2368 2886 δικαίως
2396 2823 2851 2895 προσπίπτοντας.
3560 2886 3566 2893 .

2218 2915 2456 2970 XXXIII.
2502 2918 2667 2987 Ὀρᾷς
2686 2916 2803 2969 οἵαν
2832 2916 3082 2987 νηστείαν
3112 2916 3206 2969 καὶ
3232 2916 3547 2989 προσευχὴν
3574 2918 3709 2969 ἑκτι-

2148 3008 2359 3062 λέσουσι
2395 3011 2513 3062 τότε
2541 3011 2587 3062 οἱ
2630 3011 2789 3077 ἅγιοι.
2842 3010 2994 3063 Μάθε
3049 3011 3141 3063 καὶ
3192 3012 3319 3073 τοὺς
3358 3012 3415 3063 ὲν
3454 3014 3522 3081 τῇ
3570 3010 3711 3061 πόλει

478 3107 693 3167 tempus
728 3115 792 3153 ac
833 3099 948 3154 dies
982 3100 1225 3154 orientur
1268 3101 1375 3155 illis
1402 3101 1495 3169 qui
1542 3100 1596 3153 in
1624 3102 1759 3155 urbe
1791 3100 2044 3171 agrisque

2156 3104 2242 3154 κα).
2269 3101 2421 3173 χώρα
2449 3098 2559 3164 οἷος
2604 3102 2838 3172 χαλεπὸς
2869 3103 3057 3173 καιρὸς
3095 3103 3190 3155 κα).
3216 3102 3424 3175 ἡμέραι
3465 3105 3711 3171 γενήσον-

479 3199 658 3245 erunt.
709 3191 981 3246 Accedent
1022 3192 1089 3246 ab
1136 3192 1415 3247 occidente
1455 3192 1519 3245 ad
1561 3192 1822 3246 orientem
1875 3207 2044 3260 usque

2156 3211 2257 3245 rat.
2295 3194 2424 3244 Τότε
2456 3194 2563 3245 ἀπὸ
2596 3194 2704 3264 (45)
2734 3194 3005 3246 ἀνατολῶν
3035 3195 3113 3257 εἰς
3151 3194 3363 3265 δυσμὰς
3392 3195 3711 3265 ἀχθήσονται

479 3282 757 3351 plorantes
805 3283 1065 3352 majorem
1123 3284 1178 3337 in
1221 3284 1465 3348 modum,
1502 3283 1846 3352 graviterque
1894 3284 2048 3352 plan-

480 3385 629 3444 gent.
670 3375 1020 3430 Illucescente
1060 3376 1147 3430 die
1180 3384 1391 3430 noctem
1425 3376 1846 3444 exspectabunt,
1877 3386 1937 3429 ut
1962 3390 2049 3430 re-

480 3464 767 3533 quiescant
801 3467 869 3519 ab
912 3468 1167 3536 Operibus
1207 3466 1361 3533 suis;
1399 3466 1489 3520 ubi
1541 3482 1647 3519 nox
1689 3465 2049 3535 comprehen-

479 3554 623 3610 derit
654 3556 798 3620 illos,
834 3558 904 3611 ob
935 3558 1155 3613 crebras
1188 3566 1347 3611 terra;
1377 3556 1765 3611 concussiones
1798 3555 2049 3625 aerisque

479 3652 851 3716 tempestates,
879 3658 1124 3716 quiereut
1186 3657 1247 3701 ut
1272 3648 1356 3702 vel
1399 3646 1668 3716 aspiciant
1703 3647 1885 3701 lumen
1915 3645 2045 3713 diei,

479 3744 536 3791 et
584 3753 692 3807 qua
733 3739 944 3792 ratione
976 3749 1156 3807 postea
1211 3740 1263 3791 in
1313 3740 1565 3793 acerbam
1614 3751 1840 3793 mortem
1887 3738 2049 3793 deve-

479 3829 653 3884 niant.
701 3829 839 3883 Tum
888 3830 1089 3901 lugebit
1136 3830 1391 3885 universa
1437 3839 1580 3885 terra
1622 3831 1789 3884 vitam
1831 3832 2047 3886 crucia-

481 3928 639 3975 tuum
684 3921 919 3991 plenam.
974 3922 1205 3991 Lugebit
1257 3936 1428 3982 mare,
1462 3922 1669 3993 lugebit
1699 3936 1812 3986 aer,
1843 3921 2049 3992 lugebit

482 4013 588 4077 sol,
627 4012 887 4082 lugebant
926 4015 1231 4069 animantes
1271 4012 1399 4068 ferae
1440 4029 1563 4068 cum
1591 4014 1924 4077 volatilibus,
1962 4013 2047 4067 lu-

482 4102 683 4173 gebunt
726 4112 937 4157 montes
982 4111 1035 4156 et
1072 4103 1257 4169 colles,
1308 4117 1373 4158 ac
1426 4104 1570 4174 ligna
1603 4103 1781 4173 campi
1826 4111 2048 4172 propter

484 4212 653 4265 genus
680 4196 978 4251 humanum
1004 4212 1015 4246 :
1040 4211 1105 4250 eo
1138 4196 1281 4265 quod
1313 4213 1505 4252 omnes
1533 4196 1831 4251 defecerint
1860 4213 1891 4251 a
1915 4213 2041 4253 san-

482 4296 571 4342 cto
613 4286 752 4353 Deo,
803 4297 857 4341 et
905 4287 1232 4342 crediderint
1282 4288 1568 4358 impostori
1619 4290 1733 4353 illi,
1794 4298 2047 4360 suscepto

483 4377 798 4432 charactere
831 4377 1029 4446 impuri
1060 4378 1205 4435 illius
1234 4388 1290 4434 et
1318 4381 1489 4437 hostis
1518 4381 1616 4437 Dci
1660 4382 1782 4438 loco
1818 4382 2046 4439 viviﬁcae

483 4468 665 4523 crucis
689 4466 1008 4524 Salvatoris.

554 4740 795 4796 XXXIV.
837 4741 1119 4812 Lugebunt
1158 4745 1320 4799 etiam
1370 4745 1624 4801 Ecclesia:
1665 4747 1871 4802 luctum
1927 4765 2045 4803 ma-

587 4928 633 4959 "
657 4927 823 4997 Apoc.
857 4944 931 4994 vi,
961 4928 1027 4983 l6

560 5111 673 5183 (55)
730 5112 813 5167 AI.
871 5112 985 5168 Pici
1035 5116 1238 5181 codex,
1288 5116 1635 5181 διασυροῦσι,
1701 5115 1803 5181 B.,
1859 5116 2047 5171 διασύ-

527 5199 645 5235 ωσι.

697 5252 772 5306 Id.
813 5253 1126 5329 subjungi‘t:
1159 5258 1251 5308 καὶ
1306 5257 1682 5328 προσήλθομεν
1715 5256 1792 5327 τῷ
1841 5257 2044 5329 πλάνῳ.

486 5320 688 5399 Deinde
712 5320 1166 5399 statim'seq_ititur
1196 5344 1209 5379 :
1242 5320 1363 5390 πῶς
1387 5320 1677 5399 τῇ’μια’ρᾷ,
1718 5320 1821 5381 etc.

563 5394 675 5463 (57)
716 5393 801 5459 B.,
835 5395 1125 5464 δεδομένοι.

580 5464 669 5533 58)
711 5464 808 5529 Id.,
838 5466 1188 5533 σφαγίσονται
1227 5468 1320 5519 ὑπ’
1352 5466 1537 5521 αὐτοῦ.

705 5535 814 5609 ᾖα).
851 5532 1007 5609 νῷ
1030 5536 1230 5599 ταύτας
1262 5536 1624 5609 φέροντες,ΫΒ.

580 5601 668 5738 40)
716 5601 1150 5674 ’Λποδράσουσιν,
1177 5610 1250 5660 id.
1275 5601 1475 5662 Deinde
1504 5608 1658 5675 plura
1684 5607 1902 5664 omittit.

586 5673 639 5724 tl
707 5671 792 5738 B.,
825 5676 917 5727 καὶ
945 5676 1043 5738 τὰς
1068 5676 1205 5738 ὀπὰς
1231 5678 1327 5738 τῆς
1357 5677 1459 5738 γῆς
1494 5677 1845 5738 κρυϐήσεται.

825 5671 917 5750 καὶ
945 5676 1043 5738 τὰς
1068 5676 1205 5739 ὀπὰς
1231 5678 1327 5748 τῆς
1357 5677 1459 5747 γῆς
1494 5671 1845 5750 κρυϐήσεται.

581 5741 667 5813 42)
706 5742 805 5810 Id.,
832 5744 1223 5816 δυσωπήσουσι.

556 5464 576 5671 i

2148 3286 2242 3337 καὶ
2280 3286 2385 3337 ἀπὸ
2412 3284 2629 3354 δυσμῶν
2675 3285 2779 3347 ἓως
2809 3284 3078 3337 ἀνατολῶν
3108 3286 3605 3357 παραγενήσονται,
3632 3286 3713 3337 καὶ

2149 3376 2436 3429 κλαύσουσι
2470 3376 2739 3447 μεγάλως,
2773 3376 3147 3446 καικόψονται
3192 3377 3448 3448 ἰσχυρῶς,
3496 3380 3589 3430 καὶ
3625 3378 3715 3446 τῆς

2147 3468 2362 3539 ἡμέρας
2404 3468 2838 3537 διαφαυσκούσης
2867 3467 2979 3537 (44)
3001 3507 3015 3531 ,
3058 3468 3361 3532 ὲκδέξονται
3398 3468 3498 3539 τὴν
3526 3471 3712 3529 νύκτα.

2150 3560 2235 3613 ἵνα
2266 3558 2683 3613 ἀναπαύσωνται
2723 3562 2788 3613 ἐκ
2817 3560 2925 3613 τῶν
2953 3560 3126 3631 ἔργων
3156 3560 3359 3612 αὐτῶν
3387 3558 3715 3614 καταλαϐώ-

2152 3668 2249 3721 σης
2283 3650 2337 3702 δὲ
2368 3650 2466 3719 τῆς
2493 3649 2703 3713 νυκτὸς,
2735 3650 2798 3702 ὲκ
2824 3648 2931 3701 τῶν
2977 3647 3290 3719 ἐπαλλήλων
3322 3650 3565 3719 σεισμῶν
3592 3649 3712 3719 (45),

2151 3743 2244 3795 καὶ
2272 3744 2335 3794 ἐκ
2374 3740 2481 3793 τῶν
2515 3742 2839 3809 καταιγίδων
2879 3740 2985 3793 τῶν
3025 3740 3200 3811 άέρων
3221 3739 3550 3811 ζητήσουσιν
3578 3741 3714 3811 (46).

2150 3835 2239 3887 ἵνα
2274 3834 2376 3887 κᾶν
2415 3833 2657 3905 θεωρῶσι
2689 3834 2749 3886 τὸ
2783 3833 2899 3901 φῶς
2925 3834 3023 3904 τῆς
3052 3833 3261 3903 ἡμέρας
3298 3834 3396 3885 καὶ
3441 3832 3561 3896 πῶς
3602 3833 3719 3903 μὲλ-

2147 3927 2297 3979 λουσι
2324 3925 2507 3979 λοιπὸν
2536 3924 2753 3995 χαλεπῴ
2785 3923 2997 3994 Θανάτῳ
3031 3923 3454 3994 προσέρχεσθαι.
3480 3926 3585 3977 Τὸν
3612 3924 3723 3976 ὀδυ-

2147 4019 2307 4088 νηρὸν
2340 4017 2450 4086 βίον
2493 4016 2678 4069 πενθεῖ
2710 4016 2829 4069 τότε
2876 4016 2985 4087 (47)
3017 4017 3164 4068 πᾶσα
3190 4017 3223 4085 ἡ
3266 4015 3337 4086 γῆ
3360 4055 3375 4077 ,
3414 4015 3599 4068 πενθεί
3635 4016 3721 4068 καὶ

2147 4112 2181 4181 ἡ
2213 4110 2454 4163 θάλασσα
2486 4110 2577 4162 καὶ
2605 4110 2733 4179 ἀὴρ,
2764 4108 2949 4160 πενθεῖ
2988 4107 3082 4161 κα).
3114 4108 3142 4158 ὁ
3169 4106 3319 4176 ἥλιος
3352 4107 3466 4175 (48)
3497 4124 3512 4135 ·
3544 4106 3723 4160 πενθεῖ

2147 4200 2337 4254 καὶτὰ
2380 4201 2543 4271 ἄγρια
2589 4198 2734 4262 ζῶα,
2785 4202 2880 4252 σὺν
2936 4202 3232 4262 πετεινοῖς·
3282 4199 3571 4253 πενθοῦσιν
3627 4200 3721 4271 ὅρη

2147 4294 2241 4348 καὶ
2279 4292 2475 4362 βουνοί,
2498 4292 2593 4345 καὶ
2620 4292 2687 4344 τὰ
2718 4290 2847 4355 ξύλα
2875 4291 2969 4344 τοῦ
3003 4292 3206 4354 πεδίου,
3227 4291 3316 4344 διὰ
3345 4293 3408 4345 τὸ
3436 4293 3596 4361 γένος
3622 4293 3723 4345 τῶν

2147 4383 2465 4457 ἀνθρώπων,
2486 4385 2566 4437 ὅτι
2597 4384 2794 4446 πάντες
2821 4383 3095 4446 ἐξέκλιναν
3125 4384 3232 4436 ἀπὸ
3251 4383 3389 4436 Θεοῦ
3421 4386 3605 4452 ἁγίου,
3635 4384 3721 4438 καὶ

2079 4512 2124 4565 η
2147 4478 2225 4549 τῷ
2265 4477 2448 4548 πλάνῳ
2470 4477 2815 4535 ἐπίστευσαν,
2852 4476 3131 4546 δεξάμενοι
3156 4476 3246 4529 τὸν
3276 4478 3607 4548 χαρακτῆρα
3635 4474 3723 4531 τοῦ

2153 4569 2346 4642 μιαροῦ
2376 4570 2468 4622 καὶ
2490 4567 2775 4638 θεομάχου,
2805 4569 2926 4621 ἀντὶ
2956 4567 3050 4620 τοῦ
3080 4568 3341 4632 ζωοποιοῦ
3361 4570 3474 4639 (49)
3495 4568 3725 4639 σταυφῦ

2342 4679 2420 4716 ος.

2342 4679 2370 4714 ο
2407 4702 2420 4716 .

2148 4664 2454 4807 Σωὲἓςὶῗν.
2485 4751 2744 4806 Πενθοῦσι
2795 4751 2854 4805 δὲ
2897 4751 2992 4805 καὶ
3046 4751 3102 4805 al
3153 4751 3473 4824 Ἐκκλησίαν.
3529 4752 3721 4807 πένθος

2221 5115 2327 5186 (45)
2354 5114 2539 5187 _Verba
2582 5114 2708 5187 τότε
2738 5115 2845 5167 ἀπὸ
2877 5130 3050 5187 usque
3096 5112 3423 5187 ἁχθήσονται
3470 5129 3540 5168 ex
3575 5112 3642 5165 Β.
3674 5121 3727 5165 et

2151 5186 2322 5240 altero
2350 5185 2463 5240 Pici
2495 5186 2681 5240 codice
2713 5186 2951 5239 restitui.

2242 5257 2331 5323 44)
2374 5256 2474 5326 Id.,
2508 5255 2928 5326 διαδραμούσης.

2242 5320 2329 5396 45)
2371 5325 2472 5389 Id.,
2527 5328 2591 5378 ὲκ
2632 5320 2739 5378 τῶν
2785 5320 2969 5379 κόπων
3012 5321 3218 5391 αὐτῶν,
3262 5325 3358 5378 καὶ
3400 5326 3465 5377 ὲκ
3495 5323 3613 5376 τῶν
3642 5320 3732 5375 ἐπ’

2150 5396 2390 5469 ἀλλήλων
2415 5396 2683 5469 σεισμῶν.

2225 5459 2334 5537 (46)
2375 5465 2475 5530 Id.,
2508 5459 2571 5519 ὲκ
2602 5466 2708 5519 τῶν
2732 5464 3056 5534 καταιγίδων
3087 5462 3195 5517 τῶν
3217 5464 3436 5535 ἀνέμων
3463 5462 3571 5533 τὴν
3595 5459 3739 5530 ἡμέ-

2153 5538 2624 5609 ραν-ζητήσουσιν..

2245 5607 2331 5678 47)
2373 5606 2455 5665 Β..
2491 5607 2844 5678 μετέρχεσθαι
2886 5606 2976 5678 τὸν

2245 5677 2332 5747 48)
2370 5676 2533 5731 Addit
2566 5676 2769 5742 B.,)cal
2807 5680 2840 5747 ἡ
2874 5676 3088 5747 σελήνη.

2228 5745 2335 5819 (49)
2375 5747 2459 5815 B.,
2494 5749 2615 5802 ἀντὶ
2639 5750 2727 5822 τοῤ
2755 5745 2935 5820 τιμίου
2964 5745 3363 5812 καϊζωοποιοῦ.

3018 5605 3149 5675 βίον.
3178 5603 3371 5657 Πενθεῖ
3404 5604 3552 5670 τότε,
3584 5612 3697 5658 etc.
