3862 6500
224 383 327 439 95³1

1156 387 1427 446 SPURIA.
1470 422 1537 432 —
1563 391 1652 447 DE
1691 387 2278 448 CONSUMMATIONE
2316 389 2548 447 MUNDI.

3362 398 3466 454 933

224 502 391 572 μέγα,
429 501 562 556 διότι
584 501 708 557 οὕτε
743 504 1046 578 προσφορὰ,
1073 503 1195 558 οὔτε
1225 505 1475 577 θυμίαμα
1506 507 1616 580 (50)
1649 509 1793 589 ἐκτεέ

1904 525 2064 579 gnum
2094 525 2108 560 :
2136 509 2261 579 quia
2294 524 2393 564 nec
2421 472 2642 575 oblatio:
2690 524 2789 566 nec
2833 511 3042 570 sullitus
3066 514 3177 582 ﬂet,
3212 530 3312 571 nec
3345 517 3466 572 cul-

220 594 414 659 λεϊται,
445 593 568 648 οὗτε
605 594 827 669 λατρεία
882 597 1199 670 θεάρεστοςο
1248 597 1383 654 ἀλλὰ
1427 599 1495 653 τὰ
1529 600 1648 674 ἱερὰ
1690 602 1798 654 τῶν

233 686 588 758 Ἐκκλησιῶν,
617 687 694 752 ὡς
729 689 1171 762 ὀπωροφυλάκιον
1211 691 1561 763 γενήσονται·
1606 693 1700 746 καὶ
1737 692 1798 746 τὸ

217 779 402 848 τίμιον
432 777 590 851 σῶμα
619 780 713 833 καὶ
753 775 893 852 αἷμα
910 779 1013 834 ’τοῦ
1053 781 1289 853 Χριστοῦ
1319 783 1378 836 ἐν
1412 786 1534 848 ταῖς
1566 786 1798 857 ἡμέραις

219 871 458 936 ἐκείναις
484 871 584 924 ούκ
613 873 1012 945 ἀναφανήσεται
1059 873 1168 945 (51)
1187 891 1200 904 ·
1233 873 1542 948 λειτουργία
1572 877 1798 949 σϐεσθή-

221 977 396 1026 σεται,
443 962 730 1034 ψαλμῳδία
769 965 1124 1037 παυθήσεται,
1156 966 1460 1034 ἀνάγνωσις
1502 967 1610 1022 τῶν
1661 969 1798 1040 Γρα-

219 1053 337 1122 φῶν
369 1054 471 1108 οὐκ
513 1055 1018 1127 εἰσακουσθησεται.
1054 1056 1212 1110 Ἀλλὰ
1256 1058 1446 1122 σκότος
1489 1059 1639 1113 ἔσται
1687 1065 1798 1126 τοῖς

217 1144 560 1216 ἀνθρώποις,
601 1148 695 1200 καὶ
741 1146 938 1219 θρῆνος
989 1149 1083 1202 ἐπὶ
1137 1149 1352 1220 θρῆνον,
1386 1151 1480 1204 καὶ
1530 1152 1654 1205 ούαὶ
1706 1153 1797 1206 ἐπὶ

215 1237 359 1290 ούαί.
404 1237 648 1307 Ῥίψεται
689 1238 809 1292 τότε
837 1241 865 1292 6
891 1240 1131 1312 ἄργυρος
1176 1243 1268 1294 κα)⁴
1295 1243 1323 1295 6
1361 1242 1559 1314 χρυσὸς
1595 1244 1651 1296 ἐν
1677 1246 1797 1307 ταῖς

219 1329 528 1394 πλατείαις,
571 1330 664 1383 κα).
713 1331 887 1394 οὐδεὶς
932 1332 1146 1398 συνάξει
1195 1333 1391 1397 αὐτούς
1443 1333 1605 1405 (5‘2)'
1663 1335 1797 1388 ἀλλὰ

216 1422 396 1475 πάντα
429 1421 690 1492 βδελυκτὰ
721 1421 1108 1494 καθεστήκασι.
1140 1424 1346 1488 Πάντες
1379 1425 1487 1496 γὰρ
1514 1425 1608 1478 τοῦ
1639 1425 1798 1495 ἐκφυ-

215 1517 332 1583 γεῖν
361 1514 456 1567 καὶ
493 1513 763 1587 κρυϐῆναι
805 1515 1186 1581 σπουδάσουσι,
1226 1516 1320 1569 και)⁵
1362 1516 1599 1588 οὐδαμοῦ
1637 1517 1794 1589 δυνή-

217 1622 403 1658 σονται
430 1604 614 1658 λαθεῖν
645 1608 709 1659 ἐκ
738 1605 846 1659 τῶν
885 1605 1072 1660 παθῶν
1103 1606 1215 1678 (55)
1253 1605 1347 1660 τοῦ
1380 1608 1756 1678 ἀντικειμένου
1777 1625 1793 1640 ο

213 1695 352 1749 ἀλλὰ
385 1695 446 1749 τὺ
501 1699 724 1768 σημεῖον
774 1696 940 1751 αὐτοῦ
993 1697 1416 1770 περιφέροντες,
1458 1699 1670 1771 εὔδηλοι
1702 1701 1796 1754 καὶ

211 1792 448 1860 γνωστοὶ
476 1791 640 1844 αὐτοῦ
677 1789 1170 1862 ἀναδειχθήσονται.
1207 1789 1446 1855 Ἔξωθεν
1475 1791 1671 1860 φόϐος,
1703 1793 1796 1845 κα).

1901 608 1989 656 tus
2019 599 2130 656 Deo
2163 609 2371 670 gratus.
2417 601 2520 656 Sed
2550 600 2912 658 Ecclesiarum
2941 606 3082 662 aedes
3111 615 3280 676 sacra:
3307 617 3470 679 tugu-

1901 693 1967 747 rii
2002 693 2173 747 instar
2196 701 2356 748 erunt
2377 693 2445 760 ⁷³,
2478 695 2882 766 prctiosumque
2923 713 3123 768 corpus
3155 708 3209 755 et
3244 701 3470 770 sanguis

1899 782 2103 840 Christi
2161 778 2277 839 non
2300 785 2534 841 exstabit
2577 786 2631 840 in
2679 787 2876 842 diebus
2927 789 3054 855 illis,
3111 791 3329 864 liturgia
3373 808 3470 848 ex-

1901 875 2224 945 stinguctur,
2272 876 2608 946 psalmorum
2661 877 2970 934 dccantatio
3008 883 3264 950 cessabit,
3319 881 3468 940 Scri-

1900 971 2179 1032 pturarum
2216 965 2460 1020 recitatio
2501 980 2608 1020 non
2653 966 2921 1024 audietur.
2977 969 3081 1026 Sed
3120 983 3279 1028 erunt
3323 976 3468 1045 apud

1901 1055 2150 1111 homines
2177 1057 2432 1124 tenebrae,
2456 1057 2770 1114 lamentatio
2802 1076 2965 1130 super
2996 1062 3465 1132 lamentationem,

1899 1162 1979 1201 vae
2009 1162 2172 1217 super
2204 1163 2303 1202 τω.
2337 1149 2634 1219 Argentum
2676 1159 2728 1205 et
2761 1167 2955 1208 aurum
2988 1164 3122 1215 tunc
3151 1157 3468 1227 projicietur

1901 1238 1953 1294 in
1998 1239 2224 1309 plateas,
2258 1255 2357 1295 nec
2390 1241 2677 1311 quisquam
2737 1245 2953 1316 colliget
2994 1263 3058 1303 ea
3096 1265 3111 1301 :
3155 1250 3249 1305 sed
3280 1253 3465 1307 omnia

1899 1330 2293 1386 abominationi
2337 1332 2633 1389 habebunt.
2668 1334 2857 1390 Cuncti
2891 1338 3037 1392 enim
3072 1339 3329 1412 aufugere
3373 1358 3467 1398 co-

1898 1423 2174 1477 nabuntur
2217 1431 2270 1476 et
2302 1423 2594 1490 abscondi;
2635 1441 2903 1497 nusquam
2950 1440 3129 1484 tamen
3170 1431 3338 1488 latere
3370 1448 3471 1504 po-

1900 1519 2080 1566 terunt
2132 1528 2164 1567 a
2205 1513 2362 1569 malis
2405 1515 2735 1582 adversarii;
2788 1517 2883 1572 sed
2933 1528 3115 1575 notam
3165 1522 3313 1578 illius
3361 1525 3471 1580 cir-

1900 1603 2261 1659 cumferentes
2303 1604 2463 1660 facile
2499 1619 2914 1676 cognoscentur,
2955 1626 3021 1667 ac
3058 1613 3172 1667 noti
3215 1615 3336 1686 ejus
3373 1617 3471 1672 de-

1899 1696 2274 1752 clarabuntur.
2323 1696 2486 1752 Extra
2519 1699 2702 1764 timor,
2739 1701 2886 1756 intus
2918 1710 3124 1760 tremor
3159 1716 3316 1762 nocte
3356 1709 3472 1765 die-

1899 1802 2026 1857 que,
2056 1796 2171 1841 tum
2205 1788 2259 1842 in
2289 1789 2483 1858 platea,
2519 1800 2632 1844 tum
2663 1789 2808 1846 domi
2837 1794 3159 1863 morticina;
3195 1797 3249 1850 in
3277 1798 3472 1868 plateis

209 1859 417 1937 ἔσωθεν
445 1885 665 1956 τρόμος,
695 1885 789 1937 καὶ
821 1859 1067 1937 ἐνήνύκτὶ
1101 1882 1193 1936 καὶ
1226 1883 1284 1934 ἐν
1322 1882 1537 1956 ἡμέρᾳ·
1574 1885 1631 1936 ἐν
1663 1884 1793 1938 πλα-

1904 1887 1954 1934 ct
1984 1879 2238 1935 domibus
2276 1880 2443 1936 fames
2475 1897 2540 1936 ac
2571 1881 2730 1948 sitis;
2773 1884 2826 1939 in
2857 1887 3050 1956 plateis
3091 1859 3379 1957 tumult-us,
3413 1892 3471 1947 in

208 1975 333 2047 τεία
357 1975 452 2028 κα)⁵
489 1977 549 2029 ἐν
575 1978 685 2039 τοῖς
712 1975 881 2040 οἴκοις
925 1974 1249 2047 θνησιμαῖαο
1279 1977 1338 2028 ἐν
1381 1975 1663 2040 πλατείαις
1694 1979 1793 2032 καὶ

1904 1971 2156 2027 domibus
2202 1973 2472 2042 planctus.
2526 1972 2878 2032 Pulchritudo
2909 1989 3161 2049 aspectus
3191 1979 3349 2037 faciei
3384 1993 3470 2038 ta-

208 2069 271 2120 ἐν
297 2066 467 2130 οἴκοις
489 2065 599 2138 (54)
626 2071 785 2122 πεῖνα
813 2068 904 2122 κα)⁵
923 2068 1068 2138 δίψα·
1094 2071 1150 2122 ἐν
1179 2068 1461 2133 πλατείαις
1480 2067 1716 2143 θόρυϐοι,
1739 2071 1793 2123 ἐν

1904 2062 2106 2122 bescet.
2137 2063 2266 2118 (ient
2297 2066 2439 2120 enim
2472 2065 2662 2122 formae
2696 2083 2885 2124 eorum
2921 2080 3178 2142 tanquam
3225 2084 3472 2130 mortuo-

208 2159 383 2222 οἴκοις
411 2158 636 2213 κοπετοί
654 2177 667 2191 ·
693 2159 1037 2232 μεμάρανται
1053 2161 1114 2213 τὸ
1144 2160 1340 2224 κάλλος
1358 2160 1456 2232 τῆς
1481 2159 1656 2228 ὅψεως
1682 2159 1793 2231 (55)

1904 2171 2045 2210 rum.
2087 2155 2354 2211 Venustas
2384 2157 2672 2231 mulierum
2699 2171 2994 2229 exareseet,
3040 2164 3306 2234 cupiditas
3348 2180 3472 2220 0m-

208 2250 307 2303 τοῦ
355 2251 678 2321 προσώπου·
723 2253 964 2320 γίνονται
1004 2251 1113 2324 γὰρ
1161 2254 1217 2306 αἱ
1250 2251 1384 2304 ἰδέαι
1415 2251 1615 2316 αὐτῶν,
1670 2251 1793 2303 ὡσεὶ

1906 2249 2056 2303 nium
2099 2249 2381 2304 hominum
2418 2259 2725 2306 evanescet.

208 2342 444 2414 νεκρῶν.
495 2346 603 2398 Καὶ
646 2345 706 2400 τὸ
755 2346 948 2409 κάλλος
1001 2345 1108 2400 τῶν
1158 2345 1432 2416 γυναικῶν
1476 2345 1882 2418 μαρανθήσεται
1911 2345 2058 2414 (56),
2091 2346 2184 2400 καὶ
2226 2346 2258 2416 ἠ
2289 2345 2550 2417 ἐπιθυμία
2582 2347 2688 2400 τῶν
2725 2347 3024 2420 ἀνθρώπων
3059 2351 3274 2406 πάντων
3307 2354 3468 2423 ἀφαι-

211 2437 523 2508 ρεθήσεται.

281 2529 502 2585 XXXV.
547 2532 681 2586 Ούδὲ
719 2534 828 2603 γὰρ
867 2534 985 2587 τότε
1017 2535 1045 2586 6
1069 2535 1439 2605 εύσπλαγχνος
1478 2536 1571 2588 κα).
1600 2533 1787 2606 φιλάν-

208 2620 433 2692 θρωπος
484 2622 616 2687 Θεὸς
663 2624 976 2695 καταλείψει
1021 2625 1128 2680 τῶν
1181 2625 1482 2698 ἀνθρώπων
1537 2626 1598 2681 τὸ
1637 2627 1791 2697 γένος

209 2714 681 2786 ἀπαραμύθητον,
738 2716 872 2770 ἀλλὰ
919 2719 1012 2771 καὶ
1066 2716 1358 2772 κολοϐώσει
1417 2717 1516 2782 τὰς
1581 2717 1794 2790 ἡμέρας

208 2807 463 2868 ἐκείνας’
522 2806 616 2860 κα).
667 2807 757 2860 τὸν
823 2809 1011 2880 χρόνον
1073 2809 1182 2862 τῶν
1239 2808 1407 2880 τριῶν
1469 2809 1564 2862 καὶ
1623 2809 1796 2880 ἥμισυ

210 2898 348 2950 ἐτῶν
384 2897 520 2968 (57),
553 2901 644 2952 καὶ
685 2901 899 2973 ποιήσει
928 2901 1066 2955 αὐτὰ
1098 2902 1356 2972 σύντομα,
1395 2900 1483 2954 διὰ
1523 2900 1584 2954 τὸ
1623 2898 1794 2954 κατά-

207 2988 416 3061 λειμμα
443 2991 550 3045 τῶν
583 2993 639 3044 ἐν
665 2993 815 3064 ὄρεσι
844 2995 938 3048 καὶ
970 2995 1252 3066 σπηλαίοις
1281 2992 1788 3065 κατακρυφθέντων·

209 3081 296 3134 ἵνα
352 3081 427 3154 μὴ
491 3083 708 3138 πάντων
778 3085 885 3141 τῶν
954 3087 1125 3156 ἁγίων
1201 3086 1423 3139 ἐκείνων
1480 3087 1514 3155 ἡ
1579 3081 1790 3153 φάλαγξ

206 3173 454 3246 ἔκλείψῃ.
503 3175 661 3228 Ἀλλὰ
691 3177 827 3247 μετὰ
857 3179 1089 3249 σπουδῆς
1117 3179 1175 3231 αἱ
1220 3177 1424 3249 ἡμέραι
1471 3172 1630 3230 αὗται
1675 3176 1787 3245 (58)

205 3263 658 3336 διαδραμοῦνταν
691 3269 786 3321 καὶ
829 3269 1184 3341 ἀρθήσεταιὴ
1227 3267 1472 3339 βασιλεία
1512 3267 1606 3321 τοῦ
1650 3267 1789 3321 πλά-

204 3375 300 3410 νου
333 3359 428 3410 κα).
469 3359 832 3432 ’Λντιχρίστου
870 3363 928 3414 ἐν
957 3362 1129 3432 τάχει.
1187 3359 1290 3414 Καὶ
1331 3359 1515 3412 λοιπὸν
1564 3362 1621 3412 ἐν
1654 3361 1785 3431 ῥιπῇ

204 3447 491 3520 ὀφθαλμοῦ
535 3452 778 3527 παρέλθῃ
827 3453 889 3506 τὸ
936 3453 1122 3523 σχῆμα
1167 3451 1260 3504 τοῦ
1309 3451 1515 3520 κόσμου
1561 3449 1783 3504 τούτοιν

1965 2527 2183 2584 XXXV.
2235 2527 2421 2598 Neque
2468 2537 2650 2584 tamen
2681 2543 2747 2584 eo
2784 2536 3026 2599 tempore
3060 2530 3372 2588 misericors
3415 2539 3471 2588 et

1893 2623 2175 2679 nominum
2219 2636 2411 2676 amans
2459 2619 2602 2675 Deus
2645 2621 2914 2690 relinquet
2960 2622 3258 2677 humanum
3296 2639 3468 2694 genus

1895 2717 2042 2772 omni
2078 2713 2450 2770 consolatione
2483 2713 2838 2778 destitutum;
2886 2714 2977 2768 sed
3009 2713 3312 2769 decurtabit
3351 2715 3469 2770 dies

1898 2807 2020 2863 illos
2062 2814 2116 2862 et
2156 2815 2370 2875 tempus
2423 2805 2588 2860 trium
2642 2819 2908 2859 annorum
2960 2807 3126 2861 semis
3187 2807 3468 2863 concisum

1900 2899 2088 2956 reddet
2111 2898 2179 2962 ",
2221 2907 2439 2968 propter
2488 2898 2748 2967 reliquias
2792 2897 3123 2952 latitantium
3162 2898 3216 2954 in
3267 2901 3470 2954 monti-

1901 2994 2004 3048 bus
2035 3001 2091 3047 et
2133 2990 2442 3060 speluncis;
2489 3005 2558 3044 ne
2593 2989 2828 3058 phalanx
2865 2990 2956 3044 illa
2992 2999 3306 3044 sanctorum
3348 2991 3470 3044 illo-

1900 3099 2018 3139 rum
2053 3083 2297 3138 omnium
2330 3080 2564 3135 deﬁciat.
2600 3079 2705 3134 Sed
2736 3079 2852 3135 dies
2885 3081 2963 3134 illi
3005 3081 3256 3136 celeriter
3289 3089 3468 3136 trans-

1898 3175 2072 3238 ibunt,
2103 3170 2403 3228 seductoris
2432 3171 2810 3226 etAntichristi
2836 3186 3063 3242 regnum
3089 3172 3200 3226 cito
3223 3173 3465 3228 tolletur.

1896 3263 2100 3318 Deinde
2161 3263 2214 3317 in
2263 3263 2374 3317 ictu
2426 3261 2570 3316 oculi
2638 3261 2934 3332 praeteribit
2991 3261 3200 3330 species
3276 3261 3468 3318 mundi

1896 3356 2173 3426 hujus",
2224 3356 2617 3425 hominumque
2673 3353 2913 3423 potentia
2972 3353 3348 3419 evacuabitur,
3408 3363 3464 3410 et

1895 3457 2091 3503 cuncta
2119 3463 2241 3517 quae
2273 3448 2472 3503 cadunt
2508 3447 2611 3501 sub
2636 3446 2846 3512 oculos,
2871 3445 3214 3502 delebuntur.

203 3548 304 3600 καὶ
358 3548 468 3602 τῶν
540 3546 840 3620 ἀνθρώπων
893 3546 1031 3618 (59)
1079 3549 1112 3619 ἡ
1155 3547 1372 3614 ἐξουσία
1429 3543 1902 3617 καταργηθήσεται
1947 3540 2059 3612 (60)
2117 3541 2210 3595 καὶ
2280 3540 2349 3593 τὰ
2400 3540 2648 3613 δρώμενα
2695 3539 2867 3594 ταῦτα
2931 3541 3108 3594 πάντα
3163 3541 3466 3613 ἀφανισθή-

207 3659 418 3697 σονται.

279 3735 524 3793 XXXV].
576 3735 792 3790 Τούτων
852 3730 946 3790 οὖν
997 3734 1305 3807 ἐσομένων,
1357 3733 1664 3804 ἀγαπητοὶ,
1715 3723 1790 3784 ὧν

205 3830 565 3902 προείπομεν,
599 3831 692 3883 καὶ
721 3829 822 3900 τῆς
874 3831 1002 3900 μιᾶς
1058 3827 1348 3900 ἑϐδομάδος
1403 3828 1483 3890 είς
1505 3825 1598 3880 δύο
1633 3840 1789 3896 μερι-

1974 3726 2219 3781 XXXVI.
2279 3725 2417 3780 Cum
2476 3725 2661 3797 igitur,
2711 3725 2930 3792 dilecti,
2983 3724 3165 3780 futura
3203 3726 3314 3782 sint
3355 3727 3469 3782 haec

1898 3837 2020 3892 quae
2056 3829 2181 3876 ante
2218 3819 2488 3883 diximus,
2529 3819 2814 3889 divisaque
2853 3818 2908 3872 in
2954 3818 3091 3874 duas
3134 3829 3318 3888 partes
3360 3835 3468 3876 una

202 3922 454 3994 σθείσης,
484 3923 576 3976 καί
615 3921 709 3976 τοῦ
760 3921 1126 3994 βδελύγματος
1163 3923 1261 3992 τῆς
1302 3918 1634 3992 ἐρημώσεως
1665 3916 1787 3969 τότε

1904 3912 2240 3968 liebdomada
2286 3913 2372 3976 ⁷⁸,
2424 3922 2478 3966 et
2527 3910 2860 3966 abominatio
2923 3909 3280 3964 desolationis
3336 3919 3469 3966 tunc

200 4015 608 4086 ἀναφανέντος,
643 4015 877 4069 καὶτῶν
928 4015 1248 4088 προδρόμων
1297 4013 1405 4084 (6|)
1445 4011 1540 4065 τοῦ
1580 4011 1786 4082 Κυρίου

1904 4005 2182 4069 exstiterit,
2199 4013 2252 4060 et
2269 4017 2631 4074 praecursores
2656 4002 2867 4056 Domini
2894 4016 3114 4057 cursum
3135 4017 3295 4057 suum
3317 4018 3468 4074 pere-

199 4111 296 4164 τὸν
335 4109 464 4163 ἴδιον
505 4109 703 4181 δρόμον
732 4109 1082 4173 τελεσάντων,
1107 4109 1202 4162 κα).
1228 4106 1321 4161 τοῦ
1355 4106 1663 4178 σύμπαντος
1694 4104 1788 4156 κό-

1904 4098 2085 4168 gerint.
2105 4097 2311 4152 mundo
2327 4096 2558 4165 denique
2580 4095 2832 4149 universo
2848 4097 2914 4148 ad
2935 4096 3465 4150 consummationem

204 4219 350 4273 σμου
380 4201 568 4255 λοιπὸν
601 4200 712 4272 (62)
741 4202 820 4265 είς
854 4200 1157 4254 συντέλειαν
1200 4198 1514 4271 ἐρχομένου,
1546 4196 1598 4249 τί
1627 4212 1786 4265 περι-

1904 4196 2244 4256 properante,
2281 4185 2411 4256 quid
2446 4192 2724 4255 superest,
2753 4183 2858 4238 nisi
2882 4183 3148 4237 adventus
3168 4183 3382 4239 Domini
3413 4195 3468 4240 et

196 4294 485 4357 λείπεται,
515 4292 685 4364 ἀλλ’ἢ
725 4294 758 4363 ἡ
792 4292 1080 4362 ἐπιφάνεια
1120 4291 1214 4345 τοῦ
1243 4290 1440 4363 Κυρίου
1473 4289 1567 4342 καὶ
1605 4287 1787 4356 Σωτῆ-

1904 4278 2188 4334 Salvatoris
2235 4277 2406 4332 nostri
2438 4275 2568 4332 Jesu
2600 4276 2836 4342 Christi,
2869 4275 2991 4329 Filii
3026 4275 3143 4342 Dei,
3179 4277 3246 4331 de
3285 4277 3464 4342 caelis,

203 4402 300 4457 ρος
337 4383 496 4455 ἡμῶν
527 4381 702 4455 Ἰησοῦ
733 4381 992 4455 Χριστοῦ,
1029 4381 1124 4435 τοῦ
1168 4379 1300 4434 Υἱοῦ
1347 4379 1441 4432 τοῦ
1487 4375 1644 4439 Θεοῦ,
1689 4374 1783 4429 ἀπ’

1904 4390 1947 4426 ιιι
1990 4387 2152 4443 quem
2199 4371 2566 4441 speravimus;
2615 4368 2709 4439 qui
2760 4369 3099 4423 exustionem
3146 4383 3210 4424 ac
3252 4369 3465 4438 justum

194 4451 472 4546 οὐρανῶν,
522 4451 602 4536 είς
644 4473 702 4526 ὃν
751 4451 1088 4544 ἠλπίσαμεν·
1122 4472 1180 4536 ὃς
1221 4468 1399 4537 ἐξάξει
1444 4470 1542 4539 τὴν
1595 4466 1781 4536 πύρω-

1904 4477 2056 4515 omne
2089 4461 2356 4531 judicium
2395 4461 2590 4516 educet
2625 4460 2680 4514 in
2725 4473 2820 4514 eos
2853 4459 2947 4528 qui
2985 4474 3094 4513 non
3129 4460 3463 4516 crediderint

198 4583 289 4618 σιν
327 4565 463 4635 (65),
498 4566 593 4618 καὶ
618 4565 716 4636 τὴν
757 4563 1148 4635 δικαιοκρισίαν
1197 4563 1374 4615 πᾶσαν
1411 4562 1523 4623 τοῖς
1561 4556 1788 4627 ἀπειθή-

1904 4553 1982 4609 ei?
2009 4553 2098 4607 Ait
2124 4552 2268 4607 enim
2304 4551 2568 4607 Dominus
2600 4566 2614 4603 :
2658 4549 3110 4616 Quemadmodum
3146 4551 3328 4622 fulgur
3349 4553 3462 4606 exit

198 4674 366 4711 σασιν
400 4657 567 4727 αὐτῷ.
606 4657 767 4725 Λέγει
799 4657 906 4730 γὰρ
938 4659 966 4710 6
999 4655 1201 4727 Κύριος
1225 4672 1239 4685 ο
1295 4655 1395 4705 Ὃν
1429 4651 1651 4720 τρόπον
1675 4649 1785 4719 γὰρ

1904 4645 1957 4699 ab
1988 4646 2207 4706 oriente.
2235 4653 2284 4698 et
2317 4652 2533 4713 apparet
2570 4659 2732 4713 usque
2767 4642 2836 4695 ad
2873 4641 3191 4696 occidentem
3213 4659 3231 4697 :
3253 4643 3329 4696 sic
3360 4644 3463 4697 erit

196 4751 242 4818 ἡ
273 4749 559 4819 ἀστραπὴ
593 4749 896 4821 ἐξέρχεται
930 4747 1048 4803 ἀπὸ
1073 4746 1404 4810 ἀνατολῶν,
1448 4743 1547 4798 καὶ
1585 4742 1789 4812 φαίνε-

1904 4737 2052 4790 ιιὶαηι
2091 4736 2345 4789 adcentus
2370 4733 2505 4788 Filii
2543 4733 2790 4788 hominis.
2847 4730 2946 4786 Ubi
2987 4733 3126 4786 enim
3169 4732 3332 4800 fuerit
3371 4748 3462 4786 ca-

282 4889 329 4918 ⁷³
350 4889 553 4944 Jercm.
587 4904 734 4952 XXVI,
764 4889 852 4942 18.
930 4885 976 4918 ⁷⁸
1000 4885 1188 4940 Matth.
1213 4900 1360 4950 χχιιι,
1385 4883 1478 4937 22.
1551 4881 1595 4911 ⁷⁵
1619 4843 1793 4931 l‘Cor.

1904 4890 1931 4940 I,
1956 4874 2046 4930 5L
2121 4873 2166 4904 ⁷⁸
2191 4871 2326 4928 Dan.
2365 4887 2440 4937 ιχ,
2471 4871 2560 4926 27.

276 5025 389 5093 (50)
432 5023 490 5077 In
523 5024 583 5078 Β.
619 5005 742 5077 mox
765 5021 1073 5093 _sequit_nr:
1117 5018 1254 5093 051:5.
1295 5015 1596 5093 T”_T§i“°"_
1627 5014 1781 5093 t2“?

1904 5081 1914 5093 ι
1965 5007 2078 5078 (56)
2095 5009 2316 5093 Alterum
2359 5008 2556 5064 desunt
2600 5009 2654 5063 in
2697 5006 2759 5060 Β.
2795 5008 2958 5062 verba
2991 5007 3084 5061 xui.
3121 5008 3355 5078 nasque
3398 5007 3468 5062 ad

192 5079 386 5149 λείταί
418 5094 576 5164 σῶμα
606 5094 701 5147 καὶ
728 5079 988 5164 αἷμα’τοῦ
1012 5089 1271 5164 Χριστοῦ,
1299 5087 1393 5164 κα)
1506 5086 1624 5146 ταῖς
1648 5082 1783 5164 ἡμέ-
1891 5079 2336 5164 ἀφαιρεθήσεται..
2427 5157 2438 5164 Δ
2549 5149 2561 5164 ἱ
2608 5148 2629 5163 κ

659 5167 759 5236 οῦκ
794 5146 1147 5236 Ἀναφέρεται,
1187 5146 1282 5236 κα).
1318 5157 1423 5236 γᾲρ
1471 5146 1782 5224 λειτουρξίία·

1904 5220 1922 5236 ἱ
2117 5146 2175 5203 In
2200 5148 2275 5236 Β.Ι
2294 5151 2445 5204 deest
2478 5148 2798 5236 καὶ-ἥμισυ,
2830 5146 2921 5236 sed
2966 5154 3142 5203 exstat
3172 5150 3341 5216 Apoc.
3381 5160 3463 5209 It,

194 5219 610 5306 ἓτϐεᾶθήσεταιί
631 5233 766 5287 ἀλλὰ
801 5219 990 5294 σκότος
1022 5219 1192 5284 ἔσται.
1241 5219 1470 5282 ιωῚιΞιξο
1501 5240 1598 5295 pro
1630 5219 1783 5277 mare

1904 5220 1944 5281 9.
1966 5219 2234 5306 ;qt_1‘em
2263 5219 2440 5306 locum
2477 5227 2668 5272 auctor
2699 5219 2941 5286 respicit.

193 5289 500 5359 contrahit.
573 5289 586 5300 ’
969 5289 985 5294 '
1060 5369 1088 5371 _
1503 5289 1516 5295 ’

1962 5291 2073 5371 (ἕὲ)
2112 5291 2195 5371 εν

275 5358 393 5444 (51)
447 5373 933 5444 έΑναφέρεταινεει
969 5369 1120 5444 ίηΒ·
1219 5440 1231 5444 _
1294 5438 1305 5444 .
1959 5361 2069 5444 lii?)
2109 5358 2198 5444 .1?"
2235 5359 2342 5444 '5’"
2376 5358 2710 5444 5F‘vawYa.
2851 5428 2895 5444 η.
2940 5425 2953 5442 .
3000 5443 3004 5444 ,
3125 5420 3154 5444 τ
3240 5425 3254 5443 .

275 5379 359 5440 (51
447 5379 819 5444 Ἀναφέρεται,
848 5381 933 5428 est
970 5379 1022 5425 in
1060 5379 1120 5422 Β.

273 5379 393 5516 (52)
433 5443 517 5516 ῥι.
549 5443 660 5516 Pici
695 5443 888 5516 codex.
921 5442 1140 5516 συνάγει
1176 5438 1330 5516 αύτά.
1471 5507 1500 5516 γ’
1648 5513 1654 5516 Δ
1735 5503 1745 5515 .

1959 5379 2069 5430 (θεν)
2111 5379 2198 5419 υ..
2235 5379 2342 5412 των
2376 5379 2665 5430 οαιμονων.

1917 5501 1927 5516 ο
1955 5431 2066 5500 (60)
2109 5429 2368 5516 sequitur
2403 5430 2458 5482 in
2491 5429 2552 5481 Β.
2589 5427 2770 5483 statim
2801 5445 2814 5478 :
2851 5425 3068 5480 Τούτων
3095 5420 3187 5480 οῦν
3224 5425 3301 5488 ὡς
3329 5439 3466 5498 προ-

273 5499 388 5586 (55)
431 5513 517 5580 B.,
548 5515 804 5583 ἐκφυγεῖν
841 5515 907 5567 ἐκ
932 5511 1040 5566 τῶν
1068 5499 1334 5579 παγίδων,
1373 5507 1570 5561 rectius
1607 5513 1660 5559 ut
1701 5503 1778 5558 vi-
1881 5499 2127 5570 εἰπομεν,
2160 5499 2474 5581 ἐσομένωνζ

186 5587 384 5641 detur.
1733 5613 1736 5616 ι
1955 5570 2064 5641 (61)
2102 5571 2187 5635 Β.,
2219 5586 2535 5640 προφητων.

432 5653 491 5724 In
523 5652 715 5709 eodem
756 5652 942 5708 codice
980 5653 1178 5708 absunt
1204 5651 1366 5707 verba
1402 5649 1458 5702 ἐν
1495 5644 1774 5709 πλατείαις

1955 5570 2066 5711 (6))
2102 5571 2187 5635 Β.,
2219 5570 2535 5640 προφητῶν.

1955 5643 2057 5724 (ξε).
2103 5643 2166 5724 in
2197 5640 2387 5724 eodem
2433 5638 2724 5724 ms..abest
2755 5638 2963 5724 λοιπόν.

187 5704 390 5780 Μὶτέύ
426 5723 615 5787 οἴκοις.

1953 5704 2064 5783 (65)
2103 5710 2187 5773 Β.,
2212 5710 2579 5787 ἐκπλήρωσιν,
2615 5709 2711 5766 sed
2745 5709 2854 5765 duo
2905 5723 3036 5764 mss.
3071 5708 3272 5779 quibus
3301 5704 3467 5764 Picus

276 5795 389 5866 (εδ)
428 5778 753 5849 ibim-deest
776 5792 874 5864 τῆς
912 5792 1087 5863 ὄψεως
1467 5825 1472 5832 .

1904 5778 2014 5838 isus
2043 5778 2150 5845 est,
2175 5778 2445 5849 πήρωσιν.

502 5892 776 5952 ΡΔτιιοι.
804 5893 920 5952 Gn.
956 5891 1015 5952 Χ

3062 5872 3142 5933 30
