  <div class='ocr_page' id='page_1' title='image "/cluster/home/n/w/nwhite01/storage/ocr_20150623/10/hvd.32044019207620/477.png"; bbox 0 0 3862 6486; ppageno 0'>
   <div class='ocr_carea' id='block_1_1' title="bbox 409 338 514 394">
    <p class='ocr_par' dir='ltr' id='par_1_1' title="bbox 409 338 514 394">
     <span class='ocr_line' id='line_1_1' title="bbox 409 338 514 394; baseline 0.01 -2"><span class='ocrx_word' id='word_1_1' title='bbox 409 338 514 394; x_wconf 79' lang='grc'><strong>959</strong></span> 
     </span>
    </p>
   </div>
   <div class='ocr_carea' id='block_1_2' title="bbox 1193 335 2848 396">
    <p class='ocr_par' dir='ltr' id='par_1_2' title="bbox 1193 335 2848 396">
     <span class='ocr_line' id='line_1_2' title="bbox 1193 335 2848 396; baseline 0.004 -7"><span class='ocrx_word' id='word_1_2' title='bbox 1193 335 1478 390; x_wconf 77' lang='grc' dir='ltr'><strong>ΑΡΡΕΝΙ).</strong></span> <span class='ocrx_word' id='word_1_3' title='bbox 1517 336 1606 390; x_wconf 80' lang='lat' dir='ltr'><strong>AD</strong></span> <span class='ocrx_word' id='word_1_4' title='bbox 1646 335 1928 392; x_wconf 76' lang='lat' dir='ltr'><strong>PARTEM</strong></span> <span class='ocrx_word' id='word_1_5' title='bbox 1982 335 2024 390; x_wconf 93' lang='lat' dir='ltr'><strong>lI</strong></span> <span class='ocrx_word' id='word_1_6' title='bbox 2067 335 2352 394; x_wconf 65' lang='lat' dir='ltr'><strong>OPEIIIJM</strong></span> <span class='ocrx_word' id='word_1_7' title='bbox 2395 341 2450 393; x_wconf 90' lang='lat' dir='ltr'><strong>S.</strong></span> <span class='ocrx_word' id='word_1_8' title='bbox 2487 339 2848 396; x_wconf 68' lang='lat' dir='ltr'><strong>I-III‘I‘OLYTI</strong></span> 
     </span>
    </p>
   </div>
   <div class='ocr_carea' id='block_1_3' title="bbox 3563 340 3650 401">
    <p class='ocr_par' dir='ltr' id='par_1_3' title="bbox 3563 340 3650 401">
     <span class='ocr_line' id='line_1_3' title="bbox 3563 340 3650 401; baseline -0.069 0"><span class='ocrx_word' id='word_1_9' title='bbox 3563 340 3650 401; x_wconf 62' lang='lat'><strong>940</strong></span> 
     </span>
    </p>
   </div>
   <div class='ocr_carea' id='block_1_4' title="bbox 405 457 1970 536">
    <p class='ocr_par' dir='ltr' id='par_1_4' title="bbox 405 457 1964 530">
     <span class='ocr_line' id='line_1_4' title="bbox 405 457 1964 530; baseline 0.001 -18"><span class='ocrx_word' id='word_1_10' title='bbox 405 457 590 525; x_wconf 85' lang='lat' dir='ltr'><strong>daver,</strong></span> <span class='ocrx_word' id='word_1_11' title='bbox 639 457 753 512; x_wconf 86' lang='lat' dir='ltr'><strong>illic</strong></span> <span class='ocrx_word' id='word_1_12' title='bbox 787 458 1246 530; x_wconf 72' lang='lat' dir='ltr'><strong>congregabantur</strong></span> <span class='ocrx_word' id='word_1_13' title='bbox 1299 468 1348 513; x_wconf 79' lang='lat' dir='ltr'><strong>et</strong></span> <span class='ocrx_word' id='word_1_14' title='bbox 1399 459 1592 529; x_wconf 77' lang='lat' dir='ltr'><strong>aquila:</strong></span> <span class='ocrx_word' id='word_1_15' title='bbox 1643 461 1710 515; x_wconf 85' lang='lat'><strong>&#39;&quot;.</strong></span> <span class='ocrx_word' id='word_1_16' title='bbox 1783 459 1964 515; x_wconf 73' lang='lat' dir='ltr'><strong>Ot&#39;ietu</strong></span> 
     </span>
    </p>
   </div>
   <div class='ocr_carea' id='block_1_5' title="bbox 2082 457 3676 536">
    <p class='ocr_par' dir='ltr' id='par_1_5' title="bbox 2101 462 3676 536">
     <span class='ocr_line' id='line_1_5' title="bbox 2101 462 3676 536; baseline 0.006 -23"><span class='ocrx_word' id='word_1_17' title='bbox 2101 477 2192 515; x_wconf 84' lang='grc' dir='ltr'>ται</span> <span class='ocrx_word' id='word_1_18' title='bbox 2237 462 2348 528; x_wconf 79' lang='grc' dir='ltr'>ἕως</span> <span class='ocrx_word' id='word_1_19' title='bbox 2387 463 2658 533; x_wconf 75' lang='grc' dir='ltr'><strong>δυσμῶν,</strong></span> <span class='ocrx_word' id='word_1_20' title='bbox 2708 465 2894 531; x_wconf 74' lang='grc' dir='ltr'>οὕτως</span> <span class='ocrx_word' id='word_1_21' title='bbox 2941 463 3004 518; x_wconf 75' lang='grc' dir='ltr'><em>ἕ(</em></span> <span class='ocrx_word' id='word_1_22' title='bbox 3021 480 3108 517; x_wconf 86' lang='grc' dir='ltr'>ται</span> <span class='ocrx_word' id='word_1_23' title='bbox 3151 465 3247 518; x_wconf 76' lang='grc' dir='ltr'><strong>καὶ</strong></span> <span class='ocrx_word' id='word_1_24' title='bbox 3287 465 3326 533; x_wconf 76' lang='grc' dir='ltr'><em>ἠ</em></span> <span class='ocrx_word' id='word_1_25' title='bbox 3373 469 3676 536; x_wconf 75' lang='grc' dir='ltr'>παρουσία</span> 
     </span>
    </p>
   </div>
   <div class='ocr_carea' id='block_1_6' title="bbox 405 551 1970 629">
    <p class='ocr_par' dir='ltr' id='par_1_6' title="bbox 405 551 1970 624">
     <span class='ocr_line' id='line_1_6' title="bbox 405 551 1970 624; baseline 0.002 -19"><span class='ocrx_word' id='word_1_26' title='bbox 405 553 550 606; x_wconf 86' lang='lat' dir='ltr'><strong>enim</strong></span> <span class='ocrx_word' id='word_1_27' title='bbox 585 551 654 606; x_wconf 91' lang='lat' dir='ltr'><strong>ab</strong></span> <span class='ocrx_word' id='word_1_28' title='bbox 681 552 889 607; x_wconf 87' lang='lat' dir='ltr'><strong>oriente</strong></span> <span class='ocrx_word' id='word_1_29' title='bbox 921 552 988 606; x_wconf 90' lang='lat' dir='ltr'><strong>ad</strong></span> <span class='ocrx_word' id='word_1_30' title='bbox 1029 552 1365 606; x_wconf 74' lang='lat' dir='ltr'><strong>occidentem</strong></span> <span class='ocrx_word' id='word_1_31' title='bbox 1404 568 1576 621; x_wconf 87' lang='lat' dir='ltr'><strong>usque</strong></span> <span class='ocrx_word' id='word_1_32' title='bbox 1612 551 1831 624; x_wconf 91' lang='lat' dir='ltr'><strong>signum</strong></span> <span class='ocrx_word' id='word_1_33' title='bbox 1865 569 1970 610; x_wconf 80' lang='lat' dir='ltr'><strong>cru</strong></span> 
     </span>
    </p>
   </div>
   <div class='ocr_carea' id='block_1_7' title="bbox 2082 551 3656 629">
    <p class='ocr_par' dir='ltr' id='par_1_7' title="bbox 2095 551 3656 629">
     <span class='ocr_line' id='line_1_7' title="bbox 2095 551 3656 629; baseline 0.006 -26"><span class='ocrx_word' id='word_1_34' title='bbox 2095 551 2203 605; x_wconf 85' lang='grc' dir='ltr'><strong>τοῦ</strong></span> <span class='ocrx_word' id='word_1_35' title='bbox 2263 552 2397 606; x_wconf 82' lang='grc' dir='ltr'>Υἱοῦ</span> <span class='ocrx_word' id='word_1_36' title='bbox 2453 551 2559 606; x_wconf 82' lang='grc' dir='ltr'><strong>τοῦ</strong></span> <span class='ocrx_word' id='word_1_37' title='bbox 2609 553 2954 622; x_wconf 56' lang='grc' dir='ltr'><strong>ἁνθιώποψ</strong></span> <span class='ocrx_word' id='word_1_38' title='bbox 3005 555 3158 609; x_wconf 80' lang='grc' dir='ltr'>ὅπου</span> <span class='ocrx_word' id='word_1_39' title='bbox 3217 555 3320 626; x_wconf 70' lang='grc' dir='ltr'>γὰρ</span> <span class='ocrx_word' id='word_1_40' title='bbox 3370 556 3480 610; x_wconf 81' lang='grc' dir='ltr'><strong>ἐὰν</strong></span> <span class='ocrx_word' id='word_1_41' title='bbox 3512 552 3553 629; x_wconf 80' lang='grc' dir='ltr'><strong><em>ᾗ</em></strong></span> <span class='ocrx_word' id='word_1_42' title='bbox 3599 560 3656 613; x_wconf 81' lang='grc' dir='ltr'>τὸ</span> 
     </span>
    </p>
   </div>
   <div class='ocr_carea' id='block_1_8' title="bbox 404 643 1990 714">
    <p class='ocr_par' dir='ltr' id='par_1_8' title="bbox 404 643 1990 714">
     <span class='ocr_line' id='line_1_8' title="bbox 404 643 1990 714; baseline 0.001 -17"><span class='ocrx_word' id='word_1_43' title='bbox 404 645 486 699; x_wconf 89' lang='lat' dir='ltr'><strong>eis</strong></span> <span class='ocrx_word' id='word_1_44' title='bbox 525 643 833 714; x_wconf 72' lang='lat' dir='ltr'><strong>superantis</strong></span> <span class='ocrx_word' id='word_1_45' title='bbox 862 643 1206 713; x_wconf 87' lang='lat' dir='ltr'><strong>splendorem</strong></span> <span class='ocrx_word' id='word_1_46' title='bbox 1240 645 1393 707; x_wconf 88' lang='lat' dir='ltr'><strong>solis,</strong></span> <span class='ocrx_word' id='word_1_47' title='bbox 1435 643 1767 700; x_wconf 80' lang='lat' dir='ltr'><strong>denuntians</strong></span> <span class='ocrx_word' id='word_1_48' title='bbox 1790 645 1990 699; x_wconf 80' lang='lat' dir='ltr'><strong>adven-</strong></span> 
     </span>
    </p>
   </div>
   <div class='ocr_carea' id='block_1_9' title="bbox 403 735 1974 806">
    <p class='ocr_par' dir='ltr' id='par_1_9' title="bbox 403 735 1974 806">
     <span class='ocr_line' id='line_1_9' title="bbox 403 735 1974 806; baseline -0.001 -16"><span class='ocrx_word' id='word_1_49' title='bbox 403 746 518 791; x_wconf 91' lang='lat' dir='ltr'><strong>tum</strong></span> <span class='ocrx_word' id='word_1_50' title='bbox 568 744 620 789; x_wconf 90' lang='lat' dir='ltr'><strong>et</strong></span> <span class='ocrx_word' id='word_1_51' title='bbox 660 736 1054 805; x_wconf 89' lang='lat' dir='ltr'><strong>apparitionem</strong></span> <span class='ocrx_word' id='word_1_52' title='bbox 1105 735 1346 806; x_wconf 86' lang='lat' dir='ltr'><strong>judicis:</strong></span> <span class='ocrx_word' id='word_1_53' title='bbox 1415 747 1475 790; x_wconf 89' lang='lat' dir='ltr'><strong>ut</strong></span> <span class='ocrx_word' id='word_1_54' title='bbox 1526 736 1716 790; x_wconf 88' lang='lat' dir='ltr'><strong>reddat</strong></span> <span class='ocrx_word' id='word_1_55' title='bbox 1774 735 1974 805; x_wconf 86' lang='lat' dir='ltr'><strong>cuique</strong></span> 
     </span>
    </p>
   </div>
   <div class='ocr_carea' id='block_1_10' title="bbox 403 826 1991 898">
    <p class='ocr_par' dir='ltr' id='par_1_10' title="bbox 403 826 1991 898">
     <span class='ocr_line' id='line_1_10' title="bbox 403 826 1991 898; baseline -0.001 -17"><span class='ocrx_word' id='word_1_56' title='bbox 403 828 704 882; x_wconf 87' lang='lat' dir='ltr'><strong>secundum</strong></span> <span class='ocrx_word' id='word_1_57' title='bbox 751 842 914 898; x_wconf 84' lang='lat' dir='ltr'><strong>opera</strong></span> <span class='ocrx_word' id='word_1_58' title='bbox 960 843 1078 882; x_wconf 90' lang='lat' dir='ltr'><strong>sua.</strong></span> <span class='ocrx_word' id='word_1_59' title='bbox 1129 826 1263 881; x_wconf 80' lang='lat' dir='ltr'><strong>Nam</strong></span> <span class='ocrx_word' id='word_1_60' title='bbox 1314 827 1380 882; x_wconf 89' lang='lat' dir='ltr'><strong>de</strong></span> <span class='ocrx_word' id='word_1_61' title='bbox 1428 828 1833 882; x_wconf 88' lang='lat' dir='ltr'><strong>resurrectione</strong></span> <span class='ocrx_word' id='word_1_62' title='bbox 1864 827 1991 882; x_wconf 73' lang='lat' dir='ltr'><strong>uni~</strong></span> 
     </span>
    </p>
   </div>
   <div class='ocr_carea' id='block_1_11' title="bbox 400 917 1984 991">
    <p class='ocr_par' dir='ltr' id='par_1_11' title="bbox 400 917 1984 991">
     <span class='ocr_line' id='line_1_11' title="bbox 400 917 1984 991; baseline -0.001 -19"><span class='ocrx_word' id='word_1_63' title='bbox 400 935 558 974; x_wconf 70' lang='lat' dir='ltr'><strong>\ersa</strong></span> <span class='ocrx_word' id='word_1_64' title='bbox 603 929 658 974; x_wconf 86' lang='lat' dir='ltr'><strong>et</strong></span> <span class='ocrx_word' id='word_1_65' title='bbox 694 918 762 975; x_wconf 91' lang='lat' dir='ltr'><strong>de</strong></span> <span class='ocrx_word' id='word_1_66' title='bbox 793 935 959 991; x_wconf 76' lang='lat' dir='ltr'><strong>regno</strong></span> <span class='ocrx_word' id='word_1_67' title='bbox 990 928 1304 975; x_wconf 87' lang='lat' dir='ltr'><strong>sanctorum</strong></span> <span class='ocrx_word' id='word_1_68' title='bbox 1341 919 1580 988; x_wconf 88' lang='lat' dir='ltr'><strong>loquitur</strong></span> <span class='ocrx_word' id='word_1_69' title='bbox 1625 919 1811 973; x_wconf 85' lang='lat' dir='ltr'><strong>Daniel</strong></span> <span class='ocrx_word' id='word_1_70' title='bbox 1856 936 1869 972; x_wconf 92' lang='lat'>:</span> <span class='ocrx_word' id='word_1_71' title='bbox 1915 917 1984 970; x_wconf 87' lang='lat' dir='ltr'><strong>Et</strong></span> 
     </span>
    </p>
   </div>
   <div class='ocr_carea' id='block_1_12' title="bbox 398 1011 1974 1080">
    <p class='ocr_par' dir='ltr' id='par_1_12' title="bbox 398 1011 1974 1080">
     <span class='ocr_line' id='line_1_12' title="bbox 398 1011 1974 1080; baseline -0.001 -16"><span class='ocrx_word' id='word_1_72' title='bbox 398 1013 558 1066; x_wconf 87' lang='lat' dir='ltr'><strong>multi</strong></span> <span class='ocrx_word' id='word_1_73' title='bbox 604 1013 981 1066; x_wconf 81' lang='lat' dir='ltr'><strong>dormientium</strong></span> <span class='ocrx_word' id='word_1_74' title='bbox 1027 1012 1401 1066; x_wconf 72' lang='lat' dir='ltr'><strong>excitabuntur</strong></span> <span class='ocrx_word' id='word_1_75' title='bbox 1451 1029 1478 1065; x_wconf 78' lang='grc' dir='ltr'><strong>ε</strong></span> <span class='ocrx_word' id='word_1_76' title='bbox 1541 1011 1748 1080; x_wconf 83' lang='lat' dir='ltr'><strong>pulvere</strong></span> <span class='ocrx_word' id='word_1_77' title='bbox 1789 1021 1974 1065; x_wconf 81' lang='lat' dir='ltr'><strong>teme:</strong></span> 
     </span>
    </p>
   </div>
   <div class='ocr_carea' id='block_1_13' title="bbox 397 1102 1981 1174">
    <p class='ocr_par' dir='ltr' id='par_1_13' title="bbox 397 1102 1981 1174">
     <span class='ocr_line' id='line_1_13' title="bbox 397 1102 1981 1174; baseline 0.001 -19"><span class='ocrx_word' id='word_1_78' title='bbox 397 1104 452 1157; x_wconf 73' lang='lat' dir='ltr'><strong>lii</strong></span> <span class='ocrx_word' id='word_1_79' title='bbox 492 1103 545 1156; x_wconf 91' lang='lat' dir='ltr'><strong>in</strong></span> <span class='ocrx_word' id='word_1_80' title='bbox 581 1105 744 1158; x_wconf 87' lang='lat' dir='ltr'><strong>vitam</strong></span> <span class='ocrx_word' id='word_1_81' title='bbox 789 1114 1074 1166; x_wconf 73' lang='lat' dir='ltr'><strong>retentam,</strong></span> <span class='ocrx_word' id='word_1_82' title='bbox 1110 1102 1190 1156; x_wconf 89' lang='lat' dir='ltr'><strong>illi</strong></span> <span class='ocrx_word' id='word_1_83' title='bbox 1228 1103 1281 1156; x_wconf 88' lang='lat' dir='ltr'><strong>in</strong></span> <span class='ocrx_word' id='word_1_84' title='bbox 1326 1104 1702 1157; x_wconf 82' lang='lat' dir='ltr'><strong>contumeliam</strong></span> <span class='ocrx_word' id='word_1_85' title='bbox 1744 1112 1792 1156; x_wconf 86' lang='lat' dir='ltr'><strong>et</strong></span> <span class='ocrx_word' id='word_1_86' title='bbox 1831 1103 1981 1174; x_wconf 88' lang='lat' dir='ltr'><strong>igno-</strong></span> 
     </span>
    </p>
   </div>
   <div class='ocr_carea' id='block_1_14' title="bbox 396 1193 1982 1265">
    <p class='ocr_par' dir='ltr' id='par_1_14' title="bbox 396 1193 1982 1265">
     <span class='ocr_line' id='line_1_14' title="bbox 396 1193 1982 1265; baseline 0 -18"><span class='ocrx_word' id='word_1_87' title='bbox 396 1195 618 1248; x_wconf 86' lang='lat' dir='ltr'><strong>miniam</strong></span> <span class='ocrx_word' id='word_1_88' title='bbox 655 1195 1001 1250; x_wconf 72' lang='lat' dir='ltr'><strong>wternam&quot;.</strong></span> <span class='ocrx_word' id='word_1_89' title='bbox 1049 1193 1219 1251; x_wconf 91' lang='lat' dir='ltr'><strong>Isaias</strong></span> <span class='ocrx_word' id='word_1_90' title='bbox 1263 1203 1445 1250; x_wconf 89' lang='lat' dir='ltr'><strong>autem</strong></span> <span class='ocrx_word' id='word_1_91' title='bbox 1479 1194 1647 1250; x_wconf 88' lang='lat' dir='ltr'><strong>dicit:</strong></span> <span class='ocrx_word' id='word_1_92' title='bbox 1691 1194 1982 1265; x_wconf 84' lang='lat' dir='ltr'><strong>Resurgeut</strong></span> 
     </span>
    </p>
   </div>
   <div class='ocr_carea' id='block_1_15' title="bbox 398 1287 1977 1358">
    <p class='ocr_par' dir='ltr' id='par_1_15' title="bbox 398 1287 1977 1358">
     <span class='ocr_line' id='line_1_15' title="bbox 398 1287 1977 1358; baseline 0.001 -20"><span class='ocrx_word' id='word_1_93' title='bbox 398 1288 617 1348; x_wconf 85' lang='lat' dir='ltr'><strong>mortui,</strong></span> <span class='ocrx_word' id='word_1_94' title='bbox 654 1296 702 1340; x_wconf 86' lang='lat' dir='ltr'><strong>et</strong></span> <span class='ocrx_word' id='word_1_95' title='bbox 730 1287 1106 1341; x_wconf 75' lang='lat' dir='ltr'><strong>excitabuntur</strong></span> <span class='ocrx_word' id='word_1_96' title='bbox 1129 1287 1218 1358; x_wconf 80' lang='lat' dir='ltr'><strong>qui</strong></span> <span class='ocrx_word' id='word_1_97' title='bbox 1253 1299 1376 1341; x_wconf 77' lang='lat' dir='ltr'><strong>sunt</strong></span> <span class='ocrx_word' id='word_1_98' title='bbox 1412 1288 1469 1340; x_wconf 88' lang='lat' dir='ltr'><strong>in</strong></span> <span class='ocrx_word' id='word_1_99' title='bbox 1507 1288 1879 1352; x_wconf 76' lang='lat' dir='ltr'><strong>monumentis,</strong></span> <span class='ocrx_word' id='word_1_100' title='bbox 1915 1304 1977 1340; x_wconf 87' lang='lat' dir='ltr'><strong>ac</strong></span> 
     </span>
    </p>
   </div>
   <div class='ocr_carea' id='block_1_16' title="bbox 399 1377 1979 1449">
    <p class='ocr_par' dir='ltr' id='par_1_16' title="bbox 399 1377 1979 1449">
     <span class='ocr_line' id='line_1_16' title="bbox 399 1377 1979 1449; baseline 0.001 -19"><span class='ocrx_word' id='word_1_101' title='bbox 399 1377 728 1433; x_wconf 70' lang='lat' dir='ltr'><strong>(relabuntur</strong></span> <span class='ocrx_word' id='word_1_102' title='bbox 765 1380 1064 1432; x_wconf 79' lang='lat' dir='ltr'><strong>habitantes</strong></span> <span class='ocrx_word' id='word_1_103' title='bbox 1108 1381 1161 1433; x_wconf 88' lang='lat' dir='ltr'><strong>in</strong></span> <span class='ocrx_word' id='word_1_104' title='bbox 1195 1387 1335 1432; x_wconf 85' lang='lat' dir='ltr'><strong>terra</strong></span> <span class='ocrx_word' id='word_1_105' title='bbox 1357 1378 1422 1433; x_wconf 78' lang='grc'><strong>⁷⁸.</strong></span> <span class='ocrx_word' id='word_1_106' title='bbox 1473 1378 1735 1433; x_wconf 88' lang='lat' dir='ltr'><strong>Dominus</strong></span> <span class='ocrx_word' id='word_1_107' title='bbox 1761 1393 1979 1449; x_wconf 89' lang='lat' dir='ltr'><strong>quoque</strong></span> 
     </span>
    </p>
   </div>
   <div class='ocr_carea' id='block_1_17' title="bbox 390 1468 1969 1528">
    <p class='ocr_par' dir='ltr' id='par_1_17' title="bbox 390 1468 1969 1528">
     <span class='ocr_line' id='line_1_17' title="bbox 390 1468 1969 1528; baseline -0.002 -2"><span class='ocrx_word' id='word_1_108' title='bbox 390 1483 577 1528; x_wconf 87' lang='lat' dir='ltr'><strong>noster</strong></span> <span class='ocrx_word' id='word_1_109' title='bbox 610 1474 716 1528; x_wconf 86' lang='lat' dir='ltr'><strong>ait:</strong></span> <span class='ocrx_word' id='word_1_110' title='bbox 746 1472 899 1526; x_wconf 76' lang='lat' dir='ltr'><strong>Multi</strong></span> <span class='ocrx_word' id='word_1_111' title='bbox 933 1474 984 1526; x_wconf 88' lang='lat' dir='ltr'><strong>in</strong></span> <span class='ocrx_word' id='word_1_112' title='bbox 1018 1471 1115 1526; x_wconf 88' lang='lat' dir='ltr'><strong>illa</strong></span> <span class='ocrx_word' id='word_1_113' title='bbox 1140 1472 1226 1526; x_wconf 89' lang='lat' dir='ltr'><strong>die</strong></span> <span class='ocrx_word' id='word_1_114' title='bbox 1247 1471 1461 1526; x_wconf 84' lang='lat' dir='ltr'><strong>audient</strong></span> <span class='ocrx_word' id='word_1_115' title='bbox 1488 1487 1660 1526; x_wconf 89' lang='lat' dir='ltr'><strong>vocem</strong></span> <span class='ocrx_word' id='word_1_116' title='bbox 1689 1468 1822 1524; x_wconf 84' lang='lat' dir='ltr'><strong>Filii</strong></span> <span class='ocrx_word' id='word_1_117' title='bbox 1854 1469 1969 1524; x_wconf 86' lang='lat' dir='ltr'><strong>Dei.</strong></span> 
     </span>
    </p>
   </div>
   <div class='ocr_carea' id='block_1_18' title="bbox 390 1565 1189 1637">
    <p class='ocr_par' dir='ltr' id='par_1_18' title="bbox 390 1565 1189 1637">
     <span class='ocr_line' id='line_1_18' title="bbox 390 1565 1189 1637; baseline 0.004 -19"><span class='ocrx_word' id='word_1_118' title='bbox 390 1565 463 1619; x_wconf 87' lang='lat' dir='ltr'><strong>Et</strong></span> <span class='ocrx_word' id='word_1_119' title='bbox 483 1567 573 1637; x_wconf 89' lang='lat' dir='ltr'><strong>qui</strong></span> <span class='ocrx_word' id='word_1_120' title='bbox 601 1568 890 1632; x_wconf 83' lang='lat' dir='ltr'><strong>audierint,</strong></span> <span class='ocrx_word' id='word_1_121' title='bbox 930 1567 1096 1621; x_wconf 84' lang='lat' dir='ltr'><strong>vivent</strong></span> <span class='ocrx_word' id='word_1_122' title='bbox 1122 1567 1189 1621; x_wconf 78' lang='grc' dir='ltr'><strong>⁸ο.</strong></span> 
     </span>
    </p>
   </div>
   <div class='ocr_carea' id='block_1_19' title="bbox 2089 640 3657 724">
    <p class='ocr_par' dir='ltr' id='par_1_19' title="bbox 2089 640 3657 724">
     <span class='ocr_line' id='line_1_19' title="bbox 2089 640 3657 724; baseline 0.006 -31"><span class='ocrx_word' id='word_1_123' title='bbox 2089 640 2326 709; x_wconf 79' lang='grc' dir='ltr'>πτῶμα,</span> <span class='ocrx_word' id='word_1_124' title='bbox 2351 643 2481 697; x_wconf 79' lang='grc' dir='ltr'>ἐκεῖ</span> <span class='ocrx_word' id='word_1_125' title='bbox 2504 645 2995 713; x_wconf 72' lang='grc' dir='ltr'>συναχθήσονται</span> <span class='ocrx_word' id='word_1_126' title='bbox 3035 646 3133 700; x_wconf 76' lang='grc' dir='ltr'>καὶ</span> <span class='ocrx_word' id='word_1_127' title='bbox 3164 650 3218 700; x_wconf 80' lang='grc' dir='ltr'>οἱ</span> <span class='ocrx_word' id='word_1_128' title='bbox 3251 647 3432 703; x_wconf 81' lang='grc' dir='ltr'>ἀετοί.</span> <span class='ocrx_word' id='word_1_129' title='bbox 3467 650 3539 703; x_wconf 86' lang='grc' dir='ltr'>Τὸ</span> <span class='ocrx_word' id='word_1_130' title='bbox 3561 651 3657 724; x_wconf 80' lang='grc' dir='ltr'><strong>γὰρ</strong></span> 
     </span>
    </p>
   </div>
   <div class='ocr_carea' id='block_1_20' title="bbox 2091 733 3658 810">
    <p class='ocr_par' dir='ltr' id='par_1_20' title="bbox 2091 733 3658 810">
     <span class='ocr_line' id='line_1_20' title="bbox 2091 733 3658 810; baseline 0.005 -25"><span class='ocrx_word' id='word_1_131' title='bbox 2091 737 2317 805; x_wconf 76' lang='grc' dir='ltr'>σημεῖον</span> <span class='ocrx_word' id='word_1_132' title='bbox 2335 733 2428 786; x_wconf 85' lang='grc' dir='ltr'><strong>τοῦ</strong></span> <span class='ocrx_word' id='word_1_133' title='bbox 2455 734 2690 806; x_wconf 84' lang='grc' dir='ltr'>σταυροῦ</span> <span class='ocrx_word' id='word_1_134' title='bbox 2717 734 2828 806; x_wconf 66' lang='grc'>(64)</span> <span class='ocrx_word' id='word_1_135' title='bbox 2851 736 2958 788; x_wconf 80' lang='grc' dir='ltr'><strong>ἀπὸ</strong></span> <span class='ocrx_word' id='word_1_136' title='bbox 2986 735 3260 791; x_wconf 84' lang='grc' dir='ltr'>ἀνατολῶν</span> <span class='ocrx_word' id='word_1_137' title='bbox 3300 738 3402 802; x_wconf 80' lang='grc' dir='ltr'>ἓως</span> <span class='ocrx_word' id='word_1_138' title='bbox 3448 739 3658 810; x_wconf 80' lang='grc' dir='ltr'><strong>δυσμῶν</strong></span> 
     </span>
    </p>
   </div>
   <div class='ocr_carea' id='block_1_21' title="bbox 2087 824 3657 901">
    <p class='ocr_par' dir='ltr' id='par_1_21' title="bbox 2087 824 3657 901">
     <span class='ocr_line' id='line_1_21' title="bbox 2087 824 3657 901; baseline 0.002 -22"><span class='ocrx_word' id='word_1_139' title='bbox 2087 824 2334 879; x_wconf 84' lang='grc' dir='ltr'>ἀνατελεῖ</span> <span class='ocrx_word' id='word_1_140' title='bbox 2366 827 2503 898; x_wconf 83' lang='grc' dir='ltr'>ὑπὲρ</span> <span class='ocrx_word' id='word_1_141' title='bbox 2545 827 2645 897; x_wconf 79' lang='grc' dir='ltr'>τὴν</span> <span class='ocrx_word' id='word_1_142' title='bbox 2687 826 3045 897; x_wconf 77' lang='grc' dir='ltr'>λαμπρότητα</span> <span class='ocrx_word' id='word_1_143' title='bbox 3087 827 3180 880; x_wconf 88' lang='grc' dir='ltr'><strong>τοῦ</strong></span> <span class='ocrx_word' id='word_1_144' title='bbox 3216 826 3389 898; x_wconf 83' lang='grc' dir='ltr'>ήλίου,</span> <span class='ocrx_word' id='word_1_145' title='bbox 3430 830 3523 882; x_wconf 74' lang='grc' dir='ltr'>καὶ</span> <span class='ocrx_word' id='word_1_146' title='bbox 3565 848 3657 901; x_wconf 75' lang='grc' dir='ltr'><strong>μη-</strong></span> 
     </span>
    </p>
   </div>
   <div class='ocr_carea' id='block_1_22' title="bbox 2090 917 3655 992">
    <p class='ocr_par' dir='ltr' id='par_1_22' title="bbox 2090 917 3655 992">
     <span class='ocr_line' id='line_1_22' title="bbox 2090 917 3655 992; baseline 0.003 -20"><span class='ocrx_word' id='word_1_147' title='bbox 2090 917 2239 972; x_wconf 88' lang='grc' dir='ltr'>νύσει</span> <span class='ocrx_word' id='word_1_148' title='bbox 2271 917 2365 970; x_wconf 91' lang='grc' dir='ltr'><strong>τοῦ</strong></span> <span class='ocrx_word' id='word_1_149' title='bbox 2394 918 2582 991; x_wconf 81' lang='grc' dir='ltr'><strong>κριτοῦ</strong></span> <span class='ocrx_word' id='word_1_150' title='bbox 2614 919 2711 991; x_wconf 78' lang='grc' dir='ltr'>τὴν</span> <span class='ocrx_word' id='word_1_151' title='bbox 2736 918 2945 973; x_wconf 78' lang='grc' dir='ltr'>ἕλευσιν</span> <span class='ocrx_word' id='word_1_152' title='bbox 2975 919 3069 973; x_wconf 76' lang='grc' dir='ltr'>καὶ</span> <span class='ocrx_word' id='word_1_153' title='bbox 3096 920 3194 992; x_wconf 74' lang='grc' dir='ltr'>τὴν</span> <span class='ocrx_word' id='word_1_154' title='bbox 3224 922 3544 992; x_wconf 74' lang='grc' dir='ltr'>ἐμφάνειαν,</span> <span class='ocrx_word' id='word_1_155' title='bbox 3571 922 3655 976; x_wconf 86' lang='grc' dir='ltr'><strong>τοῦ</strong></span> 
     </span>
    </p>
   </div>
   <div class='ocr_carea' id='block_1_23' title="bbox 2086 1010 3658 1087">
    <p class='ocr_par' dir='ltr' id='par_1_23' title="bbox 2086 1010 3658 1087">
     <span class='ocr_line' id='line_1_23' title="bbox 2086 1010 3658 1087; baseline 0.002 -23"><span class='ocrx_word' id='word_1_156' title='bbox 2086 1010 2378 1064; x_wconf 82' lang='grc' dir='ltr'>ἀποδοῦναι</span> <span class='ocrx_word' id='word_1_157' title='bbox 2426 1012 2638 1083; x_wconf 75' lang='grc' dir='ltr'>ἑκάστῳ</span> <span class='ocrx_word' id='word_1_158' title='bbox 2687 1011 2828 1065; x_wconf 87' lang='grc' dir='ltr'><strong>κατά</strong></span> <span class='ocrx_word' id='word_1_159' title='bbox 2869 1011 2939 1064; x_wconf 79' lang='grc' dir='ltr'><strong>τὰ</strong></span> <span class='ocrx_word' id='word_1_160' title='bbox 2969 1012 3104 1084; x_wconf 80' lang='grc' dir='ltr'>ἔργα</span> <span class='ocrx_word' id='word_1_161' title='bbox 3146 1013 3339 1066; x_wconf 78' lang='grc' dir='ltr'>αὑτοῦ·</span> <span class='ocrx_word' id='word_1_162' title='bbox 3388 1015 3516 1087; x_wconf 80' lang='grc' dir='ltr'>περὶ</span> <span class='ocrx_word' id='word_1_163' title='bbox 3558 1018 3658 1086; x_wconf 71' lang='grc' dir='ltr'>γὰρ</span> 
     </span>
    </p>
   </div>
   <div class='ocr_carea' id='block_1_24' title="bbox 2082 1104 3655 1178">
    <p class='ocr_par' dir='ltr' id='par_1_24' title="bbox 2082 1104 3655 1178">
     <span class='ocr_line' id='line_1_24' title="bbox 2082 1104 3655 1178; baseline -0.001 -18"><span class='ocrx_word' id='word_1_164' title='bbox 2082 1107 2182 1176; x_wconf 82' lang='grc' dir='ltr'><strong>τῆς</strong></span> <span class='ocrx_word' id='word_1_165' title='bbox 2213 1105 2562 1170; x_wconf 81' lang='grc' dir='ltr'><strong>ἀναστάσεως</strong></span> <span class='ocrx_word' id='word_1_166' title='bbox 2594 1105 2702 1159; x_wconf 83' lang='grc' dir='ltr'>τῶν</span> <span class='ocrx_word' id='word_1_167' title='bbox 2739 1105 3024 1175; x_wconf 80' lang='grc' dir='ltr'>ἅπανταχῆ</span> <span class='ocrx_word' id='word_1_168' title='bbox 3058 1104 3193 1176; x_wconf 82' lang='grc'>(65),</span> <span class='ocrx_word' id='word_1_169' title='bbox 3237 1107 3329 1158; x_wconf 82' lang='grc' dir='ltr'><strong>καὶ</strong></span> <span class='ocrx_word' id='word_1_170' title='bbox 3365 1106 3463 1176; x_wconf 73' lang='grc' dir='ltr'>τῆς</span> <span class='ocrx_word' id='word_1_171' title='bbox 3507 1106 3655 1178; x_wconf 85' lang='grc' dir='ltr'>βασι-</span> 
     </span>
    </p>
   </div>
   <div class='ocr_carea' id='block_1_25' title="bbox 2082 1196 3658 1268">
    <p class='ocr_par' dir='ltr' id='par_1_25' title="bbox 2082 1196 3658 1268">
     <span class='ocr_line' id='line_1_25' title="bbox 2082 1196 3658 1268; baseline 0 -18"><span class='ocrx_word' id='word_1_172' title='bbox 2082 1197 2230 1262; x_wconf 80' lang='grc' dir='ltr'>λείας</span> <span class='ocrx_word' id='word_1_173' title='bbox 2276 1197 2380 1250; x_wconf 85' lang='grc' dir='ltr'>τῶν</span> <span class='ocrx_word' id='word_1_174' title='bbox 2426 1197 2614 1266; x_wconf 89' lang='grc' dir='ltr'>ἁγίων,</span> <span class='ocrx_word' id='word_1_175' title='bbox 2657 1196 2804 1266; x_wconf 79' lang='grc' dir='ltr'>λέγει</span> <span class='ocrx_word' id='word_1_176' title='bbox 2851 1196 3078 1268; x_wconf 79' lang='grc' dir='ltr'>Δανιήλ·</span> <span class='ocrx_word' id='word_1_177' title='bbox 3128 1197 3236 1250; x_wconf 81' lang='grc' dir='ltr'><strong>Καὶ</strong></span> <span class='ocrx_word' id='word_1_178' title='bbox 3289 1198 3502 1260; x_wconf 75' lang='grc' dir='ltr'>πολλοὶ</span> <span class='ocrx_word' id='word_1_179' title='bbox 3555 1196 3658 1268; x_wconf 88' lang='grc'>(66)</span> 
     </span>
    </p>
   </div>
   <div class='ocr_carea' id='block_1_26' title="bbox 2087 1287 3659 1358">
    <p class='ocr_par' dir='ltr' id='par_1_26' title="bbox 2087 1287 3659 1358">
     <span class='ocr_line' id='line_1_26' title="bbox 2087 1287 3659 1358; baseline 0.001 -17"><span class='ocrx_word' id='word_1_180' title='bbox 2087 1288 2207 1342; x_wconf 76' lang='grc' dir='ltr'><strong>τῶν</strong></span> <span class='ocrx_word' id='word_1_181' title='bbox 2247 1290 2659 1342; x_wconf 76' lang='grc' dir='ltr'><strong>καθευδόντων</strong></span> <span class='ocrx_word' id='word_1_182' title='bbox 2709 1289 2780 1341; x_wconf 84' lang='grc' dir='ltr'><strong>ἑν</strong></span> <span class='ocrx_word' id='word_1_183' title='bbox 2823 1288 2935 1358; x_wconf 64' lang='grc' dir='ltr'>γῆς</span> <span class='ocrx_word' id='word_1_184' title='bbox 2975 1287 3196 1358; x_wconf 85' lang='grc' dir='ltr'>χώματι</span> <span class='ocrx_word' id='word_1_185' title='bbox 3241 1289 3659 1358; x_wconf 74' lang='grc' dir='ltr'>ἐξεγερθήσοι·ο</span> 
     </span>
    </p>
   </div>
   <div class='ocr_carea' id='block_1_27' title="bbox 2088 1375 3658 1447">
    <p class='ocr_par' dir='ltr' id='par_1_27' title="bbox 2088 1375 3658 1447">
     <span class='ocr_line' id='line_1_27' title="bbox 2088 1375 3658 1447; baseline 0.001 -15"><span class='ocrx_word' id='word_1_186' title='bbox 2088 1397 2211 1444; x_wconf 85' lang='grc' dir='ltr'>ται,</span> <span class='ocrx_word' id='word_1_187' title='bbox 2245 1375 2412 1434; x_wconf 85' lang='grc' dir='ltr'>οὗτοι</span> <span class='ocrx_word' id='word_1_188' title='bbox 2450 1380 2536 1444; x_wconf 83' lang='grc' dir='ltr'>εὶς</span> <span class='ocrx_word' id='word_1_189' title='bbox 2576 1376 2730 1447; x_wconf 76' lang='grc' dir='ltr'>ζωὴν·</span> <span class='ocrx_word' id='word_1_190' title='bbox 2777 1379 3036 1444; x_wconf 74' lang='grc' dir='ltr'>αἰώνιον,</span> <span class='ocrx_word' id='word_1_191' title='bbox 3066 1380 3164 1435; x_wconf 80' lang='grc' dir='ltr'><strong>καὶ</strong></span> <span class='ocrx_word' id='word_1_192' title='bbox 3207 1375 3367 1435; x_wconf 84' lang='grc' dir='ltr'>οὗτοι</span> <span class='ocrx_word' id='word_1_193' title='bbox 3395 1382 3480 1446; x_wconf 82' lang='grc' dir='ltr'>εις</span> <span class='ocrx_word' id='word_1_194' title='bbox 3511 1381 3658 1434; x_wconf 70' lang='lat' dir='ltr'><strong>drat-</strong></span> 
     </span>
    </p>
   </div>
   <div class='ocr_carea' id='block_1_28' title="bbox 2076 1470 3658 1543">
    <p class='ocr_par' dir='ltr' id='par_1_28' title="bbox 2076 1470 3658 1543">
     <span class='ocr_line' id='line_1_28' title="bbox 2076 1470 3658 1543; baseline 0 -19"><span class='ocrx_word' id='word_1_195' title='bbox 2076 1470 2295 1540; x_wconf 66' lang='grc' dir='ltr'>δισμόιο</span> <span class='ocrx_word' id='word_1_196' title='bbox 2331 1470 2428 1523; x_wconf 78' lang='grc' dir='ltr'><strong>καὶ</strong></span> <span class='ocrx_word' id='word_1_197' title='bbox 2465 1473 2552 1536; x_wconf 83' lang='grc' dir='ltr'>εἰς</span> <span class='ocrx_word' id='word_1_198' title='bbox 2606 1472 2908 1540; x_wconf 78' lang='grc' dir='ltr'><strong>αἰσχύνην</strong></span> <span class='ocrx_word' id='word_1_199' title='bbox 2951 1471 3186 1525; x_wconf 73' lang='grc' dir='ltr'>αἰώνιον</span> <span class='ocrx_word' id='word_1_200' title='bbox 3241 1470 3375 1543; x_wconf 87' lang='grc'>(67).</span> <span class='ocrx_word' id='word_1_201' title='bbox 3433 1472 3658 1537; x_wconf 72' lang='grc' dir='ltr'>Ἡσαῐιις</span> 
     </span>
    </p>
   </div>
   <div class='ocr_carea' id='block_1_29' title="bbox 2074 1561 3660 1635">
    <p class='ocr_par' dir='ltr' id='par_1_29' title="bbox 2074 1561 3660 1635">
     <span class='ocr_line' id='line_1_29' title="bbox 2074 1561 3660 1635; baseline 0.001 -19"><span class='ocrx_word' id='word_1_202' title='bbox 2074 1563 2131 1616; x_wconf 87' lang='grc' dir='ltr'><strong>δὲ</strong></span> <span class='ocrx_word' id='word_1_203' title='bbox 2166 1563 2344 1630; x_wconf 83' lang='grc' dir='ltr'>λέγει’</span> <span class='ocrx_word' id='word_1_204' title='bbox 2395 1561 2862 1629; x_wconf 75' lang='grc' dir='ltr'>Ἁιίιστήσονται</span> <span class='ocrx_word' id='word_1_205' title='bbox 2911 1565 2963 1616; x_wconf 82' lang='grc' dir='ltr'>οι</span> <span class='ocrx_word' id='word_1_206' title='bbox 3010 1563 3244 1632; x_wconf 78' lang='grc' dir='ltr'>νεκροὶ,</span> <span class='ocrx_word' id='word_1_207' title='bbox 3279 1565 3375 1618; x_wconf 70' lang='grc' dir='ltr'>καὶ</span> <span class='ocrx_word' id='word_1_208' title='bbox 3420 1563 3660 1635; x_wconf 67' lang='grc' dir='ltr'>ἐγερθήσ</span> 
     </span>
    </p>
   </div>
   <div class='ocr_carea' id='block_1_30' title="bbox 391 1654 3656 1730">
    <p class='ocr_par' dir='ltr' id='par_1_30' title="bbox 391 1654 3656 1730">
     <span class='ocr_line' id='line_1_30' title="bbox 391 1654 3656 1730; baseline 0 -16"><span class='ocrx_word' id='word_1_209' title='bbox 391 1677 602 1714; x_wconf 74' lang='grc' dir='ltr'>σοι-ται</span> <span class='ocrx_word' id='word_1_210' title='bbox 640 1664 694 1714; x_wconf 88' lang='grc' dir='ltr'>οἱ</span> <span class='ocrx_word' id='word_1_211' title='bbox 730 1660 799 1712; x_wconf 77' lang='grc' dir='ltr'>ἐν</span> <span class='ocrx_word' id='word_1_212' title='bbox 837 1659 958 1726; x_wconf 84' lang='grc' dir='ltr'>τοῖς</span> <span class='ocrx_word' id='word_1_213' title='bbox 1005 1662 1333 1730; x_wconf 63' lang='grc' dir='ltr'>μνημείοις,</span> <span class='ocrx_word' id='word_1_214' title='bbox 1377 1662 1472 1715; x_wconf 80' lang='grc' dir='ltr'>καὶ</span> <span class='ocrx_word' id='word_1_215' title='bbox 1514 1659 2034 1730; x_wconf 73' lang='grc' dir='ltr'><strong>εὐφρανθήσονται</strong></span> <span class='ocrx_word' id='word_1_216' title='bbox 2077 1659 2130 1711; x_wconf 81' lang='lat' dir='ltr'><strong>ot</strong></span> <span class='ocrx_word' id='word_1_217' title='bbox 2173 1656 2244 1708; x_wconf 74' lang='grc' dir='ltr'><em>ἐν</em></span> <span class='ocrx_word' id='word_1_218' title='bbox 2273 1654 2346 1724; x_wconf 78' lang='grc' dir='ltr'>τῇ</span> <span class='ocrx_word' id='word_1_219' title='bbox 2374 1654 2452 1726; x_wconf 79' lang='grc' dir='ltr'>γῇ</span> <span class='ocrx_word' id='word_1_220' title='bbox 2483 1655 2616 1727; x_wconf 88' lang='grc'>(68).</span> <span class='ocrx_word' id='word_1_221' title='bbox 2659 1657 2717 1709; x_wconf 86' lang='lat'><strong>&#39;0</strong></span> <span class='ocrx_word' id='word_1_222' title='bbox 2743 1656 2798 1710; x_wconf 83' lang='grc' dir='ltr'><strong>δὲ</strong></span> <span class='ocrx_word' id='word_1_223' title='bbox 2843 1657 3044 1729; x_wconf 87' lang='grc' dir='ltr'>Κύριος</span> <span class='ocrx_word' id='word_1_224' title='bbox 3091 1657 3249 1730; x_wconf 84' lang='grc' dir='ltr'>ήμῶν</span> <span class='ocrx_word' id='word_1_225' title='bbox 3290 1658 3468 1727; x_wconf 82' lang='grc' dir='ltr'><strong>λέγει·</strong></span> <span class='ocrx_word' id='word_1_226' title='bbox 3506 1664 3656 1714; x_wconf 71' lang='grc' dir='ltr'><strong>Πολ-</strong></span> 
     </span>
    </p>
   </div>
   <div class='ocr_carea' id='block_1_31' title="bbox 387 1748 3656 1824">
    <p class='ocr_par' dir='ltr' id='par_1_31' title="bbox 387 1748 3656 1824">
     <span class='ocr_line' id='line_1_31' title="bbox 387 1748 3656 1824; baseline 0 -17"><span class='ocrx_word' id='word_1_227' title='bbox 387 1755 480 1808; x_wconf 76' lang='grc' dir='ltr'><strong>λοὶ</strong></span> <span class='ocrx_word' id='word_1_228' title='bbox 508 1753 617 1824; x_wconf 85' lang='grc'>(69)</span> <span class='ocrx_word' id='word_1_229' title='bbox 642 1753 712 1806; x_wconf 77' lang='grc' dir='ltr'><strong>ἐν</strong></span> <span class='ocrx_word' id='word_1_230' title='bbox 742 1754 945 1822; x_wconf 77' lang='grc' dir='ltr'>ἐκείνῃ</span> <span class='ocrx_word' id='word_1_231' title='bbox 969 1752 1044 1822; x_wconf 78' lang='grc' dir='ltr'><em>τῇ</em></span> <span class='ocrx_word' id='word_1_232' title='bbox 1073 1753 1263 1824; x_wconf 77' lang='grc' dir='ltr'>ἡμέρᾳ</span> <span class='ocrx_word' id='word_1_233' title='bbox 1292 1754 1655 1809; x_wconf 72' lang='grc' dir='ltr'>ἀκούσονται</span> <span class='ocrx_word' id='word_1_234' title='bbox 1687 1751 1793 1820; x_wconf 83' lang='grc' dir='ltr'><strong>τῆς</strong></span> <span class='ocrx_word' id='word_1_235' title='bbox 1823 1750 2030 1822; x_wconf 68' lang='grc' dir='ltr'>φωνῆς</span> <span class='ocrx_word' id='word_1_236' title='bbox 2069 1748 2175 1802; x_wconf 88' lang='grc' dir='ltr'><strong>τοῦ</strong></span> <span class='ocrx_word' id='word_1_237' title='bbox 2217 1748 2353 1802; x_wconf 82' lang='grc' dir='ltr'>Υίοῦ</span> <span class='ocrx_word' id='word_1_238' title='bbox 2397 1748 2502 1802; x_wconf 86' lang='grc' dir='ltr'><strong>τοῦ</strong></span> <span class='ocrx_word' id='word_1_239' title='bbox 2535 1749 2702 1811; x_wconf 78' lang='grc' dir='ltr'>Θεοῦ,</span> <span class='ocrx_word' id='word_1_240' title='bbox 2743 1750 2840 1803; x_wconf 79' lang='grc' dir='ltr'><strong>καὶ</strong></span> <span class='ocrx_word' id='word_1_241' title='bbox 2876 1752 2930 1804; x_wconf 78' lang='grc' dir='ltr'>οἱ</span> <span class='ocrx_word' id='word_1_242' title='bbox 2966 1751 3338 1818; x_wconf 76' lang='grc' dir='ltr'>ἀκούσαντες</span> <span class='ocrx_word' id='word_1_243' title='bbox 3361 1749 3656 1817; x_wconf 56' lang='lat' dir='ltr'><strong>(auertat.</strong></span> 
     </span>
    </p>
   </div>
   <div class='ocr_carea' id='block_1_32' title="bbox 458 1841 1970 1918">
    <p class='ocr_par' dir='ltr' id='par_1_32' title="bbox 458 1848 1970 1915">
     <span class='ocr_line' id='line_1_32' title="bbox 458 1848 1970 1915; baseline -0.001 -12"><span class='ocrx_word' id='word_1_244' title='bbox 458 1848 886 1905; x_wconf 74' lang='lat' dir='ltr'><strong>XXXVII.Tunc</strong></span> <span class='ocrx_word' id='word_1_245' title='bbox 903 1849 1048 1904; x_wconf 91' lang='lat' dir='ltr'><strong>enim</strong></span> <span class='ocrx_word' id='word_1_246' title='bbox 1067 1851 1282 1905; x_wconf 83' lang='lat' dir='ltr'><strong>sonabit</strong></span> <span class='ocrx_word' id='word_1_247' title='bbox 1299 1850 1424 1904; x_wconf 89' lang='lat' dir='ltr'><strong>tuba</strong></span> <span class='ocrx_word' id='word_1_248' title='bbox 1446 1850 1512 1915; x_wconf 75' lang='grc'><strong>⁸⁸,</strong></span> <span class='ocrx_word' id='word_1_249' title='bbox 1530 1859 1582 1904; x_wconf 91' lang='lat' dir='ltr'><strong>et</strong></span> <span class='ocrx_word' id='word_1_250' title='bbox 1597 1849 1854 1904; x_wconf 79' lang='lat' dir='ltr'><strong>excitabit</strong></span> <span class='ocrx_word' id='word_1_251' title='bbox 1868 1848 1970 1903; x_wconf 78' lang='lat' dir='ltr'><strong>dor</strong></span> 
     </span>
    </p>
   </div>
   <div class='ocr_carea' id='block_1_33' title="bbox 2082 1841 3659 1918">
    <p class='ocr_par' dir='ltr' id='par_1_33' title="bbox 2164 1841 3659 1918">
     <span class='ocr_line' id='line_1_33' title="bbox 2164 1841 3659 1918; baseline 0 -22"><span class='ocrx_word' id='word_1_252' title='bbox 2164 1841 2423 1897; x_wconf 69' lang='lat' dir='ltr'><strong>XXXVII.</strong></span> <span class='ocrx_word' id='word_1_253' title='bbox 2493 1844 2624 1897; x_wconf 87' lang='grc' dir='ltr'>Τότε</span> <span class='ocrx_word' id='word_1_254' title='bbox 2665 1843 2773 1915; x_wconf 81' lang='grc' dir='ltr'><strong>γὰρ</strong></span> <span class='ocrx_word' id='word_1_255' title='bbox 2812 1845 2925 1915; x_wconf 85' lang='grc'>(70)</span> <span class='ocrx_word' id='word_1_256' title='bbox 2959 1847 2993 1917; x_wconf 90' lang='grc' dir='ltr'><strong>ή</strong></span> <span class='ocrx_word' id='word_1_257' title='bbox 3026 1844 3259 1914; x_wconf 79' lang='grc' dir='ltr'><strong>σάλπιγξ</strong></span> <span class='ocrx_word' id='word_1_258' title='bbox 3305 1846 3521 1918; x_wconf 78' lang='grc' dir='ltr'>ήχήσει,</span> <span class='ocrx_word' id='word_1_259' title='bbox 3576 1845 3659 1902; x_wconf 70' lang='grc' dir='ltr'>καὶ</span> 
     </span>
    </p>
   </div>
   <div class='ocr_carea' id='block_1_34' title="bbox 390 1933 1970 2012">
    <p class='ocr_par' dir='ltr' id='par_1_34' title="bbox 390 1942 1970 2012">
     <span class='ocr_line' id='line_1_34' title="bbox 390 1942 1970 2012; baseline -0.001 -15"><span class='ocrx_word' id='word_1_260' title='bbox 390 1945 623 1998; x_wconf 85' lang='lat' dir='ltr'><strong>mientes</strong></span> <span class='ocrx_word' id='word_1_261' title='bbox 648 1958 678 1998; x_wconf 91' lang='lat' dir='ltr'><strong>e</strong></span> <span class='ocrx_word' id='word_1_262' title='bbox 706 1942 1146 2012; x_wconf 84' lang='lat' dir='ltr'><strong>profundissimis</strong></span> <span class='ocrx_word' id='word_1_263' title='bbox 1172 1952 1328 1997; x_wconf 72' lang='lat' dir='ltr'><strong>terra:</strong></span> <span class='ocrx_word' id='word_1_264' title='bbox 1344 1951 1452 1996; x_wconf 91' lang='lat' dir='ltr'><strong>tam</strong></span> <span class='ocrx_word' id='word_1_265' title='bbox 1470 1942 1646 2012; x_wconf 86' lang='lat' dir='ltr'><strong>justos</strong></span> <span class='ocrx_word' id='word_1_266' title='bbox 1673 1957 1836 2010; x_wconf 90' lang='lat' dir='ltr'><strong>quam</strong></span> <span class='ocrx_word' id='word_1_267' title='bbox 1861 1955 1970 2010; x_wconf 88' lang='lat' dir='ltr'><strong>pec-</strong></span> 
     </span>
    </p>
   </div>
   <div class='ocr_carea' id='block_1_35' title="bbox 2082 1933 3658 2012">
    <p class='ocr_par' dir='ltr' id='par_1_35' title="bbox 2088 1933 3658 2008">
     <span class='ocr_line' id='line_1_35' title="bbox 2088 1933 3658 2008; baseline 0.003 -21"><span class='ocrx_word' id='word_1_268' title='bbox 2088 1933 2381 2005; x_wconf 80' lang='grc' dir='ltr'>ὲξυπνήσει</span> <span class='ocrx_word' id='word_1_269' title='bbox 2436 1936 2558 1999; x_wconf 82' lang='grc' dir='ltr'>τοῦς</span> <span class='ocrx_word' id='word_1_270' title='bbox 2604 1937 3036 2008; x_wconf 83' lang='grc' dir='ltr'>κεκοιμημένους</span> <span class='ocrx_word' id='word_1_271' title='bbox 3073 1939 3138 1991; x_wconf 80' lang='grc' dir='ltr'>ἐκ</span> <span class='ocrx_word' id='word_1_272' title='bbox 3185 1937 3292 1991; x_wconf 77' lang='grc' dir='ltr'>τῶν</span> <span class='ocrx_word' id='word_1_273' title='bbox 3336 1939 3658 1994; x_wconf 81' lang='grc' dir='ltr'>κατωτάτων</span> 
     </span>
    </p>
   </div>
   <div class='ocr_carea' id='block_1_36' title="bbox 390 2034 1986 2107">
    <p class='ocr_par' dir='ltr' id='par_1_36' title="bbox 390 2034 1986 2107">
     <span class='ocr_line' id='line_1_36' title="bbox 390 2034 1986 2107; baseline -0.003 -14"><span class='ocrx_word' id='word_1_274' title='bbox 390 2048 636 2093; x_wconf 80' lang='lat' dir='ltr'><strong>eatores:</strong></span> <span class='ocrx_word' id='word_1_275' title='bbox 663 2037 946 2107; x_wconf 89' lang='lat' dir='ltr'><strong>omnisque</strong></span> <span class='ocrx_word' id='word_1_276' title='bbox 970 2045 1185 2100; x_wconf 89' lang='lat' dir='ltr'><strong>natura,</strong></span> <span class='ocrx_word' id='word_1_277' title='bbox 1222 2036 1436 2107; x_wconf 83' lang='lat' dir='ltr'><strong>lingua,</strong></span> <span class='ocrx_word' id='word_1_278' title='bbox 1456 2050 1586 2106; x_wconf 87' lang='lat' dir='ltr'><strong>gens</strong></span> <span class='ocrx_word' id='word_1_279' title='bbox 1620 2043 1673 2088; x_wconf 87' lang='lat' dir='ltr'><strong>et</strong></span> <span class='ocrx_word' id='word_1_280' title='bbox 1700 2034 1872 2088; x_wconf 89' lang='lat' dir='ltr'><strong>tribus</strong></span> <span class='ocrx_word' id='word_1_281' title='bbox 1899 2050 1986 2088; x_wconf 87' lang='lat' dir='ltr'><strong>re—</strong></span> 
     </span>
    </p>
   </div>
   <div class='ocr_carea' id='block_1_37' title="bbox 388 2123 1984 2200">
    <p class='ocr_par' dir='ltr' id='par_1_37' title="bbox 388 2123 1984 2200">
     <span class='ocr_line' id='line_1_37' title="bbox 388 2123 1984 2200; baseline -0.003 -16"><span class='ocrx_word' id='word_1_282' title='bbox 388 2138 611 2200; x_wconf 90' lang='lat' dir='ltr'><strong>surgent</strong></span> <span class='ocrx_word' id='word_1_283' title='bbox 627 2129 681 2184; x_wconf 88' lang='lat' dir='ltr'><strong>in</strong></span> <span class='ocrx_word' id='word_1_284' title='bbox 706 2129 813 2184; x_wconf 92' lang='lat' dir='ltr'><strong>ictu</strong></span> <span class='ocrx_word' id='word_1_285' title='bbox 831 2128 974 2184; x_wconf 90' lang='lat' dir='ltr'><strong>oculi</strong></span> <span class='ocrx_word' id='word_1_286' title='bbox 993 2128 1059 2192; x_wconf 73' lang='grc' dir='ltr'><strong>δ’,</strong></span> <span class='ocrx_word' id='word_1_287' title='bbox 1077 2137 1130 2183; x_wconf 91' lang='lat' dir='ltr'><strong>et</strong></span> <span class='ocrx_word' id='word_1_288' title='bbox 1149 2129 1404 2183; x_wconf 87' lang='lat' dir='ltr'><strong>astabuut</strong></span> <span class='ocrx_word' id='word_1_289' title='bbox 1419 2142 1580 2196; x_wconf 90' lang='lat' dir='ltr'><strong>super</strong></span> <span class='ocrx_word' id='word_1_290' title='bbox 1598 2123 1788 2180; x_wconf 81' lang='lat' dir='ltr'><strong>faciem</strong></span> <span class='ocrx_word' id='word_1_291' title='bbox 1809 2133 1984 2188; x_wconf 73' lang='lat' dir='ltr'><strong>terrae,</strong></span> 
     </span>
    </p>
   </div>
   <div class='ocr_carea' id='block_1_38' title="bbox 392 2215 1984 2292">
    <p class='ocr_par' dir='ltr' id='par_1_38' title="bbox 392 2215 1984 2292">
     <span class='ocr_line' id='line_1_38' title="bbox 392 2215 1984 2292; baseline -0.005 -15"><span class='ocrx_word' id='word_1_292' title='bbox 392 2229 776 2292; x_wconf 83' lang='lat' dir='ltr'><strong>exspectantes</strong></span> <span class='ocrx_word' id='word_1_293' title='bbox 813 2221 946 2291; x_wconf 90' lang='lat' dir='ltr'><strong>justi</strong></span> <span class='ocrx_word' id='word_1_294' title='bbox 984 2230 1147 2290; x_wconf 85' lang='lat' dir='ltr'><strong>atque</strong></span> <span class='ocrx_word' id='word_1_295' title='bbox 1177 2219 1432 2274; x_wconf 86' lang='lat' dir='ltr'><strong>terribilis</strong></span> <span class='ocrx_word' id='word_1_296' title='bbox 1463 2217 1666 2287; x_wconf 85' lang='lat' dir='ltr'><strong>judieis</strong></span> <span class='ocrx_word' id='word_1_297' title='bbox 1693 2215 1984 2271; x_wconf 85' lang='lat' dir='ltr'><strong>adventum</strong></span> 
     </span>
    </p>
   </div>
   <div class='ocr_carea' id='block_1_39' title="bbox 391 2307 1982 2369">
    <p class='ocr_par' dir='ltr' id='par_1_39' title="bbox 391 2307 1982 2369">
     <span class='ocr_line' id='line_1_39' title="bbox 391 2307 1982 2369; baseline -0.004 -1"><span class='ocrx_word' id='word_1_298' title='bbox 391 2315 449 2368; x_wconf 88' lang='lat' dir='ltr'><strong>in</strong></span> <span class='ocrx_word' id='word_1_299' title='bbox 495 2315 692 2369; x_wconf 86' lang='lat' dir='ltr'><strong>timore</strong></span> <span class='ocrx_word' id='word_1_300' title='bbox 739 2323 793 2369; x_wconf 91' lang='lat' dir='ltr'><strong>et</strong></span> <span class='ocrx_word' id='word_1_301' title='bbox 840 2321 1078 2368; x_wconf 86' lang='lat' dir='ltr'><strong>tremore</strong></span> <span class='ocrx_word' id='word_1_302' title='bbox 1133 2310 1508 2366; x_wconf 89' lang='lat' dir='ltr'><strong>inenarrabili.</strong></span> <span class='ocrx_word' id='word_1_303' title='bbox 1559 2308 1784 2362; x_wconf 76' lang='lat' dir='ltr'><strong>Fluvius</strong></span> <span class='ocrx_word' id='word_1_304' title='bbox 1833 2307 1982 2362; x_wconf 87' lang='lat' dir='ltr'><strong>enim</strong></span> 
     </span>
    </p>
   </div>
   <div class='ocr_carea' id='block_1_40' title="bbox 392 2398 1984 2474">
    <p class='ocr_par' dir='ltr' id='par_1_40' title="bbox 392 2398 1984 2474">
     <span class='ocr_line' id='line_1_40' title="bbox 392 2398 1984 2474; baseline -0.004 -15"><span class='ocrx_word' id='word_1_305' title='bbox 392 2405 585 2474; x_wconf 86' lang='lat' dir='ltr'><strong>igneus</strong></span> <span class='ocrx_word' id='word_1_306' title='bbox 616 2404 903 2473; x_wconf 88' lang='lat' dir='ltr'><strong>egrediens</strong></span> <span class='ocrx_word' id='word_1_307' title='bbox 932 2416 1057 2456; x_wconf 91' lang='lat' dir='ltr'><strong>cum</strong></span> <span class='ocrx_word' id='word_1_308' title='bbox 1085 2401 1268 2456; x_wconf 81' lang='lat' dir='ltr'><strong>furore</strong></span> <span class='ocrx_word' id='word_1_309' title='bbox 1299 2401 1470 2454; x_wconf 88' lang='lat' dir='ltr'><strong>instar</strong></span> <span class='ocrx_word' id='word_1_310' title='bbox 1498 2399 1666 2454; x_wconf 88' lang='lat' dir='ltr'><strong>maris</strong></span> <span class='ocrx_word' id='word_1_311' title='bbox 1691 2398 1819 2453; x_wconf 80' lang='lat' dir='ltr'><strong>saevi</strong></span> <span class='ocrx_word' id='word_1_312' title='bbox 1850 2413 1984 2453; x_wconf 82' lang='lat' dir='ltr'><strong>exu-</strong></span> 
     </span>
    </p>
   </div>
   <div class='ocr_carea' id='block_1_41' title="bbox 385 2492 1980 2560">
    <p class='ocr_par' dir='ltr' id='par_1_41' title="bbox 385 2492 1980 2560">
     <span class='ocr_line' id='line_1_41' title="bbox 385 2492 1980 2560; baseline -0.002 -9"><span class='ocrx_word' id='word_1_313' title='bbox 385 2505 470 2551; x_wconf 87' lang='lat' dir='ltr'><strong>ret</strong></span> <span class='ocrx_word' id='word_1_314' title='bbox 503 2504 718 2550; x_wconf 85' lang='lat' dir='ltr'><strong>montes</strong></span> <span class='ocrx_word' id='word_1_315' title='bbox 759 2503 813 2550; x_wconf 88' lang='lat' dir='ltr'><strong>et</strong></span> <span class='ocrx_word' id='word_1_316' title='bbox 867 2494 1068 2560; x_wconf 89' lang='lat' dir='ltr'><strong>colles,</strong></span> <span class='ocrx_word' id='word_1_317' title='bbox 1110 2503 1164 2548; x_wconf 89' lang='lat' dir='ltr'><strong>et</strong></span> <span class='ocrx_word' id='word_1_318' title='bbox 1191 2508 1342 2548; x_wconf 87' lang='lat' dir='ltr'><strong>mare</strong></span> <span class='ocrx_word' id='word_1_319' title='bbox 1380 2492 1616 2556; x_wconf 87' lang='lat' dir='ltr'><strong>delebit,</strong></span> <span class='ocrx_word' id='word_1_320' title='bbox 1666 2507 1728 2547; x_wconf 90' lang='lat' dir='ltr'><strong>ac</strong></span> <span class='ocrx_word' id='word_1_321' title='bbox 1781 2493 1980 2548; x_wconf 76' lang='lat' dir='ltr'><strong>:ethera</strong></span> 
     </span>
    </p>
   </div>
   <div class='ocr_carea' id='block_1_42' title="bbox 387 2582 1977 2643">
    <p class='ocr_par' dir='ltr' id='par_1_42' title="bbox 387 2582 1977 2643">
     <span class='ocr_line' id='line_1_42' title="bbox 387 2582 1977 2643; baseline -0.003 0"><span class='ocrx_word' id='word_1_322' title='bbox 387 2587 539 2643; x_wconf 69' lang='lat' dir='ltr'><strong>velut</strong></span> <span class='ocrx_word' id='word_1_323' title='bbox 572 2602 758 2642; x_wconf 74' lang='lat' dir='ltr'><strong>ceram</strong></span> <span class='ocrx_word' id='word_1_324' title='bbox 799 2585 1230 2641; x_wconf 84' lang='lat' dir='ltr'><strong>inﬂammatione</strong></span> <span class='ocrx_word' id='word_1_325' title='bbox 1267 2584 1530 2641; x_wconf 84' lang='lat' dir='ltr'><strong>dissolvet</strong></span> <span class='ocrx_word' id='word_1_326' title='bbox 1571 2584 1637 2637; x_wconf 80' lang='grc'><strong>⁸³.</strong></span> <span class='ocrx_word' id='word_1_327' title='bbox 1679 2582 1856 2639; x_wconf 69' lang='lat' dir='ltr'><strong>Stella:</strong></span> <span class='ocrx_word' id='word_1_328' title='bbox 1883 2599 1977 2639; x_wconf 87' lang='lat' dir='ltr'><strong>ca-</strong></span> 
     </span>
    </p>
   </div>
   <div class='ocr_carea' id='block_1_43' title="bbox 386 2677 1976 2744">
    <p class='ocr_par' dir='ltr' id='par_1_43' title="bbox 386 2677 1976 2744">
     <span class='ocr_line' id='line_1_43' title="bbox 386 2677 1976 2744; baseline -0.003 -8"><span class='ocrx_word' id='word_1_329' title='bbox 386 2681 519 2736; x_wconf 89' lang='lat' dir='ltr'><strong>dent</strong></span> <span class='ocrx_word' id='word_1_330' title='bbox 545 2682 611 2734; x_wconf 83' lang='lat' dir='ltr'><strong>de</strong></span> <span class='ocrx_word' id='word_1_331' title='bbox 636 2680 774 2734; x_wconf 67' lang='lat' dir='ltr'><strong>emlo</strong></span> <span class='ocrx_word' id='word_1_332' title='bbox 799 2679 866 2744; x_wconf 64' lang='grc'><strong>⁸⁵,</strong></span> <span class='ocrx_word' id='word_1_333' title='bbox 896 2679 979 2733; x_wconf 93' lang='lat' dir='ltr'><strong>sol</strong></span> <span class='ocrx_word' id='word_1_334' title='bbox 1007 2686 1354 2733; x_wconf 87' lang='lat' dir='ltr'><strong>convertetur</strong></span> <span class='ocrx_word' id='word_1_335' title='bbox 1375 2677 1428 2732; x_wconf 92' lang='lat' dir='ltr'><strong>in</strong></span> <span class='ocrx_word' id='word_1_336' title='bbox 1456 2677 1730 2740; x_wconf 87' lang='lat' dir='ltr'><strong>tenebras,</strong></span> <span class='ocrx_word' id='word_1_337' title='bbox 1763 2687 1817 2730; x_wconf 88' lang='lat' dir='ltr'><strong>et</strong></span> <span class='ocrx_word' id='word_1_338' title='bbox 1845 2677 1976 2731; x_wconf 84' lang='lat' dir='ltr'><strong>luna</strong></span> 
     </span>
    </p>
   </div>
   <div class='ocr_carea' id='block_1_44' title="bbox 385 2768 1967 2841">
    <p class='ocr_par' dir='ltr' id='par_1_44' title="bbox 385 2768 1967 2841">
     <span class='ocr_line' id='line_1_44' title="bbox 385 2768 1967 2841; baseline -0.001 -16"><span class='ocrx_word' id='word_1_339' title='bbox 385 2773 440 2825; x_wconf 92' lang='lat' dir='ltr'><strong>iu</strong></span> <span class='ocrx_word' id='word_1_340' title='bbox 476 2771 796 2841; x_wconf 86' lang='lat' dir='ltr'><strong>sanguinem</strong></span> <span class='ocrx_word' id='word_1_341' title='bbox 844 2771 920 2834; x_wconf 78' lang='grc'><strong>⁸⁵,</strong></span> <span class='ocrx_word' id='word_1_342' title='bbox 973 2769 1170 2824; x_wconf 78' lang='grc' dir='ltr'>οωιιιηι</span> <span class='ocrx_word' id='word_1_343' title='bbox 1201 2783 1354 2824; x_wconf 86' lang='lat' dir='ltr'><strong>more</strong></span> <span class='ocrx_word' id='word_1_344' title='bbox 1381 2769 1505 2823; x_wconf 87' lang='lat' dir='ltr'><strong>libri</strong></span> <span class='ocrx_word' id='word_1_345' title='bbox 1535 2769 1867 2823; x_wconf 87' lang='lat' dir='ltr'><strong>volutabitur</strong></span> <span class='ocrx_word' id='word_1_346' title='bbox 1896 2768 1967 2823; x_wconf 76' lang='grc'><strong>⁸⁸.</strong></span> 
     </span>
    </p>
   </div>
   <div class='ocr_carea' id='block_1_45' title="bbox 387 2861 1974 2932">
    <p class='ocr_par' dir='ltr' id='par_1_45' title="bbox 387 2861 1974 2932">
     <span class='ocr_line' id='line_1_45' title="bbox 387 2861 1974 2932; baseline -0.003 -14"><span class='ocrx_word' id='word_1_347' title='bbox 387 2862 660 2919; x_wconf 79' lang='lat' dir='ltr'><strong>Exuretur</strong></span> <span class='ocrx_word' id='word_1_348' title='bbox 692 2863 946 2918; x_wconf 84' lang='lat' dir='ltr'><strong>universa</strong></span> <span class='ocrx_word' id='word_1_349' title='bbox 973 2872 1116 2918; x_wconf 87' lang='lat' dir='ltr'><strong>terra</strong></span> <span class='ocrx_word' id='word_1_350' title='bbox 1138 2903 1154 2928; x_wconf 91' lang='lat'><strong>,</strong></span> <span class='ocrx_word' id='word_1_351' title='bbox 1201 2870 1420 2932; x_wconf 87' lang='lat' dir='ltr'><strong>propter</strong></span> <span class='ocrx_word' id='word_1_352' title='bbox 1457 2876 1622 2931; x_wconf 89' lang='lat' dir='ltr'><strong>opera</strong></span> <span class='ocrx_word' id='word_1_353' title='bbox 1661 2875 1782 2931; x_wconf 63' lang='lat' dir='ltr'><strong>quae</strong></span> <span class='ocrx_word' id='word_1_354' title='bbox 1827 2861 1878 2914; x_wconf 92' lang='lat' dir='ltr'><strong>iu</strong></span> <span class='ocrx_word' id='word_1_355' title='bbox 1911 2875 1974 2915; x_wconf 88' lang='lat' dir='ltr'><strong>ca</strong></span> 
     </span>
    </p>
   </div>
   <div class='ocr_carea' id='block_1_46' title="bbox 386 2953 1971 3026">
    <p class='ocr_par' dir='ltr' id='par_1_46' title="bbox 386 2953 1971 3026">
     <span class='ocr_line' id='line_1_46' title="bbox 386 2953 1971 3026; baseline -0.001 -16"><span class='ocrx_word' id='word_1_356' title='bbox 386 2966 750 3026; x_wconf 81' lang='lat' dir='ltr'><strong>corruperunt</strong></span> <span class='ocrx_word' id='word_1_357' title='bbox 784 2956 1054 3019; x_wconf 86' lang='lat' dir='ltr'><strong>homines,</strong></span> <span class='ocrx_word' id='word_1_358' title='bbox 1089 2956 1141 3010; x_wconf 90' lang='lat' dir='ltr'><strong>in</strong></span> <span class='ocrx_word' id='word_1_359' title='bbox 1169 2955 1632 3020; x_wconf 87' lang='lat' dir='ltr'><strong>seortationihus,</strong></span> <span class='ocrx_word' id='word_1_360' title='bbox 1665 2953 1971 3020; x_wconf 89' lang='lat' dir='ltr'><strong>adulteriis,</strong></span> 
     </span>
    </p>
   </div>
   <div class='ocr_carea' id='block_1_47' title="bbox 382 3045 1972 3113">
    <p class='ocr_par' dir='ltr' id='par_1_47' title="bbox 382 3045 1972 3113">
     <span class='ocr_line' id='line_1_47' title="bbox 382 3045 1972 3113; baseline -0.003 -10"><span class='ocrx_word' id='word_1_361' title='bbox 382 3049 722 3113; x_wconf 86' lang='lat' dir='ltr'><strong>mendaciis,</strong></span> <span class='ocrx_word' id='word_1_362' title='bbox 767 3048 1128 3103; x_wconf 88' lang='lat' dir='ltr'><strong>immunditiis</strong></span> <span class='ocrx_word' id='word_1_363' title='bbox 1153 3086 1167 3111; x_wconf 89' lang='lat'><strong>,</strong></span> <span class='ocrx_word' id='word_1_364' title='bbox 1219 3046 1584 3111; x_wconf 90' lang='lat' dir='ltr'><strong>idololatriis,</strong></span> <span class='ocrx_word' id='word_1_365' title='bbox 1623 3045 1861 3100; x_wconf 72' lang='lat' dir='ltr'><strong>caulibus</strong></span> <span class='ocrx_word' id='word_1_366' title='bbox 1905 3059 1972 3099; x_wconf 91' lang='lat' dir='ltr'><strong>ac</strong></span> 
     </span>
    </p>
   </div>
   <div class='ocr_carea' id='block_1_48' title="bbox 386 3136 1877 3209">
    <p class='ocr_par' dir='ltr' id='par_1_48' title="bbox 386 3136 1877 3209">
     <span class='ocr_line' id='line_1_48' title="bbox 386 3136 1877 3209; baseline -0.001 -18"><span class='ocrx_word' id='word_1_367' title='bbox 386 3138 603 3209; x_wconf 78' lang='lat' dir='ltr'><strong>pugnis.</strong></span> <span class='ocrx_word' id='word_1_368' title='bbox 638 3136 770 3192; x_wconf 86' lang='lat' dir='ltr'><strong>Nam</strong></span> <span class='ocrx_word' id='word_1_369' title='bbox 806 3139 898 3192; x_wconf 88' lang='lat' dir='ltr'><strong>tiet</strong></span> <span class='ocrx_word' id='word_1_370' title='bbox 926 3138 1124 3192; x_wconf 66' lang='lat' dir='ltr'><strong>malum</strong></span> <span class='ocrx_word' id='word_1_371' title='bbox 1159 3151 1357 3191; x_wconf 89' lang='lat' dir='ltr'><strong>novum</strong></span> <span class='ocrx_word' id='word_1_372' title='bbox 1393 3145 1445 3192; x_wconf 91' lang='lat' dir='ltr'><strong>et</strong></span> <span class='ocrx_word' id='word_1_373' title='bbox 1470 3145 1614 3190; x_wconf 88' lang='lat' dir='ltr'><strong>terra</strong></span> <span class='ocrx_word' id='word_1_374' title='bbox 1643 3151 1781 3190; x_wconf 74' lang='lat' dir='ltr'><strong>nova</strong></span> <span class='ocrx_word' id='word_1_375' title='bbox 1811 3137 1877 3190; x_wconf 83' lang='grc'><strong>⁸⁷.</strong></span> 
     </span>
    </p>
   </div>
   <div class='ocr_carea' id='block_1_49' title="bbox 2085 2027 3659 2101">
    <p class='ocr_par' dir='ltr' id='par_1_49' title="bbox 2085 2027 3659 2101">
     <span class='ocr_line' id='line_1_49' title="bbox 2085 2027 3659 2101; baseline 0.004 -23"><span class='ocrx_word' id='word_1_376' title='bbox 2085 2030 2185 2096; x_wconf 81' lang='grc' dir='ltr'>τῆς</span> <span class='ocrx_word' id='word_1_377' title='bbox 2213 2029 2316 2098; x_wconf 83' lang='grc' dir='ltr'>γῆς</span> <span class='ocrx_word' id='word_1_378' title='bbox 2341 2066 2354 2090; x_wconf 97' lang='grc'><strong>,</strong></span> <span class='ocrx_word' id='word_1_379' title='bbox 2388 2027 2628 2092; x_wconf 85' lang='grc' dir='ltr'>δικαίους</span> <span class='ocrx_word' id='word_1_380' title='bbox 2660 2029 2771 2099; x_wconf 84' lang='grc'>(71)</span> <span class='ocrx_word' id='word_1_381' title='bbox 2805 2030 2898 2083; x_wconf 87' lang='lat' dir='ltr'><strong>nul.</strong></span> <span class='ocrx_word' id='word_1_382' title='bbox 2941 2030 3298 2101; x_wconf 83' lang='grc' dir='ltr'>ἁμαρτωλούς</span> <span class='ocrx_word' id='word_1_383' title='bbox 3322 2047 3334 2060; x_wconf 86' lang='grc'><em>’</em></span> <span class='ocrx_word' id='word_1_384' title='bbox 3379 2030 3468 2083; x_wconf 82' lang='lat' dir='ltr'><strong>nul</strong></span> <span class='ocrx_word' id='word_1_385' title='bbox 3517 2034 3659 2085; x_wconf 76' lang='grc' dir='ltr'>πᾶσα</span> 
     </span>
    </p>
   </div>
   <div class='ocr_carea' id='block_1_50' title="bbox 2087 2120 3657 2194">
    <p class='ocr_par' dir='ltr' id='par_1_50' title="bbox 2087 2120 3657 2194">
     <span class='ocr_line' id='line_1_50' title="bbox 2087 2120 3657 2194; baseline 0.002 -20"><span class='ocrx_word' id='word_1_386' title='bbox 2087 2121 2270 2190; x_wconf 80' lang='grc' dir='ltr'><strong>φύσις,</strong></span> <span class='ocrx_word' id='word_1_387' title='bbox 2299 2121 2394 2174; x_wconf 78' lang='grc' dir='ltr'>καὶ</span> <span class='ocrx_word' id='word_1_388' title='bbox 2418 2120 2657 2190; x_wconf 83' lang='grc' dir='ltr'>γλῶσσα,</span> <span class='ocrx_word' id='word_1_389' title='bbox 2684 2122 2776 2174; x_wconf 87' lang='lat' dir='ltr'><strong>nul</strong></span> <span class='ocrx_word' id='word_1_390' title='bbox 2815 2120 2985 2185; x_wconf 78' lang='grc' dir='ltr'>ἔθνος,</span> <span class='ocrx_word' id='word_1_391' title='bbox 3020 2123 3113 2175; x_wconf 89' lang='lat' dir='ltr'><strong>nul.</strong></span> <span class='ocrx_word' id='word_1_392' title='bbox 3142 2120 3300 2193; x_wconf 77' lang='grc' dir='ltr'>φυλὴ,</span> <span class='ocrx_word' id='word_1_393' title='bbox 3331 2121 3657 2194; x_wconf 81' lang='grc' dir='ltr'>ἀναστήσον-</span> 
     </span>
    </p>
   </div>
   <div class='ocr_carea' id='block_1_51' title="bbox 2084 2210 3658 2284">
    <p class='ocr_par' dir='ltr' id='par_1_51' title="bbox 2084 2210 3658 2284">
     <span class='ocr_line' id='line_1_51' title="bbox 2084 2210 3658 2284; baseline 0.003 -19"><span class='ocrx_word' id='word_1_394' title='bbox 2084 2230 2174 2265; x_wconf 86' lang='grc' dir='ltr'><strong>ται</strong></span> <span class='ocrx_word' id='word_1_395' title='bbox 2223 2213 2281 2265; x_wconf 82' lang='grc' dir='ltr'>ὲν</span> <span class='ocrx_word' id='word_1_396' title='bbox 2343 2214 2476 2284; x_wconf 74' lang='grc' dir='ltr'>ῥιπῇ</span> <span class='ocrx_word' id='word_1_397' title='bbox 2536 2210 2854 2283; x_wconf 78' lang='grc' dir='ltr'><strong>ὀφθαλμοῦ·</strong></span> <span class='ocrx_word' id='word_1_398' title='bbox 2923 2212 3020 2266; x_wconf 85' lang='lat' dir='ltr'><strong>nul.</strong></span> <span class='ocrx_word' id='word_1_399' title='bbox 3077 2215 3522 2284; x_wconf 80' lang='grc' dir='ltr'><strong>παραστήσονται</strong></span> <span class='ocrx_word' id='word_1_400' title='bbox 3574 2216 3658 2271; x_wconf 72' lang='grc' dir='ltr'><strong>ἐπὶ</strong></span> 
     </span>
    </p>
   </div>
   <div class='ocr_carea' id='block_1_52' title="bbox 2084 2304 3661 2377">
    <p class='ocr_par' dir='ltr' id='par_1_52' title="bbox 2084 2304 3661 2377">
     <span class='ocr_line' id='line_1_52' title="bbox 2084 2304 3661 2377; baseline 0.002 -20"><span class='ocrx_word' id='word_1_401' title='bbox 2084 2304 2378 2377; x_wconf 78' lang='grc' dir='ltr'><strong>προσώπου</strong></span> <span class='ocrx_word' id='word_1_402' title='bbox 2411 2305 2509 2376; x_wconf 81' lang='grc' dir='ltr'>τῆς</span> <span class='ocrx_word' id='word_1_403' title='bbox 2541 2307 2665 2376; x_wconf 79' lang='grc' dir='ltr'>γῆς,</span> <span class='ocrx_word' id='word_1_404' title='bbox 2702 2305 3045 2376; x_wconf 78' lang='grc' dir='ltr'>ἐκδεχόμενοι</span> <span class='ocrx_word' id='word_1_405' title='bbox 3075 2306 3175 2375; x_wconf 82' lang='grc' dir='ltr'>τὴν</span> <span class='ocrx_word' id='word_1_406' title='bbox 3193 2305 3286 2358; x_wconf 86' lang='grc' dir='ltr'><strong>τοῦ</strong></span> <span class='ocrx_word' id='word_1_407' title='bbox 3329 2307 3543 2362; x_wconf 78' lang='grc' dir='ltr'>δικαίου</span> <span class='ocrx_word' id='word_1_408' title='bbox 3575 2309 3661 2360; x_wconf 70' lang='grc' dir='ltr'>καὶ</span> 
     </span>
    </p>
   </div>
   <div class='ocr_carea' id='block_1_53' title="bbox 2081 2396 3659 2470">
    <p class='ocr_par' dir='ltr' id='par_1_53' title="bbox 2081 2396 3659 2470">
     <span class='ocr_line' id='line_1_53' title="bbox 2081 2396 3659 2470; baseline 0.001 -20"><span class='ocrx_word' id='word_1_409' title='bbox 2081 2397 2311 2470; x_wconf 85' lang='grc' dir='ltr'>φοϐεροῦ</span> <span class='ocrx_word' id='word_1_410' title='bbox 2345 2396 2532 2468; x_wconf 82' lang='grc' dir='ltr'>κριτοῦ</span> <span class='ocrx_word' id='word_1_411' title='bbox 2564 2397 2791 2462; x_wconf 76' lang='grc' dir='ltr'>ἕλευσιν,</span> <span class='ocrx_word' id='word_1_412' title='bbox 2823 2399 2879 2450; x_wconf 80' lang='grc' dir='ltr'>ὲν</span> <span class='ocrx_word' id='word_1_413' title='bbox 2906 2397 3054 2469; x_wconf 68' lang='grc' dir='ltr'>φόϐῳ</span> <span class='ocrx_word' id='word_1_414' title='bbox 3085 2398 3177 2451; x_wconf 81' lang='grc' dir='ltr'>καὶ</span> <span class='ocrx_word' id='word_1_415' title='bbox 3206 2401 3264 2451; x_wconf 82' lang='grc' dir='ltr'>ὲν</span> <span class='ocrx_word' id='word_1_416' title='bbox 3295 2398 3483 2470; x_wconf 82' lang='grc' dir='ltr'>τρόμῳ</span> <span class='ocrx_word' id='word_1_417' title='bbox 3513 2399 3659 2470; x_wconf 73' lang='grc' dir='ltr'>ἀδιη-</span> 
     </span>
    </p>
   </div>
   <div class='ocr_carea' id='block_1_54' title="bbox 2079 2485 3656 2559">
    <p class='ocr_par' dir='ltr' id='par_1_54' title="bbox 2079 2485 3656 2559">
     <span class='ocr_line' id='line_1_54' title="bbox 2079 2485 3656 2559; baseline 0.001 -20"><span class='ocrx_word' id='word_1_418' title='bbox 2079 2489 2230 2559; x_wconf 84' lang='grc' dir='ltr'>γήτῳ</span> <span class='ocrx_word' id='word_1_419' title='bbox 2252 2504 2263 2519; x_wconf 88' lang='grc'><strong>·</strong></span> <span class='ocrx_word' id='word_1_420' title='bbox 2297 2488 2324 2539; x_wconf 88' lang='grc' dir='ltr'><strong>ό</strong></span> <span class='ocrx_word' id='word_1_421' title='bbox 2347 2487 2455 2558; x_wconf 86' lang='grc' dir='ltr'>γὰρ</span> <span class='ocrx_word' id='word_1_422' title='bbox 2485 2485 2707 2558; x_wconf 80' lang='grc' dir='ltr'>πύρινος</span> <span class='ocrx_word' id='word_1_423' title='bbox 2733 2487 2976 2558; x_wconf 80' lang='grc' dir='ltr'>ποταμὸς</span> <span class='ocrx_word' id='word_1_424' title='bbox 2997 2487 3349 2558; x_wconf 78' lang='grc' dir='ltr'><strong>ἐξερχόμενος</strong></span> <span class='ocrx_word' id='word_1_425' title='bbox 3379 2489 3491 2558; x_wconf 81' lang='grc'>(72)</span> <span class='ocrx_word' id='word_1_426' title='bbox 3527 2489 3656 2558; x_wconf 80' lang='grc' dir='ltr'><strong>μετά</strong></span> 
     </span>
    </p>
   </div>
   <div class='ocr_carea' id='block_1_55' title="bbox 2082 2575 3654 2651">
    <p class='ocr_par' dir='ltr' id='par_1_55' title="bbox 2082 2575 3654 2651">
     <span class='ocr_line' id='line_1_55' title="bbox 2082 2575 3654 2651; baseline -0.001 -18"><span class='ocrx_word' id='word_1_427' title='bbox 2082 2575 2276 2651; x_wconf 86' lang='grc' dir='ltr'>θυμοῦ,</span> <span class='ocrx_word' id='word_1_428' title='bbox 2310 2575 2498 2650; x_wconf 82' lang='grc' dir='ltr'>ὥσπερ</span> <span class='ocrx_word' id='word_1_429' title='bbox 2529 2578 2696 2650; x_wconf 85' lang='grc' dir='ltr'>ἀγρία</span> <span class='ocrx_word' id='word_1_430' title='bbox 2726 2578 2970 2633; x_wconf 84' lang='grc' dir='ltr'>θάλασσα</span> <span class='ocrx_word' id='word_1_431' title='bbox 2991 2618 3008 2644; x_wconf 92' lang='grc'><strong>,</strong></span> <span class='ocrx_word' id='word_1_432' title='bbox 3041 2579 3135 2632; x_wconf 75' lang='grc' dir='ltr'>καὶ</span> <span class='ocrx_word' id='word_1_433' title='bbox 3188 2579 3526 2632; x_wconf 80' lang='grc' dir='ltr'>κατακαύσει</span> <span class='ocrx_word' id='word_1_434' title='bbox 3561 2580 3654 2651; x_wconf 81' lang='grc' dir='ltr'><strong>ὅρη</strong></span> 
     </span>
    </p>
   </div>
   <div class='ocr_carea' id='block_1_56' title="bbox 2078 2669 3654 2743">
    <p class='ocr_par' dir='ltr' id='par_1_56' title="bbox 2078 2669 3654 2743">
     <span class='ocr_line' id='line_1_56' title="bbox 2078 2669 3654 2743; baseline -0.002 -18"><span class='ocrx_word' id='word_1_435' title='bbox 2078 2673 2171 2725; x_wconf 87' lang='lat' dir='ltr'><strong>nul.</strong></span> <span class='ocrx_word' id='word_1_436' title='bbox 2205 2670 2447 2743; x_wconf 81' lang='grc' dir='ltr'>βουνοὺς,</span> <span class='ocrx_word' id='word_1_437' title='bbox 2483 2672 2576 2724; x_wconf 89' lang='lat' dir='ltr'><strong>nul.</strong></span> <span class='ocrx_word' id='word_1_438' title='bbox 2607 2669 2705 2743; x_wconf 80' lang='grc' dir='ltr'>τὴν</span> <span class='ocrx_word' id='word_1_439' title='bbox 2736 2671 3009 2725; x_wconf 83' lang='grc' dir='ltr'>θάλασσαν</span> <span class='ocrx_word' id='word_1_440' title='bbox 3038 2671 3310 2741; x_wconf 79' lang='grc' dir='ltr'>ἁφανίσει,</span> <span class='ocrx_word' id='word_1_441' title='bbox 3342 2672 3438 2725; x_wconf 83' lang='grc' dir='ltr'><strong>καὶ</strong></span> <span class='ocrx_word' id='word_1_442' title='bbox 3459 2671 3553 2724; x_wconf 83' lang='grc' dir='ltr'><strong>τὸν</strong></span> <span class='ocrx_word' id='word_1_443' title='bbox 3577 2673 3654 2725; x_wconf 83' lang='grc' dir='ltr'><strong>αἰ-</strong></span> 
     </span>
    </p>
   </div>
   <div class='ocr_carea' id='block_1_57' title="bbox 2080 2761 3654 2836">
    <p class='ocr_par' dir='ltr' id='par_1_57' title="bbox 2080 2761 3654 2836">
     <span class='ocr_line' id='line_1_57' title="bbox 2080 2761 3654 2836; baseline -0.001 -19"><span class='ocrx_word' id='word_1_444' title='bbox 2080 2763 2215 2836; x_wconf 80' lang='grc' dir='ltr'>θέρα</span> <span class='ocrx_word' id='word_1_445' title='bbox 2241 2761 2481 2817; x_wconf 77' lang='grc' dir='ltr'>διαλύσει</span> <span class='ocrx_word' id='word_1_446' title='bbox 2530 2765 2594 2816; x_wconf 82' lang='grc' dir='ltr'>ὲκ</span> <span class='ocrx_word' id='word_1_447' title='bbox 2621 2764 2722 2833; x_wconf 84' lang='grc' dir='ltr'>τῆς</span> <span class='ocrx_word' id='word_1_448' title='bbox 2769 2763 3085 2836; x_wconf 81' lang='grc' dir='ltr'><strong>πυρώσεως,</strong></span> <span class='ocrx_word' id='word_1_449' title='bbox 3113 2763 3303 2836; x_wconf 81' lang='grc' dir='ltr'>ὥσπερ</span> <span class='ocrx_word' id='word_1_450' title='bbox 3355 2764 3548 2836; x_wconf 77' lang='grc' dir='ltr'>κηρόν.</span> <span class='ocrx_word' id='word_1_451' title='bbox 3579 2765 3654 2817; x_wconf 69' lang='grc' dir='ltr'>Τὰ</span> 
     </span>
    </p>
   </div>
   <div class='ocr_carea' id='block_1_58' title="bbox 2078 2855 3656 2928">
    <p class='ocr_par' dir='ltr' id='par_1_58' title="bbox 2078 2855 3656 2928">
     <span class='ocr_line' id='line_1_58' title="bbox 2078 2855 3656 2928; baseline 0 -17"><span class='ocrx_word' id='word_1_452' title='bbox 2078 2857 2256 2928; x_wconf 78' lang='grc' dir='ltr'>ἄστρα</span> <span class='ocrx_word' id='word_1_453' title='bbox 2286 2855 2380 2910; x_wconf 91' lang='grc' dir='ltr'><strong>τοῦ</strong></span> <span class='ocrx_word' id='word_1_454' title='bbox 2415 2855 2645 2928; x_wconf 86' lang='grc' dir='ltr'>οὐρανοῦ</span> <span class='ocrx_word' id='word_1_455' title='bbox 2681 2857 2991 2922; x_wconf 77' lang='grc' dir='ltr'>πεσοῦνται,</span> <span class='ocrx_word' id='word_1_456' title='bbox 3022 2859 3051 2910; x_wconf 86' lang='grc' dir='ltr'><strong>ό</strong></span> <span class='ocrx_word' id='word_1_457' title='bbox 3079 2856 3228 2928; x_wconf 77' lang='grc' dir='ltr'>ἣλιος</span> <span class='ocrx_word' id='word_1_458' title='bbox 3272 2859 3656 2928; x_wconf 77' lang='grc' dir='ltr'>μεταστραφή-</span> 
     </span>
    </p>
   </div>
   <div class='ocr_carea' id='block_1_59' title="bbox 2076 2943 3654 3021">
    <p class='ocr_par' dir='ltr' id='par_1_59' title="bbox 2076 2943 3654 3021">
     <span class='ocr_line' id='line_1_59' title="bbox 2076 2943 3654 3021; baseline -0.001 -17"><span class='ocrx_word' id='word_1_459' title='bbox 2076 2968 2226 3004; x_wconf 83' lang='grc' dir='ltr'>σεται</span> <span class='ocrx_word' id='word_1_460' title='bbox 2266 2951 2346 3014; x_wconf 84' lang='grc' dir='ltr'><strong>είς</strong></span> <span class='ocrx_word' id='word_1_461' title='bbox 2381 2950 2590 3014; x_wconf 80' lang='grc' dir='ltr'>σκότος,</span> <span class='ocrx_word' id='word_1_462' title='bbox 2622 2950 2716 3003; x_wconf 89' lang='lat' dir='ltr'><strong>nul.</strong></span> <span class='ocrx_word' id='word_1_463' title='bbox 2746 2951 2778 3020; x_wconf 90' lang='grc' dir='ltr'><strong>ή</strong></span> <span class='ocrx_word' id='word_1_464' title='bbox 2809 2949 3004 3021; x_wconf 80' lang='grc' dir='ltr'>σελήνη</span> <span class='ocrx_word' id='word_1_465' title='bbox 3039 2951 3117 3012; x_wconf 83' lang='grc' dir='ltr'>εἰς</span> <span class='ocrx_word' id='word_1_466' title='bbox 3150 2943 3310 3020; x_wconf 70' lang='grc' dir='ltr'>αἷμα.</span> <span class='ocrx_word' id='word_1_467' title='bbox 3347 2949 3406 3002; x_wconf 88' lang='grc' dir='ltr'>Ὁ</span> <span class='ocrx_word' id='word_1_468' title='bbox 3435 2949 3654 3019; x_wconf 72' lang='grc' dir='ltr'>οὐρανὸς</span> 
     </span>
    </p>
   </div>
   <div class='ocr_carea' id='block_1_60' title="bbox 2074 3041 3656 3115">
    <p class='ocr_par' dir='ltr' id='par_1_60' title="bbox 2074 3041 3656 3115">
     <span class='ocr_line' id='line_1_60' title="bbox 2074 3041 3656 3115; baseline 0.001 -20"><span class='ocrx_word' id='word_1_469' title='bbox 2074 3043 2149 3107; x_wconf 85' lang='grc' dir='ltr'>ὼς</span> <span class='ocrx_word' id='word_1_470' title='bbox 2182 3041 2385 3114; x_wconf 86' lang='grc' dir='ltr'>βιϐλίον</span> <span class='ocrx_word' id='word_1_471' title='bbox 2437 3042 2728 3095; x_wconf 80' lang='grc' dir='ltr'>εἱλίσσεται</span> <span class='ocrx_word' id='word_1_472' title='bbox 2752 3059 2765 3072; x_wconf 79' lang='grc'><em>’</em></span> <span class='ocrx_word' id='word_1_473' title='bbox 2802 3044 2834 3113; x_wconf 80' lang='grc' dir='ltr'>ἡ</span> <span class='ocrx_word' id='word_1_474' title='bbox 2875 3045 2945 3113; x_wconf 81' lang='grc' dir='ltr'>γῆ</span> <span class='ocrx_word' id='word_1_475' title='bbox 2985 3043 3134 3096; x_wconf 73' lang='grc' dir='ltr'>πᾶσα</span> <span class='ocrx_word' id='word_1_476' title='bbox 3179 3044 3656 3115; x_wconf 73' lang='grc' dir='ltr'><strong>κατακαυθήσεται</strong></span> 
     </span>
    </p>
   </div>
   <div class='ocr_carea' id='block_1_61' title="bbox 2072 3132 3658 3210">
    <p class='ocr_par' dir='ltr' id='par_1_61' title="bbox 2072 3132 3658 3210">
     <span class='ocr_line' id='line_1_61' title="bbox 2072 3132 3658 3210; baseline 0.001 -22"><span class='ocrx_word' id='word_1_477' title='bbox 2072 3133 2159 3188; x_wconf 69' lang='grc' dir='ltr'>διὰ</span> <span class='ocrx_word' id='word_1_478' title='bbox 2187 3133 2257 3188; x_wconf 78' lang='grc' dir='ltr'><strong>τὰ</strong></span> <span class='ocrx_word' id='word_1_479' title='bbox 2283 3135 2338 3186; x_wconf 81' lang='grc' dir='ltr'>ὲν</span> <span class='ocrx_word' id='word_1_480' title='bbox 2362 3134 2498 3205; x_wconf 81' lang='grc' dir='ltr'>αὐτῇ</span> <span class='ocrx_word' id='word_1_481' title='bbox 2530 3132 2686 3206; x_wconf 76' lang='grc' dir='ltr'>ἔργα,</span> <span class='ocrx_word' id='word_1_482' title='bbox 2723 3133 2866 3206; x_wconf 79' lang='grc' dir='ltr'>ἅπερ</span> <span class='ocrx_word' id='word_1_483' title='bbox 2897 3134 3208 3207; x_wconf 75' lang='grc' dir='ltr'>διέφθειραν</span> <span class='ocrx_word' id='word_1_484' title='bbox 3227 3137 3340 3208; x_wconf 78' lang='grc'>(75)</span> <span class='ocrx_word' id='word_1_485' title='bbox 3365 3137 3414 3189; x_wconf 82' lang='grc' dir='ltr'>οἱ</span> <span class='ocrx_word' id='word_1_486' title='bbox 3449 3137 3658 3210; x_wconf 81' lang='grc' dir='ltr'>ἄνθρω-</span> 
     </span>
    </p>
   </div>
   <div class='ocr_carea' id='block_1_62' title="bbox 377 3229 3660 3307">
    <p class='ocr_par' dir='ltr' id='par_1_62' title="bbox 377 3229 3660 3307">
     <span class='ocr_line' id='line_1_62' title="bbox 377 3229 3660 3307; baseline -0 -19"><span class='ocrx_word' id='word_1_487' title='bbox 377 3250 492 3301; x_wconf 77' lang='grc' dir='ltr'>ποι,</span> <span class='ocrx_word' id='word_1_488' title='bbox 527 3236 584 3287; x_wconf 80' lang='grc' dir='ltr'>ὲν</span> <span class='ocrx_word' id='word_1_489' title='bbox 613 3235 890 3307; x_wconf 86' lang='grc' dir='ltr'>πορνείαις</span> <span class='ocrx_word' id='word_1_490' title='bbox 911 3275 925 3296; x_wconf 97' lang='grc'><strong>,</strong></span> <span class='ocrx_word' id='word_1_491' title='bbox 972 3236 1030 3286; x_wconf 86' lang='grc' dir='ltr'>ὲν</span> <span class='ocrx_word' id='word_1_492' title='bbox 1066 3233 1350 3305; x_wconf 81' lang='grc' dir='ltr'>μοιχείαις,</span> <span class='ocrx_word' id='word_1_493' title='bbox 1388 3232 1482 3287; x_wconf 75' lang='grc' dir='ltr'><strong>καὶ</strong></span> <span class='ocrx_word' id='word_1_494' title='bbox 1513 3235 1570 3285; x_wconf 83' lang='grc' dir='ltr'>ὲν</span> <span class='ocrx_word' id='word_1_495' title='bbox 1615 3232 1834 3302; x_wconf 72' lang='grc' dir='ltr'>ψεύδεσι</span> <span class='ocrx_word' id='word_1_496' title='bbox 1876 3232 1970 3286; x_wconf 87' lang='lat' dir='ltr'><strong>nul.</strong></span> <span class='ocrx_word' id='word_1_497' title='bbox 2000 3231 2381 3304; x_wconf 78' lang='grc' dir='ltr'>ἀκαθαρσίαις,</span> <span class='ocrx_word' id='word_1_498' title='bbox 2439 3231 2532 3284; x_wconf 85' lang='lat' dir='ltr'><strong>nul</strong></span> <span class='ocrx_word' id='word_1_499' title='bbox 2563 3231 2620 3284; x_wconf 84' lang='grc' dir='ltr'>ἐν</span> <span class='ocrx_word' id='word_1_500' title='bbox 2649 3229 3102 3304; x_wconf 81' lang='grc' dir='ltr'>εἰδωλολατρίαις,</span> <span class='ocrx_word' id='word_1_501' title='bbox 3132 3231 3226 3284; x_wconf 87' lang='lat' dir='ltr'><strong>nul.</strong></span> <span class='ocrx_word' id='word_1_502' title='bbox 3255 3233 3312 3285; x_wconf 83' lang='grc' dir='ltr'>ὲν</span> <span class='ocrx_word' id='word_1_503' title='bbox 3343 3229 3660 3303; x_wconf 76' lang='grc' dir='ltr'>φόνοι;,καὶ</span> 
     </span>
    </p>
   </div>
   <div class='ocr_carea' id='block_1_63' title="bbox 377 3322 2770 3398">
    <p class='ocr_par' dir='ltr' id='par_1_63' title="bbox 377 3322 2770 3398">
     <span class='ocr_line' id='line_1_63' title="bbox 377 3322 2770 3398; baseline -0.002 -19"><span class='ocrx_word' id='word_1_504' title='bbox 377 3329 436 3381; x_wconf 76' lang='grc' dir='ltr'>ἐν</span> <span class='ocrx_word' id='word_1_505' title='bbox 467 3327 685 3398; x_wconf 83' lang='grc' dir='ltr'>μάχαις.</span> <span class='ocrx_word' id='word_1_506' title='bbox 708 3327 999 3398; x_wconf 86' lang='grc' dir='ltr'>Γενήσεται</span> <span class='ocrx_word' id='word_1_507' title='bbox 1029 3326 1137 3398; x_wconf 83' lang='grc' dir='ltr'>γὰρ</span> <span class='ocrx_word' id='word_1_508' title='bbox 1166 3328 1194 3379; x_wconf 88' lang='grc' dir='ltr'>ὁ</span> <span class='ocrx_word' id='word_1_509' title='bbox 1219 3325 1445 3398; x_wconf 81' lang='grc' dir='ltr'>οὐρανὸς</span> <span class='ocrx_word' id='word_1_510' title='bbox 1469 3325 1662 3388; x_wconf 81' lang='grc' dir='ltr'>καινὸς</span> <span class='ocrx_word' id='word_1_511' title='bbox 1680 3367 1695 3390; x_wconf 94' lang='grc'><strong>,</strong></span> <span class='ocrx_word' id='word_1_512' title='bbox 1745 3325 1841 3377; x_wconf 90' lang='lat' dir='ltr'><strong>nul.</strong></span> <span class='ocrx_word' id='word_1_513' title='bbox 1871 3325 1904 3395; x_wconf 88' lang='grc' dir='ltr'><strong>ή</strong></span> <span class='ocrx_word' id='word_1_514' title='bbox 1931 3325 2002 3396; x_wconf 81' lang='grc' dir='ltr'>γῆ</span> <span class='ocrx_word' id='word_1_515' title='bbox 2029 3325 2188 3394; x_wconf 87' lang='grc' dir='ltr'>καινή</span> <span class='ocrx_word' id='word_1_516' title='bbox 2217 3322 2348 3395; x_wconf 68' lang='grc'>(74).</span> <span class='ocrx_word' id='word_1_517' title='bbox 2767 3381 2770 3384; x_wconf 44' lang='grc'><strong>,</strong></span> 
     </span>
    </p>
   </div>
   <div class='ocr_carea' id='block_1_64' title="bbox 446 3406 1970 3493">
    <p class='ocr_par' dir='ltr' id='par_1_64' title="bbox 446 3422 1956 3493">
     <span class='ocr_line' id='line_1_64' title="bbox 446 3422 1956 3493; baseline -0.002 -16"><span class='ocrx_word' id='word_1_518' title='bbox 446 3423 732 3478; x_wconf 77' lang='lat' dir='ltr'><strong>XXXVIII.</strong></span> <span class='ocrx_word' id='word_1_519' title='bbox 773 3422 930 3479; x_wconf 92' lang='lat' dir='ltr'><strong>Tunc</strong></span> <span class='ocrx_word' id='word_1_520' title='bbox 970 3424 1142 3480; x_wconf 87' lang='lat' dir='ltr'><strong>sancti</strong></span> <span class='ocrx_word' id='word_1_521' title='bbox 1170 3423 1348 3493; x_wconf 79' lang='lat' dir='ltr'><strong>angeli</strong></span> <span class='ocrx_word' id='word_1_522' title='bbox 1373 3422 1703 3489; x_wconf 88' lang='lat' dir='ltr'><strong>diseurrent,</strong></span> <span class='ocrx_word' id='word_1_523' title='bbox 1728 3436 1956 3492; x_wconf 84' lang='lat' dir='ltr'><strong>congre-</strong></span> 
     </span>
    </p>
   </div>
   <div class='ocr_carea' id='block_1_65' title="bbox 2082 3406 3658 3493">
    <p class='ocr_par' dir='ltr' id='par_1_65' title="bbox 2131 3406 3658 3492">
     <span class='ocr_line' id='line_1_65' title="bbox 2131 3406 3658 3492; baseline 0.003 -20"><span class='ocrx_word' id='word_1_524' title='bbox 2131 3417 2429 3472; x_wconf 81' lang='lat' dir='ltr'><strong>xxxvut.</strong></span> <span class='ocrx_word' id='word_1_525' title='bbox 2463 3417 2596 3472; x_wconf 89' lang='grc' dir='ltr'>Τότε</span> <span class='ocrx_word' id='word_1_526' title='bbox 2631 3417 2682 3472; x_wconf 80' lang='grc' dir='ltr'>οι</span> <span class='ocrx_word' id='word_1_527' title='bbox 2710 3417 2853 3488; x_wconf 81' lang='grc' dir='ltr'>ἆγιοι</span> <span class='ocrx_word' id='word_1_528' title='bbox 2882 3418 3100 3488; x_wconf 80' lang='grc' dir='ltr'>ἄγγελοι</span> <span class='ocrx_word' id='word_1_529' title='bbox 3140 3418 3519 3492; x_wconf 78' lang='grc' dir='ltr'>ἐπιθρὲξουσιν</span> <span class='ocrx_word' id='word_1_530' title='bbox 3547 3406 3658 3489; x_wconf 76' lang='lat'><strong>(75)</strong></span> 
     </span>
    </p>
   </div>
   <div class='ocr_carea' id='block_1_66' title="bbox 377 3513 1960 3588">
    <p class='ocr_par' dir='ltr' id='par_1_66' title="bbox 377 3513 1960 3588">
     <span class='ocr_line' id='line_1_66' title="bbox 377 3513 1960 3588; baseline -0.003 -18"><span class='ocrx_word' id='word_1_531' title='bbox 377 3525 568 3588; x_wconf 84' lang='lat' dir='ltr'><strong>gantes</strong></span> <span class='ocrx_word' id='word_1_532' title='bbox 587 3531 776 3569; x_wconf 89' lang='lat' dir='ltr'><strong>omnes</strong></span> <span class='ocrx_word' id='word_1_533' title='bbox 803 3523 991 3584; x_wconf 82' lang='lat' dir='ltr'><strong>gentes</strong></span> <span class='ocrx_word' id='word_1_534' title='bbox 1012 3515 1078 3579; x_wconf 77' lang='grc'><strong>⁸⁸,</strong></span> <span class='ocrx_word' id='word_1_535' title='bbox 1097 3529 1236 3583; x_wconf 87' lang='lat' dir='ltr'><strong>quos</strong></span> <span class='ocrx_word' id='word_1_536' title='bbox 1263 3513 1662 3583; x_wconf 79' lang='lat' dir='ltr'><strong>expergefaciet</strong></span> <span class='ocrx_word' id='word_1_537' title='bbox 1689 3513 1960 3566; x_wconf 90' lang='lat' dir='ltr'><strong>horrenda</strong></span> 
     </span>
    </p>
   </div>
   <div class='ocr_carea' id='block_1_67' title="bbox 375 3601 1973 3675">
    <p class='ocr_par' dir='ltr' id='par_1_67' title="bbox 375 3601 1973 3675">
     <span class='ocr_line' id='line_1_67' title="bbox 375 3601 1973 3675; baseline -0.004 -14"><span class='ocrx_word' id='word_1_538' title='bbox 375 3623 483 3662; x_wconf 72' lang='lat' dir='ltr'><strong>vox</strong></span> <span class='ocrx_word' id='word_1_539' title='bbox 516 3607 608 3660; x_wconf 90' lang='lat' dir='ltr'><strong>illa</strong></span> <span class='ocrx_word' id='word_1_540' title='bbox 645 3607 813 3661; x_wconf 70' lang='lat' dir='ltr'><strong>tubm:</strong></span> <span class='ocrx_word' id='word_1_541' title='bbox 850 3606 1222 3675; x_wconf 79' lang='lat' dir='ltr'><strong>sistenturque</strong></span> <span class='ocrx_word' id='word_1_542' title='bbox 1245 3604 1312 3658; x_wconf 89' lang='lat' dir='ltr'><strong>ad</strong></span> <span class='ocrx_word' id='word_1_543' title='bbox 1337 3603 1577 3659; x_wconf 90' lang='lat' dir='ltr'><strong>tribunal</strong></span> <span class='ocrx_word' id='word_1_544' title='bbox 1607 3602 1848 3669; x_wconf 89' lang='lat' dir='ltr'><strong>Christi,</strong></span> <span class='ocrx_word' id='word_1_545' title='bbox 1881 3601 1973 3672; x_wconf 89' lang='lat' dir='ltr'><strong>qui</strong></span> 
     </span>
    </p>
   </div>
   <div class='ocr_carea' id='block_1_68' title="bbox 380 3693 1976 3768">
    <p class='ocr_par' dir='ltr' id='par_1_68' title="bbox 380 3693 1976 3768">
     <span class='ocr_line' id='line_1_68' title="bbox 380 3693 1976 3768; baseline -0.004 -15"><span class='ocrx_word' id='word_1_546' title='bbox 380 3699 530 3754; x_wconf 81' lang='lat' dir='ltr'><strong>fuere</strong></span> <span class='ocrx_word' id='word_1_547' title='bbox 553 3697 828 3768; x_wconf 87' lang='lat' dir='ltr'><strong>quondam</strong></span> <span class='ocrx_word' id='word_1_548' title='bbox 860 3712 1034 3766; x_wconf 86' lang='lat' dir='ltr'><strong>reges,</strong></span> <span class='ocrx_word' id='word_1_549' title='bbox 1060 3696 1354 3766; x_wconf 88' lang='lat' dir='ltr'><strong>principes,</strong></span> <span class='ocrx_word' id='word_1_550' title='bbox 1387 3694 1692 3766; x_wconf 84' lang='lat' dir='ltr'><strong>pontiﬁces,</strong></span> <span class='ocrx_word' id='word_1_551' title='bbox 1723 3693 1976 3749; x_wconf 86' lang='lat' dir='ltr'><strong>sacerdo-</strong></span> 
     </span>
    </p>
   </div>
   <div class='ocr_carea' id='block_1_69' title="bbox 381 3787 1976 3858">
    <p class='ocr_par' dir='ltr' id='par_1_69' title="bbox 381 3787 1976 3858">
     <span class='ocr_line' id='line_1_69' title="bbox 381 3787 1976 3858; baseline -0.005 -12"><span class='ocrx_word' id='word_1_552' title='bbox 381 3801 470 3846; x_wconf 89' lang='lat' dir='ltr'><strong>tes</strong></span> <span class='ocrx_word' id='word_1_553' title='bbox 503 3808 519 3858; x_wconf 91' lang='lat'><strong>;</strong></span> <span class='ocrx_word' id='word_1_554' title='bbox 567 3799 629 3845; x_wconf 88' lang='lat' dir='ltr'><strong>ut</strong></span> <span class='ocrx_word' id='word_1_555' title='bbox 673 3789 1166 3845; x_wconf 84' lang='lat' dir='ltr'><strong>administrationis</strong></span> <span class='ocrx_word' id='word_1_556' title='bbox 1203 3804 1316 3844; x_wconf 75' lang='lat' dir='ltr'><strong>sua:</strong></span> <span class='ocrx_word' id='word_1_557' title='bbox 1343 3797 1396 3842; x_wconf 90' lang='lat' dir='ltr'><strong>et</strong></span> <span class='ocrx_word' id='word_1_558' title='bbox 1425 3788 1582 3842; x_wconf 86' lang='lat' dir='ltr'><strong>ovilis</strong></span> <span class='ocrx_word' id='word_1_559' title='bbox 1625 3787 1851 3841; x_wconf 85' lang='lat' dir='ltr'><strong>reddant</strong></span> <span class='ocrx_word' id='word_1_560' title='bbox 1889 3801 1976 3839; x_wconf 88' lang='lat' dir='ltr'><strong>ra-</strong></span> 
     </span>
    </p>
   </div>
   <div class='ocr_carea' id='block_1_70' title="bbox 377 3875 1973 3951">
    <p class='ocr_par' dir='ltr' id='par_1_70' title="bbox 377 3875 1973 3951">
     <span class='ocr_line' id='line_1_70' title="bbox 377 3875 1973 3951; baseline -0.003 -15"><span class='ocrx_word' id='word_1_561' title='bbox 377 3882 620 3948; x_wconf 88' lang='lat' dir='ltr'><strong>tionem;</strong></span> <span class='ocrx_word' id='word_1_562' title='bbox 656 3880 752 3951; x_wconf 92' lang='lat' dir='ltr'><strong>qui</strong></span> <span class='ocrx_word' id='word_1_563' title='bbox 778 3879 1030 3934; x_wconf 74' lang='lat' dir='ltr'><strong>videlicet</strong></span> <span class='ocrx_word' id='word_1_564' title='bbox 1057 3894 1152 3948; x_wconf 90' lang='lat' dir='ltr'><strong>per</strong></span> <span class='ocrx_word' id='word_1_565' title='bbox 1193 3877 1574 3948; x_wconf 86' lang='lat' dir='ltr'><strong>negligentiam</strong></span> <span class='ocrx_word' id='word_1_566' title='bbox 1609 3891 1765 3931; x_wconf 91' lang='lat' dir='ltr'><strong>suam</strong></span> <span class='ocrx_word' id='word_1_567' title='bbox 1788 3875 1973 3945; x_wconf 90' lang='lat' dir='ltr'><strong>perdi-</strong></span> 
     </span>
    </p>
   </div>
   <div class='ocr_carea' id='block_1_71' title="bbox 376 3969 1972 4043">
    <p class='ocr_par' dir='ltr' id='par_1_71' title="bbox 376 3969 1972 4043">
     <span class='ocr_line' id='line_1_71' title="bbox 376 3969 1972 4043; baseline -0.003 -16"><span class='ocrx_word' id='word_1_568' title='bbox 376 3973 578 4027; x_wconf 88' lang='lat' dir='ltr'><strong>derunt</strong></span> <span class='ocrx_word' id='word_1_569' title='bbox 613 3987 768 4027; x_wconf 89' lang='lat' dir='ltr'><strong>ovem</strong></span> <span class='ocrx_word' id='word_1_570' title='bbox 801 3973 868 4026; x_wconf 90' lang='lat' dir='ltr'><strong>de</strong></span> <span class='ocrx_word' id='word_1_571' title='bbox 900 3986 1060 4043; x_wconf 86' lang='lat' dir='ltr'><strong>grege</strong></span> <span class='ocrx_word' id='word_1_572' title='bbox 1085 3985 1206 4025; x_wconf 90' lang='lat' dir='ltr'><strong>suo.</strong></span> <span class='ocrx_word' id='word_1_573' title='bbox 1241 3969 1594 4026; x_wconf 85' lang='lat' dir='ltr'><strong>Addueeutur</strong></span> <span class='ocrx_word' id='word_1_574' title='bbox 1619 3983 1685 4023; x_wconf 88' lang='lat' dir='ltr'><strong>co</strong></span> <span class='ocrx_word' id='word_1_575' title='bbox 1732 3978 1972 4039; x_wconf 90' lang='lat' dir='ltr'><strong>tempore</strong></span> 
     </span>
    </p>
   </div>
   <div class='ocr_carea' id='block_1_72' title="bbox 377 4061 1971 4133">
    <p class='ocr_par' dir='ltr' id='par_1_72' title="bbox 377 4061 1971 4133">
     <span class='ocr_line' id='line_1_72' title="bbox 377 4061 1971 4133; baseline -0.002 -15"><span class='ocrx_word' id='word_1_576' title='bbox 377 4065 581 4120; x_wconf 86' lang='lat' dir='ltr'><strong>milites</strong></span> <span class='ocrx_word' id='word_1_577' title='bbox 627 4065 672 4098; x_wconf 74' lang='grc'><strong>⁸³</strong></span> <span class='ocrx_word' id='word_1_578' title='bbox 703 4104 718 4128; x_wconf 92' lang='grc'><strong>,</strong></span> <span class='ocrx_word' id='word_1_579' title='bbox 777 4065 893 4133; x_wconf 89' lang='lat' dir='ltr'><strong>qui,</strong></span> <span class='ocrx_word' id='word_1_580' title='bbox 918 4078 1028 4118; x_wconf 91' lang='lat' dir='ltr'><strong>non</strong></span> <span class='ocrx_word' id='word_1_581' title='bbox 1073 4061 1316 4117; x_wconf 87' lang='lat' dir='ltr'><strong>contenti</strong></span> <span class='ocrx_word' id='word_1_582' title='bbox 1378 4061 1660 4130; x_wconf 87' lang='lat' dir='ltr'><strong>stipendiis</strong></span> <span class='ocrx_word' id='word_1_583' title='bbox 1719 4061 1858 4126; x_wconf 90' lang='lat' dir='ltr'><strong>suis,</strong></span> <span class='ocrx_word' id='word_1_584' title='bbox 1878 4076 1971 4116; x_wconf 76' lang='lat' dir='ltr'><strong>ve-</strong></span> 
     </span>
    </p>
   </div>
   <div class='ocr_carea' id='block_1_73' title="bbox 379 4151 1971 4226">
    <p class='ocr_par' dir='ltr' id='par_1_73' title="bbox 379 4151 1971 4226">
     <span class='ocr_line' id='line_1_73' title="bbox 379 4151 1971 4226; baseline -0.003 -16"><span class='ocrx_word' id='word_1_585' title='bbox 379 4168 580 4210; x_wconf 66' lang='lat' dir='ltr'><strong>narunt</strong></span> <span class='ocrx_word' id='word_1_586' title='bbox 615 4155 807 4211; x_wconf 87' lang='lat' dir='ltr'><strong>viduas</strong></span> <span class='ocrx_word' id='word_1_587' title='bbox 830 4196 844 4219; x_wconf 90' lang='lat'><strong>,</strong></span> <span class='ocrx_word' id='word_1_588' title='bbox 881 4155 1114 4226; x_wconf 88' lang='lat' dir='ltr'><strong>pupillos</strong></span> <span class='ocrx_word' id='word_1_589' title='bbox 1134 4197 1148 4220; x_wconf 92' lang='lat'><strong>,</strong></span> <span class='ocrx_word' id='word_1_590' title='bbox 1179 4163 1234 4208; x_wconf 83' lang='lat' dir='ltr'><strong>et</strong></span> <span class='ocrx_word' id='word_1_591' title='bbox 1264 4168 1548 4223; x_wconf 85' lang='lat' dir='ltr'><strong>pauperes.</strong></span> <span class='ocrx_word' id='word_1_592' title='bbox 1586 4151 1740 4206; x_wconf 82' lang='lat' dir='ltr'><strong>Tune</strong></span> <span class='ocrx_word' id='word_1_593' title='bbox 1773 4152 1971 4209; x_wconf 79' lang='lat' dir='ltr'><strong>sisten-</strong></span> 
     </span>
    </p>
   </div>
   <div class='ocr_carea' id='block_1_74' title="bbox 377 4246 1966 4317">
    <p class='ocr_par' dir='ltr' id='par_1_74' title="bbox 377 4246 1966 4317">
     <span class='ocr_line' id='line_1_74' title="bbox 377 4246 1966 4317; baseline -0.003 -13"><span class='ocrx_word' id='word_1_594' title='bbox 377 4257 468 4304; x_wconf 85' lang='lat' dir='ltr'><strong>tur</strong></span> <span class='ocrx_word' id='word_1_595' title='bbox 497 4249 682 4304; x_wconf 86' lang='lat' dir='ltr'><strong>tributi</strong></span> <span class='ocrx_word' id='word_1_596' title='bbox 711 4258 1025 4314; x_wconf 74' lang='lat' dir='ltr'><strong>exactores,</strong></span> <span class='ocrx_word' id='word_1_597' title='bbox 1056 4249 1148 4317; x_wconf 89' lang='lat' dir='ltr'><strong>qui</strong></span> <span class='ocrx_word' id='word_1_598' title='bbox 1177 4248 1300 4317; x_wconf 87' lang='lat' dir='ltr'><strong>plus</strong></span> <span class='ocrx_word' id='word_1_599' title='bbox 1325 4262 1487 4316; x_wconf 88' lang='lat' dir='ltr'><strong>quam</strong></span> <span class='ocrx_word' id='word_1_600' title='bbox 1523 4246 1592 4301; x_wconf 86' lang='lat' dir='ltr'><strong>sit</strong></span> <span class='ocrx_word' id='word_1_601' title='bbox 1621 4246 1966 4316; x_wconf 88' lang='lat' dir='ltr'><strong>imperatum,</strong></span> 
     </span>
    </p>
   </div>
   <div class='ocr_carea' id='block_1_75' title="bbox 377 4338 1970 4413">
    <p class='ocr_par' dir='ltr' id='par_1_75' title="bbox 377 4338 1970 4413">
     <span class='ocr_line' id='line_1_75' title="bbox 377 4338 1970 4413; baseline -0.003 -16"><span class='ocrx_word' id='word_1_602' title='bbox 377 4341 604 4413; x_wconf 86' lang='lat' dir='ltr'><strong>pauperi</strong></span> <span class='ocrx_word' id='word_1_603' title='bbox 632 4341 891 4411; x_wconf 90' lang='lat' dir='ltr'><strong>eripiunt.</strong></span> <span class='ocrx_word' id='word_1_604' title='bbox 931 4339 1122 4395; x_wconf 89' lang='lat' dir='ltr'><strong>Itidem</strong></span> <span class='ocrx_word' id='word_1_605' title='bbox 1149 4339 1243 4409; x_wconf 88' lang='lat' dir='ltr'><strong>qui</strong></span> <span class='ocrx_word' id='word_1_606' title='bbox 1275 4339 1505 4409; x_wconf 89' lang='lat' dir='ltr'><strong>probum</strong></span> <span class='ocrx_word' id='word_1_607' title='bbox 1531 4353 1727 4392; x_wconf 88' lang='lat' dir='ltr'><strong>aurum</strong></span> <span class='ocrx_word' id='word_1_608' title='bbox 1763 4338 1970 4392; x_wconf 88' lang='lat' dir='ltr'><strong>adulte-</strong></span> 
     </span>
    </p>
   </div>
   <div class='ocr_carea' id='block_1_76' title="bbox 374 4429 1966 4502">
    <p class='ocr_par' dir='ltr' id='par_1_76' title="bbox 374 4429 1966 4502">
     <span class='ocr_line' id='line_1_76' title="bbox 374 4429 1966 4502; baseline -0.004 -12"><span class='ocrx_word' id='word_1_609' title='bbox 374 4443 522 4496; x_wconf 88' lang='lat' dir='ltr'><strong>rant,</strong></span> <span class='ocrx_word' id='word_1_610' title='bbox 550 4440 612 4487; x_wconf 91' lang='lat' dir='ltr'><strong>ut</strong></span> <span class='ocrx_word' id='word_1_611' title='bbox 635 4433 836 4488; x_wconf 84' lang='lat' dir='ltr'><strong>damno</strong></span> <span class='ocrx_word' id='word_1_612' title='bbox 860 4446 1150 4502; x_wconf 83' lang='lat' dir='ltr'><strong>pauperem</strong></span> <span class='ocrx_word' id='word_1_613' title='bbox 1175 4430 1435 4496; x_wconf 84' lang='lat' dir='ltr'><strong>alliciant,</strong></span> <span class='ocrx_word' id='word_1_614' title='bbox 1463 4429 1518 4483; x_wconf 90' lang='lat' dir='ltr'><strong>in</strong></span> <span class='ocrx_word' id='word_1_615' title='bbox 1554 4429 1702 4497; x_wconf 78' lang='lat' dir='ltr'><strong>agris</strong></span> <span class='ocrx_word' id='word_1_616' title='bbox 1724 4470 1738 4496; x_wconf 91' lang='lat'><strong>,</strong></span> <span class='ocrx_word' id='word_1_617' title='bbox 1776 4429 1830 4482; x_wconf 92' lang='lat' dir='ltr'><strong>in</strong></span> <span class='ocrx_word' id='word_1_618' title='bbox 1864 4429 1966 4484; x_wconf 89' lang='lat' dir='ltr'><strong>do-</strong></span> 
     </span>
    </p>
   </div>
   <div class='ocr_carea' id='block_1_77' title="bbox 375 4519 1964 4593">
    <p class='ocr_par' dir='ltr' id='par_1_77' title="bbox 375 4519 1964 4593">
     <span class='ocr_line' id='line_1_77' title="bbox 375 4519 1964 4593; baseline -0.004 -12"><span class='ocrx_word' id='word_1_619' title='bbox 375 4527 581 4593; x_wconf 87' lang='lat' dir='ltr'><strong>mibus,</strong></span> <span class='ocrx_word' id='word_1_620' title='bbox 610 4525 664 4580; x_wconf 91' lang='lat' dir='ltr'><strong>in</strong></span> <span class='ocrx_word' id='word_1_621' title='bbox 697 4525 965 4580; x_wconf 90' lang='lat' dir='ltr'><strong>ecclesiis.</strong></span> <span class='ocrx_word' id='word_1_622' title='bbox 997 4522 1154 4579; x_wconf 89' lang='lat' dir='ltr'><strong>&#39;I‘une</strong></span> <span class='ocrx_word' id='word_1_623' title='bbox 1178 4531 1476 4593; x_wconf 73' lang='lat' dir='ltr'><strong>exsurgent</strong></span> <span class='ocrx_word' id='word_1_624' title='bbox 1504 4519 1808 4576; x_wconf 67' lang='lat' dir='ltr'><strong>eﬂ‘emiuati</strong></span> <span class='ocrx_word' id='word_1_625' title='bbox 1841 4536 1964 4574; x_wconf 84' lang='lat' dir='ltr'><strong>cum</strong></span> 
     </span>
    </p>
   </div>
   <div class='ocr_carea' id='block_1_78' title="bbox 375 4613 1963 4689">
    <p class='ocr_par' dir='ltr' id='par_1_78' title="bbox 375 4613 1963 4689">
     <span class='ocr_line' id='line_1_78' title="bbox 375 4613 1963 4689; baseline -0.004 -16"><span class='ocrx_word' id='word_1_626' title='bbox 375 4619 602 4688; x_wconf 88' lang='lat' dir='ltr'><strong>pudore,</strong></span> <span class='ocrx_word' id='word_1_627' title='bbox 625 4619 718 4689; x_wconf 89' lang='lat' dir='ltr'><strong>qui</strong></span> <span class='ocrx_word' id='word_1_628' title='bbox 749 4617 966 4688; x_wconf 87' lang='lat' dir='ltr'><strong>quidem</strong></span> <span class='ocrx_word' id='word_1_629' title='bbox 1001 4617 1218 4671; x_wconf 86' lang='lat' dir='ltr'><strong>thorum</strong></span> <span class='ocrx_word' id='word_1_630' title='bbox 1245 4615 1527 4686; x_wconf 88' lang='lat' dir='ltr'><strong>proprium</strong></span> <span class='ocrx_word' id='word_1_631' title='bbox 1555 4613 1963 4668; x_wconf 66' lang='lat' dir='ltr'><strong>immaculatum</strong></span> 
     </span>
    </p>
   </div>
   <div class='ocr_carea' id='block_1_79' title="bbox 374 4706 1962 4780">
    <p class='ocr_par' dir='ltr' id='par_1_79' title="bbox 374 4706 1962 4780">
     <span class='ocr_line' id='line_1_79' title="bbox 374 4706 1962 4780; baseline -0.003 -14"><span class='ocrx_word' id='word_1_632' title='bbox 374 4728 484 4766; x_wconf 88' lang='lat' dir='ltr'><strong>non</strong></span> <span class='ocrx_word' id='word_1_633' title='bbox 531 4718 915 4766; x_wconf 84' lang='lat' dir='ltr'><strong>servaverunt:</strong></span> <span class='ocrx_word' id='word_1_634' title='bbox 955 4711 1050 4766; x_wconf 89' lang='lat' dir='ltr'><strong>sed</strong></span> <span class='ocrx_word' id='word_1_635' title='bbox 1093 4709 1289 4780; x_wconf 88' lang='lat' dir='ltr'><strong>quavis</strong></span> <span class='ocrx_word' id='word_1_636' title='bbox 1331 4707 1512 4764; x_wconf 86' lang='lat' dir='ltr'><strong>carnis</strong></span> <span class='ocrx_word' id='word_1_637' title='bbox 1559 4706 1962 4777; x_wconf 87' lang='lat' dir='ltr'><strong>pulchritudine</strong></span> 
     </span>
    </p>
   </div>
   <div class='ocr_carea' id='block_1_80' title="bbox 446 4823 2165 4894">
    <p class='ocr_par' dir='ltr' id='par_1_80' title="bbox 446 4823 2165 4894">
     <span class='ocr_line' id='line_1_80' title="bbox 446 4823 2165 4894; baseline 0.001 -11"><span class='ocrx_word' id='word_1_638' title='bbox 446 4832 490 4862; x_wconf 81' lang='grc'><strong>’⁷</strong></span> <span class='ocrx_word' id='word_1_639' title='bbox 512 4829 700 4884; x_wconf 79' lang='lat' dir='ltr'><strong>Matth.</strong></span> <span class='ocrx_word' id='word_1_640' title='bbox 734 4845 884 4894; x_wconf 73' lang='lat' dir='ltr'><strong>mv,</strong></span> <span class='ocrx_word' id='word_1_641' title='bbox 913 4827 1110 4894; x_wconf 86' lang='lat'><strong>27,28.</strong></span> <span class='ocrx_word' id='word_1_642' title='bbox 1189 4828 1234 4860; x_wconf 77' lang='grc'><strong>’⁷⁸</strong></span> <span class='ocrx_word' id='word_1_643' title='bbox 1256 4826 1390 4881; x_wconf 87' lang='lat' dir='ltr'><strong>Dan.</strong></span> <span class='ocrx_word' id='word_1_644' title='bbox 1421 4843 1518 4890; x_wconf 85' lang='lat' dir='ltr'><strong>xu,</strong></span> <span class='ocrx_word' id='word_1_645' title='bbox 1541 4825 1597 4880; x_wconf 84' lang='lat'><strong>2.</strong></span> <span class='ocrx_word' id='word_1_646' title='bbox 1674 4826 1719 4858; x_wconf 72' lang='grc'><strong>⁷⁸</strong></span> <span class='ocrx_word' id='word_1_647' title='bbox 1752 4823 1856 4881; x_wconf 87' lang='lat' dir='ltr'><strong>Isa.</strong></span> <span class='ocrx_word' id='word_1_648' title='bbox 1896 4842 2047 4894; x_wconf 78' lang='lat' dir='ltr'><strong>xxw,</strong></span> <span class='ocrx_word' id='word_1_649' title='bbox 2075 4829 2165 4885; x_wconf 74' lang='grc'>41.</span> 
     </span>
    </p>
   </div>
   <div class='ocr_carea' id='block_1_81' title="bbox 377 4901 584 4965">
    <p class='ocr_par' dir='ltr' id='par_1_81' title="bbox 377 4901 584 4965">
     <span class='ocr_line' id='line_1_81' title="bbox 377 4901 584 4965; baseline -0.005 -11"><span class='ocrx_word' id='word_1_650' title='bbox 377 4917 465 4965; x_wconf 83' lang='lat' dir='ltr'><strong>xv,</strong></span> <span class='ocrx_word' id='word_1_651' title='bbox 495 4901 584 4954; x_wconf 82' lang='lat'><strong>52.</strong></span> 
     </span>
    </p>
   </div>
   <div class='ocr_carea' id='block_1_82' title="bbox 374 4970 926 5036">
    <p class='ocr_par' dir='ltr' id='par_1_82' title="bbox 374 4970 926 5036">
     <span class='ocr_line' id='line_1_82' title="bbox 374 4970 926 5036; baseline -0.004 -11"><span class='ocrx_word' id='word_1_652' title='bbox 374 4970 421 5004; x_wconf 76' lang='grc'>⁸⁸</span> <span class='ocrx_word' id='word_1_653' title='bbox 442 4971 634 5025; x_wconf 87' lang='lat' dir='ltr'><strong>Matth.</strong></span> <span class='ocrx_word' id='word_1_654' title='bbox 665 4987 813 5036; x_wconf 76' lang='lat' dir='ltr'><strong>xxiv,</strong></span> <span class='ocrx_word' id='word_1_655' title='bbox 839 4971 926 5023; x_wconf 82' lang='grc'>⁸51.</span> 
     </span>
    </p>
   </div>
   <div class='ocr_carea' id='block_1_83' title="bbox 451 5061 1897 5143">
    <p class='ocr_par' dir='ltr' id='par_1_83' title="bbox 451 5061 1897 5143">
     <span class='ocr_line' id='line_1_83' title="bbox 451 5061 1897 5143; baseline 0.003 -25"><span class='ocrx_word' id='word_1_656' title='bbox 589 5063 809 5143; x_wconf 35' lang='grc' dir='ltr'>εςιηιο.</span> <span class='ocrx_word' id='word_1_657' title='bbox 832 5063 1023 5143; x_wconf 80' lang='lat' dir='ltr'><strong>_Vossii</strong></span> <span class='ocrx_word' id='word_1_658' title='bbox 1057 5064 1237 5143; x_wconf 73' lang='lat' dir='ltr'><strong>theses</strong></span> <span class='ocrx_word' id='word_1_659' title='bbox 1270 5062 1530 5143; x_wconf 37' lang='lat' dir='ltr'><strong>theolog.)</strong></span> <span class='ocrx_word' id='word_1_660' title='bbox 1557 5061 1751 5143; x_wconf 67' lang='lat' dir='ltr'><strong>p.228</strong></span> <span class='ocrx_word' id='word_1_661' title='bbox 1781 5079 1897 5143; x_wconf 76' lang='lat' dir='ltr'><strong>seq.</strong></span> 
     </span>
    </p>
   </div>
   <div class='ocr_carea' id='block_1_84' title="bbox 381 5133 1967 5256">
    <p class='ocr_par' dir='ltr' id='par_1_84' title="bbox 381 5133 1967 5256">
     <span class='ocr_line' id='line_1_84' title="bbox 381 5133 1967 5256; baseline -0.001 -63"><span class='ocrx_word' id='word_1_662' title='bbox 381 5207 393 5218; x_wconf 45' lang='lat'><em>.</em></span> <span class='ocrx_word' id='word_1_663' title='bbox 450 5133 562 5256; x_wconf 54' lang='lat'><strong>(35)</strong></span> <span class='ocrx_word' id='word_1_664' title='bbox 589 5133 760 5190; x_wconf 77' lang='lat' dir='ltr'><strong>Verba</strong></span> <span class='ocrx_word' id='word_1_665' title='bbox 791 5135 898 5188; x_wconf 79' lang='grc' dir='ltr'>τῶν</span> <span class='ocrx_word' id='word_1_666' title='bbox 926 5135 1208 5205; x_wconf 78' lang='grc' dir='ltr'>ἁπανταχῇ</span> <span class='ocrx_word' id='word_1_667' title='bbox 1246 5148 1414 5204; x_wconf 87' lang='lat' dir='ltr'><strong>usque</strong></span> <span class='ocrx_word' id='word_1_668' title='bbox 1447 5133 1515 5186; x_wconf 87' lang='lat' dir='ltr'><strong>ad</strong></span> <span class='ocrx_word' id='word_1_669' title='bbox 1547 5134 1718 5202; x_wconf 82' lang='grc' dir='ltr'>ἁγίων</span> <span class='ocrx_word' id='word_1_670' title='bbox 1768 5133 1967 5192; x_wconf 44' lang='lat' dir='ltr'><strong>des—unt</strong></span> 
     </span>
     <span class='ocr_line' id='line_1_85' title="bbox 381 5223 531 5256; baseline 0 0"><span class='ocrx_word' id='word_1_671' title='bbox 381 5223 436 5256; x_wconf 77' lang='grc' dir='ltr'><strong>ΙΙ]</strong></span> <span class='ocrx_word' id='word_1_672' title='bbox 519 5245 531 5256; x_wconf 90' lang='grc'><em>.</em></span> 
     </span>
    </p>
   </div>
   <div class='ocr_carea' id='block_1_85' title="bbox 381 5223 531 5260">
    <p class='ocr_par' dir='ltr' id='par_1_85' title="bbox 381 5223 531 5260">
     <span class='ocr_line' id='line_1_86' title="bbox 381 5223 531 5260; baseline -0.013 0"><span class='ocrx_word' id='word_1_673' title='bbox 381 5223 436 5260; x_wconf 81' lang='grc' dir='ltr'><strong>ιιι</strong></span> <span class='ocrx_word' id='word_1_674' title='bbox 473 5223 531 5258; x_wconf 77' lang='grc' dir='ltr'>ι).</span> 
     </span>
    </p>
   </div>
   <div class='ocr_carea' id='block_1_86' title="bbox 678 4895 1858 4962">
    <p class='ocr_par' dir='ltr' id='par_1_86' title="bbox 678 4895 1858 4962">
     <span class='ocr_line' id='line_1_87' title="bbox 678 4895 1858 4962; baseline -0.001 -10"><span class='ocrx_word' id='word_1_675' title='bbox 678 4900 724 4932; x_wconf 83' lang='grc'><strong>⁸³</strong></span> <span class='ocrx_word' id='word_1_676' title='bbox 748 4899 788 4952; x_wconf 92' lang='lat' dir='ltr'><strong>II</strong></span> <span class='ocrx_word' id='word_1_677' title='bbox 817 4899 960 4953; x_wconf 85' lang='lat' dir='ltr'><strong>Pctr.</strong></span> <span class='ocrx_word' id='word_1_678' title='bbox 987 4916 1065 4962; x_wconf 86' lang='grc' dir='ltr'>ιιι,</span> <span class='ocrx_word' id='word_1_679' title='bbox 1095 4899 1181 4952; x_wconf 88' lang='grc'><strong>12.</strong></span> <span class='ocrx_word' id='word_1_680' title='bbox 1283 4899 1329 4930; x_wconf 69' lang='grc'><strong>⁸⁸</strong></span> <span class='ocrx_word' id='word_1_681' title='bbox 1371 4897 1557 4950; x_wconf 86' lang='lat' dir='ltr'><strong>Matth.</strong></span> <span class='ocrx_word' id='word_1_682' title='bbox 1592 4911 1738 4960; x_wconf 77' lang='lat' dir='ltr'><strong>xxrv,</strong></span> <span class='ocrx_word' id='word_1_683' title='bbox 1770 4895 1858 4951; x_wconf 78' lang='lat'><strong>29.</strong></span> 
     </span>
    </p>
   </div>
   <div class='ocr_carea' id='block_1_87' title="bbox 1008 4967 1444 5035">
    <p class='ocr_par' dir='ltr' id='par_1_87' title="bbox 1008 4967 1444 5035">
     <span class='ocr_line' id='line_1_88' title="bbox 1008 4967 1444 5035; baseline 0.002 -12"><span class='ocrx_word' id='word_1_684' title='bbox 1008 4972 1053 5002; x_wconf 64' lang='lat'><strong>3&quot;</strong></span> <span class='ocrx_word' id='word_1_685' title='bbox 1089 4970 1220 5024; x_wconf 88' lang='lat' dir='ltr'><strong>Luc.</strong></span> <span class='ocrx_word' id='word_1_686' title='bbox 1248 4985 1331 5035; x_wconf 87' lang='grc' dir='ltr'>ιιι,</span> <span class='ocrx_word' id='word_1_687' title='bbox 1358 4967 1444 5024; x_wconf 75' lang='grc'>14.</span> 
     </span>
    </p>
   </div>
   <div class='ocr_carea' id='block_1_88' title="bbox 1969 4899 2442 4967">
    <p class='ocr_par' dir='ltr' id='par_1_88' title="bbox 1969 4899 2442 4967">
     <span class='ocr_line' id='line_1_89' title="bbox 1969 4899 2442 4967; baseline 0.004 -15"><span class='ocrx_word' id='word_1_688' title='bbox 1969 4899 2014 4931; x_wconf 81' lang='grc'><strong>⁸⁵</strong></span> <span class='ocrx_word' id='word_1_689' title='bbox 2048 4901 2164 4955; x_wconf 75' lang='lat' dir='ltr'><strong>Act.</strong></span> <span class='ocrx_word' id='word_1_690' title='bbox 2192 4917 2310 4967; x_wconf 86' lang='lat' dir='ltr'><strong>vm,</strong></span> <span class='ocrx_word' id='word_1_691' title='bbox 2352 4903 2442 4956; x_wconf 86' lang='grc'>20.</span> 
     </span>
    </p>
   </div>
   <div class='ocr_carea' id='block_1_89' title="bbox 2080 3511 3658 3585">
    <p class='ocr_par' dir='ltr' id='par_1_89' title="bbox 2080 3511 3658 3585">
     <span class='ocr_line' id='line_1_90' title="bbox 2080 3511 3658 3585; baseline 0.002 -21"><span class='ocrx_word' id='word_1_692' title='bbox 2080 3513 2496 3581; x_wconf 85' lang='grc' dir='ltr'>ὲπισυνὰγοντες</span> <span class='ocrx_word' id='word_1_693' title='bbox 2543 3511 2722 3565; x_wconf 83' lang='grc' dir='ltr'>πάντα</span> <span class='ocrx_word' id='word_1_694' title='bbox 2765 3511 2832 3564; x_wconf 82' lang='grc' dir='ltr'><strong>τά</strong></span> <span class='ocrx_word' id='word_1_695' title='bbox 2862 3512 3008 3582; x_wconf 77' lang='grc' dir='ltr'>ἔθνη,</span> <span class='ocrx_word' id='word_1_696' title='bbox 3041 3511 3132 3576; x_wconf 77' lang='grc' dir='ltr'><strong>οῦς</strong></span> <span class='ocrx_word' id='word_1_697' title='bbox 3179 3513 3472 3585; x_wconf 78' lang='grc' dir='ltr'>ὲξυπνήσει</span> <span class='ocrx_word' id='word_1_698' title='bbox 3501 3516 3534 3585; x_wconf 89' lang='grc' dir='ltr'><strong>ή</strong></span> <span class='ocrx_word' id='word_1_699' title='bbox 3563 3533 3658 3584; x_wconf 74' lang='grc' dir='ltr'>φο-</span> 
     </span>
    </p>
   </div>
   <div class='ocr_carea' id='block_1_90' title="bbox 2078 3605 3658 3678">
    <p class='ocr_par' dir='ltr' id='par_1_90' title="bbox 2078 3605 3658 3678">
     <span class='ocr_line' id='line_1_91' title="bbox 2078 3605 3658 3678; baseline 0.003 -22"><span class='ocrx_word' id='word_1_700' title='bbox 2078 3605 2216 3676; x_wconf 81' lang='grc' dir='ltr'><strong>ϐερά</strong></span> <span class='ocrx_word' id='word_1_701' title='bbox 2241 3605 2423 3675; x_wconf 78' lang='grc' dir='ltr'>ἐκείνη</span> <span class='ocrx_word' id='word_1_702' title='bbox 2455 3606 2604 3677; x_wconf 77' lang='grc' dir='ltr'>φωνὴ</span> <span class='ocrx_word' id='word_1_703' title='bbox 2631 3606 2731 3676; x_wconf 81' lang='grc' dir='ltr'>τῆς</span> <span class='ocrx_word' id='word_1_704' title='bbox 2778 3605 3072 3673; x_wconf 81' lang='grc' dir='ltr'>σάλπιγγος</span> <span class='ocrx_word' id='word_1_705' title='bbox 3095 3622 3108 3635; x_wconf 85' lang='grc'><strong>·</strong></span> <span class='ocrx_word' id='word_1_706' title='bbox 3149 3606 3242 3658; x_wconf 83' lang='lat' dir='ltr'><strong>nul</strong></span> <span class='ocrx_word' id='word_1_707' title='bbox 3279 3609 3658 3678; x_wconf 85' lang='grc' dir='ltr'>παραστήσον-</span> 
     </span>
    </p>
   </div>
   <div class='ocr_carea' id='block_1_91' title="bbox 2075 3697 3657 3772">
    <p class='ocr_par' dir='ltr' id='par_1_91' title="bbox 2075 3697 3657 3772">
     <span class='ocr_line' id='line_1_92' title="bbox 2075 3697 3657 3772; baseline 0.003 -22"><span class='ocrx_word' id='word_1_708' title='bbox 2075 3715 2164 3750; x_wconf 88' lang='grc' dir='ltr'><strong>ται</strong></span> <span class='ocrx_word' id='word_1_709' title='bbox 2188 3697 2265 3768; x_wconf 81' lang='grc' dir='ltr'>τῷ</span> <span class='ocrx_word' id='word_1_710' title='bbox 2301 3697 2502 3770; x_wconf 85' lang='grc' dir='ltr'>βήματι</span> <span class='ocrx_word' id='word_1_711' title='bbox 2534 3699 2626 3751; x_wconf 86' lang='grc' dir='ltr'><strong>τοῦ</strong></span> <span class='ocrx_word' id='word_1_712' title='bbox 2650 3698 2887 3769; x_wconf 84' lang='grc' dir='ltr'>Χριστοῦ</span> <span class='ocrx_word' id='word_1_713' title='bbox 2920 3700 2968 3751; x_wconf 78' lang='grc' dir='ltr'>οἱ</span> <span class='ocrx_word' id='word_1_714' title='bbox 3003 3698 3133 3751; x_wconf 81' lang='grc' dir='ltr'>ποτὲ</span> <span class='ocrx_word' id='word_1_715' title='bbox 3163 3698 3436 3768; x_wconf 87' lang='grc' dir='ltr'>βασιλεῖς,</span> <span class='ocrx_word' id='word_1_716' title='bbox 3469 3703 3519 3753; x_wconf 84' lang='grc' dir='ltr'>οἱ</span> <span class='ocrx_word' id='word_1_717' title='bbox 3557 3701 3657 3772; x_wconf 74' lang='grc' dir='ltr'><strong>ἆρ-</strong></span> 
     </span>
    </p>
   </div>
   <div class='ocr_carea' id='block_1_92' title="bbox 2075 3794 3659 3866">
    <p class='ocr_par' dir='ltr' id='par_1_92' title="bbox 2075 3794 3659 3866">
     <span class='ocr_line' id='line_1_93' title="bbox 2075 3794 3659 3866; baseline 0.001 -20"><span class='ocrx_word' id='word_1_718' title='bbox 2075 3811 2278 3864; x_wconf 86' lang='grc' dir='ltr'>χοντες,</span> <span class='ocrx_word' id='word_1_719' title='bbox 2321 3795 2371 3846; x_wconf 84' lang='grc' dir='ltr'>οἱ</span> <span class='ocrx_word' id='word_1_720' title='bbox 2407 3795 2710 3865; x_wconf 82' lang='grc' dir='ltr'>ἀρχιερεῖς,</span> <span class='ocrx_word' id='word_1_721' title='bbox 2737 3795 2786 3845; x_wconf 78' lang='grc' dir='ltr'>οἱ</span> <span class='ocrx_word' id='word_1_722' title='bbox 2831 3795 2995 3865; x_wconf 83' lang='grc' dir='ltr'>ἱερεῖς</span> <span class='ocrx_word' id='word_1_723' title='bbox 3019 3811 3032 3823; x_wconf 88' lang='grc'><strong>·</strong></span> <span class='ocrx_word' id='word_1_724' title='bbox 3083 3794 3176 3848; x_wconf 87' lang='lat' dir='ltr'><strong>nul.</strong></span> <span class='ocrx_word' id='word_1_725' title='bbox 3210 3795 3338 3866; x_wconf 74' lang='grc' dir='ltr'>περὶ</span> <span class='ocrx_word' id='word_1_726' title='bbox 3377 3795 3481 3866; x_wconf 78' lang='grc' dir='ltr'>τῆς</span> <span class='ocrx_word' id='word_1_727' title='bbox 3524 3796 3659 3859; x_wconf 82' lang='grc' dir='ltr'>ἰδίας</span> 
     </span>
    </p>
   </div>
   <div class='ocr_carea' id='block_1_93' title="bbox 2075 3883 3658 3957">
    <p class='ocr_par' dir='ltr' id='par_1_93' title="bbox 2075 3883 3658 3957">
     <span class='ocr_line' id='line_1_94' title="bbox 2075 3883 3658 3957; baseline 0.004 -22"><span class='ocrx_word' id='word_1_728' title='bbox 2075 3883 2349 3947; x_wconf 86' lang='grc' dir='ltr'>πολιτείας</span> <span class='ocrx_word' id='word_1_729' title='bbox 2373 3884 2666 3951; x_wconf 87' lang='grc' dir='ltr'>ἀπολογίαν</span> <span class='ocrx_word' id='word_1_730' title='bbox 2695 3884 2925 3948; x_wconf 84' lang='grc' dir='ltr'>διδόντες</span> <span class='ocrx_word' id='word_1_731' title='bbox 2959 3885 3092 3952; x_wconf 84' lang='grc'>(76),</span> <span class='ocrx_word' id='word_1_732' title='bbox 3114 3885 3210 3939; x_wconf 84' lang='lat' dir='ltr'><strong>nul.</strong></span> <span class='ocrx_word' id='word_1_733' title='bbox 3240 3885 3372 3957; x_wconf 73' lang='grc' dir='ltr'>περὶ</span> <span class='ocrx_word' id='word_1_734' title='bbox 3407 3887 3503 3940; x_wconf 82' lang='grc' dir='ltr'><strong>τοῦ</strong></span> <span class='ocrx_word' id='word_1_735' title='bbox 3541 3905 3658 3941; x_wconf 82' lang='grc' dir='ltr'>ποι-</span> 
     </span>
    </p>
   </div>
   <div class='ocr_carea' id='block_1_94' title="bbox 2077 3974 3660 4051">
    <p class='ocr_par' dir='ltr' id='par_1_94' title="bbox 2077 3974 3660 4051">
     <span class='ocr_line' id='line_1_95' title="bbox 2077 3974 3660 4051; baseline 0.003 -24"><span class='ocrx_word' id='word_1_736' title='bbox 2077 3974 2250 4046; x_wconf 82' lang='grc' dir='ltr'>μνίου,</span> <span class='ocrx_word' id='word_1_737' title='bbox 2288 3975 2482 4039; x_wconf 86' lang='grc' dir='ltr'>οἵτινες</span> <span class='ocrx_word' id='word_1_738' title='bbox 2505 3976 2572 4029; x_wconf 78' lang='grc' dir='ltr'><strong>δι’</strong></span> <span class='ocrx_word' id='word_1_739' title='bbox 2593 3976 2848 4046; x_wconf 85' lang='grc' dir='ltr'>ἀμελείας</span> <span class='ocrx_word' id='word_1_740' title='bbox 2876 3977 3053 4030; x_wconf 70' lang='grc' dir='ltr'>αὐτῶν</span> <span class='ocrx_word' id='word_1_741' title='bbox 3079 3976 3367 4033; x_wconf 83' lang='grc' dir='ltr'>ἀπώλεσαν</span> <span class='ocrx_word' id='word_1_742' title='bbox 3387 3979 3660 4051; x_wconf 83' lang='grc' dir='ltr'>πρόϐατον</span> 
     </span>
    </p>
   </div>
   <div class='ocr_carea' id='block_1_95' title="bbox 2073 4066 3658 4142">
    <p class='ocr_par' dir='ltr' id='par_1_95' title="bbox 2073 4066 3658 4142">
     <span class='ocr_line' id='line_1_96' title="bbox 2073 4066 3658 4142; baseline 0.003 -24"><span class='ocrx_word' id='word_1_743' title='bbox 2073 4068 2136 4119; x_wconf 76' lang='grc' dir='ltr'>ἐκ</span> <span class='ocrx_word' id='word_1_744' title='bbox 2167 4066 2267 4136; x_wconf 81' lang='grc' dir='ltr'>τῆς</span> <span class='ocrx_word' id='word_1_745' title='bbox 2295 4067 2530 4138; x_wconf 83' lang='grc' dir='ltr'>ποίμνης</span> <span class='ocrx_word' id='word_1_746' title='bbox 2566 4068 2744 4120; x_wconf 80' lang='grc' dir='ltr'>αὐτῶν</span> <span class='ocrx_word' id='word_1_747' title='bbox 2764 4085 2777 4098; x_wconf 88' lang='grc'><strong>·</strong></span> <span class='ocrx_word' id='word_1_748' title='bbox 2803 4068 2925 4122; x_wconf 86' lang='grc' dir='ltr'>τότε</span> <span class='ocrx_word' id='word_1_749' title='bbox 2955 4069 3284 4140; x_wconf 80' lang='grc' dir='ltr'>ἀχοήςονται</span> <span class='ocrx_word' id='word_1_750' title='bbox 3309 4071 3360 4123; x_wconf 75' lang='grc' dir='ltr'>οἱ</span> <span class='ocrx_word' id='word_1_751' title='bbox 3383 4071 3658 4142; x_wconf 81' lang='grc' dir='ltr'>στρατιῶ-</span> 
     </span>
    </p>
   </div>
   <div class='ocr_carea' id='block_1_96' title="bbox 2070 4158 3658 4235">
    <p class='ocr_par' dir='ltr' id='par_1_96' title="bbox 2070 4158 3658 4235">
     <span class='ocr_line' id='line_1_97' title="bbox 2070 4158 3658 4235; baseline 0.004 -26"><span class='ocrx_word' id='word_1_752' title='bbox 2070 4174 2160 4211; x_wconf 89' lang='grc' dir='ltr'><strong>ται</strong></span> <span class='ocrx_word' id='word_1_753' title='bbox 2190 4159 2240 4210; x_wconf 85' lang='grc' dir='ltr'>οἱ</span> <span class='ocrx_word' id='word_1_754' title='bbox 2270 4158 2343 4230; x_wconf 85' lang='grc' dir='ltr'>μὴ</span> <span class='ocrx_word' id='word_1_755' title='bbox 2371 4158 2698 4230; x_wconf 80' lang='grc' dir='ltr'>ἀρκούμενοι</span> <span class='ocrx_word' id='word_1_756' title='bbox 2725 4164 2838 4224; x_wconf 86' lang='grc' dir='ltr'>τοῖς</span> <span class='ocrx_word' id='word_1_757' title='bbox 2861 4161 3110 4230; x_wconf 71' lang='grc' dir='ltr'>ὀψωνίοις</span> <span class='ocrx_word' id='word_1_758' title='bbox 3131 4161 3336 4215; x_wconf 79' lang='grc' dir='ltr'>αὐτῶν·</span> <span class='ocrx_word' id='word_1_759' title='bbox 3367 4163 3482 4216; x_wconf 81' lang='grc' dir='ltr'>ἀλλ’</span> <span class='ocrx_word' id='word_1_760' title='bbox 3515 4167 3658 4235; x_wconf 61' lang='lat' dir='ltr'><strong>em;-</strong></span> 
     </span>
    </p>
   </div>
   <div class='ocr_carea' id='block_1_97' title="bbox 2075 4251 3660 4326">
    <p class='ocr_par' dir='ltr' id='par_1_97' title="bbox 2075 4251 3660 4326">
     <span class='ocr_line' id='line_1_98' title="bbox 2075 4251 3660 4326; baseline 0.005 -24"><span class='ocrx_word' id='word_1_761' title='bbox 2075 4251 2358 4320; x_wconf 81' lang='grc' dir='ltr'>ρεάζοντες</span> <span class='ocrx_word' id='word_1_762' title='bbox 2389 4253 2582 4323; x_wconf 85' lang='grc' dir='ltr'>χήρας,</span> <span class='ocrx_word' id='word_1_763' title='bbox 2617 4253 2712 4307; x_wconf 80' lang='lat' dir='ltr'><strong>nul.</strong></span> <span class='ocrx_word' id='word_1_764' title='bbox 2743 4253 3031 4324; x_wconf 73' lang='grc' dir='ltr'>ὀρφανοὺς,</span> <span class='ocrx_word' id='word_1_765' title='bbox 3063 4254 3156 4308; x_wconf 85' lang='lat' dir='ltr'><strong>nul.</strong></span> <span class='ocrx_word' id='word_1_766' title='bbox 3198 4254 3470 4326; x_wconf 87' lang='grc' dir='ltr'>πτωχούς.</span> <span class='ocrx_word' id='word_1_767' title='bbox 3522 4258 3660 4310; x_wconf 80' lang='grc' dir='ltr'>Τότε</span> 
     </span>
    </p>
   </div>
   <div class='ocr_carea' id='block_1_98' title="bbox 2071 4344 3663 4421">
    <p class='ocr_par' dir='ltr' id='par_1_98' title="bbox 2071 4344 3663 4421">
     <span class='ocr_line' id='line_1_99' title="bbox 2071 4344 3663 4421; baseline 0.006 -28"><span class='ocrx_word' id='word_1_768' title='bbox 2071 4344 2512 4413; x_wconf 83' lang='grc' dir='ltr'>παραστήσονται</span> <span class='ocrx_word' id='word_1_769' title='bbox 2556 4345 2604 4397; x_wconf 84' lang='grc' dir='ltr'>οἱ</span> <span class='ocrx_word' id='word_1_770' title='bbox 2645 4345 2927 4417; x_wconf 84' lang='grc' dir='ltr'>φορολόγοι</span> <span class='ocrx_word' id='word_1_771' title='bbox 2953 4388 2969 4414; x_wconf 86' lang='grc'><strong>,</strong></span> <span class='ocrx_word' id='word_1_772' title='bbox 3017 4347 3066 4399; x_wconf 88' lang='grc' dir='ltr'>οἱ</span> <span class='ocrx_word' id='word_1_773' title='bbox 3103 4349 3256 4418; x_wconf 80' lang='grc' dir='ltr'><strong>παρά</strong></span> <span class='ocrx_word' id='word_1_774' title='bbox 3300 4347 3360 4400; x_wconf 87' lang='grc' dir='ltr'>τὸ</span> <span class='ocrx_word' id='word_1_775' title='bbox 3401 4348 3663 4421; x_wconf 79' lang='grc' dir='ltr'>κείμενον</span> 
     </span>
    </p>
   </div>
   <div class='ocr_carea' id='block_1_99' title="bbox 2075 4434 3661 4509">
    <p class='ocr_par' dir='ltr' id='par_1_99' title="bbox 2075 4434 3661 4509">
     <span class='ocr_line' id='line_1_100' title="bbox 2075 4434 3661 4509; baseline 0.007 -23"><span class='ocrx_word' id='word_1_776' title='bbox 2075 4434 2238 4488; x_wconf 86' lang='grc' dir='ltr'>πλέον</span> <span class='ocrx_word' id='word_1_777' title='bbox 2271 4436 2607 4508; x_wconf 76' lang='grc' dir='ltr'>ἁρπάζοντες</span> <span class='ocrx_word' id='word_1_778' title='bbox 2634 4438 2725 4490; x_wconf 83' lang='grc' dir='ltr'><strong>τὸν</strong></span> <span class='ocrx_word' id='word_1_779' title='bbox 2753 4437 2979 4509; x_wconf 77' lang='grc' dir='ltr'>πένητα,</span> <span class='ocrx_word' id='word_1_780' title='bbox 3010 4439 3104 4490; x_wconf 89' lang='lat' dir='ltr'><strong>nul.</strong></span> <span class='ocrx_word' id='word_1_781' title='bbox 3133 4439 3418 4504; x_wconf 87' lang='grc' dir='ltr'>ποιοῦντες</span> <span class='ocrx_word' id='word_1_782' title='bbox 3459 4441 3554 4496; x_wconf 79' lang='grc' dir='ltr'><strong>τὸν</strong></span> <span class='ocrx_word' id='word_1_783' title='bbox 3580 4442 3661 4496; x_wconf 69' lang='grc' dir='ltr'><strong>δὸ-</strong></span> 
     </span>
    </p>
   </div>
   <div class='ocr_carea' id='block_1_100' title="bbox 2069 4529 3663 4603">
    <p class='ocr_par' dir='ltr' id='par_1_100' title="bbox 2069 4529 3663 4603">
     <span class='ocr_line' id='line_1_101' title="bbox 2069 4529 3663 4603; baseline 0.008 -24"><span class='ocrx_word' id='word_1_784' title='bbox 2069 4545 2231 4598; x_wconf 84' lang='grc' dir='ltr'>κιμον</span> <span class='ocrx_word' id='word_1_785' title='bbox 2265 4529 2463 4599; x_wconf 85' lang='grc' dir='ltr'>χρυσὸν</span> <span class='ocrx_word' id='word_1_786' title='bbox 2487 4529 2562 4593; x_wconf 85' lang='grc' dir='ltr'>ὡς</span> <span class='ocrx_word' id='word_1_787' title='bbox 2591 4530 2860 4600; x_wconf 82' lang='grc' dir='ltr'>κίϐδηλον,</span> <span class='ocrx_word' id='word_1_788' title='bbox 2903 4531 2990 4584; x_wconf 84' lang='grc' dir='ltr'>ἵνα</span> <span class='ocrx_word' id='word_1_789' title='bbox 3033 4531 3353 4603; x_wconf 76' lang='grc' dir='ltr'>ζημιώσωσι</span> <span class='ocrx_word' id='word_1_790' title='bbox 3382 4534 3477 4589; x_wconf 84' lang='grc' dir='ltr'>τὸν</span> <span class='ocrx_word' id='word_1_791' title='bbox 3506 4553 3663 4590; x_wconf 71' lang='grc' dir='ltr'>πτω-</span> 
     </span>
    </p>
   </div>
   <div class='ocr_carea' id='block_1_101' title="bbox 2068 4620 3659 4693">
    <p class='ocr_par' dir='ltr' id='par_1_101' title="bbox 2068 4620 3659 4693">
     <span class='ocr_line' id='line_1_102' title="bbox 2068 4620 3659 4693; baseline 0.005 -20"><span class='ocrx_word' id='word_1_792' title='bbox 2068 4620 2161 4690; x_wconf 87' lang='grc' dir='ltr'>χὸν</span> <span class='ocrx_word' id='word_1_793' title='bbox 2188 4621 2323 4692; x_wconf 87' lang='grc'>(77),</span> <span class='ocrx_word' id='word_1_794' title='bbox 2359 4622 2417 4676; x_wconf 83' lang='grc' dir='ltr'>ἕν</span> <span class='ocrx_word' id='word_1_795' title='bbox 2442 4641 2500 4674; x_wconf 89' lang='grc' dir='ltr'><strong>τε</strong></span> <span class='ocrx_word' id='word_1_796' title='bbox 2531 4623 2739 4693; x_wconf 86' lang='grc' dir='ltr'>ἀγροῖς,</span> <span class='ocrx_word' id='word_1_797' title='bbox 2767 4623 2822 4676; x_wconf 74' lang='grc' dir='ltr'>ἓν</span> <span class='ocrx_word' id='word_1_798' title='bbox 2851 4641 2912 4677; x_wconf 89' lang='grc' dir='ltr'><strong>τε</strong></span> <span class='ocrx_word' id='word_1_799' title='bbox 2943 4623 3110 4688; x_wconf 76' lang='grc' dir='ltr'>οἴκοις</span> <span class='ocrx_word' id='word_1_800' title='bbox 3134 4667 3149 4691; x_wconf 94' lang='grc'><strong>,</strong></span> <span class='ocrx_word' id='word_1_801' title='bbox 3179 4627 3273 4679; x_wconf 89' lang='lat' dir='ltr'><strong>nul.</strong></span> <span class='ocrx_word' id='word_1_802' title='bbox 3322 4629 3380 4680; x_wconf 86' lang='grc' dir='ltr'>ὲν</span> <span class='ocrx_word' id='word_1_803' title='bbox 3408 4631 3531 4690; x_wconf 84' lang='grc' dir='ltr'>ταῖς</span> <span class='ocrx_word' id='word_1_804' title='bbox 3562 4630 3659 4681; x_wconf 81' lang='grc' dir='ltr'><strong>ἐκ·</strong></span> 
     </span>
    </p>
   </div>
   <div class='ocr_carea' id='block_1_102' title="bbox 2070 4712 3667 4790">
    <p class='ocr_par' dir='ltr' id='par_1_102' title="bbox 2070 4712 3667 4790">
     <span class='ocr_line' id='line_1_103' title="bbox 2070 4712 3667 4790; baseline 0.005 -26"><span class='ocrx_word' id='word_1_805' title='bbox 2070 4712 2344 4784; x_wconf 78' lang='grc' dir='ltr'>κλησίαις.</span> <span class='ocrx_word' id='word_1_806' title='bbox 2375 4714 2506 4767; x_wconf 88' lang='grc' dir='ltr'>Τότε</span> <span class='ocrx_word' id='word_1_807' title='bbox 2535 4714 2926 4786; x_wconf 82' lang='grc' dir='ltr'>ἀναστήσονται</span> <span class='ocrx_word' id='word_1_808' title='bbox 2956 4717 3268 4788; x_wconf 86' lang='grc' dir='ltr'>ἀνδρόγυνοι</span> <span class='ocrx_word' id='word_1_809' title='bbox 3314 4721 3433 4789; x_wconf 83' lang='grc' dir='ltr'>μετ’</span> <span class='ocrx_word' id='word_1_810' title='bbox 3466 4721 3667 4790; x_wconf 51' lang='grc' dir='ltr'>αἰσχίω</span> 
     </span>
    </p>
   </div>
   <div class='ocr_carea' id='block_1_103' title="bbox 2242 4830 3660 4894">
    <p class='ocr_par' dir='ltr' id='par_1_103' title="bbox 2242 4830 3660 4894">
     <span class='ocr_line' id='line_1_104' title="bbox 2242 4830 3660 4894; baseline 0.003 -10"><span class='ocrx_word' id='word_1_811' title='bbox 2242 4831 2287 4862; x_wconf 78' lang='grc' dir='ltr'><strong>⁸ο</strong></span> <span class='ocrx_word' id='word_1_812' title='bbox 2319 4830 2480 4886; x_wconf 86' lang='lat' dir='ltr'><strong>Joan.</strong></span> <span class='ocrx_word' id='word_1_813' title='bbox 2508 4848 2558 4893; x_wconf 81' lang='grc' dir='ltr'><strong>ν,</strong></span> <span class='ocrx_word' id='word_1_814' title='bbox 2591 4831 2682 4887; x_wconf 82' lang='grc'>25.</span> <span class='ocrx_word' id='word_1_815' title='bbox 2759 4832 2802 4864; x_wconf 80' lang='grc'><strong>⁸¹</strong></span> <span class='ocrx_word' id='word_1_816' title='bbox 2834 4835 2853 4887; x_wconf 91' lang='lat' dir='ltr'><strong>I</strong></span> <span class='ocrx_word' id='word_1_817' title='bbox 2894 4833 3088 4888; x_wconf 77' lang='lat' dir='ltr'><strong>Thess.</strong></span> <span class='ocrx_word' id='word_1_818' title='bbox 3115 4849 3188 4894; x_wconf 86' lang='lat' dir='ltr'><strong>tv.</strong></span> <span class='ocrx_word' id='word_1_819' title='bbox 3223 4834 3310 4887; x_wconf 85' lang='grc'><strong>16.</strong></span> <span class='ocrx_word' id='word_1_820' title='bbox 3389 4836 3436 4868; x_wconf 83' lang='grc'><strong>³²</strong></span> <span class='ocrx_word' id='word_1_821' title='bbox 3465 4835 3484 4888; x_wconf 90' lang='grc'><strong>1</strong></span> <span class='ocrx_word' id='word_1_822' title='bbox 3523 4837 3660 4890; x_wconf 88' lang='lat' dir='ltr'><strong>Cor.</strong></span> 
     </span>
    </p>
   </div>
   <div class='ocr_carea' id='block_1_104' title="bbox 2546 4903 3653 4974">
    <p class='ocr_par' dir='ltr' id='par_1_104' title="bbox 2546 4903 3653 4974">
     <span class='ocr_line' id='line_1_105' title="bbox 2546 4903 3653 4974; baseline 0.005 -20"><span class='ocrx_word' id='word_1_823' title='bbox 2546 4903 2593 4934; x_wconf 81' lang='grc'>⁸⁸</span> <span class='ocrx_word' id='word_1_824' title='bbox 2629 4903 2798 4972; x_wconf 83' lang='lat' dir='ltr'><strong>Apoc.</strong></span> <span class='ocrx_word' id='word_1_825' title='bbox 2834 4919 2910 4970; x_wconf 82' lang='grc' dir='ltr'><strong>νι,</strong></span> <span class='ocrx_word' id='word_1_826' title='bbox 2970 4905 3057 4959; x_wconf 76' lang='grc'>14.</span> <span class='ocrx_word' id='word_1_827' title='bbox 3158 4905 3203 4938; x_wconf 79' lang='grc'>⁸⁷</span> <span class='ocrx_word' id='word_1_828' title='bbox 3226 4907 3399 4974; x_wconf 85' lang='lat' dir='ltr'><strong>Apoc.</strong></span> <span class='ocrx_word' id='word_1_829' title='bbox 3433 4921 3552 4974; x_wconf 76' lang='lat' dir='ltr'><strong>xu,</strong></span> <span class='ocrx_word' id='word_1_830' title='bbox 3591 4909 3653 4960; x_wconf 89' lang='grc'><strong>1.</strong></span> 
     </span>
    </p>
   </div>
   <div class='ocr_carea' id='block_1_105' title="bbox 2145 5067 3670 5141">
    <p class='ocr_par' dir='ltr' id='par_1_105' title="bbox 2145 5067 3670 5141">
     <span class='ocr_line' id='line_1_106' title="bbox 2145 5067 3670 5141; baseline 0.004 -22"><span class='ocrx_word' id='word_1_831' title='bbox 2145 5067 2397 5141; x_wconf 67' lang='lat' dir='ltr'><strong>(7|)_Id.,</strong></span> <span class='ocrx_word' id='word_1_832' title='bbox 2423 5069 2517 5141; x_wconf 83' lang='lat' dir='ltr'><strong>nul.</strong></span> <span class='ocrx_word' id='word_1_833' title='bbox 2548 5068 2807 5141; x_wconf 61' lang='grc' dir='ltr'>δικαίους,</span> <span class='ocrx_word' id='word_1_834' title='bbox 2841 5070 2935 5122; x_wconf 75' lang='grc' dir='ltr'>καὶ</span> <span class='ocrx_word' id='word_1_835' title='bbox 2969 5069 3351 5141; x_wconf 65' lang='grc' dir='ltr'>ἀμαρτωλοῦς,</span> <span class='ocrx_word' id='word_1_836' title='bbox 3374 5070 3469 5141; x_wconf 85' lang='lat' dir='ltr'><strong>nul.</strong></span> <span class='ocrx_word' id='word_1_837' title='bbox 3501 5073 3670 5125; x_wconf 71' lang='grc' dir='ltr'>πᾶσα</span> 
     </span>
    </p>
   </div>
   <div class='ocr_carea' id='block_1_106' title="bbox 2069 5137 3668 5212">
    <p class='ocr_par' dir='ltr' id='par_1_106' title="bbox 2069 5137 3668 5212">
     <span class='ocr_line' id='line_1_107' title="bbox 2069 5137 3668 5212; baseline 0.003 -25"><span class='ocrx_word' id='word_1_838' title='bbox 2069 5137 2207 5212; x_wconf 80' lang='grc' dir='ltr'>φυλὴ</span> <span class='ocrx_word' id='word_1_839' title='bbox 2236 5137 2509 5212; x_wconf 26' lang='grc' dir='ltr'>ἕθνοςλκαὶ</span> <span class='ocrx_word' id='word_1_840' title='bbox 2535 5138 2756 5212; x_wconf 81' lang='grc' dir='ltr'>γλῶσσα</span> <span class='ocrx_word' id='word_1_841' title='bbox 2775 5141 2833 5193; x_wconf 81' lang='grc' dir='ltr'>ἐν</span> <span class='ocrx_word' id='word_1_842' title='bbox 2863 5142 2996 5212; x_wconf 78' lang='grc' dir='ltr'>ῥιπῇ</span> <span class='ocrx_word' id='word_1_843' title='bbox 3012 5137 3304 5212; x_wconf 67' lang='grc' dir='ltr'>ὀφθαλμοῦ</span> <span class='ocrx_word' id='word_1_844' title='bbox 3341 5140 3438 5192; x_wconf 76' lang='lat' dir='ltr'><strong>nul</strong></span> <span class='ocrx_word' id='word_1_845' title='bbox 3460 5158 3668 5212; x_wconf 65' lang='grc' dir='ltr'>παρα-</span> 
     </span>
    </p>
   </div>
   <div class='ocr_carea' id='block_1_107' title="bbox 2066 5209 3667 5290">
    <p class='ocr_par' dir='ltr' id='par_1_107' title="bbox 2066 5209 3667 5290">
     <span class='ocr_line' id='line_1_108' title="bbox 2066 5209 3667 5290; baseline 0.002 -31"><span class='ocrx_word' id='word_1_846' title='bbox 2066 5209 2354 5290; x_wconf 71' lang='grc' dir='ltr'>στήσονται</span> <span class='ocrx_word' id='word_1_847' title='bbox 2389 5209 2765 5290; x_wconf 44' lang='grc' dir='ltr'>ὲκρεχόμενοι,</span> <span class='ocrx_word' id='word_1_848' title='bbox 2795 5209 2923 5290; x_wconf 54' lang='grc' dir='ltr'><strong>(Ξιρἀ</strong></span> <span class='ocrx_word' id='word_1_849' title='bbox 2957 5209 3028 5265; x_wconf 74' lang='lat' dir='ltr'><strong>ita</strong></span> <span class='ocrx_word' id='word_1_850' title='bbox 3078 5209 3212 5265; x_wconf 63' lang='lat' dir='ltr'><strong>luce</strong></span> <span class='ocrx_word' id='word_1_851' title='bbox 3245 5227 3352 5264; x_wconf 88' lang='lat' dir='ltr'><strong>non</strong></span> <span class='ocrx_word' id='word_1_852' title='bbox 3381 5209 3667 5266; x_wconf 59' lang='lat' dir='ltr'><strong>dubitévil</strong></span> 
     </span>
    </p>
   </div>
   <div class='ocr_carea' id='block_1_108' title="bbox 451 5274 1970 5350">
    <p class='ocr_par' dir='ltr' id='par_1_108' title="bbox 451 5274 1963 5350">
     <span class='ocr_line' id='line_1_109' title="bbox 451 5274 1963 5350; baseline 0.009 -22"><span class='ocrx_word' id='word_1_853' title='bbox 451 5276 563 5348; x_wconf 83' lang='lat'><strong>(66)</strong></span> <span class='ocrx_word' id='word_1_854' title='bbox 594 5275 679 5350; x_wconf 81' lang='lat' dir='ltr'><strong>Al.</strong></span> <span class='ocrx_word' id='word_1_855' title='bbox 709 5275 847 5350; x_wconf 73' lang='lat' dir='ltr'><strong>Pici,</strong></span> <span class='ocrx_word' id='word_1_856' title='bbox 869 5275 1054 5328; x_wconf 80' lang='grc' dir='ltr'>πολλοὶ</span> <span class='ocrx_word' id='word_1_857' title='bbox 1082 5274 1188 5328; x_wconf 82' lang='grc' dir='ltr'>τῶν</span> <span class='ocrx_word' id='word_1_858' title='bbox 1217 5274 1282 5328; x_wconf 83' lang='grc' dir='ltr'>ὲκ</span> <span class='ocrx_word' id='word_1_859' title='bbox 1309 5275 1414 5346; x_wconf 79' lang='grc' dir='ltr'>γῆς</span> <span class='ocrx_word' id='word_1_860' title='bbox 1445 5274 1698 5347; x_wconf 84' lang='grc' dir='ltr'>χώματος</span> <span class='ocrx_word' id='word_1_861' title='bbox 1727 5275 1963 5349; x_wconf 81' lang='grc' dir='ltr'>ἀναστή-</span> 
     </span>
    </p>
   </div>
   <div class='ocr_carea' id='block_1_109' title="bbox 2082 5274 3326 5350">
    <p class='ocr_par' dir='ltr' id='par_1_109' title="bbox 2082 5274 3326 5350">
     <span class='ocr_line' id='line_1_110' title="bbox 2082 5274 3326 5350; baseline 0.001 -18"><span class='ocrx_word' id='word_1_862' title='bbox 2082 5274 2387 5350; x_wconf 62' lang='lat' dir='ltr'><strong>:ontrahere</strong></span> <span class='ocrx_word' id='word_1_863' title='bbox 2411 5274 2670 5350; x_wconf 76' lang='lat' dir='ltr'><strong>librarius</strong></span> <span class='ocrx_word' id='word_1_864' title='bbox 2699 5281 2768 5335; x_wconf 89' lang='lat' dir='ltr'><strong>ad</strong></span> <span class='ocrx_word' id='word_1_865' title='bbox 2802 5274 2964 5334; x_wconf 83' lang='lat' dir='ltr'><strong>tinem</strong></span> <span class='ocrx_word' id='word_1_866' title='bbox 3003 5295 3326 5350; x_wconf 75' lang='lat' dir='ltr'><strong>properans.</strong></span> 
     </span>
    </p>
   </div>
   <div class='ocr_carea' id='block_1_110' title="bbox 381 5347 858 5410">
    <p class='ocr_par' dir='ltr' id='par_1_110' title="bbox 381 5347 858 5410">
     <span class='ocr_line' id='line_1_111' title="bbox 381 5347 858 5410; baseline -0.002 -9"><span class='ocrx_word' id='word_1_867' title='bbox 381 5347 589 5410; x_wconf 80' lang='grc' dir='ltr'>σονται,</span> <span class='ocrx_word' id='word_1_868' title='bbox 617 5348 690 5401; x_wconf 90' lang='lat' dir='ltr'><strong>ita</strong></span> <span class='ocrx_word' id='word_1_869' title='bbox 712 5357 765 5402; x_wconf 89' lang='lat' dir='ltr'><strong>et</strong></span> <span class='ocrx_word' id='word_1_870' title='bbox 800 5347 858 5400; x_wconf 85' lang='grc' dir='ltr'>Β.</span> 
     </span>
    </p>
   </div>
   <div class='ocr_carea' id='block_1_111' title="bbox 453 5414 1688 5488">
    <p class='ocr_par' dir='ltr' id='par_1_111' title="bbox 453 5414 1688 5488">
     <span class='ocr_line' id='line_1_112' title="bbox 453 5414 1688 5488; baseline -0.001 -19"><span class='ocrx_word' id='word_1_871' title='bbox 453 5416 566 5486; x_wconf 85' lang='grc'>(67)</span> <span class='ocrx_word' id='word_1_872' title='bbox 599 5417 703 5488; x_wconf 85' lang='lat' dir='ltr'><strong>Id.,</strong></span> <span class='ocrx_word' id='word_1_873' title='bbox 738 5419 831 5488; x_wconf 81' lang='lat' dir='ltr'><strong>nul.</strong></span> <span class='ocrx_word' id='word_1_874' title='bbox 852 5416 1030 5488; x_wconf 76' lang='grc' dir='ltr'>ἕτεροι</span> <span class='ocrx_word' id='word_1_875' title='bbox 1061 5417 1142 5488; x_wconf 75' lang='grc' dir='ltr'><strong>είς</strong></span> <span class='ocrx_word' id='word_1_876' title='bbox 1170 5414 1431 5488; x_wconf 73' lang='grc' dir='ltr'>αἰσχύνην</span> <span class='ocrx_word' id='word_1_877' title='bbox 1453 5415 1688 5488; x_wconf 71' lang='grc' dir='ltr'>αἰώνιον.</span> 
     </span>
    </p>
   </div>
   <div class='ocr_carea' id='block_1_112' title="bbox 423 5485 1955 5574">
    <p class='ocr_par' dir='ltr' id='par_1_112' title="bbox 423 5485 1955 5574">
     <span class='ocr_line' id='line_1_113' title="bbox 423 5485 1955 5574; baseline -0.001 -30"><span class='ocrx_word' id='word_1_878' title='bbox 423 5488 564 5574; x_wconf 34' lang='lat' dir='ltr'><strong>Atili)</strong></span> <span class='ocrx_word' id='word_1_879' title='bbox 600 5486 656 5541; x_wconf 93' lang='lat' dir='ltr'><strong>In</strong></span> <span class='ocrx_word' id='word_1_880' title='bbox 692 5487 749 5539; x_wconf 82' lang='grc' dir='ltr'>Β.</span> <span class='ocrx_word' id='word_1_881' title='bbox 776 5485 974 5542; x_wconf 82' lang='lat' dir='ltr'><strong>desunt</strong></span> <span class='ocrx_word' id='word_1_882' title='bbox 1005 5486 1168 5540; x_wconf 77' lang='lat' dir='ltr'><strong>verba</strong></span> <span class='ocrx_word' id='word_1_883' title='bbox 1198 5485 1290 5538; x_wconf 75' lang='lat' dir='ltr'><strong>nul.</strong></span> <span class='ocrx_word' id='word_1_884' title='bbox 1317 5485 1782 5558; x_wconf 77' lang='grc' dir='ltr'>εὐφρανθήσονται</span> <span class='ocrx_word' id='word_1_885' title='bbox 1811 5489 1861 5541; x_wconf 88' lang='grc' dir='ltr'>οἱ</span> <span class='ocrx_word' id='word_1_886' title='bbox 1897 5489 1955 5542; x_wconf 78' lang='grc' dir='ltr'>ἐν</span> 
     </span>
    </p>
   </div>
   <div class='ocr_carea' id='block_1_113' title="bbox 384 5571 1951 5697">
    <p class='ocr_par' dir='ltr' id='par_1_113' title="bbox 384 5571 1951 5697">
     <span class='ocr_line' id='line_1_114' title="bbox 384 5571 1951 5697; baseline 0 -17"><span class='ocrx_word' id='word_1_887' title='bbox 384 5571 576 5697; x_wconf 59' lang='grc' dir='ltr'><strong>τῃῶῗὶ</strong></span> <span class='ocrx_word' id='word_1_888' title='bbox 596 5623 792 5697; x_wconf 78' lang='lat' dir='ltr'><strong>Joa_nn.</strong></span> <span class='ocrx_word' id='word_1_889' title='bbox 818 5643 871 5691; x_wconf 84' lang='grc' dir='ltr'><strong>ν,</strong></span> <span class='ocrx_word' id='word_1_890' title='bbox 889 5626 979 5685; x_wconf 80' lang='lat'><strong>25,</strong></span> <span class='ocrx_word' id='word_1_891' title='bbox 1011 5623 1222 5697; x_wconf 81' lang='lat' dir='ltr'><strong>ubipro</strong></span> <span class='ocrx_word' id='word_1_892' title='bbox 1235 5622 1643 5697; x_wconf 46' lang='lat' dir='ltr'><strong>nollotlegitur</strong></span> <span class='ocrx_word' id='word_1_893' title='bbox 1671 5628 1721 5680; x_wconf 78' lang='grc' dir='ltr'>οἱ</span> <span class='ocrx_word' id='word_1_894' title='bbox 1748 5628 1951 5697; x_wconf 86' lang='grc' dir='ltr'>νεκροί.</span> 
     </span>
    </p>
   </div>
   <div class='ocr_carea' id='block_1_114' title="bbox 456 5628 1956 5783">
    <p class='ocr_par' dir='ltr' id='par_1_114' title="bbox 456 5628 1956 5783">
     <span class='ocr_line' id='line_1_115' title="bbox 481 5628 1951 5697; baseline 0.002 -20"><span class='ocrx_word' id='word_1_895' title='bbox 481 5628 570 5688; x_wconf 67' lang='lat' dir='ltr'><strong>6t!)</strong></span> <span class='ocrx_word' id='word_1_896' title='bbox 596 5628 792 5680; x_wconf 84' lang='lat' dir='ltr'><strong>Joann.</strong></span> <span class='ocrx_word' id='word_1_897' title='bbox 818 5628 979 5691; x_wconf 80' lang='lat' dir='ltr'><strong>v,25,</strong></span> <span class='ocrx_word' id='word_1_898' title='bbox 1011 5628 1101 5678; x_wconf 91' lang='lat' dir='ltr'><strong>ubi</strong></span> <span class='ocrx_word' id='word_1_899' title='bbox 1125 5628 1419 5693; x_wconf 77' lang='grc' dir='ltr'>ριόπολλοί</span> <span class='ocrx_word' id='word_1_900' title='bbox 1448 5628 1643 5694; x_wconf 85' lang='lat' dir='ltr'><strong>legitur</strong></span> <span class='ocrx_word' id='word_1_901' title='bbox 1671 5628 1721 5680; x_wconf 78' lang='grc' dir='ltr'>οἱ</span> <span class='ocrx_word' id='word_1_902' title='bbox 1748 5628 1951 5697; x_wconf 86' lang='grc' dir='ltr'>νεκροί.</span> 
     </span>
     <span class='ocr_line' id='line_1_116' title="bbox 456 5628 1956 5783; baseline 0.002 -35"><span class='ocrx_word' id='word_1_903' title='bbox 456 5628 653 5783; x_wconf 61' lang='grc' dir='ltr'>ίῖθῌιι</span> <span class='ocrx_word' id='word_1_904' title='bbox 685 5695 891 5783; x_wconf 64' lang='grc' dir='ltr'>Β.ιιδι;</span> <span class='ocrx_word' id='word_1_905' title='bbox 917 5696 1036 5748; x_wconf 86' lang='grc' dir='ltr'>τότε</span> <span class='ocrx_word' id='word_1_906' title='bbox 1059 5695 1221 5765; x_wconf 85' lang='grc' dir='ltr'>γὰρή</span> <span class='ocrx_word' id='word_1_907' title='bbox 1254 5694 1457 5766; x_wconf 76' lang='grc' dir='ltr'>φοϐερὰ</span> <span class='ocrx_word' id='word_1_908' title='bbox 1499 5713 1548 5749; x_wconf 91' lang='grc' dir='ltr'><strong>σ.</strong></span> <span class='ocrx_word' id='word_1_909' title='bbox 1576 5715 1630 5767; x_wconf 88' lang='grc' dir='ltr'>η.</span> <span class='ocrx_word' id='word_1_910' title='bbox 1665 5715 1717 5750; x_wconf 90' lang='grc' dir='ltr'><strong>κ.</strong></span> <span class='ocrx_word' id='word_1_911' title='bbox 1755 5715 1800 5751; x_wconf 92' lang='grc' dir='ltr'><strong>ε.</strong></span> <span class='ocrx_word' id='word_1_912' title='bbox 1823 5699 1956 5751; x_wconf 79' lang='grc' dir='ltr'>πάν-</span> 
     </span>
    </p>
   </div>
   <div class='ocr_carea' id='block_1_115' title="bbox 381 5782 787 5830">
    <p class='ocr_par' dir='ltr' id='par_1_115' title="bbox 381 5782 787 5830">
     <span class='ocr_line' id='line_1_117' title="bbox 381 5782 787 5830; baseline 0 -12"><span class='ocrx_word' id='word_1_913' title='bbox 381 5783 480 5830; x_wconf 69' lang='grc' dir='ltr'><strong>τας</strong></span> <span class='ocrx_word' id='word_1_914' title='bbox 510 5783 634 5830; x_wconf 79' lang='grc' dir='ltr'>τους</span> <span class='ocrx_word' id='word_1_915' title='bbox 669 5782 787 5818; x_wconf 88' lang='grc' dir='ltr'>κεκ.</span> 
     </span>
    </p>
   </div>
   <div class='ocr_carea' id='block_1_116' title="bbox 2134 5347 2697 5420">
    <p class='ocr_par' dir='ltr' id='par_1_116' title="bbox 2134 5347 2697 5420">
     <span class='ocr_line' id='line_1_118' title="bbox 2134 5347 2697 5420; baseline -0.014 -8"><span class='ocrx_word' id='word_1_916' title='bbox 2134 5348 2246 5420; x_wconf 63' lang='grc' dir='ltr'><strong>(ῖῖ)</strong></span> <span class='ocrx_word' id='word_1_917' title='bbox 2278 5347 2366 5420; x_wconf 64' lang='grc' dir='ltr'>Β.,</span> <span class='ocrx_word' id='word_1_918' title='bbox 2399 5347 2697 5420; x_wconf 64' lang='grc' dir='ltr'>ἐξέρχεται.</span> 
     </span>
    </p>
   </div>
   <div class='ocr_carea' id='block_1_117' title="bbox 2133 5416 2655 5487">
    <p class='ocr_par' dir='ltr' id='par_1_117' title="bbox 2133 5416 2655 5487">
     <span class='ocr_line' id='line_1_119' title="bbox 2133 5416 2655 5487; baseline 0.006 -17"><span class='ocrx_word' id='word_1_919' title='bbox 2133 5416 2246 5487; x_wconf 83' lang='grc'>(75)</span> <span class='ocrx_word' id='word_1_920' title='bbox 2393 5416 2655 5487; x_wconf 74' lang='grc' dir='ltr'>ἔπραξαν.</span> 
     </span>
    </p>
   </div>
   <div class='ocr_carea' id='block_1_118' title="bbox 2134 5486 2914 5563">
    <p class='ocr_par' dir='ltr' id='par_1_118' title="bbox 2134 5486 2914 5563">
     <span class='ocr_line' id='line_1_120' title="bbox 2134 5486 2914 5563; baseline 0 0"><span class='ocrx_word' id='word_1_921' title='bbox 2134 5486 2246 5563; x_wconf 62' lang='grc' dir='ltr'>(ἷὲ)</span> <span class='ocrx_word' id='word_1_922' title='bbox 2275 5486 2526 5563; x_wconf 59' lang='grc' dir='ltr'><strong>Μειθβοι</strong></span> <span class='ocrx_word' id='word_1_923' title='bbox 2556 5489 2730 5563; x_wconf 61' lang='grc' dir='ltr'><strong>κξγδςν</strong></span> <span class='ocrx_word' id='word_1_924' title='bbox 2757 5491 2914 5563; x_wconf 71' lang='grc' dir='ltr'>κενήε</span> 
     </span>
    </p>
   </div>
   <div class='ocr_carea' id='block_1_119' title="bbox 2135 5556 3504 5634">
    <p class='ocr_par' dir='ltr' id='par_1_119' title="bbox 2135 5556 3504 5634">
     <span class='ocr_line' id='line_1_121' title="bbox 2135 5556 3504 5634; baseline 0.001 -22"><span class='ocrx_word' id='word_1_925' title='bbox 2279 5556 2383 5634; x_wconf 61' lang='lat' dir='ltr'><strong>Pro</strong></span> <span class='ocrx_word' id='word_1_926' title='bbox 2411 5559 2786 5634; x_wconf 67' lang='grc' dir='ltr'>ξπιθρέξουσιν</span> <span class='ocrx_word' id='word_1_927' title='bbox 2814 5556 2956 5614; x_wconf 52' lang='grc' dir='ltr'>ἰιίΒ.</span> <span class='ocrx_word' id='word_1_928' title='bbox 2983 5570 3068 5617; x_wconf 86' lang='lat' dir='ltr'><strong>est</strong></span> <span class='ocrx_word' id='word_1_929' title='bbox 3096 5561 3504 5634; x_wconf 67' lang='grc' dir='ltr'>περιτρέχωσι.</span> 
     </span>
    </p>
   </div>
   <div class='ocr_carea' id='block_1_120' title="bbox 2137 5627 2662 5710">
    <p class='ocr_par' dir='ltr' id='par_1_120' title="bbox 2137 5627 2662 5710">
     <span class='ocr_line' id='line_1_122' title="bbox 2137 5627 2662 5710; baseline 0.006 -31"><span class='ocrx_word' id='word_1_930' title='bbox 2279 5627 2385 5710; x_wconf 56' lang='lat' dir='ltr'><strong>Id,</strong></span> <span class='ocrx_word' id='word_1_931' title='bbox 2413 5627 2662 5710; x_wconf 65' lang='grc' dir='ltr'>δώσουσι.</span> 
     </span>
    </p>
   </div>
   <div class='ocr_carea' id='block_1_121' title="bbox 2135 5709 2182 5762">
    <p class='ocr_par' dir='ltr' id='par_1_121' title="bbox 2135 5709 2182 5762">
     <span class='ocr_line' id='line_1_123' title="bbox 2135 5709 2182 5762; baseline 0 -15"><span class='ocrx_word' id='word_1_932' title='bbox 2135 5709 2182 5762; x_wconf 84' lang='lat' dir='ltr'><strong>(t</strong></span> 
     </span>
    </p>
   </div>
   <div class='ocr_carea' id='block_1_122' title="bbox 2196 5696 3670 5775">
    <p class='ocr_par' dir='ltr' id='par_1_122' title="bbox 2196 5696 3670 5775">
     <span class='ocr_line' id='line_1_124' title="bbox 2196 5696 3670 5775; baseline 0.007 -28"><span class='ocrx_word' id='word_1_933' title='bbox 2196 5697 2244 5775; x_wconf 82' lang='lat'><strong>7)</strong></span> <span class='ocrx_word' id='word_1_934' title='bbox 2279 5696 2363 5757; x_wconf 89' lang='grc' dir='ltr'><strong>Β.,</strong></span> <span class='ocrx_word' id='word_1_935' title='bbox 2396 5698 2475 5775; x_wconf 77' lang='grc' dir='ltr'><strong>τῷ</strong></span> <span class='ocrx_word' id='word_1_936' title='bbox 2509 5699 2705 5771; x_wconf 81' lang='grc' dir='ltr'>πτωχῷ</span> <span class='ocrx_word' id='word_1_937' title='bbox 2744 5700 2800 5754; x_wconf 86' lang='grc' dir='ltr'>ἕν</span> <span class='ocrx_word' id='word_1_938' title='bbox 2821 5718 2878 5754; x_wconf 86' lang='grc' dir='ltr'><strong>τε</strong></span> <span class='ocrx_word' id='word_1_939' title='bbox 2906 5701 3187 5774; x_wconf 83' lang='grc' dir='ltr'>ἀργυρίοις</span> <span class='ocrx_word' id='word_1_940' title='bbox 3236 5702 3326 5756; x_wconf 84' lang='lat' dir='ltr'><strong>nul</strong></span> <span class='ocrx_word' id='word_1_941' title='bbox 3370 5709 3670 5775; x_wconf 65' lang='grc' dir='ltr'>χρυσίοις,</span> 
     </span>
    </p>
   </div>
   <div class='ocr_carea' id='block_1_123' title="bbox 2063 5767 2760 5838">
    <p class='ocr_par' dir='ltr' id='par_1_123' title="bbox 2063 5767 2760 5838">
     <span class='ocr_line' id='line_1_125' title="bbox 2063 5767 2760 5838; baseline 0.007 -18"><span class='ocrx_word' id='word_1_942' title='bbox 2063 5767 2184 5820; x_wconf 86' lang='grc' dir='ltr'>τότε</span> <span class='ocrx_word' id='word_1_943' title='bbox 2213 5767 2760 5838; x_wconf 68' lang='grc' dir='ltr'>ἀ·,·αστήσονται,”ιὲιε.</span> 
     </span>
    </p>
   </div>
  </div>
