3862 6500
229 395 328 453 941

1171 395 1442 456 SPURIA.
1484 431 1555 439 —
1593 399 1678 453 DE
1717 398 2309 457 CONSUMMATIONE
2349 401 2585 457 MUNDL

3378 411 3482 466 9-59.

230 531 350 582 νης.
378 514 574 577 οἵτινες
605 515 704 568 οὐκ
734 515 1004 586 ἐφύλαξαν
1030 515 1126 587 τήν
1155 517 1343 587 κοίτην
1387 518 1564 572 αὐτῶν
1613 520 1793 590 ἀμίαν·

1923 519 2088 589 capti,
2119 535 2218 574 sua
2246 519 2513 575 desideria
2549 527 2677 575 sunt
2706 521 2895 577 secuti.
2931 521 3084 578 Tunc
3111 525 3201 595 qui
3221 509 3486 584 'dilectio-

226 625 336 668 τον.
359 591 495 662 ἀλλά
522 610 628 661 πᾶν
657 609 717 662 τὸ
743 609 935 672 κάλλος
962 609 1060 679 τῆς
1080 609 1278 680 σαρκὸς
1298 610 1642 682 ἀπατώμενοι
1669 612 1806 683 (78),

227 700 322 752 καὶ
370 702 427 751 ἐν
483 704 605 764 ταῖς
671 701 828 765 ἰδίαις
871 703 1187 774 ἐπιθυμίαις
1249 703 1621 776 πορευόμενοι.
1669 705 1805 758 Τότε

225 791 620 862 ἀναστήσονται
651 794 699 845 οἱ
733 793 832 864 τὴν
869 794 1088 865 ἀγάπην
1131 795 1224 848 τοῦ
1269 795 1470 868 Κυρίου
1521 794 1594 866 μὴ
1637 793 1803 864 φυλά-

226 882 432 948 ξαντες,
456 887 718 956 κατηφεῖς
757 885 848 938 καὶ
878 885 1229 958 σκυθρωποὶ,
1279 888 1361 940 ὅτι
1411 888 1508 958 τὴν
1561 887 1801 960 ἐλαφρὰν

228 975 447 1045 ἐντολὴν
477 975 571 1028 τοῦ
607 977 858 1048 Σωτῆρος
886 977 1156 1048 ἠθέτησαν
1184 978 1282 1049 τὴν
1308 977 1570 1046 λέγουσαν
1589 995 1601 1006 ·
1651 979 1801 1046 Ἄγα-

230 1066 450 1132 πήσεις
487 1069 594 1120 τὸν
647 1070 912 1136 πλησίον
939 1085 1056 1124 σου
1097 1069 1178 1136 ὡς
1225 1071 1442 1124 ἑαυτόν
1471 1070 1602 1140 (79).
1664 1070 1796 1122 Τότε

1913 627 2036 665 nem
2085 611 2296 666 Domini
2347 626 2454 667 non
2502 622 2827 679 servarunt,
2878 626 3172 688 exsurgent
3208 621 3386 675 moesti
3422 636 3488 678 ac

1912 703 2118 757 tetrici:
2149 719 2240 758 eo
2273 705 2416 774 quod
2467 703 2764 758 Salvatoris
2809 707 3123 763 mandatum
3163 710 3320 766 facile
3349 728 3484 766 con-

1910 803 2247 866 tempserunt
2287 840 2300 864 ,
2360 796 2503 866 quod
2569 797 2808 867 praecipit
2853 817 2865 852 :
2934 799 3135 872 Diliges
3185 804 3486 870 proximum

1911 897 2057 940 tuum
2086 888 2220 941 sicut
2258 899 2307 942 te
2349 889 2518 956 ipsum
2550 888 2616 941 ’°.
2666 887 2819 945 Tunc
2848 891 2940 960 qui
2977 892 3264 950 habuerint
3289 896 3484 952 libram

1910 978 2193 1050 iniquam,
2249 990 2522 1046 stateras,
2577 997 2894 1049 mensuras,
2946 985 3160 1041 modios
3207 987 3483 1058 injustos,

1904 1082 2118 1142 gement
2147 1081 2527 1141 exspectantes
2553 1075 2762 1143 justum
2791 1075 3054 1144 judicem.

225 1161 552 1214 κλαύσουσιν
589 1164 638 1216 οἱ
683 1164 772 1216 τὸν
819 1164 978 1233 ζυγὸν
1019 1165 1178 1217 αὐτὸν
1207 1165 1390 1219 ἄδικον
1428 1165 1787 1235 κεκτημένοι,
1819 1167 1912 1220 καὶ
1943 1165 2234 1236 σταθμοὺς,
2263 1167 2356 1220 κα)⁵
2386 1167 2579 1238 μέτρα,
2618 1170 2710 1222 καὶ
2737 1167 2890 1239 μόδια
2923 1167 3080 1222 ἄδικα
3105 1169 3236 1241 (80),
3267 1169 3485 1244 ἐκδεχό-

222 1275 373 1327 μενοι
404 1259 494 1310 τὸν
521 1258 725 1311 δίκαιον
755 1261 967 1331 κριτήν.

291 1351 536 1405 XXXIX.
587 1353 697 1406 Καὶ
739 1355 790 1406 τί
837 1355 1169 1426 ἐπιφέρομεν
1192 1356 1302 1428 (8i)
1337 1357 1564 1420 πολλοὺς
1610 1358 1804 1426 λόγους

216 1443 328 1495 τῶν
360 1445 895 1515 παραστησομένων;
930 1447 1064 1500 Τότε
1093 1448 1386 1502 οἱ⁶δίκαιοι
1436 1448 1802 1520 ἐκλάμψουσιν

217 1535 296 1598 ὡς
329 1537 358 1588 ὁ
398 1536 549 1606 ἥλιος
567 1555 579 1566 ·
605 1538 654 1590 οἱ
683 1537 738 1590 δὲ
768 1539 1103 1610 ἁμαρτωλοὶ,
1146 1544 1413 1611 κατηφεῖς
1442 1542 1536 1595 καὶ⁸
1559 1541 1801 1614 σκυθρωο

217 1627 313 1680 ποῖ
335 1628 811 1700 ἀναδειχθήσονται
841 1630 976 1701 (~82).
1021 1632 1348 1704 Ἀμφότεροι
1391 1634 1500 1704 γὰρ
1535 1634 1588 1686 οἵ
1622 1651 1680 1687 τε
1723 1633 1799 1686 δί-

214 1736 364 1772 καιοι
396 1720 490 1772 καὶ
516 1720 828 1792 ἁμαρτωλοὶ
856 1721 1123 1794 ἄφθαρτοι
1156 1725 1555 1795 ἀναστήσονται
1573 1743 1586 1756 ο
1612 1728 1658 1778 οἱ
1688 1726 1796 1798 γὰρ

212 1809 438 1873 δίκαιοι,
474 1812 561 1865 ἵνα
585 1815 817 1876 αἱωνίως
861 1814 1167 1886 τιμηθῶσι,
1210 1817 1302 1869 καὶ
1344 1818 1797 1888 κατατρυφήσωσι

1988 1356 2230 1412 XXXIX.
2277 1357 2380 1413 Sed
2416 1359 2543 1428 quid
2597 1359 2750 1428 plura
2794 1360 2861 1414 de
2893 1359 3147 1416 sistendis
3192 1360 3487 1417 addimus?

1908 1449 2062 1506 Tunc
2100 1451 2234 1520 justi
2278 1449 2561 1522 fulgebunt
2609 1461 2668 1506 ut
2715 1451 2794 1506 sol
2825 1453 2900 1506 ⁹¹;
2947 1463 3260 1520 peccatores
3300 1462 3481 1509 autem

1907 1542 2089 1597 tristes
2119 1550 2172 1596 et
2204 1542 2380 1596 tetrici
2424 1542 2779 1612 apparebunt.
2816 1541 3041 1613 Utrique
3082 1544 3226 1599 enim
3267 1553 3322 1599 et
3345 1545 3482 1616 justi

1904 1641 1958 1686 et
1990 1641 2302 1702 peccatores
2345 1643 2633 1704 resurgent
2680 1635 3152 1706 incorruptibiles:
3199 1635 3376 1706 justi,
3423 1647 3484 1693 ut

1903 1733 2162 1793 perpetuo
2195 1724 2305 1779 sint
2339 1723 2394 1777 in
2417 1724 2626 1780 honore
2668 1741 2733 1781 ac
2779 1726 3179 1782 immortalibus
3226 1725 3484 1780 fruantur

1901 1814 2146 1882 deliciis;
2185 1828 2530 1886 peccatores,
2578 1827 2638 1872 ut
2681 1834 2776 1888 per
2814 1820 3082 1889 judicium
3109 1834 3300 1892 ptenas
3329 1819 3485 1874 luant

215 1903 288 1955 τά
312 1903 589 1958 ἀθάνατα’
623 1909 671 1958 οἱ
697 1907 752 1959 δὲ
785 1907 1116 1978 ἁμαρτωλοὶ,
1150 1909 1236 1962 ἵνα
1266 1909 1325 1962 ὲν
1357 1913 1421 1980 τῇ
1464 1909 1642 1980 κρίσει
1674 1911 1793 1962 αἰω-

1907 1906 2283 1975 sempiternas.
2357 1907 2599 1978 Quisque
2663 1909 2829 1979 igitur
2887 1919 3126 1965 vestrum
3185 1909 3483 1992 perpendat

213 1997 352 2060 νίως
382 1997 846 2069 κολασθήσωνται.
877 2000 1144 2064 Ἕκαστος
1180 2000 1287 2072 γάρ
1307 2002 1600 2073 ἐνθυμηθεῖ
1639 2020 1698 2056 τε
1742 2003 1802 2056 τὸ

214 2090 269 2141 τί
298 2087 457 2141 δώσει
481 2089 772 2158 ἀπολογίαν
796 2091 908 2163 (85)
927 2091 1003 2162 τῷ
1031 2093 1222 2162 δικαίῳ
1251 2095 1435 2163 κριτῇ,
1466 2095 1574 2146 εἴτε
1599 2093 1798 2162 ἀγαθὰ,

216 2181 331 2232 εἴτε
356 2179 535 2250 φαῦλα
554 2197 568 2210 °
603 2183 656 2233 αἱ
683 2181 792 2254 γὰρ
826 2182 1050 2254 πράξεις
1075 2185 1294 2237 πάντων
1323 2184 1430 2237 τῶν
1475 2183 1797 2254 ἀνθρώπων,

207 2272 444 2324 ἕκαστον
465 2273 882 2342 περικυκλώσει,
899 2275 1006 2328 εἴτε
1029 2273 1252 2343 ἀγαθὸν,
1274 2273 1384 2328 εἴτε
1408 2275 1643 2344 πονηρόν
1663 2275 1794 2345 (84).

204 2365 276 2418 Αἱ
306 2363 417 2435 γάρ
437 2363 693 2436 δυνάμεις
720 2366 827 2420 τῶν
852 2366 1096 2436 οὐρανῶν
1124 2365 1544 2437 σαλευθήσονται
1577 2365 1685 2436 (83)
1706 2368 1799 2420 καὶ

208 2456 397 2510 πάντα
427 2456 589 2525 φόϐος
619 2458 711 2510 καὶ
737 2458 936 2528 τρόμος
960 2459 1262 2520 κατέδεται,
1290 2459 1380 2510 τὸν
1413 2459 1662 2531 οὐρανὸν,
1700 2459 1797 2530 τὴν

206 2547 338 2618 γῆν,
354 2548 450 2601 καὶ
465 2546 533 2600 τὰ
548 2549 891 2619 καταχθόνια’
911 2551 1002 2604 καὶ
1019 2553 1166 2604 πᾶσα
1179 2550 1397 2619 γλῶσσα
1419 2551 1710 2623 ὲξομολογή
1720 2569 1797 2605 σε·

203 2659 300 2694 ται
329 2642 513 2703 αὐτὸν,
547 2643 640 2694 καὶ
663 2643 984 2714 ὁμολογήσει
1015 2643 1105 2696 τὸν
1133 2643 1423 2714 ἐρχόμενον
1459 2647 1641 2715 κρῖναι
1679 2661 1795 2715 κρι-

206 2733 399 2804 τήριον
432 2733 662 2800 δίκαιον,
692 2733 824 2788 Θεὸν
853 2735 1072 2806 ίσχυρδν
1107 2736 1201 2788 καὶ
1230 2736 1458 2808 ποιητὴν
1484 2736 1591 2791 τῶν
1625 2737 1794 2791 ἀπάν-

207 2841 342 2876 των.
377 2823 510 2876 Τότε
545 2824 682 2894 μετά
702 2825 900 2888 δειλίας
934 2826 1044 2896 (86)
1069 2827 1163 2877 καὶ
1201 2825 1440 2896 θάμϐους
1487 2825 1794 2880 ἐλεύσονται

207 2915 459 2982 ἄγγελοι,
513 2915 724 2986 θρόνοι,
761 2916 1020 2981 ἐξουσίαι,
1069 2919 1269 2990 ἀρχαὶ,
1326 2918 1660 2990 κυριότητες,
1698 2937 1794 2973 πο-

203 3003 521 3077 λυόμματα,
557 3007 899 3080 ἐξαπτέρυγα
922 3009 1186 3080 χερουϐίμ
1219 3026 1276 3061 τε
1309 3010 1402 3062 καὶ
1443 3012 1704 3082 σεραψὶμ,
1736 3013 1792 3066 έν

208 3099 356 3167 ίσχΰι
384 3100 694 3170 κεκραγότα
723 3101 834 3169 (87)
859 3115 873 3130 ⁸
913 3101 1122 3170 Ἄγιος,
1157 3100 1341 3170 ἅγιος,
1368 3101 1550 3170 ἅγιος,
1580 3104 1793 3170 Κύριος

205 3193 478 3256 Σαϐαὼθ,
515 3191 962 3262 παντοκράτωρ*
983 3194 1220 3262 πλήρης
1259 3199 1290 3248 ό
1320 3197 1576 3262 οὐρανὸς
1625 3197 1720 3249 καὶ
1750 3198 1788 3264 ἡ

1904 1996 2045 2065 apud
2080 2013 2157 2062 se,
2209 2005 2322 2052 tum
2355 1998 2646 2063 honorum,
2678 2009 2790 2053 tum
2822 2000 3090 2054 malorum
3117 2001 3267 2070 justo
3307 1999 3482 2070 judici

1903 2088 2167 2142 rationem
2219 2089 2568 2173 reddendam.
2622 2088 2757 2144 Nam
2789 2090 3030 2147 actiones
3084 2107 3274 2146 omnes
3305 2091 3481 2146 homi-

1903 2194 2031 2232 num
2063 2195 2504 2250 unumquemque
2544 2190 2654 2234 tam
2697 2183 2927 2252 probum
2959 2198 3121 2252 quam
3172 2183 3476 2254 improbum

1901 2271 2334 2325 circumdabant.
2405 2269 2853 2342 Quandoquidem
2925 2275 3152 2328 virtutes
3211 2274 3473 2329 cmlorum

1901 2362 2262 2416 movebuntur
2285 2364 2350 2425 θ’,
2381 2373 2434 2416 et
2459 2363 2639 2417 omnia
2664 2363 2825 2417 timor
2853 2378 2917 2418 ac
2945 2372 3147 2419 tremor
3166 2365 3474 2430 absument,

1899 2453 2094 2508 cmlum
2119 2493 2132 2515 ,
2167 2462 2396 2516 terram,
2434 2469 2496 2508 ac
2541 2455 2896 2509 subterranea
2927 2472 2941 2519 ;
2989 2465 3043 2510 et
3079 2457 3260 2512 omnis
3288 2457 3473 2526 lingua

1899 2545 2242 2601 confitebitur
2281 2559 2404 2600 eum
2450 2545 2529 2611 ”,
2582 2555 2636 2599 et
2685 2545 2944 2600 fatebitur
2989 2561 3113 2600 eum
3161 2547 3255 2618 qui
3298 2549 3477 2609 veniet

1892 2637 2101 2707 justum
2129 2637 2394 2708 judicium
2419 2636 2792 2706 judicaturus,
2824 2637 2990 2692 Deum
3037 2636 3231 2692 fortem
3259 2647 3314 2694 et
3340 2653 3474 2694 con-

1895 2728 2128 2783 ditorem
2183 2729 2448 2782 omnium.
2509 2727 2663 2782 Tunc
2710 2743 2834 2784 cum
2880 2743 3083 2798 pavore
3134 2744 3200 2784 ac
3254 2738 3475 2800 stupore

1896 2822 2188 2890 procedcnt
2229 2821 2440 2890 angeli,
2471 2820 2688 2883 throni,
2725 2828 3057 2890 potestates,
3102 2822 3471 2892 principatus,

1895 2912 2294 2967 dominationes
2335 2913 2410 2979 ",
2463 2913 2646 2966 multis
2686 2912 2860 2967 oculis
2911 2923 2964 2967 et
2995 2913 3096 2968 alis
3123 2927 3218 2968 sex
3249 2913 3471 2983 praedita

1895 3005 2176 3060 cherubim
2203 3021 2266 3060 ac
2292 3005 2585 3074 seraphim,
2613 3005 2824 3058 fortiter
2853 3004 3180 3059 clamantia:
3219 3002 3468 3071 Sanctus,

1894 3108 2109 3151 sanctus
2130 3137 2144 3164 ,
2171 3107 2382 3150 sanctus
2414 3096 2667 3151 Dominus
2698 3096 2931 3152 Sabaoth
2966 3100 3320 3168 omnipotens:
3359 3102 3471 3169 ple-

1896 3205 2019 3242 num
2055 3197 2131 3242 est
2165 3189 2350 3243 coelum
2377 3199 2424 3242 et
2463 3201 2602 3243 terra
2634 3190 2802 3259 gloria
2832 3200 2924 3245 tua
2953 3192 3018 3244 ”.
3049 3189 3113 3246 Et
3142 3192 3470 3247 revelabitur

201 3285 278 3356 τῆ
313 3284 426 3353 τῆς
453 3287 638 3354 δόξης
663 3256 800 3341 σοι).
816 3256 925 3340 Kal
949 3256 1458 3360 ἀποκαλυιρθήσεται
1481 3289 1508 3340 ό
1530 3256 1788 3353 ἰέασιλεὺς

1907 3277 2008 3331 [lex
2038 3293 2224 3346 regum
2250 3285 2304 3332 et
2336 3276 2595 3332 Dominus
2626 3277 3052 3343 dominantium,
3085 3295 3149 3334 ac
3178 3279 3344 3350 judex
3370 3283 3466 3351 qui

201 3378 314 3431 τῶν
350 3378 740 3448 βασιλευόντων
777 3380 910 3448 (88),
935 3381 1028 3432 καὶ
1058 3379 1260 3452 Κύριος
1281 3381 1386 3433 τῶν
1406 3381 1786 3451 κυριευόντων,

204 3470 300 3521 καὶ
335 3470 531 3540 κριτὴς
563 3469 1098 3540 ἀπροσωπόληπτος,
1145 3470 1238 3522 κα)⁸
1275 3469 1534 3540 δικαστὴς
1557 3510 1570 3532 ν
1613 3469 1674 3522 τδ
1710 3469 1788 3523 δί’·

201 3575 365 3611 καιον
405 3558 693 3628 ἀπονέμων
733 3558 946 3628 ἑκάστῳ
971 3599 984 3620 ,
1034 3560 1126 3612 ἐπὶ
1184 3558 1376 3629 θρόνου
1415 3558 1647 3629 φοϐεροῦ
1696 3561 1791 3613 καὶ

200 3649 525 3721 ἐπηρμένου
545 3665 560 3679 °
593 3649 687 3702 καὶ
710 3651 855 3702 πᾶσα
887 3649 1020 3720 σὰρξ
1048 3650 1154 3702 τῶν
1181 3650 1384 3720 βροτῶν
1411 3651 1602 3722 κατίδῃ
1625 3652 1789 3704 αὑτοῦ

200 3741 264 3795 τὸ
293 3741 588 3813 πρόσωπον
614 3741 752 3812 μετά
783 3741 948 3810 φόϐου
993 3743 1086 3795 καὶ
1122 3741 1319 3805 δειλίας
1365 3742 1605 3813 μεγάλης
1626 3783 1640 3808 ,
1693 3743 1787 3796 καὶ

199 3835 419 3898 δίκαιος
451 3835 544 3888 καὶ
575 3834 918 3904 ἁμαρτωλός.

276 3927 393 3980 XL.
427 3927 562 3979 Τότε
601 3925 896 3997 ἀχθήσεται
924 3925 952 3976 ό
981 3925 1096 3990 υίὸς
1140 3929 1238 3996 τῆς
1285 3927 1556 3990 ἀπωλείας
1578 3967 1591 3990 ,
1623 3929 1790 3998 ἤγουν

195 4020 228 4072 ὁ
256 4018 526 4082 διάϐολος,
563 4017 700 4088 μετά
724 4017 830 4070 τῶν
857 4017 1122 4088 δαιμόνων
1152 4017 1314 4070 αὑτοῦ
1340 4060 1354 4081 ,
1387 4017 1478 4070 καὶ
1521 4017 1654 4088 μετά
1683 4018 1790 4071 τῶν

198 4109 503 4181 ὑπηρετῶν
530 4107 717 4170 αὑτοῦ,
753 4107 858 4160 ὑπὸ
879 4107 1122 4176 ἀγγέλων
1155 4105 1440 4178 αὐστηρῶν
1473 4107 1566 4159 καὶ
1597 4107 1792 4160 ἀποτό-

200 4223 324 4276 μων
346 4221 360 4232 ·
391 4201 485 4254 καὶ
519 4199 986 4272 παραδοθήσονται
1019 4199 1092 4270 τῷ
1119 4201 1250 4271 πυρὶ
1278 4199 1355 4269 τῷ
1385 4199 1666 4268 ἀσϐέστῳ,
1697 4201 1790 4252 καὶ

196 4296 279 4365 τῷ
307 4293 557 4364 σκώληκι
588 4291 667 4362 τῷ
697 4293 998 4364 ἀκοιμήτῳ,
1023 4293 1115 4345 καὶ
1148 4291 1224 4362 τῷ
1254 4292 1433 4344 σκότει
1481 4291 1558 4362 τῷ
1599 4291 1790 4357 ἐξωτέ-

203 4406 289 4461 ρῳ
326 4386 462 4457 (89).
493 4387 614 4439 Τῶν
633 4385 740 4458 γὰρ
783 4383 1046 4456 Ἐϐραίων
1077 4385 1105 4436 ό
1129 4383 1297 4454 δῆμος
1323 4382 1510 4451 ὄψεται
1544 4382 1703 4436 αὑτὸν
1733 4383 1790 4434 ἐν

195 4483 449 4553 σχήματι
479 4477 786 4550 ἀνθρώπου,
814 4475 994 4539 καθὼς
1013 4475 1195 4538 αὐτοῖς
1225 4473 1378 4546 ὤφθη
1414 4476 1476 4526 ἐκ
1504 4473 1602 4543 τῆς
1632 4472 1790 4542 ἀγίας

193 4572 486 4644 Παρθένου
518 4570 608 4624 διὰ
642 4568 864 4641 σαρκὸς,
902 4567 994 4621 καὶ
1019 4565 1200 4628 καθὼς
1223 4565 1384 4618 αὑτὸν
1417 4564 1784 4636 ἐσταύρωσαν·

191 4666 295 4718 καὶ
329 4663 497 4728 δείξει
532 4663 714 4726 αὐτοῖς
759 4661 866 4715 τῶν
910 4659 1107 4732 χειρῶν
1146 4658 1238 4711 καὶ
1289 4657 1397 4710 τῶν
1455 4657 1627 4710 ποδῶν
1665 4656 1792 4719 τοὺς

189 4757 394 4827 ἥλους.
414 4754 524 4808 Καὶ
544 4753 642 4825 τὴν
660 4751 894 4824 πλευρὰν
911 4748 1075 4805 αὑτοῦ
1091 4749 1422 4820 νενυγμένην
1443 4749 1530 4802 διά
1552 4749 1650 4820 τῆς
1680 4748 1788 4819 (90)

192 4851 432 4920 λόγχης·
471 4847 565 4901 καὶ
592 4846 690 4918 τὴν
723 4846 898 4917 κάραν
924 4843 1023 4914 τὴν
1050 4841 1108 4910 ἐξ
1142 4841 1392 4895 ἀκανθῶν
1435 4841 1788 4910 στεφανωθεῖ-

273 4968 319 4999 ³ο
348 4962 541 5017 Matth.
563 4978 675 5024 xix.
706 4963 787 5018 l9.
862 4961 906 4993 "
928 4959 1115 5014 Matth.
1141 4975 1260 5024 xui,
1302 4959 1392 5012 45.

187 5053 279 5099 vr,
312 5027 368 5090 5.
447 5034 494 5065 ’⁸
523 5033 689 5103 Apoc.
725 5049 762 5098 ι,
794 5030 845 5084 7.

273 5126 392 5198 (78)
422 5125 526 5198 Id_.,
557 5124 634 5194 τῷ
663 5123 847 5198 κάλλει
879 5123 977 5193 τῆς
1003 5120 1202 5192 σαρκὸς
1235 5119 1600 5190 ἀπατώμενοι.

275 5195 394 5265 (79)
429 5196 513 5248 Al.
525 5233 538 5258 ,
577 5195 818 5265 σεαυτόν.

275 5263 394 5337 (80)
427 5266 487 5337 l3.
524 5266 692 5337 addit,
727 5263 960 5337 ἔχοντες.

274 5328 394 5409 (81)
427 5335 529 5400 ld.,
564 5336 656 5388 καὶ
688 5328 1033 5405 τί”ἐπιφέροι
1067 5333 1309 5404 μακροὺς
1366 5329 1588 5398 λόγουςς
1638 5328 1781 5393 τότε,

189 5418 398 5558 οῗῖ82)
433 5473 772 5558 Sequiturjn
797 5472 891 5526 B.:
922 5474 1038 5558 Ῑςαὲ
1061 5473 1110 5558 οἱ
1157 5472 1252 5544 μὲν
1285 5471 1481 5558 δίκαιοι
1530 5471 1616 5558 ἵνα
1647 5470 1782 5558 ἀίω-ξ

190 5541 321 5602 νίου
358 5541 538 5616 χαρᾶς
566 5543 871 5616 νεμεθῶσι,
910 5546 958 5597 οἱ
982 5543 1049 5615 ,δὲ
1073 5541 1385 5614 ἁμαρτωλοὶ
1412 5544 1468 5594 έν
1507 5543 1572 5612 τῇ
1607 5541 1785 5613 κρίσει

188 5614 444 5678 δικαίως
461 5614 902 5685 κολασθήσονται.

278 5687 398 5756 (85)
434 5685 534 5756 ld.,
569 5681 879 5756 ἐνθυμεῖται
904 5684 958 5756 τί
989 5683 1280 5756 ἀπολογίαν
1311 5681 1489 5735 δώσει.

434 5754 651 5836 εἰη-εἴτε
679 5755 877 5824 ἀγαθὰ,
904 5755 1012 5808 εἴτε
1045 5755 1277 5836 πονηρά.

279 5819 397 5898 (85)
434 5819 581 5879 ΙιιΒ.
610 5819 1055 5896 quae-sequuntur
1096 5819 1300 5880 omissa
1335 5831 1461 5880 sunt
1506 5836 1678 5893 usque
1727 5819 1793 5874 ad

1466 4959 1509 4990 "
1539 4957 1726 5012 Matth.
1754 4971 1899 5022 xxiv,
1932 4953 2021 5010 29.

1893 3383 2180 3440 personam
2217 3384 2324 3424 non
2365 3370 2592 3440 accipit,
2625 3370 2718 3426 sed
2751 3371 2950 3441 cuique
2980 3373 3122 3441 quod
3145 3371 3354 3441 justum
3385 3384 3470 3429 est

1894 3462 2201 3528 distribuit,
2234 3463 2286 3516 in
2319 3463 2514 3517 throno
2545 3463 2768 3517 terribili
2795 3474 2848 3518 et
2877 3465 3134 3518 exaltato.
3171 3463 3236 3519 Et
3264 3465 3470 3522 videbit

1896 3554 2076 3607 omnis
2103 3567 2233 3607 caro
2259 3552 2572 3608 mortalium
2608 3551 2801 3608 faciem
2829 3553 2948 3622 ejus
2971 3563 3084 3608 tum
3110 3553 3314 3623 justus,
3351 3564 3467 3612 tum

1895 3629 2167 3715 peccator,
2201 3661 2324 3701 cum
2357 3644 2552 3700 timore
2583 3660 2645 3700 ac
2674 3654 2820 3699 metu
2856 3646 3078 3716 ingenti.
3462 3663 3466 3668 ·

1965 3917 2076 3972 XL.
2129 3917 2266 3972 Tum
2312 3918 2610 3973 adducetur
2668 3918 2809 3972 filius
2864 3917 3226 3988 perditionis,
3281 3919 3334 3974 id
3382 3930 3467 3975 est

1896 4011 2172 4076 diabolus,
2223 4026 2347 4066 cum
2393 4009 2730 4066 dzemonibus
2775 4019 2829 4063 ct
2875 4009 3141 4064 ministris
3189 4009 3344 4076 suis,
3397 4012 3466 4066 ab

1897 4106 2099 4176 angelis
2146 4104 2350 4159 severis
2395 4119 2457 4158 ac
2502 4102 2726 4173 rigidis;
2792 4103 3180 4172 lt'adcnturque
3224 4101 3333 4171 igni
3383 4103 3468 4158 in-

1895 4196 2285 4266 exstinguibili,
2325 4195 2490 4248 rermi
2524 4211 2630 4248 non
2655 4193 2966 4256 dormienti.
2998 4209 3061 4248 ac
3095 4195 3330 4250 tenebris
3366 4210 3464 4251 ex-

1895 4289 2208 4344 terioribus.
2249 4285 2460 4340 Videbit
2487 4286 2630 4338 enim
2663 4284 2896 4354 populus
2927 4281 3272 4339 llehrzeorum
3311 4285 3465 4340 illum

1896 4381 1948 4434 in
1979 4381 2148 4450 ﬁgura
2179 4379 2414 4432 humana
2441 4377 2517 4443 ",
2553 4376 3009 4446 quemadmodum
3041 4375 3148 4430 illis
3176 4391 3238 4430 ex
3275 4386 3462 4432 sancta

1894 4473 2116 4542 Virgine
2144 4486 2247 4539 per
2267 4484 2486 4524 carnem
2519 4467 2796 4537 apparuit,
2824 4476 2877 4522 et
2899 4467 3056 4522 sicuti
3085 4467 3467 4522 crucifixernnt

1896 4579 2050 4628 etim;
2103 4576 2168 4614 ac
2215 4559 2463 4614 05tendet
2515 4559 2596 4613 eis
2638 4572 2894 4610 manuum
2925 4555 3230 4626 pedumque
3257 4556 3462 4622 clavos,

1897 4657 2041 4710 latus
2083 4668 2244 4708 suum
2287 4652 2485 4705 lancea‘
2528 4649 2898 4720 perforatum,
2939 4658 3101 4718 caput
3144 4657 3462 4703 coronatum

1897 4746 2068 4817 spinis
2088 4787 2102 4811 ,
2149 4761 2210 4798 ac
2240 4743 2529 4813 pretiosam
2555 4755 2792 4795 crucem.
2827 4739 3068 4810 Denique
3105 4740 3288 4794 omnia
3314 4740 3466 4794 video

1896 4839 2031 4892 bunt
2059 4835 2267 4890 Hebrzci
2292 4876 2307 4900 ,
2357 4843 2409 4887 et
2438 4831 2690 4902 plangent
2711 4871 2725 4893 ,
2763 4847 2827 4885 ac
2863 4832 3172 4901 plorabunt,
3204 4831 3466 4901 quemad-

2115 4951 2160 4983 ”
2188 4949 2417 5018 Philipp.
2452 4963 2510 5010 ιι,
2538 4945 2620 5001 ll.
2709 4947 2754 4976 οι
2778 4945 2986 5001 Coloss.
3025 4963 3063 5010 I,
3095 4945 3178 4998 lli.
3272 4945 3319 4978 θ’
3354 4945 3460 5001 Isa.

1886 5117 2048 5171 verba
2075 5134 2087 5168 :
2121 5115 2270 5166 πᾶσα.
2299 5109 2539 5179 γλῶσσα.

1964 5187 2074 5254 (86)
2098 5184 2180 5244 Β..
2201 5184 2348 5254 (μετὰ
2380 5181 2567 5254 φόϐου.

1964 5249 2074 5325 (87)
2105 5256 2162 5308 ln
2194 5249 2252 5305 Β.
2285 5263 2390 5325 est,
2413 5249 2701 5325 xal‘rzg‘toat
2726 5249 2782 5300 αἱ
2814 5249 3178 5325 τῶνοὺρσθῶν
3207 5249 3462 5319 δυνάμεις

1891 5328 1948 5379 ἐν
1974 5318 2128 5393 teis:
2159 5321 2484 5393 κεκραγότα,
2515 5318 2551 5374 ἀ
2577 5319 2752 5393 ἅγιος,
2778 5318 3061 5393 mendose.

1965 5388 2076 5467 (88)
2115 5394 2247 5460 Quae
2266 5388 2610 5467 sequuntur,
2652 5388 2720 5467 Βἱ
2739 5391 3031 5467 contrahit,
3058 5391 3111 5467 in
3138 5404 3249 5467 quo
3276 5390 3459 5467 statim

1885 5459 2037 5534 legas
2058 5459 2378 5586 καὶὸκριτὴς
2408 5459 2916 5530 ἀπροσωπολήπτης
2952 5463 3043 5516 ἐπὶ
3073 5459 3262 5533 θρόνου
3293 5459 3462 5534 καθή-

1894 5552 2050 5586 μενος
2078 5553 2145 5586 ιεο
2185 5551 2330 5586 εοου.

1936 5552 2050 5598 ενος
2078 5551 2330 5598 φοοερου.

1893 5552 2050 5607 μενος
2078 5551 2330 5604 φοοερου.

1964 5607 2075 5675 (89)
2109 5604 2193 5658 Al.
2223 5603 2336 5675 Pici
2372 5599 2581 5675 c_odcx._
2606 5597 2891 5675 ἐξώτερον.
2927 5599 3032 5656 Sed
3071 5600 3122 5654 in
3169 5599 3229 5656 Β.
3265 5602 3463 5655 desunt

1892 5669 2067 5732 verba
2090 5676 2186 5742 καὶ
2208 5673 2286 5744 τῷ
2316 5671 2500 5744 σκότει
2517 5669 2593 5740 τῷ
2618 5672 2771 5736 ἐξωτ.

1966 5747 2078 5828 (θθ)
2114 5739 2287 5828 ὶςειιὶιὶι
2319 5741 2407 5797 διὸ⁴
2442 5741 2542 5810 τῆς
2569 5739 2750 5810 usque
2785 5741 2852 5797 ad
2901 5740 3336 5810 στεφανωθεῖσαν
3365 5739 3462 5795 de-

1897 5825 2020 5873 sunt
2053 5815 2106 5870 in
2134 5815 2194 5872 Β.
2778 5830 2782 5834 ·
2985 5849 2988 5858 ,
