3862 6500
405 365 515 422 923

1197 361 1483 418 APPEND.
1523 362 1612 416 AD
1645 361 1924 416 PARTEM
1967 362 2006 417 ll
2048 359 2331 420 OPERUM
2369 362 2427 418 S.
2470 359 2849 417 lllPPOLYTI.

3543 360 3606 412 9i
3624 360 3649 413 ι

407 482 626 540 modum
709 481 964 552 propheta
1051 482 1300 539 clamat:
1369 482 1624 537 Videbunt
1688 484 1740 537 in
1827 499 1973 554 quem

2085 499 2200 546 σαν,
2225 482 2318 534 καὶ
2345 479 2433 534 τὸν
2460 481 2635 552 τίμιον
2665 479 2910 552 σταυρόν’
2947 479 3038 533 καὶ
3057 477 3206 542 ἅπαξ
3236 475 3414 530 πάντα
3436 473 3656 529 θεάσον-

409 570 790 639 transﬁxerunl
811 570 894 621 ’τι
934 584 1204 640 nemoque
1234 570 1366 626 feret
1397 587 1554 641 opem
1580 572 1715 638 iliis,
1750 582 1845 626 aut
1871 573 1971 626 mi-

404 659 672 716 serebitur
712 675 933 715 eorum:
984 662 1111 730 quia
1153 678 1260 716 non
1308 671 1535 732 egerunt
1562 664 1928 734 paenitentiam
1953 706 1968 728 ,

407 767 507 807 nec
534 751 707 807 aversi
755 762 882 807 sunt
921 769 951 806 a
1003 754 1087 807 via
1117 769 1215 808 sua
1249 768 1437 824 prava.
1478 753 1663 824 Itaque
1695 755 1974 812 discedent

407 843 460 896 hi
495 843 548 895 in
590 841 913 913 supplicium
948 852 1210 897 aeternum
1236 859 1360 898 cum
1387 845 1725 901 dtemonibus
1758 855 1812 900 et
1854 847 1972 900 (lia-

406 935 552 991 bolo.

473 1204 610 1261 XLI.
653 1205 855 1261 Deinde
883 1207 1231 1276 congregabit
1263 1223 1454 1263 omnes
1493 1219 1698 1279 gentes,
1740 1219 1799 1264 ut
1826 1210 1972 1264 clara

403 1314 536 1354 voce
561 1299 762 1352 clamat
797 1297 1170 1367 Evangelium.
1207 1295 1347 1364 Quid
1393 1300 1536 1354 enim
1571 1301 1646 1354 ait
1690 1299 1974 1355 Matthzeus

404 1388 755 1458 evangelista,
789 1388 900 1442 imo
931 1385 1193 1442 Dominus
1222 1391 1336 1455 ipse
1368 1387 1424 1440 in
1473 1386 1800 1457 Evangelio?
1841 1387 1973 1439 Cum

406 1484 599 1539 venerit
633 1482 805 1536 Filius
834 1481 1057 1535 hominis
1090 1481 1145 1535 in
1170 1481 1338 1551 gloria
1372 1499 1489 1543 sua.
1512 1493 1560 1536 et
1595 1499 1768 1536 omnes
1804 1482 1974 1535 sancti

407 1578 578 1647 angeli
605 1593 722 1630 cum
769 1591 843 1642 eo,
892 1584 1014 1628 tunc
1056 1574 1250 1628 sedebit
1300 1591 1454 1644 super
1511 1575 1751 1628 thronum
1793 1573 1974 1644 gloria:

404 1684 546 1732 sure;
571 1677 618 1722 et
643 1667 1094 1738 congregabantur
1114 1683 1292 1720 coram
1316 1683 1374 1720 eo
1405 1683 1578 1720 omnes
1603 1679 1796 1737 gentes,
1828 1678 1876 1722 ct
1901 1686 1977 1722 se-

403 1760 610 1830 parabit
639 1775 725 1813 eos
756 1759 819 1812 ab
855 1758 1095 1822 invicem,
1127 1757 1284 1811 veluti
1320 1767 1499 1826 pastor
1527 1768 1734 1827 separat
1763 1776 1875 1813 ores
1909 1762 1972 1813 ab

2074 590 2163 626 ται
2186 575 2213 626 6
2246 573 2350 625 τῶν
2397 573 2660 645 Ἐϐραίων
2688 573 2878 644 δῆμος,
2916 571 3008 624 καὶ
3041 570 3318 640 κόψονται,
3357 568 3452 622 καὶ
3500 567 3665 621 gela-3..

2075 681 2256 717 σονται
2316 663 2495 726 καθὼς
2520 664 2616 734 βοᾷ
2647 667 2674 716 6
2695 665 2997 734 προφήτης⁸
3027 665 3308 729 Ὄψονται
3329 662 3417 724 είς
3440 658 3512 712 ὃν
3537 659 3665 722 ἐξε-

2074 754 2396 821 κέντησαν,
2416 757 2506 808 καὶ
2527 755 2701 818 οὐδείς
2723 757 2867 808 ἐστιν
2888 759 2915 809 6
2937 753 3142 825 βοηθῶν
3173 753 3356 816 αὐτοῖς
3379 752 3412 822 ἦ
3443 754 3473 804 6
3498 751 3667 805 ἐλεῶν

2075 847 2292 910 αὐτούς·
2329 849 2408 901 ὅτι
2442 848 2500 900 οὐ
2541 847 2888 918 μετενόησαν,
2925 847 2958 918 ἢ
3006 845 3435 914 ἀπεστράφησαν
3472 843 3537 895 ἐκ
3567 843 3667 910 τῆς

2072 937 2194 992 ὁδοῦ
2233 938 2332 1008 τῆς
2394 940 2654 1010 πονηρᾶς.
2737 937 2846 991 Καὶ
2907 936 3294 990 ἀπελεύσονται
3368 927 3517 987 οὗτοι
3589 935 3666 995 εἰς

2074 1028 2292 1082 κόλασιν
2324 1028 2536 1082 αἰώνιον
2562 1030 2670 1100 (91)
2703 1029 2839 1101 μετὰ
2867 1029 2972 1082 τῶν
3005 1028 3276 1098 δαιμόνων
3299 1028 3396 1079 καὶ
3430 1026 3528 1079 τοῦ
3559 1027 3664 1078 διαο

2075 1118 2252 1172 θόλου.

2146 1210 2280 1264 XLI.
2319 1207 2449 1263 Εἶτα
2485 1211 2796 1278 ἐπισυνάξει
2845 1211 3023 1265 πάντα
3067 1210 3134 1263 τὰ
3174 1209 3322 1280 ἔθνη,
3370 1207 3556 1271 καθὼς
3607 1207 3666 1260 τὺ

2075 1303 2228 1371 ἅγιον
2283 1303 2610 1371 Εὐαγγέλιον
2670 1303 3004 1376 διαπρυσίως
3060 1303 3177 1373 βοᾷ.
3230 1303 3294 1354 Τί
3351 1301 3463 1372 γὰρ
3519 1300 3664 1367 λέγει

2075 1395 2350 1458 Ματθαῖος
2377 1397 2404 1447 6
2433 1395 2836 1466 εὐαγγελιστὴς,
2881 1395 3080 1465 μᾶλλον
3107 1396 3162 1448 δὲ
3197 1395 3360 1456 αὐτὸς
3399 1396 3427 1446 6
3462 1393 3665 1463 Κύριος

2074 1489 2160 1542 διὰ
2208 1486 2299 1541 τοῦ
2340 1488 2697 1556 Εὑαγγελίους
2743 1489 2923 1541 Ὅταν
2962 1488 3111 1556 ἔλθῃ
3145 1491 3177 1541 ό
3229 1487 3361 1552 Υἱὸς
3404 1486 3512 1539 τοῦ
3554 1487 3660 1538 ἀν-

2076 1578 2308 1646 θρώπου
2337 1579 2407 1632 ἐν
2439 1579 2512 1647 τῇ
2554 1579 2700 1649 δόξῃ
2750 1580 2956 1644 αὐτοῦ,
3000 1581 3097 1632 καὶ
3135 1579 3365 1646 πάντες
3411 1582 3465 1632 οἱ
3511 1578 3664 1645 (Errat

2075 1669 2309 1738 ἄγγελοι
2335 1671 2463 1740 μετ’
2489 1671 2694 1736 αὐτοῦ,
2730 1673 2862 1725 τότε
2918 1673 3151 1726 καθίσει
3193 1670 3292 1724 ἐπὶ
3323 1671 3544 1738 θρόνου
3576 1669 3664 1721 δό-

2078 1761 2188 1828 ξης
2215 1762 2420 1824 αὐτοῦ,
2451 1763 2546 1815 καὶ
2578 1764 3070 1833 συναχθήσονται
3103 1763 3445 1832 ἔμπροσθεν
3479 1759 3662 1815 αὑτοῦ

405 1853 598 1916 tradis;
629 1861 679 1905 et
705 1850 986 1904 constituet
1019 1865 1132 1902 oves
1159 1847 1366 1917 quidem
1395 1865 1426 1901 ιι
1455 1848 1655 1902 dextris
1702 1849 1835 1912 suis,
1873 1849 1974 1902 lue-

2085 1852 2268 1905 πάντα
2295 1855 2365 1907 τὰ
2393 1856 2554 1922 ἔθνη·
2579 1856 2675 1908 καὶ
2699 1854 2934 1922 ἀφοριεῖ
2957 1854 3066 1925 (92)
3097 1853 3318 1919 αὐτοὺς
3344 1853 3448 1906 ἀπ’
3473 1852 3660 1916 ἀλλᾶν

401 1947 494 2000 dos
547 1955 716 1998 autem
761 1961 794 1996 a
840 1943 1092 1996 sinistris.
1161 1941 1292 1995 Tum
1325 1940 1460 1994 dicet
1501 1941 1583 1994 Itis
1628 1942 1718 2010 qui
1758 1951 1909 1993 erunt
1936 1959 1968 1994 a

402 2039 602 2092 dextris
641 2036 753 2106 ejus
784 2052 801 2088 :
846 2033 1043 2100 Venite,
1079 2034 1331 2088 benedicti
1365 2031 1543 2086 Patris
1566 2033 1685 2094 mei,
1721 2033 1978 2101 possidete

402 2139 647 2200 paratum
679 2129 816 2182 vobis
842 2143 1053 2197 regnum
1081 2143 1112 2180 ιι
1143 2126 1518 2182 constitutione
1547 2124 1744 2179 vitandi
1773 2126 1839 2178 ³⁸.
1877 2124 1979 2180 Ve-

402 2222 533 2290 nite,
563 2221 860 2292 praphetae,
893 2228 1112 2290 propter
1155 2233 1351 2273 nomen
1391 2233 1569 2271 meum
1604 2218 1834 2288 expulsi.
1870 2216 1974 2272 Ve-

403 2315 536 2380 nite,
590 2313 942 2384 patriarchae,
985 2312 1078 2382 qui
1126 2319 1250 2365 ante
1289 2309 1580 2365 adventum
1633 2326 1810 2364 meum
1867 2311 1967 2364 ob-

401 2405 740 2477 temperastis
778 2404 935 2469 mihi,
985 2417 1320 2474 regnumque
1368 2417 1549 2457 meum
1597 2402 1968 2458 desiderastis.

402 2499 613 2562 Venite.
654 2497 905 2568 apostoli,
954 2509 1199 2550 mearum
1248 2491 1599 2547 amictionum
1656 2492 1969 2562 participes,

400 2593 528 2646 dum
570 2591 710 2645 inter
761 2587 1012 2642 homines
1053 2598 1302 2654 agerem,
1336 2593 1555 2653 pr0pter
1595 2581 1969 2652 Evangelium.

402 2683 611 2744 Venite,
641 2687 927 2748 martyres,
957 2675 1050 2745 qui
1089 2673 1324 2730 confessi
1365 2689 1451 2728 me
1481 2686 1662 2728 coram
1704 2673 1972 2744 tyrannis,

400 2781 670 2829 tormenta
718 2769 888 2824 multa
940 2777 1102 2837 atque
1144 2764 1408 2836 supplicia
1475 2765 1793 2834 pertulistis.
1875 2763 1980 2819 Ve-

400 2867 554 2930 nite,
605 2862 918 2934 pontilices,
979 2858 1074 2930 qui
1126 2871 1261 2929 pure
1309 2857 1442 2910 mihi
1507 2855 1834 2911 sacritieium
1895 2856 1984 2910 die

401 2968 666 3028 nocteque
709 2952 1026 3015 obtulistis,
1076 2966 1140 3006 ac
1189 2949 1489 3020 pretiosum
1519 2965 1720 3019 corpus
1757 2958 1810 3004 et
1852 2965 1982 3004 san-

403 3051 618 3120 guinem
659 3062 840 3102 meum
893 3043 1220 3099 immolastis
1265 3040 1525 3112 quotidie.

2073 1955 2216 2013 λων,
2250 1948 2451 2019 ὥσπερ
2501 1954 2532 2005 ὀ
2573 1950 2797 2020 ποιμὴν
2827 1948 3082 2020 ἀφορίζει
3123 1951 3196 2003 τὰ
3243 1950 3508 2016 πρόϐατα
3546 1946 3657 2000 ἀπὸ

2073 2041 2191 2094 τῶν
2219 2043 2456 2111 ἐρίφων
2501 2044 2597 2096 καὶ
2643 2041 2879 2108 στήσει,
2919 2042 2990 2096 τὰ
3030 2041 3146 2110 μὲν
3172 2042 3437 2108 πρόϐατα
3470 2039 3538 2092 ἐκ
3571 2039 3657 2092 εε-

2075 2131 2219 2197 ξιῶν
2247 2135 2453 2196 αὑτοῦ,
2482 2135 2552 2188 τὰ
2581 2133 2648 2187 δὲ
2679 2135 2876 2203 ἐρίφια
2907 2135 2976 2198 ἐξ
2997 2133 3338 2201 εὐωνύμων.
3375 2135 3516 2184 Τότε
3549 2129 3665 2197 ἐρεῖ

2080 2225 2204 2292 τοῖς
2236 2226 2304 2279 ἐκ
2355 2226 2566 2291 δεξιῶν
2590 2227 2795 2281 αὐτοῦ’
2831 2227 3009 2281 Δεῦτε
3043 2229 3098 2279 οἱ
3125 2223 3524 2294 εὐλογημένοι
3563 2221 3658 2274 τοῦ

2073 2319 2302 2386 Πατρός
2341 2337 2484 2388 μου,
2530 2319 3024 2389 κληρονομήσατε
3055 2317 3170 2386 τὴν
3210 2313 3660 2385 ἡτοιμασμένην

2073 2410 2216 2479 ὑμῖν
2233 2413 2564 2476 ,βασιλείαν
2591 2412 2709 2467 ἀπὸ
2753 2411 3087 2481 καταϐολῆς
3123 2413 3376 2480 κόσμου.
3414 2407 3580 2461 Δεῦτε
3616 2409 3657 2458 οἱ

2081 2503 2379 2573 προφῆται,
2404 2504 2451 2554 οἱ
2495 2501 2582 2555 διὰ
2618 2501 2680 2555 τὸ
2709 2502 2878 2573 ὄνομα
2914 2510 3015 2572 μου
3051 2499 3464 2570 ἐκδιωχθέντες.
3501 2499 3658 2552 Δεῦτε

2076 2591 2126 2644 οἱ
2161 2593 2511 2663 πατριάρχαι,
2542 2593 2592 2646 οἱ
2626 2593 2730 2663 πρὸ
2766 2593 2862 2664 τῆς
2909 2593 3048 2664 ἐμῆς
3094 2591 3398 2662 παρουσίας
3438 2591 3659 2662 πειθαρ-

2081 2685 2147 2753 χή
2157 2682 2346 2746 σαντές
2381 2701 2468 2754 μοι
2487 2684 2580 2737 καὶ
2597 2684 2929 2755 ποθήσαντες
2961 2683 3059 2755 τὴν
3075 2685 3210 2756 ἐμὴν
3231 2683 3512 2754 βασιλείαν
3530 2684 3651 2754 (93).

2083 2773 2248 2827 Δεῦτε
2281 2776 2330 2827 οἱ
2361 2776 2667 2840 ἀπόστολοι,
2695 2777 2745 2830 οἱ
2779 2777 3365 2849 συγκακοπαθήσαντές
3403 2793 3493 2846 μοι
3521 2778 3579 2828 ὲν
3599 2781 3657 2847 τῇ

2085 2869 2516 2941 ὲνανθρωπήσει,
2542 2872 2599 2924 ὲν
2627 2871 2704 2943 τῷ
2737 2871 3069 2942 Εὑαγγελίῳ.
3087 2871 3251 2925 Δεῦτε
3290 2873 3587 2950 μὰρωρες,
3614 2875 3657 2925 οξ

2088 2961 2516 3032 ὁμολογήσαντές
2541 2981 2632 3034 μοι
2662 2963 2890 3018 ἐνώπιον
2916 2965 3191 3036 τυράννων
3219 2965 3353 3037 (9-ί),
3379 2969 3473 3021 καὶ
3505 2969 3660 3039 βασά-

2093 3069 2218 3116 νους
2248 3053 2446 3118 πολλὰς
2474 3055 2566 3108 καὶ
2611 3055 2879 3126 τιμωρίας
2913 3056 3302 3126 ὑπομείναντες
3341 3058 3475 3132 (95).
3504 3061 3656 3113 Δεῦτε

401 3148 451 3201 οἱ
482 3144 752 3218 ἱεράρχαι,
785 3142 834 3194 οἱ
859 3137 1337 3211 λειτουργήσαντές
1367 3154 1457 3209 μοι
1489 3135 1735 3208 ἀμώμως
1760 3136 1870 3209 (96)
1903 3141 2117 3214 ἡμέρας
2149 3149 2241 3202 καὶ
2271 3149 2481 3214 νυκτὸς,
2523 3149 2582 3202 τὸ
2614 3150 2706 3204 καὶ
2737 3151 2915 3222 τίμιον
2948 3150 3106 3222 σῶμα
3128 3153 3220 3206 καὶ
3245 3149 3388 3224 αἷμά
3412 3171 3514 3225 μου
3548 3150 3666 3206 καθ’

398 3240 635 3312 ἑκάστην
669 3237 886 3300 θύοντες
921 3233 1046 3307 (97).

468 3333 608 3390 XLI.
650 3333 858 3398 Venite,
900 3331 1096 3397 sancti,
1128 3330 1222 3400 qui
1261 3329 1315 3383 in
1341 3329 1640 3393 montibus,
1675 3330 1728 3384 in
1759 3331 1975 3402 spelun-

2151 3332 2312 3390 XLll.
2352 3330 2515 3384 Δεῦτε
2549 3336 2600 3387 οἱ
2640 3335 2796 3396 ὅσιοι,
2843 3334 2892 3386 οἱ
2940 3335 2995 3386 ἐν
3023 3334 3192 3406 ὄρεσι,
3224 3333 3318 3387 καὶ
3363 3333 3659 3403 σπηλαίοις,

401 3430 481 3484 cis
507 3436 562 3483 et
582 3425 831 3482 cavernis
866 3435 1024 3480 terra:
1056 3421 1380 3477 exercuistis
1420 3437 1539 3486 vos,
1577 3422 1668 3492 qui
1708 3437 1806 3492 per
1842 3439 1977 3479 con-

405 3519 712 3585 tinentiam,
749 3530 939 3588 preces
988 3523 1044 3570 et
1080 3513 1446 3583 virginitatem
1495 3511 1742 3566 servistis
1766 3513 1976 3569 nomini

405 3626 549 3667 meo.
593 3609 806 3671 Venite,
831 3604 1267 3666 adolescentulis,
1303 3618 1424 3672 qum
1459 3602 1757 3658 thalamum
1792 3619 1972 3660 meum

403 3702 724 3774 exoptastis,
749 3715 848 3756 nec
869 3707 1062 3769 prmter
1090 3713 1174 3750 me
1202 3712 1464 3766 sponsum
1493 3695 1658 3750 alium
1687 3697 1973 3762 dilexistis,

405 3813 526 3869 quae
553 3811 645 3865 per
672 3791 991 3864 martyrium
1036 3798 1091 3844 et
1117 3788 1333 3859 pietatis
1365 3789 1807 3844 exercitationem
1842 3793 1974 3846 mihi

406 3887 701 3944 immortali
749 3900 816 3939 ac
852 3881 1252 3952 incorruptibili
1291 3897 1494 3952 sponso
1531 3883 1797 3953 copulata:
1821 3887 1972 3942 estis.

407 3977 622 4046 Venite,
669 3979 760 4050 qui
805 3973 1070 4031 dilexistis
1100 3988 1367 4044 pauperes
1401 3988 1466 4028 ac
1509 3977 1842 4047 peregrinos.
1873 3977 1977 4033 Ve-

407 4075 539 4137 nite,
585 4071 677 4142 qui
725 4071 1049 4126 charitatem
1100 4083 1275 4122 meam
1323 4069 1603 4135 servastis,
1654 4071 1812 4126 sicuti
1853 4088 1976 4128 sum

407 4183 506 4236 ego
531 4165 790 4220 charitas.
826 4161 1036 4227 Venite,
1082 4161 1214 4216 socii
1272 4161 1456 4231 pacis;
1513 4176 1614 4232 ego
1657 4162 1801 4218 enim
1853 4179 1976 4219 sum

408 4259 525 4327 ipsa
563 4271 688 4326 pax.
724 4253 936 4321 Venite,
990 4252 1258 4308 benedicti
1311 4251 1490 4307 Patris
1542 4255 1668 4321 mei,
1707 4256 1978 4326 possidete

410 4355 658 4420 paratum
690 4346 845 4400 vobis
881 4360 1141 4416 regnum;
1183 4345 1275 4416 qui
1319 4345 1469 4400 nihili
1504 4345 1708 4402 fecistis
1737 4347 1976 4416 divitias,

409 4440 504 4512 qui
530 4439 783 4510 pauperis
809 4437 944 4492 esus
974 4436 1205 4501 miserti,
1235 4435 1328 4505 qui
1367 4436 1568 4492 tulistis
1607 4452 1760 4507 Opem
1802 4441 1978 4510 pupil-

408 4531 499 4597 lis,
534 4531 628 4600 qui
653 4530 834 4585 viduis
855 4530 989 4584 estis
1027 4527 1296 4590 auxiliati,
1331 4527 1422 4597 qui
1454 4527 1764 4586 sitientibus
1789 4541 1976 4602 potum

410 4622 656 4688 dedistis,
683 4620 776 4692 qui
805 4619 1030 4690 pavistis
1071 4619 1394 4684 esurientes,
1437 4619 1530 4688 qui
1563 4621 1849 4691 excepistis
1885 4639 1978 4692 pe-

2083 3429 2176 3480 καὶ
2217 3431 2335 3492 ταῖς
2385 3431 2546 3491 ὀπαῖς
2591 3427 2690 3496 τῆς
2729 3425 2835 3496 γῆς
2870 3427 3232 3496 ἀσκήσαντες,
3274 3426 3324 3478 οἱ
3359 3425 3429 3477 δι’
3464 3426 3660 3494 ἐγκρα-

2081 3520 2228 3583 τείας
2262 3519 2392 3590 (98),
2425 3520 2518 3574 καὶ
2551 3519 2735 3589 εὐχῆς,
2768 3519 2861 3571 καὶ
2903 3515 3196 3588 παρθενίας
3229 3515 3661 3586 θεραπεύσαντες

2085 3629 2184 3683 μου
2210 3612 2270 3666 τὸ
2308 3611 2498 3682 ὄνομα.
2529 3609 2693 3663 Δεῦτε
2719 3609 2973 3672 νεάνιδες,
3017 3608 3076 3661 αἱ
3123 3607 3212 3661 τὸν
3252 3608 3527 3678 νυμφῶνά
3567 3625 3661 3677 μου

2082 3705 2403 3776 ποθήσασαι,
2456 3704 2548 3757 καὶ
2604 3701 2740 3774 πλὴν
2784 3701 2918 3772 ἐμοῦ
2957 3701 3050 3754 τοῦ
3097 3701 3353 3772 νυμφίου,
3391 3701 3550 3755 ἄλλον
3596 3701 3666 3772 μὴ

2083 3798 2459 3866 ἀγαπήσασαι·
2509 3796 2564 3848 αἱ
2615 3795 2704 3848 διὰ
2753 3793 3050 3866 μαρτυρίου
3097 3794 3204 3863 (99)
3247 3795 3341 3846 καὶ
3383 3796 3663 3866 ἀσκήσεως

2083 3889 2205 3960 ἐμοὶ
2237 3887 2589 3957 συναφθεῖσαι
2608 3885 2687 3957 τῷ
2715 3885 2968 3956 ἀθανάτῳ
3001 3885 3094 3938 καὶ
3132 3883 3400 3958 ἀφθάρτῳ
3431 3886 3663 3956 νυμφίῳ.

2081 3979 2246 4034 Δεῦτε
2298 3980 2646 4050 φιλόπτωχοι,
2685 3977 2968 4046 ςιλόξενοι.
3017 3975 3181 4029 Δεῦτε
3221 3978 3272 4029 οἱ
3305 3977 3406 4047 τὴν
3453 3978 3664 4046 ἀγάπην

2087 4089 2187 4143 μου
2227 4071 2580 4140 φυλάξαντες,
2622 4069 2804 4132 καθὼς
2849 4069 2960 4137 ἐγὼ
2997 4069 3184 4140 ἀγάπη
3228 4069 3366 4138 εἰμί.
3405 4071 3570 4123 Δεῦτε
3620 4067 3666 4120 οξ

2081 4162 2181 4233 τῆς
2215 4162 2435 4232 εἰρήνης
2462 4160 2537 4231 (1)
2579 4159 2913 4230 μετέχοντες·
2945 4156 3054 4225 ἐγὼ
3086 4158 3194 4228 γάρ
3237 4160 3353 4228 εἰμι
3385 4161 3419 4229 ἡ
3460 4160 3667 4230 εἰρήνη.

2083 4253 2249 4306 Δεῦτε
2275 4254 2323 4305 οἱ
2346 4250 2695 4323 εὐλογημένοι
2720 4250 2811 4304 τοῦ
2834 4249 3045 4322 Πατρός
3077 4266 3199 4320 μουο
3221 4249 3668 4322 κληρονομήσατε

2081 4345 2179 4416 τὴν
2205 4343 2608 4415 ἡτοιμασμένην
2638 4343 2766 4414 ὑμῖν
2800 4341 3096 4412 βασιλείαν,
3126 4343 3176 4394 οἰ
3214 4340 3305 4394 τὸν
3333 4343 3570 4397 πλοῦτον
3601 4344 3673 4414 μὴ

2082 4439 2409 4508 τιμήσαντες
2445 4436 2538 4506 (‘2).
2576 4435 2640 4487 Οἳ
2669 4434 2924 4505 ἐλεήσατε
2959 4434 3048 4486 τὸν
3085 4433 3315 4504 πένητα,
3349 4437 3401 4487 οἱ
3439 4438 3550 4498 τοῖς
3584 4439 3672 4506 ὀρ»

2086 4531 2272 4597 φανοῖς
2309 4526 2692 4599 βοηθήσαντες,
2724 4528 2772 4579 οί
2811 4528 2928 4588 ταῖς
2961 4527 3156 4596 χήραις
3179 4527 3673 4599 ὲπικουρήσαντες,

2083 4621 2132 4672 οἱ
2161 4619 2286 4682 τοὺς
2327 4617 2594 4688 διψῶντας
2626 4616 2962 4679 ποτίσαντες,
2995 4617 3043 4668 οἱ
3067 4617 3193 4679 τοὺς
3227 4617 3533 4681 πεινῶντας
3559 4619 3672 4669 δια-

410 4713 676 4783 t'egrinos,
725 4711 819 4781 qui
868 4711 1045 4766 nudos
1086 4709 1358 4776 iuduistis,
1397 4709 1490 4779 qui
1536 4711 1797 4768 visitastis
1827 4714 1975 4768 inlir-

2085 4710 2394 4783 θρέψαντες,
2415 4710 2464 4762 οἱ
2484 4710 2609 4772 τοὺς
2627 4708 2808 4775 ξένους
2828 4708 3443 4788 ὲπισυναγαγόντεςβ),
3471 4711 3525 4762 οἱ
3553 4713 3675 4769 τοὺς

409 4818 553 4868 mos,
603 4803 696 4874 qui
731 4804 982 4858 detentus
1023 4801 1079 4856 in
1121 4816 1340 4857 carcere
1387 4802 1650 4860 consolati
1689 4805 1842 4870 estis,
1885 4807 1978 4875 qui

2085 4804 2324 4874 γυμνοὺς
2363 4801 2704 4864 ἐνδύσαντες,
2732 4801 2782 4854 οἱ
2807 4802 2933 4864 τοὺς
2971 4799 3216 4864 ἀσθενεῖς
3251 4801 3674 4870 ἐπισκέᾲαντες,

480 4960 526 4993 ⁸⁷
557 4958 725 5016 Zach.
758 4975 856 5025 xu,
886 4958 987 5026 10;
1013 4956 1170 5014 Joan.
1206 4974 1321 5024 xxx,
1360 4958 1449 5012 57.
1525 4958 1570 4992 ⁵⁸
1601 4957 1789 5014 Matth.
1830 4976 1957 5028 xxv,

2103 4961 2195 5026 52,
2228 4961 2321 5024 55,
2362 4960 2451 5016 54.

483 5079 595 5147 (91)
636 5079 720 5146 8.,
751 5081 850 5150 εἰς
871 5078 1052 5150 κρίσιν
1077 5077 1311 5150 αῖώνιον.

511 5150 602 5219 92)
628 5150 713 5203 Al.
743 5149 864 5219 Pici
889 5148 1081 5212 codex,
1107 5148 1395 5219 διαφοριεῖ.

412 5287 438 5343 )
479 5216 596 5342 {(95)
641 5219 697 5273 ln
736 5218 798 5274 B.
836 5218 1033 5274 desunt
1066 5216 1227 5274 verba
1271 5216 1292 5271 ἐ
1331 5217 1438 5270 Καὶ
1473 5216 1594 5270 ποθ.
1629 5233 1680 5269 τ.
1734 5235 1781 5273 ε,
1830 5217 1984 5288 βασι-

438 5307 472 5343 ε
497 5307 582 5343 αν.

438 5307 582 5344 ειαν.

474 5361 597 5430 ’(94)
635 5360 719 5424 Β..
752 5359 979 5414 ἐνώπιον
1001 5358 1108 5430 τῶν
1127 5359 1446 5430 ἀνθρῴτεων,
1482 5365 1542 5412 ut
1586 5355 1774 5412 Matth.
1806 5373 1861 5424 Χ,
1893 5357 1981 5411 52.

510 5427 601 5501 95)
644 5432 1060 5501 ’Υπομείναντες
1093 5429 1159 5483 δι’
1186 5427 1308 5498 ἐμέ,
1329 5427 1388 5481 Β.

510 5435 580 5485 95
644 5435 1060 5501 Ὑπομεξναντες

628 5501 732 5573 ωσι
766 5501 1090 5573 ἀμέμπτως·

509 5567 600 5641 97)
626 5571 684 5625 In
714 5567 904 5626 eodem
933 5571 1119 5626 codice
1150 5571 1347 5626 desunt
1377 5569 1540 5626 verba
1574 5567 1672 5622 καὶ
1711 5568 1772 5623 τὸ
1806 5568 1985 5640 τίμιον

414 5655 590 5708 usque
627 5641 694 5694 ad
727 5641 959 5704 θύοντες.

489 5707 600 5781 (98)
639 5710 774 5768 lbid.
807 5713 1005 5769 desunt
1043 5711 1206 5768 verba
1247 5711 1297 5765 οἱ
1325 5709 1393 5764 δι’
1425 5711 1582 5793 ἐγκρ.
1621 5723 1793 5780 usque
1822 5708 1890 5765 ad
1923 5707 1985 5761 τὸ

415 5781 601 5851 ὄνομα.

2158 5077 2515 5198 (33).)ῡθευηι
2545 5079 2597 5132 in
2635 5076 2677 5129 Β
2734 5075 2893 5132 verba
2927 5074 3018 5128 διὰ
3060 5077 3365 5147 μαρτυρίου
3395 5093 3576 5148 usque
3609 5079 3674 5135 ad

2201 5167 2323 5201 (βαι).

2092 5167 2149 5204 νυ
2175 5167 2323 5201 ιννιω.

2273 5203 2476 5342 ξηειιηι
2523 5219 2574 5272 in
2621 5219 2811 5273 eodem
2854 5221 3057 5283 codice,
3091 5215 3241 5270 δεῦτε
3284 5219 3335 5271 οἱ
3372 5219 3469 5290 τῆς
3505 5235 3678 5291 usque

2092 5305 2120 5342 a
2244 5307 2268 5342 ε
2299 5307 2451 5342 omn.

2090 5291 2155 5343 ad
2244 5291 2451 5376 εἰρήνη.
3210 5359 3220 5368 .

2157 5360 2238 5432 Δ(2)
2291 5361 2672 5432 Μισησαντεςη
2699 5358 3270 5432 οξλὲλεήσαντες-τους
3303 5357 3578 5432 πένητας,
3632 5362 3680 5414 οξ

2090 5428 2216 5510 τοῦς
2248 5428 2544 5510 πεινῶντας
2562 5428 2966 5509 διαθρέψαντες.
2994 5429 3071 5484 lla
3105 5428 3171 5491 Β,
3200 5431 3400 5492 verbis,
3426 5445 3562 5498 quae
3597 5433 3681 5484 in-

2095 5509 2378 5567 terjaccnl,
2413 5515 2651 5553 ﬂlllISSlS.

2159 5570 2235 5639 (5)
2265 5568 2350 5630 Β..
2397 5569 2830 5639 Ὑποδεχόμενοι,
2871 5571 3065 5625 deinde
3107 5569 3298 5639 statim
3341 5570 3600 5636 sequitur
3635 5574 3682 5622 οἱ

2090 5638 2223 5712 τοὺς
2252 5639 2495 5702 ἀσθενεῖς
2525 5638 3020 5712 ίὲπισκεπτόμενοι,
3067 5638 3145 5712 οἱ.
3168 5641 3295 5702 τοὺς
3331 5639 3530 5712 λόχους
3582 5659 3682 5712 μω

2093 5711 2438 5789 ποιήσαντες,
2471 5711 2554 5789 _ot~
2590 5706 3179 5784 συγκακοπαθήσαντές
3234 5727 3323 5780 μοι
3369 5708 3446 5773 ὡς
3525 5706 3684 5766 καλοὶ

2095 5779 2443 5852 στρατιῶται,
2466 5779 2640 5834 δεῦτε.
