3862 6532
251 354 355 409 945
1181 352 1454 410 SPURlA.
1496 385 1565 394 ——
1600 351 1688 407 DE
1725 351 2316 410 CONSUMMATIONE
2355 349 2588 408 MUNDI.
3409 346 3512 400 946

253 477 297 527 οἱ
330 475 456 537 τοὺς
491 475 546 527 ἐν
573 472 834 542 φυλακαῖς
864 474 1375 548 παραμυθήσαντες,
1410 476 1459 528 οἱ
1489 477 1598 539 τοῖς
1622 475 1778 546 τυφλε

1989 477 2105 534 eois
2142 479 2347 533 auxilio
2377 475 2576 542 fuistis,
2606 473 2700 546 qui
2733 473 2968 546 sigillum
3005 471 3125 528 [idei
3152 471 3514 527 conservastis

253 568 736 638 ὲπικουρήσαντες,
758 569 807 620 οἱ
834 568 931 640 τὴν
955 568 1223 641 σφραγῖδα
1247 569 1344 639 τῆς
1380 569 1612 632 πίστεως
1640 568 1778 641 ἆθρα

1983 572 2193 638 laesum,
2219 571 2314 642 qui
2345 568 2703 626 concurristis
2732 566 2799 622 ad
2830 565 3128 633 ecclesias,
3142 565 3235 637 qui
3259 562 3508 634 Scriptu-

255 676 375 711 στον
419 657 866 728 διαφυλάξαντες,
912 662 962 714 οἱ
1000 665 1119 724 ταῖς
1161 660 1477 730 ἐκκλησίαις
1524 662 1780 732 ἐπισυντρ

1987 680 2031 720 IS
2074 679 2223 718 meas
2270 663 2523 728 audistis,
2570 661 2665 732 qui
2706 675 2990 716 sermones
3023 673 3176 714 meos
3212 656 3512 727 expetistis,

251 769 458 822 χοντες,
491 753 539 804 οἱ
573 752 678 805 τῶν
713 752 944 824 Γραφῶν
974 770 1074 823 μου
1110 751 1420 817 ἀκούοντες,
1444 754 1492 806 οἱ
1523 757 1635 817 τοῖς
1663 753 1776 822 λόγι

1985 756 2033 810 ui
2063 755 2233 826 legem
2273 771 2448 810 meam
2482 763 2649 809 noctu
2671 752 2888 822 .diuque
2938 749 3217 816 servastis,
3261 747 3353 820 qui
3395 759 3510 803 tan-

251 862 352 915 μου
387 842 722 915 ποθήσαντες
765 845 861 916 (4),
897 845 945 898 οἱ
989 844 1080 897 τὸν
1131 843 1294 915 νόμον
1347 861 1448 914 μου
1504 846 1776 916 τηρήσαντ

1985 864 2105 902 nam
2135 848 2342 903 strenui
2387 847 2592 902 milites
2625 845 2760 901 dura
2795 859 3007 899 mecum
3041 841 3332 907 tolerastis,
3377 841 3510 895 mihi

248 935 460 1006 ἡμέρας
493 935 586 988 καὶ
634 936 849 1001 νυκτὸς,
889 937 938 989 οἱ
980 934 1566 1006 συγκακοπαθήσαντές
1617 953 1706 1006 μοι
1741 954 1773 990 κ

1988 941 2052 1012 rgi
2101 939 2309 995 caelesti
2367 940 2577 1010 placere
2622 938 2923 994 studentes.
2964 933 3172 1001 Venite,
3229 933 3513 988 haeredita-

245 1029 325 1081 λοὶ
345 1029 421 1099 (5)
442 1030 792 1100 στρατιῶται,
811 1031 934 1101 ἐμοὶ
944 1029 1020 1100 τῷ
1035 1030 1270 1101 οὐρανίῳ
1287 1028 1494 1100 βασιλεῖ
1514 1030 1706 1101 ἀρέσαι
1725 1029 1770 1100 βε

1989 1047 2011 1085 s
2032 1031 2156 1100 jure
2185 1031 2456 1101 possidete
2492 1039 2854 1100 praeparatum
2887 1027 3039 1082 vobis
3075 1041 3299 1098 regnum
3330 1042 3360 1080 a
3385 1041 3514 1080 con-

242 1119 677 1190 λόμενοι.Δεῦτε,
705 1121 1153 1192 κληρονομήσατε
1169 1120 1265 1192 τὴν
1284 1121 1694 1192 ἡτοιμασμένην
1710 1121 1738 1172 ὑ
1747 1139 1767 1192 ε.

1984 1121 2220 1175 .itutione
2249 1121 2458 1174 mundi.
2507 1119 2584 1174 En
2631 1135 2855 1190 regnum
2895 1133 3073 1173 meum
3121 1126 3368 1188 paratum
3405 1125 3509 1180 est,

243 1210 528 1283 βασιλείαν
561 1213 672 1266 ἀπὸ
704 1213 1011 1283 καταϐολῆς
1045 1214 1272 1284 κόσμου.
1331 1213 1462 1268 Ἰδοὺ
1508 1215 1540 1285 ή
1597 1213 1768 1284 βασιλε

1984 1232 2007 1268 rt
2033 1223 2178 1282 patet
2208 1213 2516 1284 paradisus,
2559 1229 2625 1268 en
2665 1211 3046 1268 immortalitas
3097 1227 3214 1266 mea
3257 1210 3509 1265 decorata

245 1321 353 1373 μου
395 1304 758 1376 ηὐτρέπισται
804 1306 912 1378 (6),
971 1306 1078 1360 ἰδοὺ
1122 1307 1150 1358 6
1202 1305 1524 1377 παράδεισος
1566 1305 1770 1376 ἠνεῴχθ

1983 1313 2055 1360 5t:
2087 1305 2266 1360 venite
2294 1321 2505 1371 omnes,
2532 1303 2805 1375 possidete
2822 1314 3068 1374 paratum
3103 1303 3257 1360 vobis
3285 1318 3508 1374 regnum

247 1395 358 1449 ἰδοὺ
388 1398 422 1466 ἡ
467 1396 736 1450 ἀθανασία
785 1415 886 1469 μου
926 1396 1387 1452 κεκαλλώπισται.
1413 1397 1578 1450 Δεῦτε
1616 1399 1772 1452 πάντε

1104 1396 1387 1452 λώπισται.
1413 1397 1578 1450 Δεῦτε
1616 1399 1839 1461 πάντες,
1939 1412 1972 1452 a
2007 1397 2394 1452 constitutione
2423 1395 2629 1451 mundi.

243 1485 696 1558 κληρονομήσατε
760 1487 858 1560 τὴν
910 1488 1325 1560 ἡτοιμασμένην
1381 1490 1508 1560 ὑμῖν
1566 1488 1839 1560 βασιλείαν

243 1579 359 1632 ἀπὸ
383 1579 696 1650 καταϐολῆς
727 1580 956 1650 κόσμου.

315 1669 502 1724 XLIII.
552 1672 688 1724 Τότε
726 1670 1237 1740 ἀποκριθήσονται
1275 1676 1328 1727 οἱ
1365 1674 1582 1728 δίκαιοι
1631 1673 1708 1746 (7)
1744 1676 1839 1728 έκ-

2013 1669 2199 1724 XLIII.
2247 1669 2390 1723 Tunc
2422 1669 2800 1739 respondebunt
2824 1670 2981 1738 justi,
3004 1664 3511 1740 attoniti-magnitu-

246 1760 606 1832 πληττόμενοι
663 1760 740 1831 τῷ
783 1761 1006 1833 μεγέθει
1056 1761 1150 1816 τοῦ
1205 1762 1500 1834 θαύματος,
1547 1765 1629 1818 ὃτι
1670 1765 1729 1818 ὃν

1983 1765 2069 1818 ine
2105 1765 2377 1828 miraculi,
2425 1763 2572 1834 quod
2626 1763 2672 1819 is
2725 1779 2886 1834 quem
2941 1765 3160 1819 ordines
3193 1763 3508 1834 angelorum

240 1852 494 1906 δύνανται
533 1853 750 1924 βλέπειν
790 1854 1001 1925 τρανῶς
1046 1855 1294 1923 ἀγγέλων
1331 1855 1395 1909 τὰ
1441 1856 1717 1927 τάγματα,
1757 1877 1765 1908 ι

1985 1857 2135 1911 ιιιιοιὶ
2164 1857 2308 1913 clare
2360 1872 2424 1912 ac
2463 1872 2586 1911 vere
2626 1872 2734 1911 non
2775 1866 3028 1926 possunt,
3069 1856 3386 1911 consolatur
3417 1871 3510 1912 eos

244 1946 432 2014 φίλους
467 1946 664 2008 αὐτοὺς
701 1944 1108 2016 προσκαλεῖται,
1147 1947 1242 1999 καὶ
1274 1946 1526 2019 βοήσουσι
1558 1947 1695 2021 πρὸς
1737 1965 1769 2001 α

1984 1947 2086 2001 :lut
2137 1948 2366 2014 amicos,
2411 1947 2834 2016 clamabuntque
2884 1947 2950 2002 ad
3003 1947 3156 2002 illum
3205 1964 3220 2001 :
3268 1946 3509 2015 Domine,

241 2038 355 2090 τόν·
398 2039 596 2105 Κύριε,
645 2038 790 2090 πότε
829 2051 903 2091 σε
934 2037 1142 2109 ἴδομεν
1168 2038 1485 2103 πεινῶντα,
1526 2040 1624 2093 καὶ
1673 2040 1766 2112 ἐθρ

1985 2040 2146 2094 κατιάο
2183 2050 2232 2094 te
2265 2040 2490 2095 vidimus
2520 2040 2852 2106 esurientem,
2887 2049 2936 2094 et
2966 2040 3241 2108 pavimus?
3270 2039 3510 2105 Domine,

243 2133 480 2198 ψαμεν;
526 2129 796 2195 Δέσποτα,
839 2132 984 2184 πότε
1029 2146 1102 2185 σε
1145 2131 1350 2201 ἵδομεν
1404 2130 1692 2201 διψῶντα,
1732 2150 1766 2185 κ

1987 2131 2146 2185 tando
2179 2141 2226 2186 te
2270 2131 2495 2186 vidimus
2538 2131 2818 2196 sitientem,
2857 2140 2906 2184 et
2942 2129 3259 2199 prwbuimus
3291 2134 3512 2200 potum?

241 2219 638 2288 ἐποτι’σαμεν;
662 2218 882 2289 Φοϐερὲ,
926 2221 1069 2274 πότε
1106 2237 1178 2272 σε
1214 2221 1418 2290 ἴδομεν
1450 2221 1698 2292 γυμνὸν,
1736 2240 1766 2276 κ

1989 2225 2262 2290 remende,
2288 2224 2499 2294 quando
2525 2234 2570 2278 te
2599 2223 2820 2276 vidimus
2851 2223 3071 2290 nudum,
3102 2231 3152 2277 et
3177 2224 3514 2293 aperuimus?

240 2314 671 2383 περιελιὶὸομεν
695 2315 790 2384 (8).
832 2314 1106 2377 Ἀθάνατε,
1135 2315 1278 2368 πότε
1297 2332 1369 2368 σε
1397 2313 1602 2383 ἴδομεν
1632 2313 1765 2378 ξένε

1987 2317 2289 2380 nmortalis,
2316 2319 2524 2388 quando
2542 2328 2588 2371 te
2614 2317 2836 2370 vidimus
2852 2317 3200 2387 peregrinum,
3222 2326 3270 2370 et
3298 2317 3512 2388 collegi-

241 2406 338 2457 καὶ
396 2405 852 2475 συνηγάγομεν;
881 2406 1258 2478 Φιλάνθρωπε,
1321 2408 1464 2460 πότε
1509 2422 1583 2460 σε
1628 2406 1766 2476 ἵδομ

1981 2409 2086 2463 ius?
2108 2407 2329 2464 Amator
2353 2409 2658 2471 hominum,
2675 2408 2886 2479 quando
2906 2417 2952 2460 te
2970 2407 3196 2474 vidimus
3215 2409 3506 2478 infirmum,

239 2499 473 2566 ἀσθενῆ
514 2501 546 2568 ἢ
580 2500 650 2552 ἐν
682 2499 950 2569 φυλακῇ,
1005 2500 1101 2553 καὶ
1145 2499 1408 2569 ἤλθομεν
1435 2499 1585 2567 πρὸς
1617 2497 1724 2562 σέ;
1757 2501 1764 2552 ἶ

1985 2511 2029 2554 ιιι
2060 2502 2112 2554 in
2139 2517 2364 2565 carcere,
2395 2512 2441 2556 et
2465 2502 2694 2555 venimus
2719 2500 2788 2553 ad
2811 2510 2858 2554 te
2881 2501 2924 2532 θ’
2945 2503 2969 2554 ?
2987 2497 3065 2552 'l‘u
3084 2515 3163 2564 es,
3181 2501 3271 2570 qui
3298 2516 3510 2570 semper

241 2588 294 2645 εἴ
310 2594 338 2646 6
374 2593 464 2645 ἀεὶ
497 2591 570 2644 ὧν
601 2592 692 2662 (9).
716 2594 787 2645 Σὺ
817 2588 866 2645 εἷ
891 2596 918 2646 6
943 2592 1274 2663 συναναρχος
1300 2591 1379 2661 τῷ
1403 2590 1577 2663 Πατρὶ
1600 2590 1690 2644 καὶ
1711 2607 1766 2644 σι

1984 2603 2039 2648 st.
2064 2592 2144 2646 Tu
2173 2609 2281 2647 una
2309 2609 2431 2648 cum
2447 2591 2606 2647 Patre
2631 2608 2785 2648 cares
2815 2591 3104 2662 principio,
3125 2599 3179 2645 et
3206 2597 3509 2645 coaeternus

241 2682 411 2745 αἲδιος
440 2681 516 2752 τῷ
549 2683 844 2753 Πνεῦματι.
891 2685 962 2737 Σὺ
1003 2681 1054 2736 εἶ
1088 2684 1116 2734 6
1158 2686 1220 2736 ὲκ
1252 2684 1326 2755 μὴ
1361 2684 1528 2736 ὄντων
1559 2683 1625 2737 τὰ
1654 2684 1766 2736 πάν

1982 2707 1997 2745 s
2015 2688 2243 2759 Spiritui
2266 2697 2477 2744 sancto.
2504 2687 2584 2742 Tu
2602 2702 2682 2752 es,
2705 2688 2797 2758 qui
2818 2704 2882 2741 ex
2903 2686 3073 2742 nihilo
3089 2685 3273 2740 omnia
3289 2687 3507 2740 creasti.

243 2776 496 2845 ποιήσας.
536 2776 608 2828 Σὺ
647 2770 696 2827 εἴ
735 2777 763 2827 6
804 2775 911 2828 τῶν
941 2775 1187 2843 ἀγγέλων
1220 2775 1329 2845 (10)
1381 2774 1653 2845 βασιλεύς.
1682 2775 1753 2828 Σὺ

1989 2800 2018 2837 ιι
2043 2799 2102 2840 es
2125 2799 2217 2838 rex
2241 2782 2581 2855 angelorum.
2607 2778 2688 2834 Tu
2713 2795 2794 2842 es,
2815 2793 2976 2847 quem
3004 2786 3242 2832 tremunt
3263 2777 3443 2848 abyssi
3469 2777 3507 2832 ¹.

238 2866 298 2917 ὃν
326 2866 616 2936 τρέμουσιν
645 2868 889 2922 ἄϐυσσοι.
923 2869 993 2922 Σὺ
1025 2864 1075 2921 εἷ
1103 2870 1130 2921 6
1164 2866 1592 2938 ἀναϐαλλόμενος
1618 2866 1763 2936 φῶςι

1982 2881 2021 2930 ἰι
2047 2891 2128 2943 es,
2151 2876 2243 2945 qui
2269 2875 2471 2928 lumine
2502 2871 2766 2936 indueris,
2795 2870 2872 2924 uti
2903 2870 3226 2925 vestimento
3253 2870 3296 2924 '.
3325 2868 3402 2922 Tu
3428 2883 3507 2931 es.

241 2963 478 3031 ἱμάτιον.
513 2965 585 3015 Σὺ
613 2959 665 3018 εἴ
688 3002 690 3004 τ
713 2966 740 3018 6
765 2969 994 3036 ποιήσας
1017 2966 1166 3035 ἡμᾶς
1191 2964 1284 3017 καὶ
1316 2963 1526 3026 πλάσας
1552 2962 1660 3016 ἀπὸ
1688 2961 1760 3030 γῆ

1986 2969 2033 3023 ui
2081 2985 2182 3024 nos
2205 2968 2401 3024 creasti
2434 2983 2496 3022 ac
2529 2965 2733 3020 tinxisti
2761 2979 2791 3021 e
2841 2974 3005 3019 terra.
3037 2961 3118 3016 Tu
3147 2978 3227 3029 es,
3253 2963 3344 3032 qui
3371 2962 3511 3016 invi-

239 3057 314 3109 Σὺ
348 3052 402 3108 εἷ
423 3057 452 3108 6
479 3056 546 3110 τὰ
567 3058 773 3129 ἀόρατα
794 3059 1206 3130 δημιουργήσας
1233 3057 1360 3127 (ll).
1398 3056 1497 3109 Σοῦ
1531 3055 1638 3110 ἀπὸ
1658 3074 1762 3128 προ

1989 3063 2114 3117 bilia
2141 3059 2482 3117 condidisti’.
2513 3058 2556 3111 A
2575 3057 2714 3112 facie
2739 3067 2827 3110 tua
2853 3053 2990 3125 fugit
3012 3055 3264 3108 universa
3287 3053 3464 3107 terra“
3493 3071 3505 3108 :

236 3146 395 3200 ώπου
424 3148 614 3218 φεύγει
652 3153 800 3205 πᾶσα
826 3155 858 3221 ἡ
893 3151 962 3222 γῆ
989 3151 1121 3221 (1⁸2),
1147 3151 1240 3203 καὶ
1271 3149 1386 3213 πῶς
1417 3150 1572 3220 ἡμεῖς
1593 3149 1761 3214 ἐξενοὲ

1983 3173 2124 3226 .quo
2158 3164 2315 3224 pacto
2342 3168 2439 3208 nos
2475 3152 2677 3222 regiam
2714 3159 2860 3204 tuam
2893 3148 3208 3217 dignitatem
3239 3162 3303 3202 ac
3335 3146 3508 3200 domi-

237 3240 490 3310 χήσαμεν
519 3243 615 3310 τὴν
641 3243 737 3314 σὴν
765 3243 1040 3312 βασιλείαν
1064 3243 1156 3297 καὶ
1185 3241 1518 3314 κυριότητα;

1338 3241 1518 3312 item;
1858 3210 1898 3265 ϐ
1934 3244 2210 3299 nationem
2246 3241 2560 3312 excepimus
2587 3239 2863 3309 hospitio?

311 3325 505 3383 XLIV.
538 3330 670 3383 Τότε
697 3333 1129 3404 ἀποκριθήσεται
1161 3333 1322 3386 πάλιν
1352 3335 1379 3386 6
1421 3333 1684 3396 Βασιλεὺς
1722 3332 1830 3386 τῶν

2004 3335 2190 3388 XLIV.
2251 3333 2403 3388 Tunc
2428 3330 2777 3402 respondebit
2817 3330 3012 3386 iterum
3053 3328 3166 3383 Rex
3193 3343 3403 3400 regum,
3426 3328 3507 3382 di-

237 3421 657 3492 βασιλευόντων,
686 3423 864 3492 λέγων
893 3426 1028 3496 πρὸς
1051 3425 1268 3490 αὐτούς’
1311 3427 1428 3494 Ἐφ’
1455 3424 1606 3480 ὅσον
1630 3427 1760 3480 ἐποι

1980 3445 2066 3484 :ns
2096 3428 2176 3482 eis
2215 3445 2228 3480 :
2265 3427 2532 3492 Quatenus
2584 3423 2779 3492 fecistis
2839 3423 2930 3475 uni
2974 3436 3037 3476 ex
3081 3419 3335 3490 fratribus
3381 3421 3505 3472 meis

234 3531 384 3569 σατε
406 3515 495 3567 ἐνὶ
515 3517 740 3569 τούτων
764 3516 880 3570 τῶν
899 3518 1043 3572 ἀδελ
1049 3517 1177 3587 φῶν
1190 3536 1310 3587 μου
1335 3516 1450 3570 τῶν
1471 3519 1759 3588 ἐλαχίστιι

1981 3521 2193 3582 εἱιιὶηιίδ,
2237 3519 2365 3571 mihi
2404 3518 2602 3586 fecistis
2634 3517 2691 3580 5;
2727 3523 2997 3583 quatenus
3035 3515 3154 3578 hos,
3198 3527 3337 3583 quos
3383 3521 3506 3566 ante

232 3607 362 3674 ἐμοὶ
382 3606 724 3673 ἐποιήσατε·
747 3611 830 3678 ἐφ’
848 3611 970 3662 ὅσον
983 3609 1074 3673 οὓς
1093 3613 1353 3682 προεῖπον
1368 3611 1494 3681 ὑμῖν
1510 3610 1641 3681 (15),
1660 3609 1757 3674 ἐξεε

1982 3611 2048 3664 ixi
2078 3610 2252 3674 vobis,
2293 3607 2603 3677 excepistis,
2658 3605 2935 3670 induistis,
2977 3605 3212 3670 aluistis,
3254 3611 3382 3672 potu
3423 3618 3507 3656 re-

232 3701 522 3773 δοχήσατε,
554 3700 832 3767 ἐνδύσατε,
866 3703 958 3755 καὶ
999 3702 1283 3774 ἐθρέψατε,
1317 3703 1410 3757 καὶ
1439 3703 1722 3755 ἐποτίσατέ
1753 3723 1757 3732 λ

1978 3697 2154 3754 'eastis
2188 3695 2432 3753 membra
2461 3711 2601 3759 mea,
2628 3709 2895 3764 pauperes
2937 3694 3080 3756 dico,
3112 3693 3245 3747 mibi
3280 3693 3503 3748 fecistis.

238 3792 374 3864 μέλη
401 3809 503 3862 μου
519 3793 646 3854 τοὺς
665 3795 931 3864 πτωχοὺς,
963 3796 1086 3865 ἐμοὶ
1116 3796 1426 3866 ἐποιήσατε.
1471 3793 1630 3848 Ἀλλὰ
1652 3793 1763 3847 δεῦ

1979 3805 2130 3845 erum
2159 3787 2389 3842 accedite
2422 3787 2489 3841 ad
2521 3803 2731 3856 regnum
2775 3786 2915 3840 vobis
2943 3796 3190 3855 paratum
3231 3802 3263 3838 a
3307 3786 3504 3840 consti—

233 3886 322 3950 εἰς
347 3882 466 3951 τὴν
498 3884 949 3954 ἡτοιμασμένην
977 3885 1116 3956 ὑμῖν
1146 3887 1474 3951 ,ϐασιλείαν
1497 3885 1616 3939 ἀπὸ
1649 3901 1758 3938 κατ

1981 3881 2130 3933 :tione
2161 3878 2368 3945 mundi,
2403 3876 2664 3932 fruatninl
2698 3876 2752 3930 iu
2789 3877 3049 3932 saeculum
3082 3875 3286 3940 saeculi,
3330 3890 3360 3928 a
3399 3873 3506 3930 Deo

234 3975 425 4042 ϐολῆς
450 3977 707 4046 κόσμου,
741 3977 1084 4032 ἀπολαῦσατε
1118 3979 1197 4043 εἰς
1229 3980 1398 4033 αἰῶνα
1441 3979 1631 4042 αἰῶνος
1674 3997 1759 4049 παι

1978 3983 2089 4027 atre
2121 3987 2242 4026 meo
2274 3969 2502 4035 cmlesti,
2533 3986 2596 4024 ac
2628 3979 2919 4040 persancte
2947 3979 3000 4024 et
3036 3969 3251 4024 vivilico
3279 3968 3503 4039 Spiritu.

232 4068 326 4121 τοῦ
371 4069 586 4141 Πατρός
623 4088 722 4141 μου
755 4070 849 4124 τοῦ
893 4073 949 4124 έν
987 4071 1256 4142 οὐρανοῖς,
1305 4073 1398 4125 καὶ
1431 4071 1522 4124 τοῦ
1559 4070 1757 4138 παναγί

1981 4065 2158 4141 equod
2184 4081 2245 4119 os
2269 4063 2546 4118 enarrabit
2568 4063 2707 4115 bona
2737 4062 2846 4123 illa,
2875 4078 2992 4133 qua:
3020 4061 3203 4114 oculus
3232 4077 3332 4113 non
3357 4060 3504 4123 vidit.

234 4163 329 4215 καὶ
357 4161 621 4226 ζωοποιοῦ
665 4163 996 4235 Πνεῦματος.
1036 4168 1192 4219 Ποῖον
1225 4163 1334 4235 ἆρα
1367 4165 1478 4234 (14)
1520 4164 1692 4235 στόμα
1732 4164 1757 4215 ἐ

1977 4175 2025 4212 ec
2054 4158 2198 4210 auris
2225 4155 2449 4218 audivit,
2497 4171 2588 4207 nec
2629 4156 2685 4206 in
2740 4172 2828 4208 cor
2871 4153 3092 4207 hominis
3140 4151 3502 4216 ascenderunt,

229 4252 557 4325 διηγήσεται
583 4255 649 4308 τὰ
684 4255 862 4324 ἀγαθὰ
887 4259 1068 4310 ἐκεῖνα
1102 4256 1138 4311 ἃ
1166 4257 1473 4326 ὀφθαλμὸς
1495 4257 1605 4310 οὐκ
1641 4252 1754 4309 οἵδε

1651 4252 1822 4318 οἶδεν,
1932 4266 2048 4320 qua:
2088 4248 2404 4317 prwparavit
2440 4245 2576 4301 Deus
2608 4247 2947 4316 diligentibus
2974 4262 3092 4299 eum
3118 4246 3176 4299 5?

230 4349 373 4402 οὔτε
410 4345 520 4416 οὖς
549 4353 661 4404 οὐκ
700 4349 991 4420 ἤκουσεν,
1031 4353 1170 4407 οὔτε
1199 4353 1294 4405 ἐπὶ
1342 4351 1593 4421 καρδίαν
1625 4349 1938 4419 ἀνθρώπου
1965 4346 2074 4399 οὐκ
2117 4341 2318 4411 ἀνέϐη,
2356 4341 2393 4397 ἂ
2428 4343 2756 4412 ἡτοίμασεν
2794 4344 2832 4396 ὁ
2870 4341 3011 4408 Θεὸς
3044 4341 3168 4408 τοῖς
3193 4340 3506 4412 ἀγαπῶσιν

229 4447 449 4504 αὐτόν.

306 4534 468 4589 XLV.
500 4537 739 4605 Ἔγνωτε
776 4538 950 4610 χαρὰν
973 4537 1252 4608 ἀδιάδοχον
1271 4580 1286 4604 ,
1316 4537 1515 4607 ἔγνωτε
1551 4536 1824 4606 βασιλείαν

2003 4529 2163 4585 XLV.
2208 4528 2388 4585 Nostis
2425 4529 2682 4600 gaudium
2712 4538 3053 4599 perpetuum,
3081 4529 3253 4584 nostis
3277 4544 3501 4600 regnum

233 4628 542 4683 ἀσάλευτον
585 4628 730 4700 (15),
791 4629 993 4698 ἔγνωτε
1046 4629 1256 4701 τρυφὴν
1299 4628 1518 4699 ἀγαθῶν
1558 4628 1710 4692 τέλος
1749 4646 1758 4699 ι

1978 4640 2342 4690 iconcussum,
2395 4622 2568 4677 nostis
2609 4622 2830 4678 delicias
2881 4621 3087 4676 nullum
3139 4621 3300 4676 linem
3335 4621 3503 4675 bono-

231 4722 488 4794 ἔχουσαν.
521 4719 733 4775 Μὰθετε
766 4723 860 4775 καὶ
887 4721 983 4793 τὴν
1004 4721 1112 4775 τῶν
1142 4722 1201 4786 ἐξ
1229 4722 1522 4793 εὐωνύμων
1560 4721 1755 4790 ὀὸυνηρ

1976 4737 2053 4774 im
2111 4718 2393 4774 habentes.
2453 4715 2656 4771 Discite
2711 4730 2928 4785 quoque
2987 4712 3236 4767 acerbam
3291 4726 3501 4777 vocem,

228 4812 439 4884 φωνὴν,
472 4815 539 4885 ἢν
569 4813 705 4885 πρὸς
731 4815 929 4877 αὐτοὺς
964 4813 1361 4883 ἀποφθέγξεται
1399 4816 1427 4867 6
1466 4815 1671 4878 δίκαιος
1700 4832 1753 4885 κε

1971 4829 2092 4867 uam
2139 4812 2192 4866 in
2238 4826 2334 4865 eos
2383 4810 2477 4881 qui
2513 4808 2735 4864 stabunt
2766 4822 2795 4860 a
2833 4805 3072 4862 sinistris
3106 4805 3494 4873 eloqueturju-

224 4908 351 4978 τὴς,
383 4907 478 4958 καὶ
498 4905 629 4968 Θεὸς
651 4904 764 4978 (16)
785 4907 813 4958 6
843 4907 1015 4977 πρᾶος
1039 4908 1096 4959 έν
1117 4906 1274 4976 θυμῷ
1294 4906 1518 4978 ἀμέτρῳ
1537 4906 1630 4959 καὶ
1659 4906 1749 4977 ὀργ

1984 4921 2048 4959 us
2068 4905 2231 4973 judex
2265 4913 2319 4957 et
2350 4901 2492 4956 Deus
2517 4901 2755 4956 clemens
2783 4914 2907 4952 eum
2933 4898 3010 4951 ira
3036 4905 3090 4951 et
3135 4895 3503 4967 indignatione

301 5025 346 5057 θ’
397 5023 586 5078 Matth.
636 5041 761 5084 xxv,
803 5025 891 5085 57,
925 5026 1128 5085 58,59.
1207 5027 1221 5056 ¹
1260 5025 1325 5078 IV
1395 5025 1550 5080 Esdr.
1601 5043 1682 5092 ιιι,
1723 5026 1775 5081 8.

1973 5025 2107 5082 Psal.
2150 5041 2256 5093 etv,
2287 5024 2344 5078 2.
2451 5023 2472 5056 ³
2497 5023 2709 5077 (ἶοιοεε.
2743 5035 2780 5088 ι,
2818 5018 2908 5074 16.
3012 5018 3033 5049 ⁸
3071 5018 3241 5088 Apoc.
3277 5036 3366 5086 xx,
3417 5019 3498 5074 11.

224 5098 245 5126 ⁸
291 5094 484 5150 Matth.
535 5111 661 5159 xxv,
702 5096 791 5149 40.
868 5096 888 5126 ⁸
938 5099 1038 5151 lsa.
1090 5113 1236 5160 thv,
1272 5097 1338 5162 ις
1385 5095 1555 5152 lCor.
1594 5114 1652 5164 ιι,
1687 5097 1740 5152 9.

298 5218 376 5288 (4)
417 5219 524 5275 AL.
545 5216 920 5288 πειθήσαντες.
943 5219 1026 5287 B.,
1050 5221 1174 5282 τοὺς
1200 5218 1390 5288 λόγους
1419 5238 1520 5292 μου
1552 5222 1813 5293 ποιήσαν-

1993 5221 2102 5290 (II)
2144 5217 2294 5308 lnIB.
2326 5218 2521 5273 desunt
2566 5217 2681 5272 inec
2723 5216 2907 5281 verba,
2942 5213 3005 5268 σὺ
3041 5209 3092 5265 εἴ
3119 5215 3146 5266 6
3186 5211 3252 5266 τὰ
3298 5210 3503 5282 ἀόρατα

231 5306 378 5431 uti?)
420 5356 609 5431 p.,_ti);
632 5358 804 5431 καλοί.

1976 5292 2343 5362 ιμιουργήσας.

1995 5362 2108 5431 (12)
2143 5362 2276 5429 Qua:
2298 5366 2604 5430 sequuntur
2635 5372 2810 5428 usque
2841 5355 2909 5410 ad
2941 5355 3259 5426 κυριότητα,
3305 5353 3501 5407 desunt

297 5429 375 5504 (6)
421 5425 476 5480 ln
514 5427 574 5480 Β.
609 5429 874 5496 sequitur,
914 5433 963 5484 οἱ
1009 5432 1260 5502 στέφανοί
1321 5451 1421 5504 μου
1474 5434 1810 5504 πρόκεινται,

543 5431 574 5480 ι.
609 5429 874 5496 sequitur,
914 5433 963 5484 οἱ
1009 5432 1260 5502 στέφανοί
1321 5451 1421 5504 μου
1474 5434 1810 5504 πρόκεινται,
1922 5433 1976 5487 in
2004 5425 2068 5488 Β.

1797 5493 1808 5501 ’
1993 5502 2105 5576 (l5)
2145 5499 2208 5576 I_n_
2237 5499 2297 5554 Β.
2307 5499 2527 5576 _dest_tnt
2550 5497 2737 5576 verba,
2766 5493 2858 5576 οῦς
2892 5498 3148 5576 προεῖπον
3175 5497 3321 5575 ὑμῖν.

297 5570 377 5641 (7)
421 5569 519 5631 ld.,
549 5569 686 5640 μετὰ
711 5569 879 5639 φόϐου
911 5572 1003 5624 καὶ
1040 5572 1243 5643 τρόμου
1286 5573 1568 5642 λέγοντες’
1612 5574 1804 5646 Κύριε,
1936 5645 1941 5646 ν
1991 5563 2105 5646 (li)
2156 5570 2486 5646 Μη-Παρὰμ
2510 5568 2608 5623 τοῦ
2648 5568 2862 5639 Πατρός
2904 5563 3003 5638 μὸυ
3059 5568 3150 5621 καὶ
3203 5563 3294 5620 ’έοῧ
3345 5563 3499 5634 ἁγίου

415 5648 518 5725 etc.
741 5709 826 5725 Im
929 5679 933 5684 -
1076 5640 1085 5642 ἡ
1144 5640 1176 5724 λ
1360 5640 1366 5642 ⁷
1413 5714 1424 5725 ο
1496 5713 1532 5725 ἡ
1703 5640 1715 5646 ⁷
1916 5640 2584 5725 Πνεῦιματρς.μοζον.ᾰρα.

297 5711 377 5782 (8)
419 5709 548 5782 Leg.
579 5709 993 5782 περιεϐάλομεν,
1025 5721 1082 5766 ιιι
1107 5713 1269 5782 etiam
1305 5721 1387 5767 est
1413 5714 1464 5766 in
1496 5713 1554 5768 Β.

1114 5713 1269 5782 etiam
1305 5714 1464 5767 estin
1496 5713 1554 5768 Β.
1987 5709 2101 5782 (lii)
2145 5713 2230 5776 B.,
2262 5709 2639 5782 ἀτελεύτητον.

305 5726 377 5778 ιδ)
423 5726 548 5832 Leg.
579 5726 993 5780 περιεοαλομεν,
1025 5726 1082 5766 ιιι
1107 5726 1269 5766 etiam
1305 5726 1387 5767 est
1413 5730 1464 5766 in
1496 5726 1554 5768 ﬂ.

527 5780 565 5832 ἲ.
585 5781 1153 5861 _s_t.atim_sequitur.gb
1177 5779 1225 5836 εἷ
1252 5785 1280 5836 6
1305 5787 1368 5838 ὲκ
1401 5785 1474 5857 μὴ
1502 5785 1692 5841 ὄντων.

1987 5726 2101 5782 (to)
2147 5726 2230 5776 ιλ,
2262 5726 2640 5782 ατελευτητον.

1993 5783 2106 5861 (1-6)
2147 5783 2270 5861 Ιι1.,Α
2289 5782 2692 5861 ἀποφθέγξεται
2733 5780 2762 5832 6
2802 5779 3005 5854 Κύριος
3029 5777 3185 5850 ἡμῶν
3221 5780 3248 5831 6
3289 5778 3494 5841 δίκαιος

297 5851 411 5921 (10)
442 5849 502 5906 Β.
532 5851 700 5920 addit,
724 5853 814 5905 καὶ
836 5851 1188 5925 ἀρχαγγέλων
1401 5849 1414 5855 ⁷
1463 5849 1474 5857 ’
1909 5849 2100 5926 κριτὴς
2120 5854 2214 5908 καὶ
2236 5854 2385 5917 Θεὸς.
