3862 6490
366 266 472 344 ⁸ιιιι

1114 267 1401 322 APPEND.
1445 269 1533 322 AD
1571 267 1850 322 PARTEM
1887 268 1928 321 ll
1967 268 2252 327 OPERUM
2290 272 2346 328 S.
2393 272 2776 329 IllPPOLYTl.

3514 262 3547 314 9
3561 261 3618 312 ἐξ(

376 384 711 440 vehementi:
740 384 1000 439 Discedite
1023 403 1054 438 a
1085 404 1183 447 me.
1211 387 1494 452 maledicti,
1526 389 1578 441 in
1611 390 1780 459 ignem
1803 398 1949 443 auer-

2069 389 2367 445 Ἁπέλθετε
2403 391 2502 446 ἀπ’
2529 389 2672 460 ἐμοῦ
2695 391 2748 443 οὶ
2782 383 3170 454 κατηραμένοι
3193 383 3278 447 εις
3299 379 3361 433 τό
3393 378 3513 446 πῦρ
3558 378 3621 429 τὸ

373 492 522 542 num,
576 487 823 546 paratum
861 477 1072 531 diabolo
1111 488 1159 532 et
1191 480 1391 551 angelis
1426 481 1538 549 ejus
1578 482 1619 532 ⁷.
1659 479 1759 547 Ipsi
1799 480 1950 535 vobis

374 567 490 622 haec
521 569 903 638 comparastis,
935 569 1128 624 iisdem
1161 586 1258 623 vos
1302 570 1581 626 fruamini.
1620 570 1886 627 Dis-cedite
1919 585 1948 624 a

376 677 484 727 me,
520 663 820 726 maledicti,
853 664 907 716 in
945 663 1195 718 tenebras
1234 664 1550 731 exteriores,
1586 673 1640 718 et
1679 665 1730 716 in
1772 663 1948 733 ignem

375 755 468 826 qui
510 770 618 810 non
658 753 1046 825 exstinguitur.
1084 743 1332 824 paratum
1375 755 1594 809 diabolo
1645 765 1700 810 et
1746 755 1951 827 angelis

375 848 517 916 ejus.
568 846 681 917 Ego
716 848 968 913 formavi,
1008 856 1061 901 et
1089 847 1399 902 adhaesistis
1441 847 1618 902 alteri.
1663 847 1772 917 Ego
1805 865 1948 911 sum,

375 940 470 1009 qui
496 939 564 992 de
593 939 750 994 vulva
775 938 936 994 eduxi
967 953 1065 993 vos
1095 939 1135 1004 ⁸,
1161 948 1213 993 et
1239 954 1325 993 me
1356 940 1642 1009 rejecistis.
1669 939 1780 1011 Ego
1805 957 1948 1005 sum,

376 1032 472 1100 qui
497 1032 654 1101 jussu
687 1047 809 1085 meo
832 1031 900 1084 de
936 1041 1078 1085 terra
1104 1045 1203 1084 vos
1241 1029 1495 1098 formavi,
1539 1041 1592 1086 et
1617 1031 1706 1086 alii
1738 1047 1832 1086 vos
1855 1031 1952 1086 ad-

372 1123 656 1193 juuxistis.
693 1123 804 1194 Ego
829 1139 974 1189 sum,
1009 1123 1102 1193 qui
1130 1137 1228 1176 vos
1266 1125 1522 1191 enutrivi,
1567 1134 1620 1179 et
1651 1125 1806 1179 alteri
1835 1140 1952 1180 ser-

377 1216 553 1270 vistis.
590 1214 701 1286 Ego
727 1225 924 1270 terram
950 1231 1013 1270 ac
1040 1233 1188 1272 mare
1211 1217 1264 1269 in
1289 1215 1607 1270 alimentum
1629 1226 1867 1272 vestrum
1900 1225 1954 1271 et

377 1307 502 1362 vita:
529 1306 820 1360 terminum
849 1305 1109 1360 constitui
1133 1323 1147 1370 ;
1175 1315 1228 1360 at
1252 1322 1352 1360 vos
1376 1307 1660 1376 prmceptis
1683 1307 1819 1361 meis
1843 1322 1950 1361 nou

379 1397 660 1466 paruistis.
694 1395 806 1466 Ego
852 1395 1027 1451 lucem
1059 1397 1214 1452 vobis
1255 1398 1456 1462 creavi,
1504 1407 1560 1451 ut
1601 1397 1688 1451 die
1740 1397 1951 1452 fruere-

379 1488 546 1554 mini;
574 1487 761 1542 itidem
785 1496 1020 1554 noctem,
1049 1499 1108 1542 ut
1151 1487 1598 1558 requiesceretis;
1637 1499 1692 1544 at
1718 1505 1814 1545 vos
1851 1490 1953 1543 im-

378 1583 569 1653 probis
592 1581 751 1637 factis
777 1597 863 1635 me
909 1581 1164 1636 irritastis
1196 1597 1261 1637 ac
1307 1583 1592 1652 respuistis
1618 1585 1660 1648 ',
1701 1583 1952 1651 foresque

379 1673 754 1730 aﬂectiouibus
810 1673 1123 1741 aperuistis.
1180 1672 1443 1727 Discedite
1495 1691 1527 1726 α
1584 1690 1682 1737 me,
1726 1674 1950 1742 operarii

2049 482 2286 537 αἰώνιον
2307 483 2374 536 τό
2392 481 2832 552 ἡτοιμασμένον
2851 478 2930 544 τῷ
2955 477 3207 541 διαϐόλῳ
3227 472 3323 526 καὶ
3365 470 3490 535 τοῖς
3522 469 3625 537 ἀγ-

2049 575 2245 643 γέλοις
2271 575 2455 630 αὑτοῦ
2490 573 2624 645 (17).
2663 573 2854 642 ’Υμεῖς
2874 570 2928 623 δέ
2963 570 3175 630 ἑαυτοῖς
3200 564 3372 618 ταῦτα
3401 559 3626 633 προεξε-

2050 667 2247 736 νήσατε
2265 684 2276 696 ο
2305 665 2525 730 δέξασθε
2572 666 2782 727 ἑαυτοῖς
2806 663 2898 716 xui
2923 661 3024 733 τὴν
3070 658 3389 712 ἀπόλαυσιν.
3435 650 3628 704 Ἀπέλ-

2052 755 2172 808 θετε
2204 757 2297 809 ἀπ’
2325 756 2456 828 ἐμοῦ
2482 758 2530 809 oi
2561 754 2924 827 κατηραμένοι
2957 753 3034 815 είς
3071 749 3132 802 τὸ
3174 746 3365 808 σκότος
3403 742 3465 796 es
3491 740 3627 806 ἐξώ-

2050 864 2226 919 τερον,
2252 846 2344 900 xui
2381 848 2459 911 εἰς
2486 847 2545 900 τὸ
2583 846 2692 916 πῦρ
2733 845 2792 898 τὸ
2824 843 3082 898 ἄσϐεστον
3113 840 3174 894 τὸ
3223 835 3628 908 ἡτοιμασμένον

2051 937 2127 1007 τῷ
2167 937 2395 1008 διαϐόλῳ
2430 937 2523 990 xui
2556 938 2668 999 τοῖς
2706 934 2955 1004 ἀγγέλοις
2983 928 3168 984 αὑτοῦ.
3217 924 3359 995 Ἐγὼ
3390 923 3624 983 ἒτιλασα,

2053 1010 2144 1082 καὶ
2170 1028 2314 1100 ἄλλῳ
2347 1027 2768 1100 προσηνέχθητε.
2820 1023 3090 1093 Ἑγώείμι
3119 1024 3148 1075 ὁ
3179 1022 3242 1073 ἐκ
3279 1020 3495 1090 μήτρας
3513 1015 3627 1078 ἐξα·

2052 1119 2238 1188 γαγὼν
2264 1121 2426 1190 ὑμᾶς,
2455 1120 2597 1190 κάμὲ
2630 1118 2930 1189 ὴθετήσατε
2961 1115 3092 1187 (18).
3150 1112 3290 1182 Ἐγὼ
3331 1113 3450 1182 είμι
3493 1113 3521 1163 ὁ
3564 1110 3626 1160 ἐκ

2052 1217 2154 1284 γῆς
2184 1213 2484 1275 διαπλάσας
2532 1210 2821 1284 προστάξει
2853 1227 2953 1281 μου
2979 1249 2993 1272 ,
3036 1209 3131 1262 xui
3170 1199 3312 1276 ἄλλῳ
3343 1203 3628 1275 ’προσηνέ-

2053 1303 2237 1374 χθητε.
2291 1303 2430 1372 Ἐγώ
2453 1305 2567 1374 εἰμι
2595 1305 2622 1357 ὁ
2642 1302 2934 1376 διαθρέψας
2971 1302 3116 1372 ὑμᾶς
3135 1340 3150 1364 ,
3181 1299 3275 1353 xui
3305 1297 3451 1367 ἄλλῳ
3481 1297 3633 1348 ἐδουο

2053 1395 2298 1449 λεύσατε.
2343 1394 2482 1463 Ἐγὼ
2506 1396 2604 1466 τὴν
2632 1394 2736 1466 γῆν
2763 1395 2858 1447 xui
2885 1393 2982 1464 τὴν
3027 1391 3299 1446 Θάλασσαν
3334 1390 3475 1461 πρὸς
3518 1387 3635 1440 δια-

2051 1488 2254 1559 τροφὴν
2288 1487 2442 1558 ὑμῶν
2467 1489 2561 1541 xui
2585 1487 2953 1558 συμπέρασμα
2979 1484 3092 1554 βίου
3119 1483 3448 1556 προσέταξα,
3473 1481 3633 1550 ὑμεῖς

2051 1579 2108 1632 δέ
2139 1579 2238 1643 τὰς
2265 1579 2483 1643 ἐντολάς
2516 1596 2615 1650 μου
2647 1578 3053 1650 παρηκούσατε.
3091 1574 3230 1644 Ἐγὼ
3269 1573 3331 1629 τὸ
3356 1573 3473 1642 φῶς
3504 1574 3633 1642 ὑμῖν

2055 1674 2284 1744 ἐποίησα
2321 1673 2432 1744 (19)
2468 1673 2602 1744 πρὸς
2640 1671 2936 1724 ἀπόλαυσιν
2972 1670 3068 1740 τῆς
3103 1668 3349 1739 ἡμέρας,
3400 1665 3496 1718 xui
3535 1663 3632 1734 τὴν

379 1763 694 1834 iniquitatis.
740 1761 932 1816 Nescio
961 1779 1069 1826 vos,
1121 1778 1228 1817 non
1263 1780 1498 1834 agnosco
1539 1781 1668 1830 vos;
1719 1765 1942 1819 alterius

2057 1765 2212 1818 νύκτα
2247 1765 2382 1835 πρὸς
2411 1764 2732 1827 ἀνάπαυσιν,
2748 1764 2904 1833 ὑμεῖς
2928 1761 2982 1814 δέ
2999 1764 3107 1824 τοῖς
3132 1760 3314 1831 ἔργοις
3331 1759 3446 1819 τοῖς
3469 1772 3631 1824 πονη-

379 1857 584 1911 domini
613 1855 847 1926 operarii
887 1855 1013 1910 facti
1053 1857 1208 1918 estis,
1257 1857 1359 1910 hoc
1379 1865 1462 1911 est
1499 1857 1721 1911 diaboli.
1757 1853 1944 1912 Possi-

380 1946 501 2001 dete
531 1961 654 2000 cum
701 1946 817 2016 ipso
869 1947 1133 2009 tenebras,
1170 1957 1331 2017 atque
1373 1948 1548 2017 ignem
1587 1949 1681 2019 qui
1719 1965 1825 2003 non
1852 1964 1941 2003 ex-

380 2037 696 2108 stinguitur,
725 2045 779 2093 et
806 2053 1039 2092 vermem
1059 2037 1149 2107 qui
1190 2053 1296 2092 non
1326 2038 1551 2105 dormit,
1575 2054 1640 2094 ac
1665 2039 1950 2095 stridorem

377 2129 638 2183 dentium.

2053 1860 2164 1928 poi;
2205 1857 2305 1926 ἐμὲ
2335 1855 2774 1927 παρεπικράνατε
2803 1855 2896 1906 xui
2923 1852 3243 1923 ἠθετήσατε,
3272 1850 3368 1904 xui
3391 1850 3507 1910 τοῖς
3529 1845 3632 1898 πά-

2052 1948 2168 2001 θεσι
2195 1946 2364 2019 θύραν
2381 1947 2646 2016 ὴνοίξατε.
2682 1943 3052 2014 Ἀποχωρεὶτε
3074 1944 3174 1997 ἀπ’
3201 1940 3370 2010 ἐμοῦ,
3391 1938 3632 2008 ἐργάται

2050 2039 2160 2108 τῆς
2200 2039 2452 2106 ἀδικίας.
2503 2041 2624 2093 Οὐκ
2654 2037 2786 2092 οῖδα
2815 2036 2996 2106 ὑμᾶς,
3043 2035 3101 2088 οὑ
3159 2033 3410 2103 γνωρίζω
3456 2033 3631 2102 ὑμᾶς’

2051 2131 2210 2186 ἄλλου
2245 2133 2436 2204 κυρίου
2477 2133 2707 2203 ἐργάται
2737 2130 2985 2199 ἐγένεσθε
3014 2129 3162 2198 (20),
3201 2125 3349 2180 τοῦτ’
3385 2125 3504 2179 ἐστι
3539 2123 3632 2176 τοῦ

377 2219 650 2275 διαϐόλου’
681 2223 798 2294 μετ’
831 2223 992 2276 αὑτοῦ
1020 2224 1080 2278 τὸ
1101 2223 1298 2287 σκότος
1329 2223 1790 2295 κληρονομήσατε,
1818 2225 1910 2278 xui
1941 2224 2001 2277 τὸ
2031 2224 2290 2278 ἄσϐεστον
2334 2226 2444 2296 πῦρ
2468 2267 2482 2289 ,
2513 2227 2604 2279 xui
2629 2225 2720 2277 τὸν
2761 2223 3016 2295 σκώληκα
3061 2222 3152 2275 τὸν
3190 2220 3512 2291 ἀκοίμητον,
3545 2212 3633 2271 καὶ

376 2315 466 2368 τὸν
494 2315 733 2388 βρυγμὺν
758 2318 867 2371 τῶν
894 2319 1141 2374 ὀδόντων.

450 2410 632 2466 XLVI.
690 2412 824 2468 Nam
886 2417 1096 2480 esuriri,
1141 2426 1189 2470 et
1239 2433 1340 2469 non
1387 2416 1603 2471 dedistis
1650 2417 1777 2471 mihi
1819 2423 1956 2488 quod

379 2505 771 2558 manducarem.
824 2503 1013 2569 Silivi,
1070 2515 1117 2559 et
1177 2523 1281 2558 non
1321 2507 1539 2560 dedistis
1582 2507 1711 2560 mihi
1750 2517 1952 2576 potum.

383 2594 584 2665 Hospes
613 2598 712 2666 lui,
743 2609 790 2650 et
826 2616 926 2652 non
954 2599 1235 2669 collegistis
1263 2616 1376 2664 me;
1409 2601 1599 2663 nudus,
1633 2609 1682 2654 et
1709 2617 1812 2653 non
1833 2617 1952 2670 ope-

382 2688 562 2740 ruistis
594 2704 690 2741 me.
723 2687 1020 2758 ngrotavi,
1063 2703 1108 2743 et
1148 2707 1252 2744 non
1288 2692 1544 2745 visitastis
1591 2708 1689 2746 me.
1742 2690 1807 2746 In
1844 2709 1959 2745 car-

381 2794 494 2832 cere
522 2779 629 2848 fui,
663 2795 754 2833 nec
780 2782 989 2834 venistis
1020 2783 1089 2835 ad
1121 2799 1218 2836 me.
1255 2785 1430 2838 Aures
1469 2795 1676 2838 vestras
1709 2784 1954 2848 condidi,

382 2879 441 2924 ut
474 2870 736 2926 audiretis
764 2870 1070 2941 Scripturas
1103 2891 1118 2927 :
1153 2881 1208 2928 at
1231 2889 1326 2928 vos
1357 2875 1587 2943 parastis
1611 2890 1704 2930 eas
1729 2875 1795 2930 ad
1813 2891 1944 2930 cau-

381 2962 489 3016 tiea
515 2963 845 3030 daemonum,
879 2965 1114 3020 citharas
1150 2975 1204 3021 et
1234 2966 1482 3022 ridicula.
1506 2967 1706 3024 Oculos
1736 2979 1946 3025 vestros

2129 2414 2311 2470 XLVI.
2357 2414 2674 2469 Ἐπείνασα
2705 2412 2834 2484 γὰρ,
2853 2412 2948 2466 καὶ
2981 2413 3093 2466 οὐκ
3118 2410 3375 2464 ἐόωκατέ
3388 2425 3494 2478 μοι
3528 2422 3635 2475 φα-

2057 2511 2202 2580 γεῖν.
2266 2507 2582 2576 Ἐδίψησα,
2635 2507 2730 2560 καὶ
2777 2508 2889 2560 οὐκ
2939 2502 3254 2558 ἐποτίσατέ
3286 2519 3386 2571 με.
3450 2500 3633 2564 Ξένος

2057 2605 2238 2675 ἢμην,
2285 2603 2382 2657 καὶ
2423 2605 2494 2657 οὐ
2523 2598 2893 2671 συνηγάγετέ
2941 2614 3047 2668 με·
3120 2593 3384 2664 γυμνὸς,
3428 2593 3530 2645 καὶ
3564 2592 3633 2644 οὐ

2056 2695 2430 2766 περιεϐάλετέ
2446 2713 2521 2764 με
2546 2692 2678 2766 (21).
2715 2690 3070 2758 Ἠσθέφ-ησα,
3103 2687 3199 2741 καὶ
3226 2687 3340 2740 οὐκ
3385 2680 3632 2739 ἐπεσκέ-

2055 2787 2254 2858 ψασθέ
2293 2804 2389 2857 με.
2447 2787 2544 2839 Ἐν
2574 2781 2818 2854 φυλακῇ
2879 2781 3079 2851 ἥμην,
3125 2778 3221 2831 καὶ
3265 2778 3378 2831 οὐκ
3419 2775 3632 2843 ἤλθετε

2047 2879 2196 2949 πρὸς
2220 2879 2315 2948 μέ.
2347 2878 2457 2942 Τάς
2496 2877 2664 2940 ἀκοὰς
2711 2875 2865 2946 ὑμῶν
2889 2875 3114 2944 ἐποίησα
3161 2871 3296 2941 πρὸς
3321 2869 3386 2922 τὸ
3415 2867 3633 2921 ἀκούειν

2052 2975 2200 3045 ὑμᾶς
2222 2973 2328 3027 τῶν
2359 2971 2616 3044 Γραιρῶν,
2644 2971 2800 3040 ὑμεῖς
2821 2968 2877 3021 δὲ
2903 2967 3106 3029 ταύτας
3139 2963 3514 3036 ηύτρεπίσατε
3562 2962 3631 3022 εἱς

381 3053 585 3120 creavi,
616 3062 674 3108 ut
723 3055 1100 3124 perspiceretis
1141 3058 1324 3112 lumen
1370 3069 1763 3130 praeceptorum
1799 3077 1947 3116 meo-

2057 3065 2268 3137 ᾅσματα
2286 3062 2574 3135 δαιμονικὰ
2601 3060 2734 3132 (22),
2767 3060 2862 3114 xui
2877 3057 3125 3129 κιθάρας,
3155 3057 3248 3108 xui
3269 3053 3485 3123 γελοῖα.
3501 3053 3630 3114 Τοὺς

381 3161 525 3214 rum,
549 3163 722 3218 eaque
742 3150 1206 3218 exsequeremini;
1229 3162 1283 3206 at
1307 3167 1402 3206 vos
1437 3153 1744 3209 accersistis
1767 3164 1952 3224 stupra

380 3247 434 3295 et
467 3239 856 3310 impudicitias,
887 3249 940 3296 et
971 3242 1037 3296 ad
1065 3242 1328 3312 reliquam
1375 3243 1779 3299 immunditiam
1808 3246 1952 3314 ipsos

381 3331 694 3401 aperuistis.
739 3330 814 3388 Os
845 3341 1082 3388 vestrum
1129 3335 1411 3403 composui
1439 3335 1506 3390 ad
1539 3335 1949 3405 gloriﬁcandum

380 3429 433 3477 et
457 3422 783 3478 laudandum
824 3423 1015 3488 Deum,
1053 3435 1106 3481 et
1135 3427 1375 3495 psalmos
1413 3428 1803 3498 cantiouesque
1836 3429 1952 3497 spi~

381 3515 568 3569 ritales
619 3515 1052 3584 pronuntiandas
1109 3518 1175 3582 ⁸ο,
1231 3517 1590 3588 lectionisque
1635 3519 1950 3574 continuam

381 3606 822 3673 meditationem;
851 3617 908 3661 at
934 3623 1029 3663 vos
1056 3610 1283 3679 aptastis
1313 3610 1444 3665 illud
1471 3609 1537 3664 ad
1567 3611 1828 3676 convitia,
1853 3613 1950 3666 de-

376 3696 675 3766 jerationes
703 3705 758 3750 et
781 3697 1168 3766 blasphemias,
1201 3699 1329 3753 dum
1357 3699 1608 3754 sedentes
1633 3698 1952 3753 obtrectalis

384 3787 647 3856 proximis
676 3788 894 3843 vestris.
927 3787 1120 3844 Manus
1151 3800 1359 3846 vestras
1404 3789 1527 3853 feci,
1568 3798 1627 3843 ut
1667 3788 1734 3842 ad
1765 3804 1951 3857 preces

379 3887 434 3931 et
479 3878 883 3933 obsecrationes
927 3880 1292 3935 extenderetis
1319 3895 1444 3945 cas;
1477 3889 1532 3934 at
1569 3895 1666 3934 vos
1694 3881 1762 3933 ad
1807 3880 1950 3948 rapi-

381 3986 503 4037 nas,
538 3971 710 4027 eaedes
747 3979 800 4026 et
828 3982 1046 4028 mutuas
1070 3972 1374 4028 ooeisioues
1399 3972 1757 4042 expandistis.
1781 3970 1950 4027 Pedes

379 4071 593 4118 vestros
639 4064 884 4119 ordinavi
936 4073 996 4119 ut
1047 4065 1400 4120 ambularetis
1448 4065 1502 4119 in
1556 4065 1951 4135 praeparatione

383 4154 654 4226 Evangelii
682 4155 831 4225 pacis
858 4157 922 4221 ¹¹,
947 4166 1060 4211 tum
1087 4157 1141 4212 in
1177 4157 1443 4221 ecclesiis,
1481 4165 1594 4212 tum
1621 4159 1673 4211 in
1695 4157 1949 4212 domibus

379 4256 693 4303 sanctorum
724 4263 1001 4315 meorum;
1056 4258 1109 4304 at
1161 4266 1257 4305 vos
1309 4250 1574 4306 docuistis
1624 4266 1843 4306 currere
1881 4249 1948 4304 ad

379 4338 663 4404 adulteria,
688 4349 894 4410 stupra,
919 4342 1247 4411 spectacula,
1275 4342 1609 4406 saltationes,
1639 4342 1692 4395 in
1717 4342 1951 4396 sublime

375 4430 729 4501 jactationes.

450 4728 469 4759 ⁷
510 4727 694 4783 Matth.
728 4745 852 4794 xxv,
900 4729 986 4782 Μ.

446 4847 555 4933 (l7)
597 4851 653 4903 in
773 4852 1018 4933 sequitur
1066 4869 1079 4904 :
1244 4852 1370 4933 ¹γάρ
1417 4853 1676 4933 διἠὑμᾶς
1728 4853 1787 4933 το
1837 4853 1945 4933 πύρ

374 4918 645 4993 ⁴ῇτῖοίμιισα
763 4919 860 4993 τῂν
884 4921 1100 4993 κρίσιν,
1134 4918 1372 4992 ἀλλατῷ
1413 4918 1640 4992 διαϐόλῳ
1696 4923 1788 4976 xui
1837 4918 1947 4985 τοῖς

373 4988 623 5065 ἀγγέλοις
656 4988 1067 5065 ᾳρτοῦ’.μ’ϊ’μεῖς
1099 4992 1155 5045 δέ
1191 4988 1401 5055 ἑαυτοῖς
1428 4988 1820 5065 προεξενήσατε
1849 4994 1946 5064 τὴν

374 5058 615 5129 κόλασιν.
659 5055 804 5129 Ἐγὼ
831 5060 887 5113 δὲ
917 5055 1145 5124 ἔπλασα,
1178 5072 1282 5118 etc.

445 5128 556 5204 (l8)
588 5131 645 5182 ln
659 5128 740 5204 _B.'
760 5132 942 5204 statim
965 5133 1212 5202 sequitur
1240 5152 1252 5186 :
1295 5134 1649 5204 Ἀποχωρεῖτε
1673 5134 1765 5186 ἀπ’
1788 5132 1941 5203 ἐμοῦ,

374 5197 600 5270 ἐργάται
624 5200 724 5270 τῆς
751 5201 997 5270 ἀνομίας.

470 5270 556 5340 19)
592 5270 701 5335 ΑΙ.,
732 5271 894 5340 ὲπόνη
903 5287 987 5324 σα.

443 5273 534 5406 (19
592 5273 701 5335 AL,
732 5273 987 5340 ἐπόνησα.

588 5341 646 5414 l_u
675 5340 758 5414 B_.,
789 5339 946 5414 ἀλλου
979 5343 1166 5414 κυρίου
1186 5343 1464 5414 γεγόνατε.

447 5409 556 5478 (21)
604 5409 662 5463 lu
700 5409 761 5462 Β.
810 5409 1071 5466 omissum
1114 5409 1317 5484 γυμνὸς
1359 5413 1452 5466 xui
1494 5414 1553 5465 οὑ
1595 5412 1949 5484 περιεϐάλετέ

591 5547 768 5622 §upra
797 5565 924 5622 cap.
961 5551 1011 5605 7.

2053 3155 2361 3226 ὀφθαλμοὺς
2393 3154 2546 3225 ὑμῶν
2584 3154 2814 3223 ἐποίησα
2858 3151 2994 3223 πρὸς
3033 3149 3094 3202 τὸ
3145 3147 3387 3218 καθορᾷν
3422 3147 3488 3199 τὺ
3525 3146 3630 3214 φῶς

2053 3247 2162 3300 τῶν
2191 3246 2419 3300 ἐντολῶν
2449 3263 2573 3317 μου,
2601 3245 2695 3298 καὶ
2725 3243 2962 3297 ἐκτελεῖν
2992 3239 3160 3304 αὑτὰς
3191 3239 3326 3310 (25),
3376 3240 3539 3309 ὑμεῖς
3579 3236 3630 3289 δὲ

2054 3337 2411 3410 προσκαλεῖτε
2441 3337 2713 3408 πορνείας,
2751 3337 2845 3390 xui
2884 3334 3188 3402 ἀσελγείας,
3228 3331 3323 3384 xui
3361 3333 3430 3401 τῇ
3474 3331 3624 3398 λοιπῇ

2054 3425 2370 3497 ἀκαθαρσίᾳ
2419 3425 2612 3487 αὐτοὺς
2647 3421 2967 3494 διηνοίξατε.
3017 3422 3089 3474 Τὸ
3116 3422 3291 3491 στόμα
3330 3419 3493 3490 ὑμῶν
3521 3418 3626 3486 (24)

2055 3516 2191 3588 πρὸς
2222 3516 2529 3585 δοξολογίαν
2549 3554 2564 3578 ,
2603 3516 2696 3567 xui
2726 3511 2895 3578 αἶνον,
2931 3514 3023 3567 xui
3043 3513 3317 3583 ψαλμοὺς,
3354 3512 3454 3564 καὶ
3493 3510 3628 3581 ᾠδὰς

2053 3608 2427 3680 πνευματικὰς
2453 3607 2756 3680 ηὑτρέπισα
2787 3607 2961 3661 λαλεῖν
2993 3609 3086 3660 xui
3115 3605 3344 3676 μελετᾷν
3373 3604 3466 3657 διὰ
3494 3621 3625 3657 παν-

2051 3700 2143 3765 τὸς
2175 3700 2272 3772 τὴν
2304 3700 2628 3769 ἀνάγνωσιν,
2660 3700 2816 3770 ὑμεῖς
2843 3699 2900 3753 δὲ
2932 3700 3068 3772 πρὸς
3097 3697 3397 3770 λοιδορίας,
3428 3698 3524 3750 καὶ
3544 3699 3630 3768 ὅρα

2054 3807 2181 3854 κους
2217 3791 2312 3843 xui
2345 3790 2692 3861 βλασφημίας
2713 3790 2844 3845 αὑτὸ
2870 3789 3203 3861 ήτοιμάσατε
3242 3789 3354 3859 (25)
3384 3828 3399 3852 ,
3457 3789 3623 3857 καθή-

2056 3899 2203 3953 μενοι
2229 3882 2654 3946 καταλαλοῦντες
2679 3884 2805 3946 τοὺς
2826 3881 3084 3952 πλησίους
3108 3880 3280 3952 ὑμῶν.
3305 3880 3420 3944 Τὰς
3444 3883 3624 3952 χεῖρας

2053 3971 2204 4044 ὑμῶν
2233 3971 2367 4046 πρὸς
2393 3973 2699 4044 προσευχὰς
2721 3974 2816 4027 xui
2845 3973 3058 4044 δεήσεις
3093 3971 3323 4041 ἐποίησα
3346 4011 3362 4036 ,
3397 3971 3496 4024 τοῦ
3537 3973 3625 4024 ἐκ·

2052 4064 2282 4118 πετάσαι
2480 4066 2634 4136 ὑμεῖς
2656 4065 2710 4118 δὲ
2735 4066 2868 4138 πρὸς
2897 4066 3253 4137 ἁρπάγματα,
3283 4066 3380 4118 xui
3413 4066 3622 4134 φόνους,

2051 4156 2145 4208 xui
2191 4155 2577 4227 ἀλληλοφονίας
2623 4154 2942 4222 ἐξετείνατε.
3009 4157 3146 4220 Τοὺς
3178 4155 3343 4218 πόδας
3376 4157 3531 4226 ὑμῶν
3569 4157 3625 4208 ἐν

2052 4247 2335 4318 ἑτοιμασίᾳ
2361 4247 2454 4300 τοῦ
2483 4247 2811 4316 Εὑαγγελίου
2833 4247 2931 4318 τῆς
2960 4249 3198 4320 εἰρήνης,
3229 4249 3324 4300 xui
3354 4249 3413 4299 ὲν
3435 4247 3627 4316 ἐκκλη-

2055 4340 2212 4403 σίαις,
2245 4339 2339 4393 xui
2364 4342 2475 4402 τοῖς
2501 4339 2669 4403 οἴκοις
2695 4339 2805 4392 τῶν
2835 4340 3002 4408 ἁγίων
3027 4358 3125 4411 μου
3154 4341 3263 4412 (27)
3298 4340 3626 4410 διεταξάμην

1982 4423 2024 4474 Π
2052 4431 2284 4485 ὁδεύειν·
2318 4433 2473 4503 ὑμεῖς
2504 4432 2559 4485 δέ
2587 4433 2666 4496 είς
2698 4433 2940 4504 μοιχείας
2974 4433 3067 4486 xui
3098 4435 3177 4496 εἰς
3207 4435 3469 4504 πορνείας
3494 4474 3507 4496 ,
3535 4434 3624 4487 xui

2054 4522 2275 4594 θέατρα,
2305 4525 2400 4577 xui
2430 4524 2681 4595 ὀρχήσεις
2732 4525 2824 4576 xui
2866 4526 3299 4596 μετεωρισμοὺς,
3352 4527 3623 4592 ἐδιδάξατε

2052 4616 2262 4688 τρέχειν
2298 4617 2432 4687 (28).

1064 4731 1084 4762 ⁸
1109 4729 1210 4783 Jon
1259 4747 1313 4795 χ,
1353 4730 1438 4783 18.
1519 4731 1538 4762 ⁹
1575 4730 1717 4786 Psal.
1757 4749 1949 4786 tun-tl

2057 4733 2104 4787 0.
2185 4734 2227 4765 ¹⁰
2271 4732 2468 4804 Ephes.
2509 4749 2564 4798 v,
2596 4733 2680 4788 l9.
2760 4734 2799 4764 ¹¹
2831 4731 3025 4804 Eplies.
3050 4749 3125 4798 vi,
3159 4733 3240 4788 15.

2051 4853 2385 4924 ἀκαθαρσίας
2417 4853 2610 4916 αὐτοὺς
2641 4852 2956 4924 διηνοίξατε.

2121 4918 2243 4996 (24)
2282 4918 3052 4996 ξΕποίησα-πρὸςδοξολογίας
3095 4922 3186 4974 xui
3220 4918 3368 4974 αἶνον
3399 4923 3491 4976 xui
3535 4937 3628 4994 με·

2049 4992 2220 5063 λέτην
2239 4995 2346 5047 τῶν
2379 4992 2630 5065 Γραφῶνζ

2119 5060 2232 5134 (25)
2267 5065 2398 5130 Qua:
2424 5060 2746 5134 sequuntur,
2791 5061 3091 5134 καθήμενοι
3130 5078 3306 5132 usque
3344 5064 3412 5118 ad
3451 5060 3627 5134 ὑμῶν,

2048 5133 2240 5188 desunt
2276 5136 2330 5188 in
2357 5134 2416 5188 B.

2448 5204 2644 5258 desunt
2686 5202 2848 5274 verba
2883 5202 2976 5256 τοῦ
3024 5202 3344 5274 ἐκπετάσαι.
3387 5204 3448 5257 Et
3497 5219 3617 5274 mox

2049 5271 2314 5341 sequitur,
2349 5275 2504 5345 ὑμεῖς
2549 5275 2605 5328 δὲ
2639 5276 2719 5337 είς
2759 5271 3044 5343 κλέμματα
3067 5273 3160 5326 καὶ
3193 5273 3387 5342 φόνους
3427 5273 3617 5338 ἐξετεί-

2049 5362 2232 5485 ναῖὲτῖ)
2271 5414 2478 5470 Desunt
2502 5413 2555 5468 in
2579 5412 2638 5466 Β.
2670 5413 2833 5468 verba
2862 5412 2956 5466 xui
2989 5415 3099 5476 τοῖς
3118 5412 3287 5476 οἵκοις
3314 5413 3421 5466 τῶν
3452 5412 3618 5480 ἁγίων

2051 5501 2172 5555 μου.

2119 5554 2227 5628 (28)
2260 5555 2338 5612 Ib.
2367 5555 2745 5614 desiderantur
2787 5553 2948 5608 verba
3002 5573 3014 5607 :
3061 5553 3170 5608 Καὶ
3213 5569 3334 5625 μετ,
3381 5553 3454 5606 ὲδ.
3497 5549 3614 5623 τρέ-

591 5615 796 5702 Desunt
823 5615 964 5702 iri-13.
1011 5621 1168 5702 verba
1207 5622 1368 5702 ιιξςαὶ
1395 5623 1642 5702 ἐκτελεῖν
1668 5624 1856 5702 αὑτάς,
1888 5633 1949 5702 ορ

2057 5615 2176 5696 [ειν.
2210 5615 2244 5702 '_

376 5689 618 5764 sequitur
657 5705 668 5740 :
713 5690 898 5761 Ὑμεῖς
921 5692 976 5744 δὲ
1012 5693 1144 5768 πρὸς
1189 5692 1359 5764 κάλλη
1400 5694 1491 5746 xui
1529 5694 1812 5763 ἀσελγείας
1850 5696 1948 5749 xui
