3862 6546
331 286 428 342 95a
1069 238 1358 338 APPEND.
1401 281 1491 336 AD
1529 280 1810 337 PARTEM
1850 280 1866 335 ι

2031 280 2214 336 ERUM
2256 279 2310 334 S.
2353 277 2645 333 HIPPOLY
2656 276 2742 333 TI.
3473 275 3581 331 952

331 401 475 466 nati;
508 397 601 454 sed
631 412 754 453 cum
791 398 1025 464 actione,
1055 399 1186 462 vita,
1221 398 1654 461 conversatione,
1688 395 1866 451 confes

2031 397 2276 469 τόλητττον
2321 395 2757 469 παρασταθῶμεν
2807 393 3282 467 κατακεκριμένοι,
3334 395 3583 448 ταπεινοὶ

331 493 487 548 sione
533 507 702 562 pura;
751 500 811 546 ut
843 491 1002 546 nobis
1031 505 1249 561 quoque
1283 489 1430 544 dicat
1469 489 1558 543 ille
1588 490 1866 544 misericm

2031 491 2098 543 ιαί
2130 489 2462 561 σκυθρωποί·
2503 488 2637 542 ἀλλὰ
2686 487 2822 558 μετὰ
2867 486 3114 559 καθαρᾶς
3153 487 3440 558 πράξεως,
3485 489 3585 542 καὶ

332 580 729 650 hominumque
761 595 954 634 amans
984 578 1125 634 Deus
1153 598 1166 634 :
1203 579 1362 634 Fides
1388 590 1482 634 tua
1512 591 1560 635 le
1585 579 1789 634 salvum
1830 580 1866 649 [ε

2031 581 2144 644 ιίου,
2171 583 2264 634 καὶ
2294 581 2588 644 πολιτείας,
2618 579 2711 633 κα).
2739 580 3198 652 ἐξομολογήσεως,
3225 579 3314 631 ἴνα
3339 579 3473 652 εἴπῃ
3490 580 3586 633 καὶ

331 675 436 738 cit;
470 673 599 727 vade
631 673 682 726 in
717 689 842 742 pace
867 674 941 738 ‘9;
968 672 1096 726 item
1128 671 1296 726 illud:
1323 671 1498 742 Euge,
1524 688 1666 726 serve
1703 672 1866 726 bonee

2031 673 2143 745 πρὸς
2176 675 2321 744 ἡμᾶς
2351 675 2379 726 ὀ
2419 671 2792 741 εὔσπλαγχνος
2862 671 2956 724 καὶ
3003 669 3382 741 φιλάνθρωπος
3426 669 3582 733 Θεός·

334 765 528 836 fidelis,
547 781 702 835 super
721 781 890 835 pauca
913 765 1065 833 luisti
1090 764 1282 834 ﬁdelis,
1302 780 1461 833 supra
1492 763 1660 817 multa
1688 773 1735 818 te
1763 780 1858 817 con

2031 768 2086 818 II
2124 764 2328 830 πίστις
2359 779 2474 816 σου
2499 762 2732 816 σέσωκέ
2762 778 2856 828 σε,
2886 762 3144 829 πορεύου
3173 761 3259 825 εὶς
3297 758 3552 828 εἰρήνην
3576 773 3594 788 ·

334 858 587 920 stituam;
616 857 758 909 intra
789 855 842 907 in
866 853 1116 923 gaudium
1146 853 1358 907 Domini
1391 855 1468 908 tui
1490 853 1559 908 ²⁰.
1584 850 1741 921 Quod
1767 869 1866 908 con

2031 857 2099 910 :at‘t
2122 857 2201 921 τὸ,
2231 851 2410 927 Εὖγε,
2439 855 2620 910 δοῦλε
2651 853 2835 924 ἀγαθὲ
2869 853 2967 907 καὶ
2991 849 3183 906 πιστέ.
3229 851 3356 904 Ἐπὶ
3410 852 3588 920 ὀλίῃα

335 947 491 1019 sequi
514 947 672 1002 nobis
703 944 958 1001 omnibus
984 945 1263 1015 contingat
1293 944 1466 1014 gratia
1492 945 1866 1001 benevolentia

2031 944 2080 1018 ig
2119 947 2355 1015 πιστὸς,
2384 947 2483 1001 ἐπὶ
2521 946 2763 1001 πολλῶν
2804 963 2878 1000 σε
2909 943 3296 1012 καταστήσω-
3343 944 3588 1003 εἴσελθε

337 1056 443 1110 que
481 1037 694 1093 Domini
726 1037 898 1092 nostri
935 1035 1061 1092 Jesu
1090 1037 1290 1092 Christi
1325 1056 1338 1092 :
1387 1053 1510 1092 cum
1547 1054 1654 1108 quo
1689 1037 1866 1092 Patre:

2031 1043 2093 1106 τις
2117 1039 2230 1109 τὴν
2271 1041 2462 1110 χαρὰν
2490 1040 2594 1094 τοῦ
2631 1039 2848 1108 Κιιρίου
2880 1053 3018 1092 σου.
3060 1032 3166 1101 *Ης
3196 1036 3408 1106 γένοιτο
3447 1037 3585 1089 πάν-

337 1134 455 1202 ejus
480 1131 636 1186 initio
666 1139 967 1196 carentem,
1004 1145 1130 1185 cum
1164 1140 1538 1187 sacrosancto.
1573 1130 1718 1186 bono
1747 1139 1800 1183 et
1830 1144 1860 1180 ν

2031 1145 2108 1192 τας
2157 1131 2303 1201 ἡμᾶς
2352 1130 2658 1199 ἐπιτυχεῖν,
2709 1128 2890 1200 χάριτι
2938 1128 3032 1181 καὶ
3063 1124 3445 1197 φιλανθρωπίᾳ
3490 1124 3586 1178 τοῦ

335 1216 492 1270 vilico
531 1216 651 1285 ejus
681 1215 902 1286 Spiritu,
936 1215 1090 1270 decet
1121 1213 1314 1284 gloria,
1350 1213 1524 1266 honor
1567 1219 1621 1264 et
1662 1207 1862 1263 adorati

2031 1219 2218 1292 (opiou
2253 1219 2409 1290 ἡμῶν
2455 1218 2625 1290 Ἰησοῦ
2657 1218 2915 1292 Χριστοῦ,
2951 1217 3067 1289 μεθ’
3097 1210 3156 1271 οὗ
3201 1216 3406 1288 πρέπει
3437 1217 3585 1284 δόξα,

335 1319 481 1360 nunc
518 1316 573 1360 et
602 1323 815 1378 semper
844 1318 898 1363 ct
931 1309 983 1360 in
1012 1306 1206 1361 szecula
1235 1303 1574 1359 smculorum.
1609 1301 1798 1355 Amen.

2031 1311 2142 1381 τιμὴ
2192 1312 2286 1365 καὶ
2326 1310 2713 1383 προσκύνησις,
2749 1311 2863 1382 (57)
2899 1311 2994 1363 σὺν
3044 1309 3122 1381 τῷ
3166 1309 3390 1380 ἀνάρχῳ
3420 1309 3588 1361 αὐτος,

337 1404 513 1478 Πατρὶ
539 1408 630 1460 καὶ
661 1406 737 1478 τῷ
767 1406 1013 1477 παναγίῳ
1040 1407 1133 1460 καὶ
1162 1405 1348 1477 ἀγαθῴ
1376 1408 1470 1460 καὶ
1491 1406 1736 1478 ζωοποιῷ
1755 1407 1918 1462 αὐτοῦ
1935 1406 2211 1478 Πνεύματι
2242 1406 2336 1460 νῦν
2358 1408 2450 1461 καὶ
2482 1408 2588 1473 ἀεὶ,
2620 1407 2716 1460 καὶ
2744 1409 2824 1467 εἰς
2849 1407 2975 1469 τοὺς
2999 1406 3198 1470 αἰῶνας
3222 1405 3330 1458 τῶν
3353 1403 3585 1460 αἰώνων.

350 1501 542 1572 Ἀμήν.

412 1593 541 1648 Esto
567 1594 739 1662 ﬁdelis
775 1596 844 1649 ad
880 1605 1119 1662 mortem,
1147 1605 1194 1650 et
1224 1597 1358 1649 dabo
1387 1596 1479 1649 tibi
1501 1612 1749 1652 coronam
1777 1598 1866 1652 viti

2097 1597 2282 1650 Γίνου
2313 1596 2527 1662 πιστὸς
2565 1595 2699 1666 ἄχρι
2728 1594 3004 1662 θανάτου,
3044 1596 3137 1649 καὶ
3162 1594 3335 1650 δώσω
3358 1610 3460 1651 σοι
3485 1594 3579 1650 τὸν

340 1686 531 1758 (Apoc.
569 1689 654 1758 ιι.)

2031 1689 2314 1759 ντέφιινον
2347 1689 2456 1759 τῆς
2492 1689 2658 1759 ζωῆς.
2691 1689 3138 1762 (Ἀποκαλύψεως
3165 1687 3255 1762 β’.)

850 2039 1522 2130 ΙΠΠΟΛΥΤΟΥ
1594 2041 1850 2127 ΠΕΡΙ
1914 2039 2140 2126 ΤΩΝ
2204 2027 2323 2124 IB'
2398 2039 3078 2128 ΑΠΟΣΤΟΛΩΝ

1115 2223 1240 2278 Ποῦ
1292 2222 1548 2287 ἕκαστος
1591 2218 1788 2274 αὐτῶν
1829 2218 2145 2288 ἐκήρυξεν,
2181 2220 2277 2273 καὶ
2323 2221 2438 2274 ποῦ
2475 2221 2806 2290 ἐτελειώθη.

608 2549 1383 2667 HIPPOLYTI
1472 2551 1655 2662 DE
1735 2548 2480 2665 DUODECIM
2559 2548 3343 2668 APOSTOLIS

1040 2774 1264 2829 Ubinam
1317 2774 1534 2843 quisque
1585 2789 1764 2828 eorum
1797 2773 2159 2843 pra’dicaverit
2198 2785 2259 2827 ac
2286 2771 2372 2826 ubi
2403 2780 2792 2827 consummatus
2819 2774 2909 2828 sit.

419 3086 614 3142 Petrus
638 3087 882 3157 quidem,
911 3102 1034 3140 cum
1072 3087 1418 3154 praedicasset
1463 3086 1814 3156 Evangelium
1860 3088 1866 3142 i

2091 3088 2296 3161 Πέτρος
2333 3089 2428 3160 μὲν
2460 3089 2517 3142 ἐν
2563 3088 2777 3160 Πόντῳ,
2808 3089 2903 3142 καὶ
2928 3088 3184 3159 Γαλατίᾳ,
3229 3091 3324 3144 καὶ
3358 3093 3596 3146 Καππα-

347 3178 542 3245 Ponto,
573 3177 804 3244 Galatia,
835 3175 1198 3248 Cappadocia,
1240 3176 1513 3248 Bithynia,
1545 3177 1718 3247 italia,
1750 3189 1866 3249 atqt

2031 3182 2190 3252 Βοκίᾳ,
2225 3182 2318 3235 καὶ
2347 3180 2584 3253 Βητανίᾳ
2611 3180 2745 3253 (58),
2780 3179 2876 3234 καὶ
2918 3180 3133 3252 Ἰταλίᾳ,
3156 3181 3249 3234 καὶ
3290 3182 3472 3255 Ἀσίᾳ,
3506 3201 3595 3254 κη-

342 3271 514 3337 Δείιι;
565 3277 748 3339 postea
791 3285 822 3324 a
868 3268 1082 3326 Nerone
1126 3269 1312 3325 Romae
1359 3271 1697 3341 cruciﬁgitur
1739 3273 1866 3342 capii

2031 3273 2189 3345 ρύξας
2224 3273 2283 3328 τὸ
2314 3273 2672 3342 Εὐαγγέλιον,
2707 3271 2930 3345 ὕστερον
2961 3274 3065 3327 ὑπὸ
3094 3275 3350 3347 Νέρωνος
3373 3279 3432 3330 ὲν
3467 3276 3594 3330 Ῥώ-

343 3364 604 3420 deorsum
632 3377 810 3430 verso,
837 3377 961 3418 cum
995 3363 1113 3433 ipse
1146 3362 1224 3418 sic
1265 3363 1377 3432 pati
1411 3372 1682 3435 rogasset.

2031 3380 2100 3438 μῃ
2133 3364 2462 3434 σταυροῦται
2489 3364 2630 3420 κατὰ
2658 3364 2903 3436 κεφαλῆς
2932 3363 3104 3430 οὕτως
3136 3367 3302 3422 αὐτοῦ
3331 3369 3590 3436 ἀξιώσαν-

2019 3474 2112 3520 τος
2143 3457 2358 3511 παθεῖν.

417 3549 684 3614 Andreas,
719 3563 842 3603 cum
871 3545 1086 3619 Scythis
1113 3564 1176 3603 ac
1204 3547 1508 3603 Thracibus
1534 3548 1866 3618 praedicasse

2104 3546 2376 3618 Ἀνδρέας,
2412 3545 2666 3611 Σκύθαις,
2695 3546 2938 3618 Θρᾲκαις
2971 3546 3232 3618 κηρύξας,
3277 3549 3592 3620 ἐςταυρώθη

346 3644 500 3698 cruci
533 3641 724 3696 atIixus
749 3650 834 3696 est
867 3638 1044 3695 Patris
1068 3641 1120 3694 in
1143 3638 1370 3707 Achaia,
1399 3649 1584 3696 rectus
1613 3641 1667 3695 in
1693 3641 1811 3696 olea
1833 3658 1863 3696 a

2031 3642 2081 3694 ὲν
2107 3640 2349 3712 Πάτραις
2377 3640 2477 3710 τῆς
2531 3640 2752 3710 Ἀχαΐας
2791 3639 2884 3694 ἐπὶ
2923 3639 3107 3704 ἐλαίας
3135 3640 3340 3711 ὄρθιος,
3373 3643 3470 3694 καὶ
3513 3643 3594 3695 θά-

347 3734 505 3800 hore,
539 3733 726 3802 ibique
757 3733 1039 3800 sepelitur.

2031 3751 2216 3786 πτεται
2245 3735 2374 3786 ἐκεῖ.

417 3823 661 3878 Joannes
691 3836 820 3877 vero
853 3822 906 3875 in
942 3821 1069 3875 Asia
1111 3837 1140 3874 a
1177 3821 1482 3876 Domitiano
1516 3824 1841 3895 imperatore

2107 3827 2358 3897 Ἰωάννης
2398 3826 2455 3880 δὲ
2496 3826 2554 3878 ὲν
2603 3825 2757 3897 Ἀσίᾳ
2789 3825 2894 3879 ὑπὸ
2937 3825 3263 3897 Δομετιανοῦ
3303 3827 3399 3880 τοῦ
3449 3827 3593 3899 βασι-

347 3914 573 3970 Pa—tmos
613 3914 844 3969 insulam
885 3913 1172 3984 relegatus,
1225 3914 1315 3968 ubi
1358 3916 1522 3971 etiam
1567 3919 1859 3990 Evangelia

2031 3920 2159 3983 λέως
2207 3919 2503 3991 ἐξορισθεὶς
2548 3921 2606 3972 ὲν
2653 3919 2861 3991 Πάτμῳ
2909 3922 2974 3990 τῇ
3005 3921 3171 3991 νήσῳ,
3227 3922 3285 3974 ἐν
3416 3924 3508 3974 καὶ
3540 3921 3593 3973 τὸ

349 4005 700 4076 conscripsit,
732 4021 796 4060 ac
819 4005 1188 4075 apocalypsim
1218 4005 1373 4072 vidit,
1406 4007 1509 4062 sub
1551 4008 1788 4080 Trajano
1827 4014 1866 4066 oT

2031 4011 2353 4081 Εὐαγγέλιον
2382 4011 2778 4082 συνεγράψατο,
2811 4012 2906 4065 καὶ
2936 4013 3034 4084 τὴν
3075 4012 3415 4080 ἀποκάλυψιν
3448 4014 3592 4067 ἐθεά-

349 4099 607 4155 dormivit
634 4097 998 4168 Ephesi.Ejus
1050 4096 1292 4167 reliquiaa
1323 4113 1446 4153 cum
1503 4099 1732 4158 fuissent
1774 4119 1866 4174 qu:

2031 4116 2180 4165 σατο,
2211 4101 2304 4153 ἐπὶ
2333 4100 2600 4171 Τραϊανοῦ
2640 4100 2904 4172 ἐκοιμήθη
2931 4102 2988 4155 ὲν
3026 4101 3261 4174 Ἐφέσῳο
3292 4094 3360 4155 οὗ
3395 4103 3458 4157 τὸ
3492 4104 3592 4156 λεί-

351 4193 496 4260 sitae,
529 4209 638 4248 non
678 4202 808 4250 sunt
828 4194 1085 4248 inventae.

2031 4194 2192 4262 ψανον
2226 4192 2455 4264 ζητηθὲν
2479 4194 2577 4263 οὐχ
2611 4193 2828 4264 εὑρέθη.

420 4287 654 4343 Iacobus
685 4288 804 4357 ejus
826 4289 1014 4354 frater,
1059 4292 1358 4359 prmdicans
1395 4293 1448 4346 in
1479 4289 1686 4356 Judtna,
1715 4291 1783 4346 ab
1817 4289 1862 4344 II

2113 4285 2366 4348 Ἰάκωϐος
2393 4283 2621 4354 ἁδελφὸς
2649 4284 2812 4338 αὐτοῦ
2844 4286 2901 4338 ὲν
2926 4288 2990 4356 τῇ
3040 4285 3268 4357 Ἰουδαία
3289 4303 3359 4357 κη
3368 4285 3590 4357 ρύσσων,

352 4382 484 4437 rode
515 4381 786 4436 tetrarcha
815 4381 992 4452 gladio
1013 4385 1300 4451 occiditur,
1329 4385 1511 4455 ibique
1540 4384 1814 4453 sepelitur.

421 4471 710 4543 Philippus
735 4473 1036 4542 praedicans
1060 4475 1112 4530 in
1144 4475 1398 4546 Phrygia,
1429 4475 1698 4545 Hierapoli
1737 4475 1918 4530 cruci—

2031 4377 2136 4431 ὑπὸ
2175 4376 2412 4448 Ἡρώδου
2445 4377 2537 4431 τοῦ
2561 4377 2862 4450 τετράρχου
2892 4378 3190 4450 ἀναιρεῖται
3221 4378 3486 4450 μαχαίρᾳ,
3509 4379 3593 4432 καὶ

2029 4469 2290 4522 θάπτεται
2323 4469 2454 4522 ἐκεῖ.

1952 4429 1996 4486 C

349 4566 494 4622 ﬁxus
521 4574 606 4621 est
625 4566 801 4636 capite
824 4567 1077 4623 deorsum
1112 4585 1288 4635 verso,
1315 4569 1418 4624 sub
1449 4567 1757 4625 Domitiano
1774 4567 1866 4638 prii

2097 4558 2364 4621 Φίλιππος
2386 4558 2444 4611 ἐν
2473 4556 2682 4629 Φρυγίᾳ
2709 4556 2974 4628 κηρύξας,
2997 4558 3055 4612 ὲν
3087 4557 3386 4630 Ἱεραπόλει
3415 4561 3593 4613 ἐσταυ-

351 4659 492 4729 cipe,
523 4659 824 4730 eodemque
843 4659 965 4715 loco
988 4662 1268 4731 sepelitur.

2031 4650 2178 4724 ρὼθη
2227 4651 2368 4705 κατὰ
2409 4651 2653 4722 κεφαλῆς
2684 4652 2778 4705 ἐπὶ
2808 4651 3158 4721 Δομετιανοῦ,
3208 4651 3304 4705 καὶ
3347 4653 3592 4707 θάπτεται

422 4750 856 4809 Bartholomaaus
915 4768 1038 4808 cum
1088 4753 1234 4808 indis
1296 4751 1672 4815 praedicasset,
1735 4751 1925 4820 eisque
2027 4746 2159 4796 ἐκεῖ.

352 4844 727 4915 conseriptum
772 4859 803 4899 a
852 4843 1107 4900 Matthazo
1146 4841 1500 4914 Evangelium
1534 4841 1866 4911 exposuissel

2101 4834 2501 4906 Βαρθολομαῖος
2556 4835 2613 4888 δὲ
2680 4834 2879 4898 Ἰνδοῖς,
2927 4827 3010 4898 οἷς
3049 4836 3232 4890 καὶτὸ
3271 4837 3415 4891 κατὰ
3456 4838 3593 4890 Ma:-

349 4935 650 4992 crucillxus
691 4946 778 4992 est
817 4945 872 4992 et
905 4938 1028 5008 ipse
1073 4936 1248 5006 capite
1305 4934 1558 4990 deorsum
1591 4949 1785 5002 verso,
1827 4932 1866 4985 A

2035 4925 2184 4980 θαῖον
2217 4927 2541 4996 Εὑαγγέλιον
2563 4925 2893 4993 ἐκδεδωκὼς,
2921 4926 3238 4998 ἐσταυρώθη
3269 4927 3414 4983 κατὰ
3439 4945 3595 4996 κεφα-

353 5025 482 5082 bani
513 5042 723 5098 magnae
748 5027 1021 5082 Armenia:
1052 5025 1207 5080 urbe.

2033 5018 2152 5088 λῆς,
2208 5017 2302 5070 καὶ
2350 5015 2610 5070 θάπτεται
2666 5017 2724 5068 ἐν
2783 5014 3016 5086 Ἀλλανῷ
3062 5016 3171 5088 (59)
3223 5017 3323 5088 τῆς
3367 5018 3594 5090 μεγάλης

429 5122 715 5178 Matthzeus
749 5136 876 5176 cum
909 5119 1263 5188 Evangelium
1293 5107 1556 5172 Hebraice
1587 5113 1866 5184 scripsisse

2045 5109 2349 5180 Ἀρμενίας.

355 5212 710 5284 Jerosolymis
737 5211 938 5279 edidit;
982 5210 1416 5280 obdormivitque
1454 5208 1661 5264 llierea:
1699 5206 1865 5261 Parth

2104 5201 2378 5264 Ματθαῖος
2408 5201 2485 5265 δὲ,
2542 5201 2604 5253 τὸ
2649 5199 2975 5270 Εὐαγγέλιον
3034 5200 3313 5273 Ἐϐραϊστὶ
3357 5201 3589 5274 γράψας,

353 5320 478 5360 rum
507 5305 745 5360 civitate.

2032 5295 2263 5348 δέδωκεν
2296 5296 2353 5347 ὲν
2393 5293 2762 5365 Ἰερουσαλὴμ,
2786 5294 2878 5348 καὶ
2897 5292 3164 5365 ἐκοιμήθη
3192 5295 3250 5348 ὲν
3294 5294 3474 5369 Ἱερέει
3504 5293 3591 5363 τῆς

2034 5384 2325 5459 Παρθείας.

435 5514 477 5546 ⁸⁸
502 5512 636 5568 Luc.
677 5528 773 5572 vn.
796 5510 884 5566 50.
923 5511 966 5543 ⁸ο
989 5509 1175 5564 Matth.
1213 5524 1338 5574 xxv,
1374 5507 1465 5561 25.

435 5652 546 5724 (37)
581 5652 1048 5724 Quzeisequuntur
1073 5653 1127 5708 in
1165 5650 1221 5705 Β.
1263 5650 1479 5708 omissa.

2106 5651 2212 5724 (59)
2255 5651 2509 5722 Ἀλϐανῷ.

435 5721 546 5793 (58)
587 5723 681 5795 Γρ.
716 5722 973 5794 Βηθανίᾳ.
