3862 6516
173 333 273 389 955
1223 330 1496 389 SPURIA.
1537 363 1607 375 —
1646 331 1737 389 DE
1776 333 1916 389 LXX
1950 335 2353 395 APOSTOLIS.
3308 347 3409 404 954

239 446 441 516 θωμᾶς
472 446 526 500 δὲ
560 447 812 519 Πάρθοις,
846 447 1068 520 Μήδοις,
1116 447 1380 520 Πέρσαις,
1423 449 1695 520 ’Υρκανοῖς

1917 453 2178 518 Thomas,
2215 473 2339 512 cum
2371 455 2608 525 Parthis,
2650 457 2842 523 Medis,
2872 458 3072 526 Persis,
3113 459 3408 532 Hyrcanis,

173 537 460 610 Βακτροίς,
494 539 740 609 Μάργοις
772 540 881 611 (40)
917 539 1178 620 κηρύξας,
1206 541 1439 612 ὲλακήδη
1476 541 1589 612 (Ill)
1629 543 1695 594 ἑλέ

1868 548 2071 615 Bactris,
2131 548 2331 619 Margis
2378 549 2742 619 praedicasset,
2793 551 3027 605 ahietina
3057 553 3244 608 lancea
3279 570 3413 622 qna-

169 630 400 701 γχιάσθη
437 633 548 695 τοῖς
575 632 794 704 τέταρσι
829 631 1050 704 μέρεσιν
1098 633 1259 688 αὐτοῦ
1294 635 1350 687 ἐν
1384 634 1536 688 πόλει
1568 633 1695 689 Καλ‹

1869 655 1966 694 uor
1997 641 2082 694 sui
2113 642 2358 709 corporis
2389 642 2631 710 partibus
2664 643 2952 699 confossus
2975 645 3372 700 estCalaminaz
3393 686 3410 713 ,

172 724 312 794 μήνη
349 722 483 792 (42),
513 723 611 792 τῆς
653 724 902 795 Ἰνδικῆς,
935 727 1029 778 καὶ
1057 726 1321 780 θάπτεται
1355 728 1490 782 ἐκεῖ.

1868 746 1964 800 [Ulli
1995 741 2078 784 est
2109 732 2241 786 urbs
2271 730 2452 798 Indiae,
2485 733 2703 803 illicque
2730 735 3009 804 sepelitur.

249 813 502 876 ἰἀκωδυς
529 814 586 866 δὲ
629 814 898 883 Ἀλφαίου,
933 816 1221 889 κηρύσσων
1255 819 1312 870 ὲν
1354 817 1695 889 Ἰερουσαλὴμ

1911 819 2148 874 Jacobus
2184 821 2391 890 Alphzni
2423 823 2720 891 praedicans
2754 822 3163 896 Hierosolymis,
3203 826 3410 896 lapida-

169 906 268 958 ὑπὸ
315 906 581 960 Ἰουδαίων
612 908 1014 975 καταλευσθεὶς,
1049 911 1380 985 ἀναιρεῖται,
1416 913 1509 966 καὶ
1538 912 1695 966 θάπτε

1868 928 1930 967 us
1953 929 1983 966 a
2007 911 2207 968 Judaeis
2247 914 2532 982 occiditur,
2574 916 2789 986 illicque
2822 933 2988 987 prope
3021 918 3279 987 templum
3327 935 3410 973 se-

166 1014 248 1049 ται
284 999 403 1050 ἐκεῖ
433 998 583 1070 παρὰ
607 997 684 1069 τῷ
716 999 849 1070 ναῷ.

1868 1004 2053 1057 ιριίιυν.

244 1088 462 1152 Ἰούδας,
495 1092 523 1143 6
552 1091 646 1143 καὶ
680 1091 964 1156 Λεϐϐαῖος,
998 1092 1292 1158 Αίδεσινοῖς
1320 1095 1413 1148 καὶ
1446 1094 1595 1166 πάσῃ
1623 1095 1695 1148 Με

1907 1095 2104 1164 Judas,
2138 1096 2233 1167 qui
2280 1105 2334 1151 et
2380 1095 2661 1160 Lebbaeus,
2713 1096 2804 1149 ubi
2840 1096 3037 1165 populo
3080 1093 3296 1149 Edessa:
3340 1109 3409 1148 ac

164 1182 470 1254 σοποταμίᾳ
513 1183 776 1254 κηρύξας,
810 1185 1076 1258 ἐκοιμήθη
1122 1187 1180 1239 έν
1212 1187 1460 1259 Βηρύτῳ,
1508 1189 1600 1241 καὶ
1641 1186 1695 1241 θό

1868 1191 1939 1244 oti
1974 1189 2378 1261 Mesopotamia:
2413 1190 2780 1260 przedieasset,
2813 1188 2946 1242 obiit
2971 1187 3172 1258 Beryti,
3205 1202 3268 1242 ac
3297 1185 3408 1240 illic

162 1293 356 1328 πτεται
387 1277 522 1328 ἐκεῖ.

1868 1285 2117 1353 epelitur.
3412 1356 3414 1358 ν

228 1368 412 1439 Σίμων
443 1371 471 1422 6
500 1369 807 1441 Κανανίτης
853 1371 881 1424 6
913 1370 1003 1424 τοῦ
1039 1373 1266 1436 Κλωπᾶ,
1300 1375 1328 1428 6
1372 1374 1466 1427 καὶ
1508 1374 1695 1436 Ἰούδας

1911 1375 2099 1430 Simon
2132 1374 2492 1438 Chananaeus,
2527 1373 2668 1427 lilins
2697 1372 2966 1442 Cleophaa,
2999 1371 3092 1441 qui
3113 1381 3168 1427 et
3203 1361 3414 1437 ludas,

161 1460 297 1530 μετὰ
339 1461 596 1516 Ἰάκωϐον
626 1463 716 1515 τὸν
743 1463 957 1516 Δίκαιον
987 1464 1284 1528 ἐπίσκοπος
1311 1467 1601 1536 γενόμενος
1644 1468 1695 1519 Ίε

1868 1478 1959 1524 ›οει
1991 1467 2255 1523 Jacobum
2281 1465 2496 1521 Justum
2523 1476 2738 1528 creatus
2764 1464 3265 1536 Hierosolymorum
3291 1464 3406 1534 epi—

158 1551 495 1623 ροσολύμων,
543 1553 809 1627 ἐκοιμήθη
831 1595 846 1619 ,
878 1557 972 1608 καὶ
1001 1554 1266 1611 θάπτεται
1309 1559 1443 1625 ἐκεῖ,
1482 1559 1650 1630 ζήσας
1683 1560 1695 1612 ἐ

1868 1577 2056 1632 copus,
2077 1560 2243 1624 ohiit',
2278 1558 2644 1630 sepeliturque
2675 1558 2864 1613 eodem
2903 1557 3044 1625 loco,
3075 1572 3200 1612 cum
3229 1571 3406 1611 annos

152 1663 220 1716 τη
260 1653 360 1716 ρκ’.

1869 1662 2055 1708 cntum
2089 1651 2277 1724 viginti
2306 1651 2550 1706 vixisset.

223 1738 474 1802 Ματθίας
505 1738 564 1793 δὲ
598 1734 678 1804 εἷς
721 1739 795 1793 ὢν
824 1740 932 1795 τῶν
964 1747 1025 1807 0',
1062 1741 1583 1814 συγκαταριθμεῖται
1625 1747 1695 1797 “toi

1908 1742 2159 1798 Matthias
2189 1756 2313 1796 cum
2342 1749 2486 1796 esset
2514 1753 2655 1793 unus
2701 1742 2768 1793 de
2805 1736 3176 1807 septuaginta,
3210 1750 3404 1789 accen-

153 1837 222 1884 ια’
257 1831 601 1896 ἀποστόλοις,
635 1832 729 1885 καί¹
759 1831 1048 1905 κηρύσσων
1083 1834 1139 1885 έν
1185 1832 1556 1904 Ἰερουσαλὴμ,
1590 1834 1695 1887 έκοι

1868 1847 1982 1889 etur
2025 1833 2279 1888 undecim
2320 1831 2616 1901 apostolis;
2645 1845 2877 1899 cumque
2908 1829 3256 1899 praedicasset
3284 1826 3406 1881 Hie-

153 1923 301 1994 μήθη
336 1925 432 1977 καὶ
459 1923 724 1978 θάπτεται
752 1925 885 1977 ἐκεῖ.

1868 1924 2151 1996 osolymis,
2179 1924 2332 1985 obiit,
2362 1939 2427 1978 ac
2454 1922 2563 1976 illic
2592 1922 2829 1991 sepultus
2857 1929 2959 1976 est.

224 2013 438 2077 Παῦλος
461 2015 517 2068 δὲ
552 2017 667 2086 μετ’
703 2015 947 2069 ἐνιαυτὸν
978 2014 1075 2069 ἕνα
1103 2016 1202 2087 τῆς
1221 2016 1313 2069 τοῦ
1349 2016 1592 2088 Χριστοῦ
1618 2016 1695 2088 (42

1902 2018 2102 2072 Paulus
2149 2016 2420 2086 denique,
2484 2023 2606 2084 post
2656 2029 2857 2068 annum
2915 2013 2983 2068 ab
3028 2010 3402 2080 assumptione

148 2105 472 2177 ἀναλήψεως
502 2106 749 2178 εἰσῆλθεν
803 2110 882 2172 εἰς
927 2107 1024 2181 τὴν
1057 2101 1382 2182 ἀποστολὴν,
1431 2109 1529 2162 καὶ
1561 2110 1695 2182 ἀρξά

1868 2112 2058 2174 lhristi,
2094 2109 2227 2164 adiit
2283 2107 2684 2178 apostolatum;
2740 2105 3112 2174 incipiensque
3146 2105 3214 2158 ab
3245 2101 3402 2158 Jeru-

147 2214 313 2267 μενος
336 2198 446 2251 ἀπὸ
487 2198 862 2270 Ἰερουσαλὴμ,
894 2199 1158 2271 προῆλθεν
1183 2199 1286 2264 ἕως
1315 2201 1406 2254 τοῦ
1441 2201 1695 2272 Ἰλλυρικο

1868 2203 2024 2268 alem,
2052 2199 2295 2270 pervenit
2335 2214 2508 2268 usque
2543 2197 2613 2251 ad
2653 2196 2946 2269 lllyricum,
2980 2204 3034 2250 et
3079 2193 3310 2260 Italiam,
3337 2208 3402 2250 ac

144 2289 246 2342 καὶ
292 2289 524 2353 Ἰταλίας
555 2291 650 2343 καὶ
700 2291 938 2355 Σπανίας
987 2291 1276 2364 κηρύσσων
1308 2293 1368 2345 τὸ
1399 2293 1695 2361 Εὐαγγέλιο

1868 2294 2174 2365 Iispaniam,
2205 2291 2508 2363 prmdicans
2533 2290 2882 2360 Evangelium
2914 2305 3007 2358 per
3033 2303 3208 2342 annos
3233 2287 3403 2357 quin-

139 2381 240 2452 ἔτη
293 2379 386 2434 λε’.
430 2381 552 2436 Ἐπὶ¹
582 2383 640 2436 δὲ
689 2383 961 2454 Νέρωνος,
1009 2386 1066 2438 ἐν
1111 2383 1298 2458 Ῥώμῃ
1341 2386 1441 2458 τὴν
1489 2386 1695 2457 κεφαλὴ

1875 2404 1940 2444 ue
1967 2404 2031 2444 ac
2049 2387 2266 2457 triginta
2287 2402 2302 2446 ;
2330 2385 2431 2440 sub
2445 2383 2658 2441 Nerone
2678 2392 2880 2448 autem,
2899 2380 3105 2446 Romae,
3119 2386 3396 2449 amputato

139 2474 508 2546 αποτμηθεὶς,
544 2475 809 2531 θάπτεται
839 2477 975 2530 ἐκεῖ.

1868 2480 2031 2550 apite,
2059 2479 2168 2534 illic
2199 2477 2478 2548 sepelitur.

839 2846 1141 2967 ΤΟΥ
1212 2845 1700 2964 ΑΥΤΟΥ
1790 2840 2698 2962 ΙΠΠΟΛΥΤΟΥ

1312 3060 1472 3114 ΠΕΡΙ
1519 3059 1654 3112 ΤΩΝ
1683 3061 1736 3113 0'
1793 3057 2221 3113 ΑΠΟΣΤΟΛΩΝ.

491 3390 1026 3486 EJUSDEM
1101 3385 1778 3483 HIPPOLYTI
1836 3387 1984 3476 DE
2061 3387 2314 3476 LXX
2381 3384 3078 3479 APOSTOLIS.

1281 3578 1285 3583 ’
1345 3580 1394 3635 Ε
1413 3581 1588 3636 radice
1616 3578 1943 3634 Barocciano
1965 3577 2069 3633 206
2093 3577 2225 3650 (44).

222 3891 487 3956 Ἰάκωϐος
516 3893 544 3944 6
573 3888 909 3960 ἁδελφόθεος,
951 3889 1246 3954 ἐπίσκοπος
1277 3889 1678 3962 Ἱεροσολύμων.

1907 3889 1958 3942 l.
1993 3885 2232 3943 Iacobus
2264 3885 2478 3941 Domini
2516 3883 2704 3950 frater,
2740 3883 3236 3954 Hierosolymorum
3275 3882 3394 3954 epi-

1829 3993 2045 4048 seopus.

207 4075 490 4136 Klsmm‘i;
520 4071 813 4134 ἐπίσκοπος
851 4069 1256 4142 Ἰεροσολύμων.

201 4167 469 4230 Ματθίας
505 4167 533 4218 6
579 4163 978 4237 ἀναπληρώσας
1019 4165 1111 4220 τὸν
1139 4167 1303 4221 τόπον
1341 4165 1450 4219 τῶν
1483 4171 1548 4220 ια’
1586 4167 1724 4218 ἀπο-

118 4258 368 4310 στόλων.

195 4349 472 4412 θαδδαῖος
503 4349 532 4402 6
561 4349 660 4420 τὴν
695 4348 977 4421 ἐπιστολὴν
1005 4351 1239 4422 Αὐγάρῳ
1268 4350 1516 4420 κομίσας.

219 4433 485 4497 Ἀνανίας
526 4435 553 4486 6
597 4433 864 4504 βαπτίσας
907 4435 1149 4501 Παῦλον,
1193 4437 1486 4500 ἐπίσκοπος
1535 4433 1720 4504 Δαμά-

121 4543 304 4579 σκου.

196 4623 488 4692 Στέφανος
519 4623 548 4676 6
575 4623 997 4697 πρωτομάρτυρ.

192 4715 481 4777 Φίλιππος
507 4716 536 4768 6
559 4713 651 4767 τὸν
683 4714 933 4786 εὐνοῦχον
965 4715 1252 4786 βαπτίσας.

191 4809 493 4879 Πρόχορος
533 4807 829 4871 ἐπίσκοπος
867 4807 1260 4879 Νικομηδείας,
1307 4808 1336 4860 6
1377 4805 1471 4860 καὶ
1502 4794 1726 4878 ’πρῶτος

104 4902 394 4968 ἐξελθὼν,
431 4900 726 4963 πιστεύσας
756 4900 891 4970 μετὰ
918 4899 1024 4951 τῶν
1056 4899 1368 4971 θυγατέρων
1392 4896 1578 4950 αὐτοῦ.

189 4992 476 5064 Νικάνωρ
501 4991 789 5053 ἀπέθανεν,
815 4991 902 5043 ὅτε
930 4989 1198 5060 Στέφανος
1230 4987 1623 5060 ἐμαρτύρησεν.

187 5175 403 5247 Τίμων
429 5175 726 5238 ἐπίσκοπος
754 5173 1012 5247 Βόστρης.

363 5477 452 5529 ἱσ.
488 5477 748 5555 ᾉςαρόοις.
781 5478 1103 5545 Combelis.,
1149 5490 1204 5536 at
1239 5479 1485 5550 Hieron.,
1523 5481 1714 5555 Magis.

185 5547 328 5618 14:1,)
361 5564 455 5616 γρ.
493 5547 677 5618 ἐλάτῃ.

351 5616 654 5696 Stephz‘le‘
699 5617 1046 5696 Moyne_legit
1078 5621 1440 5696 Καραμήνης.

361 5687 501 5762 god.
543 5686 805 5762 Βειιῇοοο.,’
822 5687 917 5742 τοῦ
947 5691 1172 5762 Κυρίου.

177 5757 320 5826 (44)
358 5757 549 5813 Exstat
574 5760 736 5815 etiam
767 5777 889 5816 cum
927 5757 1204 5832 superiore
1233 5764 1432 5836 scripto
1475 5766 1550 5822 De
1579 5769 1712 5823 dno-

1901 4069 1954 4122 2.
1997 4067 2287 4137 Cleophas,
2318 4066 2605 4136 episcopus
2641 4065 3156 4137 Hierosolymorum.

1903 4161 1956 4214 5.
1997 4159 2251 4214 Matthias
2285 4159 2380 4228 qui
2412 4159 2589 4213 locum
2636 4158 2890 4214 undecim
2937 4158 3196 4228 apostolis
3240 4157 3394 4212 addi-

1828 4262 1918 4308 tus
1951 4251 2237 4321 supplevit.

1902 4344 1958 4398 4.
1994 4342 2297 4398 Thaddaeus
2330 4343 2421 4413 qui
2458 4343 2744 4412 epistolam
2789 4343 2968 4398 attulit
2999 4343 3064 4397 ad
3096 4343 3394 4413 Augarum.

1904 4437 1959 4491 5.
1995 4436 2237 4491 Ananias
2270 4436 2366 4506 qui
2395 4435 2622 4491 Paulum
2657 4437 2968 4507 baptizavit,
3001 4435 3251 4492 Damasci
3280 4435 3396 4504 epi-

1826 4541 2044 4596 seopus.

1905 4617 1958 4673 6.
1997 4618 2306 4689 Stephanus
2339 4629 2725 4692 protomartyr.

1907 4712 1961 4767 7.
1993 4711 2293 4784 Philippus,
2334 4729 2365 4768 a
2396 4730 2506 4784 quo
2539 4715 2824 4770 eunuchus
2856 4714 3160 4782 baptizatus
3190 4722 3292 4768 est.

1905 4802 1959 4857 8.
1997 4803 2324 4872 Prochorus,
2357 4807 2650 4877 episcopus
2681 4805 3028 4872 Nicomedia,
3060 4805 3153 4875 qui
3191 4807 3400 4874 primus

1827 4893 1971 4950 diem
2006 4895 2164 4961 obiit,
2201 4895 2360 4952 ﬁdem
2399 4913 2521 4953 cum
2557 4898 2772 4953 ﬁliabus
2806 4899 2921 4953 suis
2949 4899 3251 4967 amplexus.

1898 4987 1952 5042 9.
1995 4985 2234 5043 Nicanor
2262 4989 2398 5044 obiit
2426 5006 2549 5046 cum
2585 4990 2892 5060 Stephanus
2928 4991 3218 5047 sustineret
3248 5004 3398 5044 mar-

1822 5078 2042 5149 tyrium.

1910 5167 1998 5224 10.
2032 5167 2250 5238 Timon,
2279 5169 2484 5227 Bostrae
2511 5174 2820 5243 episcopus.

1827 5486 1994 5564 decim
2022 5485 2273 5564 apostolis
2298 5484 2402 5564 sub
2441 5481 2710 5564 Hippolyti
2741 5481 2980 5564 [nomine
3020 5483 3075 5536 in
3117 5479 3395 5564 codicibus

1827 5550 2204 5612 duobus'bibl.
2235 5550 2580 5609 Coisliniana:
2604 5550 2716 5608 sive
2741 5550 3127 5623 Seguierianaz.
3152 5559 3212 5606 ut
3235 5558 3396 5623 testa-

1827 5635 1916 5681 tur
1947 5627 2160 5682 clariss.
2192 5624 2614 5679 Montl‘auconus
2641 5623 2695 5676 in
2724 5619 3043 5679 recénsione
3077 5639 3214 5678 mss.
3246 5619 3396 5676 Grae-

1825 5713 2012 5752 corum
2046 5697 2191 5751 illius
2216 5695 2347 5750 bibl.
2377 5693 2619 5766 Tertium
2647 5694 2886 5751 codicem
2915 5694 3189 5766 Hippolyti
3211 5692 3287 5748 De
3313 5707 3393 5748 xu

1825 5767 2072 5837 apostolis
2100 5775 2364 5824 memorat
2393 5781 2446 5837 p.
2474 5765 2597 5823 415.
