3862 6504
168 339 264 395 957
1223 343 1495 399 SPURIA.
1537 376 1607 388 —
1642 344 1964 402 CANONES
2002 347 2340 404 ABULIDIS.
3298 340 3402 397 933

234 464 460 537 Μάρκος
487 462 701 533 ἀνεψιὸς
729 462 1001 537 Βαρνάϐα,
1022 465 1315 530 ἐπίσκοπος
1351 467 1725 533 Ἀπολλωνίας.

1912 470 2001 526 56.
2047 469 2291 539 Marcus,
2355 471 2717 528 consobrinus
2765 466 3053 532 Barnabas,
3108 463 3407 537 Apollonia:

1836 575 2143 630 episcopus.

246 644 477 710 Ἰοῦστος
509 645 802 709 ἐπίσκοπος
847 645 1387 717 Ἐλευθερουπόλεως.

1906 651 1996 706 57.
2028 649 2241 718 Justus,
2275 650 2708 723 Eleutheroyolis
2741 650 3049 720 episcopus.

245 740 517 811 Ἀρτεμᾶς
546 737 841 801 ἐπίσκοπος
869 738 1136 810 Λύστρας.

1906 740 1996 796 58.
2033 741 2302 809 Artetnas,
2336 743 2623 812 cpiscopus
2649 740 2872 811 Lystrw.

231 830 466 901 Κλήμης
492 831 785 894 ἐπίσκοπος
811 830 1113 901 Σαρδινίας.

1905 832 1994 886 59.
2025 831 2297 899 Clemens,
2331 834 2616 902 episcopus
2649 831 2932 886 Sardinizr.

240 924 593 993 ὐνησίφορος
621 922 917 985 ἐπίσκοπος
944 921 1226 993 Κορώνης.

1909 923 1999 979 60.
2035 924 2428 995 Onesipltorus,
2461 925 2702 979 Corones
2726 925 3028 993 episcopus.

222 1014 491 1084 Τύχικος,
519 1014 815 1078 ἐπίσκοπος
842 1013 1202 1084 Χαλκηδόνος.

1904 1015 1992 1068 61.
2025 1016 2316 1087 Tychicus.
2348 1015 2634 1084 episcopus
2661 1013 3040 1068 Chalcedonis.

225 1105 455 1176 Κάρπος
486 1107 780 1169 ἐπίσκοπος
812 1106 1055 1178 Βηρύτου
1081 1107 1179 1177 τῆς
1208 1106 1447 1177 Θρᾴκης.

1902 1102 1992 1157 62.
2030 1103 2261 1173 Carpus,
2288 1104 2465 1175 Beryti
2493 1104 2781 1173 episcopus
2815 1104 2869 1156 in
2900 1102 3148 1157 Thracia.

224 1196 424 1260 Εὖοδος
452 1198 747 1261 ἐπίσκοπος
787 1199 1133 1269 Ἀντιοχείας.

1903 1196 1993 1250 65.
2028 1194 2265 1260 Ειόιιιιε,
2295 1195 2597 1249 Antiochiae
2624 1196 2948 1265 cpiscopus.’

238 1288 590 1359 Ἀρίσταρχος
622 1288 912 1352 ἐπίσκοπος
954 1290 1271 1361 Ἀπαμείας.

1903 1288 1993 1342 64.
2030 1287 2403 1351 Aristarchus,
2433 1288 2721 1356 episc0pus
2750 1286 3016 1356 Apameae.

226 1379 469 1451 Μάρκος,
496 1380 526 1432 ὁ
544 1380 638 1433 καὶ
663 1380 915 1453 Ἰωάννης
940 1382 1159 1453 ὁμοίως,
1194 1382 1488 1447 ἐπίσκοπος
1510 1382 1732 1436 Βιὸλου·

1902 1379 1991 1435 65.
2025 1378 2261 1446 Marcus,
2286 1379 2380 1451 qui
2427 1387 2478 1432 et
2525 1376 2782 1445 Joannes,
2825 1379 3111 1448 episcopus
3140 1377 3396 1447 Biblopo-

155 1470 385 1534 πόλεως.

1828 1472 1960 1527 leos.

225 1563 405 1632 Ζηνᾶς
432 1562 730 1626 ἐπίσκοπος
755 1562 1112 1627 Διοσπόλεως.

1904 1564 1991 1619 66.
2026 1562 2219 1631 Zenas,
2249 1564 2537 1635 cpiscopus
2567 1562 2900 1634 Diospoleos.

219 1650 476 1722 Φιλήμων
508 1650 800 1716 ἐπίσκοπος
826 1652 1023 1724 Γάζης.

1899 1659 1990 1714 67.
2026 1658 2332 1721 Philemon,
2361 1658 2518 1713 Gaza:
2547 1661 2851 1729 episcopus.

234 1742 608 1814 ’Δρίσταρχος,
650 1744 876 1814 Πούδης.

1898 1749 1967 1803 68
1994 1757 2049 1804 et
2078 1749 2167 1805 69.
2204 1750 2551 1805 Aristarchus
2576 1758 2629 1804 et
2652 1748 2883 1802 Pudens.

235 1838 293 1891 ’0
343 1839 660 1912 Τρόφιμος,
703 1841 851 1905 ὅστις
886 1843 981 1896 σὺν
1036 1841 1113 1913 τῷ
1175 1840 1370 1912 Παύλῳ
1414 1840 1726 1912 ἐμαρτύρη-

1904 1840 1991 1895 70.
2025 1838 2372 1911 Trophimus,
2404 1842 2496 1911 qui
2541 1857 2663 1896 cum
2703 1839 2872 1893 Paulo
2919 1836 3237 1908 martyrium
3271 1849 3397 1906 pas-

148 1946 261 1983 σεν.

1826 1950 1921 1990 SUS
1950 1942 2050 1988 BSL

762 2318 1277 2434 CAPITA
1356 2318 2044 2433 CANONUM
2132 2318 2789 2433 ABULIDIS

1256 2560 1524 2651 SIVE
1631 2556 2306 2649 HIPPOLYTI

1041 2748 1293 2825 Quibus
1323 2746 1651 2825 Ethiopes
1683 2744 2023 2809 Christiani
2068 2753 2334 2809 utuntur
2366 2746 2516 2828 (50).

204 3076 263 3128 1.
309 3070 385 3126 De
416 3079 605 3126 sancta
640 3069 743 3125 ﬁde
774 3068 901 3127 Jesu
934 3069 1226 3125 Christi“.
1741 3076 1784 3135 c
1888 3072 1974 3127 16.
2016 3070 2091 3127 De
2132 3071 2443 3129 Christiano
2484 3074 2581 3145 qui
2624 3086 2835 3128 servam
2887 3071 3236 3128 matrimonio
3279 3075 3384 3131 sibi

194 3168 262 3222 2.
307 3166 385 3220 De
417 3164 684 3234 episcopis
706 3166 773 3218 “.

554 3164 684 3233 :opis
706 3166 773 3218 “.
1813 3162 1991 3232 jungit
2016 3163 2079 3217 ³³.

196 3261 258 3317 3.
305 3259 381 3314 De
410 3257 751 3313 orationibus
797 3272 919 3326 qua:
955 3256 1212 3311 dicuntur
1256 3271 1419 3325 super
1445 3256 1714 3329 episcopis
1887 3256 1973 3309 17.
2018 3254 2093 3311 De
2124 3255 2323 3311 femina
2358 3257 2529 3312 libera
2556 3256 2622 3312 ³⁸.

118 3354 482 3419 ordinandis,
514 3362 569 3407 et
597 3353 663 3406 de
695 3353 886 3407 ordine
918 3353 1099 3406 missa:
1124 3353 1189 3405 ⁸³.
1888 3345 1973 3399 18.
2017 3346 2091 3401 De
2123 3347 2452 3415 obstetrice;
2478 3358 2531 3404 et
2559 3349 2702 3419 quod
2746 3347 2959 3405 femina
2994 3351 3225 3408 debeant
3266 3368 3385 3410 esse

193 3447 256 3501 4.
307 3443 384 3499 De
420 3443 762 3499 Ordinatione
799 3444 1261 3514 presbyterorum.
1816 3447 2078 3505 separata:
2100 3440 2169 3494 ab
2200 3441 2513 3497 hominibus
2538 3443 2591 3496 in
2626 3445 2872 3498 oratione
2893 3444 2936 3475 ³⁸

194 3539 258 3594 5.
308 3536 384 3592 De
423 3536 765 3591 ordinatione
802 3536 1180 3590 diaconorum.
1888 3529 1975 3584 I9.
2027 3530 2102 3586 De
2153 3534 2547 3590 eatechumeno
2591 3536 2684 3607 qui
2739 3536 3059 3608 martyrium
3112 3545 3238 3592 ante
3286 3537 3384 3593 ha-

194 3630 256 3684 6.
306 3628 383 3684 De
428 3628 498 3683 iis
531 3629 623 3699 qui
670 3629 1100 3699 persecutionem
1157 3635 1380 3698 propter
1427 3626 1583 3682 Iidem
1620 3644 1715 3698 pa-
1815 3622 2077 3691 plismum
2108 3625 2312 3694 patitur
2336 3627 2402 3681 ³⁸.

112 3722 350 3777 tiuntur
370 3720 439 3774 ".
1885 3717 1976 3773 20.
2019 3715 2095 3771 De
2119 3718 2331 3787 jejunio
2370 3719 2519 3777 feria:
2543 3732 2753 3793 quartze
2780 3731 2831 3776 et
2864 3731 3058 3789 sexta;
3087 3728 3141 3775 et
3160 3722 3226 3777 de
3251 3737 3386 3793 qua—

195 3817 257 3871 7.
306 3814 385 3870 De
413 3814 675 3870 electione
705 3821 1018 3884 anagnosta:
1054 3820 1109 3867 et
1131 3812 1455 3868 subdiaconi
1481 3814 1547 3866 ³⁸.
1817 3811 2117 3883 dragesima
2145 3813 2211 3866 ³⁷.

191 3909 254 3963 8.
308 3906 386 3962 De
418 3908 562 3961 dono
593 3907 821 3961 sanandi
846 3907 913 3961 ".
1884 3905 1976 3959 2|.
2020 3904 2373 3975 Prcshyteros
2402 3923 2510 3961 una
2546 3923 2669 3962 cum
2700 3906 2900 3977 populo
2930 3908 3172 3977 quotidie
3198 3908 3252 3963 in
3296 3922 3386 3963 ec—

190 4003 255 4055 9.
306 3998 383 4054 De
439 3999 778 4069 presbytero,
827 3999 921 4068 qui
969 3998 1022 4052 in
1056 3998 1179 4053 loco
1206 3996 1433 4052 muneri
1467 4013 1568 4052 suo
1604 4014 1713 4052 non
1815 3998 1980 4052 clesia
2014 4002 2305 4055 convenire
2330 4001 2526 4057 debere
2548 4003 2615 4046 ³⁸·

106 4090 481 4145 convenienti
519 4097 702 4143 manet
727 4088 795 4141 ’7.
1885 4090 1975 4143 22.
2023 4091 2096 4147 De
2128 4093 2466 4148 hebdomade
2513 4092 2795 4148 Paschalis
2841 4092 3187 4159 Judteorum;
3224 4100 3278 4147 et
3319 4092 3387 4148 de

186 4180 291 4234 10.
340 4176 417 4234 De
444 4180 509 4236 iis
538 4180 631 4250 qui
662 4195 719 4235 se
751 4178 818 4233 ad
843 4178 1159 4249 religionem
1190 4178 1556 4234 Christianam
1582 4196 1712 4236 con-
1816 4196 1882 4236 eo
1914 4183 2006 4251 qui
2040 4182 2248 4238 Pascha
2280 4200 2388 4238 non
2425 4185 2574 4238 novit
2597 4185 2661 4236 θ’.

100 4281 377 4329 vertunt.
1886 4273 1977 4327 2‘5.
2025 4272 2479 4344 Unumquemque
2503 4274 2672 4328 teneri
2697 4274 2993 4328 doctrinam
3023 4274 3303 4330 addiscere
3316 4272 3384 4329 δ’.

182 4367 290 4421 11.
338 4364 414 4420 De
447 4380 512 4419 eo
538 4364 633 4435 qui
664 4364 807 4419 idola
837 4364 1067 4420 fabricat
1093 4366 1157 4419 ³⁸.

1740 4414 1783 4437 ,λ
1884 4367 1974 4421 21.
2022 4366 2095 4420 De
2126 4382 2257 4420 cura
2292 4366 2531 4435 episcopi
2565 4366 2616 4419 in
2649 4375 2883 4437 aegrotos
2904 4367 2970 4420 ”.

186 4414 290 4421 -_-
338 4414 413 4420 η
452 4414 505 4419 η
544 4414 633 4435 τ.-
664 4414 807 4419 ---τ
837 4414 1067 4420 -__--__-
1145 4414 1157 4419 -
1888 4414 1974 4421 _--
2022 4414 2093 4420 _-
2132 4414 2257 4420 --η
2296 4414 2531 4435 -,,----,-
2650 4414 2881 4437 ηυη---
2958 4414 2971 4420 -

184 4459 293 4514 12.
343 4456 536 4513 Studia
563 4459 712 4512 varia
747 4467 1165 4524 enumerantur,
1200 4478 1432 4531 quorum
1468 4463 1708 4517 cultores
1740 4414 1785 4469 υ
1884 4460 1977 4514 25.
2020 4457 2095 4512 De
2117 4472 2182 4512 eo
2211 4458 2300 4511 cui
2332 4458 2573 4527 injuncta
2601 4466 2685 4512 est
2705 4474 2836 4512 cura
2860 4468 3222 4526 aegrotorum;
3247 4456 3387 4511 etde

90 4552 169 4605 ad
193 4550 537 4619 religionem
558 4549 927 4605 Christianam
957 4561 1081 4607 ante
1098 4554 1477 4622 pmnitentiam
1506 4554 1705 4610 factam
1816 4562 2060 4621 tempore
2090 4564 2199 4619 quo
2230 4548 2504 4603 orationes
2542 4550 2859 4619 peragenda:
2881 4550 2945 4603 δ’.

89 4642 454 4699 admittendi
481 4658 590 4697 non
619 4652 748 4699 sunt
771 4645 839 4699 ²⁹.
1883 4637 1974 4691 26.
2019 4635 2093 4690 De
2123 4646 2366 4705 tempore
2395 4651 2505 4704 quo
2542 4636 2951 4693 exhortationes
2977 4637 3258 4692 audiendae
3278 4639 3344 4693 ”.

172 4736 285 4790 13.
332 4732 409 4789 Dc
440 4734 561 4789 loco
589 4749 750 4803 quem
781 4735 982 4790 summi
1015 4751 1168 4806 reges
1196 4746 1291 4792 aut
1324 4739 1600 4809 principes
1627 4749 1705 4794 ιθ-
1885 4730 1974 4783 27.
2020 4728 2093 4783 De
2121 4745 2185 4783 eo
2214 4728 2307 4799 qui
2350 4728 2580 4800 singulis
2608 4728 2802 4785 diebus
2842 4732 3099 4801 templum
3132 4730 3385 4800 frequen-

82 4827 334 4883 nebunt
360 4825 416 4879 in
448 4826 649 4896 templo
674 4825 739 4879 ³ο.
1814 4834 1892 4879 ειη
1910 4824 1975 4879 ιι.

169 4919 282 4974 14.
310 4916 474 4985 Quod
494 4917 821 4977 Christianis
843 4935 949 4974 non
977 4921 1443 4976 eonveniatarma
1476 4920 1701 4977 ferre“.
1887 4920 1976 4974 28.
2020 4919 2233 4975 Fideles
2281 4920 2417 4974 nihil
2466 4920 2749 4976 comedere
2798 4929 3044 4991 oportere
3094 4930 3217 4975 ante
3257 4935 3383 4975 san-

166 5014 282 5069 15.
328 5010 408 5067 De
433 5012 666 5082 opiﬁciis
698 5029 820 5083 quae
848 5012 1175 5070 Christianis
1206 5014 1397 5069 illicita
1431 5024 1557 5070 sunt
1583 5014 1645 5069 ".
1815 5023 1958 5069 ctam
2001 5012 2437 5068 communionem
2460 5013 2524 5064 ".
2547 5010 2765 5066 FABRIC.

164 5155 222 5185 ”
264 5148 329 5202 L.
373 5165 427 5202 vr
458 5145 647 5203 Const.
679 5152 934 5219 apostol.,
968 5167 1017 5205 c.
1052 5152 1136 5217 11,
1166 5160 1271 5206 etc.
1349 5152 1473 5205 "L.
1518 5169 1613 5217 vn,
1657 5167 1686 5206 (ι

1924 5154 1967 5183 ’³
1993 5151 2054 5207 L.
2078 5168 2197 5216 VIII,
2238 5167 2286 5206 (τ.
2311 5152 2364 5214 4,
2385 5152 2437 5215 5,
2470 5151 2575 5204 16..
2657 5152 2701 5181 ³³
2723 5150 2784 5205 C.
2821 5150 2906 5212 I7,
2942 5149 3028 5211 I8,
3060 5149 3147 5213 19,
3172 5148 3261 5215 20,
3288 5148 3378 5214 23,

72 5224 185 5277 45.
286 5222 334 5252 ³³
380 5219 443 5273 C.
477 5219 569 5284 21,
600 5220 689 5274 22-.
770 5224 815 5253 ³⁸
843 5224 907 5277 C.
936 5224 986 5284 1,
1018 5224 1072 5276 2.
1150 5224 1192 5254 ’⁷
1224 5223 1285 5275 C.
1322 5223 1411 5283 46,
1454 5223 1544 5277 52.

1859 5225 1903 5256 ¹⁹
1928 5223 2061 5277 Ibid.
2140 5224 2184 5253 ³⁰
2232 5222 2414 5276 Deest.
2494 5222 2534 5251 δ’
2579 5220 2644 5275 C.
2691 5222 2779 5275 ⁸52.
2859 5221 2903 5251 ³¹
2944 5221 3074 5275 Ibid.
3152 5220 3197 5251 ³⁸
3244 5220 3376 5275 Ibid.

68 5295 128 5325 ³⁸
163 5291 329 5345 Ibid.
410 5290 457 5321 ³⁸
488 5288 549 5341 L.
586 5306 647 5352 ιι,
675 5307 724 5345 c.
766 5292 853 5345 57.
929 5292 1055 5347 ³³1..
1084 5309 1134 5357 v,
1164 5308 1213 5344 (ξ.
1246 5293 1297 5346 6.
1377 5293 1420 5324 ³⁷
1447 5292 1512 5345 L.
1537 5310 1586 5347 ν.

1860 5296 1914 5349 5.
2001 5294 2044 5325 ³⁸
2076 5293 2137 5347 L.
2174 5310 2237 5359 ιι,
2267 5308 2317 5347 c.
2349 5292 2441 5349 56.
2516 5291 2639 5346 “L.
2669 5309 2722 5355 ν,
2756 5308 2803 5346 c.
2842 5291 2926 5357 15,
2957 5300 3059 5344 etc.
3122 5289 3167 5322 ‘°
3195 5289 3257 5345 L.
3283 5306 3378 5355 vn,

66 5381 128 5418 c.
177 5362 305 5424 59,
347 5359 439 5424 40,
472 5360 561 5413 Il.
639 5362 680 5393 “
711 5360 775 5415 L.
810 5379 882 5430 tv,
921 5379 969 5418 c.
997 5364 1051 5416 2.
1130 5363 1176 5394 δ’
1199 5362 1261 5417 L.
1292 5378 1371 5426 ιιι,
1401 5364 1579 5430 c.19;

1852 5380 1882 5419 :.
1910 5365 2001 5419 54.
2077 5364 2122 5396 ⁸³
2146 5363 2206 5419 L.
2237 5379 2356 5428 vut,
2388 5379 2436 5418 c.
2466 5363 2555 5417 52.
2632 5361 2678 5393 “
2708 5361 2769 5416 L.
2800 5378 2857 5427 ιι,
2891 5378 2938 5417 c.
2966 5363 3056 5416 59.
3119 5360 3165 5392 ⁸⁸
3197 5360 3377 5417 Deest.

166 5480 466 5555 (5018320
482 5484 660 5555 capita
683 5484 893 5555 primus
910 5485 1101 5554 gallice
1122 5482 1460 5555 vulgavitJo.
1483 5483 1709 5555 Michael
1810 5484 1953 5555 quod
1988 5483 2326 5538 Primitivum
2346 5481 2817 5555 Christianismum
2838 5479 3381 5555 renatumjnscripsit

70 5548 483 5609 “'anslebius
509 5544 564 5607 iri
592 5544 731 5608 libro
752 5554 828 5609 De
852 5544 1088 5608 Ecclesia
1122 5544 1507 5619 Aleiandrina,
1532 5554 1705 5609 Paris.
1809 5544 1862 5608 et
1890 5556 2113 5621 Anglice
2147 5554 2315 5609 edidit
2340 5552 2515 5608 Lond.
2545 5553 2703 5618 1711,
2726 5554 2780 5616 8,
2808 5568 2863 5621 p.
2895 5552 3019 5606 545.
3049 5550 3192 5605 Idem
3212 5544 3376 5621 etiam

77 5571 145 5609 ιν
165 5571 483 5608 ansremus
509 5571 564 5607 ιιι
592 5571 731 5608 noro
752 5571 828 5609 ue
852 5571 1088 5608 maesta
1122 5571 1507 5619 Atexanarma,
1532 5571 1592 5607 ra

67 5628 96 5679 1
113 5622 283 5681 677.
326 5622 414 5676 12.
446 5623 638 5679 Latine
658 5624 829 5678 .Iobus
847 5623 1112 5679 Ludoll’us
1140 5625 1192 5677 in
1217 5624 1592 5679 Commentarit

1852 5571 1862 5608 l
1890 5571 1972 5608 ΛΟ
2013 5571 2113 5610 lICe
2147 5571 2315 5609 8011111.
2340 5571 2515 5608 bona.
2545 5571 2569 5606 ἰ
2589 5571 2703 5618 111,
2726 5571 2780 5616 δ,
2809 5571 2863 5621 p.
2895 5571 3019 5606 D40.
3050 5571 3192 5605 luem
3213 5571 3376 5603 Cllalu

1852 5642 1929 5681 ica
1965 5571 2414 5681 ἕοηδιὲιιιιίοηιιηι
2444 5624 2855 5693 apostolicarum
2884 5622 3161 5677 adnotavit
3189 5620 3253 5679 de
3281 5622 3377 5677 iis-

62 5693 797 5768 historiant/Etlliopicqnt
819 5694 1079 5768 ‘Francoli.
1110 5694 1267 5768 1691,
1287 5695 1408 5768 fol.,
1431 5711 1552 5768 pag.
1577 5695 1705 5768 555,
1810 5697 1932 5753 dem
1968 5696 2305 5768 argumentis
2340 5695 2650 5751 tractantia.

60 5778 132 5822 et
166 5764 504 5820 navissime
529 5764 673 5821 Guil.
706 5764 1026 5823 Whistonus
1052 5764 1109 5822 in
1137 5765 1410 5823 volumine
1436 5765 1506 5820 ΙΙΙ
1526 5766 1707 5837 operis
2038 5764 2059 5768 ⁷
2666 5766 2669 5769 ’
