3862 6486
500 335 602 389 959

500 546 601 601 lice
626 546 679 600 in
710 558 906 601 terram
937 548 1096 602 cadat
1120 548 1185 603 ⁸⁸.

568 642 657 695 50.
701 641 774 695 De
808 642 1215 697 catechumenis
1239 642 1303 695 ⁸⁷.

568 733 659 786 51.
716 732 1015 787 Diaconum
1070 733 1471 788 Encharistiam
1521 749 1645 789 cum
1710 736 2071 805 permissione

497 820 738 891 episcopi
757 831 852 876 aut
868 826 1168 895 presbyteri
1194 824 1392 894 populo
1419 825 1803 880 administrare
1827 842 1987 895 posse
2003 827 2067 882 ⁸⁸.

568 916 658 971 5‘2.
701 915 907 972 Viduas
944 928 1104 987 atque
1143 919 1383 988 virgines
1434 919 1651 975 assidue
1692 935 1851 974 orare
1905 934 2070 988 opor-

501 1017 611 1060 tere
635 1008 699 1061 ⁸⁹.

569 1100 658 1157 '53.
701 1100 1038 1156 Morinorum
1072 1102 1309 1157 ﬁdelium
1341 1103 1921 1159 commemorationem
1956 1104 2073 1158 sin-

500 1192 641 1262 gulis
669 1194 1211 1277 diebus_laciendam,
1242 1205 1464 1267 excepta
1499 1198 1586 1252 die
1623 1196 1904 1252 Dominica
1930 1198 1995 1249 ³ο.

1345 333 1637 391 APPEND.
1680 335 1772 389 AD
1811 336 2090 393 PARTEM
2126 337 2169 392 ll
2208 336 2492 393 OPERUM
2536 336 2591 391 S.
2638 334 3025 391 HIPPOLYTI.
3640 332 3725 391 960

568 456 659 510 '29.
700 454 842 510 Bene
872 454 1267 509 observandum
1301 470 1421 512 esse
1450 473 1518 512 ne
1550 458 1846 530 quidquam
1879 459 1946 516 de
1972 476 2062 516 ca-
2090 472 2138 529 Α

2242 463 2328 516 54.
2376 462 2449 516 De
2479 460 2745 516 modestia
2773 460 3115 515 saecularium
3146 458 3199 512 in
3222 456 3452 513 ecclesia
3476 457 3546 510 ⁸¹.

2244 576 2332 630 55.
2396 574 2668 629 Diaconos
2725 574 3157 628 benedictionem
3207 582 3257 627 et
3307 572 3512 641 gratias
3569 571 3723 625 dicere

2176 685 2337 737 posse
2373 670 2422 722 in
2456 668 2663 738 agapis,
2697 683 2820 722 cum
2844 667 3131 737 episcopus
3160 680 3393 735 prteSens
3422 678 3534 717 non
3560 675 3637 717 est
3662 666 3719 718 “.

2246 784 2333 837 56.
2374 782 2447 837 De
2480 783 2735 853 primitiis
2770 792 2926 838 terra:
2963 790 3017 837 et
3053 782 3118 835 de
3156 780 3296 835 votis
3319 780 3385 833 ⁸³.

2248 875 2336 930 57.
2378 874 2515 929 Cum
2547 875 2836 945 episcopus
2870 874 2928 929 S.
2962 875 3201 946 Synaxin
3230 873 3491 937 celebrat,
3520 872 3719 941 presby-

2178 990 2275 1047 teri
2311 991 2385 1043 illi
2418 992 2739 1046 assistentes
2766 990 2889 1044 alba
2919 988 3100 1045 vestiti
3126 1003 3245 1043 esse
3278 986 3479 1040 debent
3500 984 3567 1038 ⁵⁸.

2254 1103 2345 1158 '58.
2388 1101 2671 1157 Neminem
2701 1103 2939 1158 dormire
2964 1101 3158 1155 debere
3184 1108 3340 1154 nocte
3364 1094 3723 1152 Resurrectiaa

2178 1196 2266 1252 nis
2297 1195 2510 1250 Domini
2541 1196 2713 1250 nostri
2739 1194 2866 1251 Jesu
2898 1194 3098 1249 Christi
3121 1194 3188 1248 ⁸⁸.

818 1515 1469 1630 CANONES
1554 1516 2283 1631 ECCLESl/E
2364 1516 3421 1631 ALEXANDRlN/E

1436 1736 1871 1797 PERPERAM
1922 1736 2387 1799 HIPPOLYTO
2425 1737 2769 1799 TRIBUTI.

934 1901 1026 1962 (Dc
1050 1900 1319 1959 MAGlSTntS,
1352 1905 1467 1949 Actu
1498 1902 1767 1966 Martyrum
1789 1899 1853 1949 ad
1882 1898 2016 1950 Ostia
2044 1898 2293 1962 Tiberina,
2317 1900 2642 1962 Rome1795,
2670 1901 2772 1963 [οι.⁷
2798 1905 3045 1965 Append.,
3076 1918 3124 1967 p.
3150 1904 3279 1966 4'18.)

574 2199 638 2253 In
692 2200 1164 2265 nominePatris,
1212 2211 1259 2255 et
1317 2200 1483 2264 Filii,
1524 2211 1572 2254 et
1624 2198 1855 2267 Spiritus
1883 2202 2070 2256 sancti.
2110 2207 2151 2261 Β
2248 2200 2435 2255 Canon
2469 2206 2719 2269 quartus.
2760 2199 2831 2253 De
2860 2200 3197 2255 ordinatione
3228 2204 3552 2274 presbyteri.

500 2297 682 2348 Amen.

572 2385 673 2440 Isti
700 2395 821 2439 sunt
853 2385 1089 2441 Canoncs
1122 2386 1393 2453 Ecclesia},
1428 2388 1681 2439 mandata
1706 2402 1823 2445 autc
1862 2390 2070 2458 scripsit

502 2478 838 2549 Hippolytus,
861 2497 952 2548 per
979 2498 1129 2550 quem
1155 2481 1387 2551 loquitur
1414 2467 1718 2549 (Ecclesia),
1737 2492 1785 2534 et
1826 2498 2069 2535 numerus

497 2588 677 2625 eorum
706 2570 969 2624 XXXVIII
998 2572 1254 2627 Canones.
1285 2572 1444 2627 Salus
1470 2592 1501 2626 a
1528 2573 1769 2627 Domino.

569 2663 755 2715 Canon
792 2663 1017 2731 primus.
1062 2662 1137 2717 De
1178 2661 1309 2717 Fide
1347 2663 1634 2718 catholica.
1690 2664 1831 2719 Ante
1890 2666 2071 2719 omnia

500 2755 788 2827 loquamur
814 2757 879 2810 de
903 2756 1006 2809 {ide
1028 2764 1235 2827 sancta,
1257 2764 1401 2809 recta
1430 2755 1481 2808 in
1507 2754 1794 2809 Dominum
1825 2765 2070 2810 nostrum

498 2849 681 2903 Jesum
716 2847 1019 2911 Christum,
1052 2846 1245 2900 Filium
1277 2846 1369 2900 Dei
1399 2847 1528 2914 vivi,
1556 2856 1611 2901 et
1636 2848 1922 2917 posuimus
1946 2864 2069 2902 eum

500 2939 807 3011 (canonem)
853 2940 905 2993 in
960 2939 1063 2993 ﬁde
1113 2939 1426 3009 (symbolo),
1458 2950 1511 2995 et
1552 2956 1653 2995 nos
1696 2943 2071 2997 consentimus

498 3032 645 3085 omni
675 3032 995 3086 certitudine
1024 3031 1354 3097 rationabili,
1386 3032 1534 3101 quod
1580 3031 1820 3089 Trinitas
1846 3035 2071 3103 aaqualis

498 3123 735 3193 perfecte
764 3124 834 3178 sit
863 3124 914 3176 in
946 3123 1171 3187 honore,
1203 3124 1427 3193 aequalis
1454 3126 1506 3178 in
1534 3124 1724 3195 gloria,
1749 3141 1850 3181 nec
1876 3128 2074 3182 habeat

499 3216 714 3271 initium
764 3232 863 3272 nec
913 3216 1097 3270 linem.
1133 3215 1366 3271 Verbum
1411 3217 1582 3273 Filius
1628 3218 1722 3273 Dei
1761 3229 1815 3274 et
1853 3223 1968 3289 ipse
1992 3230 2074 3275 est

497 3315 710 3362 creator
735 3309 913 3362 omnis
943 3317 1227 3374 creatum,
1258 3309 1552 3363 visibilium
1599 3320 1653 3365 et
1696 3311 2069 3366 invisibilium.

501 3399 615 3454 lloc
646 3400 1027 3455 constituimus
1060 3402 1465 3456 consentientes
1509 3401 1771 3457 adversus
1818 3417 1932 3468 eos,
1979 3405 2073 3472 qui

500 3494 757 3547 audacter
797 3493 962 3546 locuti
998 3502 1148 3558 sunt,
1188 3494 1330 3562 quod
1372 3509 1478 3548 non
1513 3503 1758 3563 oporteat
1793 3495 1858 3549 de
1893 3494 2071 3550 Verbo

2240 2294 2426 2347 Canou
2458 2292 2703 2361 quintus.
2742 2291 2815 2346 De
2847 2293 3239 2348 constitutione
3269 2295 3511 2349 diaconi.

2245 2388 2429 2441 Canon
2465 2394 2671 2440 sextus.
2702 2384 2777 2439 De
2807 2385 2873 2440 iis
2897 2386 2988 2456 qui
3014 2387 3158 2457 passi
3192 2398 3317 2442 sunt
3342 2404 3445 2457 pro
3478 2390 3598 2445 ﬁde.

2244 2480 2428 2535 Canon
2460 2479 2743 2548 septimus.
2787 2477 2862 2532 De
2898 2493 2964 2532 eo
3010 2478 3101 2549 qui
3137 2492 3468 2550 anagnostes
3497 2492 3551 2536 et
3584 2483 3729 2551 hypo-

2172 2574 2438 2627 diaconus
2463 2572 2671 2626 electus
2694 2578 2795 2625 est.

2242 2666 2430 2719 Canou
2464 2672 2707 2718 octavus.
2751 2662 2826 2716 De
2850 2663 3190 2717 curationum
3219 2662 3387 2718 dono.

2243 2756 2430 2811 Canon
2464 2771 2661 2811 nonus.
2690 2754 2766 2809 Ne
2792 2754 2998 2809 habitet
3027 2755 3348 2827 (presbyter)
3395 2760 3450 2812 in
3496 2758 3629 2814 locis
3653 2757 3730 2811 ubi

2174 2867 2282 2905 non
2314 2857 2545 2917 oportet,
2579 2858 2631 2902 et
2659 2848 2725 2901 de
2754 2848 2959 2901 honore
2989 2847 3297 2903 viduarum.

2244 2942 2433 2995 Canou
2463 2939 2729 2995 decimus.
2760 2937 2835 2992 De
2860 2938 2946 2996 his
2976 2939 3070 3008 qui
3112 2935 3379 2994 Nazareni
3410 2940 3733 3011 (Christiani)

2174 3034 2289 3088 ﬁeri
2319 3033 2524 3087 volunt.

2244 3124 2432 3178 Canon
2464 3120 2807 3174 undecimus.
2836 3118 2909 3174 De
2938 3120 3030 3174 illo
3053 3121 3146 3191 qui
3174 3120 3305 3176 facit
3331 3121 3480 3176 idola
3504 3132 3558 3177 et
3584 3122 3733 3177 simu-

2173 3217 2341 3280 lacra,
2374 3214 2489 3269 sive
2513 3212 2728 3267 artifex.

2246 3308 2435 3363 Canon
2466 3304 2839 3361 duodecimns.
2874 3303 2948 3358 De
2980 3305 3369 3374 prohibitione,
3391 3307 3592 3361 horum
3620 3322 3735 3375 ope-

2174 3416 2319 3463 rum,
2347 3414 2583 3469 quorum
2617 3405 2871 3452 auctores
2907 3412 3015 3451 non
3044 3398 3377 3467 recipiantur
3401 3400 3512 3454 nisi
3540 3408 3736 3469 peracta

2176 3494 2513 3567 ptenitentia.

502 3584 595 3637 Dei
631 3583 826 3653 (loqui)
858 3583 1017 3637 sicuti
1045 3584 1257 3637 loeutus
1282 3594 1364 3638 est
1394 3584 1658 3640 Dominus
1689 3595 1873 3640 noster
1910 3583 2071 3641 Jesus
2097 3556 2139 3612 α
2178 3556 2192 3567 ’
2245 3587 2432 3642 Canou
2478 3585 2722 3640 decimus
2761 3584 2971 3638 tertius.
3026 3583 3101 3637 De
3152 3584 3397 3654 principe
3433 3595 3530 3637 aut
3567 3584 3739 3644 milite,

499 3675 776 3728 Christus.
807 3672 1128 3744 Congregati
1163 3690 1353 3729 smnus
1396 3676 1739 3745 potissimum
1785 3677 1853 3731 ad
1894 3677 2075 3747 prole-

501 3768 728 3822 rendum
771 3776 956 3821 sancte
990 3767 1056 3821 de
1094 3768 1226 3833 Deo,
1267 3777 1321 3823 et
1364 3769 1486 3822 illos
1521 3770 1911 3837 separavimus,
1947 3770 2074 3840 quia

502 3876 609 3912 non
637 3858 970 3913 concordant
997 3874 1120 3913 cum
1162 3858 1402 3914 Ecclesia
1450 3859 1501 3911 in
1552 3860 1855 3928 theoIOgia,
1902 3876 2075 3929 neque

500 3945 787 3999 nobiseum
837 3946 963 4001 tiliis
1010 3945 1435 4014 Scripturarum.
1486 3945 1775 4016 PrOpterea
1826 3965 2076 4019 segrega—

499 4038 681 4093 vimus
711 4055 807 4095 eos
838 4040 904 4093 ab
928 4038 1190 4104 Ecclesia,
1218 4048 1271 4094 et
1310 4041 1584 4111 negotium
1624 4055 1812 4095 eorum
1854 4043 2049 4112 reliqui

500 4146 626 4184 mus
657 4129 790 4197 Deo,
823 4128 915 4196 qui
942 4140 1220 4187 creaturas
1248 4146 1372 4186 cum
1404 4132 1612 4201 justitia
1643 4131 1927 4201 judicabit.
1966 4133 2075 4190 Illis

500 4232 681 4275 autem
719 4222 811 4292 qui
843 4223 941 4276 hos
992 4223 1275 4293 ignorant,
1325 4237 1512 4277 natum
1555 4222 1784 4279 facimus
1819 4226 1922 4281 hoc
1957 4227 2075 4281 sine

502 4311 724 4378 invidia,
755 4328 820 4366 ne
848 4313 1045 4366 malam
1076 4313 1357 4375 incurrant
1387 4324 1640 4380 mortem,
1672 4326 1929 4387 tanquam
1966 4319 2075 4372 hae-

500 4404 679 4471 retici,
720 4404 815 4459 sed
847 4415 1260 4475 promereantur
1282 4407 1447 4460 vitam
1472 4416 1748 4472 aeternam,
1768 4418 1821 4464 et
1846 4410 2075 4465 doceant

501 4499 640 4552 tilios
672 4514 822 4564 suos,
856 4509 909 4553 et
934 4508 1182 4568 posteros
1214 4516 1341 4555 suos
1368 4500 1507 4553 hanc
1538 4501 1755 4557 unicam
1786 4502 1964 4558 tidem.

571 4593 759 4646 Canon
792 4593 1084 4647 secundus.
1110 4592 1183 4646 De
1200 4592 1488 4661 episcopis.
1516 4591 1820 4664 Episcopus
1842 4595 2073 4664 eligatur

500 4685 568 4737 ab
620 4684 768 4737 omni
817 4684 1048 4754 populo,
1101 4684 1281 4752 sitque
1339 4683 1857 4752 irreprehensibilis,
1913 4686 2069 4740 sicuti

500 4777 762 4847 scriptum
796 4787 878 4831 est
910 4778 975 4832 de
1010 4793 1076 4832 eo
1107 4777 1160 4830 in
1205 4776 1466 4847 Apostolo
1492 4795 1505 4829 :
1536 4776 1588 4829 in
1639 4776 1974 4831 hebdomada
2018 4778 2072 4831 in

499 4884 607 4936 qua
640 4870 947 4932 ordinatur,
984 4879 1037 4923 et
1077 4869 1223 4923 dicat
1262 4868 1548 4922 universus
1597 4868 1866 4937 populus:
1908 4868 2072 4923 Volu-

498 4978 622 5017 mus
656 4977 810 5028 cum;
855 4963 1033 5030 sitque
1065 4962 1339 5016 silentium
1388 4961 1439 5013 in
1486 4967 1601 5013 toto
1644 4961 1803 5023 atrio,
1834 4969 1886 5014 et
1917 4972 2071 5015 orent

498 5070 691 5109 onmes
718 5071 878 5123 super
900 5071 1023 5109 eum
1053 5064 1107 5109 et
1133 5055 1316 5109 dicant
1344 5072 1355 5107 :
1383 5053 1427 5108 0
1452 5052 1612 5115 Deus,
1640 5053 1902 5107 conlirma
1929 5056 2073 5109 hunc

497 5160 656 5214 quem
686 5146 1003 5215 praeparasti
1035 5146 1216 5208 nobis,
1248 5154 1354 5199 etc.

571 5236 759 5294 Canon
805 5240 1020 5293 tertius.
1067 5238 1254 5292 Oratio
1298 5253 1459 5307 super
1505 5253 1629 5290 cum
1658 5237 1748 5305 qui
1780 5237 2074 5307 cpiscopus

499 5329 579 5392 ﬁt,
611 5340 665 5385 et
700 5331 972 5385 ordinatio
1008 5331 1204 5386 missze.
1251 5330 1393 5384 Deus
1438 5328 1599 5384 Pater
1640 5329 1853 5383 Domini
1901 5330 2071 5383 nostri

502 5420 628 5476 Iesu
654 5421 880 5487 Christi,
916 5423 1078 5477 Pater
1102 5423 1623 5490 misericordiarum,
1654 5433 1706 5477 el
1736 5423 1875 5478 Deus
1906 5423 2072 5477 tutius

500 5517 913 5577 consolationis.
948 5525 1051 5571 etc.

574 5629 619 5660 ⁸⁸
657 5628 830 5684 Deest.
921 5632 963 5663 ⁸⁷
1006 5630 1069 5685 L.
1101 5647 1196 5696 vn,
1234 5646 1281 5685 c.
1311 5632 1399 5694 '59,
1441 5641 1544 5685 etc.

503 5714 553 5751 (θ.
584 5701 769 5753 ιιι-44.
846 5702 885 5733 ⁸¹
918 5702 976 5756 L.
1016 5718 1075 5769 ll,
1104 5718 1153 5758 C.
1193 5702 1281 5757 57.
1359 5705 1403 5735 ⁵³
1432 5702 1605 5757 Dccst.

508 5772 541 5825 ι.
572 5787 623 5837 v,
656 5786 703 5826 c.
738 5771 821 5826 i9.

1641 5632 1684 5663 ⁸⁸
1729 5629 1785 5681 L.
1827 5646 1942 5687 vni.
1994 5646 2041 5683 c.
2080 5630 2164 5684 9.8.

1688 5704 1730 5733 ⁸⁵
1766 5700 1827 5754 L.
1861 5718 1917 5767 ιι,
1945 5718 1990 5754 c.
2019 5701 2108 5755 :5.

2178 3696 2245 3736 ne
2277 3678 2643 3749 suscipiantur
2673 3676 3171 3732 indiseriminatim.

2247 3770 2433 3825 Canou
2466 3770 2711 3825 decimus
2736 3778 2983 3840 quartus.
3013 3767 3089 3822 Ne
3117 3768 3207 3821 ﬁat
3231 3768 3389 3823 miles
3411 3766 3741 3822 Nazarenus.

2177 3863 2278 3917 nisi
2301 3864 2509 3932 jussus.

2248 3955 2434 4010 Canou
2462 3954 2709 4009 decimus
2734 3954 2977 4024 quintus.
3005 3951 3353 4006 Enmneratio
3382 3968 3618 4021 operum
3642 3969 3742 4019 qua

2176 4058 2303 4105 sunt
2334 4050 2542 4103 illicita.

2249 4139 2437 4193 Canou
2467 4136 2714 4193 decimus
2748 4144 2955 4190 sextus.
3010 4130 3083 4185 De
3116 4146 3182 4185 eo
3212 4132 3307 4201 qui
3338 4132 3507 4187 habet
3538 4149 3746 4188 uxorem

2176 4233 2470 4302 legitimam
2500 4240 2553 4285 et
2577 4230 2739 4283 aliam
2775 4229 2995 4295 insuper
3021 4226 3193 4279 ducit.

2248 4325 2436 4379 Canon
2482 4322 2727 4376 decimus
2776 4320 3061 4389 septimus.
3119 4316 3192 4370 De
3237 4316 3468 4371 muliere
3500 4317 3748 4387 ingenua.

2176 4416 2404 4486 ejusque
2443 4411 2653 4467 oliiciis.
2708 4409 2784 4465 De
2833 4408 3239 4472 obstetricibus,
3296 4424 3360 4463 ac
3414 4408 3695 4479 separan
3716 4424 3749 4457 ir

2175 4508 2416 4561 virorum
2446 4522 2475 4559 a
2509 4502 2849 4558 mulieribus.
2890 4500 2964 4555 De
3004 4500 3306 4570 virginibus
3346 4509 3402 4553 ut
3442 4502 3750 4571 coeperim

2176 4598 2344 4653 facies
2373 4614 2500 4652 suas
2526 4606 2579 4650 et
2614 4595 2792 4664 capita
2823 4609 2944 4648 sua.

2246 4690 2435 4744 Canou
2468 4687 2713 4741 decimus
2736 4694 2989 4740 octavus.
3020 4682 3096 4737 De
3127 4682 3433 4752 puerperis,
3478 4700 3549 4738 ac
3590 4684 3752 4736 obste-

2178 4779 2401 4835 tricibus
2431 4778 2643 4832 iterum.

2250 4869 2439 4925 Canou
2477 4866 2724 4922 decimus
2757 4880 2957 4920 nouus.
2992 4864 3066 4918 De
3100 4862 3537 4927 catechumenis,
3585 4873 3637 4913 et
3677 4874 3751 4911 or-

2178 4963 2457 5019 dinatione
2489 4959 2753 5031 Baptismi
2783 4971 2835 5012 ct
2860 4956 3057 5011 Missa.

2248 5056 2435 5111 Canon
2464 5053 2777 5109 vicesimus.
2822 5052 2895 5106 De
2935 5048 3145 5121 jejunio
3182 5046 3355 5117 (feria:
3402 5054 3501 5115 vi},
3536 5053 3595 5100 et
3633 5058 3751 5112 qua-

2180 5143 2551 5216 dragesimali.

2253 5237 2443 5293 Canou
2470 5234 2763 5290 vicesimus
2790 5232 3021 5303 primus.
3051 5230 3127 5285 De
3153 5230 3380 5285 collecta
3412 5227 3753 5282 sacerdotum

2179 5341 2232 5386 et
2262 5330 2446 5401 pepuli
2482 5329 2534 5383 in
2565 5327 2793 5383 ecclesia
2824 5325 3085 5395 quotidie.

2246 5420 2434 5477 Canou
2465 5420 2758 5475 vicesimus
2806 5418 3097 5472 secundus.
3147 5414 3220 5469 De
3268 5413 3623 5468 hebdomada
3667 5408 3757 5461 Pa-

2181 5515 2386 5570 schatis
2420 5513 2755 5578 Judteorum,
2792 5528 2899 5581 quo
2932 5510 3185 5583 gaudium
3214 5509 3451 5572 tolletur,
3488 5517 3549 5561 et
3594 5508 3662 5559 de
3702 5518 3757 5556 (θ

2268 5630 2310 5661 ⁸9
2364 5629 2424 5683 L.
2465 5645 2544 5689 nt,
2601 5644 2648 5682 c.
2690 5629 2742 5691 6,
2799 5626 2941 5692 7,l3.
3034 5628 3079 5657 ⁸ο
3110 5629 3170 5678 ιλ,
3224 5640 3297 5683 ιγ,
3352 5639 3399 5675 c.
3434 5623 3548 5687 li;
3580 5625 3617 5677 l.
3648 5636 3756 5681 vui.

2188 5702 2231 5732 ⁵⁸
2262 5700 2321 5754 L.
2351 5718 2442 5768 vn,
2467 5718 2513 5754 c.
2539 5699 2638 5767 ξω
2675 5700 2707 5753 l.
2740 5714 2855 5763 vm,
2887 5717 2931 5752 c.
2962 5696 3049 5764 30,
3076 5696 3163 5750 51.
3239 5695 3285 5728 ⁸⁸
3314 5693 3376 5748 L.
3403 5709 3533 5761 vm,
3576 5711 3627 5749 c.
3668 5696 3756 5755 lt,
