3862 6498
171 375 263 427 961

1170 363 1445 423 SPURIA.
1483 395 1552 405 —
1590 361 1909 419 CANONES
1948 360 2438 419 ALEXANDRINI.

3318 362 3424 419 962

172 483 313 553 quod
340 483 395 537 in
428 484 547 553 ipso
568 482 967 547 manducatur;
992 488 1043 535 et
1068 480 1134 535 de
1154 494 1221 534 eo
1240 482 1332 549 qui
1366 493 1592 550 peregre
1614 493 1747 534 con-
1777 482 1824 540 Α
1923 477 2109 531 Canou
2148 478 2454 533 tricesimus
2481 478 2772 531 secundus.
2820 474 2895 531 De
2926 474 3226 545 virginibus
3261 484 3314 531 et
3346 477 3423 530 vi-

172 574 391 628 stitutus
424 573 598 626 nescit
628 580 834 625 textum
861 569 1319 642 (Kalendarium).

238 654 430 719 Canon
458 663 751 719 vicesimus
797 663 1011 718 tertius.
1056 661 1131 718 De
1164 662 1437 727 doctrina,
1481 660 1627 730 quod
1672 661 1743 714 sit

171 764 426 824 perpetua
462 754 659 825 (major
696 754 858 825 mari)
894 764 947 810 et
979 755 1214 813 debeant
1241 756 1405 810 verba
1428 754 1549 825 ejus
1580 769 1742 824 Opere

172 845 451 914 compleri.

238 939 425 993 Canon
454 939 748 994 vicesimus
772 946 1025 1007 quartus.
1066 939 1143 995 De
1168 939 1407 1010 episcopi
1436 939 1745 993 visitatione

172 1043 531 1100 :rgrotorum;
574 1041 630 1087 et
676 1033 723 1087 si
769 1034 1006 1088 oraverit
1047 1032 1297 1088 inﬁrmus
1336 1034 1389 1087 in
1430 1032 1659 1088 ecclesia
1692 1041 1746 1086 ct

174 1122 368 1177 habeat
397 1124 643 1188 domum,
679 1125 902 1179 accedat
933 1125 1000 1180 ad
1032 1141 1179 1180 eum.

239 1215 426 1270 Canon
457 1217 752 1272 vicesimus
781 1219 1030 1287 quintus.
1082 1220 1158 1273 De
1200 1227 1552 1290 procuratore
1595 1217 1747 1271 inﬁr-

174 1322 384 1360 morum
416 1307 736 1371 constituto,
766 1318 819 1364 et
844 1309 1122 1378 episcopo,
1152 1319 1207 1364 et
1246 1308 1584 1379 temporibus
1617 1325 1745 1364 ora-

171 1400 356 1453 tionis.

238 1490 429 1545 Canon
463 1491 757 1546 vicesimus
799 1502 1005 1548 sextus.
1055 1493 1129 1548 De
1177 1493 1457 1549 auditione
1501 1494 1651 1548 verbi
1690 1492 1743 1545 in

170 1582 402 1635 ecclesia
439 1588 492 1635 et
520 1581 768 1636 oratione
792 1582 847 1635 in
874 1598 958 1637 ea.

239 1672 431 1727 Canon
468 1674 762 1730 vicesimus
804 1674 1090 1743 septimus.
1140 1673 1215 1729 De
1256 1690 1322 1730 eo
1364 1674 1457 1745 qui
1508 1678 1748 1746 quotidie

172 1781 278 1817 non
324 1766 533 1820 accedit
563 1766 631 1820 ad
668 1766 978 1833 ecclesiam;
1023 1766 1165 1837 legat
1202 1767 1400 1833 libros;
1439 1777 1493 1822 et
1522 1770 1589 1823 de
1624 1784 1749 1823 ora-

173 1857 318 1908 tione
354 1856 546 1910 medize
575 1857 775 1923 noctis,
808 1866 861 1911 et
893 1857 1189 1927 gallicinio,
1219 1866 1273 1912 et
1310 1859 1589 1913 ablutione
1627 1875 1746 1913 ma—

171 1961 342 1998 nuum
372 1955 612 2015 tempore
642 1946 936 2016 cujuslibet
959 1948 1245 2003 orationis.

237 2036 431 2092 Canon
463 2038 755 2093 vicesimus
782 2048 1024 2094 octavus.
1050 2037 1205 2104 Quod
1236 2055 1394 2094 nemo
1413 2041 1749 2096 credentium

173 2129 470 2199 quidquam
510 2140 718 2200 gustet,
765 2132 871 2187 nisi
909 2142 1196 2202 postquam
1252 2135 1552 2204 perceperit
1595 2150 1750 2190 sacra

170 2224 455 2291 mysteria,
488 2225 787 2293 praesertim
814 2225 1007 2281 diebus
1029 2225 1244 2295 jejunii.
1282 2276 1291 2279 _

242 2316 434 2369 Canon
467 2317 759 2372 vicesimus
793 2334 987 2373 nonus.
1024 2317 1100 2372 De
1140 2317 1386 2373 custodia
1414 2317 1748 2373 oblationum

169 2425 292 2478 quae
332 2424 498 2478 super
531 2410 701 2466 altare
738 2419 865 2466 sunt
897 2410 1192 2480 impositas;
1226 2426 1292 2465 ne
1328 2410 1622 2480 quidquam
1653 2411 1749 2465 de-

170 2502 317 2555 cidat
359 2502 413 2555 in
446 2513 691 2557 sanctum
725 2504 969 2567 calicem,
1011 2512 1064 2557 et
1094 2519 1160 2557 ne
1198 2502 1494 2572 quidquam
1540 2502 1752 2558 decidat

169 2607 199 2644 a
229 2592 632 2657 sacerdotibus,
663 2608 839 2663 neque
866 2609 933 2648 ex
964 2593 1145 2663 pueris
1182 2593 1274 2647 ubi
1310 2594 1748 2649 communionem

170 2685 557 2753 perceperint:
585 2701 652 2740 ne
683 2686 993 2741 dominetur
1021 2687 1101 2742 eis
1142 2688 1365 2756 spiritus
1404 2703 1660 2758 nequam,
1697 2698 1751 2744 et

168 2792 237 2829 nc
282 2777 541 2845 loquatur
589 2777 858 2847 quispiam
904 2778 959 2832 in
1013 2780 1347 2847 protectione
1396 2779 1749 2849 (sanctuario)

168 2868 277 2921 nisi
313 2869 618 2923 orationem
645 2870 902 2935 dicendo;
939 2879 990 2925 et
1018 2872 1109 2926 ubi
1151 2870 1407 2925 desinunt
1449 2872 1751 2927 oblationes

167 2960 357 3028 papuli
389 2960 633 3030 legantur
657 2960 859 3016 Psalmi
898 2962 1106 3032 (ubique
1154 2963 1265 3016 loco
1298 2962 1546 3017 Calvaria
1574 2972 1621 3016 et
1656 2980 1750 3033 pro

164 3054 569 3123 consignatione
600 3056 772 3108 crucis
797 3066 842 3108 et
870 3056 1185 3124 projectione
1208 3054 1433 3125 pulveris
1466 3056 1657 3109 altaris
1698 3056 1750 3109 in

1843 567 1966 622 duis
1998 578 2055 622 ut
2081 579 2239 624 orent
2270 581 2325 624 et
2350 570 2599 639 jejuncnt
2627 569 2680 623 in
2710 569 2961 623 ecclesia.
2993 567 3161 637 _Clero
3200 567 3424 637 ascripti

1844 668 2000 713 orent
2028 674 2127 730 pro
2156 675 2255 714 suo
2286 660 2530 713 arbitrio.
2563 658 2863 728 Episcopus
2899 675 3005 713 non
3037 660 3305 729 obligetur
3338 659 3423 728 je-

1839 749 1994 819 junio
2026 751 2130 807 nisi
2168 767 2290 805 cum
2328 753 2491 806 clero.
2535 749 2607 803 Et
2644 761 2853 820 propter
2880 751 3172 804 convivium
3200 761 3291 805 aut
3324 766 3425 805 coe-

1846 858 1966 894 nam
1993 853 2254 911 praeparet
2289 860 2382 913 pro
2421 844 2737 912 pauperibus
2763 844 2847 914 (ac
2882 844 2944 896 de
2970 858 3147 896 mensa
3173 842 3424 911 pauperi-

1847 933 1940 987 bus
1972 934 2257 1003 paranda).

1916 1026 2102 1079 Canon
2131 1026 2440 1080 tricesimus
2465 1026 2677 1083 tertius.
2709 1024 2782 1080 De
2811 1025 3079 1078 Atalmsas
3102 1022 3422 1094 (oblatione)

1846 1136 2008 1189 quam
2043 1130 2246 1189 ponent
2280 1135 2380 1190 pro
2428 1121 2513 1174 his
2546 1121 2638 1189 qui
2679 1120 2879 1173 mortui
2924 1127 3071 1182 sunt,
3120 1134 3187 1172 ne
3233 1119 3285 1173 id
3332 1119 3427 1173 liat

1847 1211 2130 1266 Dominica
2159 1212 2264 1266 die.

1916 1305 2102 1359 Canon
2130 1303 2455 1374 {tricesimus
2488 1313 2732 1373 quartus.
2782 1302 2857 1357 Ne
2895 1301 3019 1371 quis
3066 1303 3295 1357 multum
3337 1302 3422 1357 lo-

1847 1408 2067 1465 quatur,
2098 1412 2275 1466 neque
2297 1396 2589 1450 clamorem
2617 1395 2760 1459 edat,
2800 1406 2852 1448 et
2883 1395 2949 1448 de
2982 1403 3295 1448 sanctorum
3330 1395 3423 1449 in-

1849 1506 2039 1560 gressu
2073 1490 2126 1543 in
2160 1490 2475 1544 mansiones
2504 1488 2764 1542 ﬁdelium.

1917 1581 2103 1636 Canon
2141 1582 2453 1638 tricesimus
2487 1581 2731 1651 quintus.
2787 1580 2859 1635 De
2904 1580 3135 1635 diacono
3165 1592 3429 1649 praesente

1851 1680 1903 1733 in
1954 1680 2241 1747 convivio,
2285 1680 2338 1733 in
2392 1695 2500 1750 quo
2548 1680 2689 1734 adsit
2730 1681 3042 1750 presbyter;
3086 1680 3256 1734 vicem
3310 1679 3429 1748 ejus

1852 1779 2001 1839 gerat
2030 1771 2082 1824 in
2116 1771 2362 1825 oratione
2393 1780 2447 1825 et
2494 1770 2757 1825 fractione
2793 1772 2951 1841 panis
2984 1771 3049 1823 ad
3091 1770 3429 1825 benedictio-

1851 1876 2008 1926 nem,
2040 1869 2094 1915 et
2137 1876 2245 1915 non
2288 1861 2355 1915 ad
2388 1876 2618 1931 corpus;
2664 1862 2839 1931 deque
2879 1860 3197 1915 dimissione
3237 1859 3430 1913 vidua-

1849 1968 1994 2009 rum.

1920 2045 2110 2100 Canon
2140 2046 2451 2102 tricesimus
2496 2056 2703 2101 sextus.
2750 2046 2825 2100 De
2860 2045 3116 2115 primitiis
3151 2045 3427 2099 fructuum

1850 2147 2027 2203 terrae,
2057 2146 2111 2192 et
2133 2139 2311 2209 primo
2340 2151 2462 2194 voto
2493 2154 2707 2205 eorum,
2755 2150 2807 2193 et
2853 2139 3239 2199 torcularibus,
3290 2139 3428 2201 oleo,

1852 2229 2029 2292 melle,
2064 2229 2225 2294 lacte,
2254 2231 2377 2285 lana
2413 2240 2465 2286 et
2499 2230 2791 2296 similibus,
2823 2246 2944 2300 quae
2978 2229 3236 2298 episcopo
3263 2229 3429 2283 bene—

1851 2320 2078 2376 dicenda
2102 2322 2420 2376 offerantur.

1922 2413 2111 2467 Canon
2170 2414 2482 2469 tricesimus
2529 2413 2815 2483 septimus.
2873 2411 3097 2478 Quoties
3146 2411 3432 2479 episcopus

1854 2505 2082 2575 percipit
2107 2505 2172 2559 de
2209 2505 2481 2576 mysteriis
2516 2506 2743 2568 sanctis,
2783 2512 3180 2574 congregentur
3213 2502 3430 2556 diaconi

1852 2606 1907 2651 et
1952 2598 2254 2668 presbyteri
2304 2598 2475 2651 induti
2535 2598 2779 2652 vestibus
2828 2598 2965 2651 albis
3012 2594 3275 2665 speciosis
3323 2609 3434 2663 pra:

1853 2690 2003 2744 omni
2035 2689 2253 2759 populo,
2285 2698 2340 2743 et
2370 2689 2620 2744 similiter
2646 2697 2995 2759 anagnostes.

1925 2782 2111 2836 Canon
2142 2782 2456 2837 tricesimus
2498 2792 2745 2836 octavus.
2783 2781 2857 2835 De
2883 2780 3124 2837 noctein
3173 2794 3277 2849 qua
3315 2794 3436 2833 sur-

1858 2873 2000 2927 rexit
2025 2872 2087 2926 D.
2116 2871 2180 2927 N.
2208 2872 2367 2929 Jesus
2402 2873 2674 2928 Christus.
2718 2873 2795 2927 Ne
2830 2874 2971 2926 ullus
3002 2888 3063 2926 ea
3106 2882 3263 2925 nocte
3304 2871 3435 2924 dor-

1856 2963 1990 3017 miat
2015 2972 2068 3017 et
2099 2980 2239 3033 aqua
2293 2980 2350 3018 se
2401 2965 2618 3029 abluat;
2668 2973 2720 3017 et
2773 2964 3042 3033 expositio
3093 2962 3341 3031 hujusce,
3382 2968 3436 3014 ei

1856 3056 2123 3125 expositio
2154 3057 2220 3111 de
2260 3057 2352 3110 illo
2386 3057 2477 3127 qui
2510 3066 2631 3127 post
2659 3056 2992 3126 Baptismum
3022 3066 3229 3125 peccat,
3260 3059 3434 3125 deque

160 3150 429 3217 piscinam
458 3164 476 3202 :
504 3150 575 3204 ita
614 3151 683 3205 cl.
719 3151 1035 3221 .interpres,
1077 3151 1259 3220 potius
1302 3150 1591 3221 verterem)
1639 3167 1753 3204 cum
1782 3170 1824 3228 α
1858 3148 2018 3204 licitis
2061 3158 2114 3203 et
2151 3149 2376 3203 illicitis.

162 3241 313 3293 omni
347 3243 635 3295 attentione
666 3259 826 3312 usque
856 3243 924 3296 ad
948 3244 1154 3313 signum
1178 3243 1366 3297 crotali
1388 3257 1406 3296 :
1433 3259 1495 3296 ac
1516 3243 1580 3295 de
1603 3242 1749 3313 signa

162 3334 344 3387 crucis
368 3344 417 3386 et
439 3334 758 3403 projectione
788 3334 1037 3404 pulveris,
1075 3344 1180 3391 elc.

235 3425 432 3480 Canon
459 3427 788 3483 tricesimus.
816 3428 891 3483 De
914 3431 1338 3493 catcchumenis,
1369 3446 1430 3486 ac
1459 3430 1746 3485 similibus.

234 3518 435 3573 Canon
466 3519 777 3575 tricesimus
808 3521 1035 3590 primus.
1065 3523 1137 3577 De
1160 3522 1413 3592 episcopo
1436 3533 1490 3577 et
1526 3525 1751 3595 presby-

160 3621 287 3665 tero
324 3611 720 3682 imperantibus
758 3613 983 3669 diaccnc
1028 3622 1089 3668 ut
1131 3613 1573 3669 communionem
1620 3630 1750 3684 por-

156 3716 333 3776 rigat.

180 3928 436 3945 ῤ-

1931 3245 2243 3314 Expliciuut
2271 3244 2508 3299 Cauones
2538 3242 2596 3297 S.
2623 3243 2942 3311 patriarcha:
2975 3241 3251 3311 Hippolyti
3278 3242 3437 3309 primi

1857 3338 2178 3406 patriarchae
2221 3335 2368 3391 urbis
2408 3352 2612 3403 magna:
2652 3334 2847 3396 Romte,
2883 3351 3009 3403 quos
3046 3335 3355 3402 composuit,
3386 3344 3432 3385 et

1859 3446 2104 3483 numerus
2132 3442 2307 3482 eorum
2342 3439 2417 3483 cst
2442 3426 2701 3480 XXXVIII
2729 3426 3021 3481 Cauouum.
3053 3424 3188 3478 Deus
3217 3442 3307 3479 nos
3341 3426 3434 3477 ad-

1854 3523 1997 3591 juvet
2029 3523 2096 3575 ad
2128 3539 2212 3576 eos
2243 3523 2619 3592 exsequendas.
2670 3520 2736 3573 Et
2777 3520 2883 3572 Deo
2931 3519 3100 3589 gloria
3136 3534 3355 3586 semper,
3386 3527 3434 3570 et

1860 3632 2013 3686 super
2048 3633 2139 3670 uos
2168 3616 2535 3669 misericordia
2565 3614 2678 3685 ejus
2714 3616 2767 3667 in
2798 3613 3069 3667 swculum.
3103 3611 3286 3664 Amen.

1061 4096 1726 4211 ANONYMI
1814 4095 2550 4210 CUJUSDAM

516 4319 642 4392 Qui
696 4320 817 4383 sub
862 4318 1228 4383 Alexandro
1262 4320 1651 4398 imperatore
1688 4317 1954 4385 vixisse.
1988 4334 2159 4379 anno
2217 4316 2451 4379 Christi
2502 4316 2644 4389 236,
2699 4313 3073 4393 perhibetur

1011 4694 1284 4753 SANCTO
1316 4694 1701 4752 HIPPOLYTO
1733 4693 2126 4751 PORTUENSI
2159 4693 2619 4751 SUPPOSITUM.

1130 4857 1293 4921 (Vide
1334 4858 1658 4928 Patrologiaz
1706 4858 1915 4914 Latina:
1944 4866 2073 4912 tom.
2104 4855 2192 4921 Ill,
2224 4856 2329 4914 col.
2358 4849 2512 4920 657.)

139 5228 719 5315 Ρι-δεωθῐιιθῌεμι),
758 5228 1019 5315 nomine
1079 5223 1789 5315 Hippolytiolu‘nioris‘,
1856 5222 2181 5315 Thebani,
2257 5219 2586 5315 saaculi‘X
2639 5224 2973 5315 auctorep
3014 5215 3092 5277 ab
3163 5215 3426 5277 Alberto
3525 5294 3541 5315 ‘

535 5308 830 5370 Fabricio
871 5297 1457 5386 congesta-{ordini
1502 5302 1957 5380 chronologico
2005 5303 2402 5364 adhaerentes
2428 5343 2444 5372 ,
2483 5298 2588 5359 hic
2628 5297 3004 5359 omittimus.

137 5516 3406 5566 __________________________________________.__..

138 5648 439 5712 Librum
489 5645 596 5708 cui
648 5643 917 5707 titulus:
944 5642 1541 5721 Philosophumena.
1579 5639 1845 5721 Origeni
1887 5637 2163 5721 primum
2194 5678 2225 5721 ,_
2250 5637 2309 5696 S.
2344 5634 2699 5715 Hippolyto
2730 5640 2949 5712 postea
2978 5626 3427 5707 suppositum,

1127 5714 1395 5783 edemus
1421 5719 1487 5782 in
1520 5714 1989 5798 appendice’ad
2038 5714 2345 5777 saeculum
2383 5733 2470 5777 ιν.
