3862 6494
673 383 3683 414 mm

1144 597 1354 808 S.
1544 589 3079 804 GREGOBIUS

923 996 2313 1131 NEOCIESARIENSIS
2445 995 3293 1148 EPISCOPUS

1433 1283 1772 1345 COGNOM
1785 1283 1996 1344 ENTO
2044 1279 2391 1343 THAUMA
2403 1281 2736 1347 TURGUS.

1059 1734 1575 1830 NOTITIA
1650 1731 3127 1826 HlSTORlCO-LITTERABIA

1360 1972 1652 2036 (GALLAND.,
1683 1973 1792 2022 Yet.
1820 1973 1960 2022 Patr.
1991 1968 2240 2033 Biblioth.,
2266 1970 2354 2032 III,
2379 1971 2601 2035 Proleg.,
2623 1986 2672 2036 p.
2700 1972 2845 2035 xxv.)

464 2171 504 2225 1.
550 2171 853 2253 Gregorius,
898 2178 1053 2253 anteit
1083 2167 1418 2251 Theodorus,
1451 2167 1650 2253 (ἔνατεὲ
1687 2166 2040 2249 Romanisque
2074 2171 2118 2230 Α
2148 2165 2350 2220 moniis
2393 2179 2515 2234 qua:
2565 2165 2710 2220 illius
2754 2162 3022 2236 Operihus
3066 2166 3456 2236 praemisimus,
3501 2175 3606 2222 tum
3648 2180 3702 2219 ex

535 2237 829 2311 disciplinis
899 2240 1181 2306 excultus,
1246 2241 1518 2309 cpiscopus
1588 2237 2038 2311 Neocresariensis

534 2309 891 2367 consecratur.
923 2311 1039 2375 Quo
1074 2323 1300 2380 tempore
1325 2326 1622 2380 supremum
1653 2310 1793 2363 diem
1830 2309 2037 2362 abierit.

531 2450 766 2507 Sanctus
817 2447 1151 2520 Gregorius,
1216 2455 1372 2502 antea
1426 2446 1752 2503 Theodorus
1829 2446 2035 2510 dictus,

459 2544 796 2612 praenomine
836 2541 1087 2613 Magnus,
1117 2543 1328 2613 primus
1369 2538 1734 2597 Neoczesarete
1782 2539 1835 2594 in
1868 2539 2040 2595 Ponto

460 2634 750 2704 episcopus
806 2633 942 2701 fuit,
999 2652 1018 2685 ί
1060 2635 1130 2690 ob
1177 2635 1330 2705 signa
1383 2643 1549 2703 atque
1607 2632 1870 2687 miracula
1915 2648 2038 2702 qua:

458 2740 586 2780 cum
624 2724 795 2778 multa
825 2723 1192 2780 Ecclesiarum
1228 2725 1398 2795 gloria
1431 2725 1782 2794 perpetravit,
1817 2743 1834 2775 ι
1871 2732 1932 2778 ut
1961 2723 2038 2777 ait

457 2813 822 2886 Hieronymus
869 2815 981 2884 (1),
1031 2813 1459 2885 Tliaumatnrgus
1506 2815 1832 2884 appellatus.
1881 2813 2038 2870 Hunc

457 2905 688 2974 ejusque
742 2904 964 2959 fratrem
1002 2904 1438 2971 Athenodorum,
1485 2904 1721 2961 Eusebio
1766 2913 1903 2960 teste
1934 2906 2034 2976 (2),

455 2997 662 3054 Graecis
685 2997 1059 3066 Romanisque
1107 2997 1415 3068 disciplinis
1463 2998 1732 3065 excultos,
1772 2997 2036 3068 Origenes

453 3091 718 3147 Caesarem
755 3091 807 3144 in
838 3089 1127 3147 Palaestina
1174 3091 1367 3162 primis
1397 3091 1520 3146 ﬁdei
1559 3090 1885 3146 rudimentis
1926 3088 2032 3143 im-

453 3184 649 3253 buens,
679 3186 746 3240 ad
779 3200 962 3240 rerum
989 3185 1299 3240 divinarum
1330 3184 1736 3239 meditationem
1768 3183 2028 3240 traduxit.

452 3277 656 3347 Elapso
690 3278 1071 3350 quinquennio
1112 3278 1164 3332 in
1195 3277 1428 3348 patriam
1461 3293 1714 3332 reversus
1737 3275 2033 3347 Gregorius

451 3371 596 3425 circa
630 3386 834 3425 annum
864 3369 1071 3426 Christi
1099 3369 1226 3435 239,
1261 3368 1410 3423 haud
1448 3369 1622 3423 multo
1657 3377 1802 3438 post,
1829 3367 2032 3421 invitus

450 3456 597 3526 licet,
653 3477 684 3516 a
728 3461 1005 3516 Phaedimo
1057 3461 1306 3518 Amaseze
1373 3463 1606 3532 praesule
1675 3468 2031 3516 consecratur

2145 2256 2318 2328 ipsius
2336 2255 2456 2312 Vita
2488 2272 2583 2328 per
2614 2257 2675 2333 S.
2707 2258 3029 2329 Gregorium
3058 2257 3464 2332 Nyss.scripta.
3495 2260 3608 2327 Quo
3629 2278 3703 2314 an-

2145 2358 2253 2404 tem
2302 2365 2447 2405 anno
2488 2365 2805 2419 supremum
2835 2351 2978 2406 diem
3019 2352 3220 2407 obierit
3254 2362 3485 2408 sanctus
3508 2353 3703 2424 praesul,

2141 2457 2252 2497 non
2283 2442 2474 2514 liquet.
2505 2441 2640 2498 Illud
2664 2451 2874 2498 tantum
2891 2460 2958 2499 ex
2989 2443 3222 2500 Eusebio
3247 2456 3592 2516 perspectum
3623 2447 3704 2498 ha-

2142 2535 2335 2591 bemus
2369 2536 2468 2606 (8),
2526 2540 2707 2606 ipsum
2764 2535 2907 2591 inter
2953 2552 3048 2593 eos
3075 2536 3268 2593 Patres
3317 2539 3552 2592 maxime
3591 2538 3703 2592 emi-

2140 2629 2340 2688 nuisse,
2369 2628 2463 2698 qui
2501 2629 2572 2684 ob
2601 2627 2754 2683 Pauli
2782 2627 3125 2684 Samosateui
3153 2629 3406 2684 haeresim
3453 2645 3597 2684 anno
3616 2628 3705 2681 9.64

2140 2720 2442 2776 Antiochia:
2471 2721 2702 2791 primum
2734 2730 3124 2777 convenerunt.
3159 2720 3315 2788 Quod
3356 2721 3402 2776 si
3453 2721 3584 2776 ﬁdes
3627 2721 3706 2772 ha-

2139 2811 2332 2866 beatur
2381 2813 2592 2868 auctori
2627 2812 2818 2868 Libelli
2870 2813 3112 2884 synodici
3161 2813 3504 2884 temporibus
3541 2811 3706 2866 Photii

2139 2903 2332 2960 litteris
2371 2905 2696 2977 consignati,
2729 2905 3027 2976 Gregorius
3065 2904 3531 2962 Neoczrsariensis
3584 2905 3706 2958 inter

2138 2997 2392 3053 homines
2433 2999 2612 3054 adhuc
2649 2999 2842 3069 agebat
2875 3015 3020 3054 anno
3049 2998 3176 3064 270,
3209 2999 3412 3070 quippe
3439 3000 3537 3070 qui
3569 2998 3708 3052 alteri

2139 3091 2380 3146 concilio
2403 3091 2745 3148 Antiocheno
2795 3092 3111 3148 interfuisse
3155 3091 3395 3158 dicatur,
3446 3107 3560 3163 quo
3601 3100 3708 3144 tan-

2136 3182 2258 3236 dem
2299 3181 2693 3238 Samosatenus
2761 3183 3043 3252 depositus
3091 3184 3497 3253 damnatusque
3557 3181 3712 3236 fuisse

2137 3275 2477 3343 perhibetur.
2521 3275 2613 3329 Sic
2643 3274 2788 3329 enim
2826 3272 3080 3344 Synodici
3111 3283 3301 3329 auctor
3340 3274 3459 3346 (9):
3501 3271 3709 3330 Σύνοδος

2135 3365 2254 3419 Ocior.
2286 3366 2380 3420 καὶ
2414 3367 2535 3440 ἱερὰ
2564 3365 2784 3437 τοπικὴ,
2819 3367 2875 3421 ὲν
2907 3365 3210 3437 Ἀντιοχείᾳ
3240 3364 3711 3437 συναθροισθεῖσα·

2133 3453 2201 3531 ἦς
2243 3458 2469 3532 ἔξαρχος
2517 3455 2584 3532 ἦν
2631 3459 2878 3526 Ἕλενος,
2924 3461 2954 3512 ὁ
2987 3460 3202 3531 Ταρσοῦ
3251 3458 3711 3522 ἐπίσκοπος·...ὀ

453 3555 769 3626 episcopus;
817 3554 926 3608 non
967 3553 1208 3626 quidem,
1251 3566 1310 3610 ut
1346 3554 1595 3608 nonnulli
1636 3553 1842 3621 dixere,
1884 3553 2028 3608 nuda

2133 3551 2558 3624 Θαυματουργὸς
2582 3552 2903 3626 Γρηγόριος,
2919 3553 3253 3627 Καισαρείας
3275 3551 3512 3618 Πόντου,
3537 3569 3649 3606 κ.τ.
3668 3550 3711 3602 λ.

450 3650 506 3704 in
559 3650 836 3710 absentem
889 3648 1083 3718 procul
1127 3647 1296 3703 divini
1343 3645 1599 3702 Numinis
1648 3645 2024 3710 invocatione,

447 3741 542 3796 sed
585 3738 813 3795 solemni
867 3754 1127 3793 manuum
1181 3738 1569 3808 impositione,
1617 3738 1834 3792 πάντων
1887 3736 2026 3808 μετὰ

446 3833 618 3891 ταῦτα
647 3834 754 3888 τῶν
780 3833 1029 3906 νομίμων
1056 3833 1142 3887 ἐπ’
1170 3831 1321 3904 αὐτῷ
1353 3832 1732 3900 τελεσθέντων,
1795 3851 1814 3885 ι
1848 3833 2026 3889 omni-

447 3928 551 3983 bus
601 3936 786 3997 postea
839 3927 892 3980 in
935 3940 1002 3980 eo
1044 3926 1282 3996 peractis
1341 3940 1464 3996 quae
1512 3924 1771 3981 Ecclesiae
1830 3926 2026 3982 ritibus

445 4021 913 4092 praescribuntur,
947 4037 965 4070 ρ
1025 4018 1101 4072 ait
1153 4017 1356 4074 diserte
1408 4017 1465 4071 in
1511 4018 1634 4086 ejus
1660 4016 1784 4073 Vita
1825 4015 2025 4090 Nysse-

445 4129 552 4167 nus
579 4114 677 4183 (5),
714 4121 774 4166 ut
810 4112 915 4167 rite
955 4109 1187 4165 advertit
1222 4109 1291 4164 cl.
1334 4107 1664 4179 Lequienius
1689 4109 1787 4181 (4).
1835 4107 2024 4164 Eccle-

444 4205 582 4259 siam
642 4205 824 4273 itaque
879 4203 981 4258 sibi
1038 4202 1392 4258 commissam
1456 4202 1646 4258 sedulo
1710 4202 1890 4257 studio
1957 4218 2023 4258 ac

445 4313 659 4352 summa
687 4296 1050 4354 sollicitudine
1071 4296 1328 4366 pastorali
1353 4294 1662 4350 diutissime
1677 4295 2018 4365 gubernavit,

444 4396 507 4440 ut
533 4394 764 4439 testatur
802 4393 1024 4440 sanctus
1050 4384 1291 4439 Basilius
1322 4384 1424 4455 (5),
1457 4383 1693 4440 Eusebio
1734 4393 2020 4455 prepterea

443 4480 622 4535 dictus
669 4478 746 4550 (6)
796 4496 814 4529 ι
849 4479 1230 4548 episcoporum
1289 4487 1479 4533 nostra
1531 4488 1690 4533 aetate
1734 4478 2021 4533 celeberri-

441 4590 566 4630 mus
589 4612 602 4636 ,
644 4592 663 4626 ι
703 4574 731 4626 ὁ
759 4571 880 4626 καθ’
909 4573 1057 4642 ἡμᾶς
1084 4569 1733 4642 ὲπισκόπωνδιαϐόητος.
1767 4569 1871 4637 Qui
1896 4579 2018 4625 tan—

439 4671 562 4724 dem
599 4668 664 4721 ad
697 4675 936 4721 extrema
967 4665 1277 4732 deveniens,
1308 4680 1433 4720 cum
1466 4663 1658 4720 fuisset
1685 4664 2015 4730 sciscitatus,

438 4770 573 4834 quot
593 4761 772 4816 adhuc
805 4761 859 4814 in
891 4760 1027 4815 urbe
1058 4759 1328 4814 idolorum
1356 4758 1596 4814 cultores
1633 4768 2012 4828 superessent;

2137 3662 2156 3696 ι
2189 3642 2442 3716 Synodus
2480 3643 2663 3700 divina
2701 3655 2757 3702 et
2804 3662 2960 3703 sacra
2995 3647 3370 3718 provincialis,
3411 3645 3712 3701 Antiochia:

2130 3735 2357 3792 collecta
2391 3754 2404 3791 :
2441 3737 2598 3807 cujus
2639 3752 2842 3807 praeses
2883 3747 3004 3792 erat
3032 3737 3269 3795 Helenus
3299 3737 3464 3793 Tarsi
3511 3737 3716 3807 episco-

2129 3829 2776 3900 pus;....miraculorum
2831 3830 3056 3886 effector
3101 3830 3396 3903 Gregorius
3453 3831 3713 3886 Cazsarem

2128 3921 2328 3990 Ponti,
2361 3933 2468 3979 etc.
2509 3942 2528 3974 ι
2596 3921 2772 3992 Ilujns
2826 3933 3005 3979 tamen
3059 3925 3346 3995 scriptoris
3390 3925 3715 3985 sententia.

2128 4017 2254 4074 licet
2294 4033 2357 4072 ea
2388 4017 2522 4072 viris
2555 4017 2785 4074 eruditis
2815 4019 3075 4088 probetur
3107 4019 3242 4090 (10),
3279 4019 3427 4074 haud
3461 4023 3714 4092 equidem

2127 4113 2304 4168 libens
2340 4112 2687 4167 accesserim.
2735 4111 2871 4166 Nam
2922 4113 2974 4166 in
3013 4112 3258 4182 epistola;
3301 4113 3593 4184 synodicae
3635 4114 3716 4168 in-

2125 4207 2441 4276 scriptione,
2479 4220 2643 4275 quam
2675 4205 2861 4261 Patres
2897 4206 3061 4276 hujus
3109 4207 3330 4262 concilii
3369 4209 3714 4280 scripserunt

2125 4301 2193 4355 ad
2220 4298 2538 4370 Dionysium
2572 4297 2834 4353 Romana:
2868 4299 3019 4354 urbis
3053 4298 3368 4370 episcopum
3410 4310 3474 4355 et
3512 4302 3586 4356 ad
3612 4299 3720 4355 Ma-

2123 4393 2330 4447 ximum
2362 4391 2795 4446 Alexandrinum
2841 4391 2994 4462 (Η),
3049 4401 3175 4446 eum
3229 4393 3559 4462 complures
3608 4395 3718 4465 epi—

2122 4483 2275 4553 scopi
2323 4492 2446 4554 post
2483 4481 2744 4537 Helenum
2776 4481 3104 4538 Tarsensem
3142 4483 3530 4552 nominentur,
3587 4501 3717 4541 aus-

2121 4573 2268 4644 piam
2304 4581 2583 4643 comparet
2599 4581 2784 4628 noster
2800 4571 3096 4643 Gregorius
3111 4589 3124 4626 :
3141 4574 3525 4632 nominandus
3553 4559 3720 4632 enim-

2121 4681 2253 4721 vero
2278 4665 2324 4721 si
2351 4665 2570 4720 demum
2603 4662 2902 4728 adfuisset;
2931 4664 3031 4735 qui
3063 4665 3320 4720 nimirum
3351 4667 3505 4722 inter
3529 4667 3719 4724 Patres

2120 4757 2416 4813 anterioris
2447 4757 2664 4813 concilii
2687 4756 3014 4812 Antiocheni
3047 4760 3280 4813 maxime
3299 4761 3570 4816 enituisse
3596 4777 3718 4815 nar—

438 4856 532 4912 ubi
579 4853 833 4924 cognovit
867 4867 975 4906 non
1010 4851 1195 4922 plures
1232 4866 1357 4907 esse
1397 4867 1562 4920 quam
1603 4851 2012 4920 septemdecim,
2043 4877 2084 4935 ο
2120 4868 2292 4914 retur.
2341 4857 2500 4924 Quod
2535 4865 2718 4912 autem
2765 4871 3058 4914 censemus
3107 4856 3176 4910 de
3223 4855 3414 4910 Libelli
3464 4858 3720 4928 synodici

439 4947 552 5004 Deo
575 4948 779 5019 gratias
810 4961 1010 5016 agens:
1037 4964 1056 4998 ι
1093 4943 1340 4999 Totidem
1364 4945 1607 5014 quidem,
1631 4944 1828 5014 inquit,
1855 4943 2016 4998 Chri-

435 5042 508 5097 sti
548 5041 708 5096 iidem
747 5040 1160 5110 profitebantur,
1208 5054 1318 5110 quo
1360 5048 1606 5109 tempore
1650 5039 1792 5094 hanc
1819 5037 2008 5094 Eccle-

436 5134 574 5188 siam
631 5133 925 5203 regendam
987 5131 1202 5202 suscepi
1253 5131 1353 5203 ('7).
1399 5150 1418 5184 ι
1450 5129 1678 5201 Reliqua
1709 5131 1826 5200 ejus
1860 5139 2012 5200 gesta

345 5283 354 5294 ,
434 5226 799 5297 praaterimus,
837 5223 977 5279 infra
1008 5225 1297 5294 repetenda
1325 5240 1451 5279 cum
1477 5241 1540 5278 ex
1569 5232 1816 5279 veterum
1855 5225 2010 5280 testi-

534 5386 584 5525 !)
621 5384 702 5440 De
731 5383 836 5440 vir.
867 5383 1091 5451 illustr.,
1125 5400 1247 5455 cap.
1278 5384 1368 5440 65.

534 5458 562 5510 2
625 5455 770 5510 Hist.
802 5455 957 5525 eccl.,
995 5456 1089 5509 lib.
1121 5470 1198 5519 v1,
1230 5471 1351 5525 cap.

528 5455 584 5525 2)
625 5455 770 5526 Hist.
800 5455 957 5526 eaet,
995 5456 1089 5526 lib,
1121 5470 1198 5519 v1,
1230 5471 1351 5526 cap.
1386 5455 1473 5510 '50.

533 5524 586 5595 5’)
637 5525 743 5583 Vit.
786 5524 1016 5596 S.Greg.
1047 5524 1311 5596 T/tattm.,
1327 5540 1447 5596 cap.
1478 5525 1531 5580 8.

531 5598 583 5666 4)
631 5596 725 5650 0r.
755 5595 978 5665 Christ.,
1009 5605 1144 5652 tom.
1177 5595 1217 5662 l,
1261 5595 1522 5665 pag.'50|,

504 5668 582 5738 (5)
621 5667 791 5738 Ερίεῑο
821 5667 910 5738 64η

529 5737 584 5810 ο)
623 5735 772 5810 _l-_list.
806 5737 957 5810 ccci,
988 5735 1085 5810 lib:
1116 5751 1193 5810 v_t,
1225 5735 1456 5810 capio.

529 5740 584 5810 6)
628 5740 772 5791 Hist.
806 5740 957 5800 εδει..
988 5740 1085 5790 lib.
1116 5751 1193 5798 vt,
1225 5751 1286 5789 ca
1331 5776 1344 5788 .
1369 5740 1456 5792 50.

505 5740 583 5881 (7)
622 5807 853 5882 Nyssen.
897 5807 1001 5862 Vit.
1041 5751 1548 5879 S.Grcg.g'haum.,
1580 5823 1698 5879 cap.
1733 5809 1824 5864 2‘3.

2125 4961 2369 5015 auctore,
2392 4950 2536 5004 idem
2570 4949 2983 5021 intelligendum
3018 4948 3402 5005 existimamus
3435 4951 3516 5006 de
3541 4951 3721 5006 Theo-

2117 5045 2256 5100 doro
2287 5042 2638 5108 Balsamone,
2671 5043 2762 5112 qui
2793 5040 3024 5096 Paulum
3055 5041 3488 5098 Samosatenum
3527 5059 3562 5099 δ
3585 5043 3718 5100 Gre-

2118 5137 2272 5208 gorio
2305 5134 2716 5204 Thaumaturgo
2762 5134 2995 5203 aliisque
3041 5134 3214 5189 fuisse
3255 5134 3584 5205 depositum
3621 5147 3723 5192 tra-

2119 5229 2198 5283 dit
2254 5227 2410 5299 (12),
2475 5226 2754 5281 laudatum
2814 5226 3025 5283 scilicet
3077 5242 3411 5298 auonymum
3475 5227 3720 5286 fortasse

2317 5383 2651 5466 Hist._eccl.,
2691 5381 2787 5437 lib.
2819 5398 3076 5466 vah-cap.
3106 5382 3213 5466 g8;
3254 5454 3266 5466 _
3321 5453 3334 5466 ο
3429 5453 3504 5466 ἢ.

2193 5452 2269 5530 (9)
2286 5455 2513 5539 "Synod.
2549 5465 2675 5539 ach,
2715 5469 2835 5524 cap.
2867 5452 2958 5520 27,
2998 5452 3141 5524 apud
3171 5453 3390 5509 Fabric.
3418 5453 3591 5512 Bibl.
3625 5453 3723 5510 Cr.

2117 5525 2260 5585 tom.
2286 5525 2380 5595 Χῖ,
2411 5544 2535 5598 pag.
2563 5525 2686 5605 i95_.

2117 5599 2590 5724 naéiogﬁli‘aiioig:
2613 5595 2830 5649 dissert.
2847 5591 2923 5648 De
2955 5593 3157 5654 cult.J.
3175 5597 3284 5653 αα
3316 5598 3472 5670 Meg.
3497 5603 3724 5668 adl:ib.,

2110 5687 2234 5741 pag.

2183 5668 2234 5737 g.
2265 5668 2356 5732 26,
2386 5677 2498 5721 not.
2528 5668 2581 5721 8.
3413 5668 3428 5670 ἡ

2183 5741 2293 5811 (11)
2334 5739 2560 5811 Eu_seb.,
2593 5734 2738 5811 Hist.
2770 5733 2923 5811 ecct.,
2955 5735 3050 5790 lib.
3084 5755 3180 5811 vn,
3221 5755 3341 5809 cap.
3368 5737 3470 5811 QQ,

2183 5805 2294 5882 (1‘2)
2337 5809 2601 5874 Balsam.,
2633 5805 2818 5862 Schol.
2853 5805 2909 5859 in
2939 5821 3059 5862 can.
3090 5809 3154 5864 21
3208 5805 3369 5867 conc.
3391 5805 3536 5860 Nic.
