3862 6510
195 364 299 419 965

1040 372 1097 426 S.
1138 371 1533 429 GREGORIUS
1570 370 2169 430 THAUMA'I'URGUS.
2202 402 2274 414 -—
2305 373 2601 431 NOTITIA.

3340 386 3443 443 966

193 491 519 537 assectatus.
578 479 777 537 Verum
844 484 929 538 his
988 488 1199 555 missis,
1261 489 1327 543 ad
1393 487 1563 543 sancti
1592 486 1769 541 Patris
1797 524 1840 580 Α
1873 489 2131 555 positione
2174 487 2435 552 recitatis,
2476 489 2657 558 priore
2702 489 2821 545 loco
2865 491 3028 548 citato
3075 494 3189 551 haec
3224 498 3437 558 subdit:

194 574 371 628 nostri
423 574 626 644 scripta
692 577 925 633 breviter
983 582 1311 635 recensenda
1369 596 1429 635 se
1482 587 1763 635 convertat

192 665 395 719 Oratio.

193 753 362 828 ll.__S.
395 755 633 827 Gregorii
695 758 971 828 Expositio
1041 762 1161 816 lidci
1226 764 1480 818 divinitus
1532 765 1756 819 dictata.

270 826 512 881 Veterum
564 826 875 884 testimoniis
929 833 1236 886 authetttica
1280 851 1392 888 esse
1428 836 1754 903 perhibetur.

259 945 406 996 Inter
451 943 668 1012 pietatis
717 959 780 998 ac
829 943 1087 1001 doctrina:
1139 958 1512 1014 monumenta,
1540 947 1760 1003 Neocre-

186 1036 704 1093 sariensiEcclesiaa
736 1046 992 1108 tanquam
1032 1042 1332 1110 pretiosum
1370 1043 1756 1111 patrimonium

183 1124 492 1195 aGregorio
521 1129 727 1192 relicta,
755 1130 877 1200 jure
906 1147 1013 1201 prae
1045 1132 1300 1187 omnibus
1330 1133 1635 1187 celebratur
1664 1132 1757 1187 illa

183 1216 462 1286 Erpositio
523 1220 681 1287 ﬁdei,
739 1238 903 1291 quam
951 1223 1037 1277 vir
1089 1223 1445 1279 admirandus
1496 1224 1757 1280 divinitus

181 1309 438 1364 dictatam
505 1313 753 1380 pretinus
815 1314 1007 1370 litteris
1066 1315 1354 1369 mandasse
1420 1316 1751 1385 perhibetur.

180 1400 474 1471 Gregorius
501 1402 799 1474 Nysscnus,
824 1405 919 1475 qui
966 1423 1078 1461 rem
1129 1407 1182 1461 in
1221 1408 1342 1478 ejus
1371 1407 1493 1463 Vita
1525 1409 1756 1465 ﬁdeliter

178 1502 390 1557 narrat,
441 1496 644 1565 quique
691 1497 897 1565 primus
934 1499 1178 1552 omnium
1235 1499 1374 1555 idem
1426 1501 1549 1557 ﬁdei
1596 1501 1754 1574 Sym-

174 1586 362 1640 bolum
391 1587 677 1657 descripsit
703 1588 836 1660 (l5),
866 1589 932 1643 ad
958 1590 1137 1658 ipsum
1170 1590 1561 1665 Thaumaturgi
1594 1595 1755 1649 αὑτό-

174 1694 385 1748 γραφον
416 1688 670 1749 provocat
704 1681 788 1733 bis
822 1681 1003 1737 verbis
1036 1682 1146 1754 (14)
1176 1698 1189 1735 :
1228 1684 1295 1737 Εί
1323 1702 1405 1748 τις
1435 1684 1569 1756 τῷδε
1603 1687 1754 1755 φίλος

172 1771 302 1841 περὶ
363 1770 549 1825 τούτου
610 1772 925 1843 πεισθῆναι,
992 1773 1237 1827 ἀκουέτω
1273 1776 1369 1846 τῆς
1405 1776 1747 1849 Ἐκκλησίας,

1872 581 1967 642 Ὠς
2012 598 2095 643 τις
2126 580 2235 633 τῶν
2270 582 2451 653 μικρῷ
2501 582 2733 654 πρόσθεν
2786 583 3060 657 Θεοφόρων
3117 589 3441 664 ἐφιλοσόφη-

1865 687 1992 724 cev:
2027 691 2046 723 ‹
2082 670 2150 726 Ut
2174 672 2443 741 quispiam
2470 672 2655 727 divino
2688 676 2909 731 numine
2939 678 3149 734 amatus
3182 682 3326 737 haud
3363 686 3437 741 ita

1862 761 2069 831 pridem
2141 763 2557 831 philosophatus
2603 772 2705 820 est.
2744 782 2761 814 ι
2832 765 2948 831 Qua
3002 784 3132 824 sane
3182 772 3439 842 loquendi

1861 852 2073 906 ratione
2103 854 2413 924 theologum
2446 856 2753 924 respexisse
2782 857 2847 910 ad
2878 856 3273 933 Thaumaturgi
3313 880 3441 935 apo-

1860 945 2143 1015 calypsim,
2194 962 2291 1001 seu
2336 948 2399 1001 ad
2436 948 2563 1017 ﬁdei
2598 948 2904 1017 Symbolum
2937 954 3153 1009 cmlitus
3199 956 3300 1025 ipsi
3349 974 3438 1012 re-

1859 1038 2118 1105 velatum,
2147 1039 2303 1108 cujus
2335 1040 2497 1095 verba
2528 1042 2689 1110 paulo
2723 1051 2848 1096 ante
2877 1055 3190 1115 usurparat,
3226 1049 3438 1103 monuit

1859 1129 1988 1182 olim
2020 1129 2167 1186 Elias
2208 1130 2501 1198 Cretensis,
2540 1144 2598 1187 ut
2650 1148 2771 1205 post
2812 1136 3028 1192 Billium
3076 1140 3141 1194 ad
3177 1155 3300 1195 eum
3352 1142 3434 1197 lo-

1859 1234 1983 1273 cum
2017 1221 2433 1279 adnotabamus.
2461 1226 2539 1279 Ad
2567 1226 2679 1281 hazc
2705 1227 2934 1285 Rufinus
2954 1232 3199 1285 eamdem
3230 1232 3435 1304 Grego-

1858 1311 2067 1367 rianam
2096 1312 2497 1384 Expositionem
2531 1333 2595 1372 ex
2631 1317 2899 1390 Nysseno,
2937 1332 2994 1376 nt
3026 1324 3243 1393 quidem
3277 1334 3429 1395 puto,

1856 1407 2199 1477 desumptam
2250 1425 2363 1465 suae
2406 1412 2641 1467 versioni
2689 1413 3010 1471 Eusebianze
3042 1417 3300 1475 Historia:
3342 1421 3427 1474 in-

1856 1499 2029 1553 texuit
2070 1499 2204 1571 (l8).
2267 1502 2444 1570 Ipsam
2516 1513 2774 1572 pra-terea
2843 1516 3099 1578 tanquam
3156 1511 3429 1567 sincerum

1857 1587 2245 1661 'l'baumaturgi
2295 1591 2462 1647 fetum
2514 1605 2853 1665 agnoverunt
2904 1596 3093 1653 Patres
3139 1601 3193 1655 in
3243 1604 3429 1671 quinta

1855 1682 2191 1736 aecumeniea
2229 1684 2436 1753 synodo
2464 1687 2795 1755 congregati.
2825 1684 3029 1741 Omitto
3052 1686 3291 1743 Nicetam
3313 1691 3428 1760 (l9)

1856 1774 2099 1844 aliosque
2161 1777 2453 1845 scriptores
2501 1777 2720 1833 Graecos
2788 1780 2930 1851 apud
2978 1780 3236 1837 Allatium
3288 1782 3425 1854 (ΞΟ),

172 1864 229 1915 ὲν
319 1863 492 1916 ταῦτα
537 1866 825 1936 ἐκήρυττε,
869 1865 999 1937 παρ’
1026 1860 1107 1929 οἷς
1145 1866 1284 1920 αὐτὰ
1320 1866 1389 1920 τὰ
1424 1870 1749 1941 χαράγματα

1852 1866 1946 1936 qui
1983 1866 2229 1921 eamdem
2264 1867 2575 1923 laudarunt.

168 1954 269 2023 τῆς
303 1955 581 2027 μακαρίας
623 1956 835 2027 ἐκείνης
873 1957 1055 2028 χειρὸς
1088 1958 1258 2012 εἰσέτι
1297 1959 1390 2013 καὶ
1426 1960 1520 2013 νῦν
1554 1961 1749 2016 διασώ-

168 2045 346 2110 ζεται.
400 2048 455 2102 ld
499 2057 633 2104 est:
686 2068 704 2100 ς
739 2048 894 2115 Quod
943 2051 991 2105 si
1038 2051 1161 2120 quis
1211 2051 1278 2106 de
1328 2052 1430 2108 hac
1482 2069 1539 2109 re
1588 2054 1745 2109 ﬁdem

167 2139 270 2193 sibi
305 2139 421 2193 ﬁeri
463 2141 633 2211 cupit,
676 2142 868 2197 audiat
902 2141 1205 2198 Ecclesiam
1249 2143 1301 2198 in
1334 2160 1442 2215 qua
1474 2146 1575 2201 ista
1606 2163 1746 2217 pra:-

164 2232 421 2299 dicabat;
492 2235 634 2309 apud
699 2251 863 2305 quam
918 2251 981 2291 ea
1037 2236 1154 2307 ipsa
1218 2238 1381 2293 verba
1432 2239 1587 2293 beata
1656 2240 1745 2294 illa

166 2341 336 2379 manu
380 2337 639 2392 exarata,
688 2344 834 2384 nunc
873 2330 1037 2384 etiam
1083 2331 1260 2387 adhuc
1311 2342 1681 2387 asservantur.
1721 2352 1739 2385 ι

158 2418 443 2488 Additque
474 2417 969 2475 Neocaesariensem
1011 2420 1309 2477 Ecclesiam
1358 2424 1425 2478 ad
1465 2440 1620 2479 suam
1652 2440 1745 2480 us-

107 2503 115 2511 ’
157 2525 269 2581 que
300 2522 516 2568 aetatem
555 2515 608 2568 in
644 2530 707 2570 ea
741 2516 864 2569 ﬁdei
906 2515 1258 2572 confessione
1311 2518 1637 2583 institutam,
1671 2519 1742 2573 ab

156 2602 313 2656 omni
382 2603 635 2660 hieretica
700 2606 968 2677 pravitate
1029 2608 1286 2663 intactam
1353 2610 1739 2678 permansisse.

156 2690 215 2748 Μ
272 2695 454 2765 ipsum
510 2705 739 2752 testatur
784 2698 1018 2755 Basilius
1069 2698 1295 2767 Magnus
1327 2698 1557 2771 Nysseni
1619 2716 1741 2770 ger-

156 2800 369 2841 manus
438 2785 642 2855 frater,
696 2787 1161 2845 Neocaesarienses
1214 2790 1529 2856 allocutus;
1582 2789 1741 2859 cujus

152 2878 330 2932 verba
371 2888 611 2934 veterum
656 2882 982 2936 testimoniis
1030 2882 1096 2937 de
1137 2880 1546 2952 Thaumaturgo
1605 2881 1741 2937 infe-

153 2971 276 3025 rius
308 2970 497 3027 relatis
544 2972 808 3037 addenda,
846 2973 1115 3043 ejusmodi
1150 2983 1279 3029 sunt
1310 2975 1422 3043 (t5)
1452 2992 1464 3027 :
1498 2974 1741 3038 Πίστεως

151 3063 208 3116 δὲ
263 3064 367 3134 τῆς
408 3064 705 3136 ἡμετέρας,
739 3064 823 3129 τίς
872 3065 937 3119 ἂν
989 3066 1084 3119 καὶ
1112 3066 1322 3133 γένοιτο
1372 3067 1738 3139 ὲναργεστέρα

146 3156 456 3223 ἀπόδειξις,
490 3158 523 3228 ἦ
556 3159 636 3211 ὅτι
666 3160 961 3228 τραφέντες
988 3162 1151 3231 ἡμεῖς
1188 3160 1290 3212 ὑπὸ
1314 3159 1467 3232 τίτθῃ
1494 3159 1735 3231 μακαρίᾳ
1762 3207 1803 3263 C

1922 1955 2055 2021 Quze
2086 1971 2209 2010 cum
2258 1957 2328 2010 ita
2362 1958 2490 2023 sint,
2528 1958 2642 2028 jam
2694 1962 2877 2018 nullus
2909 1964 2976 2018 de
3010 1964 3173 2034 hujus
3198 1964 3429 2035 Exposi-

1853 2049 2013 2103 tionis
2059 2049 2316 2121 αὐθεντίᾳ
2359 2051 2638 2105 dubitandi
2690 2052 2841 2107 locus
2885 2054 3229 2123 relinquitur.
3267 2054 3425 2122 Quod

1850 2140 1895 2194 si
1940 2141 2067 2210 quis
2104 2140 2324 2196 Eusebii
2372 2143 2649 2198 silentium
2711 2158 2774 2198 ac
2812 2142 3126 2215 Hieronymi
3177 2146 3421 2215 objiciat,

1848 2231 1993 2287 haud
2034 2234 2282 2303 equidem
2316 2234 2584 2290 aﬁirmare
2626 2236 2803 2291 ausim
2838 2238 2905 2290 de
2936 2236 3256 2295 Cmsaricnsi
3302 2240 3422 2308 epi—

1847 2336 2036 2391 scopo,
2090 2324 2266 2394 ipsum
2321 2336 2599 2394 propterea
2650 2324 2887 2396 Symboli
2946 2327 3071 2396 ﬁdei
3100 2326 3419 2397 Gregoriani

1847 2412 2040 2466 nullibi
2082 2414 2410 2469 mentionem
2461 2415 2733 2485 injecisse,
2767 2418 2909 2487 quod
2946 2418 3079 2472 illud
3111 2427 3255 2473 esset
3284 2419 3420 2475 satis

1846 2512 2101 2558 accurata
2135 2498 2201 2560 de
2233 2506 2575 2561 sanctissima
2600 2507 2859 2564 Trinitate
2892 2511 3163 2581 ὀμοουσίῳ
3201 2511 3420 2580 exposi-

1846 2597 1921 2650 tio
1956 2612 1969 2648 :
2006 2597 2129 2652 licet
2178 2599 2482 2655 observarit
2533 2601 2659 2655 olim
2694 2600 2923 2656 Photius
2950 2603 3086 2673 (9.1),
3122 2602 3415 2659 Eusebium

1845 2687 1898 2741 in
1930 2704 2027 2743 sua
2056 2688 2296 2745 Historia
2327 2694 2737 2762 prmtermittere
2779 2697 3129 2752 consuevisse
3159 2714 3418 2768 qumcun-

1843 2795 1950 2848 que
1992 2781 2324 2851 impietatem
2370 2784 2625 2837 Arianam
2669 2784 2985 2855 impugnare
3029 2796 3123 2841 aut
3175 2798 3419 2844 evertere

1841 2872 2175 2927 viderentur.
2229 2874 2308 2927 Ad
2345 2873 2731 2946 Hieronymum
2782 2885 2961 2931 autem
3006 2879 3149 2946 quod
3202 2881 3414 2947 attinet,

1842 2978 2001 3019 nemo
2053 2966 2227 3019 nescit
2279 2976 2528 3020 sanctum
2584 2966 2859 3021 doctorem
2915 2970 2967 3021 in
3020 2986 3122 3024 suo
3172 2971 3244 3026 De
3290 2975 3415 3027 viris

1841 3056 2139 3112 illustribus
2198 3058 2338 3113 libro
2397 3058 2688 3128 ipsuminet
2732 3057 3027 3113 Eusebium
3094 3062 3413 3132 plerumque

1842 3152 2125 3206 assectari.
2169 3150 2431 3219 Quisquis
2483 3160 2743 3220 praztcrea
2796 3152 2911 3206 sive
2949 3151 3242 3208 Eusebium
3296 3156 3412 3209 sive

144 3251 395 3318 γυναικὶ,
428 3251 559 3323 παρ’
594 3251 746 3322 ὑμῶν
773 3252 1113 3324 (opuntii-Evn;
1147 3252 1433 3326 Μακρίναν
1466 3252 1606 3322 λέγω
1636 3253 1731 3324 τὴν

1849 3244 2225 3315 Hieronymum
2289 3244 2511 3298 silentes
2568 3243 2829 3306 inducat,
2887 3260 2995 3314 quo
3050 3244 3409 3316 Expositionis

142 3340 499 3414 περιϐόητον,
544 3342 673 3413 παρ’
705 3337 772 3412 ἧς
815 3342 1167 3415 ἐδιδάχθημεν
1206 3345 1273 3397 τὰ
1312 3342 1405 3397 τοῦ
1449 3361 1731 3416 μακαριω-

140 3432 312 3487 τάτου
341 3434 643 3506 Γρηγορίου
678 3436 917 3505 ῥήματα,
946 3438 1046 3489 ὅσα
1080 3436 1215 3508 πρὸς
1249 3436 1417 3508 αὐτὴν
1443 3438 1734 3512 ἁκολουθιᾳ

141 3525 375 3595 μνήμης
426 3524 755 3579 διασωθέντα
807 3527 941 3597 αὐτή
1001 3544 1057 3581 τε
1106 3526 1411 3595 ἐφύλασσε,
1465 3528 1558 3581 καὶ
1588 3530 1734 3599 ἡμᾶς

136 3613 222 3667 ἔτι
279 3615 507 3685 νηπίους
562 3616 718 3679 ὄντας
766 3615 995 3670 ἔπλαττε
1047 3618 1137 3671 καὶ
1192 3618 1434 3690 ἐμόρφου
1483 3621 1595 3683 τοῖς
1634 3621 1731 3691 τῆς

138 3706 433 3770 εὐσεϐείας
465 3707 747 3777 δόγμασιν.
785 3707 897 3764 Hoc
930 3719 1012 3763 est
1039 3728 1051 3763 :
1087 3729 1105 3761 ‹
1137 3708 1346 3765 Nostrae
1380 3718 1563 3765 autem
1609 3713 1731 3767 ﬁdei

136 3813 268 3866 qua:
314 3799 492 3867 possit
544 3800 847 3854 evidentior
898 3816 1021 3855 esse
1064 3802 1334 3871 probatio,
1388 3819 1551 3873 quam
1584 3804 1730 3873 quod

134 3892 367 3945 educati
430 3907 622 3947 sumus
666 3894 768 3949 sub
821 3896 939 3949 avia
979 3896 1135 3950 beata
1187 3896 1431 3961 muliere,
1466 3912 1531 3950 cx
1574 3898 1729 3953 vobis

133 3990 313 4055 orta?
370 3986 666 4043 Macrinam
708 3990 831 4044 dico
883 3976 1290 4045 celeberrimam
1338 3991 1511 4055 illam,
1558 4008 1589 4047 a
1618 4009 1726 4063 qua

132 4076 323 4131 edocti
372 4092 567 4133 sumus
611 4079 913 4134 beatissimi
946 4079 1191 4150 Gregorii
1238 4080 1434 4145 verba;
1472 4098 1728 4151 quincun-

129 4185 247 4239 que
267 4171 526 4238 usquead
544 4171 715 4239 ipsam
740 4173 1015 4226 memoriae
1049 4174 1461 4228 continuatione
1497 4176 1725 4244 perlata,

130 4278 267 4316 cum
337 4263 457 4332 ipsa
510 4265 888 4330 conservabat,
942 4275 1053 4320 tum
1116 4281 1217 4321 nos
1263 4267 1444 4321 adhuc
1494 4268 1726 4324 infantes

124 4355 363 4424 pietatis
418 4356 768 4425 dogmatibus
825 4359 1058 4428 ﬁngebat
1107 4369 1159 4413 et
1208 4360 1557 4415 inlormabat.
1588 4380 1606 4413 ι
1662 4361 1727 4417 Et

122 4448 263 4500 alibi
318 4446 434 4517 (l6)
470 4464 485 4499 :
525 4449 620 4501 Ἐν
666 4448 841 4502 τοίνυν
889 4449 994 4502 τῶν
1034 4450 1368 4523 Γρηγορίου,
1410 4451 1503 4505 καὶ
1559 4452 1587 4505 ὁ
1631 4452 1725 4505 νῦν

1836 3335 2180 3406 Gregoriana:
2207 3336 2363 3391 ﬁdem
2393 3336 2583 3397 elevet,
2607 3349 2795 3389 eorum
2824 3337 3268 3407 memineritqua:
3292 3348 3408 3393 tum

1833 3431 1900 3485 de
1932 3429 2170 3498 Syriacis
2203 3428 2500 3482 Clementis
2541 3427 2768 3481 Romani
2818 3428 3053 3495 epistolis
3108 3430 3243 3500 (22),
3290 3440 3406 3486 tum

1833 3523 1899 3577 de
1923 3522 2135 3576 Claudii
2170 3520 2499 3591 Apollinaris
2535 3520 2673 3573 libro
2707 3518 2781 3572 De
2804 3520 3063 3575 Paschate
3091 3522 3219 3576 alibi
3262 3523 3404 3577 dixi-

1832 3631 1957 3671 mus
1985 3616 2120 3685 (25).
2154 3614 2222 3669 At
2249 3614 2315 3668 de
2350 3613 2573 3682 reliquis
2614 3612 2799 3667 sancti
2823 3612 3000 3668 Patris
3041 3614 3258 3685 scriptis
3290 3630 3404 3671 scr-

1832 3722 2048 3761 monem
2085 3722 2280 3777 proseq
2290 3722 2504 3760 uamur.

1831 3822 1918 3877 lll.
1960 3822 2319 3893 Melaphrasis
2355 3823 2407 3876 in
2434 3822 2796 3877 Ecclesiasten
2841 3821 2900 3877 S.
2929 3821 3178 3893 Gregorio
3214 3825 3403 3878 asseri-

1903 3904 2009 3951 tur.
2051 3895 2123 3948 De
2160 3894 2255 3947 hac
2296 3909 2445 3961 opere
2487 3894 2611 3965 quid
2648 3894 2874 3955 Billius,
2916 3895 3042 3962 quid
3074 3894 3352 3965 Bengelius
3376 3897 3402 3949 2’

1902 3986 2299 4057 Expositionem
2329 3986 2455 4055 ﬁdei
2506 3987 2707 4055 excipit
2736 3985 3085 4054 Metapltrasis
3133 3986 3187 4038 in
3216 3984 3400 4038 Eccle-

1830 4080 2048 4142 siasten,
2102 4095 2265 4149 quam
2323 4089 2509 4132 noster
2541 4078 2836 4148 Gregorius
2884 4078 3401 4147 magniﬁcentissime

1828 4174 2063 4243 scripsit,
2099 4172 2281 4240 judice
2316 4171 2513 4225 Ruﬁno
2541 4172 2695 4241 (24);
2747 4169 2943 4224 brevem
2984 4170 3128 4223 illam
3164 4171 3397 4240 quidem,

1829 4265 1919 4318 sed
1962 4264 2112 4318 valde
2147 4264 2350 4327 utilem,
2395 4263 2469 4317 ait
2510 4262 2873 4334 Hieronymus
2907 4261 3019 4330 (25)
3048 4279 3061 4314 :
3096 4262 3187 4331 qui
3217 4270 3268 4316 et
3297 4278 3399 4317 suo

1829 4353 2217 4408 Commentario
2257 4356 2307 4408 in
2355 4353 2706 4407 Ecclesiasten
2776 4352 3032 4406 nonnulla
3093 4370 3159 4406 ex
3210 4354 3398 4408 eadem

1826 4447 2157 4517 Metaplirasi
2214 4448 2482 4517 descripta
2537 4446 2803 4510 intexens,
2860 4445 2973 4500 haec
3026 4445 3187 4498 habet
3244 4446 3393 4515 (26):

118 4540 556 4611 ἀντιλεγόμενος
597 4542 793 4613 τρόπος
832 4542 932 4612 τῆς
969 4543 1275 4611 δοξολογίας
1319 4545 1487 4609 ἐστὶν,
1524 4546 1587 4597 ὲκ
1626 4547 1723 4617 τῆς
1757 4564 1760 4615 ς

1849 4539 1958 4593 :Vir
1988 4550 2241 4604 sanctus,
2276 4540 2572 4610 Gregorius
2604 4537 2761 4591 Ponti
2796 4538 3105 4608 episcopus,
3148 4538 3397 4609 Origenis

119 4634 349 4686 ἐκείνου
404 4634 754 4704 παραδόσεως
805 4639 871 4705 τῇ
928 4636 1224 4707 Ἐκκλησία
1284 4636 1718 4709 πεφυλαγμένος.

124 4724 357 4780 «Unum
408 4725 590 4793 itaque
617 4742 682 4779 ex
711 4725 956 4797 Gregorii
1005 4727 1267 4781 institutis
1296 4738 1399 4793 est,
1436 4729 1599 4782 etiam
1633 4730 1721 4783 ille

116 4819 246 4887 ipse
280 4818 696 4888 gloriﬁcationis
744 4820 958 4884 modus,
985 4820 1073 4874 cui
1111 4836 1257 4873 nunc
1301 4821 1715 4887 contradicitur,

110 4928 186 4967 ex
222 4911 381 4965 illius
424 4911 715 4965 traditione
765 4911 818 4963 in
852 4909 1093 4965 Ecclesia
1130 4911 1461 4966 custoditus.
1506 4931 1524 4964 ι
1580 4911 1719 4983 Nys-

110 5020 263 5060 seno
312 5016 367 5057 et
403 5001 602 5057 Basilio
637 5003 965 5072 suffragatur
988 5004 1286 5074 Gregorius
1318 5003 1715 5071 Nazianzenus,

110 5096 210 5165 qui
267 5093 441 5148 semel
484 5094 925 5164 iterumque(l7}
968 5096 1247 5151 nonnullis
1284 5111 1351 5151 cx
1381 5097 1568 5151 eadem
1605 5096 1715 5151 Ex-

191 5258 322 5324 (15)
357 5251 618 5325 Nysscn.,
647 5252 756 5309 Vit.
781 5254 1034 5320 Tliaum.,
1067 5270 1186 5326 cap.
1220 5255 1253 5310 8
1281 5266 1334 5311 et
1359 5255 1411 5311 9.

184 5326 317 5394 (H)
359 5326 434 5395 id.
473 5326 629 5390 ibid.,
661 5341 779 5395 cap.
812 5326 897 5379 10.

186 5393 556 5467 llSiBasiL,
581 5393 749 5467 epist:
779 5396 910 5463 204,
954 5410 1106 5449 num.
1140 5394 1195 5461 6,
1230 5410 1356 5450 nov.
1401 5395 1530 5450 edit.
1570 5395 1709 5467 Opp.

109 5473 259 5518 tom.
298 5464 385 5526 Ill,
424 5480 545 5534 pag.
579 5464 705 5519 306.

182 5536 235 5643 xl
251 5535 453 5652 tigﬁhL,
481 5533 574 5590 lib.
616 5536 692 5589 De
726 5533 871 5605 Spir.
888 5546 1083 5603 sauct.,
1120 5552 1240 5607 cap.
1288 5537 1380 5605 29,
1428 5555 1577 5594 num.
1621 5540 1706 5604 74,

143 5621 243 5658 az.
284 5606 377 5656 63.

104 5622 509 5747 Ρ³ῗ1’]’ἷ”ῥτειμ.
537 5676 625 5747 57,
666 5693 788 5746 pag.
822 5676 960 5743 609;
994 5687 1049 5731 et
1074 5677 1165 5743 to,
1200 5694 1323 5747 pag.
1354 5679 1479 5733 eos.

182 5743 313 5811 (18)
358 5743 564 5816 Italia,
600 5743 895 5816 lli’stfeccl.
927 5749 1019 5803 lib.
1052 5764 1147 5813 vn,
1180 5743 1297 5816 cap:
1330 5750 1420 5805 23.

182 5820 313 5885 (Ην)
358 5812 511 5870 Thes.
550 5814 687 5870 urth.
714 5816 835 5882 ﬁd.,
872 5819 963 5873 lib.
1000 5835 1037 5883 ι,
1068 5812 1187 5887 cap.
1222 5812 1309 5873 32.

1825 4633 2059 4697 auditor,
2102 4633 2154 4684 in
2200 4630 2529 4701 Metaphrasi
2567 4628 2945 4694 Ecclesiastze,
2997 4629 3071 4683 ita
3117 4628 3263 4683 hunc
3312 4630 3396 4683 lo-

1821 4739 1945 4779 cum
1993 4723 2271 4787 intellexit,
2302 4732 2407 4777 etc.
2446 4742 2463 4773 ι
2506 4740 2523 4771 t
2558 4724 2782 4775 Omnem
2826 4720 3008 4789 itaque
3040 4719 3397 4775 dubitatioais

1821 4832 2033 4883 ansam,
2068 4827 2129 4870 ut
2176 4832 2301 4871 cum
2336 4814 2492 4867 Billio
2529 4814 2721 4882 loquar
2749 4813 2885 4882 (9.7),
2943 4813 3102 4867 nobis
3150 4813 3396 4867 eximunt

1820 4907 2181 4978 Hieronymus
2230 4920 2282 4959 et
2312 4905 2560 4969 Ruﬁnus,
2603 4905 2696 4973 qui
2742 4905 2887 4958 hunc
2933 4903 3100 4957 fetum
3133 4920 3262 4958 vero
3293 4919 3394 4959 suo

1820 5001 2031 5070 parenti
2080 4998 2505 5053 Neocaesariensi
2564 4995 2827 5067 Gregorio
2882 5003 3161 5050 asserunt.
3234 4994 3392 5062 Quod

1818 5103 1998 5148 autem
2029 5091 2375 5148 Nazianzeno
2420 5092 2686 5145 tributum
2736 5088 2899 5143 fuerit
2943 5087 3213 5158 ejusmodi
3255 5101 3393 5156 opus

1891 5253 2002 5338 ςέο)
2031 5251 2213 5338 Erige.
2239 5251 2402 5315 ortlt.,

1816 5324 1919 5380 986
1952 5335 2006 5379 et
2024 5323 2180 5377 1056.

1884 5396 1999 5471 eo
2037 5393 2209 5471 βίω-ν
2250 5390 2371 5445 οοά-
2398 5405 2605 5471 «exm-

2033 5464 2338 5561 P‘rp'legom.
2366 5457 2765 5561 ag.Bil;l_.'PP.,
2796 5458 2904 5513 vol.
2936 5460 2980 5523 Ι,
3009 5473 3134 5528 pag.
3168 5458 3239 5513 22
3268 5471 3385 5529 seq.

1885 5468 1975 5533 (22
2033 5468 2338 5531 Prolegom.
2366 5468 2431 5514 ad
2456 5468 2600 5514 Bibl.
2626 5468 2765 5523 ΡΡ..
2796 5468 2904 5513 vol.

1887 5536 1979 5607 (25
2040 5532 2331 5601 lbid.,pag.
2366 5532 2489 5595 l‘2l,
2528 5529 2633 5602 εὖ.
2881 5599 2892 5611 θ

2041 5602 2376 5683 ἔξειπεεςζτ,
2416 5602 2506 5655 lib.
2538 5617 2633 5665 vlt,
2672 5614 2792 5683 cap.
2822 5598 2914 5653 Ξῖ).

2039 5673 2115 5761 pe
2140 5675 2258 5761 Irin.
2287 5672 2513 5737 illustr.,
2546 5687 2664 5740 cap.
2701 5670 2787 5722 (55.

1884 5743 1996 5815 (9.6)
2039 5744 2091 5796 ln
2130 5743 2331 5797 Eccles.
2366 5758 2485 5811 cap.
2517 5758 2586 5794 tv.
3098 5809 3109 5820 .
3307 5806 3353 5821 w

1885 5818 1998 5887 (:27)
2039 5814 2093 5869 ιιι
2121 5814 2303 5869 Monii.
2343 5816 2405 5869 ad
2437 5821 2576 5866 orat.
2615 5826 2735 5881 (μω
2764 5810 2958 5867 dicitur
2983 5807 3261 5865 Nazaanz..
3286 5806 3376 5861 bo.

2460 5258 2591 5303 tom.
2626 5247 2691 5315 ll,
2738 5263 2898 5319 pagg.
2942 5247 3070 5315 484,
3106 5247 3230 5315 755,
3262 5247 3388 5311 959,
