  <div class='ocr_page' id='page_1' title='image "/cluster/home/n/w/nwhite01/storage/ocr_20150623/10/hvd.32044019207620/491.png"; bbox 0 0 3862 6484; ppageno 0'>
   <div class='ocr_carea' id='block_1_1' title="bbox 443 373 541 430">
    <p class='ocr_par' dir='ltr' id='par_1_1' title="bbox 443 373 541 430">
     <span class='ocr_line' id='line_1_1' title="bbox 443 373 541 430; baseline -0.041 0"><span class='ocrx_word' id='word_1_1' title='bbox 443 373 541 430; x_wconf 74' lang='lat'><strong>367</strong></span> 
     </span>
    </p>
   </div>
   <div class='ocr_carea' id='block_1_2' title="bbox 1486 328 2625 413">
    <p class='ocr_par' dir='ltr' id='par_1_2' title="bbox 1486 328 2625 413">
     <span class='ocr_line' id='line_1_2' title="bbox 1486 328 2625 413; baseline -0.007 -1"><span class='ocrx_word' id='word_1_2' title='bbox 1486 356 1544 413; x_wconf 87' lang='lat' dir='ltr'><strong>s.</strong></span> <span class='ocrx_word' id='word_1_3' title='bbox 1587 351 1986 413; x_wconf 71' lang='lat' dir='ltr'><strong>ensem-nus</strong></span> <span class='ocrx_word' id='word_1_4' title='bbox 2025 328 2625 409; x_wconf 68' lang='lat' dir='ltr'><strong>Titatnaruneus.</strong></span> 
     </span>
    </p>
   </div>
   <div class='ocr_carea' id='block_1_3' title="bbox 3568 342 3659 402">
    <p class='ocr_par' dir='ltr' id='par_1_3' title="bbox 3568 342 3659 402">
     <span class='ocr_line' id='line_1_3' title="bbox 3568 342 3659 402; baseline -0.044 0"><span class='ocrx_word' id='word_1_5' title='bbox 3568 342 3659 402; x_wconf 79' lang='lat'><strong>963</strong></span> 
     </span>
    </p>
   </div>
   <div class='ocr_carea' id='block_1_4' title="bbox 439 455 3662 559">
    <p class='ocr_par' dir='ltr' id='par_1_4' title="bbox 439 455 3662 559">
     <span class='ocr_line' id='line_1_4' title="bbox 439 455 3662 559; baseline -0.01 -13"><span class='ocrx_word' id='word_1_6' title='bbox 439 492 496 546; x_wconf 91' lang='lat' dir='ltr'><strong>in</strong></span> <span class='ocrx_word' id='word_1_7' title='bbox 540 486 815 559; x_wconf 80' lang='lat' dir='ltr'><strong>plerisque</strong></span> <span class='ocrx_word' id='word_1_8' title='bbox 868 495 1006 536; x_wconf 89' lang='lat' dir='ltr'><strong>mss.</strong></span> <span class='ocrx_word' id='word_1_9' title='bbox 1048 475 1326 535; x_wconf 83' lang='lat' dir='ltr'><strong>codicibus</strong></span> <span class='ocrx_word' id='word_1_10' title='bbox 1350 473 1579 538; x_wconf 87' lang='lat' dir='ltr'><strong>Graecis,</strong></span> <span class='ocrx_word' id='word_1_11' title='bbox 1631 474 1684 527; x_wconf 92' lang='lat' dir='ltr'><strong>in</strong></span> <span class='ocrx_word' id='word_1_12' title='bbox 1722 472 1814 526; x_wconf 93' lang='lat' dir='ltr'><strong>illo</strong></span> <span class='ocrx_word' id='word_1_13' title='bbox 1847 471 2008 526; x_wconf 90' lang='lat' dir='ltr'><strong>etiam</strong></span> <span class='ocrx_word' id='word_1_14' title='bbox 2042 475 2085 531; x_wconf 76' lang='grc' dir='ltr'>Α</span> <span class='ocrx_word' id='word_1_15' title='bbox 2117 469 2171 522; x_wconf 91' lang='lat' dir='ltr'><strong>in</strong></span> <span class='ocrx_word' id='word_1_16' title='bbox 2201 468 2431 524; x_wconf 91' lang='lat' dir='ltr'><strong>concilio</strong></span> <span class='ocrx_word' id='word_1_17' title='bbox 2456 465 2779 533; x_wconf 80' lang='lat' dir='ltr'><strong>Quiniscxlo</strong></span> <span class='ocrx_word' id='word_1_18' title='bbox 2803 461 2918 515; x_wconf 71' lang='lat' dir='ltr'><strong>hate</strong></span> <span class='ocrx_word' id='word_1_19' title='bbox 2944 458 3155 515; x_wconf 90' lang='lat' dir='ltr'><strong>sanetio</strong></span> <span class='ocrx_word' id='word_1_20' title='bbox 3176 455 3317 513; x_wconf 92' lang='lat' dir='ltr'><strong>edita</strong></span> <span class='ocrx_word' id='word_1_21' title='bbox 3347 455 3491 528; x_wconf 77' lang='lat'><strong>(33):</strong></span> <span class='ocrx_word' id='word_1_22' title='bbox 3524 475 3541 510; x_wconf 80' lang='grc' dir='ltr'>ι</span> <span class='ocrx_word' id='word_1_23' title='bbox 3568 457 3662 513; x_wconf 90' lang='lat' dir='ltr'><strong>0b-</strong></span> 
     </span>
    </p>
   </div>
   <div class='ocr_carea' id='block_1_5' title="bbox 439 559 2009 650">
    <p class='ocr_par' dir='ltr' id='par_1_5' title="bbox 439 559 2009 650">
     <span class='ocr_line' id='line_1_5' title="bbox 439 559 2009 650; baseline -0.014 -16"><span class='ocrx_word' id='word_1_24' title='bbox 439 579 612 650; x_wconf 81' lang='lat' dir='ltr'><strong>Regio</strong></span> <span class='ocrx_word' id='word_1_25' title='bbox 655 572 1031 630; x_wconf 86' lang='lat' dir='ltr'><strong>vetustissimo</strong></span> <span class='ocrx_word' id='word_1_26' title='bbox 1086 582 1246 638; x_wconf 96' lang='lat' dir='ltr'><strong>quem</strong></span> <span class='ocrx_word' id='word_1_27' title='bbox 1314 571 1570 619; x_wconf 90' lang='lat' dir='ltr'><strong>accurate</strong></span> <span class='ocrx_word' id='word_1_28' title='bbox 1623 560 1885 616; x_wconf 79' lang='lat' dir='ltr'><strong>describit</strong></span> <span class='ocrx_word' id='word_1_29' title='bbox 1937 559 2009 614; x_wconf 90' lang='lat' dir='ltr'><strong>cl.</strong></span> 
     </span>
    </p>
   </div>
   <div class='ocr_carea' id='block_1_6' title="bbox 440 653 2010 735">
    <p class='ocr_par' dir='ltr' id='par_1_6' title="bbox 440 653 2010 735">
     <span class='ocr_line' id='line_1_6' title="bbox 440 653 2010 735; baseline -0.013 -9"><span class='ocrx_word' id='word_1_30' title='bbox 440 666 881 726; x_wconf 81' lang='lat' dir='ltr'><strong>Montfauconius</strong></span> <span class='ocrx_word' id='word_1_31' title='bbox 924 662 1056 735; x_wconf 90' lang='lat'><strong>(28),</strong></span> <span class='ocrx_word' id='word_1_32' title='bbox 1103 668 1266 730; x_wconf 91' lang='lat' dir='ltr'><strong>atque</strong></span> <span class='ocrx_word' id='word_1_33' title='bbox 1311 655 1447 710; x_wconf 85' lang='lat' dir='ltr'><strong>adeo</strong></span> <span class='ocrx_word' id='word_1_34' title='bbox 1499 655 1553 710; x_wconf 91' lang='lat' dir='ltr'><strong>in</strong></span> <span class='ocrx_word' id='word_1_35' title='bbox 1602 653 1760 709; x_wconf 91' lang='lat' dir='ltr'><strong>editis</strong></span> <span class='ocrx_word' id='word_1_36' title='bbox 1803 661 2010 706; x_wconf 91' lang='lat' dir='ltr'><strong>tantum</strong></span> 
     </span>
    </p>
   </div>
   <div class='ocr_carea' id='block_1_7' title="bbox 443 746 2013 826">
    <p class='ocr_par' dir='ltr' id='par_1_7' title="bbox 443 746 2013 826">
     <span class='ocr_line' id='line_1_7' title="bbox 443 746 2013 826; baseline -0.012 -8"><span class='ocrx_word' id='word_1_37' title='bbox 443 780 550 819; x_wconf 91' lang='lat' dir='ltr'><strong>non</strong></span> <span class='ocrx_word' id='word_1_38' title='bbox 578 761 832 816; x_wconf 91' lang='lat' dir='ltr'><strong>omnibus</strong></span> <span class='ocrx_word' id='word_1_39' title='bbox 857 765 1191 826; x_wconf 85' lang='lat' dir='ltr'><strong>postremum</strong></span> <span class='ocrx_word' id='word_1_40' title='bbox 1219 751 1400 806; x_wconf 88' lang='lat' dir='ltr'><strong>locum</strong></span> <span class='ocrx_word' id='word_1_41' title='bbox 1428 749 1568 802; x_wconf 92' lang='lat' dir='ltr'><strong>inter</strong></span> <span class='ocrx_word' id='word_1_42' title='bbox 1592 746 1712 816; x_wconf 88' lang='lat' dir='ltr'><strong>ejus</strong></span> <span class='ocrx_word' id='word_1_43' title='bbox 1740 746 2013 800; x_wconf 90' lang='lat' dir='ltr'><strong>orationes</strong></span> 
     </span>
    </p>
   </div>
   <div class='ocr_carea' id='block_1_8' title="bbox 441 839 2014 918">
    <p class='ocr_par' dir='ltr' id='par_1_8' title="bbox 441 839 2014 918">
     <span class='ocr_line' id='line_1_8' title="bbox 441 839 2014 918; baseline -0.013 -8"><span class='ocrx_word' id='word_1_44' title='bbox 441 856 725 918; x_wconf 88' lang='lat' dir='ltr'><strong>obtineat;</strong></span> <span class='ocrx_word' id='word_1_45' title='bbox 783 862 1074 905; x_wconf 85' lang='lat' dir='ltr'><strong>commune</strong></span> <span class='ocrx_word' id='word_1_46' title='bbox 1141 858 1342 899; x_wconf 90' lang='lat' dir='ltr'><strong>nomen</strong></span> <span class='ocrx_word' id='word_1_47' title='bbox 1415 841 1682 896; x_wconf 82' lang='lat' dir='ltr'><strong>duntaxat</strong></span> <span class='ocrx_word' id='word_1_48' title='bbox 1738 839 1793 893; x_wconf 92' lang='lat' dir='ltr'><strong>in</strong></span> <span class='ocrx_word' id='word_1_49' title='bbox 1848 851 2014 891; x_wconf 86' lang='lat' dir='ltr'><strong>causa</strong></span> 
     </span>
    </p>
   </div>
   <div class='ocr_carea' id='block_1_9' title="bbox 442 929 2015 1012">
    <p class='ocr_par' dir='ltr' id='par_1_9' title="bbox 442 929 2015 1012">
     <span class='ocr_line' id='line_1_9' title="bbox 442 929 2015 1012; baseline -0.013 -10"><span class='ocrx_word' id='word_1_50' title='bbox 442 949 562 1002; x_wconf 83' lang='lat' dir='ltr'><strong>fuit.</strong></span> <span class='ocrx_word' id='word_1_51' title='bbox 599 945 875 1012; x_wconf 88' lang='lat' dir='ltr'><strong>Quantum</strong></span> <span class='ocrx_word' id='word_1_52' title='bbox 917 940 1061 995; x_wconf 91' lang='lat' dir='ltr'><strong>enim</strong></span> <span class='ocrx_word' id='word_1_53' title='bbox 1110 953 1176 992; x_wconf 77' lang='lat' dir='ltr'><strong>ex</strong></span> <span class='ocrx_word' id='word_1_54' title='bbox 1224 936 1374 1008; x_wconf 63' lang='lat' dir='ltr'><strong>stylo’</strong></span> <span class='ocrx_word' id='word_1_55' title='bbox 1415 937 1784 1004; x_wconf 81' lang='lat' dir='ltr'><strong>conjecturam</strong></span> <span class='ocrx_word' id='word_1_56' title='bbox 1836 929 2015 984; x_wconf 85' lang='lat' dir='ltr'><strong>facere</strong></span> 
     </span>
    </p>
   </div>
   <div class='ocr_carea' id='block_1_10' title="bbox 440 1020 2016 1102">
    <p class='ocr_par' dir='ltr' id='par_1_10' title="bbox 440 1020 2016 1102">
     <span class='ocr_line' id='line_1_10' title="bbox 440 1020 2016 1102; baseline -0.011 -9"><span class='ocrx_word' id='word_1_57' title='bbox 440 1041 596 1102; x_wconf 88' lang='lat' dir='ltr'><strong>licet,</strong></span> <span class='ocrx_word' id='word_1_58' title='bbox 637 1034 855 1090; x_wconf 86' lang='lat' dir='ltr'><strong>tametsi</strong></span> <span class='ocrx_word' id='word_1_59' title='bbox 899 1031 1084 1102; x_wconf 89' lang='lat' dir='ltr'><strong>negari</strong></span> <span class='ocrx_word' id='word_1_60' title='bbox 1131 1044 1239 1083; x_wconf 92' lang='lat' dir='ltr'><strong>non</strong></span> <span class='ocrx_word' id='word_1_61' title='bbox 1279 1025 1470 1098; x_wconf 84' lang='lat' dir='ltr'><strong>possit,</strong></span> <span class='ocrx_word' id='word_1_62' title='bbox 1495 1024 1630 1095; x_wconf 92' lang='lat' dir='ltr'><strong>quin</strong></span> <span class='ocrx_word' id='word_1_63' title='bbox 1672 1025 1742 1078; x_wconf 89' lang='lat' dir='ltr'><strong>sit</strong></span> <span class='ocrx_word' id='word_1_64' title='bbox 1778 1020 2016 1075; x_wconf 87' lang='lat' dir='ltr'><strong>hominis</strong></span> 
     </span>
    </p>
   </div>
   <div class='ocr_carea' id='block_1_11' title="bbox 443 1119 2016 1198">
    <p class='ocr_par' dir='ltr' id='par_1_11' title="bbox 443 1119 2016 1198">
     <span class='ocr_line' id='line_1_11' title="bbox 443 1119 2016 1198; baseline -0.012 -15"><span class='ocrx_word' id='word_1_65' title='bbox 443 1129 686 1198; x_wconf 88' lang='lat' dir='ltr'><strong>apprime</strong></span> <span class='ocrx_word' id='word_1_66' title='bbox 721 1124 918 1180; x_wconf 87' lang='lat' dir='ltr'><strong>eruditi</strong></span> <span class='ocrx_word' id='word_1_67' title='bbox 950 1133 1003 1178; x_wconf 89' lang='lat' dir='ltr'><strong>et</strong></span> <span class='ocrx_word' id='word_1_68' title='bbox 1030 1119 1270 1190; x_wconf 90' lang='lat' dir='ltr'><strong>copiosi;</strong></span> <span class='ocrx_word' id='word_1_69' title='bbox 1320 1125 1502 1170; x_wconf 86' lang='lat' dir='ltr'><strong>tamen</strong></span> <span class='ocrx_word' id='word_1_70' title='bbox 1543 1131 1651 1169; x_wconf 91' lang='lat' dir='ltr'><strong>non</strong></span> <span class='ocrx_word' id='word_1_71' title='bbox 1702 1126 2016 1183; x_wconf 86' lang='lat' dir='ltr'><strong>usquequa-</strong></span> 
     </span>
    </p>
   </div>
   <div class='ocr_carea' id='block_1_12' title="bbox 441 1202 2014 1291">
    <p class='ocr_par' dir='ltr' id='par_1_12' title="bbox 441 1202 2014 1291">
     <span class='ocr_line' id='line_1_12' title="bbox 441 1202 2014 1291; baseline -0.012 -16"><span class='ocrx_word' id='word_1_72' title='bbox 441 1236 548 1291; x_wconf 86' lang='lat' dir='ltr'><strong>que</strong></span> <span class='ocrx_word' id='word_1_73' title='bbox 580 1219 742 1274; x_wconf 78' lang='lat' dir='ltr'><strong>refert</strong></span> <span class='ocrx_word' id='word_1_74' title='bbox 774 1217 1109 1272; x_wconf 88' lang='lat' dir='ltr'><strong>elaboratum</strong></span> <span class='ocrx_word' id='word_1_75' title='bbox 1154 1212 1283 1268; x_wconf 88' lang='lat' dir='ltr'><strong>illud</strong></span> <span class='ocrx_word' id='word_1_76' title='bbox 1321 1219 1374 1265; x_wconf 89' lang='lat' dir='ltr'><strong>et</strong></span> <span class='ocrx_word' id='word_1_77' title='bbox 1402 1205 1772 1278; x_wconf 75' lang='grc' dir='ltr'>ἁπεξεσμένον</span> <span class='ocrx_word' id='word_1_78' title='bbox 1803 1202 2014 1260; x_wconf 91' lang='lat' dir='ltr'><strong>dicendi</strong></span> 
     </span>
    </p>
   </div>
   <div class='ocr_carea' id='block_1_13' title="bbox 443 1294 2014 1381">
    <p class='ocr_par' dir='ltr' id='par_1_13' title="bbox 443 1294 2014 1381">
     <span class='ocr_line' id='line_1_13' title="bbox 443 1294 2014 1381; baseline -0.013 -16"><span class='ocrx_word' id='word_1_79' title='bbox 443 1326 646 1381; x_wconf 88' lang='lat' dir='ltr'><strong>genus,</strong></span> <span class='ocrx_word' id='word_1_80' title='bbox 692 1309 835 1378; x_wconf 90' lang='lat' dir='ltr'><strong>quod</strong></span> <span class='ocrx_word' id='word_1_81' title='bbox 884 1307 1088 1377; x_wconf 87' lang='lat' dir='ltr'><strong>passim</strong></span> <span class='ocrx_word' id='word_1_82' title='bbox 1140 1305 1193 1357; x_wconf 91' lang='lat' dir='ltr'><strong>in</strong></span> <span class='ocrx_word' id='word_1_83' title='bbox 1227 1300 1554 1356; x_wconf 73' lang='lat' dir='ltr'><strong>Nazianzeni</strong></span> <span class='ocrx_word' id='word_1_84' title='bbox 1596 1295 1811 1365; x_wconf 88' lang='lat' dir='ltr'><strong>scriptis</strong></span> <span class='ocrx_word' id='word_1_85' title='bbox 1854 1294 2014 1348; x_wconf 91' lang='lat' dir='ltr'><strong>lucet.</strong></span> 
     </span>
    </p>
   </div>
   <div class='ocr_carea' id='block_1_14' title="bbox 441 1385 2017 1461">
    <p class='ocr_par' dir='ltr' id='par_1_14' title="bbox 441 1385 2017 1461">
     <span class='ocr_line' id='line_1_14' title="bbox 441 1385 2017 1461; baseline -0.01 -6"><span class='ocrx_word' id='word_1_86' title='bbox 441 1401 824 1456; x_wconf 85' lang='lat' dir='ltr'><strong>Connexiones</strong></span> <span class='ocrx_word' id='word_1_87' title='bbox 908 1397 1299 1453; x_wconf 90' lang='lat' dir='ltr'><strong>sententiarum</strong></span> <span class='ocrx_word' id='word_1_88' title='bbox 1387 1392 1668 1461; x_wconf 90' lang='lat' dir='ltr'><strong>aliquanto</strong></span> <span class='ocrx_word' id='word_1_89' title='bbox 1745 1385 2017 1450; x_wconf 90' lang='lat' dir='ltr'><strong>duriores,</strong></span> 
     </span>
    </p>
   </div>
   <div class='ocr_carea' id='block_1_15' title="bbox 442 1477 2018 1564">
    <p class='ocr_par' dir='ltr' id='par_1_15' title="bbox 442 1477 2018 1564">
     <span class='ocr_line' id='line_1_15' title="bbox 442 1477 2018 1564; baseline -0.013 -15"><span class='ocrx_word' id='word_1_90' title='bbox 442 1496 816 1564; x_wconf 80' lang='lat' dir='ltr'><strong>transitusque</strong></span> <span class='ocrx_word' id='word_1_91' title='bbox 865 1490 1233 1561; x_wconf 87' lang='lat' dir='ltr'><strong>abruptiores.</strong></span> <span class='ocrx_word' id='word_1_92' title='bbox 1284 1485 1439 1553; x_wconf 85' lang='lat' dir='ltr'><strong>Quod</strong></span> <span class='ocrx_word' id='word_1_93' title='bbox 1485 1483 1530 1539; x_wconf 93' lang='lat' dir='ltr'><strong>si</strong></span> <span class='ocrx_word' id='word_1_94' title='bbox 1560 1479 1808 1552; x_wconf 66' lang='lat' dir='ltr'><strong>quatdam</strong></span> <span class='ocrx_word' id='word_1_95' title='bbox 1855 1477 2018 1532; x_wconf 85' lang='lat' dir='ltr'><strong>verba</strong></span> 
     </span>
    </p>
   </div>
   <div class='ocr_carea' id='block_1_16' title="bbox 445 1571 2022 1656">
    <p class='ocr_par' dir='ltr' id='par_1_16' title="bbox 445 1571 2022 1656">
     <span class='ocr_line' id='line_1_16' title="bbox 445 1571 2022 1656; baseline -0.011 -17"><span class='ocrx_word' id='word_1_96' title='bbox 445 1586 774 1656; x_wconf 89' lang='lat' dir='ltr'><strong>quandoque</strong></span> <span class='ocrx_word' id='word_1_97' title='bbox 807 1585 1095 1638; x_wconf 78' lang='lat' dir='ltr'><strong>intertexta</strong></span> <span class='ocrx_word' id='word_1_98' title='bbox 1136 1579 1390 1644; x_wconf 83' lang='lat' dir='ltr'><strong>fuissent,</strong></span> <span class='ocrx_word' id='word_1_99' title='bbox 1423 1576 1595 1630; x_wconf 86' lang='lat' dir='ltr'><strong>multo</strong></span> <span class='ocrx_word' id='word_1_100' title='bbox 1633 1571 1850 1626; x_wconf 89' lang='lat' dir='ltr'><strong>mollior</strong></span> <span class='ocrx_word' id='word_1_101' title='bbox 1875 1574 2022 1624; x_wconf 89' lang='lat' dir='ltr'><strong>esset</strong></span> 
     </span>
    </p>
   </div>
   <div class='ocr_carea' id='block_1_17' title="bbox 446 1663 2021 1738">
    <p class='ocr_par' dir='ltr' id='par_1_17' title="bbox 446 1663 2021 1738">
     <span class='ocr_line' id='line_1_17' title="bbox 446 1663 2021 1738; baseline -0.013 -5"><span class='ocrx_word' id='word_1_102' title='bbox 446 1687 557 1732; x_wconf 86' lang='lat' dir='ltr'><strong>tota</strong></span> <span class='ocrx_word' id='word_1_103' title='bbox 601 1686 884 1733; x_wconf 81' lang='lat' dir='ltr'><strong>contextus</strong></span> <span class='ocrx_word' id='word_1_104' title='bbox 934 1674 1133 1736; x_wconf 82' lang='lat' dir='ltr'><strong>facies,</strong></span> <span class='ocrx_word' id='word_1_105' title='bbox 1185 1671 1478 1738; x_wconf 91' lang='lat' dir='ltr'><strong>minusque</strong></span> <span class='ocrx_word' id='word_1_106' title='bbox 1540 1665 1708 1719; x_wconf 81' lang='lat' dir='ltr'><strong>invite</strong></span> <span class='ocrx_word' id='word_1_107' title='bbox 1767 1663 1908 1716; x_wconf 79' lang='lat' dir='ltr'><strong>inter</strong></span> <span class='ocrx_word' id='word_1_108' title='bbox 1963 1672 2021 1714; x_wconf 88' lang='lat' dir='ltr'><strong>se</strong></span> 
     </span>
    </p>
   </div>
   <div class='ocr_carea' id='block_1_18' title="bbox 445 1751 2016 1827">
    <p class='ocr_par' dir='ltr' id='par_1_18' title="bbox 445 1751 2016 1827">
     <span class='ocr_line' id='line_1_18' title="bbox 445 1751 2016 1827; baseline -0.014 -1"><span class='ocrx_word' id='word_1_109' title='bbox 445 1770 656 1827; x_wconf 90' lang='lat' dir='ltr'><strong>coirent</strong></span> <span class='ocrx_word' id='word_1_110' title='bbox 685 1769 988 1824; x_wconf 86' lang='lat' dir='ltr'><strong>sententiae.</strong></span> <span class='ocrx_word' id='word_1_111' title='bbox 1015 1766 1214 1821; x_wconf 78' lang='lat' dir='ltr'><strong>Verum</strong></span> <span class='ocrx_word' id='word_1_112' title='bbox 1245 1763 1445 1817; x_wconf 88' lang='lat' dir='ltr'><strong>idcirco</strong></span> <span class='ocrx_word' id='word_1_113' title='bbox 1478 1760 1707 1815; x_wconf 84' lang='lat' dir='ltr'><strong>fortasse</strong></span> <span class='ocrx_word' id='word_1_114' title='bbox 1734 1771 1841 1810; x_wconf 87' lang='lat' dir='ltr'><strong>non</strong></span> <span class='ocrx_word' id='word_1_115' title='bbox 1868 1751 2016 1814; x_wconf 86' lang='lat' dir='ltr'><strong>facit,</strong></span> 
     </span>
    </p>
   </div>
   <div class='ocr_carea' id='block_1_19' title="bbox 445 1829 2091 1933">
    <p class='ocr_par' dir='ltr' id='par_1_19' title="bbox 445 1829 2091 1933">
     <span class='ocr_line' id='line_1_19' title="bbox 445 1829 2091 1933; baseline -0.011 -16"><span class='ocrx_word' id='word_1_116' title='bbox 445 1865 574 1933; x_wconf 84' lang='lat' dir='ltr'><strong>quia</strong></span> <span class='ocrx_word' id='word_1_117' title='bbox 627 1862 849 1915; x_wconf 91' lang='lat' dir='ltr'><strong>minime</strong></span> <span class='ocrx_word' id='word_1_118' title='bbox 892 1861 1065 1914; x_wconf 89' lang='lat' dir='ltr'><strong>libero</strong></span> <span class='ocrx_word' id='word_1_119' title='bbox 1112 1871 1306 1926; x_wconf 90' lang='lat' dir='ltr'><strong>campo</strong></span> <span class='ocrx_word' id='word_1_120' title='bbox 1352 1853 1595 1910; x_wconf 88' lang='lat' dir='ltr'><strong>decurrit</strong></span> <span class='ocrx_word' id='word_1_121' title='bbox 1655 1849 1880 1906; x_wconf 86' lang='lat' dir='ltr'><strong>oratio:</strong></span> <span class='ocrx_word' id='word_1_122' title='bbox 1921 1845 2016 1901; x_wconf 91' lang='lat' dir='ltr'><strong>sed</strong></span> <span class='ocrx_word' id='word_1_123' title='bbox 2052 1829 2091 1883; x_wconf 78' lang='grc' dir='ltr'><strong><em>Β</em></strong></span> 
     </span>
    </p>
   </div>
   <div class='ocr_carea' id='block_1_20' title="bbox 445 1942 2015 2024">
    <p class='ocr_par' dir='ltr' id='par_1_20' title="bbox 445 1942 2015 2024">
     <span class='ocr_line' id='line_1_20' title="bbox 445 1942 2015 2024; baseline -0.011 -12"><span class='ocrx_word' id='word_1_124' title='bbox 445 1956 821 2012; x_wconf 87' lang='lat' dir='ltr'><strong>translationis</strong></span> <span class='ocrx_word' id='word_1_125' title='bbox 873 1953 1030 2024; x_wconf 88' lang='lat' dir='ltr'><strong>quasi</strong></span> <span class='ocrx_word' id='word_1_126' title='bbox 1082 1951 1338 2007; x_wconf 85' lang='lat' dir='ltr'><strong>cancellis</strong></span> <span class='ocrx_word' id='word_1_127' title='bbox 1387 1946 1713 2019; x_wconf 89' lang='lat' dir='ltr'><strong>quibusdam</strong></span> <span class='ocrx_word' id='word_1_128' title='bbox 1778 1942 2015 1997; x_wconf 89' lang='lat' dir='ltr'><strong>circum-</strong></span> 
     </span>
    </p>
   </div>
   <div class='ocr_carea' id='block_1_21' title="bbox 446 2033 2015 2118">
    <p class='ocr_par' dir='ltr' id='par_1_21' title="bbox 446 2033 2015 2118">
     <span class='ocr_line' id='line_1_21' title="bbox 446 2033 2015 2118; baseline -0.013 -14"><span class='ocrx_word' id='word_1_129' title='bbox 446 2050 646 2118; x_wconf 86' lang='lat' dir='ltr'><strong>scripta</strong></span> <span class='ocrx_word' id='word_1_130' title='bbox 676 2057 776 2104; x_wconf 92' lang='lat' dir='ltr'><strong>est.</strong></span> <span class='ocrx_word' id='word_1_131' title='bbox 811 2067 828 2100; x_wconf 76' lang='grc' dir='ltr'><strong><em>ι</em></strong></span> <span class='ocrx_word' id='word_1_132' title='bbox 885 2044 1009 2100; x_wconf 70' lang='lat' dir='ltr'><strong>Haec</strong></span> <span class='ocrx_word' id='word_1_133' title='bbox 1041 2043 1211 2098; x_wconf 89' lang='lat' dir='ltr'><strong>ferme</strong></span> <span class='ocrx_word' id='word_1_134' title='bbox 1239 2041 1323 2095; x_wconf 82' lang='lat' dir='ltr'><strong>vir</strong></span> <span class='ocrx_word' id='word_1_135' title='bbox 1354 2040 1441 2094; x_wconf 85' lang='lat' dir='ltr'><strong>ille</strong></span> <span class='ocrx_word' id='word_1_136' title='bbox 1475 2039 1691 2091; x_wconf 88' lang='lat' dir='ltr'><strong>doctus.</strong></span> <span class='ocrx_word' id='word_1_137' title='bbox 1742 2033 2015 2088; x_wconf 66' lang='lat' dir='ltr'><strong>Caeterum</strong></span> 
     </span>
    </p>
   </div>
   <div class='ocr_carea' id='block_1_22' title="bbox 447 2121 2016 2199">
    <p class='ocr_par' dir='ltr' id='par_1_22' title="bbox 447 2121 2016 2199">
     <span class='ocr_line' id='line_1_22' title="bbox 447 2121 2016 2199; baseline -0.013 -2"><span class='ocrx_word' id='word_1_138' title='bbox 447 2142 513 2197; x_wconf 87' lang='lat' dir='ltr'><strong>ad</strong></span> <span class='ocrx_word' id='word_1_139' title='bbox 540 2140 891 2196; x_wconf 90' lang='lat' dir='ltr'><strong>asserendam</strong></span> <span class='ocrx_word' id='word_1_140' title='bbox 926 2136 1137 2192; x_wconf 87' lang='lat' dir='ltr'><strong>auctori</strong></span> <span class='ocrx_word' id='word_1_141' title='bbox 1173 2150 1273 2190; x_wconf 92' lang='lat' dir='ltr'><strong>suo</strong></span> <span class='ocrx_word' id='word_1_142' title='bbox 1304 2133 1443 2187; x_wconf 89' lang='lat' dir='ltr'><strong>hanc</strong></span> <span class='ocrx_word' id='word_1_143' title='bbox 1468 2127 1854 2199; x_wconf 80' lang='lat' dir='ltr'><strong>Melaphrasin,</strong></span> <span class='ocrx_word' id='word_1_144' title='bbox 1886 2121 2016 2177; x_wconf 90' lang='lat' dir='ltr'><strong>illud</strong></span> 
     </span>
    </p>
   </div>
   <div class='ocr_carea' id='block_1_23' title="bbox 446 2217 2016 2304">
    <p class='ocr_par' dir='ltr' id='par_1_23' title="bbox 446 2217 2016 2304">
     <span class='ocr_line' id='line_1_23' title="bbox 446 2217 2016 2304; baseline -0.013 -15"><span class='ocrx_word' id='word_1_145' title='bbox 446 2249 664 2304; x_wconf 90' lang='lat' dir='ltr'><strong>quoque</strong></span> <span class='ocrx_word' id='word_1_146' title='bbox 720 2231 956 2294; x_wconf 88' lang='lat' dir='ltr'><strong>accedit,</strong></span> <span class='ocrx_word' id='word_1_147' title='bbox 1006 2229 1152 2299; x_wconf 90' lang='lat' dir='ltr'><strong>quod</strong></span> <span class='ocrx_word' id='word_1_148' title='bbox 1201 2227 1257 2281; x_wconf 88' lang='lat' dir='ltr'><strong>in</strong></span> <span class='ocrx_word' id='word_1_149' title='bbox 1304 2241 1367 2280; x_wconf 90' lang='lat' dir='ltr'><strong>ea</strong></span> <span class='ocrx_word' id='word_1_150' title='bbox 1416 2223 1718 2295; x_wconf 84' lang='lat' dir='ltr'><strong>peculiares</strong></span> <span class='ocrx_word' id='word_1_151' title='bbox 1767 2217 2016 2290; x_wconf 57' lang='lat' dir='ltr'><strong>qua‘dam</strong></span> 
     </span>
    </p>
   </div>
   <div class='ocr_carea' id='block_1_24' title="bbox 444 2309 2016 2389">
    <p class='ocr_par' dir='ltr' id='par_1_24' title="bbox 444 2309 2016 2389">
     <span class='ocr_line' id='line_1_24' title="bbox 444 2309 2016 2389; baseline -0.013 -7"><span class='ocrx_word' id='word_1_152' title='bbox 444 2327 750 2382; x_wconf 86' lang='lat' dir='ltr'><strong>locutiones</strong></span> <span class='ocrx_word' id='word_1_153' title='bbox 807 2330 1137 2386; x_wconf 90' lang='lat' dir='ltr'><strong>occurrunt,</strong></span> <span class='ocrx_word' id='word_1_154' title='bbox 1193 2318 1396 2389; x_wconf 86' lang='lat' dir='ltr'><strong>quibus</strong></span> <span class='ocrx_word' id='word_1_155' title='bbox 1450 2317 1504 2370; x_wconf 91' lang='lat' dir='ltr'><strong>in</strong></span> <span class='ocrx_word' id='word_1_156' title='bbox 1556 2314 1887 2384; x_wconf 82' lang='lat' dir='ltr'><strong>Panegyrico</strong></span> <span class='ocrx_word' id='word_1_157' title='bbox 1947 2309 2016 2362; x_wconf 81' lang='lat' dir='ltr'><strong>ad</strong></span> 
     </span>
    </p>
   </div>
   <div class='ocr_carea' id='block_1_25' title="bbox 452 2404 2017 2490">
    <p class='ocr_par' dir='ltr' id='par_1_25' title="bbox 452 2404 2017 2490">
     <span class='ocr_line' id='line_1_25' title="bbox 452 2404 2017 2490; baseline -0.012 -16"><span class='ocrx_word' id='word_1_158' title='bbox 452 2417 730 2490; x_wconf 84' lang='lat' dir='ltr'><strong>Origenem</strong></span> <span class='ocrx_word' id='word_1_159' title='bbox 755 2417 928 2471; x_wconf 89' lang='lat' dir='ltr'><strong>utitur</strong></span> <span class='ocrx_word' id='word_1_160' title='bbox 948 2414 1414 2486; x_wconf 83' lang='lat' dir='ltr'><strong>Thaumatnrgus,</strong></span> <span class='ocrx_word' id='word_1_161' title='bbox 1441 2418 1499 2463; x_wconf 92' lang='lat' dir='ltr'><strong>ut</strong></span> <span class='ocrx_word' id='word_1_162' title='bbox 1523 2409 1576 2462; x_wconf 92' lang='lat' dir='ltr'><strong>in</strong></span> <span class='ocrx_word' id='word_1_163' title='bbox 1601 2404 1862 2475; x_wconf 74' lang='lat' dir='ltr'><strong>subjectis</strong></span> <span class='ocrx_word' id='word_1_164' title='bbox 1891 2417 2017 2457; x_wconf 89' lang='lat' dir='ltr'><strong>eru-</strong></span> 
     </span>
    </p>
   </div>
   <div class='ocr_carea' id='block_1_26' title="bbox 448 2494 2018 2581">
    <p class='ocr_par' dir='ltr' id='par_1_26' title="bbox 448 2494 2018 2581">
     <span class='ocr_line' id='line_1_26' title="bbox 448 2494 2018 2581; baseline -0.012 -13"><span class='ocrx_word' id='word_1_165' title='bbox 448 2513 546 2567; x_wconf 91' lang='lat' dir='ltr'><strong>diti</strong></span> <span class='ocrx_word' id='word_1_166' title='bbox 575 2511 812 2581; x_wconf 88' lang='lat' dir='ltr'><strong>Bengelii</strong></span> <span class='ocrx_word' id='word_1_167' title='bbox 845 2507 1287 2563; x_wconf 82' lang='lat' dir='ltr'><strong>adnotationibus</strong></span> <span class='ocrx_word' id='word_1_168' title='bbox 1313 2503 1495 2557; x_wconf 88' lang='lat' dir='ltr'><strong>videre</strong></span> <span class='ocrx_word' id='word_1_169' title='bbox 1531 2509 1642 2566; x_wconf 88' lang='lat' dir='ltr'><strong>est;</strong></span> <span class='ocrx_word' id='word_1_170' title='bbox 1677 2498 1770 2569; x_wconf 90' lang='lat' dir='ltr'><strong>qui</strong></span> <span class='ocrx_word' id='word_1_171' title='bbox 1800 2509 1854 2552; x_wconf 90' lang='lat' dir='ltr'><strong>et</strong></span> <span class='ocrx_word' id='word_1_172' title='bbox 1886 2494 2018 2550; x_wconf 88' lang='lat' dir='ltr'><strong>illud</strong></span> 
     </span>
    </p>
   </div>
   <div class='ocr_carea' id='block_1_27' title="bbox 447 2589 2016 2673">
    <p class='ocr_par' dir='ltr' id='par_1_27' title="bbox 447 2589 2016 2673">
     <span class='ocr_line' id='line_1_27' title="bbox 447 2589 2016 2673; baseline -0.013 -15"><span class='ocrx_word' id='word_1_173' title='bbox 447 2603 557 2658; x_wconf 88' lang='lat' dir='ltr'><strong>huc</strong></span> <span class='ocrx_word' id='word_1_174' title='bbox 592 2603 868 2673; x_wconf 88' lang='lat' dir='ltr'><strong>pertinens</strong></span> <span class='ocrx_word' id='word_1_175' title='bbox 921 2598 1070 2653; x_wconf 89' lang='lat' dir='ltr'><strong>addit</strong></span> <span class='ocrx_word' id='word_1_176' title='bbox 1120 2597 1234 2668; x_wconf 79' lang='lat'><strong>(29)</strong></span> <span class='ocrx_word' id='word_1_177' title='bbox 1273 2612 1286 2646; x_wconf 94' lang='lat'><strong>:</strong></span> <span class='ocrx_word' id='word_1_178' title='bbox 1325 2613 1342 2644; x_wconf 77' lang='grc' dir='ltr'>ι</span> <span class='ocrx_word' id='word_1_179' title='bbox 1376 2592 1635 2648; x_wconf 81' lang='lat' dir='ltr'><strong>Modestia</strong></span> <span class='ocrx_word' id='word_1_180' title='bbox 1659 2632 1674 2657; x_wconf 97' lang='lat'><strong>,</strong></span> <span class='ocrx_word' id='word_1_181' title='bbox 1740 2589 2016 2658; x_wconf 83' lang='lat' dir='ltr'><strong>inquiens,</strong></span> 
     </span>
    </p>
   </div>
   <div class='ocr_carea' id='block_1_28' title="bbox 449 2679 2017 2766">
    <p class='ocr_par' dir='ltr' id='par_1_28' title="bbox 449 2679 2017 2766">
     <span class='ocr_line' id='line_1_28' title="bbox 449 2679 2017 2766; baseline -0.011 -16"><span class='ocrx_word' id='word_1_182' title='bbox 449 2711 571 2766; x_wconf 70' lang='lat' dir='ltr'><strong>quae</strong></span> <span class='ocrx_word' id='word_1_183' title='bbox 599 2694 816 2764; x_wconf 86' lang='lat' dir='ltr'><strong>quidem</strong></span> <span class='ocrx_word' id='word_1_184' title='bbox 859 2691 1024 2746; x_wconf 90' lang='lat' dir='ltr'><strong>totius</strong></span> <span class='ocrx_word' id='word_1_185' title='bbox 1044 2688 1287 2760; x_wconf 83' lang='lat' dir='ltr'><strong>Gregorii</strong></span> <span class='ocrx_word' id='word_1_186' title='bbox 1329 2685 1696 2740; x_wconf 81' lang='lat' dir='ltr'><strong>characterem</strong></span> <span class='ocrx_word' id='word_1_187' title='bbox 1728 2679 2017 2752; x_wconf 88' lang='lat' dir='ltr'><strong>quemdam</strong></span> 
     </span>
    </p>
   </div>
   <div class='ocr_carea' id='block_1_29' title="bbox 449 2774 2019 2857">
    <p class='ocr_par' dir='ltr' id='par_1_29' title="bbox 449 2774 2019 2857">
     <span class='ocr_line' id='line_1_29' title="bbox 449 2774 2019 2857; baseline -0.011 -15"><span class='ocrx_word' id='word_1_188' title='bbox 449 2784 782 2857; x_wconf 77' lang='lat' dir='ltr'><strong>singularem</strong></span> <span class='ocrx_word' id='word_1_189' title='bbox 833 2782 1052 2844; x_wconf 86' lang='lat' dir='ltr'><strong>facit,...</strong></span> <span class='ocrx_word' id='word_1_190' title='bbox 1102 2779 1162 2833; x_wconf 90' lang='lat' dir='ltr'><strong>in</strong></span> <span class='ocrx_word' id='word_1_191' title='bbox 1210 2793 1376 2833; x_wconf 91' lang='lat' dir='ltr'><strong>causa</strong></span> <span class='ocrx_word' id='word_1_192' title='bbox 1407 2776 1532 2843; x_wconf 88' lang='lat' dir='ltr'><strong>fuit,</strong></span> <span class='ocrx_word' id='word_1_193' title='bbox 1586 2774 1798 2844; x_wconf 86' lang='lat' dir='ltr'><strong>opinor,</strong></span> <span class='ocrx_word' id='word_1_194' title='bbox 1849 2780 1908 2825; x_wconf 91' lang='lat' dir='ltr'><strong>ut</strong></span> <span class='ocrx_word' id='word_1_195' title='bbox 1951 2785 2019 2825; x_wconf 78' lang='lat' dir='ltr'><strong>ex</strong></span> 
     </span>
    </p>
   </div>
   <div class='ocr_carea' id='block_1_30' title="bbox 449 2861 2020 2944">
    <p class='ocr_par' dir='ltr' id='par_1_30' title="bbox 449 2861 2020 2944">
     <span class='ocr_line' id='line_1_30' title="bbox 449 2861 2020 2944; baseline -0.011 -11"><span class='ocrx_word' id='word_1_196' title='bbox 449 2879 706 2933; x_wconf 81' lang='lat' dir='ltr'><strong>erunibus</strong></span> <span class='ocrx_word' id='word_1_197' title='bbox 744 2875 1041 2944; x_wconf 72' lang='lat' dir='ltr'><strong>Scripturre</strong></span> <span class='ocrx_word' id='word_1_198' title='bbox 1076 2885 1244 2924; x_wconf 83' lang='lat' dir='ltr'><strong>sacrae</strong></span> <span class='ocrx_word' id='word_1_199' title='bbox 1284 2868 1436 2922; x_wconf 86' lang='lat' dir='ltr'><strong>libris</strong></span> <span class='ocrx_word' id='word_1_200' title='bbox 1461 2867 1814 2921; x_wconf 80' lang='lat' dir='ltr'><strong>Ecclesiasten</strong></span> <span class='ocrx_word' id='word_1_201' title='bbox 1846 2861 2020 2932; x_wconf 83' lang='lat' dir='ltr'><strong>potis-</strong></span> 
     </span>
    </p>
   </div>
   <div class='ocr_carea' id='block_1_31' title="bbox 449 2956 2020 3039">
    <p class='ocr_par' dir='ltr' id='par_1_31' title="bbox 449 2956 2020 3039">
     <span class='ocr_line' id='line_1_31' title="bbox 449 2956 2020 3039; baseline -0.013 -10"><span class='ocrx_word' id='word_1_202' title='bbox 449 2975 681 3039; x_wconf 87' lang='lat' dir='ltr'><strong>simum,</strong></span> <span class='ocrx_word' id='word_1_203' title='bbox 719 2969 975 3026; x_wconf 72' lang='lat' dir='ltr'><strong>vanitatis</strong></span> <span class='ocrx_word' id='word_1_204' title='bbox 1007 2968 1519 3027; x_wconf 86' lang='lat' dir='ltr'><strong>demonstratorem,</strong></span> <span class='ocrx_word' id='word_1_205' title='bbox 1558 2956 1885 3028; x_wconf 83' lang='lat' dir='ltr'><strong>Metaphrasi</strong></span> <span class='ocrx_word' id='word_1_206' title='bbox 1927 2970 2020 3009; x_wconf 91' lang='lat' dir='ltr'><strong>or-</strong></span> 
     </span>
    </p>
   </div>
   <div class='ocr_carea' id='block_1_32' title="bbox 447 3050 2020 3127">
    <p class='ocr_par' dir='ltr' id='par_1_32' title="bbox 447 3050 2020 3127">
     <span class='ocr_line' id='line_1_32' title="bbox 447 3050 2020 3127; baseline -0.014 -5"><span class='ocrx_word' id='word_1_207' title='bbox 447 3065 690 3122; x_wconf 90' lang='lat' dir='ltr'><strong>nandum</strong></span> <span class='ocrx_word' id='word_1_208' title='bbox 741 3070 1004 3127; x_wconf 85' lang='lat' dir='ltr'><strong>sumeret,</strong></span> <span class='ocrx_word' id='word_1_209' title='bbox 1048 3070 1102 3115; x_wconf 88' lang='lat' dir='ltr'><strong>et</strong></span> <span class='ocrx_word' id='word_1_210' title='bbox 1137 3059 1191 3113; x_wconf 89' lang='lat' dir='ltr'><strong>in</strong></span> <span class='ocrx_word' id='word_1_211' title='bbox 1233 3057 1324 3111; x_wconf 90' lang='lat' dir='ltr'><strong>illo</strong></span> <span class='ocrx_word' id='word_1_212' title='bbox 1356 3070 1520 3126; x_wconf 89' lang='lat' dir='ltr'><strong>opere</strong></span> <span class='ocrx_word' id='word_1_213' title='bbox 1559 3061 1669 3106; x_wconf 89' lang='lat' dir='ltr'><strong>tam</strong></span> <span class='ocrx_word' id='word_1_214' title='bbox 1705 3050 1875 3104; x_wconf 90' lang='lat' dir='ltr'><strong>multa</strong></span> <span class='ocrx_word' id='word_1_215' title='bbox 1910 3056 2020 3102; x_wconf 87' lang='lat' dir='ltr'><strong>tam</strong></span> 
     </span>
    </p>
   </div>
   <div class='ocr_carea' id='block_1_33' title="bbox 2113 552 3664 632">
    <p class='ocr_par' dir='ltr' id='par_1_33' title="bbox 2113 552 3664 632">
     <span class='ocr_line' id='line_1_33' title="bbox 2113 552 3664 632; baseline -0.006 -16"><span class='ocrx_word' id='word_1_216' title='bbox 2113 563 2397 632; x_wconf 87' lang='lat' dir='ltr'><strong>signamus</strong></span> <span class='ocrx_word' id='word_1_217' title='bbox 2430 561 2669 629; x_wconf 90' lang='lat' dir='ltr'><strong>reliquos</strong></span> <span class='ocrx_word' id='word_1_218' title='bbox 2701 571 2892 612; x_wconf 90' lang='lat' dir='ltr'><strong>omnes</strong></span> <span class='ocrx_word' id='word_1_219' title='bbox 2915 567 3178 617; x_wconf 83' lang='lat' dir='ltr'><strong>canones,</strong></span> <span class='ocrx_word' id='word_1_220' title='bbox 3210 552 3300 622; x_wconf 92' lang='lat' dir='ltr'><strong>qui</strong></span> <span class='ocrx_word' id='word_1_221' title='bbox 3339 565 3367 604; x_wconf 89' lang='lat' dir='ltr'><strong>a</strong></span> <span class='ocrx_word' id='word_1_222' title='bbox 3401 553 3596 606; x_wconf 87' lang='lat' dir='ltr'><strong>sanctis</strong></span> <span class='ocrx_word' id='word_1_223' title='bbox 3617 561 3664 606; x_wconf 87' lang='lat' dir='ltr'><strong>et</strong></span> 
     </span>
    </p>
   </div>
   <div class='ocr_carea' id='block_1_34' title="bbox 2115 642 3666 717">
    <p class='ocr_par' dir='ltr' id='par_1_34' title="bbox 2115 642 3666 717">
     <span class='ocr_line' id='line_1_34' title="bbox 2115 642 3666 717; baseline -0.009 -7"><span class='ocrx_word' id='word_1_224' title='bbox 2115 656 2287 710; x_wconf 87' lang='lat' dir='ltr'><strong>beatis</strong></span> <span class='ocrx_word' id='word_1_225' title='bbox 2341 653 2543 708; x_wconf 88' lang='lat' dir='ltr'><strong>nostris</strong></span> <span class='ocrx_word' id='word_1_226' title='bbox 2571 651 2826 706; x_wconf 88' lang='lat' dir='ltr'><strong>Patribus</strong></span> <span class='ocrx_word' id='word_1_227' title='bbox 2872 646 3107 717; x_wconf 80' lang='lat' dir='ltr'><strong>expositi</strong></span> <span class='ocrx_word' id='word_1_228' title='bbox 3138 654 3305 710; x_wconf 91' lang='lat' dir='ltr'><strong>sunt;</strong></span> <span class='ocrx_word' id='word_1_229' title='bbox 3349 644 3401 699; x_wconf 90' lang='lat' dir='ltr'><strong>id</strong></span> <span class='ocrx_word' id='word_1_230' title='bbox 3429 652 3512 699; x_wconf 90' lang='lat' dir='ltr'><strong>est</strong></span> <span class='ocrx_word' id='word_1_231' title='bbox 3551 642 3666 698; x_wconf 83' lang='lat' dir='ltr'><strong>Gre-</strong></span> 
     </span>
    </p>
   </div>
   <div class='ocr_carea' id='block_1_35' title="bbox 2115 737 3540 821">
    <p class='ocr_par' dir='ltr' id='par_1_35' title="bbox 2115 737 3540 821">
     <span class='ocr_line' id='line_1_35' title="bbox 2115 737 3540 821; baseline -0.011 -18"><span class='ocrx_word' id='word_1_232' title='bbox 2115 748 2250 821; x_wconf 87' lang='lat' dir='ltr'><strong>gorii</strong></span> <span class='ocrx_word' id='word_1_233' title='bbox 2276 745 2636 801; x_wconf 70' lang='lat' dir='ltr'><strong>Neocazsareae</strong></span> <span class='ocrx_word' id='word_1_234' title='bbox 2670 741 2909 812; x_wconf 90' lang='lat' dir='ltr'><strong>episc0pi</strong></span> <span class='ocrx_word' id='word_1_235' title='bbox 2944 737 3362 807; x_wconf 83' lang='lat' dir='ltr'><strong>Thaumaturgi,</strong></span> <span class='ocrx_word' id='word_1_236' title='bbox 3387 746 3492 791; x_wconf 89' lang='lat' dir='ltr'><strong>etc.</strong></span> <span class='ocrx_word' id='word_1_237' title='bbox 3522 754 3540 788; x_wconf 73' lang='grc' dir='ltr'>ι</span> 
     </span>
    </p>
   </div>
   <div class='ocr_carea' id='block_1_36' title="bbox 2185 824 3666 908">
    <p class='ocr_par' dir='ltr' id='par_1_36' title="bbox 2185 824 3666 908">
     <span class='ocr_line' id='line_1_36' title="bbox 2185 824 3666 908; baseline -0.009 -16"><span class='ocrx_word' id='word_1_238' title='bbox 2185 838 2251 892; x_wconf 86' lang='lat' dir='ltr'><strong>Et</strong></span> <span class='ocrx_word' id='word_1_239' title='bbox 2286 837 2446 908; x_wconf 91' lang='lat' dir='ltr'><strong>primi</strong></span> <span class='ocrx_word' id='word_1_240' title='bbox 2477 834 2695 906; x_wconf 89' lang='lat' dir='ltr'><strong>quidem</strong></span> <span class='ocrx_word' id='word_1_241' title='bbox 2727 833 2910 887; x_wconf 89' lang='lat' dir='ltr'><strong>decem</strong></span> <span class='ocrx_word' id='word_1_242' title='bbox 2942 844 3178 884; x_wconf 85' lang='lat' dir='ltr'><strong>canones</strong></span> <span class='ocrx_word' id='word_1_243' title='bbox 3230 826 3474 880; x_wconf 88' lang='lat' dir='ltr'><strong>omnium</strong></span> <span class='ocrx_word' id='word_1_244' title='bbox 3502 824 3666 879; x_wconf 84' lang='lat' dir='ltr'><strong>crudi-</strong></span> 
     </span>
    </p>
   </div>
   <div class='ocr_carea' id='block_1_37' title="bbox 2115 921 3669 1000">
    <p class='ocr_par' dir='ltr' id='par_1_37' title="bbox 2115 921 3669 1000">
     <span class='ocr_line' id='line_1_37' title="bbox 2115 921 3669 1000; baseline -0.01 -12"><span class='ocrx_word' id='word_1_245' title='bbox 2115 941 2294 988; x_wconf 87' lang='lat' dir='ltr'><strong>torum</strong></span> <span class='ocrx_word' id='word_1_246' title='bbox 2338 929 2563 986; x_wconf 90' lang='lat' dir='ltr'><strong>calculis</strong></span> <span class='ocrx_word' id='word_1_247' title='bbox 2603 927 2851 1000; x_wconf 82' lang='lat' dir='ltr'><strong>GregOrii</strong></span> <span class='ocrx_word' id='word_1_248' title='bbox 2904 921 3361 980; x_wconf 73' lang='lat' dir='ltr'><strong>Neoczesariensis</strong></span> <span class='ocrx_word' id='word_1_249' title='bbox 3413 934 3536 974; x_wconf 88' lang='lat' dir='ltr'><strong>esse</strong></span> <span class='ocrx_word' id='word_1_250' title='bbox 3585 935 3669 973; x_wconf 89' lang='lat' dir='ltr'><strong>no-</strong></span> 
     </span>
    </p>
   </div>
   <div class='ocr_carea' id='block_1_38' title="bbox 2117 1010 3669 1081">
    <p class='ocr_par' dir='ltr' id='par_1_38' title="bbox 2117 1010 3669 1081">
     <span class='ocr_line' id='line_1_38' title="bbox 2117 1010 3669 1081; baseline -0.012 -1"><span class='ocrx_word' id='word_1_251' title='bbox 2117 1033 2379 1080; x_wconf 90' lang='lat' dir='ltr'><strong>scuntur:</strong></span> <span class='ocrx_word' id='word_1_252' title='bbox 2415 1030 2470 1076; x_wconf 89' lang='lat' dir='ltr'><strong>at</strong></span> <span class='ocrx_word' id='word_1_253' title='bbox 2503 1021 2855 1076; x_wconf 86' lang='lat' dir='ltr'><strong>undecimum</strong></span> <span class='ocrx_word' id='word_1_254' title='bbox 2885 1026 2940 1072; x_wconf 90' lang='lat' dir='ltr'><strong>et</strong></span> <span class='ocrx_word' id='word_1_255' title='bbox 2970 1016 3221 1070; x_wconf 90' lang='lat' dir='ltr'><strong>ultimum</strong></span> <span class='ocrx_word' id='word_1_256' title='bbox 3259 1022 3521 1081; x_wconf 89' lang='lat' dir='ltr'><strong>tanquam</strong></span> <span class='ocrx_word' id='word_1_257' title='bbox 3555 1010 3669 1064; x_wconf 82' lang='lat' dir='ltr'><strong>sub-</strong></span> 
     </span>
    </p>
   </div>
   <div class='ocr_carea' id='block_1_39' title="bbox 2116 1104 3671 1185">
    <p class='ocr_par' dir='ltr' id='par_1_39' title="bbox 2116 1104 3671 1185">
     <span class='ocr_line' id='line_1_39' title="bbox 2116 1104 3671 1185; baseline -0.01 -12"><span class='ocrx_word' id='word_1_258' title='bbox 2116 1117 2352 1173; x_wconf 88' lang='lat' dir='ltr'><strong>ditilium</strong></span> <span class='ocrx_word' id='word_1_259' title='bbox 2377 1115 2620 1185; x_wconf 89' lang='lat' dir='ltr'><strong>plerique</strong></span> <span class='ocrx_word' id='word_1_260' title='bbox 2639 1111 2916 1182; x_wconf 88' lang='lat' dir='ltr'><strong>rejiciunt,</strong></span> <span class='ocrx_word' id='word_1_261' title='bbox 2940 1116 3214 1181; x_wconf 68' lang='lat' dir='ltr'><strong>praeeunte</strong></span> <span class='ocrx_word' id='word_1_262' title='bbox 3228 1107 3349 1160; x_wconf 92' lang='lat' dir='ltr'><strong>viro</strong></span> <span class='ocrx_word' id='word_1_263' title='bbox 3372 1104 3671 1159; x_wconf 87' lang='lat' dir='ltr'><strong>doctissimo</strong></span> 
     </span>
    </p>
   </div>
   <div class='ocr_carea' id='block_1_40' title="bbox 2119 1195 3672 1278">
    <p class='ocr_par' dir='ltr' id='par_1_40' title="bbox 2119 1195 3672 1278">
     <span class='ocr_line' id='line_1_40' title="bbox 2119 1195 3672 1278; baseline -0.01 -12"><span class='ocrx_word' id='word_1_264' title='bbox 2119 1211 2330 1266; x_wconf 87' lang='lat' dir='ltr'><strong>Joanne</strong></span> <span class='ocrx_word' id='word_1_265' title='bbox 2358 1209 2589 1272; x_wconf 86' lang='lat' dir='ltr'><strong>Morino,</strong></span> <span class='ocrx_word' id='word_1_266' title='bbox 2623 1208 2716 1278; x_wconf 88' lang='lat' dir='ltr'><strong>qui</strong></span> <span class='ocrx_word' id='word_1_267' title='bbox 2756 1204 3082 1262; x_wconf 88' lang='lat' dir='ltr'><strong>sententiam</strong></span> <span class='ocrx_word' id='word_1_268' title='bbox 3140 1215 3295 1255; x_wconf 88' lang='lat' dir='ltr'><strong>suam</strong></span> <span class='ocrx_word' id='word_1_269' title='bbox 3351 1197 3574 1267; x_wconf 78' lang='lat' dir='ltr'><strong>exponit</strong></span> <span class='ocrx_word' id='word_1_270' title='bbox 3602 1195 3672 1250; x_wconf 88' lang='lat' dir='ltr'><strong>bis</strong></span> 
     </span>
    </p>
   </div>
   <div class='ocr_carea' id='block_1_41' title="bbox 2117 1289 3673 1371">
    <p class='ocr_par' dir='ltr' id='par_1_41' title="bbox 2117 1289 3673 1371">
     <span class='ocr_line' id='line_1_41' title="bbox 2117 1289 3673 1371; baseline -0.012 -13"><span class='ocrx_word' id='word_1_271' title='bbox 2117 1303 2299 1358; x_wconf 83' lang='lat' dir='ltr'><strong>verbis</strong></span> <span class='ocrx_word' id='word_1_272' title='bbox 2340 1300 2449 1371; x_wconf 74' lang='grc'><strong>(54)</strong></span> <span class='ocrx_word' id='word_1_273' title='bbox 2485 1319 2498 1354; x_wconf 91' lang='lat'><strong>:</strong></span> <span class='ocrx_word' id='word_1_274' title='bbox 2553 1318 2570 1351; x_wconf 75' lang='grc' dir='ltr'><strong>ε</strong></span> <span class='ocrx_word' id='word_1_275' title='bbox 2606 1298 2950 1354; x_wconf 90' lang='lat' dir='ltr'><strong>Postremum</strong></span> <span class='ocrx_word' id='word_1_276' title='bbox 2980 1294 3131 1349; x_wconf 90' lang='lat' dir='ltr'><strong>illum</strong></span> <span class='ocrx_word' id='word_1_277' title='bbox 3171 1306 3463 1356; x_wconf 90' lang='lat' dir='ltr'><strong>canonem,</strong></span> <span class='ocrx_word' id='word_1_278' title='bbox 3494 1289 3673 1357; x_wconf 89' lang='lat' dir='ltr'><strong>inquit,</strong></span> 
     </span>
    </p>
   </div>
   <div class='ocr_carea' id='block_1_42' title="bbox 2120 1381 3676 1464">
    <p class='ocr_par' dir='ltr' id='par_1_42' title="bbox 2120 1381 3676 1464">
     <span class='ocr_line' id='line_1_42' title="bbox 2120 1381 3676 1464; baseline -0.01 -15"><span class='ocrx_word' id='word_1_279' title='bbox 2120 1393 2384 1464; x_wconf 87' lang='lat' dir='ltr'><strong>Gregorio</strong></span> <span class='ocrx_word' id='word_1_280' title='bbox 2415 1391 2829 1460; x_wconf 84' lang='lat' dir='ltr'><strong>’l‘haumaturgo</strong></span> <span class='ocrx_word' id='word_1_281' title='bbox 2850 1387 3194 1452; x_wconf 89' lang='lat' dir='ltr'><strong>attributum,</strong></span> <span class='ocrx_word' id='word_1_282' title='bbox 3221 1399 3328 1438; x_wconf 90' lang='lat' dir='ltr'><strong>non</strong></span> <span class='ocrx_word' id='word_1_283' title='bbox 3352 1396 3476 1436; x_wconf 87' lang='lat' dir='ltr'><strong>esse</strong></span> <span class='ocrx_word' id='word_1_284' title='bbox 3502 1381 3676 1451; x_wconf 90' lang='lat' dir='ltr'><strong>ipsius,</strong></span> 
     </span>
    </p>
   </div>
   <div class='ocr_carea' id='block_1_43' title="bbox 2121 1475 3676 1555">
    <p class='ocr_par' dir='ltr' id='par_1_43' title="bbox 2121 1475 3676 1555">
     <span class='ocr_line' id='line_1_43' title="bbox 2121 1475 3676 1555; baseline -0.009 -14"><span class='ocrx_word' id='word_1_285' title='bbox 2121 1497 2180 1542; x_wconf 92' lang='lat' dir='ltr'><strong>ut</strong></span> <span class='ocrx_word' id='word_1_286' title='bbox 2203 1488 2360 1555; x_wconf 85' lang='lat' dir='ltr'><strong>vulgo</strong></span> <span class='ocrx_word' id='word_1_287' title='bbox 2385 1485 2623 1541; x_wconf 88' lang='lat' dir='ltr'><strong>creditur</strong></span> <span class='ocrx_word' id='word_1_288' title='bbox 2652 1493 2705 1539; x_wconf 91' lang='lat' dir='ltr'><strong>et</strong></span> <span class='ocrx_word' id='word_1_289' title='bbox 2735 1483 2992 1552; x_wconf 84' lang='lat' dir='ltr'><strong>opinatur</strong></span> <span class='ocrx_word' id='word_1_290' title='bbox 3016 1479 3328 1543; x_wconf 87' lang='lat' dir='ltr'><strong>Balsamon,</strong></span> <span class='ocrx_word' id='word_1_291' title='bbox 3379 1475 3476 1531; x_wconf 90' lang='lat' dir='ltr'><strong>sed</strong></span> <span class='ocrx_word' id='word_1_292' title='bbox 3503 1490 3566 1528; x_wconf 77' lang='lat' dir='ltr'><strong>ex</strong></span> <span class='ocrx_word' id='word_1_293' title='bbox 3598 1488 3676 1527; x_wconf 88' lang='lat' dir='ltr'><strong>ca-</strong></span> 
     </span>
    </p>
   </div>
   <div class='ocr_carea' id='block_1_44' title="bbox 2121 1572 3681 1650">
    <p class='ocr_par' dir='ltr' id='par_1_44' title="bbox 2121 1572 3681 1650">
     <span class='ocr_line' id='line_1_44' title="bbox 2121 1572 3681 1650; baseline -0.01 -14"><span class='ocrx_word' id='word_1_294' title='bbox 2121 1582 2358 1636; x_wconf 87' lang='lat' dir='ltr'><strong>nonibus</strong></span> <span class='ocrx_word' id='word_1_295' title='bbox 2394 1578 2843 1650; x_wconf 82' lang='lat' dir='ltr'><strong>praecedentibus,</strong></span> <span class='ocrx_word' id='word_1_296' title='bbox 2895 1584 2948 1630; x_wconf 88' lang='lat' dir='ltr'><strong>et</strong></span> <span class='ocrx_word' id='word_1_297' title='bbox 2995 1572 3340 1644; x_wconf 88' lang='lat' dir='ltr'><strong>potissimum</strong></span> <span class='ocrx_word' id='word_1_298' title='bbox 3389 1584 3460 1624; x_wconf 78' lang='lat' dir='ltr'><strong>ex</strong></span> <span class='ocrx_word' id='word_1_299' title='bbox 3509 1573 3681 1621; x_wconf 84' lang='lat' dir='ltr'><strong>sancto</strong></span> 
     </span>
    </p>
   </div>
   <div class='ocr_carea' id='block_1_45' title="bbox 2121 1663 3679 1738">
    <p class='ocr_par' dir='ltr' id='par_1_45' title="bbox 2121 1663 3679 1738">
     <span class='ocr_line' id='line_1_45' title="bbox 2121 1663 3679 1738; baseline -0.012 -10"><span class='ocrx_word' id='word_1_300' title='bbox 2121 1673 2326 1728; x_wconf 87' lang='lat' dir='ltr'><strong>Basilio</strong></span> <span class='ocrx_word' id='word_1_301' title='bbox 2359 1673 2647 1727; x_wconf 91' lang='lat' dir='ltr'><strong>collectum</strong></span> <span class='ocrx_word' id='word_1_302' title='bbox 2685 1678 2742 1724; x_wconf 90' lang='lat' dir='ltr'><strong>et</strong></span> <span class='ocrx_word' id='word_1_303' title='bbox 2763 1667 3010 1738; x_wconf 79' lang='lat' dir='ltr'><strong>Gregorii</strong></span> <span class='ocrx_word' id='word_1_304' title='bbox 3038 1663 3340 1720; x_wconf 89' lang='lat' dir='ltr'><strong>canonibus</strong></span> <span class='ocrx_word' id='word_1_305' title='bbox 3379 1673 3644 1714; x_wconf 69' lang='lat' dir='ltr'><strong>annexum</strong></span> <span class='ocrx_word' id='word_1_306' title='bbox 3665 1695 3679 1720; x_wconf 93' lang='lat'><strong>,</strong></span> 
     </span>
    </p>
   </div>
   <div class='ocr_carea' id='block_1_46' title="bbox 2124 1756 3682 1834">
    <p class='ocr_par' dir='ltr' id='par_1_46' title="bbox 2124 1756 3682 1834">
     <span class='ocr_line' id='line_1_46' title="bbox 2124 1756 3682 1834; baseline -0.012 -12"><span class='ocrx_word' id='word_1_307' title='bbox 2124 1764 2476 1821; x_wconf 83' lang='lat' dir='ltr'><strong>manifestum</strong></span> <span class='ocrx_word' id='word_1_308' title='bbox 2507 1774 2591 1819; x_wconf 92' lang='lat' dir='ltr'><strong>est</strong></span> <span class='ocrx_word' id='word_1_309' title='bbox 2625 1763 2860 1834; x_wconf 90' lang='lat' dir='ltr'><strong>primum</strong></span> <span class='ocrx_word' id='word_1_310' title='bbox 2907 1776 2974 1814; x_wconf 76' lang='lat' dir='ltr'><strong>ex</strong></span> <span class='ocrx_word' id='word_1_311' title='bbox 3017 1756 3286 1813; x_wconf 89' lang='lat' dir='ltr'><strong>sermonis</strong></span> <span class='ocrx_word' id='word_1_312' title='bbox 3315 1763 3540 1809; x_wconf 83' lang='lat' dir='ltr'><strong>tenore:</strong></span> <span class='ocrx_word' id='word_1_313' title='bbox 3587 1764 3682 1804; x_wconf 88' lang='lat' dir='ltr'><strong>non</strong></span> 
     </span>
    </p>
   </div>
   <div class='ocr_carea' id='block_1_47' title="bbox 2121 1843 3683 1920">
    <p class='ocr_par' dir='ltr' id='par_1_47' title="bbox 2121 1843 3683 1920">
     <span class='ocr_line' id='line_1_47' title="bbox 2121 1843 3683 1920; baseline -0.012 -6"><span class='ocrx_word' id='word_1_314' title='bbox 2121 1868 2203 1914; x_wconf 90' lang='lat' dir='ltr'><strong>est</strong></span> <span class='ocrx_word' id='word_1_315' title='bbox 2229 1859 2374 1914; x_wconf 92' lang='lat' dir='ltr'><strong>enim</strong></span> <span class='ocrx_word' id='word_1_316' title='bbox 2414 1872 2613 1920; x_wconf 91' lang='lat' dir='ltr'><strong>canon,</strong></span> <span class='ocrx_word' id='word_1_317' title='bbox 2675 1855 2771 1911; x_wconf 90' lang='lat' dir='ltr'><strong>sed</strong></span> <span class='ocrx_word' id='word_1_318' title='bbox 2825 1851 3269 1916; x_wconf 89' lang='lat' dir='ltr'><strong>commentarius,</strong></span> <span class='ocrx_word' id='word_1_319' title='bbox 3302 1847 3471 1902; x_wconf 90' lang='lat' dir='ltr'><strong>verba</strong></span> <span class='ocrx_word' id='word_1_320' title='bbox 3503 1843 3683 1914; x_wconf 87' lang='lat' dir='ltr'><strong>quibus</strong></span> 
     </span>
    </p>
   </div>
   <div class='ocr_carea' id='block_1_48' title="bbox 2119 1937 3684 2022">
    <p class='ocr_par' dir='ltr' id='par_1_48' title="bbox 2119 1937 3684 2022">
     <span class='ocr_line' id='line_1_48' title="bbox 2119 1937 3684 2022; baseline -0.011 -14"><span class='ocrx_word' id='word_1_321' title='bbox 2119 1952 2416 2022; x_wconf 83' lang='lat' dir='ltr'><strong>Gregorius</strong></span> <span class='ocrx_word' id='word_1_322' title='bbox 2447 1966 2580 2006; x_wconf 90' lang='lat' dir='ltr'><strong>usus</strong></span> <span class='ocrx_word' id='word_1_323' title='bbox 2614 1958 2732 2004; x_wconf 85' lang='lat' dir='ltr'><strong>erat</strong></span> <span class='ocrx_word' id='word_1_324' title='bbox 2784 1947 3086 2017; x_wconf 75' lang='lat' dir='ltr'><strong>explicans.</strong></span> <span class='ocrx_word' id='word_1_325' title='bbox 3132 1943 3227 1998; x_wconf 87' lang='lat' dir='ltr'><strong>His</strong></span> <span class='ocrx_word' id='word_1_326' title='bbox 3261 1942 3410 1997; x_wconf 92' lang='lat' dir='ltr'><strong>enim</strong></span> <span class='ocrx_word' id='word_1_327' title='bbox 3452 1937 3684 1995; x_wconf 86' lang='lat' dir='ltr'><strong>stationi-</strong></span> 
     </span>
    </p>
   </div>
   <div class='ocr_carea' id='block_1_49' title="bbox 2120 2030 3688 2104">
    <p class='ocr_par' dir='ltr' id='par_1_49' title="bbox 2120 2030 3688 2104">
     <span class='ocr_line' id='line_1_49' title="bbox 2120 2030 3688 2104; baseline -0.011 -5"><span class='ocrx_word' id='word_1_328' title='bbox 2120 2045 2223 2099; x_wconf 90' lang='lat' dir='ltr'><strong>bus</strong></span> <span class='ocrx_word' id='word_1_329' title='bbox 2250 2053 2303 2099; x_wconf 92' lang='lat' dir='ltr'><strong>et</strong></span> <span class='ocrx_word' id='word_1_330' title='bbox 2335 2059 2522 2099; x_wconf 90' lang='lat' dir='ltr'><strong>earum</strong></span> <span class='ocrx_word' id='word_1_331' title='bbox 2555 2041 2874 2096; x_wconf 88' lang='lat' dir='ltr'><strong>nominibus</strong></span> <span class='ocrx_word' id='word_1_332' title='bbox 2902 2055 3037 2094; x_wconf 88' lang='lat' dir='ltr'><strong>usus</strong></span> <span class='ocrx_word' id='word_1_333' title='bbox 3069 2045 3184 2093; x_wconf 87' lang='lat' dir='ltr'><strong>erat</strong></span> <span class='ocrx_word' id='word_1_334' title='bbox 3215 2043 3275 2090; x_wconf 94' lang='lat' dir='ltr'><strong>ut</strong></span> <span class='ocrx_word' id='word_1_335' title='bbox 3300 2033 3541 2104; x_wconf 79' lang='lat' dir='ltr'><strong>vulgatis</strong></span> <span class='ocrx_word' id='word_1_336' title='bbox 3562 2030 3688 2085; x_wconf 84' lang='lat' dir='ltr'><strong>etab</strong></span> 
     </span>
    </p>
   </div>
   <div class='ocr_carea' id='block_1_50' title="bbox 2120 2119 3685 2204">
    <p class='ocr_par' dir='ltr' id='par_1_50' title="bbox 2120 2119 3685 2204">
     <span class='ocr_line' id='line_1_50' title="bbox 2120 2119 3685 2204; baseline -0.014 -13"><span class='ocrx_word' id='word_1_337' title='bbox 2120 2136 2378 2191; x_wconf 88' lang='lat' dir='ltr'><strong>omnibus</strong></span> <span class='ocrx_word' id='word_1_338' title='bbox 2401 2133 2656 2204; x_wconf 85' lang='lat' dir='ltr'><strong>cognitis,</strong></span> <span class='ocrx_word' id='word_1_339' title='bbox 2691 2139 2752 2186; x_wconf 89' lang='lat' dir='ltr'><strong>ut</strong></span> <span class='ocrx_word' id='word_1_340' title='bbox 2775 2138 2830 2186; x_wconf 92' lang='lat' dir='ltr'><strong>et</strong></span> <span class='ocrx_word' id='word_1_341' title='bbox 2860 2138 3083 2185; x_wconf 90' lang='lat' dir='ltr'><strong>sanctus</strong></span> <span class='ocrx_word' id='word_1_342' title='bbox 3115 2123 3373 2187; x_wconf 88' lang='lat' dir='ltr'><strong>Basilius,</strong></span> <span class='ocrx_word' id='word_1_343' title='bbox 3403 2119 3685 2176; x_wconf 88' lang='lat' dir='ltr'><strong>concilium</strong></span> 
     </span>
    </p>
   </div>
   <div class='ocr_carea' id='block_1_51' title="bbox 2118 2218 3689 2296">
    <p class='ocr_par' dir='ltr' id='par_1_51' title="bbox 2118 2218 3689 2296">
     <span class='ocr_line' id='line_1_51' title="bbox 2118 2218 3689 2296; baseline -0.011 -16"><span class='ocrx_word' id='word_1_344' title='bbox 2118 2225 2426 2294; x_wconf 68' lang='lat' dir='ltr'><strong>Nicmnum,</strong></span> <span class='ocrx_word' id='word_1_345' title='bbox 2449 2227 2820 2296; x_wconf 81' lang='lat' dir='ltr'><strong>Ancyranum,</strong></span> <span class='ocrx_word' id='word_1_346' title='bbox 2839 2231 2965 2284; x_wconf 89' lang='lat' dir='ltr'><strong>etc.,</strong></span> <span class='ocrx_word' id='word_1_347' title='bbox 2985 2235 3085 2276; x_wconf 92' lang='lat' dir='ltr'><strong>nec</strong></span> <span class='ocrx_word' id='word_1_348' title='bbox 3109 2219 3163 2272; x_wconf 89' lang='lat' dir='ltr'><strong>in</strong></span> <span class='ocrx_word' id='word_1_349' title='bbox 3188 2218 3438 2288; x_wconf 89' lang='lat' dir='ltr'><strong>ipsorum</strong></span> <span class='ocrx_word' id='word_1_350' title='bbox 3468 2221 3689 2267; x_wconf 84' lang='lat' dir='ltr'><strong>mentem</strong></span> 
     </span>
    </p>
   </div>
   <div class='ocr_carea' id='block_1_52' title="bbox 2123 2307 3690 2386">
    <p class='ocr_par' dir='ltr' id='par_1_52' title="bbox 2123 2307 3690 2386">
     <span class='ocr_line' id='line_1_52' title="bbox 2123 2307 3690 2386; baseline -0.01 -14"><span class='ocrx_word' id='word_1_351' title='bbox 2123 2318 2294 2386; x_wconf 81' lang='lat' dir='ltr'><strong>venit,</strong></span> <span class='ocrx_word' id='word_1_352' title='bbox 2322 2326 2507 2386; x_wconf 86' lang='lat' dir='ltr'><strong>utpote</strong></span> <span class='ocrx_word' id='word_1_353' title='bbox 2535 2332 2652 2371; x_wconf 89' lang='lat' dir='ltr'><strong>rem</strong></span> <span class='ocrx_word' id='word_1_354' title='bbox 2683 2315 2938 2369; x_wconf 90' lang='lat' dir='ltr'><strong>omnibus</strong></span> <span class='ocrx_word' id='word_1_355' title='bbox 2967 2311 3266 2382; x_wconf 84' lang='lat' dir='ltr'><strong>cognitam,</strong></span> <span class='ocrx_word' id='word_1_356' title='bbox 3299 2323 3395 2363; x_wconf 90' lang='lat' dir='ltr'><strong>eas</strong></span> <span class='ocrx_word' id='word_1_357' title='bbox 3439 2307 3690 2373; x_wconf 82' lang='lat' dir='ltr'><strong>interpre-</strong></span> 
     </span>
    </p>
   </div>
   <div class='ocr_carea' id='block_1_53' title="bbox 2121 2395 3692 2479">
    <p class='ocr_par' dir='ltr' id='par_1_53' title="bbox 2121 2395 3692 2479">
     <span class='ocr_line' id='line_1_53' title="bbox 2121 2395 3692 2479; baseline -0.012 -15"><span class='ocrx_word' id='word_1_358' title='bbox 2121 2413 2246 2466; x_wconf 84' lang='lat' dir='ltr'><strong>tari.</strong></span> <span class='ocrx_word' id='word_1_359' title='bbox 2302 2409 2503 2465; x_wconf 89' lang='lat' dir='ltr'><strong>Deinde</strong></span> <span class='ocrx_word' id='word_1_360' title='bbox 2535 2409 2650 2479; x_wconf 90' lang='lat' dir='ltr'><strong>ipse</strong></span> <span class='ocrx_word' id='word_1_361' title='bbox 2701 2422 2760 2463; x_wconf 90' lang='lat' dir='ltr'><strong>se</strong></span> <span class='ocrx_word' id='word_1_362' title='bbox 2793 2406 2992 2476; x_wconf 90' lang='lat' dir='ltr'><strong>prodit,</strong></span> <span class='ocrx_word' id='word_1_363' title='bbox 3026 2419 3148 2460; x_wconf 89' lang='lat' dir='ltr'><strong>cum</strong></span> <span class='ocrx_word' id='word_1_364' title='bbox 3196 2401 3425 2457; x_wconf 87' lang='lat' dir='ltr'><strong>scribit:</strong></span> <span class='ocrx_word' id='word_1_365' title='bbox 3463 2395 3692 2459; x_wconf 77' lang='lat' dir='ltr'><strong>Auditio,</strong></span> 
     </span>
    </p>
   </div>
   <div class='ocr_carea' id='block_1_54' title="bbox 2121 2491 3695 2574">
    <p class='ocr_par' dir='ltr' id='par_1_54' title="bbox 2121 2491 3695 2574">
     <span class='ocr_line' id='line_1_54' title="bbox 2121 2491 3695 2574; baseline -0.01 -16"><span class='ocrx_word' id='word_1_366' title='bbox 2121 2505 2326 2574; x_wconf 83' lang='lat' dir='ltr'><strong>inquit,</strong></span> <span class='ocrx_word' id='word_1_367' title='bbox 2355 2512 2500 2570; x_wconf 87' lang='lat' dir='ltr'><strong>etc.;</strong></span> <span class='ocrx_word' id='word_1_368' title='bbox 2544 2518 2668 2558; x_wconf 92' lang='lat' dir='ltr'><strong>cum</strong></span> <span class='ocrx_word' id='word_1_369' title='bbox 2723 2502 2869 2556; x_wconf 92' lang='lat' dir='ltr'><strong>enim</strong></span> <span class='ocrx_word' id='word_1_370' title='bbox 2914 2501 3029 2556; x_wconf 73' lang='lat' dir='ltr'><strong>haec</strong></span> <span class='ocrx_word' id='word_1_371' title='bbox 3061 2507 3254 2554; x_wconf 90' lang='lat' dir='ltr'><strong>auctor</strong></span> <span class='ocrx_word' id='word_1_372' title='bbox 3280 2494 3580 2555; x_wconf 88' lang='lat' dir='ltr'><strong>scribebat,</strong></span> <span class='ocrx_word' id='word_1_373' title='bbox 3609 2491 3695 2544; x_wconf 80' lang='lat' dir='ltr'><strong>ha-</strong></span> 
     </span>
    </p>
   </div>
   <div class='ocr_carea' id='block_1_55' title="bbox 2121 2582 3696 2652">
    <p class='ocr_par' dir='ltr' id='par_1_55' title="bbox 2121 2582 3696 2652">
     <span class='ocr_line' id='line_1_55' title="bbox 2121 2582 3696 2652; baseline -0.01 -2"><span class='ocrx_word' id='word_1_374' title='bbox 2121 2595 2282 2650; x_wconf 87' lang='lat' dir='ltr'><strong>bebat</strong></span> <span class='ocrx_word' id='word_1_375' title='bbox 2313 2597 2367 2650; x_wconf 91' lang='lat' dir='ltr'><strong>in</strong></span> <span class='ocrx_word' id='word_1_376' title='bbox 2402 2603 2583 2649; x_wconf 86' lang='lat' dir='ltr'><strong>mente</strong></span> <span class='ocrx_word' id='word_1_377' title='bbox 2638 2594 2814 2650; x_wconf 89' lang='lat' dir='ltr'><strong>sancti</strong></span> <span class='ocrx_word' id='word_1_378' title='bbox 2843 2592 3027 2646; x_wconf 89' lang='lat' dir='ltr'><strong>Basilii</strong></span> <span class='ocrx_word' id='word_1_379' title='bbox 3081 2604 3373 2652; x_wconf 89' lang='lat' dir='ltr'><strong>canonem,</strong></span> <span class='ocrx_word' id='word_1_380' title='bbox 3439 2585 3583 2641; x_wconf 88' lang='lat' dir='ltr'><strong>unde</strong></span> <span class='ocrx_word' id='word_1_381' title='bbox 3617 2582 3696 2636; x_wconf 85' lang='lat' dir='ltr'><strong>illa</strong></span> 
     </span>
    </p>
   </div>
   <div class='ocr_carea' id='block_1_56' title="bbox 2121 2679 3696 2759">
    <p class='ocr_par' dir='ltr' id='par_1_56' title="bbox 2121 2679 3696 2759">
     <span class='ocr_line' id='line_1_56' title="bbox 2121 2679 3696 2759; baseline -0.011 -15"><span class='ocrx_word' id='word_1_382' title='bbox 2121 2689 2500 2759; x_wconf 84' lang='lat' dir='ltr'><strong>interpretatio</strong></span> <span class='ocrx_word' id='word_1_383' title='bbox 2515 2689 2801 2757; x_wconf 90' lang='lat' dir='ltr'><strong>desumpta</strong></span> <span class='ocrx_word' id='word_1_384' title='bbox 2826 2697 2927 2740; x_wconf 87' lang='lat' dir='ltr'><strong>est.</strong></span> <span class='ocrx_word' id='word_1_385' title='bbox 2948 2685 3042 2740; x_wconf 88' lang='lat' dir='ltr'><strong>Est</strong></span> <span class='ocrx_word' id='word_1_386' title='bbox 3065 2683 3118 2738; x_wconf 91' lang='lat' dir='ltr'><strong>in</strong></span> <span class='ocrx_word' id='word_1_387' title='bbox 3145 2681 3481 2738; x_wconf 85' lang='lat' dir='ltr'><strong>bibliotheca</strong></span> <span class='ocrx_word' id='word_1_388' title='bbox 3513 2679 3696 2734; x_wconf 88' lang='lat' dir='ltr'><strong>illustr.</strong></span> 
     </span>
    </p>
   </div>
   <div class='ocr_carea' id='block_1_57' title="bbox 2121 2773 3698 2848">
    <p class='ocr_par' dir='ltr' id='par_1_57' title="bbox 2121 2773 3698 2848">
     <span class='ocr_line' id='line_1_57' title="bbox 2121 2773 3698 2848; baseline -0.006 -13"><span class='ocrx_word' id='word_1_389' title='bbox 2121 2780 2368 2835; x_wconf 75' lang='lat' dir='ltr'><strong>Francia:</strong></span> <span class='ocrx_word' id='word_1_390' title='bbox 2396 2779 2704 2835; x_wconf 90' lang='lat' dir='ltr'><strong>cancellarii</strong></span> <span class='ocrx_word' id='word_1_391' title='bbox 2743 2777 3121 2848; x_wconf 88' lang='lat' dir='ltr'><strong>antiquissima</strong></span> <span class='ocrx_word' id='word_1_392' title='bbox 3181 2789 3458 2830; x_wconf 88' lang='lat' dir='ltr'><strong>canonum</strong></span> <span class='ocrx_word' id='word_1_393' title='bbox 3488 2773 3698 2828; x_wconf 64' lang='lat' dir='ltr'><strong>Graeco—</strong></span> 
     </span>
    </p>
   </div>
   <div class='ocr_carea' id='block_1_58' title="bbox 2123 2863 3701 2940">
    <p class='ocr_par' dir='ltr' id='par_1_58' title="bbox 2123 2863 3701 2940">
     <span class='ocr_line' id='line_1_58' title="bbox 2123 2863 3701 2940; baseline -0.008 -12"><span class='ocrx_word' id='word_1_394' title='bbox 2123 2889 2246 2928; x_wconf 90' lang='lat' dir='ltr'><strong>rum</strong></span> <span class='ocrx_word' id='word_1_395' title='bbox 2271 2870 2525 2926; x_wconf 90' lang='lat' dir='ltr'><strong>collectio</strong></span> <span class='ocrx_word' id='word_1_396' title='bbox 2553 2885 2582 2924; x_wconf 87' lang='lat' dir='ltr'><strong>a</strong></span> <span class='ocrx_word' id='word_1_397' title='bbox 2613 2869 2878 2940; x_wconf 76' lang='lat' dir='ltr'><strong>Gregorio</strong></span> <span class='ocrx_word' id='word_1_398' title='bbox 2905 2867 3213 2939; x_wconf 87' lang='lat' dir='ltr'><strong>patriarcha</strong></span> <span class='ocrx_word' id='word_1_399' title='bbox 3244 2865 3350 2920; x_wconf 89' lang='lat' dir='ltr'><strong>CP.</strong></span> <span class='ocrx_word' id='word_1_400' title='bbox 3378 2874 3508 2920; x_wconf 85' lang='lat' dir='ltr'><strong>ante</strong></span> <span class='ocrx_word' id='word_1_401' title='bbox 3535 2863 3701 2919; x_wconf 83' lang='lat' dir='ltr'><strong>octin-</strong></span> 
     </span>
    </p>
   </div>
   <div class='ocr_carea' id='block_1_59' title="bbox 2124 2953 3704 3036">
    <p class='ocr_par' dir='ltr' id='par_1_59' title="bbox 2124 2953 3704 3036">
     <span class='ocr_line' id='line_1_59' title="bbox 2124 2953 3704 3036; baseline -0.008 -18"><span class='ocrx_word' id='word_1_402' title='bbox 2124 2973 2316 3036; x_wconf 83' lang='lat' dir='ltr'><strong>gentos</strong></span> <span class='ocrx_word' id='word_1_403' title='bbox 2354 2976 2530 3016; x_wconf 91' lang='lat' dir='ltr'><strong>annos</strong></span> <span class='ocrx_word' id='word_1_404' title='bbox 2562 2960 2868 3026; x_wconf 88' lang='lat' dir='ltr'><strong>elaborata,</strong></span> <span class='ocrx_word' id='word_1_405' title='bbox 2900 2974 3021 3029; x_wconf 60' lang='lat' dir='ltr'><strong>quae</strong></span> <span class='ocrx_word' id='word_1_406' title='bbox 3047 2967 3275 3013; x_wconf 54' lang='lat' dir='ltr'><strong>caeteros</strong></span> <span class='ocrx_word' id='word_1_407' title='bbox 3313 2953 3704 3023; x_wconf 84' lang='lat' dir='ltr'><strong>Thaumaturgi</strong></span> 
     </span>
    </p>
   </div>
   <div class='ocr_carea' id='block_1_60' title="bbox 2126 3049 3703 3124">
    <p class='ocr_par' dir='ltr' id='par_1_60' title="bbox 2126 3049 3703 3124">
     <span class='ocr_line' id='line_1_60' title="bbox 2126 3049 3703 3124; baseline -0.01 -14"><span class='ocrx_word' id='word_1_408' title='bbox 2126 3069 2366 3110; x_wconf 89' lang='lat' dir='ltr'><strong>canones</strong></span> <span class='ocrx_word' id='word_1_409' title='bbox 2397 3064 2588 3124; x_wconf 66' lang='lat' dir='ltr'><strong>praeter</strong></span> <span class='ocrx_word' id='word_1_410' title='bbox 2646 3053 2811 3108; x_wconf 90' lang='lat' dir='ltr'><strong>istum</strong></span> <span class='ocrx_word' id='word_1_411' title='bbox 2857 3049 3266 3118; x_wconf 80' lang='lat' dir='ltr'><strong>complectitur</strong></span> <span class='ocrx_word' id='word_1_412' title='bbox 3327 3057 3703 3117; x_wconf 77' lang='lat' dir='ltr'><strong>argumentum</strong></span> 
     </span>
    </p>
   </div>
   <div class='ocr_carea' id='block_1_61' title="bbox 448 3139 3710 3230">
    <p class='ocr_par' dir='ltr' id='par_1_61' title="bbox 448 3139 3710 3230">
     <span class='ocr_line' id='line_1_61' title="bbox 448 3139 3710 3230; baseline -0.011 -18"><span class='ocrx_word' id='word_1_413' title='bbox 448 3165 754 3229; x_wconf 88' lang='lat' dir='ltr'><strong>opportune</strong></span> <span class='ocrx_word' id='word_1_414' title='bbox 812 3155 1095 3210; x_wconf 89' lang='lat' dir='ltr'><strong>scriberet.</strong></span> <span class='ocrx_word' id='word_1_415' title='bbox 1127 3172 1145 3203; x_wconf 78' lang='grc' dir='ltr'><strong><em>ι</em></strong></span> <span class='ocrx_word' id='word_1_416' title='bbox 1199 3149 1372 3203; x_wconf 85' lang='lat' dir='ltr'><strong>Porro</strong></span> <span class='ocrx_word' id='word_1_417' title='bbox 1423 3146 1717 3201; x_wconf 87' lang='lat' dir='ltr'><strong>editionem</strong></span> <span class='ocrx_word' id='word_1_418' title='bbox 1776 3148 2018 3195; x_wconf 88' lang='lat' dir='ltr'><strong>nostram</strong></span> <span class='ocrx_word' id='word_1_419' title='bbox 2054 3171 2099 3230; x_wconf 66' lang='grc' dir='ltr'>ο</span> <span class='ocrx_word' id='word_1_420' title='bbox 2130 3148 2374 3213; x_wconf 60' lang='lat' dir='ltr'><strong>evidens,</strong></span> <span class='ocrx_word' id='word_1_421' title='bbox 2399 3144 2853 3202; x_wconf 54' lang='lat' dir='ltr'><strong>commentarium</strong></span> <span class='ocrx_word' id='word_1_422' title='bbox 2887 3144 3039 3197; x_wconf 76' lang='lat' dir='ltr'><strong>mum</strong></span> <span class='ocrx_word' id='word_1_423' title='bbox 3087 3151 3212 3212; x_wconf 70' lang='grc' dir='ltr'><strong>ρυδι</strong></span> <span class='ocrx_word' id='word_1_424' title='bbox 3245 3149 3462 3210; x_wconf 55' lang='lat' dir='ltr'><strong>tempus</strong></span> <span class='ocrx_word' id='word_1_425' title='bbox 3493 3139 3710 3192; x_wconf 59' lang='grc' dir='ltr'><strong>ετιηοιε.</strong></span> 
     </span>
    </p>
   </div>
   <div class='ocr_carea' id='block_1_62' title="bbox 447 3238 2028 3321">
    <p class='ocr_par' dir='ltr' id='par_1_62' title="bbox 447 3238 2028 3321">
     <span class='ocr_line' id='line_1_62' title="bbox 447 3238 2028 3321; baseline -0.01 -15"><span class='ocrx_word' id='word_1_426' title='bbox 447 3252 730 3321; x_wconf 75' lang='lat' dir='ltr'><strong>exegimus</strong></span> <span class='ocrx_word' id='word_1_427' title='bbox 773 3251 836 3304; x_wconf 88' lang='lat' dir='ltr'><strong>ad</strong></span> <span class='ocrx_word' id='word_1_428' title='bbox 875 3247 1238 3302; x_wconf 88' lang='lat' dir='ltr'><strong>Parisiensem</strong></span> <span class='ocrx_word' id='word_1_429' title='bbox 1275 3258 1405 3297; x_wconf 91' lang='lat' dir='ltr'><strong>ann.</strong></span> <span class='ocrx_word' id='word_1_430' title='bbox 1434 3239 1593 3306; x_wconf 72' lang='lat'><strong>1621,</strong></span> <span class='ocrx_word' id='word_1_431' title='bbox 1636 3238 1833 3293; x_wconf 89' lang='lat' dir='ltr'><strong>additis</strong></span> <span class='ocrx_word' id='word_1_432' title='bbox 1885 3251 2028 3291; x_wconf 83' lang='lat' dir='ltr'><strong>non-</strong></span> 
     </span>
    </p>
   </div>
   <div class='ocr_carea' id='block_1_63' title="bbox 451 3326 2025 3400">
    <p class='ocr_par' dir='ltr' id='par_1_63' title="bbox 451 3326 2025 3400">
     <span class='ocr_line' id='line_1_63' title="bbox 451 3326 2025 3400; baseline -0.013 -1"><span class='ocrx_word' id='word_1_433' title='bbox 451 3344 616 3400; x_wconf 88' lang='lat' dir='ltr'><strong>nullis</strong></span> <span class='ocrx_word' id='word_1_434' title='bbox 669 3343 909 3396; x_wconf 86' lang='lat' dir='ltr'><strong>virorum</strong></span> <span class='ocrx_word' id='word_1_435' title='bbox 961 3338 1299 3394; x_wconf 81' lang='lat' dir='ltr'><strong>eruditorum</strong></span> <span class='ocrx_word' id='word_1_436' title='bbox 1359 3333 1526 3398; x_wconf 91' lang='lat' dir='ltr'><strong>notis,</strong></span> <span class='ocrx_word' id='word_1_437' title='bbox 1591 3328 1797 3396; x_wconf 85' lang='lat' dir='ltr'><strong>Vossii,</strong></span> <span class='ocrx_word' id='word_1_438' title='bbox 1859 3326 2025 3393; x_wconf 87' lang='lat' dir='ltr'><strong>Billii,</strong></span> 
     </span>
    </p>
   </div>
   <div class='ocr_carea' id='block_1_64' title="bbox 452 3432 1016 3504">
    <p class='ocr_par' dir='ltr' id='par_1_64' title="bbox 452 3432 1016 3504">
     <span class='ocr_line' id='line_1_64' title="bbox 452 3432 1016 3504; baseline -0.009 -15"><span class='ocrx_word' id='word_1_439' title='bbox 452 3435 633 3491; x_wconf 75' lang='lat' dir='ltr'><strong>Duczei</strong></span> <span class='ocrx_word' id='word_1_440' title='bbox 672 3443 726 3489; x_wconf 92' lang='lat' dir='ltr'><strong>et</strong></span> <span class='ocrx_word' id='word_1_441' title='bbox 755 3432 1016 3504; x_wconf 86' lang='lat' dir='ltr'><strong>Bengelii.</strong></span> 
     </span>
    </p>
   </div>
   <div class='ocr_carea' id='block_1_65' title="bbox 451 3536 2027 3614">
    <p class='ocr_par' dir='ltr' id='par_1_65' title="bbox 451 3536 2027 3614">
     <span class='ocr_line' id='line_1_65' title="bbox 451 3536 2027 3614; baseline -0.012 -11"><span class='ocrx_word' id='word_1_442' title='bbox 451 3547 544 3602; x_wconf 84' lang='lat' dir='ltr'><strong>1V.</strong></span> <span class='ocrx_word' id='word_1_443' title='bbox 587 3547 645 3602; x_wconf 90' lang='lat' dir='ltr'><strong>S.</strong></span> <span class='ocrx_word' id='word_1_444' title='bbox 667 3544 904 3614; x_wconf 84' lang='lat' dir='ltr'><strong>Gregorii</strong></span> <span class='ocrx_word' id='word_1_445' title='bbox 929 3540 1168 3614; x_wconf 83' lang='lat' dir='ltr'><strong>Epistola</strong></span> <span class='ocrx_word' id='word_1_446' title='bbox 1197 3536 1459 3614; x_wconf 62' lang='lat' dir='ltr'><strong>canonica</strong></span> <span class='ocrx_word' id='word_1_447' title='bbox 1485 3551 1586 3605; x_wconf 85' lang='lat' dir='ltr'><strong>qua</strong></span> <span class='ocrx_word' id='word_1_448' title='bbox 1611 3540 2027 3614; x_wconf 63' lang='lat' dir='ltr'><strong>wtatecasarata.</strong></span> 
     </span>
    </p>
   </div>
   <div class='ocr_carea' id='block_1_66' title="bbox 527 3603 2033 3682">
    <p class='ocr_par' dir='ltr' id='par_1_66' title="bbox 527 3603 2033 3682">
     <span class='ocr_line' id='line_1_66' title="bbox 527 3603 2033 3682; baseline -0.012 -11"><span class='ocrx_word' id='word_1_449' title='bbox 527 3618 666 3682; x_wconf 83' lang='lat' dir='ltr'><strong>Quid</strong></span> <span class='ocrx_word' id='word_1_450' title='bbox 710 3603 907 3668; x_wconf 52' lang='lat' dir='ltr'><strong>de&#39;illa</strong></span> <span class='ocrx_word' id='word_1_451' title='bbox 953 3603 1239 3665; x_wconf 61' lang='lat' dir='ltr'><strong>concilium</strong></span> <span class='ocrx_word' id='word_1_452' title='bbox 1284 3603 1700 3682; x_wconf 74' lang='lat' dir='ltr'><strong>Quinisextum?</strong></span> <span class='ocrx_word' id='word_1_453' title='bbox 1749 3605 1832 3658; x_wconf 80' lang='lat' dir='ltr'><strong>An</strong></span> <span class='ocrx_word' id='word_1_454' title='bbox 1871 3603 2033 3656; x_wconf 81' lang='lat' dir='ltr'><strong>unde-</strong></span> 
     </span>
    </p>
   </div>
   <div class='ocr_carea' id='block_1_67' title="bbox 524 3681 1360 3755">
    <p class='ocr_par' dir='ltr' id='par_1_67' title="bbox 524 3681 1360 3755">
     <span class='ocr_line' id='line_1_67' title="bbox 524 3681 1360 3755; baseline -0.008 -14"><span class='ocrx_word' id='word_1_455' title='bbox 524 3681 696 3742; x_wconf 78' lang='lat' dir='ltr'><strong>cimus</strong></span> <span class='ocrx_word' id='word_1_456' title='bbox 733 3686 845 3755; x_wconf 85' lang='lat' dir='ltr'><strong>ejus</strong></span> <span class='ocrx_word' id='word_1_457' title='bbox 879 3699 1047 3737; x_wconf 85' lang='lat' dir='ltr'><strong>canon</strong></span> <span class='ocrx_word' id='word_1_458' title='bbox 1082 3681 1360 3734; x_wconf 81' lang='lat' dir='ltr'><strong>sincerus?</strong></span> 
     </span>
    </p>
   </div>
   <div class='ocr_carea' id='block_1_68' title="bbox 528 3793 2030 3878">
    <p class='ocr_par' dir='ltr' id='par_1_68' title="bbox 528 3793 2030 3878">
     <span class='ocr_line' id='line_1_68' title="bbox 528 3793 2030 3878; baseline -0.011 -14"><span class='ocrx_word' id='word_1_459' title='bbox 528 3809 608 3864; x_wconf 84' lang='lat' dir='ltr'><strong>Ex</strong></span> <span class='ocrx_word' id='word_1_460' title='bbox 641 3806 887 3878; x_wconf 75' lang='lat' dir='ltr'><strong>epistolis</strong></span> <span class='ocrx_word' id='word_1_461' title='bbox 917 3801 1089 3859; x_wconf 90' lang='lat' dir='ltr'><strong>sancti</strong></span> <span class='ocrx_word' id='word_1_462' title='bbox 1114 3800 1294 3854; x_wconf 90' lang='lat' dir='ltr'><strong>Patris</strong></span> <span class='ocrx_word' id='word_1_463' title='bbox 1349 3796 1544 3864; x_wconf 87' lang='lat' dir='ltr'><strong>nostri,</strong></span> <span class='ocrx_word' id='word_1_464' title='bbox 1573 3812 1690 3867; x_wconf 81' lang='lat' dir='ltr'><strong>qua:</strong></span> <span class='ocrx_word' id='word_1_465' title='bbox 1713 3793 1866 3866; x_wconf 81' lang='lat' dir='ltr'><strong>vulgo</strong></span> <span class='ocrx_word' id='word_1_466' title='bbox 1894 3793 2030 3863; x_wconf 80' lang='lat' dir='ltr'><strong>fere-</strong></span> 
     </span>
    </p>
   </div>
   <div class='ocr_carea' id='block_1_69' title="bbox 456 3890 2036 3973">
    <p class='ocr_par' dir='ltr' id='par_1_69' title="bbox 456 3890 2036 3973">
     <span class='ocr_line' id='line_1_69' title="bbox 456 3890 2036 3973; baseline -0.009 -14"><span class='ocrx_word' id='word_1_467' title='bbox 456 3907 652 3960; x_wconf 85' lang='lat' dir='ltr'><strong>bantur</strong></span> <span class='ocrx_word' id='word_1_468' title='bbox 677 3920 785 3973; x_wconf 92' lang='lat' dir='ltr'><strong>quo</strong></span> <span class='ocrx_word' id='word_1_469' title='bbox 812 3910 1055 3972; x_wconf 88' lang='lat' dir='ltr'><strong>tempore</strong></span> <span class='ocrx_word' id='word_1_470' title='bbox 1085 3898 1355 3970; x_wconf 80' lang='lat' dir='ltr'><strong>scribebat</strong></span> <span class='ocrx_word' id='word_1_471' title='bbox 1377 3897 1568 3951; x_wconf 86' lang='lat' dir='ltr'><strong>doctor</strong></span> <span class='ocrx_word' id='word_1_472' title='bbox 1589 3894 1860 3948; x_wconf 77' lang='lat' dir='ltr'><strong>maximus</strong></span> <span class='ocrx_word' id='word_1_473' title='bbox 1895 3890 2036 3963; x_wconf 80' lang='lat'><strong>(&#39;50),</strong></span> 
     </span>
    </p>
   </div>
   <div class='ocr_carea' id='block_1_70' title="bbox 457 3985 2036 4070">
    <p class='ocr_par' dir='ltr' id='par_1_70' title="bbox 457 3985 2036 4070">
     <span class='ocr_line' id='line_1_70' title="bbox 457 3985 2036 4070; baseline -0.009 -16"><span class='ocrx_word' id='word_1_474' title='bbox 457 4014 568 4055; x_wconf 89' lang='lat' dir='ltr'><strong>una</strong></span> <span class='ocrx_word' id='word_1_475' title='bbox 595 4003 834 4067; x_wconf 90' lang='lat' dir='ltr'><strong>superat,</strong></span> <span class='ocrx_word' id='word_1_476' title='bbox 856 3995 995 4049; x_wconf 90' lang='lat' dir='ltr'><strong>inter</strong></span> <span class='ocrx_word' id='word_1_477' title='bbox 1011 3991 1304 4070; x_wconf 82' lang='lat' dir='ltr'><strong>canonicas</strong></span> <span class='ocrx_word' id='word_1_478' title='bbox 1325 3988 1549 4042; x_wconf 84' lang='lat' dir='ltr'><strong>Patrum</strong></span> <span class='ocrx_word' id='word_1_479' title='bbox 1579 3985 1850 4058; x_wconf 86' lang='lat' dir='ltr'><strong>Epistolas</strong></span> <span class='ocrx_word' id='word_1_480' title='bbox 1873 3994 2036 4054; x_wconf 86' lang='lat' dir='ltr'><strong>atque</strong></span> 
     </span>
    </p>
   </div>
   <div class='ocr_carea' id='block_1_71' title="bbox 459 4077 2034 4154">
    <p class='ocr_par' dir='ltr' id='par_1_71' title="bbox 459 4077 2034 4154">
     <span class='ocr_line' id='line_1_71' title="bbox 459 4077 2034 4154; baseline -0.01 -7"><span class='ocrx_word' id='word_1_481' title='bbox 459 4092 516 4147; x_wconf 89' lang='lat' dir='ltr'><strong>in</strong></span> <span class='ocrx_word' id='word_1_482' title='bbox 541 4089 910 4146; x_wconf 86' lang='lat' dir='ltr'><strong>Conciliorum</strong></span> <span class='ocrx_word' id='word_1_483' title='bbox 933 4085 1263 4140; x_wconf 86' lang='lat' dir='ltr'><strong>cditionibus</strong></span> <span class='ocrx_word' id='word_1_484' title='bbox 1283 4082 1487 4154; x_wconf 90' lang='lat' dir='ltr'><strong>pluries</strong></span> <span class='ocrx_word' id='word_1_485' title='bbox 1517 4095 1740 4135; x_wconf 67' lang='lat' dir='ltr'><strong>excusa.</strong></span> <span class='ocrx_word' id='word_1_486' title='bbox 1767 4077 2034 4148; x_wconf 84' lang='lat' dir='ltr'><strong>Episcopo</strong></span> 
     </span>
    </p>
   </div>
   <div class='ocr_carea' id='block_1_72' title="bbox 455 4172 2031 4246">
    <p class='ocr_par' dir='ltr' id='par_1_72' title="bbox 455 4172 2031 4246">
     <span class='ocr_line' id='line_1_72' title="bbox 455 4172 2031 4246; baseline -0.011 -7"><span class='ocrx_word' id='word_1_487' title='bbox 455 4185 677 4240; x_wconf 83' lang='lat' dir='ltr'><strong>cuidam</strong></span> <span class='ocrx_word' id='word_1_488' title='bbox 707 4182 889 4246; x_wconf 89' lang='lat' dir='ltr'><strong>Ponti,</strong></span> <span class='ocrx_word' id='word_1_489' title='bbox 924 4189 984 4234; x_wconf 92' lang='lat' dir='ltr'><strong>ut</strong></span> <span class='ocrx_word' id='word_1_490' title='bbox 1006 4179 1239 4242; x_wconf 89' lang='lat' dir='ltr'><strong>videtur,</strong></span> <span class='ocrx_word' id='word_1_491' title='bbox 1288 4177 1460 4231; x_wconf 87' lang='lat' dir='ltr'><strong>fuisse</strong></span> <span class='ocrx_word' id='word_1_492' title='bbox 1497 4174 1642 4228; x_wconf 88' lang='lat' dir='ltr'><strong>illam</strong></span> <span class='ocrx_word' id='word_1_493' title='bbox 1688 4172 2031 4241; x_wconf 88' lang='lat' dir='ltr'><strong>inscriptam,</strong></span> 
     </span>
    </p>
   </div>
   <div class='ocr_carea' id='block_1_73' title="bbox 458 4267 2036 4345">
    <p class='ocr_par' dir='ltr' id='par_1_73' title="bbox 458 4267 2036 4345">
     <span class='ocr_line' id='line_1_73' title="bbox 458 4267 2036 4345; baseline -0.01 -14"><span class='ocrx_word' id='word_1_494' title='bbox 458 4291 529 4331; x_wconf 79' lang='lat' dir='ltr'><strong>ex</strong></span> <span class='ocrx_word' id='word_1_495' title='bbox 557 4276 676 4345; x_wconf 57' lang='lat' dir='ltr'><strong>ipso</strong></span> <span class='ocrx_word' id='word_1_496' title='bbox 705 4274 926 4329; x_wconf 79' lang='lat' dir='ltr'><strong>exordio</strong></span> <span class='ocrx_word' id='word_1_497' title='bbox 950 4280 1166 4327; x_wconf 87' lang='lat' dir='ltr'><strong>constat</strong></span> <span class='ocrx_word' id='word_1_498' title='bbox 1194 4289 1209 4336; x_wconf 88' lang='lat'><strong>;</strong></span> <span class='ocrx_word' id='word_1_499' title='bbox 1266 4286 1374 4339; x_wconf 89' lang='lat' dir='ltr'><strong>quo</strong></span> <span class='ocrx_word' id='word_1_500' title='bbox 1399 4267 1694 4337; x_wconf 86' lang='lat' dir='ltr'><strong>Gregorius</strong></span> <span class='ocrx_word' id='word_1_501' title='bbox 1721 4280 1846 4319; x_wconf 88' lang='lat' dir='ltr'><strong>eum</strong></span> <span class='ocrx_word' id='word_1_502' title='bbox 1885 4279 2036 4319; x_wconf 87' lang='lat' dir='ltr'><strong>com-</strong></span> 
     </span>
    </p>
   </div>
   <div class='ocr_carea' id='block_1_74' title="bbox 458 4355 2034 4438">
    <p class='ocr_par' dir='ltr' id='par_1_74' title="bbox 458 4355 2034 4438">
     <span class='ocr_line' id='line_1_74' title="bbox 458 4355 2034 4438; baseline -0.01 -16"><span class='ocrx_word' id='word_1_503' title='bbox 458 4368 687 4438; x_wconf 87' lang='lat' dir='ltr'><strong>pellans,</strong></span> <span class='ocrx_word' id='word_1_504' title='bbox 751 4363 1042 4436; x_wconf 83' lang='grc' dir='ltr'><strong>ἱερώτατον</strong></span> <span class='ocrx_word' id='word_1_505' title='bbox 1087 4363 1316 4416; x_wconf 79' lang='grc' dir='ltr'>πάππαν</span> <span class='ocrx_word' id='word_1_506' title='bbox 1372 4359 1664 4415; x_wconf 88' lang='lat' dir='ltr'><strong>nominat:</strong></span> <span class='ocrx_word' id='word_1_507' title='bbox 1720 4366 1852 4410; x_wconf 92' lang='lat' dir='ltr'><strong>tunc</strong></span> <span class='ocrx_word' id='word_1_508' title='bbox 1889 4355 2034 4410; x_wconf 89' lang='lat' dir='ltr'><strong>enim</strong></span> 
     </span>
    </p>
   </div>
   <div class='ocr_carea' id='block_1_75' title="bbox 458 4445 2037 4530">
    <p class='ocr_par' dir='ltr' id='par_1_75' title="bbox 458 4445 2037 4530">
     <span class='ocr_line' id='line_1_75' title="bbox 458 4445 2037 4530; baseline -0.011 -11"><span class='ocrx_word' id='word_1_509' title='bbox 458 4445 673 4519; x_wconf 85' lang='lat' dir='ltr'><strong>dierum</strong></span> <span class='ocrx_word' id='word_1_510' title='bbox 726 4476 875 4530; x_wconf 76' lang='lat' dir='ltr'><strong>papa:</strong></span> <span class='ocrx_word' id='word_1_511' title='bbox 924 4458 1084 4528; x_wconf 83' lang='lat' dir='ltr'><strong>vulgo</strong></span> <span class='ocrx_word' id='word_1_512' title='bbox 1121 4455 1414 4509; x_wconf 90' lang='lat' dir='ltr'><strong>audiebant</strong></span> <span class='ocrx_word' id='word_1_513' title='bbox 1479 4450 1740 4520; x_wconf 88' lang='lat' dir='ltr'><strong>episcopi.</strong></span> <span class='ocrx_word' id='word_1_514' title='bbox 1788 4448 1863 4501; x_wconf 87' lang='lat' dir='ltr'><strong>Ea</strong></span> <span class='ocrx_word' id='word_1_515' title='bbox 1906 4462 2037 4501; x_wconf 87' lang='lat' dir='ltr'><strong>vero</strong></span> 
     </span>
    </p>
   </div>
   <div class='ocr_carea' id='block_1_76' title="bbox 2133 3230 3711 3308">
    <p class='ocr_par' dir='ltr' id='par_1_76' title="bbox 2133 3230 3711 3308">
     <span class='ocr_line' id='line_1_76' title="bbox 2133 3230 3711 3308; baseline -0.008 -14"><span class='ocrx_word' id='word_1_516' title='bbox 2133 3247 2247 3294; x_wconf 89' lang='lat' dir='ltr'><strong>tum</strong></span> <span class='ocrx_word' id='word_1_517' title='bbox 2264 3237 2658 3308; x_wconf 88' lang='lat' dir='ltr'><strong>Thaumaturgi</strong></span> <span class='ocrx_word' id='word_1_518' title='bbox 2690 3236 2944 3306; x_wconf 70' lang='lat' dir='ltr'><strong>Epistola:</strong></span> <span class='ocrx_word' id='word_1_519' title='bbox 2973 3234 3144 3290; x_wconf 88' lang='lat' dir='ltr'><strong>fuisse</strong></span> <span class='ocrx_word' id='word_1_520' title='bbox 3167 3240 3441 3288; x_wconf 87' lang='lat' dir='ltr'><strong>assutum.</strong></span> <span class='ocrx_word' id='word_1_521' title='bbox 3475 3250 3497 3283; x_wconf 72' lang='grc' dir='ltr'><strong><em>ι</em></strong></span> <span class='ocrx_word' id='word_1_522' title='bbox 3532 3230 3711 3284; x_wconf 81' lang='lat' dir='ltr'><strong>[lacte-</strong></span> 
     </span>
    </p>
   </div>
   <div class='ocr_carea' id='block_1_77' title="bbox 2134 3328 2437 3385">
    <p class='ocr_par' dir='ltr' id='par_1_77' title="bbox 2134 3328 2437 3385">
     <span class='ocr_line' id='line_1_77' title="bbox 2134 3328 2437 3385; baseline -0.007 0"><span class='ocrx_word' id='word_1_523' title='bbox 2134 3345 2239 3385; x_wconf 90' lang='lat' dir='ltr'><strong>nus</strong></span> <span class='ocrx_word' id='word_1_524' title='bbox 2271 3328 2332 3384; x_wconf 85' lang='lat' dir='ltr'><strong>V.</strong></span> <span class='ocrx_word' id='word_1_525' title='bbox 2373 3328 2437 3384; x_wconf 70' lang='grc' dir='ltr'><strong>(Ξ.</strong></span> 
     </span>
    </p>
   </div>
   <div class='ocr_carea' id='block_1_78' title="bbox 2202 3421 3712 3495">
    <p class='ocr_par' dir='ltr' id='par_1_78' title="bbox 2202 3421 3712 3495">
     <span class='ocr_line' id='line_1_78' title="bbox 2202 3421 3712 3495; baseline -0.012 -5"><span class='ocrx_word' id='word_1_526' title='bbox 2202 3434 2405 3490; x_wconf 88' lang='lat' dir='ltr'><strong>Contra</strong></span> <span class='ocrx_word' id='word_1_527' title='bbox 2440 3448 2569 3488; x_wconf 86' lang='lat' dir='ltr'><strong>vero</strong></span> <span class='ocrx_word' id='word_1_528' title='bbox 2599 3428 2810 3485; x_wconf 85' lang='lat' dir='ltr'><strong>Natalis</strong></span> <span class='ocrx_word' id='word_1_529' title='bbox 2835 3427 3142 3483; x_wconf 78' lang='lat' dir='ltr'><strong>Alexander</strong></span> <span class='ocrx_word' id='word_1_530' title='bbox 3192 3424 3440 3495; x_wconf 89' lang='lat' dir='ltr'><strong>ejusdem</strong></span> <span class='ocrx_word' id='word_1_531' title='bbox 3490 3421 3712 3477; x_wconf 83' lang='lat' dir='ltr'><strong>canonis</strong></span> 
     </span>
    </p>
   </div>
   <div class='ocr_carea' id='block_1_79' title="bbox 2134 3513 3715 3588">
    <p class='ocr_par' dir='ltr' id='par_1_79' title="bbox 2134 3513 3715 3588">
     <span class='ocr_line' id='line_1_79' title="bbox 2134 3513 3715 3588; baseline -0.01 -6"><span class='ocrx_word' id='word_1_532' title='bbox 2134 3525 2409 3582; x_wconf 92' lang='lat' dir='ltr'><strong>undecimi</strong></span> <span class='ocrx_word' id='word_1_533' title='bbox 2441 3524 2809 3579; x_wconf 89' lang='lat' dir='ltr'><strong>sinceritatem</strong></span> <span class='ocrx_word' id='word_1_534' title='bbox 2841 3521 3044 3576; x_wconf 90' lang='lat' dir='ltr'><strong>acriter</strong></span> <span class='ocrx_word' id='word_1_535' title='bbox 3075 3526 3385 3588; x_wconf 89' lang='lat' dir='ltr'><strong>propugnat</strong></span> <span class='ocrx_word' id='word_1_536' title='bbox 3412 3515 3561 3588; x_wconf 79' lang='lat'><strong>(35),</strong></span> <span class='ocrx_word' id='word_1_537' title='bbox 3608 3513 3715 3584; x_wconf 81' lang='lat' dir='ltr'><strong>pri—</strong></span> 
     </span>
    </p>
   </div>
   <div class='ocr_carea' id='block_1_80' title="bbox 2135 3614 3717 3685">
    <p class='ocr_par' dir='ltr' id='par_1_80' title="bbox 2135 3614 3717 3685">
     <span class='ocr_line' id='line_1_80' title="bbox 2135 3614 3717 3685; baseline -0.011 -12"><span class='ocrx_word' id='word_1_538' title='bbox 2135 3634 2285 3673; x_wconf 90' lang='lat' dir='ltr'><strong>mum</strong></span> <span class='ocrx_word' id='word_1_539' title='bbox 2317 3634 2383 3672; x_wconf 81' lang='lat' dir='ltr'><strong>ex</strong></span> <span class='ocrx_word' id='word_1_540' title='bbox 2412 3618 2515 3672; x_wconf 80' lang='lat' dir='ltr'><strong>fide</strong></span> <span class='ocrx_word' id='word_1_541' title='bbox 2561 3614 3071 3685; x_wconf 85' lang='lat' dir='ltr'><strong>antiquissimorum</strong></span> <span class='ocrx_word' id='word_1_542' title='bbox 3120 3625 3256 3664; x_wconf 90' lang='lat' dir='ltr'><strong>mss.</strong></span> <span class='ocrx_word' id='word_1_543' title='bbox 3310 3623 3435 3678; x_wconf 63' lang='lat' dir='ltr'><strong>quae</strong></span> <span class='ocrx_word' id='word_1_544' title='bbox 3473 3620 3643 3677; x_wconf 85' lang='lat' dir='ltr'><strong>penes</strong></span> <span class='ocrx_word' id='word_1_545' title='bbox 3664 3617 3717 3656; x_wconf 88' lang='lat' dir='ltr'><strong>se</strong></span> 
     </span>
    </p>
   </div>
   <div class='ocr_carea' id='block_1_81' title="bbox 2135 3697 3716 3778">
    <p class='ocr_par' dir='ltr' id='par_1_81' title="bbox 2135 3697 3716 3778">
     <span class='ocr_line' id='line_1_81' title="bbox 2135 3697 3716 3778; baseline -0.01 -13"><span class='ocrx_word' id='word_1_546' title='bbox 2135 3710 2329 3766; x_wconf 85' lang='lat' dir='ltr'><strong>habuit</strong></span> <span class='ocrx_word' id='word_1_547' title='bbox 2358 3709 2649 3763; x_wconf 91' lang='lat' dir='ltr'><strong>Balsamon</strong></span> <span class='ocrx_word' id='word_1_548' title='bbox 2685 3704 2999 3778; x_wconf 87' lang='lat' dir='ltr'><strong>patriarcha</strong></span> <span class='ocrx_word' id='word_1_549' title='bbox 3039 3702 3435 3766; x_wconf 84' lang='lat' dir='ltr'><strong>Antiocheuus,</strong></span> <span class='ocrx_word' id='word_1_550' title='bbox 3467 3697 3570 3768; x_wconf 89' lang='lat' dir='ltr'><strong>qui</strong></span> <span class='ocrx_word' id='word_1_551' title='bbox 3605 3713 3716 3751; x_wconf 85' lang='lat' dir='ltr'><strong>eam</strong></span> 
     </span>
    </p>
   </div>
   <div class='ocr_carea' id='block_1_82' title="bbox 2137 3790 3715 3875">
    <p class='ocr_par' dir='ltr' id='par_1_82' title="bbox 2137 3790 3715 3875">
     <span class='ocr_line' id='line_1_82' title="bbox 2137 3790 3715 3875; baseline -0.011 -15"><span class='ocrx_word' id='word_1_552' title='bbox 2137 3803 2382 3875; x_wconf 84' lang='lat' dir='ltr'><strong>Gregorii</strong></span> <span class='ocrx_word' id='word_1_553' title='bbox 2409 3802 2693 3872; x_wconf 89' lang='lat' dir='ltr'><strong>epistolam</strong></span> <span class='ocrx_word' id='word_1_554' title='bbox 2743 3797 3153 3854; x_wconf 91' lang='lat' dir='ltr'><strong>commentariis</strong></span> <span class='ocrx_word' id='word_1_555' title='bbox 3200 3794 3318 3850; x_wconf 90' lang='lat' dir='ltr'><strong>suis</strong></span> <span class='ocrx_word' id='word_1_556' title='bbox 3366 3790 3715 3851; x_wconf 80' lang='lat' dir='ltr'><strong>illustravit;</strong></span> 
     </span>
    </p>
   </div>
   <div class='ocr_carea' id='block_1_83' title="bbox 2137 3881 3721 3964">
    <p class='ocr_par' dir='ltr' id='par_1_83' title="bbox 2137 3881 3721 3964">
     <span class='ocr_line' id='line_1_83' title="bbox 2137 3881 3721 3964; baseline -0.013 -12"><span class='ocrx_word' id='word_1_557' title='bbox 2137 3896 2333 3952; x_wconf 88' lang='lat' dir='ltr'><strong>deinde</strong></span> <span class='ocrx_word' id='word_1_558' title='bbox 2363 3910 2431 3950; x_wconf 81' lang='lat' dir='ltr'><strong>ex</strong></span> <span class='ocrx_word' id='word_1_559' title='bbox 2460 3895 2634 3964; x_wconf 86' lang='lat' dir='ltr'><strong>ipsius</strong></span> <span class='ocrx_word' id='word_1_560' title='bbox 2674 3891 2916 3962; x_wconf 63' lang='lat' dir='ltr'><strong>epistola:</strong></span> <span class='ocrx_word' id='word_1_561' title='bbox 2962 3888 3265 3944; x_wconf 90' lang='lat' dir='ltr'><strong>canonibus</strong></span> <span class='ocrx_word' id='word_1_562' title='bbox 3299 3885 3351 3947; x_wconf 83' lang='lat'><strong>7,</strong></span> <span class='ocrx_word' id='word_1_563' title='bbox 3378 3883 3412 3937; x_wconf 82' lang='lat'><strong>8</strong></span> <span class='ocrx_word' id='word_1_564' title='bbox 3449 3897 3512 3939; x_wconf 85' lang='lat' dir='ltr'><strong>et</strong></span> <span class='ocrx_word' id='word_1_565' title='bbox 3544 3883 3601 3946; x_wconf 82' lang='lat'><strong>9,</strong></span> <span class='ocrx_word' id='word_1_566' title='bbox 3635 3881 3721 3951; x_wconf 88' lang='lat' dir='ltr'><strong>qui</strong></span> 
     </span>
    </p>
   </div>
   <div class='ocr_carea' id='block_1_84' title="bbox 2137 3984 3723 4058">
    <p class='ocr_par' dir='ltr' id='par_1_84' title="bbox 2137 3984 3723 4058">
     <span class='ocr_line' id='line_1_84' title="bbox 2137 3984 3723 4058; baseline -0.012 -13"><span class='ocrx_word' id='word_1_567' title='bbox 2137 3991 2354 4046; x_wconf 88' lang='lat' dir='ltr'><strong>eosdem</strong></span> <span class='ocrx_word' id='word_1_568' title='bbox 2408 3987 2742 4058; x_wconf 72' lang='lat' dir='ltr'><strong>pmnitentia:</strong></span> <span class='ocrx_word' id='word_1_569' title='bbox 2801 3984 3000 4054; x_wconf 88' lang='lat' dir='ltr'><strong>gradus</strong></span> <span class='ocrx_word' id='word_1_570' title='bbox 3029 3987 3370 4042; x_wconf 87' lang='lat' dir='ltr'><strong>enumerant,</strong></span> <span class='ocrx_word' id='word_1_571' title='bbox 3421 3993 3578 4048; x_wconf 89' lang='lat' dir='ltr'><strong>quos</strong></span> <span class='ocrx_word' id='word_1_572' title='bbox 3613 3989 3723 4028; x_wconf 84' lang='lat' dir='ltr'><strong>me-</strong></span> 
     </span>
    </p>
   </div>
   <div class='ocr_carea' id='block_1_85' title="bbox 2137 4071 3726 4140">
    <p class='ocr_par' dir='ltr' id='par_1_85' title="bbox 2137 4071 3726 4140">
     <span class='ocr_line' id='line_1_85' title="bbox 2137 4071 3726 4140; baseline -0.013 -2"><span class='ocrx_word' id='word_1_573' title='bbox 2137 4090 2316 4138; x_wconf 87' lang='lat' dir='ltr'><strong>morat</strong></span> <span class='ocrx_word' id='word_1_574' title='bbox 2343 4095 2519 4136; x_wconf 91' lang='lat' dir='ltr'><strong>canon</strong></span> <span class='ocrx_word' id='word_1_575' title='bbox 2558 4079 2617 4132; x_wconf 91' lang='grc'><strong>11</strong></span> <span class='ocrx_word' id='word_1_576' title='bbox 2648 4079 2700 4132; x_wconf 88' lang='lat' dir='ltr'><strong>in</strong></span> <span class='ocrx_word' id='word_1_577' title='bbox 2745 4077 2972 4131; x_wconf 91' lang='lat' dir='ltr'><strong>dubium</strong></span> <span class='ocrx_word' id='word_1_578' title='bbox 3003 4083 3248 4129; x_wconf 88' lang='lat' dir='ltr'><strong>vocatus.</strong></span> <span class='ocrx_word' id='word_1_579' title='bbox 3278 4071 3413 4125; x_wconf 83' lang='lat' dir='ltr'><strong>Aliis</strong></span> <span class='ocrx_word' id='word_1_580' title='bbox 3458 4077 3726 4140; x_wconf 71' lang='lat' dir='ltr'><strong>pmtrrea</strong></span> 
     </span>
    </p>
   </div>
   <div class='ocr_carea' id='block_1_86' title="bbox 2138 4163 3729 4242">
    <p class='ocr_par' dir='ltr' id='par_1_86' title="bbox 2138 4163 3729 4242">
     <span class='ocr_line' id='line_1_86' title="bbox 2138 4163 3729 4242; baseline -0.009 -15"><span class='ocrx_word' id='word_1_581' title='bbox 2138 4174 2312 4228; x_wconf 87' lang='lat' dir='ltr'><strong>utitur</strong></span> <span class='ocrx_word' id='word_1_582' title='bbox 2343 4170 2680 4242; x_wconf 85' lang='lat' dir='ltr'><strong>argumentis</strong></span> <span class='ocrx_word' id='word_1_583' title='bbox 2727 4169 2780 4227; x_wconf 89' lang='lat' dir='ltr'><strong>in</strong></span> <span class='ocrx_word' id='word_1_584' title='bbox 2827 4167 3073 4222; x_wconf 90' lang='lat' dir='ltr'><strong>eamdem</strong></span> <span class='ocrx_word' id='word_1_585' title='bbox 3124 4163 3477 4227; x_wconf 88' lang='lat' dir='ltr'><strong>sententiam,</strong></span> <span class='ocrx_word' id='word_1_586' title='bbox 3536 4176 3729 4216; x_wconf 60' lang='lat' dir='ltr'><strong>occur-</strong></span> 
     </span>
    </p>
   </div>
   <div class='ocr_carea' id='block_1_87' title="bbox 2142 4252 3730 4332">
    <p class='ocr_par' dir='ltr' id='par_1_87' title="bbox 2142 4252 3730 4332">
     <span class='ocr_line' id='line_1_87' title="bbox 2142 4252 3730 4332; baseline -0.009 -14"><span class='ocrx_word' id='word_1_587' title='bbox 2142 4280 2268 4320; x_wconf 90' lang='lat' dir='ltr'><strong>rens</strong></span> <span class='ocrx_word' id='word_1_588' title='bbox 2295 4281 2400 4320; x_wconf 92' lang='lat' dir='ltr'><strong>una</strong></span> <span class='ocrx_word' id='word_1_589' title='bbox 2453 4264 2650 4320; x_wconf 84' lang='lat' dir='ltr'><strong>Morini</strong></span> <span class='ocrx_word' id='word_1_590' title='bbox 2701 4260 3140 4332; x_wconf 87' lang='lat' dir='ltr'><strong>objectionihus;</strong></span> <span class='ocrx_word' id='word_1_591' title='bbox 3171 4257 3237 4312; x_wconf 89' lang='lat' dir='ltr'><strong>ad</strong></span> <span class='ocrx_word' id='word_1_592' title='bbox 3269 4269 3432 4325; x_wconf 88' lang='lat' dir='ltr'><strong>quem</strong></span> <span class='ocrx_word' id='word_1_593' title='bbox 3500 4252 3730 4324; x_wconf 87' lang='lat' dir='ltr'><strong>proinde</strong></span> 
     </span>
    </p>
   </div>
   <div class='ocr_carea' id='block_1_88' title="bbox 2138 4343 3730 4415">
    <p class='ocr_par' dir='ltr' id='par_1_88' title="bbox 2138 4343 3730 4415">
     <span class='ocr_line' id='line_1_88' title="bbox 2138 4343 3730 4415; baseline -0.01 -4"><span class='ocrx_word' id='word_1_594' title='bbox 2138 4357 2370 4412; x_wconf 88' lang='lat' dir='ltr'><strong>lectores</strong></span> <span class='ocrx_word' id='word_1_595' title='bbox 2397 4356 2751 4411; x_wconf 90' lang='lat' dir='ltr'><strong>remittimus.</strong></span> <span class='ocrx_word' id='word_1_596' title='bbox 2775 4352 3044 4408; x_wconf 66' lang='lat' dir='ltr'><strong>Caeterum</strong></span> <span class='ocrx_word' id='word_1_597' title='bbox 3080 4351 3221 4404; x_wconf 89' lang='lat' dir='ltr'><strong>hanc</strong></span> <span class='ocrx_word' id='word_1_598' title='bbox 3261 4345 3565 4415; x_wconf 80' lang='lat' dir='ltr'><strong>epistolam</strong></span> <span class='ocrx_word' id='word_1_599' title='bbox 3586 4343 3730 4399; x_wconf 75' lang='lat' dir='ltr'><strong>exhi-</strong></span> 
     </span>
    </p>
   </div>
   <div class='ocr_carea' id='block_1_89' title="bbox 2142 4438 3732 4518">
    <p class='ocr_par' dir='ltr' id='par_1_89' title="bbox 2142 4438 3732 4518">
     <span class='ocr_line' id='line_1_89' title="bbox 2142 4438 3732 4518; baseline -0.012 -13"><span class='ocrx_word' id='word_1_600' title='bbox 2142 4449 2335 4504; x_wconf 86' lang='lat' dir='ltr'><strong>bemus</strong></span> <span class='ocrx_word' id='word_1_601' title='bbox 2360 4465 2426 4503; x_wconf 76' lang='lat' dir='ltr'><strong>ex</strong></span> <span class='ocrx_word' id='word_1_602' title='bbox 2463 4448 2727 4518; x_wconf 79' lang='lat' dir='ltr'><strong>Synodico</strong></span> <span class='ocrx_word' id='word_1_603' title='bbox 2760 4444 3037 4514; x_wconf 82' lang='lat' dir='ltr'><strong>Beveregii</strong></span> <span class='ocrx_word' id='word_1_604' title='bbox 3081 4441 3214 4514; x_wconf 79' lang='lat'><strong>(56),</strong></span> <span class='ocrx_word' id='word_1_605' title='bbox 3246 4438 3466 4495; x_wconf 86' lang='lat' dir='ltr'><strong>collatis</strong></span> <span class='ocrx_word' id='word_1_606' title='bbox 3505 4439 3732 4506; x_wconf 84' lang='lat' dir='ltr'><strong>insuper</strong></span> 
     </span>
    </p>
   </div>
   <div class='ocr_carea' id='block_1_90' title="bbox 460 4531 3735 4624">
    <p class='ocr_par' dir='ltr' id='par_1_90' title="bbox 460 4531 3735 4624">
     <span class='ocr_line' id='line_1_90' title="bbox 460 4531 3735 4624; baseline -0.013 -12"><span class='ocrx_word' id='word_1_607' title='bbox 460 4562 780 4624; x_wconf 88' lang='lat' dir='ltr'><strong>tempestate</strong></span> <span class='ocrx_word' id='word_1_608' title='bbox 805 4559 1025 4621; x_wconf 82' lang='lat' dir='ltr'><strong>sanctus</strong></span> <span class='ocrx_word' id='word_1_609' title='bbox 1041 4547 1201 4602; x_wconf 91' lang='lat' dir='ltr'><strong>Pater</strong></span> <span class='ocrx_word' id='word_1_610' title='bbox 1221 4546 1367 4600; x_wconf 90' lang='lat' dir='ltr'><strong>illam</strong></span> <span class='ocrx_word' id='word_1_611' title='bbox 1390 4542 1676 4611; x_wconf 84' lang='lat' dir='ltr'><strong>scripsisse</strong></span> <span class='ocrx_word' id='word_1_612' title='bbox 1699 4539 2033 4609; x_wconf 90' lang='lat' dir='ltr'><strong>perhibetur,</strong></span> <span class='ocrx_word' id='word_1_613' title='bbox 2069 4533 2113 4587; x_wconf 92' lang='lat' dir='ltr'><strong>D</strong></span> <span class='ocrx_word' id='word_1_614' title='bbox 2139 4543 2470 4599; x_wconf 70' lang='grc' dir='ltr'><strong>ράίιίοηῃωε</strong></span> <span class='ocrx_word' id='word_1_615' title='bbox 2505 4539 2909 4595; x_wconf 66' lang='grc' dir='ltr'><strong>Ρπίείρηείιηιε</strong></span> <span class='ocrx_word' id='word_1_616' title='bbox 2942 4534 3280 4592; x_wconf 59' lang='grc' dir='ltr'><strong>Βειιειηηοηίε</strong></span> <span class='ocrx_word' id='word_1_617' title='bbox 3325 4547 3415 4586; x_wconf 63' lang='lat' dir='ltr'><strong>an,</strong></span> <span class='ocrx_word' id='word_1_618' title='bbox 3483 4531 3653 4597; x_wconf 50' lang='lat'><strong>1630’</strong></span> <span class='ocrx_word' id='word_1_619' title='bbox 3687 4540 3735 4584; x_wconf 75' lang='grc' dir='ltr'><strong>ειι</strong></span> 
     </span>
    </p>
   </div>
   <div class='ocr_carea' id='block_1_91' title="bbox 458 4626 2038 4716">
    <p class='ocr_par' dir='ltr' id='par_1_91' title="bbox 458 4626 2038 4716">
     <span class='ocr_line' id='line_1_91' title="bbox 458 4626 2038 4716; baseline -0.013 -15"><span class='ocrx_word' id='word_1_620' title='bbox 458 4660 567 4716; x_wconf 88' lang='lat' dir='ltr'><strong>qua</strong></span> <span class='ocrx_word' id='word_1_621' title='bbox 597 4641 792 4697; x_wconf 90' lang='lat' dir='ltr'><strong>Boradi</strong></span> <span class='ocrx_word' id='word_1_622' title='bbox 814 4649 867 4694; x_wconf 93' lang='lat' dir='ltr'><strong>et</strong></span> <span class='ocrx_word' id='word_1_623' title='bbox 891 4637 1074 4694; x_wconf 84' lang='lat' dir='ltr'><strong>Cotthi</strong></span> <span class='ocrx_word' id='word_1_624' title='bbox 1105 4649 1334 4706; x_wconf 87' lang='lat' dir='ltr'><strong>quorum</strong></span> <span class='ocrx_word' id='word_1_625' title='bbox 1365 4631 1479 4701; x_wconf 91' lang='lat' dir='ltr'><strong>ipse</strong></span> <span class='ocrx_word' id='word_1_626' title='bbox 1503 4629 1749 4684; x_wconf 90' lang='lat' dir='ltr'><strong>meminit</strong></span> <span class='ocrx_word' id='word_1_627' title='bbox 1779 4626 2038 4684; x_wconf 80' lang='lat' dir='ltr'><strong>cauonc5</strong></span> 
     </span>
    </p>
   </div>
   <div class='ocr_carea' id='block_1_92' title="bbox 459 4720 2038 4802">
    <p class='ocr_par' dir='ltr' id='par_1_92' title="bbox 459 4720 2038 4802">
     <span class='ocr_line' id='line_1_92' title="bbox 459 4720 2038 4802; baseline -0.013 -8"><span class='ocrx_word' id='word_1_628' title='bbox 459 4739 602 4794; x_wconf 87' lang='lat' dir='ltr'><strong>inter</strong></span> <span class='ocrx_word' id='word_1_629' title='bbox 631 4737 766 4791; x_wconf 85' lang='lat' dir='ltr'><strong>alias</strong></span> <span class='ocrx_word' id='word_1_630' title='bbox 797 4733 940 4789; x_wconf 69' lang='lat' dir='ltr'><strong>Asiae</strong></span> <span class='ocrx_word' id='word_1_631' title='bbox 967 4728 1299 4802; x_wconf 75' lang='lat' dir='ltr'><strong>provincias,</strong></span> <span class='ocrx_word' id='word_1_632' title='bbox 1340 4725 1572 4780; x_wconf 87' lang='lat' dir='ltr'><strong>Pontum</strong></span> <span class='ocrx_word' id='word_1_633' title='bbox 1610 4737 1829 4792; x_wconf 89' lang='lat' dir='ltr'><strong>quoque</strong></span> <span class='ocrx_word' id='word_1_634' title='bbox 1881 4720 2038 4774; x_wconf 62' lang='lat' dir='ltr'><strong>iuva»</strong></span> 
     </span>
    </p>
   </div>
   <div class='ocr_carea' id='block_1_93' title="bbox 460 4812 2035 4899">
    <p class='ocr_par' dir='ltr' id='par_1_93' title="bbox 460 4812 2035 4899">
     <span class='ocr_line' id='line_1_93' title="bbox 460 4812 2035 4899; baseline -0.016 -9"><span class='ocrx_word' id='word_1_635' title='bbox 460 4839 649 4890; x_wconf 85' lang='lat' dir='ltr'><strong>serant</strong></span> <span class='ocrx_word' id='word_1_636' title='bbox 674 4831 972 4899; x_wconf 91' lang='lat' dir='ltr'><strong>imperante</strong></span> <span class='ocrx_word' id='word_1_637' title='bbox 995 4821 1307 4882; x_wconf 83' lang='lat' dir='ltr'><strong>Valeriano,</strong></span> <span class='ocrx_word' id='word_1_638' title='bbox 1337 4828 1396 4873; x_wconf 94' lang='lat' dir='ltr'><strong>ut</strong></span> <span class='ocrx_word' id='word_1_639' title='bbox 1425 4817 1586 4871; x_wconf 89' lang='lat' dir='ltr'><strong>tradit</strong></span> <span class='ocrx_word' id='word_1_640' title='bbox 1607 4815 1860 4869; x_wconf 90' lang='lat' dir='ltr'><strong>Zosimus</strong></span> <span class='ocrx_word' id='word_1_641' title='bbox 1888 4812 2035 4884; x_wconf 74' lang='lat' dir='ltr'><strong>(3i);</strong></span> 
     </span>
    </p>
   </div>
   <div class='ocr_carea' id='block_1_94' title="bbox 457 4905 2040 4994">
    <p class='ocr_par' dir='ltr' id='par_1_94' title="bbox 457 4905 2040 4994">
     <span class='ocr_line' id='line_1_94' title="bbox 457 4905 2040 4994; baseline -0.016 -13"><span class='ocrx_word' id='word_1_642' title='bbox 457 4925 706 4994; x_wconf 87' lang='lat' dir='ltr'><strong>adeoque</strong></span> <span class='ocrx_word' id='word_1_643' title='bbox 734 4937 878 4974; x_wconf 90' lang='lat' dir='ltr'><strong>anno</strong></span> <span class='ocrx_word' id='word_1_644' title='bbox 912 4916 1119 4973; x_wconf 82' lang='lat' dir='ltr'><strong>Christi</strong></span> <span class='ocrx_word' id='word_1_645' title='bbox 1173 4913 1279 4968; x_wconf 78' lang='lat'><strong>258</strong></span> <span class='ocrx_word' id='word_1_646' title='bbox 1340 4909 1541 4979; x_wconf 88' lang='lat' dir='ltr'><strong>scripta</strong></span> <span class='ocrx_word' id='word_1_647' title='bbox 1604 4907 1775 4961; x_wconf 86' lang='lat' dir='ltr'><strong>fuisse</strong></span> <span class='ocrx_word' id='word_1_648' title='bbox 1823 4905 2040 4958; x_wconf 87' lang='lat' dir='ltr'><strong>videtur</strong></span> 
     </span>
    </p>
   </div>
   <div class='ocr_carea' id='block_1_95' title="bbox 456 4998 2040 5090">
    <p class='ocr_par' dir='ltr' id='par_1_95' title="bbox 456 4998 2040 5090">
     <span class='ocr_line' id='line_1_95' title="bbox 456 4998 2040 5090; baseline -0.016 -16"><span class='ocrx_word' id='word_1_649' title='bbox 456 5017 689 5090; x_wconf 84' lang='lat' dir='ltr'><strong>cpistola</strong></span> <span class='ocrx_word' id='word_1_650' title='bbox 730 5014 866 5086; x_wconf 81' lang='lat'><strong>(52).</strong></span> <span class='ocrx_word' id='word_1_651' title='bbox 895 5011 1032 5067; x_wconf 88' lang='lat' dir='ltr'><strong>Cum</strong></span> <span class='ocrx_word' id='word_1_652' title='bbox 1063 5012 1246 5078; x_wconf 89' lang='lat' dir='ltr'><strong>itaque</strong></span> <span class='ocrx_word' id='word_1_653' title='bbox 1269 5005 1707 5060; x_wconf 84' lang='lat' dir='ltr'><strong>Christianorum</strong></span> <span class='ocrx_word' id='word_1_654' title='bbox 1731 4998 2040 5067; x_wconf 87' lang='lat' dir='ltr'><strong>complures</strong></span> 
     </span>
    </p>
   </div>
   <div class='ocr_carea' id='block_1_96' title="bbox 458 5093 2039 5184">
    <p class='ocr_par' dir='ltr' id='par_1_96' title="bbox 458 5093 2039 5184">
     <span class='ocr_line' id='line_1_96' title="bbox 458 5093 2039 5184; baseline -0.014 -17"><span class='ocrx_word' id='word_1_655' title='bbox 458 5112 553 5184; x_wconf 86' lang='lat' dir='ltr'><strong>qui</strong></span> <span class='ocrx_word' id='word_1_656' title='bbox 588 5126 654 5165; x_wconf 78' lang='lat' dir='ltr'><strong>ex</strong></span> <span class='ocrx_word' id='word_1_657' title='bbox 695 5109 798 5163; x_wconf 86' lang='lat' dir='ltr'><strong>hac</strong></span> <span class='ocrx_word' id='word_1_658' title='bbox 827 5107 1186 5161; x_wconf 85' lang='lat' dir='ltr'><strong>barbarorum</strong></span> <span class='ocrx_word' id='word_1_659' title='bbox 1236 5098 1552 5156; x_wconf 90' lang='lat' dir='ltr'><strong>incursione</strong></span> <span class='ocrx_word' id='word_1_660' title='bbox 1586 5096 1640 5149; x_wconf 91' lang='lat' dir='ltr'><strong>in</strong></span> <span class='ocrx_word' id='word_1_661' title='bbox 1670 5093 2039 5163; x_wconf 81' lang='lat' dir='ltr'><strong>captivitatem</strong></span> 
     </span>
    </p>
   </div>
   <div class='ocr_carea' id='block_1_97' title="bbox 461 5187 2039 5267">
    <p class='ocr_par' dir='ltr' id='par_1_97' title="bbox 461 5187 2039 5267">
     <span class='ocr_line' id='line_1_97' title="bbox 461 5187 2039 5267; baseline -0.015 -7"><span class='ocrx_word' id='word_1_662' title='bbox 461 5204 786 5267; x_wconf 89' lang='lat' dir='ltr'><strong>inciderant,</strong></span> <span class='ocrx_word' id='word_1_663' title='bbox 822 5200 992 5254; x_wconf 90' lang='lat' dir='ltr'><strong>multa</strong></span> <span class='ocrx_word' id='word_1_664' title='bbox 1016 5205 1069 5252; x_wconf 91' lang='lat' dir='ltr'><strong>ct</strong></span> <span class='ocrx_word' id='word_1_665' title='bbox 1101 5194 1285 5267; x_wconf 85' lang='lat' dir='ltr'><strong>gravia</strong></span> <span class='ocrx_word' id='word_1_666' title='bbox 1331 5197 1680 5263; x_wconf 88' lang='lat' dir='ltr'><strong>peccassent;</strong></span> <span class='ocrx_word' id='word_1_667' title='bbox 1725 5187 1825 5239; x_wconf 94' lang='lat' dir='ltr'><strong>hos</strong></span> <span class='ocrx_word' id='word_1_668' title='bbox 1869 5199 2039 5239; x_wconf 87' lang='lat' dir='ltr'><strong>cano-</strong></span> 
     </span>
    </p>
   </div>
   <div class='ocr_carea' id='block_1_98' title="bbox 463 5278 2040 5359">
    <p class='ocr_par' dir='ltr' id='par_1_98' title="bbox 463 5278 2040 5359">
     <span class='ocr_line' id='line_1_98' title="bbox 463 5278 2040 5359; baseline -0.013 -7"><span class='ocrx_word' id='word_1_669' title='bbox 463 5315 560 5354; x_wconf 89' lang='lat' dir='ltr'><strong>nes</strong></span> <span class='ocrx_word' id='word_1_670' title='bbox 593 5295 843 5352; x_wconf 77' lang='lat' dir='ltr'><strong>exaravit</strong></span> <span class='ocrx_word' id='word_1_671' title='bbox 897 5300 1120 5348; x_wconf 87' lang='lat' dir='ltr'><strong>sanctus</strong></span> <span class='ocrx_word' id='word_1_672' title='bbox 1163 5287 1361 5359; x_wconf 87' lang='lat' dir='ltr'><strong>praesul</strong></span> <span class='ocrx_word' id='word_1_673' title='bbox 1401 5278 1877 5343; x_wconf 68' lang='lat' dir='ltr'><strong>Neocmsariensis,</strong></span> <span class='ocrx_word' id='word_1_674' title='bbox 1930 5291 2040 5346; x_wconf 86' lang='lat' dir='ltr'><strong>quo</strong></span> 
     </span>
    </p>
   </div>
   <div class='ocr_carea' id='block_1_99' title="bbox 461 5368 2037 5451">
    <p class='ocr_par' dir='ltr' id='par_1_99' title="bbox 461 5368 2037 5451">
     <span class='ocr_line' id='line_1_99' title="bbox 461 5368 2037 5451; baseline -0.015 -6"><span class='ocrx_word' id='word_1_675' title='bbox 461 5405 658 5446; x_wconf 90' lang='lat' dir='ltr'><strong>eorum</strong></span> <span class='ocrx_word' id='word_1_676' title='bbox 686 5385 846 5443; x_wconf 90' lang='lat' dir='ltr'><strong>saluti</strong></span> <span class='ocrx_word' id='word_1_677' title='bbox 876 5385 1053 5440; x_wconf 86' lang='lat' dir='ltr'><strong>bonus</strong></span> <span class='ocrx_word' id='word_1_678' title='bbox 1107 5388 1294 5451; x_wconf 87' lang='lat' dir='ltr'><strong>pastor</strong></span> <span class='ocrx_word' id='word_1_679' title='bbox 1314 5375 1681 5448; x_wconf 84' lang='lat' dir='ltr'><strong>prospiceret:</strong></span> <span class='ocrx_word' id='word_1_680' title='bbox 1713 5371 1781 5426; x_wconf 89' lang='lat' dir='ltr'><strong>de</strong></span> <span class='ocrx_word' id='word_1_681' title='bbox 1835 5368 2037 5438; x_wconf 90' lang='lat' dir='ltr'><strong>quibus</strong></span> 
     </span>
    </p>
   </div>
   <div class='ocr_carea' id='block_1_100' title="bbox 524 5535 1420 5620">
    <p class='ocr_par' dir='ltr' id='par_1_100' title="bbox 524 5535 1420 5620">
     <span class='ocr_line' id='line_1_100' title="bbox 524 5535 1420 5620; baseline -0.017 -15"><span class='ocrx_word' id='word_1_682' title='bbox 524 5550 648 5620; x_wconf 64' lang='lat'><strong>,(28)</strong></span> <span class='ocrx_word' id='word_1_683' title='bbox 689 5546 966 5620; x_wconf 67' lang='lat' dir='ltr'><strong>Palaeogr._</strong></span> <span class='ocrx_word' id='word_1_684' title='bbox 989 5542 1106 5620; x_wconf 56' lang='lat' dir='ltr'><strong>(in,</strong></span> <span class='ocrx_word' id='word_1_685' title='bbox 1143 5553 1266 5620; x_wconf 57' lang='lat' dir='ltr'><strong>pag.</strong></span> <span class='ocrx_word' id='word_1_686' title='bbox 1293 5535 1420 5590; x_wconf 69' lang='lat'><strong>250.</strong></span> 
     </span>
    </p>
   </div>
   <div class='ocr_carea' id='block_1_101' title="bbox 527 5596 2037 5690">
    <p class='ocr_par' dir='ltr' id='par_1_101' title="bbox 527 5596 2037 5690">
     <span class='ocr_line' id='line_1_101' title="bbox 527 5596 2037 5690; baseline -0.016 -15"><span class='ocrx_word' id='word_1_687' title='bbox 527 5596 646 5690; x_wconf 44' lang='lat'><strong>(‘25),</strong></span> <span class='ocrx_word' id='word_1_688' title='bbox 674 5596 970 5690; x_wconf 34' lang='lat' dir='ltr'><strong>xii—63:31</strong></span> <span class='ocrx_word' id='word_1_689' title='bbox 1001 5596 1162 5680; x_wconf 58' lang='lat' dir='ltr'><strong>Greg:</strong></span> <span class='ocrx_word' id='word_1_690' title='bbox 1189 5596 1424 5690; x_wconf 41' lang='lat' dir='ltr'><strong>tha‘u’m.</strong></span> <span class='ocrx_word' id='word_1_691' title='bbox 1448 5604 1731 5674; x_wconf 86' lang='lat' dir='ltr'><strong>Panegyr.,</strong></span> <span class='ocrx_word' id='word_1_692' title='bbox 1761 5614 1884 5670; x_wconf 84' lang='lat' dir='ltr'><strong>pag.</strong></span> <span class='ocrx_word' id='word_1_693' title='bbox 1910 5596 2037 5652; x_wconf 78' lang='lat'><strong>258.</strong></span> 
     </span>
    </p>
   </div>
   <div class='ocr_carea' id='block_1_102' title="bbox 559 5678 1372 5758">
    <p class='ocr_par' dir='ltr' id='par_1_102' title="bbox 559 5678 1372 5758">
     <span class='ocr_line' id='line_1_102' title="bbox 559 5678 1372 5758; baseline -0.017 -13"><span class='ocrx_word' id='word_1_694' title='bbox 559 5678 646 5758; x_wconf 78' lang='grc'>50)</span> <span class='ocrx_word' id='word_1_695' title='bbox 674 5688 749 5758; x_wconf 78' lang='lat' dir='ltr'><strong>De</strong></span> <span class='ocrx_word' id='word_1_696' title='bbox 770 5688 868 5742; x_wconf 85' lang='lat' dir='ltr'><strong>vir.</strong></span> <span class='ocrx_word' id='word_1_697' title='bbox 893 5678 1264 5758; x_wconf 54' lang='grc' dir='ltr'><strong>ξιιιιδωκξίκη)ζ</strong></span> <span class='ocrx_word' id='word_1_698' title='bbox 1276 5678 1372 5758; x_wconf 58' lang='lat'><strong>95.</strong></span> 
     </span>
    </p>
   </div>
   <div class='ocr_carea' id='block_1_103' title="bbox 562 5739 2036 5825">
    <p class='ocr_par' dir='ltr' id='par_1_103' title="bbox 562 5739 2036 5825">
     <span class='ocr_line' id='line_1_103' title="bbox 562 5739 2036 5825; baseline -0.015 -11"><span class='ocrx_word' id='word_1_699' title='bbox 562 5739 650 5825; x_wconf 70' lang='lat' dir='ltr'><strong>3i’)</strong></span> <span class='ocrx_word' id='word_1_700' title='bbox 675 5739 829 5812; x_wconf 54' lang='lat' dir='ltr'><strong>uel.</strong></span> <span class='ocrx_word' id='word_1_701' title='bbox 857 5739 955 5811; x_wconf 88' lang='lat' dir='ltr'><strong>lib.</strong></span> <span class='ocrx_word' id='word_1_702' title='bbox 985 5772 1024 5818; x_wconf 89' lang='grc' dir='ltr'><strong>ι,</strong></span> <span class='ocrx_word' id='word_1_703' title='bbox 1055 5739 1174 5824; x_wconf 75' lang='lat' dir='ltr'><strong>pag.</strong></span> <span class='ocrx_word' id='word_1_704' title='bbox 1207 5739 1304 5805; x_wconf 75' lang='lat' dir='ltr'><strong>‘as</strong></span> <span class='ocrx_word' id='word_1_705' title='bbox 1333 5764 1447 5825; x_wconf 67' lang='lat' dir='ltr'><strong>seq.</strong></span> <span class='ocrx_word' id='word_1_706' title='bbox 1496 5743 1844 5825; x_wconf 54' lang='lat' dir='ltr'><strong>ellit;_9xon.</strong></span> <span class='ocrx_word' id='word_1_707' title='bbox 1877 5739 2036 5796; x_wconf 81' lang='grc'><strong>1679.</strong></span> 
     </span>
    </p>
   </div>
   <div class='ocr_carea' id='block_1_104' title="bbox 541 5814 1732 5902">
    <p class='ocr_par' dir='ltr' id='par_1_104' title="bbox 541 5814 1732 5902">
     <span class='ocr_line' id='line_1_104' title="bbox 541 5814 1732 5902; baseline -0.013 -16"><span class='ocrx_word' id='word_1_708' title='bbox 541 5814 914 5902; x_wconf 55' lang='lat' dir='ltr'><strong>(52}Tillen1.,</strong></span> <span class='ocrx_word' id='word_1_709' title='bbox 973 5814 1152 5881; x_wconf 58' lang='lat' dir='ltr'><strong>nam.“</strong></span> <span class='ocrx_word' id='word_1_710' title='bbox 1171 5834 1305 5877; x_wconf 91' lang='lat' dir='ltr'><strong>tom.</strong></span> <span class='ocrx_word' id='word_1_711' title='bbox 1334 5814 1428 5886; x_wconf 84' lang='lat' dir='ltr'><strong>Iv;</strong></span> <span class='ocrx_word' id='word_1_712' title='bbox 1454 5833 1576 5890; x_wconf 83' lang='lat' dir='ltr'><strong>pag.</strong></span> <span class='ocrx_word' id='word_1_713' title='bbox 1605 5814 1732 5872; x_wconf 76' lang='lat'><strong>559.</strong></span> 
     </span>
    </p>
   </div>
   <div class='ocr_carea' id='block_1_105' title="bbox 2141 4626 3631 4702">
    <p class='ocr_par' dir='ltr' id='par_1_105' title="bbox 2141 4626 3631 4702">
     <span class='ocr_line' id='line_1_105' title="bbox 2141 4626 3631 4702; baseline -0.009 -12"><span class='ocrx_word' id='word_1_714' title='bbox 2141 4636 2369 4693; x_wconf 74' lang='lat' dir='ltr'><strong>Zonara:</strong></span> <span class='ocrx_word' id='word_1_715' title='bbox 2396 4635 2554 4700; x_wconf 72' lang='grc'><strong>1621,</strong></span> <span class='ocrx_word' id='word_1_716' title='bbox 2591 4634 2657 4689; x_wconf 90' lang='lat' dir='ltr'><strong>ad</strong></span> <span class='ocrx_word' id='word_1_717' title='bbox 2691 4634 2894 4689; x_wconf 89' lang='lat' dir='ltr'><strong>calcem</strong></span> <span class='ocrx_word' id='word_1_718' title='bbox 2925 4630 3164 4702; x_wconf 90' lang='lat' dir='ltr'><strong>Operum</strong></span> <span class='ocrx_word' id='word_1_719' title='bbox 3192 4626 3631 4698; x_wconf 79' lang='lat' dir='ltr'><strong>Thaumaturgi.</strong></span> 
     </span>
    </p>
   </div>
   <div class='ocr_carea' id='block_1_106' title="bbox 2146 4772 3740 4850">
    <p class='ocr_par' dir='ltr' id='par_1_106' title="bbox 2146 4772 3740 4850">
     <span class='ocr_line' id='line_1_106' title="bbox 2146 4772 3740 4850; baseline -0.011 -11"><span class='ocrx_word' id='word_1_720' title='bbox 2146 4783 2205 4839; x_wconf 83' lang='lat' dir='ltr'><strong>V.</strong></span> <span class='ocrx_word' id='word_1_721' title='bbox 2247 4783 2325 4838; x_wconf 85' lang='lat' dir='ltr'><strong>De</strong></span> <span class='ocrx_word' id='word_1_722' title='bbox 2372 4781 2426 4836; x_wconf 70' lang='grc' dir='ltr'><strong>δ.</strong></span> <span class='ocrx_word' id='word_1_723' title='bbox 2458 4780 2697 4850; x_wconf 83' lang='lat' dir='ltr'><strong>Gregorii</strong></span> <span class='ocrx_word' id='word_1_724' title='bbox 2742 4777 3000 4850; x_wconf 89' lang='lat' dir='ltr'><strong>Oratione</strong></span> <span class='ocrx_word' id='word_1_725' title='bbox 3047 4774 3102 4850; x_wconf 86' lang='lat' dir='ltr'><strong>in</strong></span> <span class='ocrx_word' id='word_1_726' title='bbox 3127 4772 3419 4850; x_wconf 32' lang='lat' dir='ltr'><strong>O‘rigenem</strong></span> <span class='ocrx_word' id='word_1_727' title='bbox 3502 4782 3740 4840; x_wconf 62' lang='lat' dir='ltr'><strong>panegy-</strong></span> 
     </span>
    </p>
   </div>
   <div class='ocr_carea' id='block_1_107' title="bbox 2459 4845 3364 4917">
    <p class='ocr_par' dir='ltr' id='par_1_107' title="bbox 2459 4845 3364 4917">
     <span class='ocr_line' id='line_1_107' title="bbox 2459 4845 3364 4917; baseline -0.013 -12"><span class='ocrx_word' id='word_1_728' title='bbox 2459 4845 2596 4907; x_wconf 50' lang='lat' dir='ltr'><strong>rica&#39;.</strong></span> <span class='ocrx_word' id='word_1_729' title='bbox 2640 4851 2852 4916; x_wconf 85' lang='lat' dir='ltr'><strong>Quanto</strong></span> <span class='ocrx_word' id='word_1_730' title='bbox 2885 4849 2940 4900; x_wconf 83' lang='lat' dir='ltr'><strong>in</strong></span> <span class='ocrx_word' id='word_1_731' title='bbox 2965 4846 3131 4917; x_wconf 81' lang='lat' dir='ltr'><strong>pretio</strong></span> <span class='ocrx_word' id='word_1_732' title='bbox 3163 4845 3364 4896; x_wconf 85' lang='lat' dir='ltr'><strong>habita.</strong></span> 
     </span>
    </p>
   </div>
   <div class='ocr_carea' id='block_1_108' title="bbox 2211 4976 3739 5047">
    <p class='ocr_par' dir='ltr' id='par_1_108' title="bbox 2211 4976 3739 5047">
     <span class='ocr_line' id='line_1_108' title="bbox 2211 4976 3739 5047; baseline -0.014 -1"><span class='ocrx_word' id='word_1_733' title='bbox 2211 4991 2415 5047; x_wconf 91' lang='lat' dir='ltr'><strong>Ultimo</strong></span> <span class='ocrx_word' id='word_1_734' title='bbox 2445 4990 2566 5045; x_wconf 91' lang='lat' dir='ltr'><strong>loco</strong></span> <span class='ocrx_word' id='word_1_735' title='bbox 2595 4986 2833 5043; x_wconf 89' lang='lat' dir='ltr'><strong>stitimus</strong></span> <span class='ocrx_word' id='word_1_736' title='bbox 2866 4983 3176 5039; x_wconf 84' lang='lat' dir='ltr'><strong>Orationem</strong></span> <span class='ocrx_word' id='word_1_737' title='bbox 3215 4980 3270 5033; x_wconf 82' lang='lat' dir='ltr'><strong>in</strong></span> <span class='ocrx_word' id='word_1_738' title='bbox 3318 4976 3617 5045; x_wconf 82' lang='lat' dir='ltr'><strong>Origenem</strong></span> <span class='ocrx_word' id='word_1_739' title='bbox 3643 4992 3739 5044; x_wconf 78' lang='lat' dir='ltr'><strong>pa-</strong></span> 
     </span>
    </p>
   </div>
   <div class='ocr_carea' id='block_1_109' title="bbox 2141 5068 3742 5154">
    <p class='ocr_par' dir='ltr' id='par_1_109' title="bbox 2141 5068 3742 5154">
     <span class='ocr_line' id='line_1_109' title="bbox 2141 5068 3742 5154; baseline -0.01 -17"><span class='ocrx_word' id='word_1_740' title='bbox 2141 5085 2465 5154; x_wconf 78' lang='lat' dir='ltr'><strong>neggrt&#39;cam,</strong></span> <span class='ocrx_word' id='word_1_741' title='bbox 2500 5097 2664 5152; x_wconf 93' lang='lat' dir='ltr'><strong>quam</strong></span> <span class='ocrx_word' id='word_1_742' title='bbox 2698 5081 2962 5136; x_wconf 62' lang='lat' dir='ltr'><strong>Caesareae</strong></span> <span class='ocrx_word' id='word_1_743' title='bbox 2989 5074 3291 5130; x_wconf 66' lang='lat' dir='ltr'><strong>Palaestinae</strong></span> <span class='ocrx_word' id='word_1_744' title='bbox 3317 5071 3466 5125; x_wconf 86' lang='lat' dir='ltr'><strong>circa</strong></span> <span class='ocrx_word' id='word_1_745' title='bbox 3529 5068 3742 5123; x_wconf 78' lang='lat' dir='ltr'><strong>Christi</strong></span> 
     </span>
    </p>
   </div>
   <div class='ocr_carea' id='block_1_110' title="bbox 2143 5163 3740 5239">
    <p class='ocr_par' dir='ltr' id='par_1_110' title="bbox 2143 5163 3740 5239">
     <span class='ocr_line' id='line_1_110' title="bbox 2143 5163 3740 5239; baseline -0.011 -9"><span class='ocrx_word' id='word_1_746' title='bbox 2143 5191 2346 5230; x_wconf 91' lang='lat' dir='ltr'><strong>annum</strong></span> <span class='ocrx_word' id='word_1_747' title='bbox 2398 5173 2506 5229; x_wconf 81' lang='lat'><strong>239</strong></span> <span class='ocrx_word' id='word_1_748' title='bbox 2545 5172 2748 5228; x_wconf 75' lang='lat' dir='ltr'><strong>schola:</strong></span> <span class='ocrx_word' id='word_1_749' title='bbox 2778 5168 3116 5239; x_wconf 76' lang='lat' dir='ltr'><strong>Origeniana:</strong></span> <span class='ocrx_word' id='word_1_750' title='bbox 3171 5163 3585 5226; x_wconf 86' lang='lat' dir='ltr'><strong>valedicturus,</strong></span> <span class='ocrx_word' id='word_1_751' title='bbox 3637 5180 3658 5212; x_wconf 70' lang='grc' dir='ltr'><em>ς</em></span> <span class='ocrx_word' id='word_1_752' title='bbox 3694 5170 3740 5213; x_wconf 83' lang='lat' dir='ltr'><strong>et</strong></span> 
     </span>
    </p>
   </div>
   <div class='ocr_carea' id='block_1_111' title="bbox 2141 5248 3745 5333">
    <p class='ocr_par' dir='ltr' id='par_1_111' title="bbox 2141 5248 3745 5333">
     <span class='ocr_line' id='line_1_111' title="bbox 2141 5248 3745 5333; baseline -0.013 -13"><span class='ocrx_word' id='word_1_753' title='bbox 2141 5273 2442 5319; x_wconf 89' lang='lat' dir='ltr'><strong>convocata</strong></span> <span class='ocrx_word' id='word_1_754' title='bbox 2459 5261 2650 5333; x_wconf 87' lang='lat' dir='ltr'><strong>grandi</strong></span> <span class='ocrx_word' id='word_1_755' title='bbox 2668 5259 2990 5330; x_wconf 90' lang='lat' dir='ltr'><strong>frequentia,</strong></span> <span class='ocrx_word' id='word_1_756' title='bbox 3009 5255 3186 5326; x_wconf 88' lang='lat' dir='ltr'><strong>inquit</strong></span> <span class='ocrx_word' id='word_1_757' title='bbox 3203 5251 3592 5321; x_wconf 77' lang='lat' dir='ltr'><strong>Hieronymus</strong></span> <span class='ocrx_word' id='word_1_758' title='bbox 3613 5248 3745 5317; x_wconf 75' lang='lat'><strong>(37),</strong></span> 
     </span>
    </p>
   </div>
   <div class='ocr_carea' id='block_1_112' title="bbox 2143 5343 3743 5427">
    <p class='ocr_par' dir='ltr' id='par_1_112' title="bbox 2143 5343 3743 5427">
     <span class='ocr_line' id='line_1_112' title="bbox 2143 5343 3743 5427; baseline -0.016 -13"><span class='ocrx_word' id='word_1_759' title='bbox 2143 5355 2262 5426; x_wconf 89' lang='lat' dir='ltr'><strong>ipso</strong></span> <span class='ocrx_word' id='word_1_760' title='bbox 2298 5370 2518 5427; x_wconf 86' lang='lat' dir='ltr'><strong>quoque</strong></span> <span class='ocrx_word' id='word_1_761' title='bbox 2571 5353 2805 5425; x_wconf 86' lang='lat' dir='ltr'><strong>Origene</strong></span> <span class='ocrx_word' id='word_1_762' title='bbox 2865 5358 3154 5422; x_wconf 70' lang='lat' dir='ltr'><strong>prmsente,</strong></span> <span class='ocrx_word' id='word_1_763' title='bbox 3205 5343 3455 5401; x_wconf 89' lang='lat' dir='ltr'><strong>recitavit</strong></span> <span class='ocrx_word' id='word_1_764' title='bbox 3497 5363 3520 5395; x_wconf 74' lang='grc' dir='ltr'>ι</span> <span class='ocrx_word' id='word_1_765' title='bbox 3556 5351 3743 5398; x_wconf 80' lang='lat' dir='ltr'><strong>noster</strong></span> 
     </span>
    </p>
   </div>
   <div class='ocr_carea' id='block_1_113' title="bbox 2215 5507 2994 5590">
    <p class='ocr_par' dir='ltr' id='par_1_113' title="bbox 2215 5507 2994 5590">
     <span class='ocr_line' id='line_1_113' title="bbox 2215 5507 2994 5590; baseline -0.021 -15"><span class='ocrx_word' id='word_1_766' title='bbox 2215 5516 2326 5590; x_wconf 76' lang='lat'><strong>(55)</strong></span> <span class='ocrx_word' id='word_1_767' title='bbox 2347 5515 2521 5590; x_wconf 47' lang='lat' dir='ltr'><strong>Cone;</strong></span> <span class='ocrx_word' id='word_1_768' title='bbox 2550 5510 2764 5590; x_wconf 59' lang='lat' dir='ltr'><strong>Quinis.</strong></span> <span class='ocrx_word' id='word_1_769' title='bbox 2792 5522 2914 5563; x_wconf 89' lang='lat' dir='ltr'><strong>can.</strong></span> <span class='ocrx_word' id='word_1_770' title='bbox 2937 5507 2994 5560; x_wconf 89' lang='lat'><strong>2.</strong></span> 
     </span>
    </p>
   </div>
   <div class='ocr_carea' id='block_1_114' title="bbox 2214 5572 3282 5660">
    <p class='ocr_par' dir='ltr' id='par_1_114' title="bbox 2214 5572 3282 5660">
     <span class='ocr_line' id='line_1_114' title="bbox 2214 5572 3282 5660; baseline -0.014 -17"><span class='ocrx_word' id='word_1_771' title='bbox 2214 5572 2327 5660; x_wconf 54' lang='grc' dir='ltr'><strong>(ἐϋ</strong></span> <span class='ocrx_word' id='word_1_772' title='bbox 2357 5588 2437 5660; x_wconf 65' lang='lat' dir='ltr'><strong>[Ie</strong></span> <span class='ocrx_word' id='word_1_773' title='bbox 2482 5572 2673 5660; x_wconf 44' lang='grc' dir='ltr'><strong>Ρωῖιξιὶ</strong></span> <span class='ocrx_word' id='word_1_774' title='bbox 2708 5581 2801 5634; x_wconf 93' lang='lat' dir='ltr'><strong>lib.</strong></span> <span class='ocrx_word' id='word_1_775' title='bbox 2827 5592 2902 5642; x_wconf 82' lang='lat' dir='ltr'><strong>vt,</strong></span> <span class='ocrx_word' id='word_1_776' title='bbox 2928 5591 3046 5648; x_wconf 88' lang='lat' dir='ltr'><strong>cap.</strong></span> <span class='ocrx_word' id='word_1_777' title='bbox 3078 5576 3130 5640; x_wconf 91' lang='grc'><strong>1,</strong></span> <span class='ocrx_word' id='word_1_778' title='bbox 3159 5572 3187 5646; x_wconf 85' lang='lat'>§</span> <span class='ocrx_word' id='word_1_779' title='bbox 3228 5574 3282 5630; x_wconf 89' lang='lat'><strong>9.</strong></span> 
     </span>
    </p>
   </div>
   <div class='ocr_carea' id='block_1_115' title="bbox 2216 5654 3400 5732">
    <p class='ocr_par' dir='ltr' id='par_1_115' title="bbox 2216 5654 3400 5732">
     <span class='ocr_line' id='line_1_115' title="bbox 2216 5654 3400 5732; baseline -0.015 -17"><span class='ocrx_word' id='word_1_780' title='bbox 2216 5654 2328 5732; x_wconf 76' lang='lat'><strong>(35)</strong></span> <span class='ocrx_word' id='word_1_781' title='bbox 2357 5658 2582 5732; x_wconf 68' lang='lat' dir='ltr'><strong>Dissert.</strong></span> <span class='ocrx_word' id='word_1_782' title='bbox 2610 5654 2677 5708; x_wconf 89' lang='grc'><strong>18</strong></span> <span class='ocrx_word' id='word_1_783' title='bbox 2705 5666 2830 5706; x_wconf 65' lang='lat' dir='ltr'><strong>suae.</strong></span> <span class='ocrx_word' id='word_1_784' title='bbox 2865 5665 2948 5703; x_wconf 87' lang='lat' dir='ltr'><strong>Ill.</strong></span> <span class='ocrx_word' id='word_1_785' title='bbox 2997 5718 3044 5732; x_wconf 58' lang='grc' dir='ltr'>η</span> <span class='ocrx_word' id='word_1_786' title='bbox 3241 5714 3301 5732; x_wconf 57' lang='grc' dir='ltr'><strong>Μ</strong></span> <span class='ocrx_word' id='word_1_787' title='bbox 3336 5710 3400 5732; x_wconf 45' lang='grc' dir='ltr'>ῃ</span> 
     </span>
    </p>
   </div>
   <div class='ocr_carea' id='block_1_116' title="bbox 2217 5711 3422 5798">
    <p class='ocr_par' dir='ltr' id='par_1_116' title="bbox 2217 5711 3422 5798">
     <span class='ocr_line' id='line_1_116' title="bbox 2217 5711 3422 5798; baseline -0.018 -11"><span class='ocrx_word' id='word_1_788' title='bbox 2217 5711 2327 5798; x_wconf 60' lang='grc' dir='ltr'><strong>ἰέὀ)</strong></span> <span class='ocrx_word' id='word_1_789' title='bbox 2354 5711 2610 5783; x_wconf 79' lang='lat' dir='ltr'><strong>Pandect.</strong></span> <span class='ocrx_word' id='word_1_790' title='bbox 2629 5741 2793 5798; x_wconf 10' lang='lat' dir='ltr'><strong>icau.,</strong></span> <span class='ocrx_word' id='word_1_791' title='bbox 2834 5731 2969 5776; x_wconf 88' lang='lat' dir='ltr'><strong>tom.</strong></span> <span class='ocrx_word' id='word_1_792' title='bbox 2997 5718 3068 5798; x_wconf 35' lang='grc' dir='ltr'><strong>[1.ἲ</strong></span> <span class='ocrx_word' id='word_1_793' title='bbox 3093 5732 3214 5787; x_wconf 78' lang='lat' dir='ltr'><strong>pag-</strong></span> <span class='ocrx_word' id='word_1_794' title='bbox 3240 5711 3422 5766; x_wconf 62' lang='lat'><strong>24-55.</strong></span> 
     </span>
    </p>
   </div>
   <div class='ocr_carea' id='block_1_117' title="bbox 2221 5789 3089 5879">
    <p class='ocr_par' dir='ltr' id='par_1_117' title="bbox 2221 5789 3089 5879">
     <span class='ocr_line' id='line_1_117' title="bbox 2221 5789 3089 5879; baseline -0.02 -19"><span class='ocrx_word' id='word_1_795' title='bbox 2221 5789 2433 5879; x_wconf 9' lang='lat' dir='ltr'><strong>(57lee</strong></span> <span class='ocrx_word' id='word_1_796' title='bbox 2464 5801 2560 5857; x_wconf 82' lang='lat' dir='ltr'><strong>vir.</strong></span> <span class='ocrx_word' id='word_1_797' title='bbox 2595 5797 2818 5858; x_wconf 76' lang='lat' dir='ltr'><strong>illustr.,</strong></span> <span class='ocrx_word' id='word_1_798' title='bbox 2848 5789 3089 5869; x_wconf 37' lang='lat' dir='ltr'><strong>cap.‘65.</strong></span> 
     </span>
    </p>
   </div>
  </div>
