3862 6496
211 341 316 396 οῡθ

1680 341 1980 398 ΝΟἸΊΤΙΑ.

3350 347 3457 402 970

209 460 507 529 Gregorius
539 476 554 514 :
587 475 840 530 eamque,
901 470 1063 530 teste_
1088 461 1312 517 Socrate
1362 463 1475 534 (38)
1500 501 1514 524 ,
1567 472 1790 516 sanctus
1818 467 1860 523 Α
1893 461 2069 516 danda
2103 462 2372 517 videntur.
2396 461 2626 536 Jamque
2659 467 2728 522 ab
2755 466 2983 538 Evagrio
3007 466 3331 525 scholastico
3363 469 3458 525 ad-

209 550 533 622 Pamphilus
563 561 766 623 martyr
826 553 895 607 iis
946 553 1102 609 libris
1143 555 1484 625 adjunxerat.
1515 570 1655 624 quos
1680 569 1778 622 pro

208 647 463 716 Origenis
510 645 827 700 defensione
853 648 1184 717 perscripsit.
1224 647 1316 702 Est
1348 663 1476 702 vero
1504 647 1618 702 hmo
1655 661 1782 700 ora-

209 741 310 802 tio,
338 725 405 794 ἷιι
443 740 575 793 viris
619 740 794 794 doctis
829 741 1201 804 observatum,
1253 743 1449 796 eximia
1505 741 1662 810 plane
1717 757 1783 796 ac

210 830 550 899 perelegans,
577 829 722 882 omni
770 830 1120 884 scientiarum
1171 845 1367 901 genere
1415 831 1552 885 satis
1605 831 1780 885 abun-

208 920 348 974 dans
374 928 536 988 atque
562 919 700 974 inter
721 927 967 973 veterum
1003 936 1166 989 opera
1189 921 1509 990 eloquentiae
1556 922 1779 975 absolu-

210 1013 422 1066 tissima
443 1011 566 1080 jure
619 1011 1051 1066 annumeranda.
1083 1013 1152 1065 At
1201 1013 1266 1066 de
1297 1013 1444 1067 illius
1497 1014 1782 1082 praesentia

213 1106 285 1159 cl.
356 1103 602 1174 Bengelii
677 1102 944 1174 judicium
1001 1119 1110 1173 prae
1165 1104 1376 1159 caeteris
1409 1106 1583 1175 placet
1628 1106 1778 1177 (59):

217 1217 237 1250 ι
269 1195 414 1252 iant
442 1197 714 1260 homines,
751 1197 950 1266 inquit,
981 1199 1272 1267 caeteroqui
1307 1199 1650 1262 excellentes,
1689 1199 1781 1268 qui

209 1307 380 1345 unum
419 1290 712 1360 aliquando
740 1291 978 1344 libellum
1019 1291 1254 1345 naturali
1285 1290 1564 1348 refertum.
1597 1291 1783 1346 divino

209 1397 444 1437 vacuum
476 1384 608 1448 sale,
656 1390 931 1452 tantopere
960 1382 1315 1447 admirentur,
1347 1393 1408 1436 ut
1448 1383 1631 1438 multis
1676 1381 1781 1437 Pa-

209 1484 353 1529 trum
383 1475 756 1531 voluminibus
797 1486 1149 1546 antcponant.
1183 1475 1294 1531 liae
1328 1478 1530 1530 trutina
1584 1479 1626 1531 si
1655 1493 1784 1548 aga—

209 1582 356 1631 mus,
384 1567 481 1620 uni
539 1567 779 1622 vicissim
836 1569 1107 1639 periocha:
1151 1567 1397 1632 Patrum,
1441 1570 1602 1621 etiam
1657 1584 1781 1623 cum

207 1658 356 1712 aliud
390 1667 574 1728 agant,
610 1674 752 1728 saepe
796 1660 918 1729 plus
951 1659 1274 1724 tribuamus,
1327 1674 1490 1728 quam
1550 1659 1782 1728 ingenti-

207 1750 313 1804 bus
339 1751 596 1818 quamvis
630 1751 912 1805 subtilium
963 1751 1306 1821 ingeniorum
1350 1750 1624 1820 eperibus.
1669 1749 1783 1806 Hoc

1880 569 2165 608 monemur
2185 554 2322 624 (42),
2338 556 2540 612 multos
2560 557 2889 627 Apollinaris
2903 559 3071 615 libros
3088 560 3390 615 Athanasio
3405 572 3457 617 et

1880 643 2130 714 Gregorio
2191 645 2581 718 Thaumaturgo
2629 661 2682 704 et
2732 647 2876 704 Julio
2909 651 3282 722 (Acephalos)
3315 653 3457 708 falso

1880 735 2234 805 ascripsisse:
2269 737 2500 802 Πολλοὺς
2533 740 2590 792 δὲ
2604 739 3010 812 Ἀπολλιναρίου
3042 741 3252 809 λόγους,
3303 744 3460 800 Ἀθα-

1882 825 2069 896 νασίῳ,
2106 827 2202 881 καὶ
2231 828 2516 900 Γρηγορίῳ
2541 829 2617 900 τῷ
2643 831 3052 904 Θαυματουργῷ
3077 835 3171 887 καὶ
3233 835 3457 907 Ἰουλίῳ,

1881 916 1968 970 διὰ
1995 917 2102 970 τῶν
2140 921 2456 990 ἐπιγραφῶν
2487 922 2886 976 ἀνατεθείκασι.
2922 923 3098 994 Atque
3143 925 3457 996 hujusmodi

1882 1017 1967 1062 est
1994 1010 2046 1062 in
2071 1010 2262 1078 primis
2310 1010 2585 1080 Expositio
2610 1013 2743 1082 ﬁdei
2771 1015 3054 1083 prolixior,
3092 1019 3352 1087 inscripta
3390 1019 3462 1074 Ἦ

1882 1101 2032 1154 κατὰ
2054 1102 2237 1170 μέρος
2260 1103 2483 1170 πίστις,
2519 1107 2622 1161 hoc
2668 1114 2771 1168 est,
2801 1105 2963 1160 Fides
2987 1111 3347 1177 particulatim
3373 1111 3462 1166 di-

1883 1202 2072 1262 gesta:
2122 1195 2244 1250 ideo
2301 1197 2381 1252 sic
2431 1199 2596 1266 dicta,
2646 1207 2706 1252 ut
2755 1201 3141 1269 interpretatur
3184 1201 3458 1258 Gerardus

1886 1285 2113 1342 Vossius
2139 1287 2272 1359 (45),
2307 1289 2391 1344 vel
2420 1290 2566 1360 quod
2599 1307 2662 1344 ea:
2695 1301 2846 1361 parte
2876 1308 2997 1363 quae
3017 1304 3146 1348 sunt
3176 1295 3322 1362 ﬁdei,
3349 1305 3460 1350 trav

1883 1380 1975 1432 dat
2000 1389 2162 1449 atque
2187 1391 2450 1449 exponat;
2500 1384 2584 1436 vel
2639 1384 2783 1453 quod
2813 1401 2903 1454 per
2931 1398 3102 1453 partes
3136 1387 3188 1440 in
3229 1403 3291 1442 ea
3327 1389 3461 1443 ﬁdes

1884 1470 2198 1538 explicetur.
2228 1470 2377 1526 [lane
2401 1481 2581 1527 autem
2615 1472 3008 1540 Expositione":
3041 1479 3338 1547 genuinum
3363 1496 3460 1550 pa-

1887 1573 2094 1618 rentem
2148 1581 2447 1634 agnoscere
2506 1565 2926 1637 Apollinarium.
2979 1571 3156 1639 palam
3205 1587 3461 1643 compro-

1887 1655 2088 1710 harunt
2112 1657 2213 1711 sub
2246 1657 2424 1713 Leone
2471 1657 2492 1710 l
2524 1658 2851 1728 imperatore
2896 1659 3172 1716 Palaestini
3203 1665 3460 1719 monachi

1887 1756 1939 1800 et
1973 1748 2062 1800 alii
2120 1748 2580 1804 Chalcedonensis
2627 1751 2846 1806 concilii
2887 1764 3341 1823 propugnatores,
3373 1757 3460 1810 iu-

207 1815 513 1896 certe-loco
546 1841 840 1912 Gregorius
871 1815 1140 1912 exquisite
1188 1815 1586 1910 complectitur,
1619 1839 1781 1908 quid-
1813 1815 1857 1870 Β
1887 1839 2004 1908 quit
2029 1839 2098 1894 ci.
2134 1839 2463 1910 Lequienius
2494 1842 2628 1912 (44),
2689 1815 2902 1912 prolato
2929 1815 3188 1900 nimirum
3233 1815 3460 1916 operum

206 1936 341 2004 quid
373 1936 441 1989 de
461 1936 752 1991 virtutibus
787 1945 839 1990 et
865 1935 1008 1990 vitiis
1059 1933 1163 1988 dici
1202 1941 1398 2004 potest.
1443 1952 1461 1983 ι
1508 1931 1781 1997 Quantum

205 2041 374 2095 porro
400 2025 575 2095 prosit
619 2034 874 2094 preterea
932 2025 1050 2080 hate
1095 2024 1211 2093 ipsa
1263 2023 1443 2078 oratio
1475 2024 1540 2077 ad
1569 2037 1783 2079 summa

210 2118 338 2172 ﬁdei
370 2119 549 2187 capita
575 2117 970 2180 conﬁrmanda,
1008 2117 1196 2171 Bullus
1239 2115 1475 2186 primum
1508 2114 1640 2186 (40),
1690 2115 1783 2169 de-

209 2210 337 2265 inde
361 2209 620 2263 Maranus
647 2209 756 2280 (41)
785 2208 1026 2263 lucenter
1051 2208 1510 2263 demonstrarunt.

279 2302 361 2356 Ad
392 2303 556 2372 hujus
593 2311 772 2356 autem
800 2300 1064 2355 orationis
1097 2299 1364 2354 editiones
1395 2298 1537 2369 quod
1566 2298 1780 2362 attinet,

203 2401 525 2447 contextum
580 2389 870 2453 Graecum,
935 2389 1114 2442 addita
1172 2388 1612 2457 interpretatione
1669 2383 1784 2440 Sir-

206 2482 422 2544 mondi,
474 2481 684 2552 primus
740 2479 1010 2549 evulgavit
1061 2478 1333 2532 Gerardus
1366 2476 1590 2532 Vossius
1634 2475 1783 2530 Tun-

207 2574 426 2644 grensis
488 2579 834 2642 praeposntus,
892 2569 1182 2641 Mogunlize
1227 2585 1370 2624 anno
1414 2568 1572 2636 1604,
1618 2579 1782 2639 atque

203 2662 373 2718 istam
419 2664 710 2718 editionem
745 2663 1012 2733 expressit
1070 2661 1391 2718 Parisiensis
1437 2677 1566 2715 ann.
1623 2659 1780 2714 16‘21.

205 2755 415 2812 Verum
447 2757 588 2811 hanc
641 2757 810 2811 altera
863 2765 1234 2826 praecesserat,
1266 2770 1386 2825 qua:
1417 2755 1596 2808 studio
1622 2753 1784 2808 Davi-

203 2852 298 2904 dis
336 2849 633 2904 llmschelii
692 2865 813 2904 cum
876 2850 1126 2903 versione
1185 2846 1528 2902 Rhodomani
1583 2847 1784 2915 prodiit

205 2945 472 3013 Augusta:
504 2940 910 2997 Vindelicorum
943 2956 1088 2995 anno
1132 2939 1292 3004 £605,
1325 2937 1573 3008 Origenis
1599 2947 1783 2991 contra

197 3038 423 3093 Celsum
449 3039 604 3093 libris
631 3039 942 3108 sulijuncta,
970 3053 1094 3091 eum
1119 3036 1397 3091 nonnullis
1421 3035 1667 3098 editor-is,
1700 3033 1785 3087 in-

199 3132 464 3200 terpretis
513 3141 677 3201 atque
717 3129 885 3186 lsaaci
944 3129 1253 3185 Casauboni
1309 3127 1472 3182 notis.
1545 3125 1780 3196 llujusce

197 3234 392 3278 autem
427 3224 608 3278 saeculi
659 3239 800 3278 anno
845 3221 983 3275 1⁸722
1033 3221 1355 3290 Stutgardiae
1387 3228 1634 3288 quartam
1663 3219 1778 3271 edi-
1809 3203 1849 3222 υ

196 3317 414 3370 tionem
454 3317 634 3370 emisit
678 3314 916 3370 Joannes
953 3315 1204 3368 Albertus
1232 3313 1538 3383 Bengelius,
1571 3313 1780 3366 creteris

199 3410 387 3464 multo
423 3410 872 3472 emendatiorem,
902 3422 1064 3476 quam
1097 3414 1153 3460 et
1191 3405 1416 3460 eruditis
1445 3405 1780 3459 observatio—

195 3503 372 3556 nibus
410 3509 616 3556 te'xtum
646 3500 992 3568 potissimum
1051 3497 1420 3566 spectantibus
1469 3495 1777 3550 illustravit.

191 3595 387 3662 Atque
442 3593 582 3646 hanc
632 3590 1096 3660 Stutgardiensem
1152 3589 1441 3644 editionem
1487 3587 1778 3641 dolendum

194 3701 345 3741 sane
395 3683 722 3754 praeteriisse
767 3682 942 3737 virum
975 3682 1219 3749 doctum,
1246 3681 1338 3750 qui
1371 3680 1613 3734 eamdem
1641 3677 1777 3733 Gre-

191 3775 345 3844 gorii
380 3775 552 3829 nostri
606 3773 906 3828 orationem
951 3780 1148 3840 quarto
1200 3770 1462 3824 volumini
1497 3767 1780 3838 Origenia-

191 3882 406 3922 norum
444 3866 672 3920 intexuit
715 3866 990 3934 ediditque
1040 3863 1266 3918 Parisiis
1304 3879 1446 3918 anno
1489 3862 1647 3916 1759.
1682 3860 1778 3916 llis

188 3961 395 4028 itaque
417 3957 677 4013 subsidiis
724 3956 974 4011 instructi
1005 3964 1250 4010 nostram
1280 3954 1615 4025 paravimus,
1641 3952 1778 4006 Ben—

177 4052 410 4122 .geliom
451 4052 765 4121 plerumque
795 4050 1081 4114 assectati;
1114 4063 1344 4118 eamque
1373 4062 1466 4115 pro
1501 4061 1648 4100 more
1682 4059 1779 4099 no-

187 4136 325 4197 stro
397 4141 451 4194 in
493 4141 667 4210 capita
733 4156 829 4195 seu
879 4142 1150 4195 sectioncs
1197 4139 1578 4193 distribuimus
1608 4177 1624 4200 ,
1667 4152 1778 4207 quo

187 4233 472 4288 nimirum
522 4233 643 4302 ejus
695 4234 854 4288 lectio
916 4232 1130 4287 facilior
1178 4231 1468 4296 utiliorque
1523 4230 1776 4298 deinceps

183 4325 424 4377 evadaL

182 4415 288 4470 Vl.
347 4416 473 4470 Haec
521 4425 724 4469 tantum
765 4432 926 4484 supra
963 4423 1256 4467 memorata
1289 4412 1527 4480 Gregorii
1559 4411 1776 4484 ῥἐοτω-

262 4487 532 4542 sariensis
574 4487 778 4539 sincera
831 4482 1130 4539 litterarum
1163 4493 1518 4536 monumenta.
1553 4482 1772 4549 Reliqua

263 4557 356 4611 vel
386 4557 551 4609 dubia
586 4557 661 4608 vel
685 4556 1151 4624 pseudepigrap/m.
1195 4553 1619 4624 Expositioitidei
1649 4567 1774 4622 pro-

264 4629 444 4682 lixior
485 4623 809 4696 Apollinarii
854 4623 967 4680 esse
1012 4626 1422 4678 demonstratur.
1469 4623 1618 4676 Idem
1657 4638 1777 4675 sen-

264 4697 518 4752 tiendum
553 4699 619 4750 de
643 4696 1144 4750 Anathematismis.

259 4789 407 4844 Haec
458 4805 625 4858 porro
683 4789 986 4843 litterarum
1050 4796 1400 4840 monumenta
1456 4784 1522 4840 de
1578 4784 1778 4854 quibus

171 4883 476 4938 hactenus
501 4880 918 4946 edisseruimus,
947 4894 1011 4934 ea
1037 4888 1165 4934 sunt
1203 4878 1492 4942 duntaxat,
1515 4891 1638 4945 qua:
1663 4885 1778 4930 tum

167 4985 453 5030 veterum
486 4974 831 5034 auctoritate.
882 4981 995 5026 tum
1029 4970 1392 5026 recentiorum
1441 4967 1778 5023 eruditorum

169 5079 481 5122 consensu
509 5071 760 5118 sanctum
785 5061 1106 5133 Gregorium
1154 5059 1645 5115 Neocaesariensem
1665 5057 1780 5126 epi—

169 5169 438 5222 scapum
473 5161 752 5208 auctorem
779 5163 1104 5223 agnoscunt.
1138 5149 1364 5221 Reliqua
1396 5166 1526 5205 vero
1570 5165 1692 5219 qua:
1725 5150 1777 5203 in

167 5246 372 5300 editis
402 5244 506 5298 sub
530 5244 652 5313 ejus
685 5244 907 5300 nomine
931 5242 1417 5308 circumferuntur,
1446 5242 1555 5296 alio
1584 5255 1778 5295 aman-

257 5374 392 5444 (58)
422 5373 565 5444 Hist.
595 5375 722 5429 eccl.
750 5376 846 5430 lib.
874 5392 948 5443 Iv,
978 5391 1099 5444 cap.
1127 5375 1220 5430 27.

256 5447 392 5510 ‘59)
431 5443 488 5496 In
526 5455 640 5499 not.
673 5449 738 5500 ad
766 5457 904 5500 orat.
948 5448 1001 5500 in
1030 5443 1249 5515 Origen.
1287 5460 1407 5513 cap.
1426 5443 1534 5515 η.

235 5516 390 5603 μθ)
428 5515 640 5603 litarem.
666 5518 760 5586 ῥά.
789 5516 939 5583 Nic.,
980 5527 1112 5572 sect.
1132 5513 1204 5582 it,
1232 5531 1351 5586 cap.
1386 5513 1470 5579 12,
1499 5515 1526 5584 §
1572 5515 1621 5576 ι,
1654 5528 1776 5582 pag.

165 5591 318 5645 {55.
363 5602 518 5654 seqq.

252 5657 389 5729 (41)
416 5655 594 5711 Dicin.
645 5657 713 5711 Β.
747 5656 820 5712 Ν.
848 5656 904 5712 J.
947 5659 1034 5724 C.,
1072 5658 1167 5713 lib.
1197 5673 1271 5724 Iv,
1297 5671 1419 5726 cap.
1449 5653 1541 5719 20,
1596 5668 1648 5722 p.
1679 5651 1772 5707 521

162 5745 392 5870 66122.5)
429 5795 572 5852 Hist.
609 5797 736 5851 eccl.
763 5799 855 5853 lib.
885 5815 970 5866 ιιι,
1003 5815 1124 5871 cap.
1151 5798 1244 5855 21.

527 5893 796 5953 Pnaot.
846 5893 962 5956 Gn.
997 5890 1079 5954 Χ.

1884 1930 2048 2001 hujus
2082 1931 2461 1988 hmresiarchte
2505 1935 2681 1989 indice
2705 1976 2720 1997 ,
2773 1951 2934 2005 quem
2983 1936 3302 1994 Timotheus
3337 1941 3460 2010 ejus

1883 2022 2185 2092 discipulus
2217 2025 2346 2079 olim
2401 2035 2771 2081 contexuerat.
2823 2027 2978 2092 Quod
3024 2029 3242 2098 quidem
3273 2043 3460 2101 postea

1884 2113 2086 2169 diserte
2111 2122 2340 2170 testatus
2371 2123 2455 2171 est
2477 2115 2736 2171 Leontius
2759 2115 3054 2188 Byzantius
3102 2121 3156 2174 in
3202 2121 3342 2177 libro
3364 2123 3461 2177 ad-

1883 2219 2075 2260 versus
2127 2205 2562 2274 Apollinaristas,
2601 2208 2689 2262 cui
2739 2209 2928 2264 titulus
2955 2209 3146 2266 Latine
3192 2213 3458 2278 redditus,

1885 2293 1955 2350 In
1987 2313 2072 2351 eos
2094 2298 2184 2369 qui
2209 2299 2483 2367 proferunt
2511 2299 2658 2354 nobis
2681 2303 2923 2371 quadam
2945 2302 3288 2372 Apollinarii,
3317 2304 3460 2374 false

1883 2389 2138 2458 inscripta
2181 2391 2389 2444 nomine
2418 2400 2721 2444 sanctorum
2775 2391 3022 2446 Patrum.
3056 2390 3147 2448 Sic
3171 2392 3337 2464 igitur
3369 2394 3461 2448 illo

1887 2482 2073 2536 statim
2107 2482 2176 2536 ab
2204 2483 2359 2538 initio
2382 2483 2534 2554 (45):
2572 2502 2590 2534 ε
2628 2482 2857 2550 Quidam
2909 2500 2973 2539 ex
3007 2485 3201 2540 haeresi
3252 2486 3460 2556 Apolli-

1884 2573 2025 2629 narii
2076 2575 2159 2630 vel
2204 2575 2458 2645 Eutychis
2496 2575 2580 2630 vel
2619 2576 2882 2643 Diescori,
2929 2593 3052 2632 cum
3098 2579 3297 2633 vellent
3346 2579 3460 2634 hc-

1884 2668 2050 2722 resim
2103 2681 2257 2723 suam
2300 2667 2657 2733 conﬁrmare,
2706 2671 2971 2739 quasdam
3025 2672 3300 2727 orationes
3346 2671 3459 2740 (λό-

1884 2756 2046 2829 γους)
2077 2757 2419 2828 Apollinarii,
2451 2758 2702 2830 Gregorio
2741 2759 3138 2832 Thaumaturgo
3172 2775 3265 2817 aut
3297 2764 3462 2817 Atha-

1885 2851 2033 2902 nasia
2063 2858 2158 2904 aut
2183 2849 2331 2904 Iulio
2358 2851 2774 2921 inscripserunt,
2811 2863 2869 2907 ut
2901 2850 3262 2923 simpliciores
3301 2855 3455 2909 falle—

1889 2949 2040 2994 rent:
2071 2941 2215 3011 quod
2245 2940 2466 3011 quidem
2492 2943 2854 3011 perfecerunt.
2881 2985 2894 2997 .
2916 2986 2960 2999 ..
2993 2943 3058 2999 Et
3086 2945 3228 3014 apud
3259 2946 3463 3001 multos

1886 3051 1952 3090 ex
1987 3046 2133 3091 recte
2182 3036 2526 3092 credentibus
2568 3038 2806 3106 reperire
2844 3038 3050 3106 poteris
3093 3039 3314 3102 librum,
3367 3040 3457 3093 cui

1885 3131 2095 3194 titulus,
2113 3130 2183 3185 Ἦ
2201 3129 2350 3184 κατὰ
2361 3129 2540 3199 μέρος
2561 3131 2783 3197 πίστις,
2802 3131 3120 3201 inscriptum
3149 3130 3418 3200 Gregorio.
3433 3151 3454 3184 ι

1885 3223 2139 3292 idemque
2166 3222 2434 3292 judicium
2458 3222 2582 3276 tulit
2607 3220 2869 3292 Eulogius
2890 3223 3291 3278 Alexandrinus
3315 3224 3458 3293 apud

1884 3315 2138 3369 Plzotium
2175 3314 2309 3386 (46).
2346 3313 2412 3368 Et
2438 3317 2784 3384 postmodum
2813 3316 3012 3371 similia
3051 3317 3269 3384 scripsit
3291 3318 3455 3371 etiam

1883 3407 2221 3479 Nicephorus
2251 3407 2364 3462 GP.
2390 3407 2546 3462 initio
2575 3407 2974 3464 dissertationis
3004 3415 3194 3462 contra
3222 3406 3460 3479 Epipha-

1885 3500 2090 3553 nidem.

1959 3609 1978 3641 ‹
2015 3589 2270 3657 Quinimo
2308 3588 2524 3655 (verbis
2550 3597 2675 3642 utor
2706 3587 2810 3642 viri
2842 3587 2987 3644 docti
3015 3587 3126 3659 (47)
3153 3588 3314 3644 modo
3333 3589 3460 3642 lau-

1885 3681 2026 3752 dati)
2059 3680 2302 3750 ejusdem
2328 3679 2486 3749 plane
2519 3677 2746 3733 furfuris
2767 3688 2894 3733 sunt
2916 3679 2990 3733 illi
3009 3678 3284 3733 duodecim
3315 3680 3462 3734 Ana-

1885 3774 2207 3827 themetismi
2257 3788 2372 3826 cum
2409 3788 2590 3826 eorum
2642 3772 3094 3842 interpretatione,
3133 3789 3256 3843 qua:
3283 3772 3462 3828 Thau-

1883 3867 2117 3936 maturgi
2145 3881 2340 3920 nomen
2371 3865 2594 3935 perinde
2622 3865 2903 3934 praeﬁxum
2935 3865 3153 3919 habent.
3173 3865 3286 3920 Etsi
3313 3867 3458 3920 enim

1883 3973 1991 4011 una
2016 3970 2209 4012 natura
2243 3957 2296 4011 in
2329 3957 2409 4011 eis
2441 3957 2642 4012 diserte
2670 3973 2780 4011 non
2817 3959 3169 4026 exprimitur.
3205 3960 3458 4013 latentem

1885 4057 2063 4103 tamen
2095 4047 2280 4101 dolum
2335 4048 2578 4103 indicant
2611 4050 2887 4102 consueta:
2917 4049 3318 4116 Apollinaristis
3375 4049 3458 4102 lo-

1883 4141 2151 4202 cutiones,
2185 4139 2385 4208 quibus
2420 4139 2560 4193 male
2612 4154 2777 4194 sanas
2820 4139 3040 4194 Diodori
3078 4139 3366 4195 Tarsensis
3392 4139 3460 4194 de

1879 4231 2083 4286 Christi
2115 4244 2345 4300 persona
2377 4238 2431 4284 et
2461 4239 2653 4284 natura
2673 4245 2834 4286 voces
2855 4233 3262 4301 expugnabant,
3293 4245 3460 4296 seque

1882 4324 2017 4377 adeo
2054 4323 2332 4378 catholicae
2381 4322 2503 4377 fidei
2551 4321 2890 4392 professores
2918 4323 3303 4378 obtendebant.
3349 4321 3456 4377 Sed

1882 4426 1936 4470 et
1968 4417 2021 4470 in
2077 4417 2270 4486 primis
2299 4432 2363 4472 ex
2395 4415 2588 4472 iisdem
2621 4417 2873 4487 capitulis
2921 4417 3277 4480 addiscimus,
3318 4430 3456 4484 quo-

1804 4519 1849 4578 ι)
1881 4525 2004 4563 nam
2027 4519 2185 4580 pacto
2208 4509 2505 4580 Scriptura:
2527 4527 2695 4566 sacra:
2729 4511 2844 4566 loca
2875 4509 3048 4574 varia,
3078 4509 3276 4579 quibus
3301 4508 3463 4562 Chri-

1884 4613 2024 4668 stus,
2060 4603 2444 4670 utdivinitate,
2475 4603 2548 4658 ita
2602 4613 2657 4659 et
2684 4603 3020 4658 humanitate
3077 4599 3352 4670 perfectus
3380 4601 3457 4655 si-

1883 4695 2193 4764 gnificatur,
2224 4695 2290 4749 ad
2317 4712 2475 4751 suum
2501 4711 2723 4750 sensum
2755 4700 3090 4765 torquerent.
3126 4691 3235 4747 Nec
3270 4690 3456 4746 fucum

1882 4783 2068 4852 faciat,
2097 4787 2190 4840 tibi
2222 4787 2460 4841 animam
2494 4785 2709 4841 Domini
2743 4786 2989 4855 ἀνόητον,
3034 4785 3225 4838 mentis
3267 4799 3454 4851 exper-

1886 4887 2008 4949 tem,
2030 4893 2152 4934 esse
2179 4879 2393 4934 videtur
2419 4878 2670 4934 inﬁeiziri.
2700 4877 2821 4933 Non
2871 4878 3015 4932 enim
3047 4877 3286 4932 humana
3315 4875 3457 4930 nati-

1885 4985 2061 5038 vaque
2085 4969 2326 5024 hominis
2358 4976 2538 5024 mente
2581 4968 2860 5038 praeditam
2919 4966 3184 5036 intelligit.
3234 4966 3326 5021 sed
3371 4965 3456 5020 di-

1882 5059 2012 5112 vino
2045 5057 2232 5125 Verbi,
2276 5067 2338 5114 ut
2363 5060 2460 5126 ait,
2483 5059 2694 5128 spiritu,
2722 5074 2830 5128 quo
2861 5057 3062 5112 factum
3090 5057 3179 5119 sit,
3208 5067 3268 5111 ut
3287 5057 3452 5128 ἀνόη-

1883 5169 1992 5217 τος,
2011 5153 2199 5206 mentis
2228 5167 2432 5220 expers,
2452 5153 2699 5207 absolute
2711 5151 2819 5207 dici
2837 5166 2946 5206 non
2968 5150 3232 5205 debuerit.
3252 5149 3425 5216 Quam
3439 5177 3456 5186 -

1884 5244 2071 5299 obrem
2101 5242 2372 5313 ejusmodi
2396 5241 2646 5298 formulae
2685 5243 2807 5298 fidei
2835 5249 2889 5296 et
2916 5241 3354 5296 anathematismi
3386 5239 3454 5293 ad

1954 5375 2069 5446 (45)
2093 5373 2160 5446 In
2184 5375 2410 5446 Argum.
2430 5371 2607 5446 _hujus
2632 5371 2832 5446 Expos.

1956 5442 2071 5508 (44)
2101 5442 2393 5514 βίεεειῖιεε
2429 5442 2748 5514 Damasc._§
2773 5444 2830 5514 ζ,
2860 5457 2989 5514 βεδε
3006 5456 3076 5514 _n.

1957 5515 2068 5586 (45)
2099 5512 2292 5570 LeOnt.
2320 5511 2473 5586 Byz.,
2498 5523 2628 5568 tom.
2659 5509 2744 5567 lX'
2773 5509 2912 5566 Bibl.
2936 5509 3063 5564 ῬΡ.
3097 5509 3292 5580 Lugd.,
3327 5520 3450 5579 pag.

1884 5585 2068 5726 milia)
2096 5654 2404 5726 Bibl..cod.
2433 5670 2627 5726 ccxxx.
2666 5723 2685 5726 Α
2961 5720 2982 5726 Α
3024 5723 3041 5726 ᾼ
3343 5717 3353 5726 _

1957 5720 2068 5798 (t7)
2088 5725 2350 5797 Lequien.
2369 5726 2588 5781 dissert.
2608 5725 2642 5778 2
2661 5723 2934 5787 Damasc.,
2959 5720 2987 5793 §
3015 5723 3071 5789 9,
3100 5737 3223 5791 pag.
3243 5720 3451 5777 xxivth

3053 5883 3124 5943 31
