  <div class='ocr_page' id='page_1' title='image "/cluster/home/n/w/nwhite01/storage/ocr_20150623/10/hvd.32044019207620/493.png"; bbox 0 0 3862 6518; ppageno 0'>
   <div class='ocr_carea' id='block_1_1' title="bbox 417 343 514 400">
    <p class='ocr_par' dir='ltr' id='par_1_1' title="bbox 417 343 514 400">
     <span class='ocr_line' id='line_1_1' title="bbox 417 343 514 400; baseline -0.01 0"><span class='ocrx_word' id='word_1_1' title='bbox 417 343 514 400; x_wconf 78' lang='grc'>071</span> 
     </span>
    </p>
   </div>
   <div class='ocr_carea' id='block_1_2' title="bbox 1407 346 2534 412">
    <p class='ocr_par' dir='ltr' id='par_1_2' title="bbox 1407 346 2534 412">
     <span class='ocr_line' id='line_1_2' title="bbox 1407 346 2534 412; baseline 0.005 -10"><span class='ocrx_word' id='word_1_2' title='bbox 1407 346 1465 404; x_wconf 82' lang='grc'><strong>8.</strong></span> <span class='ocrx_word' id='word_1_3' title='bbox 1503 348 1898 408; x_wconf 78' lang='lat' dir='ltr'><strong>GREGORIUS</strong></span> <span class='ocrx_word' id='word_1_4' title='bbox 1935 351 2534 412; x_wconf 76' lang='lat' dir='ltr'><strong>THAUMATURGUS.</strong></span> 
     </span>
    </p>
   </div>
   <div class='ocr_carea' id='block_1_3' title="bbox 3572 357 3657 412">
    <p class='ocr_par' dir='ltr' id='par_1_3' title="bbox 3572 357 3657 412">
     <span class='ocr_line' id='line_1_3' title="bbox 3572 357 3657 412; baseline 0.012 -1"><span class='ocrx_word' id='word_1_5' title='bbox 3572 357 3657 412; x_wconf 75' lang='lat'><strong>972</strong></span> 
     </span>
    </p>
   </div>
   <div class='ocr_carea' id='block_1_4' title="bbox 417 464 3655 547">
    <p class='ocr_par' dir='ltr' id='par_1_4' title="bbox 417 464 3655 547">
     <span class='ocr_line' id='line_1_4' title="bbox 417 464 3655 547; baseline 0.003 -26"><span class='ocrx_word' id='word_1_6' title='bbox 417 464 574 522; x_wconf 76' lang='lat' dir='ltr'><strong>iilum</strong></span> <span class='ocrx_word' id='word_1_7' title='bbox 605 466 840 538; x_wconf 89' lang='lat' dir='ltr'><strong>lapidem</strong></span> <span class='ocrx_word' id='word_1_8' title='bbox 891 467 1095 540; x_wconf 85' lang='lat' dir='ltr'><strong>lydium</strong></span> <span class='ocrx_word' id='word_1_9' title='bbox 1151 471 1459 528; x_wconf 89' lang='lat' dir='ltr'><strong>revocanda</strong></span> <span class='ocrx_word' id='word_1_10' title='bbox 1520 483 1672 536; x_wconf 86' lang='lat' dir='ltr'><strong>sunt,</strong></span> <span class='ocrx_word' id='word_1_11' title='bbox 1711 491 1874 545; x_wconf 84' lang='lat' dir='ltr'><strong>quem</strong></span> <span class='ocrx_word' id='word_1_12' title='bbox 1929 492 1996 531; x_wconf 73' lang='lat' dir='ltr'><strong>ex</strong></span> <span class='ocrx_word' id='word_1_13' title='bbox 2023 481 2070 537; x_wconf 84' lang='lat' dir='ltr'><strong>A</strong></span> <span class='ocrx_word' id='word_1_14' title='bbox 2098 475 2260 532; x_wconf 88' lang='lat' dir='ltr'><strong>dedat</strong></span> <span class='ocrx_word' id='word_1_15' title='bbox 2313 477 2484 533; x_wconf 87' lang='lat' dir='ltr'><strong>sacris</strong></span> <span class='ocrx_word' id='word_1_16' title='bbox 2534 475 2730 532; x_wconf 88' lang='lat' dir='ltr'><strong>litteris</strong></span> <span class='ocrx_word' id='word_1_17' title='bbox 2787 475 3119 532; x_wconf 82' lang='lat' dir='ltr'><strong>excolendis.</strong></span> <span class='ocrx_word' id='word_1_18' title='bbox 3162 475 3374 547; x_wconf 86' lang='lat' dir='ltr'><strong>Scripta</strong></span> <span class='ocrx_word' id='word_1_19' title='bbox 3409 483 3496 532; x_wconf 85' lang='lat' dir='ltr'><strong>est</strong></span> <span class='ocrx_word' id='word_1_20' title='bbox 3532 475 3655 531; x_wconf 89' lang='lat' dir='ltr'><strong>circa</strong></span> 
     </span>
    </p>
   </div>
   <div class='ocr_carea' id='block_1_5' title="bbox 417 556 2001 635">
    <p class='ocr_par' dir='ltr' id='par_1_5' title="bbox 417 556 2001 635">
     <span class='ocr_line' id='line_1_5' title="bbox 417 556 2001 635; baseline 0.006 -23"><span class='ocrx_word' id='word_1_21' title='bbox 417 557 684 631; x_wconf 92' lang='lat' dir='ltr'><strong>Gregorio</strong></span> <span class='ocrx_word' id='word_1_22' title='bbox 707 556 1053 615; x_wconf 86' lang='lat' dir='ltr'><strong>Nazianzeno</strong></span> <span class='ocrx_word' id='word_1_23' title='bbox 1085 560 1197 630; x_wconf 70' lang='grc'>(48)</span> <span class='ocrx_word' id='word_1_24' title='bbox 1251 572 1470 633; x_wconf 80' lang='lat' dir='ltr'><strong>prapter</strong></span> <span class='ocrx_word' id='word_1_25' title='bbox 1501 562 1694 619; x_wconf 84' lang='lat' dir='ltr'><strong>Vitalis</strong></span> <span class='ocrx_word' id='word_1_26' title='bbox 1723 565 2001 635; x_wconf 83' lang='lat' dir='ltr'><strong>Apollina-</strong></span> 
     </span>
    </p>
   </div>
   <div class='ocr_carea' id='block_1_6' title="bbox 420 651 2002 728">
    <p class='ocr_par' dir='ltr' id='par_1_6' title="bbox 420 651 2002 728">
     <span class='ocr_line' id='line_1_6' title="bbox 420 651 2002 728; baseline 0.006 -23"><span class='ocrx_word' id='word_1_27' title='bbox 420 651 567 706; x_wconf 69' lang='lat' dir='ltr'><strong>ristae</strong></span> <span class='ocrx_word' id='word_1_28' title='bbox 627 651 862 707; x_wconf 84' lang='lat' dir='ltr'><strong>similem</strong></span> <span class='ocrx_word' id='word_1_29' title='bbox 913 653 1316 709; x_wconf 80' lang='lat' dir='ltr'><strong>confessionem</strong></span> <span class='ocrx_word' id='word_1_30' title='bbox 1376 657 1541 726; x_wconf 90' lang='lat' dir='ltr'><strong>paulo</strong></span> <span class='ocrx_word' id='word_1_31' title='bbox 1598 668 1724 713; x_wconf 92' lang='lat' dir='ltr'><strong>ante</strong></span> <span class='ocrx_word' id='word_1_32' title='bbox 1769 661 2002 728; x_wconf 86' lang='lat' dir='ltr'><strong>protuli-</strong></span> 
     </span>
    </p>
   </div>
   <div class='ocr_carea' id='block_1_7' title="bbox 416 744 1999 822">
    <p class='ocr_par' dir='ltr' id='par_1_7' title="bbox 416 744 1999 822">
     <span class='ocr_line' id='line_1_7' title="bbox 416 744 1999 822; baseline 0.009 -26"><span class='ocrx_word' id='word_1_33' title='bbox 416 759 564 799; x_wconf 88' lang='lat' dir='ltr'><strong>mus.</strong></span> <span class='ocrx_word' id='word_1_34' title='bbox 600 745 920 800; x_wconf 67' lang='lat' dir='ltr'><strong>illactenus</strong></span> <span class='ocrx_word' id='word_1_35' title='bbox 951 744 1016 799; x_wconf 83' lang='lat' dir='ltr'><strong>V.</strong></span> <span class='ocrx_word' id='word_1_36' title='bbox 1067 746 1130 800; x_wconf 78' lang='grc' dir='ltr'>Ο.</span> <span class='ocrx_word' id='word_1_37' title='bbox 1188 763 1349 817; x_wconf 87' lang='lat' dir='ltr'><strong>quem</strong></span> <span class='ocrx_word' id='word_1_38' title='bbox 1404 750 1632 805; x_wconf 88' lang='lat' dir='ltr'><strong>consule</strong></span> <span class='ocrx_word' id='word_1_39' title='bbox 1667 767 1883 822; x_wconf 85' lang='lat' dir='ltr'><strong>quoque</strong></span> <span class='ocrx_word' id='word_1_40' title='bbox 1930 755 1999 810; x_wconf 90' lang='lat' dir='ltr'><strong>ad</strong></span> 
     </span>
    </p>
   </div>
   <div class='ocr_carea' id='block_1_8' title="bbox 417 834 1997 908">
    <p class='ocr_par' dir='ltr' id='par_1_8' title="bbox 417 834 1997 908">
     <span class='ocr_line' id='line_1_8' title="bbox 417 834 1997 908; baseline 0.007 -19"><span class='ocrx_word' id='word_1_41' title='bbox 417 834 694 890; x_wconf 81' lang='lat' dir='ltr'><strong>Parallela</strong></span> <span class='ocrx_word' id='word_1_42' title='bbox 735 835 1118 892; x_wconf 90' lang='lat' dir='ltr'><strong>Damascenica</strong></span> <span class='ocrx_word' id='word_1_43' title='bbox 1175 837 1410 908; x_wconf 76' lang='lat' dir='ltr'><strong>(49),ubi</strong></span> <span class='ocrx_word' id='word_1_44' title='bbox 1444 857 1509 896; x_wconf 79' lang='lat' dir='ltr'><strong>ex</strong></span> <span class='ocrx_word' id='word_1_45' title='bbox 1543 843 1997 901; x_wconf 78' lang='lat' dir='ltr'><strong>analhematismo</strong></span> 
     </span>
    </p>
   </div>
   <div class='ocr_carea' id='block_1_9' title="bbox 364 929 1998 1004">
    <p class='ocr_par' dir='ltr' id='par_1_9' title="bbox 364 929 1998 1004">
     <span class='ocr_line' id='line_1_9' title="bbox 364 929 1998 1004; baseline 0.007 -23"><span class='ocrx_word' id='word_1_46' title='bbox 364 951 374 988; x_wconf 62' lang='grc' dir='ltr'><em>ί</em></span> <span class='ocrx_word' id='word_1_47' title='bbox 416 929 485 982; x_wconf 71' lang='grc'>12</span> <span class='ocrx_word' id='word_1_48' title='bbox 511 929 614 984; x_wconf 89' lang='lat' dir='ltr'><strong>sub</strong></span> <span class='ocrx_word' id='word_1_49' title='bbox 639 932 861 986; x_wconf 88' lang='lat' dir='ltr'><strong>nomine</strong></span> <span class='ocrx_word' id='word_1_50' title='bbox 917 930 1312 1003; x_wconf 86' lang='lat' dir='ltr'><strong>Thaumaturgi</strong></span> <span class='ocrx_word' id='word_1_51' title='bbox 1361 933 1584 1004; x_wconf 90' lang='lat' dir='ltr'><strong>longum</strong></span> <span class='ocrx_word' id='word_1_52' title='bbox 1611 935 1874 992; x_wconf 85' lang='lat' dir='ltr'><strong>referetur</strong></span> <span class='ocrx_word' id='word_1_53' title='bbox 1903 954 1998 994; x_wconf 78' lang='lat' dir='ltr'><strong>ex-</strong></span> 
     </span>
    </p>
   </div>
   <div class='ocr_carea' id='block_1_10' title="bbox 413 1030 681 1090">
    <p class='ocr_par' dir='ltr' id='par_1_10' title="bbox 413 1030 681 1090">
     <span class='ocr_line' id='line_1_10' title="bbox 413 1030 681 1090; baseline 0.004 -16"><span class='ocrx_word' id='word_1_54' title='bbox 413 1030 681 1090; x_wconf 80' lang='lat' dir='ltr'><strong>cerptum.</strong></span> 
     </span>
    </p>
   </div>
   <div class='ocr_carea' id='block_1_11' title="bbox 417 1111 1994 1176">
    <p class='ocr_par' dir='ltr' id='par_1_11' title="bbox 417 1111 1994 1176">
     <span class='ocr_line' id='line_1_11' title="bbox 417 1111 1994 1176; baseline 0.007 -11"><span class='ocrx_word' id='word_1_55' title='bbox 417 1111 529 1167; x_wconf 79' lang='lat' dir='ltr'><strong>Vll.</strong></span> <span class='ocrx_word' id='word_1_56' title='bbox 585 1113 834 1168; x_wconf 81' lang='lat' dir='ltr'><strong>Virorum</strong></span> <span class='ocrx_word' id='word_1_57' title='bbox 881 1116 1216 1171; x_wconf 81' lang='lat' dir='ltr'><strong>eruditorum</strong></span> <span class='ocrx_word' id='word_1_58' title='bbox 1264 1119 1525 1172; x_wconf 83' lang='lat' dir='ltr'><strong>sententia</strong></span> <span class='ocrx_word' id='word_1_59' title='bbox 1571 1118 1633 1172; x_wconf 87' lang='lat' dir='ltr'><strong>de</strong></span> <span class='ocrx_word' id='word_1_60' title='bbox 1669 1117 1994 1176; x_wconf 76' lang='lat' dir='ltr'><strong>Ilomiliisrv</strong></span> 
     </span>
    </p>
   </div>
   <div class='ocr_carea' id='block_1_12' title="bbox 448 1185 1956 1258">
    <p class='ocr_par' dir='ltr' id='par_1_12' title="bbox 448 1185 1956 1258">
     <span class='ocr_line' id='line_1_12' title="bbox 448 1185 1956 1258; baseline 0.007 -22"><span class='ocrx_word' id='word_1_61' title='bbox 448 1195 498 1236; x_wconf 82' lang='lat' dir='ltr'><strong>et</strong></span> <span class='ocrx_word' id='word_1_62' title='bbox 534 1185 598 1239; x_wconf 89' lang='lat' dir='ltr'><strong>de</strong></span> <span class='ocrx_word' id='word_1_63' title='bbox 630 1187 838 1241; x_wconf 75' lang='lat' dir='ltr'><strong>Anima:</strong></span> <span class='ocrx_word' id='word_1_64' title='bbox 859 1188 1228 1258; x_wconf 84' lang='lat' dir='ltr'><strong>disputatione</strong></span> <span class='ocrx_word' id='word_1_65' title='bbox 1257 1201 1440 1243; x_wconf 86' lang='lat' dir='ltr'><strong>sancto</strong></span> <span class='ocrx_word' id='word_1_66' title='bbox 1467 1191 1622 1243; x_wconf 82' lang='lat' dir='ltr'><strong>Patri</strong></span> <span class='ocrx_word' id='word_1_67' title='bbox 1659 1191 1956 1247; x_wconf 85' lang='lat' dir='ltr'><strong>attributis.</strong></span> 
     </span>
    </p>
   </div>
   <div class='ocr_carea' id='block_1_13' title="bbox 482 1275 1994 1352">
    <p class='ocr_par' dir='ltr' id='par_1_13' title="bbox 482 1275 1994 1352">
     <span class='ocr_line' id='line_1_13' title="bbox 482 1275 1994 1352; baseline 0.005 -21"><span class='ocrx_word' id='word_1_68' title='bbox 482 1275 616 1343; x_wconf 75' lang='lat' dir='ltr'><strong>Quae</strong></span> <span class='ocrx_word' id='word_1_69' title='bbox 637 1294 764 1334; x_wconf 86' lang='lat' dir='ltr'><strong>vero</strong></span> <span class='ocrx_word' id='word_1_70' title='bbox 784 1289 1000 1334; x_wconf 77' lang='lat' dir='ltr'><strong>exstant</strong></span> <span class='ocrx_word' id='word_1_71' title='bbox 1025 1281 1078 1334; x_wconf 91' lang='lat' dir='ltr'><strong>in</strong></span> <span class='ocrx_word' id='word_1_72' title='bbox 1107 1280 1266 1335; x_wconf 91' lang='lat' dir='ltr'><strong>editis</strong></span> <span class='ocrx_word' id='word_1_73' title='bbox 1289 1279 1553 1352; x_wconf 76' lang='lat' dir='ltr'><strong>Gregorio</strong></span> <span class='ocrx_word' id='word_1_74' title='bbox 1576 1280 1994 1340; x_wconf 76' lang='lat' dir='ltr'><strong>Neoezesariensi</strong></span> 
     </span>
    </p>
   </div>
   <div class='ocr_carea' id='block_1_14' title="bbox 413 1369 1992 1443">
    <p class='ocr_par' dir='ltr' id='par_1_14' title="bbox 413 1369 1992 1443">
     <span class='ocr_line' id='line_1_14' title="bbox 413 1369 1992 1443; baseline 0.004 -22"><span class='ocrx_word' id='word_1_75' title='bbox 413 1369 664 1438; x_wconf 73' lang='lat' dir='ltr'><strong>ascripta:</strong></span> <span class='ocrx_word' id='word_1_76' title='bbox 694 1370 968 1426; x_wconf 84' lang='lat' dir='ltr'><strong>orationes</strong></span> <span class='ocrx_word' id='word_1_77' title='bbox 995 1372 1108 1426; x_wconf 86' lang='lat' dir='ltr'><strong>sive</strong></span> <span class='ocrx_word' id='word_1_78' title='bbox 1129 1371 1369 1426; x_wconf 69' lang='lat' dir='ltr'><strong>homiliaz</strong></span> <span class='ocrx_word' id='word_1_79' title='bbox 1395 1373 1675 1443; x_wconf 84' lang='lat' dir='ltr'><strong>iv,ejusne</strong></span> <span class='ocrx_word' id='word_1_80' title='bbox 1698 1390 1822 1429; x_wconf 88' lang='lat' dir='ltr'><strong>vere</strong></span> <span class='ocrx_word' id='word_1_81' title='bbox 1863 1375 1992 1442; x_wconf 91' lang='lat' dir='ltr'><strong>sint,</strong></span> 
     </span>
    </p>
   </div>
   <div class='ocr_carea' id='block_1_15' title="bbox 415 1459 1996 1532">
    <p class='ocr_par' dir='ltr' id='par_1_15' title="bbox 415 1459 1996 1532">
     <span class='ocr_line' id='line_1_15' title="bbox 415 1459 1996 1532; baseline 0.007 -22"><span class='ocrx_word' id='word_1_82' title='bbox 415 1475 606 1525; x_wconf 88' lang='lat' dir='ltr'><strong>necne,</strong></span> <span class='ocrx_word' id='word_1_83' title='bbox 634 1459 778 1514; x_wconf 82' lang='lat' dir='ltr'><strong>haud</strong></span> <span class='ocrx_word' id='word_1_84' title='bbox 813 1473 964 1515; x_wconf 86' lang='lat' dir='ltr'><strong>certo</strong></span> <span class='ocrx_word' id='word_1_85' title='bbox 996 1463 1349 1532; x_wconf 84' lang='lat' dir='ltr'><strong>pronuntiare</strong></span> <span class='ocrx_word' id='word_1_86' title='bbox 1371 1464 1495 1532; x_wconf 83' lang='lat' dir='ltr'><strong>quis</strong></span> <span class='ocrx_word' id='word_1_87' title='bbox 1523 1464 1718 1520; x_wconf 87' lang='lat' dir='ltr'><strong>valeat.</strong></span> <span class='ocrx_word' id='word_1_88' title='bbox 1747 1465 1866 1520; x_wconf 89' lang='lat' dir='ltr'><strong>Jam</strong></span> <span class='ocrx_word' id='word_1_89' title='bbox 1899 1468 1996 1521; x_wconf 90' lang='lat' dir='ltr'><strong>tri-</strong></span> 
     </span>
    </p>
   </div>
   <div class='ocr_carea' id='block_1_16' title="bbox 411 1551 1994 1625">
    <p class='ocr_par' dir='ltr' id='par_1_16' title="bbox 411 1551 1994 1625">
     <span class='ocr_line' id='line_1_16' title="bbox 411 1551 1994 1625; baseline 0.004 -20"><span class='ocrx_word' id='word_1_90' title='bbox 411 1553 516 1607; x_wconf 86' lang='lat' dir='ltr'><strong>bus</strong></span> <span class='ocrx_word' id='word_1_91' title='bbox 549 1553 890 1619; x_wconf 82' lang='lat' dir='ltr'><strong>auctoribus,</strong></span> <span class='ocrx_word' id='word_1_92' title='bbox 923 1551 1114 1608; x_wconf 86' lang='lat' dir='ltr'><strong>Joanni</strong></span> <span class='ocrx_word' id='word_1_93' title='bbox 1174 1553 1587 1625; x_wconf 87' lang='lat' dir='ltr'><strong>Chrysostomo,</strong></span> <span class='ocrx_word' id='word_1_94' title='bbox 1643 1566 1832 1612; x_wconf 89' lang='lat' dir='ltr'><strong>nostro</strong></span> <span class='ocrx_word' id='word_1_95' title='bbox 1863 1557 1994 1613; x_wconf 86' lang='lat' dir='ltr'><strong>Gre-</strong></span> 
     </span>
    </p>
   </div>
   <div class='ocr_carea' id='block_1_17' title="bbox 410 1643 1992 1717">
    <p class='ocr_par' dir='ltr' id='par_1_17' title="bbox 410 1643 1992 1717">
     <span class='ocr_line' id='line_1_17' title="bbox 410 1643 1992 1717; baseline 0.005 -19"><span class='ocrx_word' id='word_1_96' title='bbox 410 1644 566 1712; x_wconf 86' lang='lat' dir='ltr'><strong>gorio</strong></span> <span class='ocrx_word' id='word_1_97' title='bbox 604 1655 660 1699; x_wconf 88' lang='lat' dir='ltr'><strong>et</strong></span> <span class='ocrx_word' id='word_1_98' title='bbox 703 1643 942 1699; x_wconf 85' lang='lat' dir='ltr'><strong>Macario</strong></span> <span class='ocrx_word' id='word_1_99' title='bbox 977 1644 1439 1717; x_wconf 87' lang='lat' dir='ltr'><strong>Philadelphiensi</strong></span> <span class='ocrx_word' id='word_1_100' title='bbox 1492 1649 1750 1703; x_wconf 84' lang='lat' dir='ltr'><strong>tributam</strong></span> <span class='ocrx_word' id='word_1_101' title='bbox 1813 1651 1992 1706; x_wconf 89' lang='lat' dir='ltr'><strong>homi-</strong></span> 
     </span>
    </p>
   </div>
   <div class='ocr_carea' id='block_1_18' title="bbox 409 1736 1994 1805">
    <p class='ocr_par' dir='ltr' id='par_1_18' title="bbox 409 1736 1994 1805">
     <span class='ocr_line' id='line_1_18' title="bbox 409 1736 1994 1805; baseline 0.006 -16"><span class='ocrx_word' id='word_1_102' title='bbox 409 1736 538 1790; x_wconf 92' lang='lat' dir='ltr'><strong>liam</strong></span> <span class='ocrx_word' id='word_1_103' title='bbox 571 1737 605 1791; x_wconf 87' lang='grc'>5</span> <span class='ocrx_word' id='word_1_104' title='bbox 631 1736 685 1791; x_wconf 92' lang='lat' dir='ltr'><strong>in</strong></span> <span class='ocrx_word' id='word_1_105' title='bbox 710 1736 1222 1805; x_wconf 86' lang='lat' dir='ltr'><strong>Annuntiationem,</strong></span> <span class='ocrx_word' id='word_1_106' title='bbox 1279 1741 1333 1794; x_wconf 89' lang='lat' dir='ltr'><strong>in</strong></span> <span class='ocrx_word' id='word_1_107' title='bbox 1363 1757 1498 1796; x_wconf 88' lang='lat' dir='ltr'><strong>mss.</strong></span> <span class='ocrx_word' id='word_1_108' title='bbox 1532 1742 1814 1798; x_wconf 85' lang='lat' dir='ltr'><strong>codicibus</strong></span> <span class='ocrx_word' id='word_1_109' title='bbox 1845 1743 1994 1799; x_wconf 64' lang='lat' dir='ltr'><strong>Grae-</strong></span> 
     </span>
    </p>
   </div>
   <div class='ocr_carea' id='block_1_19' title="bbox 412 1829 2065 1906">
    <p class='ocr_par' dir='ltr' id='par_1_19' title="bbox 412 1829 2065 1906">
     <span class='ocr_line' id='line_1_19' title="bbox 412 1829 2065 1906; baseline 0.005 -23"><span class='ocrx_word' id='word_1_110' title='bbox 412 1829 494 1885; x_wconf 87' lang='lat' dir='ltr'><strong>cis</strong></span> <span class='ocrx_word' id='word_1_111' title='bbox 527 1845 585 1885; x_wconf 89' lang='lat' dir='ltr'><strong>se</strong></span> <span class='ocrx_word' id='word_1_112' title='bbox 630 1829 906 1886; x_wconf 86' lang='lat' dir='ltr'><strong>invenisse</strong></span> <span class='ocrx_word' id='word_1_113' title='bbox 955 1840 1188 1885; x_wconf 86' lang='lat' dir='ltr'><strong>testatur</strong></span> <span class='ocrx_word' id='word_1_114' title='bbox 1235 1833 1304 1887; x_wconf 90' lang='lat' dir='ltr'><strong>cl.</strong></span> <span class='ocrx_word' id='word_1_115' title='bbox 1363 1831 1804 1890; x_wconf 82' lang='lat' dir='ltr'><strong>Montiaueonius</strong></span> <span class='ocrx_word' id='word_1_116' title='bbox 1855 1835 1988 1905; x_wconf 83' lang='lat'><strong>(50).</strong></span> <span class='ocrx_word' id='word_1_117' title='bbox 2022 1852 2065 1906; x_wconf 76' lang='grc' dir='ltr'><strong><em>Β</em></strong></span> 
     </span>
    </p>
   </div>
   <div class='ocr_carea' id='block_1_20' title="bbox 415 1921 1988 1996">
    <p class='ocr_par' dir='ltr' id='par_1_20' title="bbox 415 1921 1988 1996">
     <span class='ocr_line' id='line_1_20' title="bbox 415 1921 1988 1996; baseline 0.006 -22"><span class='ocrx_word' id='word_1_118' title='bbox 415 1921 661 1992; x_wconf 85' lang='lat' dir='ltr'><strong>Eamque</strong></span> <span class='ocrx_word' id='word_1_119' title='bbox 697 1923 800 1977; x_wconf 89' lang='lat' dir='ltr'><strong>sub</strong></span> <span class='ocrx_word' id='word_1_120' title='bbox 831 1924 1052 1978; x_wconf 90' lang='lat' dir='ltr'><strong>nomine</strong></span> <span class='ocrx_word' id='word_1_121' title='bbox 1075 1923 1450 1996; x_wconf 79' lang='lat' dir='ltr'><strong>Chrysostomi</strong></span> <span class='ocrx_word' id='word_1_122' title='bbox 1481 1925 1651 1980; x_wconf 85' lang='lat' dir='ltr'><strong>edidit</strong></span> <span class='ocrx_word' id='word_1_123' title='bbox 1685 1927 1855 1983; x_wconf 79' lang='lat' dir='ltr'><strong>multo</strong></span> <span class='ocrx_word' id='word_1_124' title='bbox 1888 1944 1988 1983; x_wconf 86' lang='lat' dir='ltr'><strong>au-</strong></span> 
     </span>
    </p>
   </div>
   <div class='ocr_carea' id='block_1_21' title="bbox 409 2013 1994 2089">
    <p class='ocr_par' dir='ltr' id='par_1_21' title="bbox 409 2013 1994 2089">
     <span class='ocr_line' id='line_1_21' title="bbox 409 2013 1994 2089; baseline 0.004 -21"><span class='ocrx_word' id='word_1_125' title='bbox 409 2015 637 2070; x_wconf 88' lang='lat' dir='ltr'><strong>ctiorem</strong></span> <span class='ocrx_word' id='word_1_126' title='bbox 669 2013 1033 2070; x_wconf 83' lang='lat' dir='ltr'><strong>Combeﬁsius</strong></span> <span class='ocrx_word' id='word_1_127' title='bbox 1062 2015 1209 2086; x_wconf 87' lang='grc'>(51),</span> <span class='ocrx_word' id='word_1_128' title='bbox 1261 2017 1354 2086; x_wconf 89' lang='lat' dir='ltr'><strong>qui</strong></span> <span class='ocrx_word' id='word_1_129' title='bbox 1388 2018 1659 2072; x_wconf 87' lang='lat' dir='ltr'><strong>eruditum</strong></span> <span class='ocrx_word' id='word_1_130' title='bbox 1689 2019 1905 2089; x_wconf 88' lang='lat' dir='ltr'><strong>quidem</strong></span> <span class='ocrx_word' id='word_1_131' title='bbox 1929 2034 1994 2074; x_wconf 86' lang='lat' dir='ltr'><strong>ac</strong></span> 
     </span>
    </p>
   </div>
   <div class='ocr_carea' id='block_1_22' title="bbox 411 2103 1989 2175">
    <p class='ocr_par' dir='ltr' id='par_1_22' title="bbox 411 2103 1989 2175">
     <span class='ocr_line' id='line_1_22' title="bbox 411 2103 1989 2175; baseline 0.004 -17"><span class='ocrx_word' id='word_1_132' title='bbox 411 2105 561 2174; x_wconf 92' lang='lat' dir='ltr'><strong>pium</strong></span> <span class='ocrx_word' id='word_1_133' title='bbox 590 2103 765 2160; x_wconf 65' lang='lat' dir='ltr'><strong>doctae</strong></span> <span class='ocrx_word' id='word_1_134' title='bbox 817 2105 1161 2175; x_wconf 85' lang='lat' dir='ltr'><strong>antiquitatis</strong></span> <span class='ocrx_word' id='word_1_135' title='bbox 1213 2116 1630 2162; x_wconf 86' lang='lat' dir='ltr'><strong>monumentum</strong></span> <span class='ocrx_word' id='word_1_136' title='bbox 1657 2118 1871 2175; x_wconf 89' lang='lat' dir='ltr'><strong>censet;</strong></span> <span class='ocrx_word' id='word_1_137' title='bbox 1901 2109 1989 2164; x_wconf 87' lang='lat' dir='ltr'><strong>in-</strong></span> 
     </span>
    </p>
   </div>
   <div class='ocr_carea' id='block_1_23' title="bbox 403 2199 1989 2272">
    <p class='ocr_par' dir='ltr' id='par_1_23' title="bbox 403 2199 1989 2272">
     <span class='ocr_line' id='line_1_23' title="bbox 403 2199 1989 2272; baseline 0.004 -23"><span class='ocrx_word' id='word_1_138' title='bbox 403 2205 587 2252; x_wconf 87' lang='lat' dir='ltr'><strong>certus</strong></span> <span class='ocrx_word' id='word_1_139' title='bbox 624 2206 802 2253; x_wconf 84' lang='lat' dir='ltr'><strong>tamen</strong></span> <span class='ocrx_word' id='word_1_140' title='bbox 860 2199 1073 2253; x_wconf 78' lang='lat' dir='ltr'><strong>haerens</strong></span> <span class='ocrx_word' id='word_1_141' title='bbox 1122 2199 1340 2253; x_wconf 87' lang='lat' dir='ltr'><strong>cuinam</strong></span> <span class='ocrx_word' id='word_1_142' title='bbox 1373 2201 1518 2254; x_wconf 90' lang='lat' dir='ltr'><strong>illam</strong></span> <span class='ocrx_word' id='word_1_143' title='bbox 1564 2202 1814 2272; x_wconf 84' lang='lat' dir='ltr'><strong>scriptori</strong></span> <span class='ocrx_word' id='word_1_144' title='bbox 1845 2203 1989 2259; x_wconf 89' lang='lat' dir='ltr'><strong>assi-</strong></span> 
     </span>
    </p>
   </div>
   <div class='ocr_carea' id='block_1_24' title="bbox 402 2291 1989 2362">
    <p class='ocr_par' dir='ltr' id='par_1_24' title="bbox 402 2291 1989 2362">
     <span class='ocr_line' id='line_1_24' title="bbox 402 2291 1989 2362; baseline 0.005 -19"><span class='ocrx_word' id='word_1_145' title='bbox 402 2298 549 2359; x_wconf 81' lang='lat' dir='ltr'><strong>gnet,</strong></span> <span class='ocrx_word' id='word_1_146' title='bbox 581 2305 647 2344; x_wconf 88' lang='lat' dir='ltr'><strong>eo</strong></span> <span class='ocrx_word' id='word_1_147' title='bbox 683 2291 899 2345; x_wconf 88' lang='lat' dir='ltr'><strong>tandem</strong></span> <span class='ocrx_word' id='word_1_148' title='bbox 947 2293 1185 2358; x_wconf 89' lang='lat' dir='ltr'><strong>devenit,</strong></span> <span class='ocrx_word' id='word_1_149' title='bbox 1218 2301 1277 2346; x_wconf 92' lang='lat' dir='ltr'><strong>ut</strong></span> <span class='ocrx_word' id='word_1_150' title='bbox 1320 2308 1497 2362; x_wconf 88' lang='lat' dir='ltr'><strong>neque</strong></span> <span class='ocrx_word' id='word_1_151' title='bbox 1530 2291 1989 2351; x_wconf 80' lang='lat' dir='ltr'><strong>Neocaesariensis</strong></span> 
     </span>
    </p>
   </div>
   <div class='ocr_carea' id='block_1_25' title="bbox 402 2381 1988 2455">
    <p class='ocr_par' dir='ltr' id='par_1_25' title="bbox 402 2381 1988 2455">
     <span class='ocr_line' id='line_1_25' title="bbox 402 2381 1988 2455; baseline 0.003 -19"><span class='ocrx_word' id='word_1_152' title='bbox 402 2397 581 2451; x_wconf 88' lang='lat' dir='ltr'><strong>neque</strong></span> <span class='ocrx_word' id='word_1_153' title='bbox 609 2381 986 2453; x_wconf 84' lang='lat' dir='ltr'><strong>Cbrysostomi</strong></span> <span class='ocrx_word' id='word_1_154' title='bbox 1027 2384 1248 2455; x_wconf 72' lang='grc' dir='ltr'>γνήσιον</span> <span class='ocrx_word' id='word_1_155' title='bbox 1294 2385 1491 2439; x_wconf 85' lang='lat' dir='ltr'><strong>dixerit</strong></span> <span class='ocrx_word' id='word_1_156' title='bbox 1521 2385 1656 2454; x_wconf 73' lang='grc'>(52).</span> <span class='ocrx_word' id='word_1_157' title='bbox 1694 2385 1988 2442; x_wconf 88' lang='lat' dir='ltr'><strong>Homiliam</strong></span> 
     </span>
    </p>
   </div>
   <div class='ocr_carea' id='block_1_26' title="bbox 406 2475 1990 2548">
    <p class='ocr_par' dir='ltr' id='par_1_26' title="bbox 406 2475 1990 2548">
     <span class='ocr_line' id='line_1_26' title="bbox 406 2475 1990 2548; baseline 0.003 -21"><span class='ocrx_word' id='word_1_158' title='bbox 406 2475 595 2529; x_wconf 66' lang='lat' dir='ltr'><strong>vero‘z</strong></span> <span class='ocrx_word' id='word_1_159' title='bbox 647 2475 700 2529; x_wconf 90' lang='lat' dir='ltr'><strong>in</strong></span> <span class='ocrx_word' id='word_1_160' title='bbox 730 2475 1251 2544; x_wconf 83' lang='lat' dir='ltr'><strong>Amiuntiationem,</strong></span> <span class='ocrx_word' id='word_1_161' title='bbox 1305 2475 1485 2532; x_wconf 90' lang='lat' dir='ltr'><strong>Procli</strong></span> <span class='ocrx_word' id='word_1_162' title='bbox 1532 2476 1638 2533; x_wconf 82' lang='lat' dir='ltr'><strong>GP.</strong></span> <span class='ocrx_word' id='word_1_163' title='bbox 1679 2479 1990 2548; x_wconf 89' lang='lat' dir='ltr'><strong>suspicatur</strong></span> 
     </span>
    </p>
   </div>
   <div class='ocr_carea' id='block_1_27' title="bbox 413 2564 1989 2640">
    <p class='ocr_par' dir='ltr' id='par_1_27' title="bbox 413 2564 1989 2640">
     <span class='ocr_line' id='line_1_27' title="bbox 413 2564 1989 2640; baseline 0.004 -20"><span class='ocrx_word' id='word_1_164' title='bbox 413 2564 738 2622; x_wconf 83' lang='lat' dir='ltr'><strong>Vincentius</strong></span> <span class='ocrx_word' id='word_1_165' title='bbox 759 2567 1061 2624; x_wconf 85' lang='lat' dir='ltr'><strong>Riccardus</strong></span> <span class='ocrx_word' id='word_1_166' title='bbox 1087 2569 1219 2638; x_wconf 80' lang='grc'>(55),</span> <span class='ocrx_word' id='word_1_167' title='bbox 1237 2569 1395 2640; x_wconf 87' lang='lat' dir='ltr'><strong>cujus</strong></span> <span class='ocrx_word' id='word_1_168' title='bbox 1426 2571 1726 2626; x_wconf 88' lang='lat' dir='ltr'><strong>sententias</strong></span> <span class='ocrx_word' id='word_1_169' title='bbox 1751 2572 1989 2627; x_wconf 89' lang='lat' dir='ltr'><strong>imitetur</strong></span> 
     </span>
    </p>
   </div>
   <div class='ocr_carea' id='block_1_28' title="bbox 396 2660 1989 2733">
    <p class='ocr_par' dir='ltr' id='par_1_28' title="bbox 396 2660 1989 2733">
     <span class='ocr_line' id='line_1_28' title="bbox 396 2660 1989 2733; baseline 0.003 -19"><span class='ocrx_word' id='word_1_170' title='bbox 396 2667 452 2714; x_wconf 89' lang='lat' dir='ltr'><strong>et</strong></span> <span class='ocrx_word' id='word_1_171' title='bbox 467 2674 664 2714; x_wconf 73' lang='lat' dir='ltr'><strong>vocem</strong></span> <span class='ocrx_word' id='word_1_172' title='bbox 687 2661 967 2728; x_wconf 79' lang='grc' dir='ltr'><strong>θεοτόκος</strong></span> <span class='ocrx_word' id='word_1_173' title='bbox 989 2660 1220 2716; x_wconf 76' lang='lat' dir='ltr'><strong>aﬂ‘ectet.</strong></span> <span class='ocrx_word' id='word_1_174' title='bbox 1247 2661 1391 2716; x_wconf 73' lang='lat' dir='ltr'><strong>idem</strong></span> <span class='ocrx_word' id='word_1_175' title='bbox 1417 2663 1504 2717; x_wconf 87' lang='lat' dir='ltr'><strong>die</strong></span> <span class='ocrx_word' id='word_1_176' title='bbox 1523 2663 1590 2717; x_wconf 91' lang='lat' dir='ltr'><strong>de</strong></span> <span class='ocrx_word' id='word_1_177' title='bbox 1610 2663 1834 2733; x_wconf 88' lang='lat' dir='ltr'><strong>reliquis</strong></span> <span class='ocrx_word' id='word_1_178' title='bbox 1853 2664 1989 2719; x_wconf 85' lang='lat' dir='ltr'><strong>dua-</strong></span> 
     </span>
    </p>
   </div>
   <div class='ocr_carea' id='block_1_29' title="bbox 397 2751 1985 2824">
    <p class='ocr_par' dir='ltr' id='par_1_29' title="bbox 397 2751 1985 2824">
     <span class='ocr_line' id='line_1_29' title="bbox 397 2751 1985 2824; baseline 0.004 -18"><span class='ocrx_word' id='word_1_179' title='bbox 397 2751 504 2806; x_wconf 85' lang='lat' dir='ltr'><strong>bus</strong></span> <span class='ocrx_word' id='word_1_180' title='bbox 535 2767 661 2806; x_wconf 90' lang='lat' dir='ltr'><strong>cum</strong></span> <span class='ocrx_word' id='word_1_181' title='bbox 692 2753 828 2807; x_wconf 86' lang='lat' dir='ltr'><strong>viris</strong></span> <span class='ocrx_word' id='word_1_182' title='bbox 882 2753 1306 2819; x_wconf 87' lang='lat' dir='ltr'><strong>eruditissimis;</strong></span> <span class='ocrx_word' id='word_1_183' title='bbox 1341 2755 1432 2824; x_wconf 89' lang='lat' dir='ltr'><strong>qui</strong></span> <span class='ocrx_word' id='word_1_184' title='bbox 1482 2763 1535 2810; x_wconf 87' lang='lat' dir='ltr'><strong>et</strong></span> <span class='ocrx_word' id='word_1_185' title='bbox 1565 2756 1618 2810; x_wconf 94' lang='lat' dir='ltr'><strong>in</strong></span> <span class='ocrx_word' id='word_1_186' title='bbox 1667 2757 1985 2812; x_wconf 83' lang='lat' dir='ltr'><strong>alterutram</strong></span> 
     </span>
    </p>
   </div>
   <div class='ocr_carea' id='block_1_30' title="bbox 395 2844 1987 2915">
    <p class='ocr_par' dir='ltr' id='par_1_30' title="bbox 395 2844 1987 2915">
     <span class='ocr_line' id='line_1_30' title="bbox 395 2844 1987 2915; baseline 0.004 -18"><span class='ocrx_word' id='word_1_187' title='bbox 395 2851 610 2914; x_wconf 86' lang='lat' dir='ltr'><strong>partem</strong></span> <span class='ocrx_word' id='word_1_188' title='bbox 638 2844 938 2914; x_wconf 89' lang='lat' dir='ltr'><strong>quidquam</strong></span> <span class='ocrx_word' id='word_1_189' title='bbox 969 2845 1103 2900; x_wconf 88' lang='lat' dir='ltr'><strong>certi</strong></span> <span class='ocrx_word' id='word_1_190' title='bbox 1135 2847 1493 2915; x_wconf 85' lang='lat' dir='ltr'><strong>pronuntiare</strong></span> <span class='ocrx_word' id='word_1_191' title='bbox 1525 2863 1634 2902; x_wconf 90' lang='lat' dir='ltr'><strong>non</strong></span> <span class='ocrx_word' id='word_1_192' title='bbox 1670 2849 1873 2904; x_wconf 90' lang='lat' dir='ltr'><strong>audent</strong></span> <span class='ocrx_word' id='word_1_193' title='bbox 1922 2849 1987 2904; x_wconf 87' lang='lat' dir='ltr'><strong>de</strong></span> 
     </span>
    </p>
   </div>
   <div class='ocr_carea' id='block_1_31' title="bbox 397 2935 1985 3007">
    <p class='ocr_par' dir='ltr' id='par_1_31' title="bbox 397 2935 1985 3007">
     <span class='ocr_line' id='line_1_31' title="bbox 397 2935 1985 3007; baseline 0.004 -19"><span class='ocrx_word' id='word_1_194' title='bbox 397 2935 593 2990; x_wconf 83' lang='lat' dir='ltr'><strong>anima:</strong></span> <span class='ocrx_word' id='word_1_195' title='bbox 636 2953 729 3007; x_wconf 79' lang='lat' dir='ltr'><strong>per</strong></span> <span class='ocrx_word' id='word_1_196' title='bbox 779 2938 955 3006; x_wconf 84' lang='lat' dir='ltr'><strong>capita</strong></span> <span class='ocrx_word' id='word_1_197' title='bbox 981 2937 1343 3007; x_wconf 81' lang='lat' dir='ltr'><strong>disputatione</strong></span> <span class='ocrx_word' id='word_1_198' title='bbox 1366 2939 1434 2992; x_wconf 87' lang='lat' dir='ltr'><strong>ad</strong></span> <span class='ocrx_word' id='word_1_199' title='bbox 1460 2937 1770 3007; x_wconf 85' lang='lat' dir='ltr'><strong>Tatianum,</strong></span> <span class='ocrx_word' id='word_1_200' title='bbox 1794 2950 1985 2996; x_wconf 89' lang='lat' dir='ltr'><strong>nostro</strong></span> 
     </span>
    </p>
   </div>
   <div class='ocr_carea' id='block_1_32' title="bbox 395 3028 1986 3105">
    <p class='ocr_par' dir='ltr' id='par_1_32' title="bbox 395 3028 1986 3105">
     <span class='ocr_line' id='line_1_32' title="bbox 395 3028 1986 3105; baseline 0.003 -22"><span class='ocrx_word' id='word_1_201' title='bbox 395 3029 526 3084; x_wconf 87' lang='lat' dir='ltr'><strong>item</strong></span> <span class='ocrx_word' id='word_1_202' title='bbox 557 3028 821 3101; x_wconf 82' lang='lat' dir='ltr'><strong>Gregorio</strong></span> <span class='ocrx_word' id='word_1_203' title='bbox 841 3031 1043 3085; x_wconf 84' lang='lat' dir='ltr'><strong>tributa</strong></span> <span class='ocrx_word' id='word_1_204' title='bbox 1065 3032 1435 3102; x_wconf 67' lang='lat' dir='ltr'><strong>;quippe:quae</strong></span> <span class='ocrx_word' id='word_1_205' title='bbox 1462 3034 1531 3088; x_wconf 89' lang='lat' dir='ltr'><strong>ab</strong></span> <span class='ocrx_word' id='word_1_206' title='bbox 1561 3033 1683 3103; x_wconf 88' lang='lat' dir='ltr'><strong>ejus</strong></span> <span class='ocrx_word' id='word_1_207' title='bbox 1708 3034 1850 3105; x_wconf 84' lang='lat' dir='ltr'><strong>stylo</strong></span> <span class='ocrx_word' id='word_1_208' title='bbox 1897 3032 1986 3088; x_wconf 90' lang='lat' dir='ltr'><strong>ni-</strong></span> 
     </span>
    </p>
   </div>
   <div class='ocr_carea' id='block_1_33' title="bbox 394 3121 1972 3198">
    <p class='ocr_par' dir='ltr' id='par_1_33' title="bbox 394 3121 1972 3198">
     <span class='ocr_line' id='line_1_33' title="bbox 394 3121 1972 3198; baseline 0.003 -23"><span class='ocrx_word' id='word_1_209' title='bbox 394 3121 503 3177; x_wconf 85' lang='lat' dir='ltr'><strong>mis</strong></span> <span class='ocrx_word' id='word_1_210' title='bbox 519 3123 716 3191; x_wconf 88' lang='lat' dir='ltr'><strong>aliena,</strong></span> <span class='ocrx_word' id='word_1_211' title='bbox 743 3133 798 3180; x_wconf 86' lang='lat' dir='ltr'><strong>et</strong></span> <span class='ocrx_word' id='word_1_212' title='bbox 814 3125 915 3180; x_wconf 65' lang='lat' dir='ltr'><strong>aevi</strong></span> <span class='ocrx_word' id='word_1_213' title='bbox 941 3125 1099 3194; x_wconf 90' lang='lat' dir='ltr'><strong>longe</strong></span> <span class='ocrx_word' id='word_1_214' title='bbox 1123 3125 1444 3194; x_wconf 83' lang='lat' dir='ltr'><strong>posterioris</strong></span> <span class='ocrx_word' id='word_1_215' title='bbox 1464 3140 1586 3182; x_wconf 90' lang='lat' dir='ltr'><strong>esse</strong></span> <span class='ocrx_word' id='word_1_216' title='bbox 1607 3126 1853 3181; x_wconf 88' lang='lat' dir='ltr'><strong>videatur</strong></span> <span class='ocrx_word' id='word_1_217' title='bbox 1870 3125 1972 3198; x_wconf 77' lang='grc' dir='ltr'>(ὁ).</span> 
     </span>
    </p>
   </div>
   <div class='ocr_carea' id='block_1_34' title="bbox 396 3233 2052 3312">
    <p class='ocr_par' dir='ltr' id='par_1_34' title="bbox 396 3233 2052 3312">
     <span class='ocr_line' id='line_1_34' title="bbox 396 3233 2052 3312; baseline 0.005 -24"><span class='ocrx_word' id='word_1_218' title='bbox 396 3233 534 3290; x_wconf 82' lang='lat' dir='ltr'><strong>Vlll.</strong></span> <span class='ocrx_word' id='word_1_219' title='bbox 575 3238 652 3292; x_wconf 85' lang='lat' dir='ltr'><strong>De</strong></span> <span class='ocrx_word' id='word_1_220' title='bbox 681 3237 927 3312; x_wconf 82' lang='lat' dir='ltr'><strong>Origenis</strong></span> <span class='ocrx_word' id='word_1_221' title='bbox 961 3242 1186 3311; x_wconf 81' lang='lat' dir='ltr'><strong>epistola</strong></span> <span class='ocrx_word' id='word_1_222' title='bbox 1209 3241 1460 3312; x_wconf 82' lang='lat' dir='ltr'><strong>Gregorio</strong></span> <span class='ocrx_word' id='word_1_223' title='bbox 1487 3251 1666 3295; x_wconf 82' lang='lat' dir='ltr'><strong>nostra</strong></span> <span class='ocrx_word' id='word_1_224' title='bbox 1690 3241 1980 3312; x_wconf 79' lang='lat' dir='ltr'><strong>inscripta:</strong></span> <span class='ocrx_word' id='word_1_225' title='bbox 2009 3235 2052 3296; x_wconf 88' lang='lat' dir='ltr'><strong><em>C</em></strong></span> 
     </span>
    </p>
   </div>
   <div class='ocr_carea' id='block_1_35' title="bbox 463 3311 1977 3384">
    <p class='ocr_par' dir='ltr' id='par_1_35' title="bbox 463 3311 1977 3384">
     <span class='ocr_line' id='line_1_35' title="bbox 463 3311 1977 3384; baseline 0.003 -23"><span class='ocrx_word' id='word_1_226' title='bbox 463 3324 557 3384; x_wconf 68' lang='lat' dir='ltr'><strong>nec</strong></span> <span class='ocrx_word' id='word_1_227' title='bbox 613 3325 717 3362; x_wconf 87' lang='lat' dir='ltr'><strong>non</strong></span> <span class='ocrx_word' id='word_1_228' title='bbox 772 3311 836 3364; x_wconf 84' lang='lat' dir='ltr'><strong>de</strong></span> <span class='ocrx_word' id='word_1_229' title='bbox 859 3311 1024 3384; x_wconf 61' lang='lat' dir='ltr'><strong>illius</strong></span> <span class='ocrx_word' id='word_1_230' title='bbox 1077 3311 1330 3384; x_wconf 20' lang='lat' dir='ltr'><strong>l’itaiper</strong></span> <span class='ocrx_word' id='word_1_231' title='bbox 1381 3322 1624 3384; x_wconf 78' lang='lat' dir='ltr'><strong>sanctum</strong></span> <span class='ocrx_word' id='word_1_232' title='bbox 1665 3311 1977 3384; x_wconf 73' lang='lat' dir='ltr'><strong>Gregorium</strong></span> 
     </span>
    </p>
   </div>
   <div class='ocr_carea' id='block_1_36' title="bbox 464 3379 1977 3504">
    <p class='ocr_par' dir='ltr' id='par_1_36' title="bbox 464 3379 1977 3504">
     <span class='ocr_line' id='line_1_36' title="bbox 464 3379 1977 3504; baseline 0.002 -71"><span class='ocrx_word' id='word_1_233' title='bbox 464 3379 790 3504; x_wconf 50' lang='lat' dir='ltr'><strong>filyssenum.</strong></span> <span class='ocrx_word' id='word_1_234' title='bbox 847 3381 1140 3438; x_wconf 85' lang='lat' dir='ltr'><strong>Sinistrum</strong></span> <span class='ocrx_word' id='word_1_235' title='bbox 1182 3379 1439 3438; x_wconf 81' lang='lat' dir='ltr'><strong>Dodwelli</strong></span> <span class='ocrx_word' id='word_1_236' title='bbox 1488 3379 1787 3453; x_wconf 50' lang='lat' dir='ltr'><strong>judiciunt&#39;</strong></span> <span class='ocrx_word' id='word_1_237' title='bbox 1822 3382 1977 3453; x_wconf 79' lang='lat' dir='ltr'><strong>refel-</strong></span> 
     </span>
     <span class='ocr_line' id='line_1_37' title="bbox 487 3467 617 3504; baseline 0 0"><span class='ocrx_word' id='word_1_238' title='bbox 487 3467 617 3504; x_wconf 82' lang='lat' dir='ltr'><strong>nur.</strong></span> 
     </span>
    </p>
   </div>
   <div class='ocr_carea' id='block_1_37' title="bbox 467 3562 1979 3637">
    <p class='ocr_par' dir='ltr' id='par_1_37' title="bbox 467 3562 1979 3637">
     <span class='ocr_line' id='line_1_38' title="bbox 467 3562 1979 3637; baseline 0.003 -21"><span class='ocrx_word' id='word_1_239' title='bbox 467 3562 566 3618; x_wconf 85' lang='lat' dir='ltr'><strong>llis</strong></span> <span class='ocrx_word' id='word_1_240' title='bbox 605 3564 789 3634; x_wconf 90' lang='lat' dir='ltr'><strong>itaque</strong></span> <span class='ocrx_word' id='word_1_241' title='bbox 815 3565 1072 3635; x_wconf 85' lang='lat' dir='ltr'><strong>operibus</strong></span> <span class='ocrx_word' id='word_1_242' title='bbox 1101 3566 1216 3620; x_wconf 83' lang='lat' dir='ltr'><strong>sive</strong></span> <span class='ocrx_word' id='word_1_243' title='bbox 1236 3566 1418 3622; x_wconf 91' lang='lat' dir='ltr'><strong>dubiis</strong></span> <span class='ocrx_word' id='word_1_244' title='bbox 1451 3567 1565 3622; x_wconf 84' lang='lat' dir='ltr'><strong>sive</strong></span> <span class='ocrx_word' id='word_1_245' title='bbox 1590 3567 1979 3637; x_wconf 84' lang='lat' dir='ltr'><strong>pseudepigra-</strong></span> 
     </span>
    </p>
   </div>
   <div class='ocr_carea' id='block_1_38' title="bbox 391 3656 1978 3727">
    <p class='ocr_par' dir='ltr' id='par_1_38' title="bbox 391 3656 1978 3727">
     <span class='ocr_line' id='line_1_39' title="bbox 391 3656 1978 3727; baseline 0.005 -19"><span class='ocrx_word' id='word_1_246' title='bbox 391 3656 518 3727; x_wconf 84' lang='lat' dir='ltr'><strong>phis</strong></span> <span class='ocrx_word' id='word_1_247' title='bbox 543 3657 946 3726; x_wconf 64' lang='lat' dir='ltr'><strong>praetermissis,</strong></span> <span class='ocrx_word' id='word_1_248' title='bbox 978 3674 1040 3712; x_wconf 91' lang='lat' dir='ltr'><strong>ea</strong></span> <span class='ocrx_word' id='word_1_249' title='bbox 1070 3658 1277 3727; x_wconf 79' lang='lat' dir='ltr'><strong>potius</strong></span> <span class='ocrx_word' id='word_1_250' title='bbox 1312 3660 1544 3714; x_wconf 89' lang='lat' dir='ltr'><strong>sinceris</strong></span> <span class='ocrx_word' id='word_1_251' title='bbox 1579 3660 1753 3716; x_wconf 85' lang='lat' dir='ltr'><strong>sancti</strong></span> <span class='ocrx_word' id='word_1_252' title='bbox 1799 3660 1978 3716; x_wconf 85' lang='lat' dir='ltr'><strong>Patris</strong></span> 
     </span>
    </p>
   </div>
   <div class='ocr_carea' id='block_1_39' title="bbox 398 3749 1977 3822">
    <p class='ocr_par' dir='ltr' id='par_1_39' title="bbox 398 3749 1977 3822">
     <span class='ocr_line' id='line_1_40' title="bbox 398 3749 1977 3822; baseline 0.004 -22"><span class='ocrx_word' id='word_1_253' title='bbox 398 3749 769 3802; x_wconf 84' lang='lat' dir='ltr'><strong>monumentis</strong></span> <span class='ocrx_word' id='word_1_254' title='bbox 821 3749 1159 3818; x_wconf 89' lang='lat' dir='ltr'><strong>subjicienda</strong></span> <span class='ocrx_word' id='word_1_255' title='bbox 1217 3751 1683 3816; x_wconf 77' lang='lat' dir='ltr'><strong>existimavimus,</strong></span> <span class='ocrx_word' id='word_1_256' title='bbox 1735 3768 1856 3822; x_wconf 72' lang='lat' dir='ltr'><strong>qua:</strong></span> <span class='ocrx_word' id='word_1_257' title='bbox 1909 3752 1977 3808; x_wconf 91' lang='lat' dir='ltr'><strong>ad</strong></span> 
     </span>
    </p>
   </div>
   <div class='ocr_carea' id='block_1_40' title="bbox 392 3840 1975 3911">
    <p class='ocr_par' dir='ltr' id='par_1_40' title="bbox 392 3840 1975 3911">
     <span class='ocr_line' id='line_1_41' title="bbox 392 3840 1975 3911; baseline 0.003 -18"><span class='ocrx_word' id='word_1_258' title='bbox 392 3840 572 3910; x_wconf 87' lang='lat' dir='ltr'><strong>ipsum</strong></span> <span class='ocrx_word' id='word_1_259' title='bbox 613 3842 836 3911; x_wconf 88' lang='lat' dir='ltr'><strong>propius</strong></span> <span class='ocrx_word' id='word_1_260' title='bbox 866 3842 1138 3910; x_wconf 87' lang='lat' dir='ltr'><strong>pertinere</strong></span> <span class='ocrx_word' id='word_1_261' title='bbox 1167 3855 1491 3898; x_wconf 84' lang='lat' dir='ltr'><strong>noscuntur.</strong></span> <span class='ocrx_word' id='word_1_262' title='bbox 1528 3843 1794 3898; x_wconf 77' lang='lat' dir='ltr'><strong>Nimirum</strong></span> <span class='ocrx_word' id='word_1_263' title='bbox 1819 3844 1975 3899; x_wconf 86' lang='lat' dir='ltr'><strong>exhi-</strong></span> 
     </span>
    </p>
   </div>
   <div class='ocr_carea' id='block_1_41' title="bbox 393 3932 1977 4006">
    <p class='ocr_par' dir='ltr' id='par_1_41' title="bbox 393 3932 1977 4006">
     <span class='ocr_line' id='line_1_42' title="bbox 393 3932 1977 4006; baseline 0.003 -19"><span class='ocrx_word' id='word_1_264' title='bbox 393 3933 586 3988; x_wconf 89' lang='lat' dir='ltr'><strong>bemus</strong></span> <span class='ocrx_word' id='word_1_265' title='bbox 611 3932 845 4003; x_wconf 91' lang='lat' dir='ltr'><strong>primum</strong></span> <span class='ocrx_word' id='word_1_266' title='bbox 881 3949 912 3988; x_wconf 91' lang='lat' dir='ltr'><strong>e</strong></span> <span class='ocrx_word' id='word_1_267' title='bbox 944 3932 1258 3990; x_wconf 78' lang='lat' dir='ltr'><strong>Philoculia:</strong></span> <span class='ocrx_word' id='word_1_268' title='bbox 1279 3936 1456 4006; x_wconf 74' lang='lat' dir='ltr'><strong>Capite</strong></span> <span class='ocrx_word' id='word_1_269' title='bbox 1482 3937 1569 4000; x_wconf 88' lang='grc'>15,</span> <span class='ocrx_word' id='word_1_270' title='bbox 1595 3937 1792 3991; x_wconf 89' lang='lat' dir='ltr'><strong>additis</strong></span> <span class='ocrx_word' id='word_1_271' title='bbox 1831 3937 1977 3991; x_wconf 86' lang='lat' dir='ltr'><strong>uotis</strong></span> 
     </span>
    </p>
   </div>
   <div class='ocr_carea' id='block_1_42' title="bbox 389 4023 1976 4102">
    <p class='ocr_par' dir='ltr' id='par_1_42' title="bbox 389 4023 1976 4102">
     <span class='ocr_line' id='line_1_43' title="bbox 389 4023 1976 4102; baseline 0.005 -24"><span class='ocrx_word' id='word_1_272' title='bbox 389 4023 615 4082; x_wconf 79' lang='lat' dir='ltr'><strong>Joannis</strong></span> <span class='ocrx_word' id='word_1_273' title='bbox 651 4025 838 4081; x_wconf 86' lang='lat' dir='ltr'><strong>Tarini</strong></span> <span class='ocrx_word' id='word_1_274' title='bbox 861 4069 878 4094; x_wconf 94' lang='lat'><strong>,</strong></span> <span class='ocrx_word' id='word_1_275' title='bbox 913 4026 1163 4098; x_wconf 84' lang='lat' dir='ltr'><strong>Origenis</strong></span> <span class='ocrx_word' id='word_1_276' title='bbox 1193 4029 1479 4099; x_wconf 81' lang='lat' dir='ltr'><strong>epistolam</strong></span> <span class='ocrx_word' id='word_1_277' title='bbox 1537 4031 1604 4084; x_wconf 91' lang='lat' dir='ltr'><strong>ad</strong></span> <span class='ocrx_word' id='word_1_278' title='bbox 1655 4030 1976 4102; x_wconf 82' lang='lat' dir='ltr'><strong>Gregorium</strong></span> 
     </span>
    </p>
   </div>
   <div class='ocr_carea' id='block_1_43' title="bbox 392 4114 1977 4194">
    <p class='ocr_par' dir='ltr' id='par_1_43' title="bbox 392 4114 1977 4194">
     <span class='ocr_line' id='line_1_44' title="bbox 392 4114 1977 4194; baseline 0.006 -25"><span class='ocrx_word' id='word_1_279' title='bbox 392 4114 865 4188; x_wconf 87' lang='lat' dir='ltr'><strong>Thaumaturgum</strong></span> <span class='ocrx_word' id='word_1_280' title='bbox 916 4120 1039 4190; x_wconf 90' lang='lat' dir='ltr'><strong>ejus</strong></span> <span class='ocrx_word' id='word_1_281' title='bbox 1096 4122 1453 4192; x_wconf 82' lang='lat' dir='ltr'><strong>discipulum,</strong></span> <span class='ocrx_word' id='word_1_282' title='bbox 1487 4137 1596 4194; x_wconf 90' lang='lat' dir='ltr'><strong>qua</strong></span> <span class='ocrx_word' id='word_1_283' title='bbox 1629 4123 1808 4192; x_wconf 92' lang='lat' dir='ltr'><strong>ipsum</strong></span> <span class='ocrx_word' id='word_1_284' title='bbox 1847 4123 1977 4178; x_wconf 88' lang='lat' dir='ltr'><strong>hor-</strong></span> 
     </span>
    </p>
   </div>
   <div class='ocr_carea' id='block_1_44' title="bbox 390 4213 1978 4285">
    <p class='ocr_par' dir='ltr' id='par_1_44' title="bbox 390 4213 1978 4285">
     <span class='ocr_line' id='line_1_45' title="bbox 390 4213 1978 4285; baseline 0.006 -23"><span class='ocrx_word' id='word_1_285' title='bbox 390 4219 558 4278; x_wconf 88' lang='lat' dir='ltr'><strong>tatur,</strong></span> <span class='ocrx_word' id='word_1_286' title='bbox 617 4219 699 4276; x_wconf 91' lang='lat' dir='ltr'><strong>ut,</strong></span> <span class='ocrx_word' id='word_1_287' title='bbox 726 4221 1038 4283; x_wconf 90' lang='lat' dir='ltr'><strong>contempto</strong></span> <span class='ocrx_word' id='word_1_288' title='bbox 1065 4213 1426 4285; x_wconf 75' lang='lat' dir='ltr'><strong>philosophiae</strong></span> <span class='ocrx_word' id='word_1_289' title='bbox 1481 4215 1683 4282; x_wconf 89' lang='lat' dir='ltr'><strong>studio,</strong></span> <span class='ocrx_word' id='word_1_290' title='bbox 1710 4225 1883 4271; x_wconf 84' lang='lat' dir='ltr'><strong>totum</strong></span> <span class='ocrx_word' id='word_1_291' title='bbox 1918 4231 1978 4272; x_wconf 85' lang='lat' dir='ltr'><strong>se</strong></span> 
     </span>
    </p>
   </div>
   <div class='ocr_carea' id='block_1_45' title="bbox 483 4389 1195 4460">
    <p class='ocr_par' dir='ltr' id='par_1_45' title="bbox 483 4389 1195 4460">
     <span class='ocr_line' id='line_1_46' title="bbox 483 4389 1195 4460; baseline 0.004 -16"><span class='ocrx_word' id='word_1_292' title='bbox 483 4389 574 4457; x_wconf 70' lang='grc'><strong>48)</strong></span> <span class='ocrx_word' id='word_1_293' title='bbox 609 4389 783 4460; x_wconf 88' lang='lat' dir='ltr'><strong>Epist.</strong></span> <span class='ocrx_word' id='word_1_294' title='bbox 814 4389 850 4444; x_wconf 73' lang='lat'><strong>2</strong></span> <span class='ocrx_word' id='word_1_295' title='bbox 874 4391 941 4446; x_wconf 86' lang='lat' dir='ltr'><strong>ad</strong></span> <span class='ocrx_word' id='word_1_296' title='bbox 968 4391 1195 4447; x_wconf 88' lang='lat' dir='ltr'><strong>Cledon.</strong></span> 
     </span>
    </p>
   </div>
   <div class='ocr_carea' id='block_1_46' title="bbox 357 4460 1972 4541">
    <p class='ocr_par' dir='ltr' id='par_1_46' title="bbox 357 4460 1972 4541">
     <span class='ocr_line' id='line_1_47' title="bbox 357 4460 1972 4541; baseline 0.004 -30"><span class='ocrx_word' id='word_1_297' title='bbox 357 4505 361 4511; x_wconf 84' lang='lat'><strong>.</strong></span> <span class='ocrx_word' id='word_1_298' title='bbox 461 4460 865 4541; x_wconf 62' lang='lat' dir='ltr'><strong>(49_i_bequieii.</strong></span> <span class='ocrx_word' id='word_1_299' title='bbox 890 4464 958 4517; x_wconf 89' lang='lat' dir='ltr'><strong>ad</strong></span> <span class='ocrx_word' id='word_1_300' title='bbox 1004 4463 1212 4519; x_wconf 84' lang='lat' dir='ltr'><strong>Parall.</strong></span> <span class='ocrx_word' id='word_1_301' title='bbox 1267 4461 1544 4530; x_wconf 88' lang='lat' dir='ltr'><strong>Damasc.,</strong></span> <span class='ocrx_word' id='word_1_302' title='bbox 1579 4462 1715 4536; x_wconf 91' lang='lat' dir='ltr'><strong>Opp.</strong></span> <span class='ocrx_word' id='word_1_303' title='bbox 1747 4473 1880 4520; x_wconf 91' lang='lat' dir='ltr'><strong>tom.</strong></span> <span class='ocrx_word' id='word_1_304' title='bbox 1906 4463 1972 4532; x_wconf 92' lang='lat' dir='ltr'><strong>ll,</strong></span> 
     </span>
    </p>
   </div>
   <div class='ocr_carea' id='block_1_47' title="bbox 341 4531 1725 4681">
    <p class='ocr_par' dir='ltr' id='par_1_47' title="bbox 341 4531 1725 4681">
     <span class='ocr_line' id='line_1_48' title="bbox 341 4531 1725 4681; baseline 0.006 -29"><span class='ocrx_word' id='word_1_305' title='bbox 341 4585 358 4667; x_wconf 69' lang='lat' dir='ltr'><strong>j</strong></span> <span class='ocrx_word' id='word_1_306' title='bbox 386 4531 828 4681; x_wconf 29' lang='lat' dir='ltr'><strong>“faui-112mm</strong></span> <span class='ocrx_word' id='word_1_307' title='bbox 855 4603 924 4658; x_wconf 89' lang='lat' dir='ltr'><strong>ad</strong></span> <span class='ocrx_word' id='word_1_308' title='bbox 974 4613 1108 4659; x_wconf 91' lang='lat' dir='ltr'><strong>tom.</strong></span> <span class='ocrx_word' id='word_1_309' title='bbox 1140 4602 1323 4681; x_wconf 89' lang='lat' dir='ltr'><strong>l_0pp.</strong></span> <span class='ocrx_word' id='word_1_310' title='bbox 1352 4604 1725 4681; x_wconf 17' lang='lat' dir='ltr'><strong>Clirys..g§_5.</strong></span> 
     </span>
    </p>
   </div>
   <div class='ocr_carea' id='block_1_48' title="bbox 458 4672 1687 4747">
    <p class='ocr_par' dir='ltr' id='par_1_48' title="bbox 458 4672 1687 4747">
     <span class='ocr_line' id='line_1_49' title="bbox 458 4672 1687 4747; baseline 0.006 -22"><span class='ocrx_word' id='word_1_311' title='bbox 458 4672 574 4747; x_wconf 79' lang='grc'>(5-1)</span> <span class='ocrx_word' id='word_1_312' title='bbox 604 4677 830 4747; x_wconf 51' lang='lat' dir='ltr'><strong>Auctor.</strong></span> <span class='ocrx_word' id='word_1_313' title='bbox 861 4691 980 4730; x_wconf 87' lang='lat' dir='ltr'><strong>nov.</strong></span> <span class='ocrx_word' id='word_1_314' title='bbox 1007 4684 1140 4729; x_wconf 90' lang='lat' dir='ltr'><strong>tom.</strong></span> <span class='ocrx_word' id='word_1_315' title='bbox 1171 4676 1214 4743; x_wconf 90' lang='lat' dir='ltr'><strong>l,</strong></span> <span class='ocrx_word' id='word_1_316' title='bbox 1235 4672 1400 4747; x_wconf 75' lang='lat' dir='ltr'><strong>pagg.</strong></span> <span class='ocrx_word' id='word_1_317' title='bbox 1436 4672 1687 4732; x_wconf 73' lang='grc' dir='ltr'><strong>602-6ῑ9.</strong></span> 
     </span>
    </p>
   </div>
   <div class='ocr_carea' id='block_1_49' title="bbox 457 4744 1964 4815">
    <p class='ocr_par' dir='ltr' id='par_1_49' title="bbox 457 4744 1964 4815">
     <span class='ocr_line' id='line_1_50' title="bbox 457 4744 1964 4815; baseline 0.005 -21"><span class='ocrx_word' id='word_1_318' title='bbox 457 4745 570 4815; x_wconf 73' lang='grc'>(52)</span> <span class='ocrx_word' id='word_1_319' title='bbox 603 4744 678 4798; x_wconf 88' lang='lat' dir='ltr'><strong>id.</strong></span> <span class='ocrx_word' id='word_1_320' title='bbox 710 4746 765 4799; x_wconf 90' lang='lat' dir='ltr'><strong>in</strong></span> <span class='ocrx_word' id='word_1_321' title='bbox 785 4761 996 4801; x_wconf 88' lang='lat' dir='ltr'><strong>recens.</strong></span> <span class='ocrx_word' id='word_1_322' title='bbox 1043 4756 1257 4802; x_wconf 87' lang='lat' dir='ltr'><strong>auctor.</strong></span> <span class='ocrx_word' id='word_1_323' title='bbox 1292 4744 1371 4802; x_wconf 69' lang='lat' dir='ltr'><strong>ad</strong></span> <span class='ocrx_word' id='word_1_324' title='bbox 1407 4757 1537 4804; x_wconf 91' lang='lat' dir='ltr'><strong>tom.</strong></span> <span class='ocrx_word' id='word_1_325' title='bbox 1571 4747 1593 4801; x_wconf 83' lang='grc' dir='ltr'><strong>Ι</strong></span> <span class='ocrx_word' id='word_1_326' title='bbox 1624 4748 1765 4804; x_wconf 85' lang='lat' dir='ltr'><strong>Bibl.</strong></span> <span class='ocrx_word' id='word_1_327' title='bbox 1792 4764 1964 4814; x_wconf 84' lang='lat' dir='ltr'><strong>conc.,</strong></span> 
     </span>
    </p>
   </div>
   <div class='ocr_carea' id='block_1_50' title="bbox 383 4815 1153 4956">
    <p class='ocr_par' dir='ltr' id='par_1_50' title="bbox 383 4815 1153 4956">
     <span class='ocr_line' id='line_1_51' title="bbox 383 4815 622 4886; baseline 0.013 -21"><span class='ocrx_word' id='word_1_328' title='bbox 383 4815 622 4886; x_wconf 75' lang='lat' dir='ltr'><strong>pag.16.</strong></span> 
     </span>
     <span class='ocr_line' id='line_1_52' title="bbox 457 4885 1153 4956; baseline 0.007 -17"><span class='ocrx_word' id='word_1_329' title='bbox 457 4887 567 4956; x_wconf 84' lang='grc'>(55)</span> <span class='ocrx_word' id='word_1_330' title='bbox 597 4887 675 4940; x_wconf 83' lang='lat' dir='ltr'><strong>Ad</strong></span> <span class='ocrx_word' id='word_1_331' title='bbox 703 4885 853 4942; x_wconf 87' lang='lat' dir='ltr'><strong>Orat.</strong></span> <span class='ocrx_word' id='word_1_332' title='bbox 882 4887 916 4941; x_wconf 89' lang='lat'><strong>6</strong></span> <span class='ocrx_word' id='word_1_333' title='bbox 947 4886 1153 4944; x_wconf 83' lang='lat' dir='ltr'><strong>Procli.</strong></span> 
     </span>
    </p>
   </div>
   <div class='ocr_carea' id='block_1_51' title="bbox 453 4957 1265 5032">
    <p class='ocr_par' dir='ltr' id='par_1_51' title="bbox 453 4957 1265 5032">
     <span class='ocr_line' id='line_1_53' title="bbox 453 4957 1265 5032; baseline 0.005 -22"><span class='ocrx_word' id='word_1_334' title='bbox 453 4957 568 5027; x_wconf 71' lang='grc'>(54)</span> <span class='ocrx_word' id='word_1_335' title='bbox 593 4957 736 5012; x_wconf 79' lang='lat' dir='ltr'><strong>Bibl.</strong></span> <span class='ocrx_word' id='word_1_336' title='bbox 773 4959 962 5026; x_wconf 77' lang='lat' dir='ltr'><strong>CoisL,</strong></span> <span class='ocrx_word' id='word_1_337' title='bbox 989 4977 1111 5032; x_wconf 88' lang='lat' dir='ltr'><strong>pag.</strong></span> <span class='ocrx_word' id='word_1_338' title='bbox 1139 4959 1265 5016; x_wconf 79' lang='grc'>180.</span> 
     </span>
    </p>
   </div>
   <div class='ocr_carea' id='block_1_52' title="bbox 382 5162 1182 5286">
    <p class='ocr_par' dir='ltr' id='par_1_52' title="bbox 382 5162 1182 5286">
     <span class='ocr_line' id='line_1_54' title="bbox 447 5162 1163 5227; baseline 0.004 -16"><span class='ocrx_word' id='word_1_339' title='bbox 447 5162 518 5224; x_wconf 76' lang='grc' dir='ltr'>(ὁ)</span> <span class='ocrx_word' id='word_1_340' title='bbox 544 5162 597 5212; x_wconf 90' lang='lat' dir='ltr'><strong>S.</strong></span> <span class='ocrx_word' id='word_1_341' title='bbox 626 5162 852 5227; x_wconf 80' lang='lat' dir='ltr'><strong>Gregorii</strong></span> <span class='ocrx_word' id='word_1_342' title='bbox 878 5162 1163 5215; x_wconf 77' lang='lat' dir='ltr'><strong>sermonem</strong></span> 
     </span>
     <span class='ocr_line' id='line_1_55' title="bbox 382 5227 1182 5286; baseline 0.006 -13"><span class='ocrx_word' id='word_1_343' title='bbox 382 5237 495 5274; x_wconf 89' lang='lat' dir='ltr'><strong>nem</strong></span> <span class='ocrx_word' id='word_1_344' title='bbox 519 5229 763 5286; x_wconf 79' lang='lat' dir='ltr'><strong>ignoravit</strong></span> <span class='ocrx_word' id='word_1_345' title='bbox 783 5228 1083 5278; x_wconf 86' lang='lat' dir='ltr'><strong>Gallandius.</strong></span> <span class='ocrx_word' id='word_1_346' title='bbox 1116 5227 1182 5278; x_wconf 87' lang='lat' dir='ltr'><strong>Io.</strong></span> 
     </span>
    </p>
   </div>
   <div class='ocr_carea' id='block_1_53' title="bbox 2102 565 3656 640">
    <p class='ocr_par' dir='ltr' id='par_1_53' title="bbox 2102 565 3656 640">
     <span class='ocr_line' id='line_1_56' title="bbox 2102 565 3656 640; baseline 0.002 -18"><span class='ocrx_word' id='word_1_347' title='bbox 2102 583 2305 623; x_wconf 91' lang='lat' dir='ltr'><strong>annum</strong></span> <span class='ocrx_word' id='word_1_348' title='bbox 2336 568 2538 624; x_wconf 84' lang='lat' dir='ltr'><strong>Christi</strong></span> <span class='ocrx_word' id='word_1_349' title='bbox 2576 567 2700 622; x_wconf 69' lang='grc'>240.</span> <span class='ocrx_word' id='word_1_350' title='bbox 2733 565 2885 623; x_wconf 85' lang='lat' dir='ltr'><strong>Hane</strong></span> <span class='ocrx_word' id='word_1_351' title='bbox 2911 585 3040 625; x_wconf 90' lang='lat' dir='ltr'><strong>vero</strong></span> <span class='ocrx_word' id='word_1_352' title='bbox 3071 570 3358 640; x_wconf 82' lang='lat' dir='ltr'><strong>epistolam</strong></span> <span class='ocrx_word' id='word_1_353' title='bbox 3392 569 3656 636; x_wconf 79' lang='lat' dir='ltr'><strong>Origenia-</strong></span> 
     </span>
    </p>
   </div>
   <div class='ocr_carea' id='block_1_54' title="bbox 2101 657 3656 730">
    <p class='ocr_par' dir='ltr' id='par_1_54' title="bbox 2101 657 3656 730">
     <span class='ocr_line' id='line_1_57' title="bbox 2101 657 3656 730; baseline 0.002 -19"><span class='ocrx_word' id='word_1_354' title='bbox 2101 675 2226 713; x_wconf 87' lang='lat' dir='ltr'><strong>nam</strong></span> <span class='ocrx_word' id='word_1_355' title='bbox 2255 659 2457 729; x_wconf 82' lang='lat' dir='ltr'><strong>excipit</strong></span> <span class='ocrx_word' id='word_1_356' title='bbox 2499 657 2616 712; x_wconf 83' lang='lat' dir='ltr'><strong>Vita</strong></span> <span class='ocrx_word' id='word_1_357' title='bbox 2643 658 2886 728; x_wconf 87' lang='lat' dir='ltr'><strong>ejusdem</strong></span> <span class='ocrx_word' id='word_1_358' title='bbox 2933 662 3105 714; x_wconf 86' lang='lat' dir='ltr'><strong>sancti</strong></span> <span class='ocrx_word' id='word_1_359' title='bbox 3157 659 3402 730; x_wconf 83' lang='lat' dir='ltr'><strong>Gregorii</strong></span> <span class='ocrx_word' id='word_1_360' title='bbox 3454 659 3656 714; x_wconf 65' lang='lat' dir='ltr'><strong>Neocre-</strong></span> 
     </span>
    </p>
   </div>
   <div class='ocr_carea' id='block_1_55' title="bbox 2100 751 3656 824">
    <p class='ocr_par' dir='ltr' id='par_1_55' title="bbox 2100 751 3656 824">
     <span class='ocr_line' id='line_1_58' title="bbox 2100 751 3656 824; baseline 0 -16"><span class='ocrx_word' id='word_1_361' title='bbox 2100 753 2359 808; x_wconf 91' lang='lat' dir='ltr'><strong>sariensis</strong></span> <span class='ocrx_word' id='word_1_362' title='bbox 2402 768 2431 807; x_wconf 91' lang='lat' dir='ltr'><strong>a</strong></span> <span class='ocrx_word' id='word_1_363' title='bbox 2457 761 2647 808; x_wconf 88' lang='lat' dir='ltr'><strong>sancto</strong></span> <span class='ocrx_word' id='word_1_364' title='bbox 2670 751 2932 823; x_wconf 85' lang='lat' dir='ltr'><strong>Gregorio</strong></span> <span class='ocrx_word' id='word_1_365' title='bbox 2955 751 3202 824; x_wconf 80' lang='lat' dir='ltr'><strong>Nysseno</strong></span> <span class='ocrx_word' id='word_1_366' title='bbox 3233 754 3541 823; x_wconf 88' lang='lat' dir='ltr'><strong>conscripta</strong></span> <span class='ocrx_word' id='word_1_367' title='bbox 3570 753 3656 823; x_wconf 90' lang='lat' dir='ltr'><strong>(a).</strong></span> 
     </span>
    </p>
   </div>
   <div class='ocr_carea' id='block_1_56' title="bbox 2098 845 3659 918">
    <p class='ocr_par' dir='ltr' id='par_1_56' title="bbox 2098 845 3659 918">
     <span class='ocr_line' id='line_1_59' title="bbox 2098 845 3659 918; baseline 0.002 -18"><span class='ocrx_word' id='word_1_368' title='bbox 2098 845 2390 917; x_wconf 76' lang='lat' dir='ltr'><strong>Exemplar</strong></span> <span class='ocrx_word' id='word_1_369' title='bbox 2429 845 2754 902; x_wconf 86' lang='lat' dir='ltr'><strong>Vossianum</strong></span> <span class='ocrx_word' id='word_1_370' title='bbox 2786 846 3162 918; x_wconf 80' lang='lat' dir='ltr'><strong>Moguntinum</strong></span> <span class='ocrx_word' id='word_1_371' title='bbox 3195 864 3322 901; x_wconf 89' lang='lat' dir='ltr'><strong>ann.</strong></span> <span class='ocrx_word' id='word_1_372' title='bbox 3354 847 3491 901; x_wconf 73' lang='grc'>1604</span> <span class='ocrx_word' id='word_1_373' title='bbox 3515 847 3659 903; x_wconf 72' lang='lat' dir='ltr'><strong>ftrdis</strong></span> 
     </span>
    </p>
   </div>
   <div class='ocr_carea' id='block_1_57' title="bbox 2097 937 3659 1004">
    <p class='ocr_par' dir='ltr' id='par_1_57' title="bbox 2097 937 3659 1004">
     <span class='ocr_line' id='line_1_60' title="bbox 2097 937 3659 1004; baseline -0.001 -10"><span class='ocrx_word' id='word_1_374' title='bbox 2097 939 2379 994; x_wconf 88' lang='lat' dir='ltr'><strong>erroribus</strong></span> <span class='ocrx_word' id='word_1_375' title='bbox 2433 947 2673 1004; x_wconf 87' lang='lat' dir='ltr'><strong>scatens,</strong></span> <span class='ocrx_word' id='word_1_376' title='bbox 2709 954 2833 993; x_wconf 91' lang='lat' dir='ltr'><strong>cum</strong></span> <span class='ocrx_word' id='word_1_377' title='bbox 2861 939 3008 993; x_wconf 88' lang='lat' dir='ltr'><strong>edito</strong></span> <span class='ocrx_word' id='word_1_378' title='bbox 3040 937 3337 994; x_wconf 88' lang='lat' dir='ltr'><strong>Parisiensi</strong></span> <span class='ocrx_word' id='word_1_379' title='bbox 3374 955 3505 993; x_wconf 90' lang='lat' dir='ltr'><strong>ann.</strong></span> <span class='ocrx_word' id='word_1_380' title='bbox 3537 938 3659 993; x_wconf 88' lang='grc'>1650</span> 
     </span>
    </p>
   </div>
   <div class='ocr_carea' id='block_1_58' title="bbox 2099 1028 3661 1100">
    <p class='ocr_par' dir='ltr' id='par_1_58' title="bbox 2099 1028 3661 1100">
     <span class='ocr_line' id='line_1_61' title="bbox 2099 1028 3661 1100; baseline -0.001 -15"><span class='ocrx_word' id='word_1_381' title='bbox 2099 1031 2273 1087; x_wconf 88' lang='lat' dir='ltr'><strong>multo</strong></span> <span class='ocrx_word' id='word_1_382' title='bbox 2315 1031 2682 1085; x_wconf 88' lang='lat' dir='ltr'><strong>emendatiore</strong></span> <span class='ocrx_word' id='word_1_383' title='bbox 2733 1031 3086 1085; x_wconf 86' lang='lat' dir='ltr'><strong>contulimus.</strong></span> <span class='ocrx_word' id='word_1_384' title='bbox 3146 1028 3331 1097; x_wconf 79' lang='lat' dir='ltr'><strong>Neque</strong></span> <span class='ocrx_word' id='word_1_385' title='bbox 3369 1030 3661 1100; x_wconf 64' lang='lat' dir='ltr'><strong>praetermi-</strong></span> 
     </span>
    </p>
   </div>
   <div class='ocr_carea' id='block_1_59' title="bbox 2099 1121 3663 1201">
    <p class='ocr_par' dir='ltr' id='par_1_59' title="bbox 2099 1121 3663 1201">
     <span class='ocr_line' id='line_1_62' title="bbox 2099 1121 3663 1201; baseline -0.001 -24"><span class='ocrx_word' id='word_1_386' title='bbox 2099 1123 2272 1178; x_wconf 91' lang='lat' dir='ltr'><strong>simus</strong></span> <span class='ocrx_word' id='word_1_387' title='bbox 2298 1133 2613 1201; x_wconf 82' lang='lat' dir='ltr'><strong>excerptum</strong></span> <span class='ocrx_word' id='word_1_388' title='bbox 2661 1121 2792 1178; x_wconf 78' lang='lat' dir='ltr'><strong>Vita:</strong></span> <span class='ocrx_word' id='word_1_389' title='bbox 2832 1123 2996 1194; x_wconf 88' lang='lat' dir='ltr'><strong>hujus</strong></span> <span class='ocrx_word' id='word_1_390' title='bbox 3039 1123 3404 1194; x_wconf 78' lang='lat' dir='ltr'><strong>Gregoriame,</strong></span> <span class='ocrx_word' id='word_1_391' title='bbox 3455 1123 3595 1192; x_wconf 91' lang='lat' dir='ltr'><strong>quod</strong></span> <span class='ocrx_word' id='word_1_392' title='bbox 3632 1136 3663 1176; x_wconf 78' lang='grc' dir='ltr'><strong>ο</strong></span> 
     </span>
    </p>
   </div>
   <div class='ocr_carea' id='block_1_60' title="bbox 2098 1215 3662 1286">
    <p class='ocr_par' dir='ltr' id='par_1_60' title="bbox 2098 1215 3662 1286">
     <span class='ocr_line' id='line_1_63' title="bbox 2098 1215 3662 1286; baseline -0.001 -16"><span class='ocrx_word' id='word_1_393' title='bbox 2098 1217 2286 1271; x_wconf 88' lang='lat' dir='ltr'><strong>codice</strong></span> <span class='ocrx_word' id='word_1_394' title='bbox 2365 1215 2701 1272; x_wconf 84' lang='lat' dir='ltr'><strong>Coisliniano</strong></span> <span class='ocrx_word' id='word_1_395' title='bbox 2757 1215 2861 1270; x_wconf 87' lang='grc'>106</span> <span class='ocrx_word' id='word_1_396' title='bbox 2922 1217 3254 1286; x_wconf 89' lang='lat' dir='ltr'><strong>descriptum</strong></span> <span class='ocrx_word' id='word_1_397' title='bbox 3320 1216 3662 1271; x_wconf 79' lang='lat' dir='ltr'><strong>doctissimus</strong></span> 
     </span>
    </p>
   </div>
   <div class='ocr_carea' id='block_1_61' title="bbox 2097 1306 3664 1378">
    <p class='ocr_par' dir='ltr' id='par_1_61' title="bbox 2097 1306 3664 1378">
     <span class='ocr_line' id='line_1_64' title="bbox 2097 1306 3664 1378; baseline -0.003 -14"><span class='ocrx_word' id='word_1_398' title='bbox 2097 1309 2539 1365; x_wconf 85' lang='lat' dir='ltr'><strong>Montfauconius</strong></span> <span class='ocrx_word' id='word_1_399' title='bbox 2581 1308 2800 1364; x_wconf 70' lang='lat' dir='ltr'><strong>exhibet</strong></span> <span class='ocrx_word' id='word_1_400' title='bbox 2833 1308 2946 1378; x_wconf 73' lang='grc'>(54)</span> <span class='ocrx_word' id='word_1_401' title='bbox 2979 1309 3127 1362; x_wconf 85' lang='lat' dir='ltr'><strong>velut</strong></span> <span class='ocrx_word' id='word_1_402' title='bbox 3177 1307 3497 1370; x_wconf 88' lang='lat' dir='ltr'><strong>aneedoton,</strong></span> <span class='ocrx_word' id='word_1_403' title='bbox 3547 1306 3664 1360; x_wconf 85' lang='lat' dir='ltr'><strong>licet</strong></span> 
     </span>
    </p>
   </div>
   <div class='ocr_carea' id='block_1_62' title="bbox 2096 1397 3662 1473">
    <p class='ocr_par' dir='ltr' id='par_1_62' title="bbox 2096 1397 3662 1473">
     <span class='ocr_line' id='line_1_65' title="bbox 2096 1397 3662 1473; baseline -0.004 -17"><span class='ocrx_word' id='word_1_404' title='bbox 2096 1402 2149 1456; x_wconf 92' lang='lat' dir='ltr'><strong>in</strong></span> <span class='ocrx_word' id='word_1_405' title='bbox 2184 1412 2340 1456; x_wconf 80' lang='lat' dir='ltr'><strong>antea</strong></span> <span class='ocrx_word' id='word_1_406' title='bbox 2368 1401 2596 1473; x_wconf 83' lang='lat' dir='ltr'><strong>vulgatis</strong></span> <span class='ocrx_word' id='word_1_407' title='bbox 2617 1409 2946 1471; x_wconf 89' lang='lat' dir='ltr'><strong>compareat,</strong></span> <span class='ocrx_word' id='word_1_408' title='bbox 2978 1407 3036 1454; x_wconf 94' lang='lat' dir='ltr'><strong>ut</strong></span> <span class='ocrx_word' id='word_1_409' title='bbox 3057 1413 3159 1454; x_wconf 88' lang='lat' dir='ltr'><strong>suo</strong></span> <span class='ocrx_word' id='word_1_410' title='bbox 3185 1399 3304 1454; x_wconf 93' lang='lat' dir='ltr'><strong>loco</strong></span> <span class='ocrx_word' id='word_1_411' title='bbox 3331 1397 3662 1452; x_wconf 83' lang='lat' dir='ltr'><strong>animadver-</strong></span> 
     </span>
    </p>
   </div>
   <div class='ocr_carea' id='block_1_63' title="bbox 2095 1488 3661 1562">
    <p class='ocr_par' dir='ltr' id='par_1_63' title="bbox 2095 1488 3661 1562">
     <span class='ocr_line' id='line_1_66' title="bbox 2095 1488 3661 1562; baseline -0.002 -17"><span class='ocrx_word' id='word_1_412' title='bbox 2095 1493 2264 1546; x_wconf 90' lang='lat' dir='ltr'><strong>timus</strong></span> <span class='ocrx_word' id='word_1_413' title='bbox 2296 1491 2430 1562; x_wconf 81' lang='grc'>(55).</span> <span class='ocrx_word' id='word_1_414' title='bbox 2470 1491 2712 1562; x_wconf 89' lang='lat' dir='ltr'><strong>Denique</strong></span> <span class='ocrx_word' id='word_1_415' title='bbox 2737 1491 2805 1545; x_wconf 91' lang='lat' dir='ltr'><strong>ad</strong></span> <span class='ocrx_word' id='word_1_416' title='bbox 2857 1488 3157 1544; x_wconf 80' lang='lat' dir='ltr'><strong>faciliorem</strong></span> <span class='ocrx_word' id='word_1_417' title='bbox 3186 1488 3386 1560; x_wconf 85' lang='lat' dir='ltr'><strong>egregii</strong></span> <span class='ocrx_word' id='word_1_418' title='bbox 3418 1488 3661 1558; x_wconf 89' lang='lat' dir='ltr'><strong>opusculi</strong></span> 
     </span>
    </p>
   </div>
   <div class='ocr_carea' id='block_1_64' title="bbox 2098 1581 3364 1651">
    <p class='ocr_par' dir='ltr' id='par_1_64' title="bbox 2098 1581 3364 1651">
     <span class='ocr_line' id='line_1_67' title="bbox 2098 1581 3364 1651; baseline -0.002 -13"><span class='ocrx_word' id='word_1_419' title='bbox 2098 1600 2279 1651; x_wconf 87' lang='lat' dir='ltr'><strong>usum,</strong></span> <span class='ocrx_word' id='word_1_420' title='bbox 2309 1585 2439 1640; x_wconf 92' lang='lat' dir='ltr'><strong>illud</strong></span> <span class='ocrx_word' id='word_1_421' title='bbox 2469 1585 2526 1639; x_wconf 89' lang='lat' dir='ltr'><strong>in</strong></span> <span class='ocrx_word' id='word_1_422' title='bbox 2551 1585 2729 1640; x_wconf 81' lang='lat' dir='ltr'><strong>varias</strong></span> <span class='ocrx_word' id='word_1_423' title='bbox 2761 1581 3031 1637; x_wconf 88' lang='lat' dir='ltr'><strong>sectiones</strong></span> <span class='ocrx_word' id='word_1_424' title='bbox 3061 1581 3364 1636; x_wconf 81' lang='lat' dir='ltr'><strong>divisimus.</strong></span> 
     </span>
    </p>
   </div>
   <div class='ocr_carea' id='block_1_65' title="bbox 2163 1687 3660 1772">
    <p class='ocr_par' dir='ltr' id='par_1_65' title="bbox 2163 1687 3660 1772">
     <span class='ocr_line' id='line_1_68' title="bbox 2163 1687 3660 1772; baseline -0.001 -17"><span class='ocrx_word' id='word_1_425' title='bbox 2163 1699 2319 1756; x_wconf 84' lang='lat' dir='ltr'><strong>Haud</strong></span> <span class='ocrx_word' id='word_1_426' title='bbox 2376 1703 2629 1772; x_wconf 87' lang='lat' dir='ltr'><strong>equidem</strong></span> <span class='ocrx_word' id='word_1_427' title='bbox 2691 1703 2904 1772; x_wconf 77' lang='lat' dir='ltr'><strong>ignoro,</strong></span> <span class='ocrx_word' id='word_1_428' title='bbox 2952 1701 3287 1757; x_wconf 82' lang='lat' dir='ltr'><strong>Dodwellum</strong></span> <span class='ocrx_word' id='word_1_429' title='bbox 3345 1716 3435 1756; x_wconf 91' lang='lat' dir='ltr'><strong>res</strong></span> <span class='ocrx_word' id='word_1_430' title='bbox 3489 1687 3660 1772; x_wconf 77' lang='lat' dir='ltr'><strong>gestas</strong></span> 
     </span>
    </p>
   </div>
   <div class='ocr_carea' id='block_1_66' title="bbox 2096 1792 3659 1866">
    <p class='ocr_par' dir='ltr' id='par_1_66' title="bbox 2096 1792 3659 1866">
     <span class='ocr_line' id='line_1_69' title="bbox 2096 1792 3659 1866; baseline 0 -19"><span class='ocrx_word' id='word_1_431' title='bbox 2096 1792 2490 1866; x_wconf 86' lang='lat' dir='ltr'><strong>Thaumaturgi</strong></span> <span class='ocrx_word' id='word_1_432' title='bbox 2532 1794 2881 1850; x_wconf 87' lang='lat' dir='ltr'><strong>admirandas</strong></span> <span class='ocrx_word' id='word_1_433' title='bbox 2914 1809 2945 1848; x_wconf 87' lang='lat' dir='ltr'><strong>a</strong></span> <span class='ocrx_word' id='word_1_434' title='bbox 2974 1792 3218 1866; x_wconf 84' lang='lat' dir='ltr'><strong>Nysseno</strong></span> <span class='ocrx_word' id='word_1_435' title='bbox 3241 1802 3528 1848; x_wconf 87' lang='lat' dir='ltr'><strong>enarratas</strong></span> <span class='ocrx_word' id='word_1_436' title='bbox 3558 1793 3659 1847; x_wconf 86' lang='lat' dir='ltr'><strong>ele-</strong></span> 
     </span>
    </p>
   </div>
   <div class='ocr_carea' id='block_1_67' title="bbox 2096 1882 3662 1956">
    <p class='ocr_par' dir='ltr' id='par_1_67' title="bbox 2096 1882 3662 1956">
     <span class='ocr_line' id='line_1_70' title="bbox 2096 1882 3662 1956; baseline -0.003 -18"><span class='ocrx_word' id='word_1_437' title='bbox 2096 1900 2254 1950; x_wconf 88' lang='lat' dir='ltr'><strong>vare;</strong></span> <span class='ocrx_word' id='word_1_438' title='bbox 2288 1885 2488 1956; x_wconf 87' lang='lat' dir='ltr'><strong>quippe</strong></span> <span class='ocrx_word' id='word_1_439' title='bbox 2518 1885 2631 1954; x_wconf 91' lang='lat' dir='ltr'><strong>qui,</strong></span> <span class='ocrx_word' id='word_1_440' title='bbox 2673 1885 2719 1940; x_wconf 91' lang='lat' dir='ltr'><strong>si</strong></span> <span class='ocrx_word' id='word_1_441' title='bbox 2768 1885 2944 1954; x_wconf 91' lang='lat' dir='ltr'><strong>ipsum</strong></span> <span class='ocrx_word' id='word_1_442' title='bbox 2973 1884 3164 1939; x_wconf 89' lang='lat' dir='ltr'><strong>audias</strong></span> <span class='ocrx_word' id='word_1_443' title='bbox 3201 1883 3336 1954; x_wconf 85' lang='grc'>(56),</span> <span class='ocrx_word' id='word_1_444' title='bbox 3402 1901 3421 1934; x_wconf 75' lang='grc' dir='ltr'>σ</span> <span class='ocrx_word' id='word_1_445' title='bbox 3454 1882 3662 1936; x_wconf 85' lang='lat' dir='ltr'><strong>ratioci-</strong></span> 
     </span>
    </p>
   </div>
   <div class='ocr_carea' id='block_1_68' title="bbox 2095 1973 3660 2047">
    <p class='ocr_par' dir='ltr' id='par_1_68' title="bbox 2095 1973 3660 2047">
     <span class='ocr_line' id='line_1_71' title="bbox 2095 1973 3660 2047; baseline -0.001 -18"><span class='ocrx_word' id='word_1_446' title='bbox 2095 1977 2200 2030; x_wconf 86' lang='lat' dir='ltr'><strong>niis</strong></span> <span class='ocrx_word' id='word_1_447' title='bbox 2259 1977 2517 2031; x_wconf 88' lang='lat' dir='ltr'><strong>nimirum</strong></span> <span class='ocrx_word' id='word_1_448' title='bbox 2557 1976 2673 2032; x_wconf 90' lang='lat' dir='ltr'><strong>suis</strong></span> <span class='ocrx_word' id='word_1_449' title='bbox 2702 1976 3142 2047; x_wconf 85' lang='lat' dir='ltr'><strong>conjecturisque</strong></span> <span class='ocrx_word' id='word_1_450' title='bbox 3180 1985 3391 2038; x_wconf 85' lang='lat' dir='ltr'><strong>auctas.</strong></span> <span class='ocrx_word' id='word_1_451' title='bbox 3436 1973 3660 2043; x_wconf 87' lang='lat' dir='ltr'><strong>posteris</strong></span> 
     </span>
    </p>
   </div>
   <div class='ocr_carea' id='block_1_69' title="bbox 2094 2070 3661 2138">
    <p class='ocr_par' dir='ltr' id='par_1_69' title="bbox 2094 2070 3661 2138">
     <span class='ocr_line' id='line_1_72' title="bbox 2094 2070 3661 2138; baseline -0.002 -16"><span class='ocrx_word' id='word_1_452' title='bbox 2094 2071 2514 2138; x_wconf 71' lang='lat' dir='ltr'><strong>reprresentarit.</strong></span> <span class='ocrx_word' id='word_1_453' title='bbox 2558 2089 2576 2122; x_wconf 86' lang='grc'>›</span> <span class='ocrx_word' id='word_1_454' title='bbox 2613 2070 2783 2124; x_wconf 82' lang='lat' dir='ltr'><strong>Miror</strong></span> <span class='ocrx_word' id='word_1_455' title='bbox 2813 2071 3090 2124; x_wconf 85' lang='lat' dir='ltr'><strong>enimvero</strong></span> <span class='ocrx_word' id='word_1_456' title='bbox 3121 2084 3229 2123; x_wconf 90' lang='lat' dir='ltr'><strong>non</strong></span> <span class='ocrx_word' id='word_1_457' title='bbox 3262 2075 3517 2123; x_wconf 89' lang='lat' dir='ltr'><strong>accurate</strong></span> <span class='ocrx_word' id='word_1_458' title='bbox 3551 2081 3661 2135; x_wconf 87' lang='lat' dir='ltr'><strong>per-</strong></span> 
     </span>
    </p>
   </div>
   <div class='ocr_carea' id='block_1_70' title="bbox 2093 2161 3659 2234">
    <p class='ocr_par' dir='ltr' id='par_1_70' title="bbox 2093 2161 3659 2234">
     <span class='ocr_line' id='line_1_73' title="bbox 2093 2161 3659 2234; baseline -0.003 -18"><span class='ocrx_word' id='word_1_459' title='bbox 2093 2163 2348 2233; x_wconf 85' lang='lat' dir='ltr'><strong>pendisse</strong></span> <span class='ocrx_word' id='word_1_460' title='bbox 2374 2163 2550 2217; x_wconf 87' lang='lat' dir='ltr'><strong>virum</strong></span> <span class='ocrx_word' id='word_1_461' title='bbox 2577 2163 2828 2218; x_wconf 88' lang='lat' dir='ltr'><strong>criticum</strong></span> <span class='ocrx_word' id='word_1_462' title='bbox 2847 2161 3025 2234; x_wconf 82' lang='lat' dir='ltr'><strong>Magni</strong></span> <span class='ocrx_word' id='word_1_463' title='bbox 3053 2161 3237 2217; x_wconf 88' lang='lat' dir='ltr'><strong>Basilii</strong></span> <span class='ocrx_word' id='word_1_464' title='bbox 3271 2161 3659 2223; x_wconf 91' lang='lat' dir='ltr'><strong>testimonium,</strong></span> 
     </span>
    </p>
   </div>
   <div class='ocr_carea' id='block_1_71' title="bbox 2091 2255 3661 2327">
    <p class='ocr_par' dir='ltr' id='par_1_71' title="bbox 2091 2255 3661 2327">
     <span class='ocr_line' id='line_1_74' title="bbox 2091 2255 3661 2327; baseline -0.003 -17"><span class='ocrx_word' id='word_1_465' title='bbox 2091 2272 2201 2324; x_wconf 88' lang='lat' dir='ltr'><strong>quo</strong></span> <span class='ocrx_word' id='word_1_466' title='bbox 2228 2275 2246 2307; x_wconf 86' lang='grc'><em>‹</em></span> <span class='ocrx_word' id='word_1_467' title='bbox 2279 2256 2575 2326; x_wconf 87' lang='lat' dir='ltr'><strong>Gregorius</strong></span> <span class='ocrx_word' id='word_1_468' title='bbox 2605 2256 2832 2327; x_wconf 86' lang='lat' dir='ltr'><strong>Magnus</strong></span> <span class='ocrx_word' id='word_1_469' title='bbox 2860 2264 3076 2326; x_wconf 87' lang='lat' dir='ltr'><strong>propter</strong></span> <span class='ocrx_word' id='word_1_470' title='bbox 3098 2256 3365 2310; x_wconf 86' lang='lat' dir='ltr'><strong>donorum</strong></span> <span class='ocrx_word' id='word_1_471' title='bbox 3395 2255 3661 2309; x_wconf 77' lang='lat' dir='ltr'><strong>excellen-</strong></span> 
     </span>
    </p>
   </div>
   <div class='ocr_carea' id='block_1_72' title="bbox 2093 2347 3658 2420">
    <p class='ocr_par' dir='ltr' id='par_1_72' title="bbox 2093 2347 3658 2420">
     <span class='ocr_line' id='line_1_75' title="bbox 2093 2347 3658 2420; baseline -0.003 -16"><span class='ocrx_word' id='word_1_472' title='bbox 2093 2349 2222 2404; x_wconf 88' lang='lat' dir='ltr'><strong>tiam</strong></span> <span class='ocrx_word' id='word_1_473' title='bbox 2251 2365 2372 2419; x_wconf 71' lang='lat' dir='ltr'><strong>qua:</strong></span> <span class='ocrx_word' id='word_1_474' title='bbox 2403 2351 2456 2404; x_wconf 91' lang='lat' dir='ltr'><strong>in</strong></span> <span class='ocrx_word' id='word_1_475' title='bbox 2502 2350 2620 2420; x_wconf 91' lang='lat' dir='ltr'><strong>ipso</strong></span> <span class='ocrx_word' id='word_1_476' title='bbox 2650 2349 2978 2419; x_wconf 84' lang='lat' dir='ltr'><strong>operabatur</strong></span> <span class='ocrx_word' id='word_1_477' title='bbox 3009 2348 3244 2418; x_wconf 87' lang='lat' dir='ltr'><strong>Spiritus</strong></span> <span class='ocrx_word' id='word_1_478' title='bbox 3273 2348 3326 2401; x_wconf 88' lang='lat' dir='ltr'><strong>in</strong></span> <span class='ocrx_word' id='word_1_479' title='bbox 3381 2347 3532 2402; x_wconf 88' lang='lat' dir='ltr'><strong>omni</strong></span> <span class='ocrx_word' id='word_1_480' title='bbox 3558 2347 3658 2400; x_wconf 87' lang='lat' dir='ltr'><strong>vir-</strong></span> 
     </span>
    </p>
   </div>
   <div class='ocr_carea' id='block_1_73' title="bbox 2093 2439 3660 2513">
    <p class='ocr_par' dir='ltr' id='par_1_73' title="bbox 2093 2439 3660 2513">
     <span class='ocr_line' id='line_1_76' title="bbox 2093 2439 3660 2513; baseline -0.001 -18"><span class='ocrx_word' id='word_1_481' title='bbox 2093 2450 2225 2508; x_wconf 81' lang='lat' dir='ltr'><strong>tute,</strong></span> <span class='ocrx_word' id='word_1_482' title='bbox 2268 2442 2438 2511; x_wconf 85' lang='lat' dir='ltr'><strong>signis</strong></span> <span class='ocrx_word' id='word_1_483' title='bbox 2489 2458 2552 2497; x_wconf 90' lang='lat' dir='ltr'><strong>ac</strong></span> <span class='ocrx_word' id='word_1_484' title='bbox 2579 2442 2861 2513; x_wconf 87' lang='lat' dir='ltr'><strong>prodigiis,</strong></span> <span class='ocrx_word' id='word_1_485' title='bbox 2895 2441 2963 2496; x_wconf 90' lang='lat' dir='ltr'><strong>ab</strong></span> <span class='ocrx_word' id='word_1_486' title='bbox 3015 2439 3148 2510; x_wconf 88' lang='lat' dir='ltr'><strong>ipsis</strong></span> <span class='ocrx_word' id='word_1_487' title='bbox 3201 2441 3366 2494; x_wconf 86' lang='lat' dir='ltr'><strong>etiam</strong></span> <span class='ocrx_word' id='word_1_488' title='bbox 3427 2439 3660 2494; x_wconf 88' lang='lat' dir='ltr'><strong>veritatis</strong></span> 
     </span>
    </p>
   </div>
   <div class='ocr_carea' id='block_1_74' title="bbox 2092 2531 3658 2607">
    <p class='ocr_par' dir='ltr' id='par_1_74' title="bbox 2092 2531 3658 2607">
     <span class='ocr_line' id='line_1_77' title="bbox 2092 2531 3658 2607; baseline -0.003 -17"><span class='ocrx_word' id='word_1_489' title='bbox 2092 2535 2342 2592; x_wconf 89' lang='lat' dir='ltr'><strong>hostibus</strong></span> <span class='ocrx_word' id='word_1_490' title='bbox 2370 2577 2386 2603; x_wconf 91' lang='lat'><strong>,</strong></span> <span class='ocrx_word' id='word_1_491' title='bbox 2424 2538 2552 2607; x_wconf 87' lang='grc' dir='ltr'>παρ’</span> <span class='ocrx_word' id='word_1_492' title='bbox 2603 2537 2780 2589; x_wconf 77' lang='grc' dir='ltr'><strong>αὐτῶν</strong></span> <span class='ocrx_word' id='word_1_493' title='bbox 2817 2535 2926 2588; x_wconf 84' lang='grc' dir='ltr'><strong>τῶν</strong></span> <span class='ocrx_word' id='word_1_494' title='bbox 2976 2533 3184 2606; x_wconf 76' lang='grc' dir='ltr'>ἐχθρῶν</span> <span class='ocrx_word' id='word_1_495' title='bbox 3241 2534 3341 2605; x_wconf 82' lang='grc' dir='ltr'><strong>τῆς</strong></span> <span class='ocrx_word' id='word_1_496' title='bbox 3390 2531 3658 2604; x_wconf 75' lang='grc' dir='ltr'><strong>ἀληθείας,</strong></span> 
     </span>
    </p>
   </div>
   <div class='ocr_carea' id='block_1_75' title="bbox 2090 2624 3658 2699">
    <p class='ocr_par' dir='ltr' id='par_1_75' title="bbox 2090 2624 3658 2699">
     <span class='ocr_line' id='line_1_78' title="bbox 2090 2624 3658 2699; baseline -0.003 -18"><span class='ocrx_word' id='word_1_497' title='bbox 2090 2629 2226 2683; x_wconf 90' lang='lat' dir='ltr'><strong>alter</strong></span> <span class='ocrx_word' id='word_1_498' title='bbox 2251 2626 2465 2699; x_wconf 84' lang='lat' dir='ltr'><strong>Moyses</strong></span> <span class='ocrx_word' id='word_1_499' title='bbox 2509 2628 2811 2697; x_wconf 88' lang='lat' dir='ltr'><strong>appellatus</strong></span> <span class='ocrx_word' id='word_1_500' title='bbox 2861 2626 3032 2682; x_wconf 89' lang='lat' dir='ltr'><strong>fuisse</strong></span> <span class='ocrx_word' id='word_1_501' title='bbox 3091 2646 3110 2679; x_wconf 75' lang='grc' dir='ltr'><strong>ι</strong></span> <span class='ocrx_word' id='word_1_502' title='bbox 3161 2626 3480 2696; x_wconf 88' lang='lat' dir='ltr'><strong>perhibetur</strong></span> <span class='ocrx_word' id='word_1_503' title='bbox 3511 2624 3658 2695; x_wconf 75' lang='lat'><strong>(57):</strong></span> 
     </span>
    </p>
   </div>
   <div class='ocr_carea' id='block_1_76' title="bbox 2090 2715 3655 2790">
    <p class='ocr_par' dir='ltr' id='par_1_76' title="bbox 2090 2715 3655 2790">
     <span class='ocr_line' id='line_1_79' title="bbox 2090 2715 3655 2790; baseline -0.001 -18"><span class='ocrx_word' id='word_1_504' title='bbox 2090 2735 2267 2790; x_wconf 85' lang='lat' dir='ltr'><strong>neque</strong></span> <span class='ocrx_word' id='word_1_505' title='bbox 2299 2718 2516 2775; x_wconf 86' lang='lat' dir='ltr'><strong>Ductori</strong></span> <span class='ocrx_word' id='word_1_506' title='bbox 2544 2720 2782 2773; x_wconf 73' lang='lat' dir='ltr'><strong>maximo</strong></span> <span class='ocrx_word' id='word_1_507' title='bbox 2811 2734 2996 2773; x_wconf 91' lang='lat' dir='ltr'><strong>aurem</strong></span> <span class='ocrx_word' id='word_1_508' title='bbox 3024 2717 3323 2788; x_wconf 65' lang='lat' dir='ltr'><strong>praebuisse</strong></span> <span class='ocrx_word' id='word_1_509' title='bbox 3340 2717 3509 2772; x_wconf 90' lang='lat' dir='ltr'><strong>aienti</strong></span> <span class='ocrx_word' id='word_1_510' title='bbox 3535 2715 3655 2786; x_wconf 81' lang='grc'>(58).</span> 
     </span>
    </p>
   </div>
   <div class='ocr_carea' id='block_1_77' title="bbox 2089 2809 3659 2884">
    <p class='ocr_par' dir='ltr' id='par_1_77' title="bbox 2089 2809 3659 2884">
     <span class='ocr_line' id='line_1_80' title="bbox 2089 2809 3659 2884; baseline -0.005 -17"><span class='ocrx_word' id='word_1_511' title='bbox 2089 2812 2415 2884; x_wconf 88' lang='lat' dir='ltr'><strong>Gregorium</strong></span> <span class='ocrx_word' id='word_1_512' title='bbox 2476 2811 2971 2868; x_wconf 81' lang='lat' dir='ltr'><strong>Neocaesariensem</strong></span> <span class='ocrx_word' id='word_1_513' title='bbox 3017 2829 3036 2862; x_wconf 75' lang='grc' dir='ltr'>ι</span> <span class='ocrx_word' id='word_1_514' title='bbox 3097 2811 3250 2880; x_wconf 89' lang='lat' dir='ltr'><strong>signa</strong></span> <span class='ocrx_word' id='word_1_515' title='bbox 3300 2818 3470 2878; x_wconf 89' lang='lat' dir='ltr'><strong>atque</strong></span> <span class='ocrx_word' id='word_1_516' title='bbox 3495 2809 3659 2862; x_wconf 74' lang='lat' dir='ltr'><strong>‘mira-</strong></span> 
     </span>
    </p>
   </div>
   <div class='ocr_carea' id='block_1_78' title="bbox 2088 2901 3659 2972">
    <p class='ocr_par' dir='ltr' id='par_1_78' title="bbox 2088 2901 3659 2972">
     <span class='ocr_line' id='line_1_81' title="bbox 2088 2901 3659 2972; baseline -0.006 -11"><span class='ocrx_word' id='word_1_517' title='bbox 2088 2905 2211 2961; x_wconf 88' lang='lat' dir='ltr'><strong>cula</strong></span> <span class='ocrx_word' id='word_1_518' title='bbox 2273 2920 2397 2960; x_wconf 92' lang='lat' dir='ltr'><strong>cum</strong></span> <span class='ocrx_word' id='word_1_519' title='bbox 2454 2904 2750 2959; x_wconf 90' lang='lat' dir='ltr'><strong>multarum</strong></span> <span class='ocrx_word' id='word_1_520' title='bbox 2815 2901 3179 2958; x_wconf 86' lang='lat' dir='ltr'><strong>Ecclesiarum</strong></span> <span class='ocrx_word' id='word_1_521' title='bbox 3232 2901 3408 2972; x_wconf 85' lang='lat' dir='ltr'><strong>gloria</strong></span> <span class='ocrx_word' id='word_1_522' title='bbox 3472 2913 3659 2970; x_wconf 83' lang='lat' dir='ltr'><strong>perpe-</strong></span> 
     </span>
    </p>
   </div>
   <div class='ocr_carea' id='block_1_79' title="bbox 2090 2992 3659 3063">
    <p class='ocr_par' dir='ltr' id='par_1_79' title="bbox 2090 2992 3659 3063">
     <span class='ocr_line' id='line_1_82' title="bbox 2090 2992 3659 3063; baseline -0.004 -13"><span class='ocrx_word' id='word_1_523' title='bbox 2090 3006 2284 3052; x_wconf 88' lang='lat' dir='ltr'><strong>trasse.</strong></span> <span class='ocrx_word' id='word_1_524' title='bbox 2324 3013 2344 3049; x_wconf 72' lang='grc' dir='ltr'><strong><em>ι</em></strong></span> <span class='ocrx_word' id='word_1_525' title='bbox 2375 2994 2518 3061; x_wconf 86' lang='lat' dir='ltr'><strong>Quid</strong></span> <span class='ocrx_word' id='word_1_526' title='bbox 2545 3011 2841 3050; x_wconf 89' lang='lat' dir='ltr'><strong>memorem</strong></span> <span class='ocrx_word' id='word_1_527' title='bbox 2867 2993 3150 3061; x_wconf 84' lang='lat' dir='ltr'><strong>Rufinum,</strong></span> <span class='ocrx_word' id='word_1_528' title='bbox 3184 3012 3202 3045; x_wconf 84' lang='grc'><strong>«</strong></span> <span class='ocrx_word' id='word_1_529' title='bbox 3235 2993 3372 3048; x_wconf 88' lang='lat' dir='ltr'><strong>tanti</strong></span> <span class='ocrx_word' id='word_1_530' title='bbox 3391 2992 3496 3046; x_wconf 86' lang='lat' dir='ltr'><strong>viri</strong></span> <span class='ocrx_word' id='word_1_531' title='bbox 3519 2999 3659 3063; x_wconf 79' lang='lat' dir='ltr'><strong>gesta</strong></span> 
     </span>
    </p>
   </div>
   <div class='ocr_carea' id='block_1_80' title="bbox 2089 3086 3658 3157">
    <p class='ocr_par' dir='ltr' id='par_1_80' title="bbox 2089 3086 3658 3157">
     <span class='ocr_line' id='line_1_83' title="bbox 2089 3086 3658 3157; baseline -0.004 -15"><span class='ocrx_word' id='word_1_532' title='bbox 2089 3087 2191 3143; x_wconf 90' lang='lat' dir='ltr'><strong>sub</strong></span> <span class='ocrx_word' id='word_1_533' title='bbox 2219 3087 2472 3142; x_wconf 90' lang='lat' dir='ltr'><strong>orientali</strong></span> <span class='ocrx_word' id='word_1_534' title='bbox 2518 3095 2573 3141; x_wconf 91' lang='lat' dir='ltr'><strong>et</strong></span> <span class='ocrx_word' id='word_1_535' title='bbox 2620 3086 3011 3157; x_wconf 89' lang='lat' dir='ltr'><strong>septentrionis</strong></span> <span class='ocrx_word' id='word_1_536' title='bbox 3056 3101 3156 3141; x_wconf 81' lang='lat' dir='ltr'><strong>axe</strong></span> <span class='ocrx_word' id='word_1_537' title='bbox 3181 3093 3513 3140; x_wconf 89' lang='lat' dir='ltr'><strong>cunctorum</strong></span> <span class='ocrx_word' id='word_1_538' title='bbox 3556 3098 3658 3137; x_wconf 88' lang='lat' dir='ltr'><strong>ser-</strong></span> 
     </span>
    </p>
   </div>
   <div class='ocr_carea' id='block_1_81' title="bbox 2088 3175 3656 3248">
    <p class='ocr_par' dir='ltr' id='par_1_81' title="bbox 2088 3175 3656 3248">
     <span class='ocr_line' id='line_1_84' title="bbox 2088 3175 3656 3248; baseline -0.004 -16"><span class='ocrx_word' id='word_1_539' title='bbox 2088 3193 2249 3233; x_wconf 72' lang='lat' dir='ltr'><strong>mone</strong></span> <span class='ocrx_word' id='word_1_540' title='bbox 2270 3178 2530 3233; x_wconf 88' lang='lat' dir='ltr'><strong>celebrari</strong></span> <span class='ocrx_word' id='word_1_541' title='bbox 2563 3196 2583 3230; x_wconf 73' lang='grc' dir='ltr'><strong><em>ι</em></strong></span> <span class='ocrx_word' id='word_1_542' title='bbox 2645 3186 2936 3232; x_wconf 90' lang='lat' dir='ltr'><strong>testantem</strong></span> <span class='ocrx_word' id='word_1_543' title='bbox 2979 3177 3129 3248; x_wconf 80' lang='lat'><strong>(59)?</strong></span> <span class='ocrx_word' id='word_1_544' title='bbox 3177 3175 3320 3244; x_wconf 87' lang='lat' dir='ltr'><strong>Quid</strong></span> <span class='ocrx_word' id='word_1_545' title='bbox 3371 3175 3656 3231; x_wconf 85' lang='lat' dir='ltr'><strong>Eusebium</strong></span> 
     </span>
    </p>
   </div>
   <div class='ocr_carea' id='block_1_82' title="bbox 2084 3271 3654 3343">
    <p class='ocr_par' dir='ltr' id='par_1_82' title="bbox 2084 3271 3654 3343">
     <span class='ocr_line' id='line_1_85' title="bbox 2084 3271 3654 3343; baseline -0.004 -15"><span class='ocrx_word' id='word_1_546' title='bbox 2084 3273 2499 3337; x_wconf 68' lang='lat' dir='ltr'><strong>Caesariensem,</strong></span> <span class='ocrx_word' id='word_1_547' title='bbox 2549 3272 2871 3343; x_wconf 87' lang='lat' dir='ltr'><strong>Gregorium</strong></span> <span class='ocrx_word' id='word_1_548' title='bbox 2920 3279 3171 3326; x_wconf 87' lang='lat' dir='ltr'><strong>nostrum</strong></span> <span class='ocrx_word' id='word_1_549' title='bbox 3211 3293 3229 3323; x_wconf 74' lang='grc' dir='ltr'>ι</span> <span class='ocrx_word' id='word_1_550' title='bbox 3281 3271 3654 3341; x_wconf 86' lang='lat' dir='ltr'><strong>episcoporum</strong></span> 
     </span>
    </p>
   </div>
   <div class='ocr_carea' id='block_1_83' title="bbox 2079 3365 3656 3436">
    <p class='ocr_par' dir='ltr' id='par_1_83' title="bbox 2079 3365 3656 3436">
     <span class='ocr_line' id='line_1_86' title="bbox 2079 3365 3656 3436; baseline -0.003 -15"><span class='ocrx_word' id='word_1_551' title='bbox 2079 3383 2177 3421; x_wconf 92' lang='lat' dir='ltr'><strong>sua</strong></span> <span class='ocrx_word' id='word_1_552' title='bbox 2195 3375 2352 3421; x_wconf 68' lang='lat' dir='ltr'><strong>attate</strong></span> <span class='ocrx_word' id='word_1_553' title='bbox 2376 3367 2811 3432; x_wconf 89' lang='lat' dir='ltr'><strong>celeberrimum,</strong></span> <span class='ocrx_word' id='word_1_554' title='bbox 2847 3385 2866 3418; x_wconf 76' lang='grc' dir='ltr'><strong><em>ι</em></strong></span> <span class='ocrx_word' id='word_1_555' title='bbox 2898 3365 3006 3419; x_wconf 83' lang='grc' dir='ltr'><strong>τῶν</strong></span> <span class='ocrx_word' id='word_1_556' title='bbox 3032 3365 3150 3421; x_wconf 79' lang='grc' dir='ltr'><strong>καθ’</strong></span> <span class='ocrx_word' id='word_1_557' title='bbox 3176 3365 3326 3436; x_wconf 77' lang='grc' dir='ltr'><strong>ἡμᾶς</strong></span> <span class='ocrx_word' id='word_1_558' title='bbox 3355 3365 3656 3418; x_wconf 73' lang='grc' dir='ltr'><strong>ἐπισκόπων</strong></span> 
     </span>
    </p>
   </div>
   <div class='ocr_carea' id='block_1_84' title="bbox 2079 3456 3659 3531">
    <p class='ocr_par' dir='ltr' id='par_1_84' title="bbox 2079 3456 3659 3531">
     <span class='ocr_line' id='line_1_87' title="bbox 2079 3456 3659 3531; baseline -0.003 -19"><span class='ocrx_word' id='word_1_559' title='bbox 2079 3459 2385 3530; x_wconf 77' lang='grc' dir='ltr'><strong>διαϐόητον,</strong></span> <span class='ocrx_word' id='word_1_560' title='bbox 2425 3458 2810 3529; x_wconf 73' lang='lat' dir='ltr'><strong>prredicantem</strong></span> <span class='ocrx_word' id='word_1_561' title='bbox 2842 3457 2989 3531; x_wconf 89' lang='lat'><strong>(60)?</strong></span> <span class='ocrx_word' id='word_1_562' title='bbox 3020 3457 3339 3513; x_wconf 83' lang='lat' dir='ltr'><strong>Admiretur</strong></span> <span class='ocrx_word' id='word_1_563' title='bbox 3359 3456 3539 3525; x_wconf 87' lang='lat' dir='ltr'><strong>itaque</strong></span> <span class='ocrx_word' id='word_1_564' title='bbox 3566 3466 3659 3522; x_wconf 86' lang='lat' dir='ltr'><strong>po-</strong></span> 
     </span>
    </p>
   </div>
   <div class='ocr_carea' id='block_1_85' title="bbox 2077 3545 3657 3622">
    <p class='ocr_par' dir='ltr' id='par_1_85' title="bbox 2077 3545 3657 3622">
     <span class='ocr_line' id='line_1_88' title="bbox 2077 3545 3657 3622; baseline -0.005 -17"><span class='ocrx_word' id='word_1_565' title='bbox 2077 3552 2189 3607; x_wconf 90' lang='lat' dir='ltr'><strong>tius</strong></span> <span class='ocrx_word' id='word_1_566' title='bbox 2239 3552 2344 3606; x_wconf 91' lang='lat' dir='ltr'><strong>ista</strong></span> <span class='ocrx_word' id='word_1_567' title='bbox 2373 3567 2494 3622; x_wconf 84' lang='lat' dir='ltr'><strong>quae</strong></span> <span class='ocrx_word' id='word_1_568' title='bbox 2529 3552 2759 3620; x_wconf 86' lang='lat' dir='ltr'><strong>respuit,</strong></span> <span class='ocrx_word' id='word_1_569' title='bbox 2798 3552 2967 3607; x_wconf 91' lang='lat' dir='ltr'><strong>homo</strong></span> <span class='ocrx_word' id='word_1_570' title='bbox 3012 3551 3148 3606; x_wconf 85' lang='lat' dir='ltr'><strong>adeo</strong></span> <span class='ocrx_word' id='word_1_571' title='bbox 3210 3559 3483 3604; x_wconf 81' lang='lat' dir='ltr'><strong>emunctae</strong></span> <span class='ocrx_word' id='word_1_572' title='bbox 3511 3545 3657 3600; x_wconf 79' lang='lat' dir='ltr'><strong>naris</strong></span> 
     </span>
    </p>
   </div>
   <div class='ocr_carea' id='block_1_86' title="bbox 2079 3634 3658 3713">
    <p class='ocr_par' dir='ltr' id='par_1_86' title="bbox 2079 3634 3658 3713">
     <span class='ocr_line' id='line_1_89' title="bbox 2079 3634 3658 3713; baseline -0.004 -19"><span class='ocrx_word' id='word_1_573' title='bbox 2079 3640 2272 3713; x_wconf 84' lang='lat' dir='ltr'><strong>(verba</strong></span> <span class='ocrx_word' id='word_1_574' title='bbox 2315 3656 2520 3711; x_wconf 90' lang='lat' dir='ltr'><strong>usurpo</strong></span> <span class='ocrx_word' id='word_1_575' title='bbox 2542 3641 2724 3712; x_wconf 87' lang='lat' dir='ltr'><strong>magni</strong></span> <span class='ocrx_word' id='word_1_576' title='bbox 2767 3640 2988 3696; x_wconf 90' lang='lat' dir='ltr'><strong>Baronii</strong></span> <span class='ocrx_word' id='word_1_577' title='bbox 3026 3639 3135 3710; x_wconf 84' lang='lat'><strong>(6|)</strong></span> <span class='ocrx_word' id='word_1_578' title='bbox 3167 3637 3438 3694; x_wconf 87' lang='lat' dir='ltr'><strong>Joannem</strong></span> <span class='ocrx_word' id='word_1_579' title='bbox 3496 3634 3658 3689; x_wconf 76' lang='grc' dir='ltr'><strong>Βοδί-</strong></span> 
     </span>
    </p>
   </div>
   <div class='ocr_carea' id='block_1_87' title="bbox 2081 3724 3658 3802">
    <p class='ocr_par' dir='ltr' id='par_1_87' title="bbox 2081 3724 3658 3802">
     <span class='ocr_line' id='line_1_90' title="bbox 2081 3724 3658 3802; baseline -0.006 -17"><span class='ocrx_word' id='word_1_580' title='bbox 2081 3747 2210 3786; x_wconf 91' lang='lat' dir='ltr'><strong>num</strong></span> <span class='ocrx_word' id='word_1_581' title='bbox 2238 3732 2569 3802; x_wconf 86' lang='lat' dir='ltr'><strong>carpentis),</strong></span> <span class='ocrx_word' id='word_1_582' title='bbox 2593 3747 2694 3786; x_wconf 86' lang='lat' dir='ltr'><strong>nec</strong></span> <span class='ocrx_word' id='word_1_583' title='bbox 2726 3740 2884 3802; x_wconf 81' lang='lat' dir='ltr'><strong>neget</strong></span> <span class='ocrx_word' id='word_1_584' title='bbox 2907 3731 3192 3787; x_wconf 88' lang='lat' dir='ltr'><strong>historiam</strong></span> <span class='ocrx_word' id='word_1_585' title='bbox 3219 3738 3296 3784; x_wconf 95' lang='lat' dir='ltr'><strong>tot</strong></span> <span class='ocrx_word' id='word_1_586' title='bbox 3323 3724 3658 3800; x_wconf 85' lang='lat' dir='ltr'><strong>gravissimis</strong></span> 
     </span>
    </p>
   </div>
   <div class='ocr_carea' id='block_1_88' title="bbox 2081 3822 3660 3894">
    <p class='ocr_par' dir='ltr' id='par_1_88' title="bbox 2081 3822 3660 3894">
     <span class='ocr_line' id='line_1_91' title="bbox 2081 3822 3660 3894; baseline -0.007 -16"><span class='ocrx_word' id='word_1_587' title='bbox 2081 3824 2424 3887; x_wconf 87' lang='lat' dir='ltr'><strong>auctoribus,</strong></span> <span class='ocrx_word' id='word_1_588' title='bbox 2476 3824 2682 3879; x_wconf 67' lang='lat' dir='ltr'><strong>Graecis</strong></span> <span class='ocrx_word' id='word_1_589' title='bbox 2713 3832 2876 3894; x_wconf 90' lang='lat' dir='ltr'><strong>atque</strong></span> <span class='ocrx_word' id='word_1_590' title='bbox 2925 3822 3159 3887; x_wconf 89' lang='lat' dir='ltr'><strong>Latinis,</strong></span> <span class='ocrx_word' id='word_1_591' title='bbox 3213 3823 3352 3877; x_wconf 89' lang='lat' dir='ltr'><strong>satis</strong></span> <span class='ocrx_word' id='word_1_592' title='bbox 3393 3831 3660 3889; x_wconf 79' lang='lat' dir='ltr'><strong>superque</strong></span> 
     </span>
    </p>
   </div>
   <div class='ocr_carea' id='block_1_89' title="bbox 2079 3910 3662 3988">
    <p class='ocr_par' dir='ltr' id='par_1_89' title="bbox 2079 3910 3662 3988">
     <span class='ocr_line' id='line_1_92' title="bbox 2079 3910 3662 3988; baseline -0.004 -17"><span class='ocrx_word' id='word_1_593' title='bbox 2079 3925 2360 3981; x_wconf 89' lang='lat' dir='ltr'><strong>testatam,</strong></span> <span class='ocrx_word' id='word_1_594' title='bbox 2395 3917 2705 3986; x_wconf 89' lang='lat' dir='ltr'><strong>probatam,</strong></span> <span class='ocrx_word' id='word_1_595' title='bbox 2735 3917 3227 3988; x_wconf 87' lang='lat' dir='ltr'><strong>consignatamque</strong></span> <span class='ocrx_word' id='word_1_596' title='bbox 3251 3915 3402 3970; x_wconf 92' lang='lat' dir='ltr'><strong>cultu</strong></span> <span class='ocrx_word' id='word_1_597' title='bbox 3442 3910 3662 3976; x_wconf 77' lang='lat' dir='ltr'><strong>religio-</strong></span> 
     </span>
    </p>
   </div>
   <div class='ocr_carea' id='block_1_90' title="bbox 2079 4001 3658 4080">
    <p class='ocr_par' dir='ltr' id='par_1_90' title="bbox 2079 4001 3658 4080">
     <span class='ocr_line' id='line_1_93' title="bbox 2079 4001 3658 4080; baseline -0.006 -17"><span class='ocrx_word' id='word_1_598' title='bbox 2079 4011 2164 4065; x_wconf 83' lang='lat' dir='ltr'><strong>nis</strong></span> <span class='ocrx_word' id='word_1_599' title='bbox 2195 4010 2354 4065; x_wconf 90' lang='lat' dir='ltr'><strong>annis</strong></span> <span class='ocrx_word' id='word_1_600' title='bbox 2388 4010 2617 4080; x_wconf 86' lang='lat' dir='ltr'><strong>singulis</strong></span> <span class='ocrx_word' id='word_1_601' title='bbox 2633 4011 2831 4065; x_wconf 89' lang='lat' dir='ltr'><strong>celebri</strong></span> <span class='ocrx_word' id='word_1_602' title='bbox 2862 4011 3126 4065; x_wconf 88' lang='lat' dir='ltr'><strong>memoria</strong></span> <span class='ocrx_word' id='word_1_603' title='bbox 3149 4009 3317 4079; x_wconf 87' lang='lat' dir='ltr'><strong>repeti</strong></span> <span class='ocrx_word' id='word_1_604' title='bbox 3340 4007 3495 4062; x_wconf 89' lang='lat' dir='ltr'><strong>solito</strong></span> <span class='ocrx_word' id='word_1_605' title='bbox 3519 4001 3658 4072; x_wconf 67' lang='grc'>(62).</span> 
     </span>
    </p>
   </div>
   <div class='ocr_carea' id='block_1_91' title="bbox 2081 4096 3662 4175">
    <p class='ocr_par' dir='ltr' id='par_1_91' title="bbox 2081 4096 3662 4175">
     <span class='ocr_line' id='line_1_94' title="bbox 2081 4096 3662 4175; baseline -0.004 -20"><span class='ocrx_word' id='word_1_606' title='bbox 2081 4101 2186 4155; x_wconf 86' lang='lat' dir='ltr'><strong>Sed</strong></span> <span class='ocrx_word' id='word_1_607' title='bbox 2211 4103 2387 4155; x_wconf 89' lang='lat' dir='ltr'><strong>virum</strong></span> <span class='ocrx_word' id='word_1_608' title='bbox 2446 4102 2949 4175; x_wconf 82' lang='lat' dir='ltr'><strong>inteniperantioris</strong></span> <span class='ocrx_word' id='word_1_609' title='bbox 2995 4101 3198 4158; x_wconf 74' lang='lat' dir='ltr'><strong>critica:</strong></span> <span class='ocrx_word' id='word_1_610' title='bbox 3229 4108 3549 4156; x_wconf 86' lang='lat' dir='ltr'><strong>sectatorem</strong></span> <span class='ocrx_word' id='word_1_611' title='bbox 3577 4096 3662 4150; x_wconf 88' lang='lat' dir='ltr'><strong>di-</strong></span> 
     </span>
    </p>
   </div>
   <div class='ocr_carea' id='block_1_92' title="bbox 2079 4193 2487 4266">
    <p class='ocr_par' dir='ltr' id='par_1_92' title="bbox 2079 4193 2487 4266">
     <span class='ocr_line' id='line_1_95' title="bbox 2079 4193 2487 4266; baseline 0.005 -18"><span class='ocrx_word' id='word_1_612' title='bbox 2079 4195 2363 4250; x_wconf 87' lang='lat' dir='ltr'><strong>mittamus</strong></span> <span class='ocrx_word' id='word_1_613' title='bbox 2393 4193 2487 4266; x_wconf 91' lang='lat' dir='ltr'><strong>(c).</strong></span> 
     </span>
    </p>
   </div>
   <div class='ocr_carea' id='block_1_93' title="bbox 2148 4391 3372 4466">
    <p class='ocr_par' dir='ltr' id='par_1_93' title="bbox 2148 4391 3372 4466">
     <span class='ocr_line' id='line_1_96' title="bbox 2148 4391 3372 4466; baseline -0.004 -16"><span class='ocrx_word' id='word_1_614' title='bbox 2148 4397 2276 4461; x_wconf 79' lang='grc'>(55-</span> <span class='ocrx_word' id='word_1_615' title='bbox 2295 4395 2383 4465; x_wconf 86' lang='grc'><strong>56)</strong></span> <span class='ocrx_word' id='word_1_616' title='bbox 2411 4395 2638 4450; x_wconf 79' lang='lat' dir='ltr'><strong>Dissert.</strong></span> <span class='ocrx_word' id='word_1_617' title='bbox 2665 4395 2712 4466; x_wconf 55' lang='grc'>4</span> <span class='ocrx_word' id='word_1_618' title='bbox 2733 4393 2923 4466; x_wconf 77' lang='lat' dir='ltr'><strong>Cypr.,</strong></span> <span class='ocrx_word' id='word_1_619' title='bbox 2955 4393 2982 4465; x_wconf 86' lang='lat'><strong>§</strong></span> <span class='ocrx_word' id='word_1_620' title='bbox 3014 4392 3099 4458; x_wconf 86' lang='grc'><strong>16,</strong></span> <span class='ocrx_word' id='word_1_621' title='bbox 3123 4408 3247 4463; x_wconf 87' lang='lat' dir='ltr'><strong>pag.</strong></span> <span class='ocrx_word' id='word_1_622' title='bbox 3280 4391 3372 4466; x_wconf 63' lang='lat'><strong>48.</strong></span> 
     </span>
    </p>
   </div>
   <div class='ocr_carea' id='block_1_94' title="bbox 2147 4457 3662 4536">
    <p class='ocr_par' dir='ltr' id='par_1_94' title="bbox 2147 4457 3662 4536">
     <span class='ocr_line' id='line_1_97' title="bbox 2147 4457 3662 4536; baseline 0.001 -17"><span class='ocrx_word' id='word_1_623' title='bbox 2147 4457 2259 4536; x_wconf 79' lang='grc'>(57)</span> <span class='ocrx_word' id='word_1_624' title='bbox 2283 4457 2478 4528; x_wconf 61' lang='grc' dir='ltr'><strong>Βαὲει..</strong></span> <span class='ocrx_word' id='word_1_625' title='bbox 2527 4466 2622 4520; x_wconf 87' lang='lat' dir='ltr'><strong>lib.</strong></span> <span class='ocrx_word' id='word_1_626' title='bbox 2676 4465 2752 4518; x_wconf 85' lang='lat' dir='ltr'><strong>De</strong></span> <span class='ocrx_word' id='word_1_627' title='bbox 2781 4457 2925 4535; x_wconf 65' lang='lat' dir='ltr'><strong>Spir.</strong></span> <span class='ocrx_word' id='word_1_628' title='bbox 2953 4457 3152 4536; x_wconf 48' lang='lat' dir='ltr'><strong>sanet;</strong></span> <span class='ocrx_word' id='word_1_629' title='bbox 3183 4457 3304 4532; x_wconf 64' lang='lat' dir='ltr'><strong>cap.</strong></span> <span class='ocrx_word' id='word_1_630' title='bbox 3353 4461 3440 4526; x_wconf 72' lang='grc'><strong>29,</strong></span> <span class='ocrx_word' id='word_1_631' title='bbox 3474 4457 3500 4530; x_wconf 82' lang='lat'><strong>§</strong></span> <span class='ocrx_word' id='word_1_632' title='bbox 3565 4457 3662 4520; x_wconf 61' lang='lat'><strong>7-5.</strong></span> 
     </span>
    </p>
   </div>
   <div class='ocr_carea' id='block_1_95' title="bbox 2077 4535 3058 4621">
    <p class='ocr_par' dir='ltr' id='par_1_95' title="bbox 2077 4535 3058 4621">
     <span class='ocr_line' id='line_1_98' title="bbox 2077 4535 3058 4621; baseline -0.004 -27"><span class='ocrx_word' id='word_1_633' title='bbox 2077 4535 2386 4621; x_wconf 26' lang='lat' dir='ltr'><strong>Oppkto&#39;in.</strong></span> <span class='ocrx_word' id='word_1_634' title='bbox 2421 4536 2663 4621; x_wconf 41' lang='lat' dir='ltr'><strong>ill,.pag.</strong></span> <span class='ocrx_word' id='word_1_635' title='bbox 2693 4537 2760 4589; x_wconf 73' lang='lat'><strong>62</strong></span> <span class='ocrx_word' id='word_1_636' title='bbox 2787 4538 2918 4621; x_wconf 40' lang='lat' dir='ltr'><strong>e‘d‘it.</strong></span> <span class='ocrx_word' id='word_1_637' title='bbox 2952 4535 3058 4590; x_wconf 85' lang='lat' dir='ltr'><strong>BB.</strong></span> 
     </span>
    </p>
   </div>
   <div class='ocr_carea' id='block_1_96' title="bbox 2002 4597 2879 4680">
    <p class='ocr_par' dir='ltr' id='par_1_96' title="bbox 2002 4597 2879 4680">
     <span class='ocr_line' id='line_1_99' title="bbox 2002 4597 2879 4680; baseline 0.01 -29"><span class='ocrx_word' id='word_1_638' title='bbox 2002 4597 2047 4652; x_wconf 89' lang='lat' dir='ltr'><strong>D</strong></span> <span class='ocrx_word' id='word_1_639' title='bbox 2127 4597 2255 4680; x_wconf 71' lang='lat' dir='ltr'><strong>&#39;(ss)</strong></span> <span class='ocrx_word' id='word_1_640' title='bbox 2285 4611 2360 4680; x_wconf 73' lang='lat' dir='ltr'><strong>ne</strong></span> <span class='ocrx_word' id='word_1_641' title='bbox 2383 4611 2480 4664; x_wconf 80' lang='lat' dir='ltr'><strong>vir.</strong></span> <span class='ocrx_word' id='word_1_642' title='bbox 2502 4597 2764 4680; x_wconf 55' lang='grc' dir='ltr'><strong>’ίίιηῗςᾳμ</strong></span> <span class='ocrx_word' id='word_1_643' title='bbox 2797 4606 2879 4677; x_wconf 65' lang='grc' dir='ltr'><strong>ὃς.</strong></span> 
     </span>
    </p>
   </div>
   <div class='ocr_carea' id='block_1_97' title="bbox 2146 4675 3141 4749">
    <p class='ocr_par' dir='ltr' id='par_1_97' title="bbox 2146 4675 3141 4749">
     <span class='ocr_line' id='line_1_100' title="bbox 2146 4675 3141 4749; baseline 0 -18"><span class='ocrx_word' id='word_1_644' title='bbox 2146 4675 2258 4749; x_wconf 53' lang='grc'>(59⁷)</span> <span class='ocrx_word' id='word_1_645' title='bbox 2297 4679 2440 4734; x_wconf 85' lang='lat' dir='ltr'><strong>Ilist.</strong></span> <span class='ocrx_word' id='word_1_646' title='bbox 2482 4679 2608 4732; x_wconf 81' lang='lat' dir='ltr'><strong>eccl.</strong></span> <span class='ocrx_word' id='word_1_647' title='bbox 2639 4675 2732 4731; x_wconf 64' lang='lat' dir='ltr'><strong>lib.</strong></span> <span class='ocrx_word' id='word_1_648' title='bbox 2771 4675 2869 4743; x_wconf 73' lang='lat' dir='ltr'><strong>vri,</strong></span> <span class='ocrx_word' id='word_1_649' title='bbox 2903 4693 3022 4749; x_wconf 75' lang='lat' dir='ltr'><strong>cap.</strong></span> 
     </span>
    </p>
   </div>
   <div class='ocr_carea' id='block_1_98' title="bbox 2143 4747 3088 4820">
    <p class='ocr_par' dir='ltr' id='par_1_98' title="bbox 2143 4747 3088 4820">
     <span class='ocr_line' id='line_1_101' title="bbox 2143 4747 3088 4820; baseline -0.003 -15"><span class='ocrx_word' id='word_1_650' title='bbox 2143 4747 2255 4820; x_wconf 51' lang='grc'>(⁷60)</span> <span class='ocrx_word' id='word_1_651' title='bbox 2295 4750 2440 4805; x_wconf 83' lang='lat' dir='ltr'><strong>llist.</strong></span> <span class='ocrx_word' id='word_1_652' title='bbox 2471 4753 2595 4803; x_wconf 86' lang='lat' dir='ltr'><strong>eccl.</strong></span> <span class='ocrx_word' id='word_1_653' title='bbox 2624 4749 2718 4802; x_wconf 89' lang='lat' dir='ltr'><strong>lib.</strong></span> <span class='ocrx_word' id='word_1_654' title='bbox 2758 4763 2832 4811; x_wconf 79' lang='lat' dir='ltr'><strong>vr,</strong></span> <span class='ocrx_word' id='word_1_655' title='bbox 2859 4765 2976 4816; x_wconf 88' lang='lat' dir='ltr'><strong>cap.</strong></span> <span class='ocrx_word' id='word_1_656' title='bbox 3001 4747 3088 4802; x_wconf 88' lang='grc'><strong>50.</strong></span> 
     </span>
    </p>
   </div>
   <div class='ocr_carea' id='block_1_99' title="bbox 2144 4820 2981 4892">
    <p class='ocr_par' dir='ltr' id='par_1_99' title="bbox 2144 4820 2981 4892">
     <span class='ocr_line' id='line_1_102' title="bbox 2144 4820 2981 4892; baseline 0 -18"><span class='ocrx_word' id='word_1_657' title='bbox 2144 4822 2255 4892; x_wconf 79' lang='grc'>(61)</span> <span class='ocrx_word' id='word_1_658' title='bbox 2287 4821 2368 4876; x_wconf 79' lang='lat' dir='ltr'><strong>Ad</strong></span> <span class='ocrx_word' id='word_1_659' title='bbox 2407 4820 2687 4892; x_wconf 66' lang='lat' dir='ltr'><strong>ann._4l,</strong></span> <span class='ocrx_word' id='word_1_660' title='bbox 2719 4821 2981 4892; x_wconf 39' lang='grc' dir='ltr'><strong>ιιυιιι-η51.</strong></span> 
     </span>
    </p>
   </div>
   <div class='ocr_carea' id='block_1_100' title="bbox 2143 4877 3674 4964">
    <p class='ocr_par' dir='ltr' id='par_1_100' title="bbox 2143 4877 3674 4964">
     <span class='ocr_line' id='line_1_103' title="bbox 2143 4877 3674 4964; baseline -0.01 -18"><span class='ocrx_word' id='word_1_661' title='bbox 2143 4877 2256 4964; x_wconf 69' lang='grc'>(62)</span> <span class='ocrx_word' id='word_1_662' title='bbox 2287 4892 2510 4961; x_wconf 75' lang='lat' dir='ltr'><strong>Martyr.</strong></span> <span class='ocrx_word' id='word_1_663' title='bbox 2546 4877 2706 4946; x_wconf 82' lang='lat' dir='ltr'><strong>Rom.</strong></span> <span class='ocrx_word' id='word_1_664' title='bbox 2742 4898 2797 4944; x_wconf 90' lang='lat' dir='ltr'><strong>et</strong></span> <span class='ocrx_word' id='word_1_665' title='bbox 2845 4889 3113 4960; x_wconf 82' lang='lat' dir='ltr'><strong>Menolog.</strong></span> <span class='ocrx_word' id='word_1_666' title='bbox 3172 4887 3348 4945; x_wconf 66' lang='lat' dir='ltr'><strong>Graec.</strong></span> <span class='ocrx_word' id='word_1_667' title='bbox 3404 4883 3555 4940; x_wconf 88' lang='lat' dir='ltr'><strong>add.</strong></span> <span class='ocrx_word' id='word_1_668' title='bbox 3601 4877 3674 4935; x_wconf 83' lang='grc'>17</span> 
     </span>
    </p>
   </div>
   <div class='ocr_carea' id='block_1_101' title="bbox 2069 4963 2206 5020">
    <p class='ocr_par' dir='ltr' id='par_1_101' title="bbox 2069 4963 2206 5020">
     <span class='ocr_line' id='line_1_104' title="bbox 2069 4963 2206 5020; baseline -0.015 -2"><span class='ocrx_word' id='word_1_669' title='bbox 2069 4963 2206 5020; x_wconf 84' lang='lat' dir='ltr'><strong>Nov.</strong></span> 
     </span>
    </p>
   </div>
   <div class='ocr_carea' id='block_1_102' title="bbox 444 5095 3605 5170">
    <p class='ocr_par' dir='ltr' id='par_1_102' title="bbox 444 5095 3605 5170">
     <span class='ocr_line' id='line_1_105' title="bbox 444 5095 3605 5170; baseline -0.001 -21"><span class='ocrx_word' id='word_1_670' title='bbox 444 5100 517 5170; x_wconf 78' lang='grc' dir='ltr'>(ᾳ)</span> <span class='ocrx_word' id='word_1_671' title='bbox 544 5098 777 5170; x_wconf 70' lang='lat' dir='ltr'><strong>Origenis</strong></span> <span class='ocrx_word' id='word_1_672' title='bbox 801 5109 855 5170; x_wconf 84' lang='lat' dir='ltr'><strong>et</strong></span> <span class='ocrx_word' id='word_1_673' title='bbox 879 5103 1104 5166; x_wconf 84' lang='lat' dir='ltr'><strong>Gregorii</strong></span> <span class='ocrx_word' id='word_1_674' title='bbox 1140 5103 1356 5170; x_wconf 66' lang='lat' dir='ltr'><strong>Nysseni</strong></span> <span class='ocrx_word' id='word_1_675' title='bbox 1381 5103 1892 5170; x_wconf 61' lang='lat' dir='ltr'><strong>elucubrationgs&#39;bic</strong></span> <span class='ocrx_word' id='word_1_676' title='bbox 1917 5101 2388 5170; x_wconf 60' lang='lat' dir='ltr'><strong>memoratgsjnter</strong></span> <span class='ocrx_word' id='word_1_677' title='bbox 2400 5102 2663 5170; x_wconf 71' lang='lat' dir='ltr'><strong>utriusque</strong></span> <span class='ocrx_word' id='word_1_678' title='bbox 2692 5099 2857 5170; x_wconf 79' lang='lat' dir='ltr'><strong>Opera</strong></span> <span class='ocrx_word' id='word_1_679' title='bbox 2879 5099 3176 5170; x_wconf 69' lang='lat' dir='ltr'><strong>retinemus.</strong></span> <span class='ocrx_word' id='word_1_680' title='bbox 3204 5095 3357 5170; x_wconf 44' lang='lat'><strong>12911:.-</strong></span> <span class='ocrx_word' id='word_1_681' title='bbox 3372 5095 3605 5170; x_wconf 45' lang='lat' dir='ltr'><strong>Paret}:</strong></span> 
     </span>
    </p>
   </div>
   <div class='ocr_carea' id='block_1_103' title="bbox 500 5100 3681 5233">
    <p class='ocr_par' dir='ltr' id='par_1_103' title="bbox 500 5100 3681 5233">
     <span class='ocr_line' id='line_1_106' title="bbox 544 5100 3605 5170; baseline -0.003 -20"><span class='ocrx_word' id='word_1_682' title='bbox 544 5100 777 5164; x_wconf 89' lang='lat' dir='ltr'><strong>Origenis</strong></span> <span class='ocrx_word' id='word_1_683' title='bbox 801 5109 855 5152; x_wconf 89' lang='lat' dir='ltr'><strong>et</strong></span> <span class='ocrx_word' id='word_1_684' title='bbox 879 5103 1104 5166; x_wconf 84' lang='lat' dir='ltr'><strong>Gregorii</strong></span> <span class='ocrx_word' id='word_1_685' title='bbox 1140 5103 1356 5164; x_wconf 77' lang='lat' dir='ltr'><strong>Nysseni</strong></span> <span class='ocrx_word' id='word_1_686' title='bbox 1381 5103 1892 5154; x_wconf 72' lang='lat' dir='ltr'><strong>elucubrationes&#39;bic</strong></span> <span class='ocrx_word' id='word_1_687' title='bbox 1917 5108 2217 5154; x_wconf 86' lang='lat' dir='ltr'><strong>memoratas</strong></span> <span class='ocrx_word' id='word_1_688' title='bbox 2249 5101 2383 5152; x_wconf 88' lang='lat' dir='ltr'><strong>inter</strong></span> <span class='ocrx_word' id='word_1_689' title='bbox 2402 5102 2663 5164; x_wconf 79' lang='lat' dir='ltr'><strong>utriusque</strong></span> <span class='ocrx_word' id='word_1_690' title='bbox 2692 5100 2857 5162; x_wconf 87' lang='lat' dir='ltr'><strong>Opera</strong></span> <span class='ocrx_word' id='word_1_691' title='bbox 2879 5100 3176 5170; x_wconf 77' lang='lat' dir='ltr'><strong>retinemus.</strong></span> <span class='ocrx_word' id='word_1_692' title='bbox 3204 5100 3342 5169; x_wconf 69' lang='lat' dir='ltr'><strong>Eutr.</strong></span> <span class='ocrx_word' id='word_1_693' title='bbox 3373 5100 3605 5163; x_wconf 51' lang='lat' dir='ltr'><strong>Pirene.</strong></span> 
     </span>
     <span class='ocr_line' id='line_1_107' title="bbox 500 5100 3681 5233; baseline -0.004 -17"><span class='ocrx_word' id='word_1_694' title='bbox 500 5100 597 5233; x_wconf 56' lang='lat' dir='ltr'><strong>i3.</strong></span> <span class='ocrx_word' id='word_1_695' title='bbox 626 5168 864 5233; x_wconf 70' lang='lat' dir='ltr'><strong>Gregorii</strong></span> <span class='ocrx_word' id='word_1_696' title='bbox 876 5179 1163 5233; x_wconf 77' lang='lat' dir='ltr'><strong>sermonem</strong></span> <span class='ocrx_word' id='word_1_697' title='bbox 1184 5165 1237 5217; x_wconf 87' lang='lat' dir='ltr'><strong>in</strong></span> <span class='ocrx_word' id='word_1_698' title='bbox 1253 5179 1421 5217; x_wconf 73' lang='lat' dir='ltr'><strong>omnes</strong></span> <span class='ocrx_word' id='word_1_699' title='bbox 1444 5168 1953 5233; x_wconf 71' lang='lat' dir='ltr'><strong>martyresBononiae</strong></span> <span class='ocrx_word' id='word_1_700' title='bbox 1994 5180 2122 5217; x_wconf 86' lang='lat' dir='ltr'><strong>anno</strong></span> <span class='ocrx_word' id='word_1_701' title='bbox 2141 5166 2262 5214; x_wconf 80' lang='lat' dir='ltr'><strong>i772</strong></span> <span class='ocrx_word' id='word_1_702' title='bbox 2275 5165 2460 5229; x_wconf 86' lang='lat' dir='ltr'><strong>publici</strong></span> <span class='ocrx_word' id='word_1_703' title='bbox 2488 5166 2616 5225; x_wconf 86' lang='lat' dir='ltr'><strong>juris</strong></span> <span class='ocrx_word' id='word_1_704' title='bbox 2639 5164 2757 5212; x_wconf 87' lang='lat' dir='ltr'><strong>fecit</strong></span> <span class='ocrx_word' id='word_1_705' title='bbox 2786 5165 2958 5223; x_wconf 72' lang='lat' dir='ltr'><strong>Aloys.</strong></span> <span class='ocrx_word' id='word_1_706' title='bbox 2990 5159 3288 5222; x_wconf 78' lang='lat' dir='ltr'><strong>Mingarelli.</strong></span> <span class='ocrx_word' id='word_1_707' title='bbox 3318 5159 3445 5208; x_wconf 84' lang='lat' dir='ltr'><strong>Hanc</strong></span> <span class='ocrx_word' id='word_1_708' title='bbox 3465 5155 3681 5203; x_wconf 65' lang='lat' dir='ltr'><strong>editio-</strong></span> 
     </span>
    </p>
   </div>
   <div class='ocr_carea' id='block_1_104' title="bbox 445 5281 3268 5356">
    <p class='ocr_par' dir='ltr' id='par_1_104' title="bbox 445 5281 3268 5356">
     <span class='ocr_line' id='line_1_108' title="bbox 445 5281 3268 5356; baseline -0.001 -21"><span class='ocrx_word' id='word_1_709' title='bbox 445 5287 514 5350; x_wconf 75' lang='grc' dir='ltr'>(ιτ)</span> <span class='ocrx_word' id='word_1_710' title='bbox 539 5281 778 5340; x_wconf 67' lang='lat' dir='ltr'><strong>Notitiam</strong></span> <span class='ocrx_word' id='word_1_711' title='bbox 798 5293 1005 5340; x_wconf 87' lang='lat' dir='ltr'><strong>alteram</strong></span> <span class='ocrx_word' id='word_1_712' title='bbox 1024 5293 1073 5340; x_wconf 89' lang='lat' dir='ltr'><strong>in</strong></span> <span class='ocrx_word' id='word_1_713' title='bbox 1103 5292 1154 5344; x_wconf 89' lang='lat' dir='ltr'><strong>S.</strong></span> <span class='ocrx_word' id='word_1_714' title='bbox 1179 5291 1478 5356; x_wconf 84' lang='lat' dir='ltr'><strong>Gregorium</strong></span> <span class='ocrx_word' id='word_1_715' title='bbox 1498 5304 1563 5342; x_wconf 82' lang='lat' dir='ltr'><strong>ex</strong></span> <span class='ocrx_word' id='word_1_716' title='bbox 1586 5290 1771 5342; x_wconf 81' lang='lat' dir='ltr'><strong>Leonis</strong></span> <span class='ocrx_word' id='word_1_717' title='bbox 1793 5290 1962 5342; x_wconf 75' lang='lat' dir='ltr'><strong>Allatii</strong></span> <span class='ocrx_word' id='word_1_718' title='bbox 1987 5290 2210 5342; x_wconf 85' lang='lat' dir='ltr'><strong>Diatriba</strong></span> <span class='ocrx_word' id='word_1_719' title='bbox 2230 5288 2293 5342; x_wconf 83' lang='lat' dir='ltr'><strong>de</strong></span> <span class='ocrx_word' id='word_1_720' title='bbox 2322 5285 2602 5343; x_wconf 66' lang='lat' dir='ltr'><strong>Theodori:</strong></span> <span class='ocrx_word' id='word_1_721' title='bbox 2626 5287 2740 5339; x_wconf 88' lang='lat' dir='ltr'><strong>vide</strong></span> <span class='ocrx_word' id='word_1_722' title='bbox 2763 5284 2890 5336; x_wconf 82' lang='lat' dir='ltr'><strong>infra</strong></span> <span class='ocrx_word' id='word_1_723' title='bbox 2911 5287 3008 5336; x_wconf 91' lang='lat' dir='ltr'><strong>col.</strong></span> <span class='ocrx_word' id='word_1_724' title='bbox 3033 5282 3173 5334; x_wconf 72' lang='lat'><strong>1205.</strong></span> <span class='ocrx_word' id='word_1_725' title='bbox 3198 5281 3268 5333; x_wconf 83' lang='lat' dir='ltr'><strong>In.</strong></span> 
     </span>
    </p>
   </div>
  </div>
