3862 6466
314 282 384 342 {,‘7

390 284 428 339 ὗ

1444 287 1862 343 TESTIMONIA
1905 289 2261 346 VETERUH.

3455 296 3559 351 {'74

1231 593 1807 683 VETERUM
1884 592 2636 685 TESTIMONIA

697 786 789 846 De
830 785 890 846 S.
949 785 1256 864 Gregorio
1298 786 1600 864 episcopo
1652 783 2178 856 Neocmsariensi,
2230 792 2655 863 cognomento
2694 784 3197 866 Thaumaturgo.

1350 1126 1389 1179 Ι.
1420 1124 1673 1178 Eusebius
1716 1123 1857 1178 IIist.
1889 1125 2021 1179 eccl.
2060 1127 2152 1179 lib.
2187 1142 2271 1191 νι,
2304 1141 2420 1194 cap.
2452 1122 2540 1178 50.

383 1238 472 1308 Τῷ
520 1239 576 1291 δὲ
623 1238 881 1309 Ὠριγένει
928 1239 1021 1292 ἐπὶ
1070 1240 1167 1310 τῆς
1218 1240 1647 1309 Καισαρείαςτᾰ
1682 1240 1855 1312 συνήθ-

2058 1241 2274 1297 Interim
2320 1241 2450 1295 dum
2491 1237 2750 1308 Origenes
2784 1237 2925 1307 apud
2956 1237 3261 1294 Caesaream
3296 1250 3558 1296 consueto

313 1332 625 1401 πράττοντι,
659 1330 838 1383 πολλοὶ
888 1330 1218 1403 προσῄεσαν,
1247 1332 1307 1384 οὐ
1351 1333 1508 1403 μόνον
1549 1333 1658 1385 τῶν
1686 1333 1889 1403 ἐπιχω-

313 1425 464 1493 ρίων,
502 1421 637 1474 ἀλλά
669 1422 759 1474 καὶ
802 1422 909 1474 ἀπὸ
946 1422 1042 1492 τῆς
1084 1422 1384 1493 ἀλλοδαπῆς
1422 1422 1601 1495 μυρίοι
1638 1426 1886 1497 φοιτηταί.

307 1515 409 1577 τὰς
442 1515 705 1585 πατρίδας
752 1514 1139 1578 ἀπολιπόντες·
1187 1507 1263 1568 ῶν
1314 1516 1618 1586 ἐπισήμους
1654 1519 1886 1588 μάλιστα

306 1606 555 1676 ἔγνωμεν
601 1605 890 1677 Θεόδωρον,
922 1607 979 1669 ὃς
1024 1602 1091 1677 ἦν
1130 1606 1290 1671 αὐτὸς
1331 1600 1484 1671 οὗτος
1529 1609 1558 1659 ὁ
1592 1608 1887 1681 καθ’ήμᾶς

305 1700 624 1752 ἐπισκόπων
666 1698 942 1769 διαϐόητος
967 1699 1265 1770 Γρηγόριος
1283 1716 1297 1729 ο
1333 1699 1424 1751 τόν
1450 1717 1508 1752 τε
1537 1700 1700 1753 αὐτοῦ
1730 1702 1883 1756 ἀδελ-

307 1791 408 1859 φὸν
447 1791 839 1862 Ἀθηνόδωρον·
873 1792 967 1855 οὓς
1011 1792 1154 1863 ἀμφὶ
1193 1792 1264 1845 τὰ
1302 1792 1563 1864 Ἑλλήνων
1605 1797 1700 1848 καὶ
1746 1798 1880 1850 Ῥω-

310 1883 484 1952 μαίων
510 1882 805 1953 μαθήματα
830 1882 1016 1946 δεινῶς
1038 1883 1426 1955 ἐπτοημένους,
1451 1884 1765 1955 φιλοσοφίας
1790 1890 1883 1941 a13-

304 1978 416 2038 τοῖς
461 1974 635 2038 ἐνθεὶς
666 1974 863 2046 ἔρωτα,
895 1975 992 2045 τῆς
1026 1975 1298 2046 προτέρας
1331 1975 1565 2046 σπουδῆς
1597 1978 1697 2046 τὴν
1729 1978 1880 2033 θείαν

301 2065 538 2137 ἄσκησιν
580 2066 1133 2130 ἀντικαταλλάξασθαι
1179 2065 1572 2138 προυτρέψατο.
1609 2068 1777 2122 Πέντε
1820 2070 1877 2123 δὲ

299 2159 442 2221 ὅλοις
495 2157 671 2211 ἔτεσιν
721 2157 867 2228 αὐτῷ
918 2158 1319 2229 συγγενόμενοι,
1347 2159 1614 2232 τοσαύτην
1640 2162 1878 2232 ἀπηνέγ-

300 2266 467 2303 καντο
497 2249 624 2320 περὶ
647 2249 713 2302 τὰ
735 2249 851 2302 θεῖα
876 2249 1032 2317 λόγια
1058 2249 1354 2319 βελτίωσιν,
1376 2249 1451 2313 ὠς
1477 2251 1556 2304 ἔτι
1591 2251 1742 2315 νέους
1769 2252 1875 2323 ἄμ·-

300 2360 386 2411 φω
419 2341 723 2412 ἐπισκοπῆς
769 2342 878 2395 τῶν
927 2342 1065 2396 κατά
1092 2343 1292 2395 Πόντον
1330 2342 1662 2415 Ἐκκλησιῶν
1707 2342 1872 2410 ἀξιω-

299 2432 482 2504 θῆναι.

1990 1334 2217 1389 docendi
2247 1348 2473 1389 munere
2523 1332 2858 1402 fungeretur,
2890 1348 2996 1386 non
3029 1332 3202 1387 solum
3234 1333 3469 1403 regionis
3496 1334 3560 1386 il-

1988 1425 2094 1479 lius
2126 1424 2334 1489 incolze,
2369 1424 2461 1478 sed
2489 1423 2652 1478 etiam
2682 1423 2905 1491 plurimi
2933 1437 2996 1476 ex
3028 1422 3408 1478 remotissimis
3433 1439 3558 1493 pro-

1987 1517 2182 1572 vinciis
2226 1517 2480 1587 discipuli
2528 1517 2716 1571 relicta
2770 1516 2942 1585 patria
3000 1516 3065 1570 ad
3108 1532 3233 1571 eum
3264 1532 3558 1571 concurre-

1986 1610 2135 1665 bant.
2167 1608 2409 1677 Quorum
2460 1611 2762 1679 praecipuos
2794 1608 2964 1663 fuisse
2992 1610 3348 1677 cognovimus
3378 1608 3557 1663 Theo-

1983 1703 2199 1770 dorum,
2234 1702 2326 1771 qui
2380 1710 2434 1758 et
2481 1701 2775 1771 Gregorius
2825 1701 3004 1755 dictus
3036 1709 3138 1762 est.
3172 1700 3554 1769 episcoporum

1984 1805 2169 1849 nostra
2223 1804 2379 1849 aetate
2430 1793 2856 1860 celeberrimus;
2890 1800 2944 1847 et
2973 1791 3195 1845 fratrem
3228 1791 3346 1860 ejus
3388 1788 3556 1843 Athe-

1984 1887 2270 1941 nodorum.
2298 1885 2449 1952 Quos
2482 1885 2743 1956 Origenes
2768 1884 2972 1939 Grzecis
2994 1882 3362 1952 Romanisque
3391 1881 3556 1936 disci-

1980 1979 2147 2049 plinis
2176 1980 2405 2034 nimium
2450 1978 2659 2033 deditos
2690 1992 2815 2032 cum
2856 1978 3096 2041 vidisset,
3132 1976 3187 2030 in
3216 1990 3404 2030 eorum
3437 1975 3557 2028 ani-

1977 2086 2097 2127 mos
2134 2072 2408 2126 instillans
2442 2070 2805 2141 philosophiae
2840 2084 3104 2135 amorem,
3146 2067 3371 2137 abiectis
3404 2067 3552 2137 prio—

1975 2163 2129 2218 ribus
2177 2162 2395 2227 studiis,
2424 2160 2491 2215 ad
2543 2174 2727 2215 rerum
2782 2160 3091 2214 divinarum
3142 2158 3549 2213 meditationem

1975 2251 2235 2306 traduxit.
2273 2249 2439 2320 Igitur
2491 2265 2615 2305 cum
2661 2249 3037 2319 quinquennio
3084 2249 3294 2319 integro
3324 2249 3380 2302 in
3426 2248 3549 2316 ejus

1972 2342 2249 2398 auditorio
2292 2342 2493 2398 versati
2525 2340 2777 2403 fuissent,
2810 2350 3090 2410 tantopere
3118 2340 3171 2394 in
3196 2340 3397 2394 divinis
3426 2340 3542 2394 elo-

1971 2435 2115 2504 quiis
2143 2432 2752 2504 profecerunt,utjambo
2781 2434 2959 2487 adhuc
2988 2431 3278 2487 admodum
3297 2431 3544 2501 juvenes.

1974 2524 2341 2581 Ecclesiarum
2376 2524 2433 2579 in
2482 2523 2655 2579 Ponto
2685 2522 2925 2594 episcopi
2959 2522 3161 2578 fuerint
3187 2522 3490 2578 constituti.

1564 2637 1713 2691 Idem
1751 2639 1882 2692 ibid.
1926 2655 2024 2702 vn,
2046 2655 2167 2702 cap.
2201 2639 2285 2693 Η.

1564 2656 1713 2691 mem
1751 2656 1855 2692 ww

383 2732 470 2784 Ἐν
499 2731 670 2799 τούτῳ
709 2732 765 2785 δὲ
806 2732 903 2801 τῆς
941 2733 1039 2803 μὲν
1078 2732 1361 2803 Ῥωμαίων
1405 2733 1729 2805 Ἐκκλησίας
1762 2735 1855 2787 εἰσι

1964 2656 2024 2702 ιι,
2046 2656 2109 2693 ca
2152 2679 2167 2693 .
2201 2656 2285 2693 η.

2048 2656 2248 2789 Εειίιοιη
2285 2740 2602 2802 tempestate
2633 2731 2892 2787 Romanis
2921 2730 3139 2801 quidem
3171 2730 3425 2786 Ecclesiae
3449 2732 3546 2785 ad-

294 2824 381 2878 έτι
435 2826 554 2878 τότε
586 2827 873 2897 καθηγεῖτο
898 2827 1129 2890 Ξῦστος’
1173 2826 1270 2895 τῆς
1310 2826 1366 2879 δὲ
1411 2826 1496 2878 ἐπ’
1539 2826 1867 2896 Ἀντιοχείας

297 2914 438 2983 μετά
482 2916 676 2969 Φάϐιον
722 2916 1130 2988 Δημητριανός·
1173 2914 1518 2985 Φιρμιλιανὸς
1559 2915 1616 2967 δὲ
1659 2916 1867 2968 Καισα-

294 3005 447 3076 ρείας
643 3007 1055 3061 Καππαδοκῶν·
1095 3008 1185 3060 καὶ
1218 3008 1311 3060 ἐπὶ
1336 3007 1541 3069 τούτοις
1574 3006 1680 3059 τῶν
1729 3008 1866 3061 κατὰ

293 3098 496 3152 Πόντον
534 3101 885 3172 Ἐκκλησιῶν,
910 3100 1208 3173 Γρηγὸριος
1243 3102 1335 3154 καὶ
1372 3101 1401 3152 ὁ
1430 3101 1618 3154 τούτου
1644 3099 1868 3169 ἀδελφὸς

304 3191 687 3265 Ἀθηνόδωρος,
706 3196 1007 3266 Ὠριγένους
1032 3197 1316 3268 γνώριμοι.

1975 2827 2081 2881 huc
2105 2834 2334 2895 praeerat
2375 2823 2610 2895 Xystus;
2642 2823 3037 2879 Antiochenam
3071 2840 3199 2878 vero
3232 2832 3356 2893 post
3398 2839 3549 2877 mor-

1972 2922 2078 2968 tem
2128 2912 2276 2967 Fabii
2326 2911 2703 2967 Demetrianus
2753 2913 3006 2984 regebat;
3054 2914 3197 2983 apud
3237 2914 3544 2970 Caesaream

1970 3006 2325 3076 Cappadociae
2346 3005 2726 3071 Firmilianus;
2758 3006 2811 3061 in
2844 3005 3016 3061 Ponto
3038 3015 3219 3061 autem
3253 3005 3543 3075 Gregorius

1972 3100 2248 3169 fraterque
2283 3098 2404 3169 ejus
2434 3098 2838 3164 Athenodorus,
2880 3098 3041 3153 ambo
3093 3095 3343 3167 Origenis
3375 3098 3542 3153 disci-

1971 3192 2106 3261 puli,
2135 3191 2412 3247 Ecclesias
2439 3191 2834 3262 gubernabant.

434 3308 497 3362 Il.
544 3308 605 3366 S.
644 3310 879 3365 Basilius
908 3312 1003 3365 lib.
1032 3310 1106 3365 De
1138 3310 1343 3380 Spiritu
1372 3319 1581 3374 sancto,
1606 3325 1723 3378 cap.
1747 3306 1838 3371 29,
1866 3305 1895 3379 §
1922 3305 2011 3369 74,
2042 3304 2175 3375 Opp.
2203 3314 2329 3361 tom.
2373 3304 2464 3373 Ill,
2487 3322 2609 3375 pag.
2632 3304 2722 3368 62,
2746 3305 2873 3359 edit.
2901 3303 3081 3359 Paris.
3109 3303 3225 3357 ΒΒ.
3252 3303 3408 3361 1730.

359 3425 659 3500 Γρηγόριον
696 3428 752 3481 δὲ
785 3429 875 3481 τὸν
908 3429 1117 3498 Μέγαν,
1157 3431 1249 3483 καὶ
1294 3429 1394 3494 τὰς
1440 3429 1646 3483 ἐκείνου
1679 3426 1860 3497 φωνὰς

286 3519 395 3572 ποῦ
446 3519 715 3590 θήσομενς
749 3516 871 3591 ’Ἆρ’
902 3522 1020 3590 οὐχὶ
1068 3522 1203 3591 μετά
1250 3521 1356 3575 τῶν
1404 3521 1713 3575 ἀποστόλων
1765 3522 1859 3575 καὶ

284 3610 581 3681 προφητῶν
600 3650 615 3672 ,
644 3610 811 3680 ἄνδρα
843 3610 919 3679 τῷ
947 3609 1095 3680 αὐτῷ
1126 3611 1404 3681 Πνεύματι
1436 3611 1664 3675 ἐκείνοις
1705 3629 1859 3682 περι-

285 3705 627 3772 πατήσαντα,
658 3702 750 3755 καὶ
783 3705 894 3766 τοῖς
920 3702 1026 3756 τῶν
1051 3702 1220 3771 ἁγίων
1246 3702 1413 3773 ἴχνεσι
1436 3703 1522 3756 διὰ
1546 3703 1743 3766 παντὸς
1760 3703 1855 3756 τοῦ

285 3793 404 3861 βίου
440 3796 816 3863 στοιχήσαντα,
844 3795 935 3846 καὶ
971 3796 1070 3866 τῆς
1113 3794 1473 3866 εὐαγγελικῆς
1499 3794 1769 3857 πολιτείας
1795 3794 1856 3847 τὸ

278 3884 509 3955 ἀκριϐὲς
541 3885 628 3938 διὰ
656 3885 837 3957 πάσης
875 3884 1039 3939 αὐτοῦ
1080 3886 1177 3956 τῆς
1222 3886 1367 3956 ζωῆς
1400 3884 1854 3958 κατορθώσαντας

292 3974 436 4043 Ἐγὼ
471 3976 569 4046 μὲν
602 3976 756 4029 τοῦτο
782 3977 955 4046 φημί·
990 3972 1067 4031 ἿΙ
1101 3977 1427 4047 ἀδικήσομεν
1449 3977 1547 4048 τὴν
1579 3975 1855 4047 ἀλήθειαν,

280 4068 357 4137 μὴ
394 4069 507 4130 τοῖς
542 4066 910 4138 ᾠκειωμένοις
950 4066 1066 4139 Θεῷ
1107 4066 1205 4137 τὴν
1246 4066 1421 4138 ψυχὴν
1450 4067 1665 4137 ἐκείνην
1696 4083 1857 4119 συνα-

274 4159 601 4231 ριθμοῦντες
620 4176 633 4188 ·
668 4155 778 4212 οἷόν
806 4177 924 4211 τινα
950 4160 1252 4229 λαμπτῆρα
1274 4159 1545 4230 περιφανῆ
1574 4159 1766 4228 μέγαν,
1796 4160 1853 4211 ὲν

267 4255 339 4322 τῇ
382 4250 674 4323 Ἐκκλησία
704 4251 797 4303 τοῦ
820 4250 950 4304 Θεοῦ
976 4250 1354 4322 διαλάμψαντα
1374 4268 1387 4281 ο
1419 4251 1477 4313 ὃς
1499 4251 1727 4322 φοὸερδν
1754 4251 1851 4322 μὲν

266 4340 419 4411 εἶχεν
460 4342 523 4393 ὲκ
563 4342 661 4412 τῆς
689 4341 782 4395 τοῦ
814 4341 1127 4412 Πνεύματος
1161 4342 1449 4413 συνεργίας
1483 4341 1626 4395 κατὰ
1659 4342 1849 4413 δαιμό-
1874 4382 1916 4440 C

266 4452 381 4487 νων
412 4432 473 4485 τὸ
504 4433 720 4503 κράτος.
738 4434 1015 4503 Τοσαύτην
1049 4434 1104 4486 δὲ
1133 4433 1289 4486 ἔλαϐε
1317 4434 1407 4486 τοῦ
1436 4434 1593 4503 λόγου
1627 4435 1724 4505 τὴν
1751 4436 1846 4505 χά-

265 4543 359 4597 ριν
389 4527 469 4586 εἰς
502 4526 745 4596 ὑπακοὴν
772 4526 1003 4590 πίστεως
1030 4528 1087 4579 ἐν
1111 4528 1224 4589 τοῖς
1252 4526 1477 4591 ἔθνεσιν,
1504 4526 1645 4580 ὥστε
1673 4528 1841 4580 ἐπτα-

260 4617 499 4671 καίδεκα
552 4617 744 4687 μόνους
794 4618 1150 4687 Χριστιανοὺς
1199 4616 1547 4687 παραλαϐὼν,
1592 4616 1710 4669 ὅλον
1750 4616 1843 4669 τὸν

257 4709 395 4761 λαὸν
426 4709 517 4762 τόν
563 4727 621 4762 τε
658 4709 879 4762 ἀστικὸν
912 4710 1002 4761 καὶ
1038 4708 1129 4761 τὸν
1159 4708 1447 4779 χωριτικὸν
1478 4708 1565 4761 διὰ
1597 4709 1693 4780 τῆς
1726 4709 1842 4761 ἐπι-

256 4799 521 4867 γνώσεως
564 4803 876 4872 προσήγαγε
924 4801 1001 4871 τῷ
1038 4800 1175 4871 Θεῷ.
1195 4802 1427 4864 Ἐκεῖνος
1458 4802 1551 4854 καὶ
1583 4801 1840 4872 ποταμῶν

256 4893 457 4963 ῥεῖθρα
509 4893 858 4964 μετέστησεν,
890 4890 1146 4956 ἐπιτάξας
1192 4892 1370 4956 αὐτοῖς
1408 4895 1465 4946 ὲν
1506 4892 1584 4962 τῷ
1616 4893 1839 4964 ὀνόματι

249 4983 335 5054 τῷ
375 4984 595 5053 μεγάλῳ
632 4984 723 5036 τοῦ
754 4982 1023 5055 Χριστοῦο
1060 4983 1152 5036 καὶ
1192 4983 1386 5054 λίμνην
1418 4982 1677 5055 ἐξήρανεν
1707 4983 1837 5037 ὑπό-

250 5071 410 5125 θεσιν
442 5073 679 5144 πολέμου
714 5074 986 5145 φέρουσαν
1018 5074 1262 5142 ἀδελφοῖς
1302 5074 1665 5137 πλεονέκταις.
1693 5075 1756 5126 Ai
1779 5074 1835 5128 δὲ

244 5163 365 5215 τῶν
391 5164 690 5233 μελλόντων
713 5165 1132 5237 προαγορεύσεις
1160 5165 1424 5230 τοιαῦται,
1442 5166 1516 5229 ὡς
1542 5166 1705 5237 μηδὲν
1726 5165 1833 5218 τῶν

244 5254 430 5308 ἄλλων
472 5254 690 5308 ἀποδεῖν
739 5257 1047 5327 προφητῶν.
1087 5258 1196 5310 Καὶ
1232 5258 1367 5321 ὅλως
1403 5257 1612 5329 μακρὸν
1646 5258 1712 5311 ἂν
1746 5257 1829 5330 εἴη

240 5345 346 5397 τοῦ
400 5345 589 5417 ἀνδρὸς
616 5346 915 5418 διηγεῖσθαι
960 5347 1027 5401 τὰ
1060 5347 1328 5418 θαύματα,
1364 5348 1420 5412 ὃς
1453 5352 1517 5421 τῇ
1557 5350 1826 5421 ὑπερϐολῇ

238 5438 360 5491 τῶν
396 5441 451 5490 ἐν
473 5440 621 5510 αὐτῷ
653 5441 1004 5513 χαρισμάτων
1029 5440 1134 5494 τῶν
1163 5442 1568 5515 ἐνεργουμένων
1602 5444 1706 5495 ὑπὸ
1733 5442 1826 5497 τοῦ

242 5531 396 5583 Πνεύ
405 5550 571 5602 ματος
606 5536 662 5585 ἐν
688 5534 834 5607 πάσῃ
862 5536 1086 5605 δυνάμει
1112 5535 1205 5588 καὶ
1232 5536 1473 5606 σημείοις
1495 5536 1586 5589 καὶ
1614 5536 1823 5607 τέρασι,

239 5621 503 5694 δεύτερος
537 5624 778 5694 Μωῦσῆς
812 5628 939 5697 παρ’
972 5626 1150 5680 αὐτῶν
1181 5626 1289 5678 τῶν
1326 5626 1535 5698 ἐχθρῶν
1563 5628 1660 5697 τῆς
1694 5627 1826 5696 ἀλη-

235 5712 398 5777 θείας
449 5715 796 5787 ἀνηγόρευτο.
826 5716 1013 5782 Οὕτως
1063 5717 1211 5787 αὐτῴ
1261 5720 1320 5770 ἐν
1368 5721 1530 5771 παντὶ
1554 5718 1696 5789 λόγῳ
1729 5720 1823 5771 καὶ

230 5802 391 5874 ἔργῳ
418 5803 525 5858 τῶν
555 5807 979 5879 ἐπιτελουμένων
1006 5808 1094 5863 διὰ
1123 5811 1218 5881 τῆς
1238 5811 1458 5881 χάριτος
1483 5806 1592 5865 οἷόν
1622 5828 1674 5863 τι
1705 5810 1818 5880 φῶς

2035 3425 2302 3481 Caeterum
2327 3425 2645 3497 Gregorium
2681 3424 2958 3495 Magnum,
2988 3434 3043 3480 et
3063 3424 3209 3480 illius
3237 3439 3399 3480 voces
3426 3440 3536 3494 quo

1964 3520 2085 3576 loco
2111 3519 2350 3590 ponam?
2377 3518 2574 3573 Annon
2606 3532 2730 3573 cum
2759 3516 3018 3586 apostolis
3049 3524 3103 3569 et
3132 3516 3429 3586 prophetis,
3456 3517 3536 3569 vi-

1962 3626 2083 3664 rum
2112 3610 2203 3679 qui
2235 3610 2422 3664 eodem
2456 3607 2661 3678 Spiritu
2697 3624 2805 3677 quo
2833 3608 2906 3661 illi
2936 3616 3184 3661 Versatus
3209 3607 3302 3671 sit,
3332 3607 3533 3676 quique

1960 3712 2275 3757 sanctorum
2326 3701 2570 3771 vestigiis
2618 3715 2713 3770 per
2765 3714 2982 3753 omnem
3011 3699 3180 3753 vitam
3234 3696 3531 3759 inhaeserit.

1959 3795 2163 3864 quique
2200 3794 2522 3863 evangelicae
2550 3791 2978 3847 conversationis
3007 3790 3247 3861 vigorem
3286 3790 3527 3860 quandiu

1958 3887 2095 3941 vixit
2144 3885 2489 3955 praestiterit?
2516 3882 2779 3954 Equidem
2816 3883 2945 3937 illud
2979 3882 3207 3936 dixerim
3244 3900 3257 3936 :
3286 3880 3528 3952 profecto

1958 3977 2158 4047 injuria
2190 3976 2532 4031 atfecerimus
2560 3977 2866 4041 veritatem,
2893 3974 2938 4027 si
2974 3989 3081 4027 non
3110 3975 3347 4028 animam
3380 3975 3526 4028 illam

1955 4084 2378 4124 annumeremus
2417 4069 2485 4124 iis
2511 4069 2601 4138 qui
2635 4068 2746 4123 Deo
2770 4069 2943 4137 juncti
2969 4077 3119 4130 sunt,
3149 4069 3242 4137 qui
3272 4068 3419 4123 velut
3443 4070 3526 4122 in-

1953 4161 2122 4231 signis
2150 4177 2452 4233 magnaque
2484 4161 2704 4215 lucerna
2752 4160 2807 4215 in
2860 4160 3101 4216 Ecclesia
3149 4159 3243 4215 Dei
3275 4161 3524 4229 resplen-

1949 4253 2089 4319 duit,
2124 4252 2215 4321 qui
2269 4268 2299 4307 e
2336 4252 2573 4322 Spiritus
2602 4267 2705 4321 ope
2743 4253 3076 4306 tremendam
3115 4251 3304 4305 habuit
3333 4252 3524 4305 adver-

1950 4362 2045 4401 sus
2092 4345 2366 4401 daemones
2414 4352 2755 4414 potestatem.
2800 4340 2935 4397 Nam
2982 4351 3187 4397 tantam
3240 4353 3524 4411 acceperat

1950 4437 2179 4507 gratiam
2214 4438 2280 4492 ad
2320 4437 2681 4492 obedientiam
2733 4434 2858 4489 ﬁdei
2909 4436 3049 4488 inter
3083 4442 3290 4503 gentes,
3325 4441 3386 4487 ut
3433 4449 3523 4487 as-

1949 4529 2184 4599 sumptis
2216 4544 2324 4581 non
2357 4528 2479 4597 plus
2514 4526 2896 4596 septemdecim
2923 4525 3271 4589 Christianis,
3300 4525 3519 4578 univer-

1947 4635 2067 4675 sum
2125 4620 2407 4689 populum,
2446 4628 2501 4673 et
2556 4619 2828 4672 urbanum
2887 4626 2941 4672 et
2996 4617 3360 4677 rusticanum,
3421 4630 3518 4685 per

1945 4709 2275 4781 agnitionem
2311 4710 2621 4780 adiunxerit
2646 4709 2777 4764 Deo.
2803 4707 2895 4762 Ille
2925 4716 2979 4761 et
3007 4705 3291 4761 ﬂuminum
3318 4720 3516 4761 cursus

1942 4800 1997 4855 in
2025 4801 2301 4857 diversum
2332 4802 2513 4863 vertit,
2539 4800 2859 4870 prmcipiens
2891 4798 3000 4853 illis
3024 4799 3079 4851 in
3108 4811 3307 4867 magno
3336 4798 3515 4850 nomi-

1939 4908 2010 4946 ne
2065 4891 2299 4959 Christi;
2340 4903 2394 4947 et
2444 4893 2691 4962 paludem
2742 4890 3059 4951 cxsiecavit,
3106 4890 3229 4942 belli
3284 4903 3508 4941 causam

1939 4985 2263 5053 praabentem
2301 4984 2559 5040 fratribus
2591 4985 2786 5038 avaris.
2822 4981 3088 5036 Caeterum
3129 4979 3510 5050 praedictiones

1937 5078 2003 5131 de
2029 5076 2251 5142 futuris,
2290 5077 2558 5147 ejusmodi
2585 5087 2732 5141 sunt,
2766 5086 2826 5131 ut
2853 5077 3027 5131 nihilo
3051 5076 3121 5130 sit
3152 5072 3372 5128 inferior
3402 5088 3508 5128 ca:-

1935 5168 2069 5223 teris
2110 5168 2411 5239 prOphetis.
2446 5166 2549 5223 Sed
2580 5168 2805 5222 omnino
2848 5166 3168 5237 perlongum
3208 5162 3373 5218 fuerit
3403 5163 3505 5215 viri

1934 5273 2253 5329 percensere
2298 5259 2584 5325 miracula,
2617 5258 2709 5328 qui
2747 5268 2967 5327 propter
3011 5258 3280 5312 donorum
3324 5253 3505 5309 excel-

1932 5354 2153 5407 lentiam
2188 5369 2310 5422 quae
2358 5354 2413 5407 in
2466 5354 2585 5421 ipso
2619 5353 2947 5422 operabatur
2974 5349 3230 5419 Spiritus,
3272 5348 3325 5401 in
3351 5346 3502 5400 omni

1930 5434 2149 5507 virtute,
2184 5444 2355 5515 signis
2387 5460 2450 5499 ac
2479 5445 2760 5515 prodigiis,
2795 5444 2861 5498 ab
2889 5444 3021 5513 ipsis
3054 5444 3215 5496 etiam
3258 5438 3501 5495 veritatis

1928 5536 2180 5591 hostibus
2212 5538 2350 5592 alter
2381 5537 2593 5610 Moyses
2627 5538 2926 5609 appellatus
2961 5536 3081 5590 fuit.
3127 5534 3277 5590 Adeo
3316 5534 3370 5586 in
3406 5532 3498 5586 illo

1927 5626 1982 5681 in
2034 5628 2290 5684 omnibus
2332 5639 2447 5684 tum
2484 5630 2644 5685 dictis
2685 5640 2799 5683 tum
2836 5628 3013 5692 factis,
3042 5640 3231 5682 eorum
3258 5639 3379 5693 qua!
3401 5637 3499 5690 per

1927 5722 2152 5788 gratiam
2182 5721 2597 5791 peragebantur,
2618 5722 2783 5775 veluti
2813 5721 2995 5775 lumen
3045 5717 3277 5781 refulsit,
3308 5730 3496 5783 super—

1924 5812 2160 5867 cmlestis
2200 5814 2413 5871 virtutis
2440 5814 2722 5873 indicium,
2760 5827 2879 5875 qum
2908 5828 2973 5868 ex
3005 5810 3217 5865 occulto
3259 5813 3496 5863 assecta-
