3862 6490
344 282 448 339 875

1230 275 1285 330 S.
1328 275 1679 332 GRECORIU
1692 276 1727 330 Β
1770 276 2104 333 ΤΗᾹΠΜΑΤ
2118 280 2379 335 URGUS.

3477 294 3585 349 976

343 399 504 455 batur
550 396 724 450 illum.
754 392 927 463 Hujus
958 400 1012 447 et
1051 392 1106 446 in
1132 391 1455 446 hodiernum
1506 409 1721 463 quoque
1767 394 1906 449 diem

2012 380 2309 467 ἐπέλοίμῷε,
2347 417 2566 472 μηνυμα
2595 404 2690 473 τῆς
2716 404 3036 477 ὲπουρανίου
3068 406 3363 479 δυνάμεως,
3391 410 3490 482 τῆς
3521 412 3588 463 ὲκ

345 504 539 559 magna
573 497 656 542 est
689 487 829 556 apud
860 485 978 554 ejus
1010 486 1244 554 regionis
1286 486 1534 539 homines
1563 486 1852 539 admiratio
1889 504 1901 539 :

343 593 642 648 recensque
670 592 733 633 ac
761 592 974 645 semper
1001 576 1187 645 vigens
1235 578 1492 632 memoria
1523 577 1601 631 sic
1633 577 1796 631 inﬁxa
1825 587 1909 632 est

345 671 622 733 Ecclesiis,
660 678 719 723 ut
766 670 915 723 nullo
948 677 1189 737 tempore
1221 669 1544 723 obsolescst.
1586 668 1770 739 Itaque
1801 686 1907 723 non

346 762 547 817 factum
598 762 840 832 aliquod,
870 776 977 814 non
1031 760 1256 825 dictum,
1294 776 1403 815 non
1453 761 1684 815 formam
1739 762 1904 815 ullam

344 857 650 928 mysticam,
684 855 823 909 ultra
859 869 1021 924 quam
1059 853 1164 907 illis
1198 852 1433 922 reliquit,
1478 852 1731 907 Ecclesiae
1759 853 1902 921 adje-

342 958 553 1003 cerunt.
585 946 924 1015 Quapmptcr
954 946 1114 999 etiam
1147 944 1314 998 multa
1361 960 1428 999 ex
1477 945 1560 999 his
1602 961 1722 1014 quae
1765 943 1906 1012 apud

347 1042 467 1094 illos
500 1051 733 1110 aguntur
763 1039 814 1092 in
850 1038 1045 1092 ritibus
1067 1038 1315 1092 videntur
1339 1037 1668 1107 imperfecta,
1691 1047 1908 1106 prepter

346 1130 703 1188 institutionis
744 1130 1142 1199 antiquitatem.
1180 1128 1365 1198 Neque
1392 1131 1535 1183 enim
1570 1129 1909 1184 sustinebant

346 1225 440 1296 qui
475 1225 529 1278 in
561 1223 925 1280 Ecclesiarum
954 1222 1479 1276 administrationem
1511 1229 1906 1284 successerant,

345 1318 709 1372 additamenta
741 1331 861 1386 qure
910 1323 1032 1385 post
1065 1314 1214 1368 illum
1246 1313 1533 1367 adinveuta
1584 1320 1730 1376 sunt,
1768 1311 1908 1365 rcci-

342 1425 493 1480 pere.
532 1406 682 1462 Unus
734 1408 899 1479 igitur
942 1406 1042 1460 fuit
1086 1405 1493 1476 glorilicalionis
1521 1404 1715 1457 modus
1748 1417 1908 1471 quem

345 1504 577 1560 instituit
606 1501 917 1572 Gregorius,
950 1508 1002 1553 et
1031 1499 1075 1551 is
1103 1498 1191 1551 cui
1228 1511 1374 1551 nunc
1402 1494 1809 1557 contradicitur,
1843 1508 1910 1547 ex

342 1595 490 1650 illius
522 1593 814 1648 traditione
847 1591 901 1643 in
932 1587 1174 1644 Ecclesia
1202 1586 1544 1641 obscrvatus.

2012 487 2104 540 τοῦ
2131 489 2366 557 ἀφανοῦς
2392 494 2778 565 παρεπομένης
2805 498 2971 561 αύτῷ,
2998 497 3194 549 Τούτου
3224 498 3365 567 μέγα
3385 498 3465 551 ἔτι
3491 501 3587 552 καὶ

2013 581 2107 633 νῦν
2130 584 2242 645 τοῖς
2261 584 2543 653 ἐγχωρίοις
2568 586 2627 637 τὸ
2651 587 2750 639 θαῦ
2760 606 2855 657 μα,
2878 591 2970 640 καὶ
3002 590 3167 660 νεαρὰ
3188 591 3277 642 καὶ
3305 593 3389 643 ἀεὶ
3417 593 3588 664 πρόσ-

2013 675 2242 743 φατοςὴ
2283 677 2466 746 μνήμη
2517 680 2636 740 ταῖς
2679 679 3022 749 Ἐκκλησίαις
3071 682 3362 752 ἐνίδρυται,
3409 683 3587 736 οὐδενὶ

2014 765 2187 835 χρόνῳ
2218 767 2629 839 ἁμαυρουμένη.
2666 770 2872 824 Οὐκοῦν
2901 773 2959 824 ού
2997 774 3191 843 πρᾶξίν
3223 792 3361 839 τινα,
3394 776 3455 827 οὑ
3490 775 3585 828 λό⁶

2012 872 2130 922 γον,
2161 858 2218 908 ού
2268 857 2434 911 τύπον
2465 862 2587 914 τινὰ
2622 863 2878 931 μυστικὸν
2923 866 3051 934 παρ’
3078 866 3135 917 ὃν
3169 868 3392 929 ἐκείνοις
3419 868 3586 920 κατέ-

2014 945 2158 1011 λιπε,
2184 951 2248 1018 τῇ
2282 950 2573 1022 Ἐκκλησία
2596 954 2957 1026 προσέθηκαν.
2982 957 3166 1029 Ταύτῃ
3194 976 3271 1010 τοι
3296 958 3388 1011 καὶ
3416 959 3586 1011 πολλά

2012 1036 2118 1089 τῶν
2159 1040 2288 1109 παρ’
2325 1042 2505 1106 αὐτοῖς
2538 1043 2873 1114 τελουμένων
2920 1048 3178 1111 ἐλλειπῶς
3227 1049 3368 1119 ἔχειν
3413 1052 3582 1113 δοκεῖ,

2012 1128 2100 1182 διὰ
2154 1130 2214 1183 τὸ
2267 1133 2365 1202 τῆς
2413 1136 2793 1200 καταστάσεως
2832 1139 3243 1209 άρχαιότροπον.
3281 1141 3446 1194 Οὐδὲν
3474 1143 3588 1212 γάρ

2007 1220 2294 1291 ἠνέσχοντο
2337 1227 2553 1279 οἱκατὰ
2595 1229 2838 1301 διαδοχὴν
2881 1232 2979 1296 τὰς
3027 1233 3346 1304 Ἐκκλησίας
3378 1237 3584 1287 οἰκονο-

2012 1312 2299 1381 μήσαντες,
2334 1315 2439 1369 τῶν
2496 1320 2613 1387 μετ’
2645 1322 2847 1374 ἐκεῖνον
2897 1323 3295 1395 ἐφευρεθέντων
3344 1324 3587 1397 παραδέ-

2010 1399 2199 1465 ξασθαι
2223 1406 2301 1467 εἰς
2330 1408 2768 1480 προσθήκην.Ἒν
2801 1412 2978 1465 τοίνυν
3006 1413 3112 1467 τῶν
3142 1414 3463 1484 Γρηγορίου,
3488 1414 3587 1467 καὶ

2007 1494 2035 1545 ὁ
2067 1492 2157 1546 νῦν
2185 1495 2593 1568 ἀντιλεγόμενος
2626 1501 2826 1571 τρόπος
2857 1504 2953 1573 τῆς
2983 1503 3283 1572 δοξολογίας
3318 1508 3487 1568 ἐστὶν,
3520 1509 3588 1559 ἐκ

2006 1584 2106 1654 τῆς
2137 1585 2345 1640 ἐκείνου
2363 1591 2706 1661 παραδόσεως
2725 1596 2790 1664 τῇ
2822 1589 3112 1667 Ἐκκλησία
3145 1597 3585 1667 πεφυλαγμένος.

1211 1702 1361 1758 Idem
1400 1703 1556 1772 epist.
1594 1699 1684 1767 28,
1710 1714 1853 1752 num.
1893 1697 1919 1750 l
1960 1710 2007 1752 et
2047 1699 2101 1765 2,
2127 1700 2254 1756 ibid.
2281 1720 2399 1772 pag.
2434 1705 2533 1758 107
2562 1723 2667 1776 seq.

413 1805 597 1875 Neque
633 1819 760 1858 vero
792 1801 1018 1870 attingat
1047 1813 1285 1867 unquam
1318 1798 1337 1867 (
1362 1794 1661 1850 Ecciesiam
1691 1793 1908 1847 Neocae—
1938 1798 1980 1851 Β

342 1900 641 1956 sariensem
673 1894 1046 1950 hmreticorum
1088 1901 1371 1945 ventorum
1402 1884 1668 1957 azstus),'o
1693 1883 1909 1937 univer-

340 2006 527 2046 sorum
586 1987 846 2051 Domine;
899 1983 992 2053 qui
1046 1980 1248 2035 famulo
1282 1989 1374 2034 tuo
1406 1977 1688 2047 Gregorio,
1729 1990 1761 2029 a
1797 1989 1907 2043 quo

338 2081 485 2137 basis
531 2077 787 2133 Ecclesia:
841 2075 910 2129 ab
957 2075 1111 2128 initio
1164 2080 1468 2141 compacta,
1501 2067 1909 2136 tranquillitatis

338 2168 672 2240 longissima:
698 2180 897 2220 munus
926 2162 1193 2219 dedisti...
1231 2159 1331 2226 Qui
1364 2176 1394 2213 a
1424 2173 1621 2228 magno
1654 2155 1909 2211 Ecclesia:

338 2246 533 2333 vestra:
577 2259 804 2330 praeside
852 2256 1111 2325 Gregorio
1162 2268 1335 2322 usque
1382 2251 1449 2305 ad
1500 2252 1643 2304 hunc
1690 2250 1905 2303 beatum

339 2351 732 2427 (Musonium),
764 2351 992 2405 alterum
1042 2349 1098 2426 in
1144 2346 1366 2401 alterius
1399 2345 1577 2399 locum
1609 2342 1905 2406 sufﬁciens,

335 2460 657 2517 semperque
688 2442 973 2511 adaptatis,
1004 2439 1149 2494 velut
1179 2453 1245 2492 ex
1280 2436 1514 2506 quadam
1546 2436 1905 2505 pretiosorum

338 2538 578 2607 lapidum
609 2534 991 2598 commissura,
1011 2531 1209 2584 mirum
1239 2538 1617 2583 ornamentum
1654 2527 1908 2581 Ecclesiae

339 2640 529 2687 vestra:
558 2627 790 2697 largitus
816 2634 916 2680 est.

2079 1795 2231 1863 Μήτε
2259 1795 2313 1849 δὲ
2347 1796 2539 1865 ἅψαιτό
2570 1816 2717 1863 ποτε,
2748 1795 2791 1853 ὦ
2817 1802 3060 1856 Δέσποτα
3088 1804 3194 1856 τῶν
3221 1804 3496 1869 ἁπάντων,
3526 1806 3587 1869 δς

2013 1881 2090 1952 τῷ
2126 1882 2201 1952 σῷ
2235 1883 2521 1956 θεράποντι
2552 1887 2589 1937 Γ
2597 1888 2855 1959 ρηγορίῳ,
2888 1890 2966 1960 τῷ
2996 1890 3052 1956 ἐξ
3084 1891 3257 1961 ἀρχῆς
3284 1890 3590 1961 πηξαμένῳ

2012 1971 2111 2040 τὴν
2144 1972 2380 2041 κρηπίδα
2403 1974 2502 2043 τῆς
2539 1975 2879 2047 Ἑκκλησίας,
2912 1979 3009 2049 τῆς
3041 1981 3132 2031 ἐπὶ
3165 1982 3426 2051 μήκιστον
3456 1982 3588 2034 ἀταο

2016 2060 2199 2131 ραξίας
2250 2065 2347 2135 τὴν
2399 2066 2554 2137 χάριν
2610 2067 3033 2134 ἕδωκας.....“ος
3065 2071 3171 2124 ἀπὸ
3213 2073 3307 2125 τοῦ
3346 2073 3587 2144 μεγάλου

2011 2156 2309 2226 προστάτου
2364 2150 2461 2228 τῆς
2498 2159 2819 2229 Ἐκκλησίας
2874 2163 3026 2231 ὑμῶν
3071 2163 3372 2235 Γρηγορίου
3420 2166 3588 2236 μέχρι

2013 2245 2103 2297 τοῦ
2137 2247 2403 2318 μακαρίου
2429 2248 2638 2313 τούτου,
2674 2249 2829 2304 ἄλλον
2856 2253 2941 2303 ἐπ’
2973 2250 3114 2323 ἄλλῳ
3148 2252 3461 2323 προστιθεὶς
3490 2255 3588 2307 καὶ

2015 2340 2363 2410 συναρμόζων
2395 2341 2499 2406 ἀεὶ,
2527 2340 2634 2395 οἷον
2669 2345 2732 2395 ὲκ
2770 2343 2912 2408 τινὸς
2944 2345 3119 2416 ἁρμοῦ
3152 2346 3315 2400 λίθων
3355 2348 3587 2401 πολυτε-

2012 2430 2140 2495 λῶν,
2190 2430 2501 2502 θαυμαστὸν
2545 2429 2655 2487 οἷον
2703 2434 2895 2499 κάλλος
2932 2438 3030 2507 τῆς
3064 2436 3388 2509 Ἐκκλησίας
3430 2438 3586 2509 ὑμῶν

2014 2523 2320 2593 ἐχαρίσατο.

1366 2710 1515 2765 Idem
1539 2713 1691 2780 epist.
1736 2712 1840 2767 204
1872 2728 2016 2766 num.
2047 2710 2100 2772 2,
2126 2708 2255 2761 ibid.
2290 2724 2411 2777 pag.
2436 2706 2558 2762 505.

406 2814 648 2868 Alterum
698 2812 805 2865 huc
851 2808 1077 2873 accedit,
1124 2806 1270 2877 quod
1300 2807 1346 2861 si
1376 2806 1506 2876 quid
1535 2807 1717 2876 magni
1750 2807 1904 2862 aﬂ‘crt

336 2907 406 2961 ad
449 2905 912 2975 conjunctionem,
944 2903 1106 2956 etiam
1161 2899 1348 2954 iisdem
1388 2899 1465 2952 uti
1502 2900 1797 2967 magistris,
1840 2898 1903 2951 ii.

335 3000 457 3053 dem
488 2998 645 3051 nobis
686 2996 795 3050 sint
830 3010 893 3048 ac
925 2993 1076 3047 vobis
1104 2992 1349 3061 magistri
1388 2992 1768 3061 mysteriorum
1808 2990 1902 3044 Dei

334 3101 388 3146 et
421 3100 602 3161 patres
650 3088 977 3158 spirituales,
1005 3084 1096 3153 qui
1146 3084 1299 3137 initio
1332 3081 1631 3137 Ecclesium
1664 3092 1900 3137 vestram

335 3183 631 3239 fundarunt
670 3198 685 3234 :
714 3179 1029 3247 Gregorium
1068 3176 1191 3231 dico
1219 3191 1492 3230 summum
1524 3174 1671 3228 illum
1700 3175 1897 3244 virum,

331 3284 386 3329 et
409 3280 671 3343 quotquot
703 3280 824 3341 post
857 3285 980 3324 eum
1012 3268 1125 3323 sedi
1156 3268 1295 3336 apud
1326 3281 1423 3321 vos
1450 3266 1743 3335 episcopali
1775 3282 1902 3321 suc-

333 3366 606 3430 cedentes,
637 3362 777 3415 alius
830 3368 951 3430 post
1000 3360 1165 3413 alium
1214 3357 1379 3411 veluti
1438 3356 1604 3410 stellae
1653 3356 1898 3425 quaedam

332 3454 659 3517 exorientes,
688 3449 879 3505 iisdem
909 3448 1151 3518 vestigiis
1180 3446 1523 3511 institerunt;
1556 3444 1691 3499 adeo
1720 3453 1779 3498 ut
1805 3460 1900 3499 ne—

334 3547 467 3600 mini
516 3545 746 3601 obscura
788 3543 1106 3613 reliquerint
1149 3540 1382 3596 cmlestis
1432 3538 1668 3594 instituti
1705 3554 1898 3593 monu-

334 3647 515 3693 menta
522 3677 536 3690 .

2080 2802 2338 2874 Δεύτερον
2368 2802 2443 2867 δὲ,
2475 2803 2555 2854 ὅτι
2581 2801 2635 2853 εἴ
2654 2819 2704 2854 τι
2738 2802 2881 2871 μέγα
2908 2803 3268 2873 συμϐάλλεται
3298 2805 3438 2875 πρὸς
3463 2824 3587 2860 συν-

2011 2894 2204 2961 άφειαν
2236 2891 2327 2943 καὶ
2364 2890 2424 2943 τὸ
2471 2889 2580 2942 τῶν
2615 2890 2791 2943 αὐτῶν
2822 2895 3107 2962 μετασχεῖν
3136 2892 3501 2956 διδασκάλων,
3536 2897 3583 2948 0!

2009 2985 2161 3038 αὐτοὶ
2194 2985 2319 3053 ὑμῖν
2368 2998 2426 3034 τε
2461 2983 2566 3034 εἰσὶ
2608 2982 2701 3034 καὶ
2734 2985 2865 3053 ἡμῖν
2897 2983 3204 3037 διδάσκαλοί
3237 3002 3295 3037 τε
3327 2985 3438 3040 τῶν
3485 3004 3584 3056 μυ-

2011 3077 2246 3148 στηρίων
2278 3074 2371 3127 τοῦ
2410 3074 2565 3139 Θεοῦ,
2602 3075 2695 3127 καὶ
2742 3076 2977 3145 πατέρες
3012 3078 3393 3146 πνευματικοὶ,
3430 3081 3480 3130 οί
3526 3080 3584 3144 ἐξ

2005 3169 2179 3239 ἀρχῆς
2206 3168 2302 3238 τὴν
2342 3167 2663 3237 Ἐκκλησίαν
2692 3168 2790 3239 τὴν
2816 3168 3083 3240 ὑμετέραν
3117 3170 3544 3240 θεμελιώσαντες
3567 3192 3579 3203 '

2005 3260 2299 3331 Γρηγόριον
2325 3258 2467 3327 λέγω
2486 3259 2576 3310 τὸν
2602 3247 2764 3322 πάνυ,
2792 3262 2884 3312 καὶ
2908 3261 3018 3312 ὅσοι
3048 3261 3241 3331 ἐφεξῆς
3266 3263 3462 3331 ἐκείνῳ
3485 3263 3583 3329 τῆς

2005 3352 2135 3423 παρ’
2166 3352 2292 3421 ὑμῖν
2322 3351 2625 3420 ἐπισκοπῆς
2652 3351 2741 3403 τὸν
2783 3351 2965 3422 θρόνον
2996 3352 3389 3421 διαδεξάμενοι,
3426 3354 3584 3417 illo;

2007 3446 2093 3498 ἐπ’
2122 3445 2265 3516 ἄλλῳ
2292 3446 2480 3517 ὥσπερ
2508 3446 2650 3507 τινὲς
2682 3446 2908 3517 ἀστέρες
2937 3446 3412 3511 ἐπανατέλλοντες,
3439 3449 3581 3501 κατᾶ

2003 3537 2111 3590 τῶν
2154 3537 2330 3591 αὐτῶν
2368 3537 2526 3609 ἰχνῶν
2559 3530 2854 3607 ἐπέϐησαν,
2892 3537 3029 3590 ὥστε
3064 3538 3370 3606 διάγνωστα
3416 3556 3587 3592 κατα-

2002 3629 2179 3682 λιπεῖν
2232 3630 2327 3699 τῆς
2383 3629 2501 3682 κατ’
2535 3630 2758 3699 οὐρανὸν
2811 3629 3080 3692 πολιτείας
3127 3631 3196 3684 τά
3229 3633 3433 3702 σημεῖα
3470 3634 3584 3692 τοῖς

2003 3721 2371 3792 βουλομένοις.

1220 3816 1371 3870 Idem
1392 3816 1547 3885 epist.
1576 3814 1701 3880 207,
1739 3833 1883 3870 num.
1917 3815 1972 3884 4,
2000 3817 2127 3871 ibid.
2154 3834 2275 3888 pag.
2315 3818 2412 3872 511
2440 3826 2488 3869 et
2509 3833 2645 3888 seqq.

402 3933 508 3990 Sed
543 3934 679 3997 hzec,
706 3932 900 4001 inquit,
930 3945 1038 3985 non
1073 3936 1229 3984 erant
1267 3937 1510 3999 tempore
1553 3927 1735 3998 magni
1763 3927 1897 3982 Gre-

332 4027 538 4099 gorii...
570 4025 695 4080 Haec
725 4034 904 4079 autem
932 4040 1039 4079 non
1069 4022 1238 4077 fuisse
1278 4022 1381 4077 sub
1415 4020 1733 4076 admirando
1760 4018 1896 4074 Gre-

332 4117 503 4188 gorio,
530 4130 797 4185 quosnam
827 4114 1034 4169 habetis
1065 4113 1274 4169 testes?
1298 4113 1391 4182 qui
1423 4111 1639 4181 quidem
1669 4109 1802 4163 nihil
1830 4125 1898 4163 ex

332 4205 480 4259 illius
535 4204 797 4258 institutis
848 4203 1109 4257 hactenus
1157 4201 1589 4256 conservastis...
1634 4198 1899 4253 Tantum-

332 4296 495 4350 modo
542 4310 673 4349 sana
722 4294 832 4349 sint
882 4309 1002 4362 quae
1055 4303 1183 4348 sunt
1232 4293 1523 4362 prrecipua,
1551 4301 1603 4345 et
1630 4291 1898 4345 novitates

330 4388 475 4442 circa
501 4387 660 4441 ﬁdem
689 4386 1083 4456 compescite...
1110 4385 1351 4455 Gregorii
1374 4384 1533 4439 verba
1566 4399 1632 4438 nc
1652 4381 1787 4437 falso
1814 4382 1898 4436 in-

328 4477 721 4549 terpretemini.

2084 3927 2220 3980 ’Λλλ’
2255 3928 2353 3979 οὐκ
2381 3922 2468 3998 ἦν,
2506 3927 2660 3997 φησὶ,
2696 3925 2865 3979 ταῦτα
2899 3926 2991 3979 ἐπὶ
3023 3924 3117 3980 τοῦ
3162 3926 3400 3997 μεγάλου
3432 3928 3580 4000 Γρη-

2002 4020 2205 4092 γορίου.
2235 4061 2247 4074 .
2276 4064 2286 4073 .
2313 4022 2433 4075 Ὅτι
2459 4020 2513 4073 δὲ
2543 4022 2642 4073 οὐκ
2689 4018 2757 4092 ἦν
2800 4022 2973 4075 ταῦτα
3003 4022 3095 4075 ἐπὶ
3131 4022 3225 4075 τοῦ
3263 4023 3583 4093 θαυμαστοῦ

2004 4113 2300 4185 Γρηγορίου
2346 4114 2496 4176 τίνας
2548 4113 2697 4183 ἔχετε
2745 4115 3057 4185 μάρτυρας;
3094 4115 3147 4168 οἵ
3178 4133 3240 4184 γε
3271 4117 3423 4169 οὐδὲν
3469 4116 3583 4168 τῶν

2004 4204 2211 4257 ἐκείνου
2254 4204 2410 4275 μέχρι
2443 4204 2537 4258 νῦν
2576 4204 2970 4258 διεσώσασθε...
3002 4207 3174 4258 Μόνον
3222 4207 3484 4278 ἐρρώσθω
3511 4208 3583 4260 τὰ

2004 4296 2406 4367 προηγούμενα,
2440 4298 2531 4349 κα)⁵
2575 4296 2672 4360 τὰς
2716 4298 2841 4367 περὶ
2887 4302 2984 4367 τὴν
3011 4298 3193 4350 πίστιν
3225 4282 3583 4369 καινοτομίας

2003 4390 2469 4459 κατασιγήσατε...
2511 4388 2622 4452 Τὰς
2653 4387 2745 4441 τοῦ
2782 4387 3073 4460 Γρηγορίου
3108 4388 3288 4458 φωνὰς
3324 4390 3398 4460 μὴ
3434 4407 3586 4460 παρ-

1928 4460 1972 4512 D
2000 4478 2298 4549 εξηγεῖσθε.

1203 4566 1355 4622 Idem
1387 4569 1538 4638 epist.
1571 4567 1675 4620 210
1706 4583 1847 4620 num.
1878 4568 1934 4635 3,
1969 4570 2021 4636 5,
2051 4572 2179 4625 ibid.
2218 4590 2338 4643 pag.
2367 4573 2471 4627 514
2493 4615 2508 4638 ,
2531 4572 2656 4629 516.

397 4663 548 4719 Fidei
582 4663 789 4718 eversio
816 4661 959 4732 apud
985 4676 1083 4715 vos
1109 4660 1472 4729 excogitatur,
1511 4659 1729 4712 inimica
1764 4674 1895 4728 apo-

328 4758 536 4812 stolicis
581 4764 635 4811 et
684 4753 1010 4825 evangelicis
1037 4751 1323 4812 doctrinis,
1357 4750 1579 4804 inimica
1617 4748 1895 4804 traditioni

328 4848 575 4918 Gregorii
608 4861 735 4902 vere
768 4846 1017 4916 magni...
1049 4841 1187 4896 Nam
1228 4842 1449 4896 Sabellii
1494 4842 1719 4907 malum,
1763 4841 1892 4894 olim

254 4952 267 4959 ί
327 4942 545 5011 quidem
579 4946 849 5002 exortum,
879 4936 973 4991 sed
1028 4934 1318 4989 traditione
1364 4933 1547 5003 magni
1602 4932 1745 4986 illius
1791 4932 1897 4985 viri

324 5033 674 5094 exstinctum,
714 5038 983 5085 conantur
1028 5041 1172 5080 nunc
1221 5026 1311 5079 isti
1341 5040 1671 5079 renovare...
1702 5024 1891 5078 Immi-

326 5140 446 5180 sere
470 5126 632 5179 etiam
674 5138 767 5192 per
793 5120 1078 5189 epistolam
1114 5127 1447 5173 tentamenta
1481 5118 1724 5186 quaedam
1758 5133 1893 5172 uua-

326 5218 459 5272 nimi
510 5228 697 5271 nostro
742 5213 1001 5267 Authimo
1049 5213 1357 5283 Tyanorum
1412 5214 1685 5281 episcopo,
1733 5211 1891 5281 quasi

324 5308 616 5378 Gregorius
664 5308 719 5359 in
777 5303 928 5358 Fidei
975 5305 1298 5374 expositione
1345 5304 1563 5368 dixerit,
1592 5302 1804 5356 Patrem
1836 5311 1890 5355 et

322 5399 517 5453 Filium
545 5399 742 5453 mentis
764 5398 984 5466 quidem
1014 5398 1339 5466 cogitatione
1367 5398 1475 5450 duo
1497 5410 1636 5461 esse,
1668 5396 1761 5450 sed
1790 5395 1888 5465 hy-

2070 4663 2311 4726 Πίστεως
2364 4664 2658 4736 διαστροφὴ
2713 4665 2838 4735 παρ’
2871 4665 2997 4734 ὑμῖν
3046 4664 3355 4735 μελετᾶται,
3404 4663 3586 4737 ἐχθρὰ

2002 4753 2101 4824 μὲν
2154 4757 2263 4817 τοῖς
2310 4756 2681 4819 ἀποστολικοῖς
2732 4758 2824 4809 καὶ
2870 4756 3237 4823 εὐαγγελικοῖς
3285 4757 3581 4826 δόγμασιν,

1997 4842 2167 4913 ἐχθρὰ
2198 4844 2253 4896 δὲ
2280 4846 2344 4914 τῇ
2375 4846 2667 4916 παραδόσει
2692 4845 2784 4898 τοῦ
2821 4846 3054 4916 μεγάλου
3080 4847 3155 4909 ὡς
3180 4847 3401 4917 άληθῶς
3429 4848 3467 4899 Γ
3474 4864 3586 4917 ρη-

1996 4934 2199 5005 γορίου.
2230 4975 2243 4988 .
2278 4976 2292 4988 .
2330 4936 2401 5007 Τὸ
2445 4937 2551 5007 γὰρ
2583 4935 2676 4989 τοῦ
2709 4936 2990 4989 Σαϐελλίου
3034 4938 3220 4993 κακὸν.
3255 4938 3423 4992 πάλαι
3472 4941 3583 5009 μὲν

1998 5026 2235 5096 κινηθὲν,
2272 5029 2638 5082 κατασϐεσθὲν
2669 5030 2723 5082 δὲ
2757 5035 2821 5101 τῇ
2858 5029 3145 5102 παραδόσει
3178 5030 3272 5082 τοῦ
3311 5031 3582 5101 μεγάλου,

1999 5119 2331 5190 ἐπιχειροῦσι
2360 5120 2455 5172 νῦν
2482 5121 2833 5175 ἀνανεοῦσθαι
2866 5118 3028 5175 οὗτοι.
3061 5161 3074 5174 .
3105 5161 3119 5174 .
3169 5121 3433 5191 Καθῆκαν
3459 5122 3585 5190 (63)

1995 5210 2053 5263 δέ
2085 5230 2203 5264 τινα
2241 5215 2431 5283 πεῖραν
2474 5212 2539 5264 δι’
2576 5214 2882 5285 ἐπιστολῆς,
2918 5215 3011 5267 καὶ
3046 5214 3179 5282 πρὸς
3226 5214 3317 5265 τὸν
3368 5213 3588 5282 όμόψυ-

1995 5320 2087 5372 χον
2114 5303 2266 5374 ἡμῶν
2304 5305 2561 5376 Ἀνθιμον
2589 5306 2677 5358 τὸν
2712 5306 2933 5358 Τυάνων
2970 5306 3265 5357 ἐπίσκοπον
3286 5320 3303 5333 '
3346 5302 3420 5367 ὡς
3462 5302 3586 5374 ἄρα

1995 5397 2293 5468 Γρηγορίου
2311 5399 2551 5462 εἰπόντος
2578 5400 2633 5451 ἐν
2652 5397 2913 5451 Ἐκθέσει
2929 5398 3204 5462 πίστεως,
3220 5397 3436 5467 Πατέρα
3477 5396 3588 5448 καὶ

321 5491 525 5561 postasi
555 5503 745 5545 unum.
781 5488 895 5544 Hoc
935 5498 1114 5542 autem
1165 5504 1273 5543 non
1318 5487 1549 5544 docendi
1578 5503 1766 5555 causa,
1798 5486 1894 5542 sed

2012 5489 2116 5541 Γίὺν
2173 5490 2385 5559 ἐπινοίᾳ
2444 5490 2541 5561 μὲν
2594 5485 2733 5542 εἶναι
2784 5487 2895 5554 δύο,
2934 5488 3228 5541 ὑποστάσει
3259 5487 3315 5539 δὲ
3345 5484 3583 5555 ωδε).

393 5622 503 5694 (63)
542 5622 844 5692 Καθῆκαν,
880 5641 933 5676 κ.
959 5642 1009 5675 τ.
1032 5622 1081 5675 λ.
1124 5622 1329 5694 Horum
1356 5623 1648 5694 verborum
1681 5622 1888 5676 versio-

322 5692 441 5749 nem
473 5709 647 5763 usque
677 5696 741 5748 ad
773 5694 933 5749 tinem
960 5695 1179 5749 exhibet
1206 5692 1498 5749 Facundus
1530 5692 1881 5747 Hermianeu-

1996 5624 2089 5764 sis:1
2101 5594 2197 5679 lib.
2228 5640 2283 5692 ι,
2317 5640 2369 5680 c.
2398 5624 2453 5694 6,
2485 5622 2622 5694 Opp.
2659 5622 2930 5681 Sirmoml.
2962 5633 3094 5679 tom.
3124 5621 3190 5687 il,
3222 5636 3346 5692 pag.
3385 5619 3495 5673 740
3525 5631 3589 5680 et

1996 5712 2051 5749 se
2094 5733 2109 5746 .

1994 5712 2085 5749 sea
2094 5733 2109 5746 .
