3862 6500
277 414 382 469 977

1413 412 1836 469 TESTIMONIA
1882 415 2239 473 VETERUM.

3438 414 3541 471 978

271 528 429 582 τοῦτο
460 527 519 582 δὲ
548 530 630 583 δτι
676 530 737 583 οὐ
779 530 1123 601 δογματικῶς
1164 532 1398 603 εἴρηται,
1430 532 1545 585 ἀλλ’
1568 534 1840 601 ἀγωνιστι·

1961 534 2273 588 decertandi
2305 534 2355 587 in
2386 532 2608 605 Dialogo
2641 549 2760 587 cum
2794 533 3017 588 .Eliana
3043 534 3247 588 dictum
3282 547 3425 596 esse,
3460 533 3538 585 in-

272 622 383 684 κῶς
426 623 485 674 ὲν
512 624 577 694 τῇ
611 622 762 691 πρὸς
802 624 1089 678 Αίλιανὸν
1131 623 1413 689 διαλέξει,
1444 626 1543 679 οὐκ
1587 626 1855 698 ἠδυνήθη-

272 730 369 766 σαν
407 714 656 781 συνιδεῖν,
685 716 732 768 οἱ
778 716 869 768 ἐπὶ
917 716 1202 789 λεπτότητι
1244 717 1352 770 τῶν
1384 719 1595 791 φρενῶν
1627 721 1853 784 ἑαυτοὺς

272 807 684 878 μακαρίζοντες.
705 810 791 862 Ἐν
898 810 1067 864 πολλὰ
1096 811 1202 864 τῶν
1229 811 1706 883 ἀπογραψαμένων
1736 814 1853 865 ἐστὶ

270 899 582 970 σφάλματα,
614 901 689 964 ὡς
723 904 809 954 ἐπ’
834 902 1012 957 αὐτῶν
1039 903 1146 956 τῶν
1174 904 1369 968 λέξεων
1392 904 1636 976 δείξομεν
1667 908 1849 975 ἡμεῖς,

267 988 364 1041 ἐὰν
396 992 423 1042 ὁ
455 990 588 1055 Θεὸς
611 993 833 1064 θέλῃ.Ἔ
846 1011 1002 1047 πειτα
1032 996 1134 1065 μὲν
1157 1013 1238 1048 τοι
1255 996 1346 1048 τὸν
1371 996 1607 1067 Ἕλληνα
1629 996 1849 1061 πείθων,

267 1084 365 1154 οὐχ
393 1086 577 1155 ἠγεῖτο
605 1087 797 1157 χρῆναι
832 1088 1304 1161 ἀκριϐολογεῖσθαι
1344 1090 1469 1159 περὶ
1495 1091 1563 1143 τὰ
1599 1092 1844 1162 ῥήματα·

266 1175 380 1228 ἀλλ’
402 1176 549 1230 ἔστιν
570 1178 675 1250 ὅπη
697 1180 791 1233 καὶ
820 1180 1126 1233 συνδιδόντα
1147 1181 1223 1251 τῷ
1241 1181 1350 1235 ἔθει
1375 1183 1469 1236 τοῦ
1496 1183 1847 1253 ὲναγομένου,

263 1267 339 1330 ὼς
371 1267 437 1321 ἂν
475 1270 548 1340 μὴ
577 1272 861 1325 ἁντιτείνοι
894 1273 1029 1343 πρὸς
1053 1272 1123 1327 τὰ
1154 1275 1364 1346 καίρια.
1394 1276 1484 1328 Διὸ
1512 1276 1574 1347 δὴ
1600 1277 1693 1329 κα)¹
1726 1275 1850 1328 πολ-

263 1357 364 1421 λὰς
393 1359 459 1413 ἂν
486 1360 667 1432 εὕροις
696 1364 812 1415 ἐκεῖ
836 1365 1037 1432 φωνὰς,
1062 1365 1160 1429 τὰς
1188 1365 1283 1418 νῦν
1310 1370 1417 1431 τοῖς
1444 1370 1735 1439 αἱρετικοῖς
1758 1386 1851 1439 με·

261 1452 458 1521 γίστην
514 1454 664 1523 ἰσχὺν
714 1457 1129 1527 παρεχομένας·
1164 1456 1239 1521 ὡς
1289 1458 1349 1511 τὸ
1396 1460 1633 1528 κτίσμα,
1663 1460 1756 1513 καὶ
1787 1461 1847 1513 τὸ

263 1544 509 1612 ποίημα,
544 1545 637 1599 καὶ
670 1547 724 1599 el
751 1564 800 1599 τι
834 1548 1088 1601 τοιοῦτον.
1127 1550 1303 1603 Πολλά
1346 1551 1401 1603 δὲ
1452 1552 1545 1603 καὶ
1590 1552 1845 1623 περὶτῆς

262 1635 399 1707 πρὸς
422 1638 511 1690 τὸν
531 1638 814 1713 ἄνθρωπον
847 1642 1149 1719 συναφείας¹
1168 1643 1455 1714 εἰρημένα,
1490 1646 1569 1710 είς
1596 1646 1687 1698 τὸν
1715 1646 1845 1716 περὶ

258 1727 361 1796 τῆς
409 1727 660 1801 θεότητος
693 1732 1026 1805 ἀναφέρουσι
1071 1734 1249 1803 λόγον,
1284 1739 1332 1789 οἱ
1366 1737 1706 1801 ἀπαιδεύτως
1737 1738 1845 1793 τῶν

256 1821 662 1892 γεγραμμένων
694 1824 984 1889 ἀκούοντες
1006 1842 1019 1856 '
1073 1827 1253 1880 ὁποῖόν
1295 1830 1410 1881 ἐστι
1453 1830 1547 1883 καὶ
1576 1829 1749 1893 τοῦτο,
1784 1828 1844 1882 τὸ

260 1912 415 1983 παρά
449 1913 654 1968 τούτων
689 1919 1139 1989 περιφερόμενον.

1958 627 2200 697 telligere
2228 642 2333 681 non
2364 637 2661 697 potuerunt
2687 628 2781 697 qui
2808 628 2909 682 sibi
2946 628 3048 697 ipsi
3080 627 3151 681 ob
3180 625 3380 697 ingenii
3416 625 3538 680 sub-

1955 718 2205 773 tilitatem
2248 718 2390 774 beati
2420 719 2691 773 videntur.
2728 717 2845 785 Qua
2880 720 2933 772 in
2958 717 3324 787 disputatione
3362 714 3537 769 multa

1955 820 2085 866 sunt
2119 810 2470 865 librariorum
2501 821 2705 878 errata,
2739 823 2799 867 ut
2826 826 2892 865 ex
2920 810 3053 881 ipsis
3080 809 3260 864 verbis
3283 808 3536 863 ostendev

1954 920 2079 959 mus
2101 944 2115 969 ,
2151 905 2195 958 si
2222 903 2364 959 Deus
2400 904 2563 958 volet.
2596 903 2801 959 Deinde
2830 918 2960 958 vero
2992 903 3246 972 gentilem
3278 900 3535 956 erudiens

1954 1011 2061 1051 non
2079 995 2423 1051 existimabat
2442 997 2751 1053 accuratius
2779 995 3164 1066 diSputandum
3187 1010 3307 1050 esse
3327 995 3393 1049 de
3414 1010 3533 1048 ver-

1952 1087 2035 1142 bis
2069 1107 2081 1141 :
2119 1088 2213 1142 sed
2242 1103 2351 1142 non
2393 1089 2529 1143 nihil
2573 1089 2737 1143 etiam
2785 1088 2954 1144 indoli
2985 1087 3131 1142 illius
3162 1087 3257 1158 qui
3288 1086 3533 1141 introdu-

1950 1178 2193 1241 cebatur,
2249 1180 2677 1244 concedendum,
2739 1189 2799 1235 ut
2848 1195 2914 1234 ne
2976 1180 3044 1235 iis
3093 1195 3214 1250 quae
3258 1180 3529 1249 praecipua

1950 1278 2097 1336 sunt,
2154 1283 2498 1343 repugnaret.
2535 1271 2876 1343 Quapropter
2916 1284 2970 1329 et
3004 1274 3204 1328 multas
3239 1272 3348 1327 illic
3388 1272 3533 1326 inve-

1949 1364 2070 1417 nias
2121 1379 2302 1427 voces,
2354 1379 2475 1433 quae
2521 1381 2667 1420 nunc
2716 1366 2884 1421 robur
2913 1366 3212 1420 maximum
3257 1364 3529 1419 haereticis

1948 1456 2208 1526 praebent,
2235 1456 2423 1526 quales
2446 1466 2572 1511 sunt
2600 1469 2843 1511 creatura
2876 1466 2930 1511 et
2968 1458 3203 1527 factura,
3232 1465 3286 1511 et
3322 1457 3366 1510 si
3398 1456 3528 1525 quid

1949 1546 2245 1615 ejusmodi.
2284 1546 2451 1601 Multa
2475 1557 2656 1602 autem
2688 1558 2742 1603 et
2771 1548 2838 1603 de
2876 1549 3263 1618 conjunctione
3290 1564 3412 1604 cum
3437 1549 3532 1602 ho-

1950 1638 2098 1692 mine
2122 1638 2265 1693 dicta
2298 1640 2365 1693 ad
2393 1639 2695 1695 divinitatis
2725 1640 2993 1695 rationem
3022 1640 3284 1707 referunt,
3316 1641 3406 1711 qui
3437 1640 3525 1693 in-

1946 1730 2082 1785 scite
2113 1731 2314 1800 scripta
2341 1732 2433 1787 illa
2466 1734 2808 1803 intelligunt;
2834 1735 2995 1804 quale
3017 1741 3098 1789 est
3126 1742 3180 1788 et
3200 1733 3302 1789 hoc
3326 1734 3526 1804 ipsum,

1948 1825 2092 1893 quod
2127 1825 2195 1878 ab
2230 1826 2363 1895 ipsis
2391 1827 2730 1882 decantatur.

789 2030 876 2085 ιιι.
914 2032 972 2089 S.
1018 2033 1401 2107 Hieronymus,
1430 2036 1519 2090 lib.
1556 2037 1630 2092 De
1664 2036 1795 2090 viris
1816 2035 2010 2089 illustr.
2036 2049 2153 2102 cap.
2209 2031 2299 2097 65,
2336 2049 2453 2087 cum
2483 2043 2648 2088 vetere
2676 2036 2977 2102 interprete.

324 2120 636 2193 Θεόδωρος,
672 2124 730 2187 ὃς
761 2124 984 2198 ὕστερον
1021 2129 1225 2201 ἐκλήθη
1258 2129 1579 2201 Γρηγόριος,
1619 2129 1840 2182 Νεοκαι-

2023 2126 2342 2182 Theodorus
2364 2167 2377 2189 ,
2419 2127 2511 2196 qui
2536 2136 2723 2196 postea
2764 2125 3060 2196 Gregorius
3096 2125 3397 2197 appellatus
3422 2133 3524 2193 est,

257 2215 485 2285 σαρείας
523 2217 851 2285 ἐπίσκοπος,
894 2221 1013 2284 νέος
1043 2224 1261 2294 κομιδῆ,
1311 2223 1399 2277 διὰ
1428 2223 1527 2295 τὴν
1565 2224 1844 2278 παίδευσιν

254 2308 595 2378 νΕλληνικῶν
625 2328 683 2363 τε
719 2313 812 2365 καὶ
854 2314 1176 2384 Ῥωμαϊκῶν
1215 2316 1574 2387 γραμμάτων,
1611 2316 1717 2369 ἀπὸ
1746 2317 1845 2387 τῆς

256 2400 652 2466 Καππαδοκίας
686 2404 765 2467 είς
798 2405 1039 2476 Βηρυτὸν
1060 2448 1075 2473 ,
1110 2408 1363 2462 κάκεῖθεν
1394 2410 1473 2472 εἰς
1506 2409 1844 2481 Καισάρειαν

232 2492 354 2569 ,τῆς
375 2490 736 2562 Παλαιστίνης
757 2494 929 2565 διέϐη,
963 2496 1077 2567 ἅμα
1117 2496 1466 2570 Ἀθηνοδώρῳ
1491 2498 1723 2569 ἀδελφῷ
1749 2492 1846 2552 ὧν-

252 2599 414 2639 τινων
434 2584 532 2655 τὴν
554 2585 830 2657 ἐξαίρετον
858 2588 1088 2657 εὐφυΐαν
1109 2589 1367 2659 ἑωρακὼς
1406 2590 1705 2663 Ὠριγένης,
1730 2590 1844 2643 τού-

250 2690 378 2735 τους
434 2677 514 2739 είς
560 2676 876 2745 φιλοσοφίαν
930 2678 1321 2749 προετρέψατο,
1365 2679 1458 2733 καὶ⁹
1499 2680 1641 2733 κατὰ
1680 2679 1843 2752 μέρος

250 2766 331 2827 είς
362 2767 462 2835 τὴν
489 2766 582 2819 τοῦ
616 2767 852 2838 Χριστοῦ
888 2769 1069 2821 πίστιν
1098 2770 1365 2838 εἰσάγων,
1407 2771 1653 2842 ζηλωτᾶς
1682 2770 1841 2835 ἰδίους

250 2855 609 2926 καθέστηκεν.
662 2860 787 2913 Ἐπὶ
832 2860 990 2913 πέντε
1020 2864 1196 2915 τοίνυν
1234 2864 1359 2935 παρ’
1411 2862 1576 2917 αὐτοῦ
1618 2865 1839 2917 παιδευ-

248 2946 438 3013 Θὲντες
475 2950 590 3020 ἔτη,
622 2952 759 3022 πρὸς
788 2952 885 3024 τὴν
921 2956 1131 3024 μητέρα
1164 2956 1604 3026 ἀποπέμπονται,
1638 2956 1732 3026 ἀφ’
1764 2950 1839 3011 ὧν

246 3039 575 3113 ὁΘεόδωρος
620 3043 942 3115 ἀποδημῶν,
1006 3047 1413 3114 πανηγυρικὸν
1455 3048 1839 3117 εὐχαριστίας

246 3132 324 3204 τῷ
377 3134 641 3204 Ὠριγένει
680 3136 921 3208 ἔγραψεο
971 3138 1062 3190 καὶ
1107 3138 1580 3210 συγκαλεσάμενος
1630 3140 1839 3204 πάντας

245 3225 375 3287 τοὺς
412 3226 761 3297 ἐπιχωρίους,
798 3228 962 3281 αὐτοῦ
996 3246 1053 3281 τε
1083 3229 1176 3282 τοῦ
1216 3230 1519 3301 Ὠριγένους
1548 3233 1835 3302 παρόντος,

246 3316 438 3371 τοῦτον
474 3318 683 3387 ἀνέγνω
714 3320 804 3373 τὸν
837 3321 1014 3391 λόγον,
1065 3323 1212 3386 ὅστις
1250 3324 1378 3394 ἄχρι
1424 3324 1518 3376 τοῦ
1572 3325 1838 3396 παρόντος

244 3408 504 3481 ὑπάρχει.
534 3409 776 3483 Ἔγραψε
804 3415 858 3467 δὲ
882 3416 975 3469 καὶ
1002 3418 1338 3484 Ἕκρρασιν
1364 3420 1450 3482 εἰς
1488 3418 1839 3486 Ἐκκλησια-

243 3501 427 3569 στὴν,
468 3502 745 3573 ὲλαχιστὸν
788 3505 906 3576 μὲν,
935 3506 1073 3560 πάνυ
1104 3507 1160 3559 δὲ
1188 3507 1497 3577 θαυμαστὸν
1531 3508 1706 3578 λόγον,
1743 3513 1837 3565 καὶ

244 3590 412 3657 ἄλλας
435 3593 632 3658 πολλὰς
662 3595 971 3660 ἐπιστολὰς,
1008 3598 1241 3669 ποιήσας
1270 3600 1471 3669 σημεῖά
1494 3617 1553 3654 τε
1583 3600 1677 3654 καὶ
1707 3600 1838 3654 θαύ-

247 3699 419 3753 ματα,
446 3685 611 3755 ἡνίκα
636 3686 930 3751 ἐπίσκοπος
964 3688 1278 3759 ἐτύγχανεν.

1950 2216 2313 2275 Neocaesarea:
2339 2218 2497 2273 Ponti
2529 2220 2840 2289 episcopus,
2865 2218 3158 2274 admodum
3185 2218 3523 2283 adolescens.

1952 2311 2023 2364 ob
2053 2311 2230 2366 studia
2279 2310 2591 2366 Graecarum
2644 2320 2695 2365 et
2746 2310 3061 2365 Latinarum
3102 2310 3426 2373 litterarum,
3460 2310 3527 2364 de

1950 2400 2291 2472 Cappadocia
2330 2400 2614 2472 Berytnm,
2649 2412 2700 2456 et
2737 2402 2861 2456 inde
2896 2401 3199 2456 Caesaream
3226 2401 3526 2456 Palaestina:

1950 2493 2185 2559 transiit,
2228 2492 2418 2563 juncto
2465 2493 2570 2547 sibi
2627 2491 2795 2546 fratre
2843 2492 3196 2546 Athenodoro
3234 2510 3249 2547 :
3288 2506 3525 2562 quorum

1951 2600 2076 2639 cum
2126 2585 2398 2655 egregiam
2445 2585 2679 2639 indolem
2724 2584 2949 2640 vidisset
2995 2582 3292 2655 Origenes,
3331 2599 3426 2639 eos
3456 2584 3524 2638 ad

1950 2677 2350 2747 philosophiam
2385 2678 2702 2733 cohortatus
2728 2689 2829 2741 est,
2860 2680 2913 2731 in
2938 2694 3045 2748 qua
3077 2679 3337 2747 paulatim
3365 2676 3526 2731 Chri-

1949 2771 2019 2824 sti
2082 2770 2241 2824 lidem
2295 2770 2752 2825 subintroducens
2786 2810 2801 2831 ,
2852 2770 2934 2823 sui
2965 2784 3181 2839 quoque
3228 2776 3523 2823 sectatores

1945 2861 2203 2917 reddidit.
2232 2860 2625 2932 Quinquennio
2656 2863 2838 2931 itaque
2871 2862 3071 2916 eruditi
3106 2861 3176 2915 ab
3207 2876 3293 2925 eo,
3335 2861 3523 2915 remit-

1946 2962 2134 3009 tuntur
2156 2955 2221 3008 ad
2240 2963 2466 3009 matrem
2488 2974 2502 3022 ;
2528 2970 2559 3009 e
2586 2954 2784 3025 quibus
2803 2953 3123 3008 Theodorus
3146 2952 3520 3022 proﬁciscens.

1949 3045 2363 3117 [Iarnrvpmdr
2416 3046 2797 3115 εὐχαριστίας
2862 3046 3079 3114 scripsit
3144 3044 3400 3114 Origeni;
3470 3052 3525 3098 et

1945 3147 2243 3190 convocata
2292 3136 2481 3206 grandi
2527 3135 2853 3205 frequentia,
2907 3137 3025 3205 ipso
3051 3149 3268 3205 quoque
3292 3132 3523 3204 Origene

1945 3239 2215 3296 praesente
2241 3228 2508 3295 recitavit,
2548 3229 2641 3299 qui
2674 3246 2846 3298 usque
2874 3228 3031 3283 hodie
3056 3237 3255 3283 exstat.
3290 3225 3522 3295 Scripsit

1944 3330 1997 3374 et
2030 3320 2420 3390 Μετάφρασιν
2465 3323 2521 3376 in
2581 3321 2956 3385 Ecclesiasten,
3006 3321 3223 3374 brevem
3275 3319 3520 3389 quidem,

1944 3416 2037 3468 sed
2072 3415 2228 3468 valde
2257 3415 2464 3468 utilem.
2518 3414 2583 3468 Et
2624 3415 2743 3469 alia:
2772 3416 2935 3484 hujus
2961 3414 3122 3483 vulgo
3146 3413 3391 3467 feruntur
3414 3412 3522 3478 epi-

1943 3507 2127 3575 stolae;
2181 3509 2275 3563 sed
2328 3509 2599 3579 praecipue
2648 3509 2803 3578 signa
2859 3518 3022 3577 atque
3070 3506 3364 3572 miracula,
3398 3520 3521 3574 qua:

1938 3598 2054 3668 jam
2097 3600 2386 3672 episcopus
2427 3616 2551 3656 cum
2596 3602 2891 3656 multarum
2944 3599 3311 3655 Ecclesiarum
3346 3598 3517 3669 gloria

1864 3686 1905 3742 C
1940 3694 2289 3762 perpetravit.

717 3798 867 3854 Idem
904 3796 1212 3859 Comment.
1247 3805 1303 3858 in
1337 3803 1725 3873 Ecclesiasten,
1755 3825 1875 3879 cap.
1904 3807 1959 3871 4,
1996 3812 2128 3879 Opp.
2159 3818 2286 3864 tom.
2314 3812 2355 3877 l,
2387 3828 2508 3880 pag.
2535 3811 2662 3875 494,
2689 3810 2817 3865 edit.
2866 3807 3052 3863 Veron.

324 3888 421 3944 Vir
451 3902 697 3955 sanctus,
732 3884 1031 3963 Gregorius
1055 3894 1218 3950 Ponti
1243 3899 1552 3969 episcopus,
1587 3897 1836 3972 Origenis

245 3983 466 4038 auditor
522 3985 577 4039 in
624 3985 953 4056 Metaphrasi
1008 3987 1351 4045 Ecclesiastte
1380 3993 1453 4046 ita
1482 3994 1626 4049 hunc
1655 3995 1833 4049 locum

246 4077 520 4133 intellexit
570 4098 584 4134 :
641 4098 659 4131 ι
727 4080 839 4153 Ego
894 4098 1022 4137 vero
1074 4083 1303 4154 praefero
1366 4085 1831 4143 adolescentulum

245 4186 543 4239 pauperem
569 4182 622 4226 et
648 4174 945 4242 sapientem
974 4176 1083 4245 regi
1119 4179 1234 4231 seni
1261 4187 1314 4232 et
1341 4180 1539 4245 stulto;
1585 4181 1671 4233 cui
1696 4197 1835 4234 nun-

242 4279 413 4332 quam
438 4264 587 4317 venit
607 4265 660 4317 in
688 4276 920 4320 mentem
944 4268 1087 4337 quod
1114 4269 1370 4334 possibile
1387 4271 1477 4335 sit,
1500 4287 1830 4342 quemquam

241 4358 317 4409 de
346 4356 432 4411 bis
456 4372 595 4425 quos
624 4357 907 4425 vinxerat,
956 4359 1024 4413 ad
1055 4375 1282 4430 regnum
1317 4364 1464 4416 exire
1496 4363 1562 4417 de
1591 4379 1829 4428 carcere,

240 4454 304 4499 et
332 4461 391 4501 se
421 4448 601 4517 ipsum
636 4448 703 4502 de
736 4449 920 4519 iniqua
951 4451 1207 4521 deinceps
1258 4460 1525 4521 potestate
1570 4470 1668 4510 sua
1709 4470 1833 4509 cor-

1944 3917 2123 3957 ruere.
2157 3902 2350 3959 Evenit
2386 3904 2531 3958 enim
2583 3904 2854 3958 interdum
2896 3911 2955 3956 ut
2986 3902 3040 3955 hi
3080 3901 3173 3971 qui
3211 3900 3313 3955 sub
3336 3900 3519 3956 adole-

1943 3993 2193 4048 scentulo
2251 3994 2492 4065 sapiente
2536 3994 2756 4058 iuerint,
2811 3994 3017 4063 absque
3066 4006 3302 4045 maerore
3347 3991 3457 4045 sint
3502 4010 3516 4045 :

1941 4085 2013 4139 ita
2056 4095 2235 4140 tamen
2276 4098 2335 4141 ut
2379 4087 2481 4141 sub
2521 4102 2647 4154 rege
2686 4102 2815 4141 sene
2844 4094 2969 4139 ante
3012 4083 3207 4138 versati
3241 4083 3371 4137 sint.
3413 4082 3518 4151 Qui

1940 4178 2085 4232 enim
2120 4188 2307 4247 postea
2350 4181 2459 4233 nati
2489 4190 2635 4242 sunt,
2684 4178 2812 4249 quia
2847 4178 2986 4231 mala
3017 4176 3284 4246 prieterita
3310 4176 3519 4231 nescie-

1940 4280 2091 4331 runt,
2124 4288 2225 4326 nec
2257 4273 2720 4328 adolescentulum
2746 4273 2967 4328 laudare
2991 4280 3222 4341 possunt.
3250 4271 3340 4341 qui
3369 4278 3520 4340 post-

1938 4379 2000 4418 ea
2029 4366 2393 4429 consurrexit,
2419 4366 2635 4421 abducti
2665 4367 2921 4437 opinione
2952 4381 3205 4437 perversa
3231 4374 3286 4421 et
3314 4364 3519 4436 impetu

1938 4456 2163 4525 spiritus
2206 4457 2566 4514 adversantis.
2628 4478 2649 4511 ι

1276 4547 1424 4602 Idem
1448 4551 1602 4618 epist.
1635 4550 1702 4603 7O
1730 4566 1875 4603 num.
1906 4551 1961 4619 4,
1998 4562 2125 4605 tom.
2156 4552 2196 4619 l,
2229 4569 2353 4625 pag.
2390 4555 2518 4610 m7.

322 4636 553 4692 Exstant
575 4646 630 4693 et
655 4637 846 4693 libri...
881 4638 1177 4707 Theodori,
1233 4642 1327 4711 qui
1376 4653 1564 4712 postea
1612 4644 1906 4712 Gregorius
1958 4647 2257 4716 appellatus
2299 4658 2403 4714 est,
2429 4647 2527 4702 viri
2561 4648 2984 4717 apostolicorum
3020 4645 3297 4716 signorum
3360 4651 3521 4711 atque

236 4735 536 4789 virtutum.

1278 4827 1368 4882 IV.
1407 4829 1797 4893 Rnlinus,llist.
1826 4832 1959 4885 eccl.
1986 4829 2078 4883 lib.
2105 4846 2201 4894 vn,
2228 4846 2345 4899 cap.
2372 4828 2463 4883 25.

320 4958 524 5015 Verum
572 4964 830 5031 quoniam
885 4964 1028 5020 beati
1076 4964 1320 5035 Gregorii
1378 4967 1619 5022 historia:
1650 4979 1832 5023 textus
1872 4951 1914 5005 Ῑ)
1942 4970 2068 5025 huic
2101 4969 2401 5023 narrationi
2438 4968 2505 5021 ad
2544 4968 2863 5021 memoriam
2896 4964 3229 5035 posteritatis
3257 4964 3516 5018 inserere.

233 5054 435 5106 attulit
461 5054 815 5118 mentionem,
860 5056 1241 5126 dignissimum
1275 5069 1407 5126 puto
1438 5061 1573 5113 tanti
1609 5061 1707 5113 viri
1739 5078 1832 5132 ge-

230 5154 331 5199 sta
368 5144 515 5213 (qua:
550 5146 652 5199 sub
690 5147 942 5200 orientali
974 5157 1026 5201 et
1052 5150 1437 5218 septentrionis
1475 5167 1575 5206 axe
1608 5164 1833 5208 cuncto-

228 5248 371 5287 rum
403 5248 658 5288 sermone
687 5237 1051 5307 celebrantur)
1082 5239 1283 5293 omissa
1318 5241 1505 5295 nescio
1532 5258 1642 5311 quo
1675 5259 1830 5309 casu,

321 5343 958 5422 (64)_'Y‘:rogreio'et_6é
1009 5348 1098 5401 ἓν.
1153 5350 1385 5422 Credere
1441 5367 1548 5405 non
1606 5368 1831 5422 possum

226 5415 577 5483 Gregorium
608 5416 812 5471 dixisse
847 5417 1060 5472 Patrem
1092 5429 1144 5474 et
1176 5420 1393 5485 Filium,
1431 5422 1474 5475 si
1503 5415 1665 5476 sim-ul
1701 5440 1833 5479 con-

225 5486 583 5562 siderentur,
619 5488 947 5562 cogitatione
995 5489 1105 5562 duo
1150 5492 1604 5562 essethypostasi
1638 5509 1827 5549 unum.

224 5555 377 5609 Β.υο
407 5556 554 5633 enim
584 5559 819 5633 gemella
852 5568 1036 5633 essent
1069 5561 1259 5616 haeresi
1297 5555 1641 5626 Sa'b'cllianaa,
1664 5580 1829 5633 quam

224 5641 426 5697 supra
472 5624 709 5697 Basilius
738 5629 985 5697 Gregorii
1039 5633 1325 5685 traditione
1376 5624 1701 5687 exstinctam
1736 5638 1834 5690 do-

232 5706 362 5753 cet.
393 5695 502 5748 Sed
541 5697 624 5771 bis
655 5695 920 5771 inﬂverb—is
949 5700 1031 5752 vel
1058 5712 1299 5755 erratum
1334 5702 1553 5771 aliquod
1582 5704 1831 5760 librario-

223 5782 397 5827 rum,
433 5766 689 5839 utplacet
720 5768 944 5832 Basilio,
976 5774 1364 5839 suspicandum
1393 5766 1496 5835 est,
1526 5776 1607 5827 vel
1633 5776 1698 5827 de
1725 5774 1830 5829 Pa-

226 5851 332 5895 tro
376 5845 431 5890 ct
463 5834 601 5891 Filio
651 5841 942 5910 separatim
994 5834 1225 5913 sumptis
1257 5844 1429 5913 accipi
1462 5834 1679 5900 debent.
1713 5846 1833 5912 Quo

1942 5059 2206 5129 Stagnum
2238 5058 2512 5128 quoddam
2543 5067 2660 5111 erat
2694 5058 2747 5110 in
2783 5056 2941 5111 Ponti
2985 5055 3298 5125 regionibus
3329 5054 3518 5122 situm,

1939 5154 2181 5223 piscibus
2220 5152 2539 5220 copiosum,
2575 5166 2645 5203 ex
2681 5165 2914 5219 quorum
2948 5157 3170 5219 captura
3214 5146 3522 5217 praedivites

1939 5245 2151 5301 reditus
2174 5244 2410 5298 dominis
2428 5244 2846 5311 praestabantur.
2871 5242 2975 5297 Ista
3003 5242 3281 5311 possessio
3306 5238 3523 5294 duobus

1936 5370 2097 5411 sensu
2118 5352 2378 5421 magister
2395 5348 2638 5418 Gregorii
2656 5349 2917 5419 Origenes
2934 5350 3071 5404 dixit
3089 5349 3154 5403 de
3173 5348 3392 5421 Christo
3413 5349 3523 5421 {To

1936 5428 2034 5497 μὲν
2069 5418 2425 5497 ὑποκείμενον
2458 5420 2516 5497 ἓν
2545 5423 2681 5482 ἐστι,
2718 5418 2839 5497 ταῖς
2869 5422 2926 5497 δέδΣ
2960 5421 3222 5497 ἐπινοίαις
3253 5418 3324 5471 τὰ
3354 5419 3524 5497 πολλὰ

1930 5491 2173 5565 ὀνόματα
2222 5494 2315 5545 ἐπὶ
2356 5491 2631 5565 διαφόρων
2662 5492 2858 5565 ἑστίης
2895 5491 3248 5565 Suppositum
3298 5491 3520 5565 quidem

1931 5561 2102 5621 unum
2131 5575 2235 5628 est,
2276 5562 2369 5617 sed
2398 5561 2730 5631 cogitatione
2776 5564 2935 5629 plura
2971 5563 3193 5631 nomina
3224 5562 3391 5615 variis
3437 5576 3523 5631 re-

1933 5638 2036 5691 bus
2088 5630 2534 5704 imponunturpr
2574 5632 2764 5704 homil.
2802 5632 2835 5685 8
2885 5633 2938 5686 in
2967 5630 3199 5704 _Je_rem.,
3255 5646 3376 5704 pag.
3426 5630 3518 5686 96.

1934 5707 2145 5760 Maran.
2168 5701 2241 5759 'in
2279 5712 2391 5756 not.
2430 5701 2497 5755 ad
2526 5703 2669 5756 hunc
2710 5702 2914 5758 locum.
2949 5702 3132 5758 Adisis
3184 5710 3238 5759 et
3273 5702 3526 5756 Sirmon»

1939 5779 2067 5833 dum
2108 5778 2175 5832 ad
2213 5773 2531 5829 Facundum
2568 5788 2619 5843 p.
2661 5771 2787 5830 740.
