3862 6512
392 402 498 458 979

1354 401 1411 456 Β.
1452 399 1851 458 GREGORIUS
1890 402 2491 464 THAUMATURGUS.

3538 404 3635 462 530

393 516 657 573 fratribus
691 526 835 575 sorte
862 518 1194 573 haereditatis
1229 519 1521 576 obvenerat
1556 541 1569 576 :
1602 523 1695 577 sed
1727 524 1967 592 pecuniae
1996 535 2036 585 Α
2072 526 2249 581 undas
2272 526 2475 597 deﬁgit,
2510 536 2563 582 et
2595 526 2710 596 ipse
2738 525 2930 597 positis
2956 525 3183 597 genibus
3210 524 3417 594 palmas
3440 523 3505 577 ad
3524 540 3636 577 eas.

390 612 664 683 cupiditas
700 614 843 680 (qua!
873 611 1115 665 omnium
1160 628 1299 683 pene
1337 614 1649 668 mortalium
1680 615 1845 670 corda
1874 630 1969 669 su-

394 710 569 778 perat)
627 710 793 763 etiam
856 708 1152 763 fraternam
1209 707 1665 763 necessitudinem
1721 707 1965 761 violavit.

391 801 657 855 Coibatur
681 816 711 854 a
750 798 1009 854 fratribus
1042 808 1284 866 tempore
1314 807 1573 866 capturze,
1608 812 1715 850 non
1748 806 1858 851 tam
1900 797 1969 851 ad

390 892 683 961 capiendos
734 891 912 961 pisces
938 930 955 955 ,
994 904 1157 959 quam
1209 888 1277 942 ad
1298 886 1646 956 decipiendos
1684 888 1965 953 homines;

372 984 567 1037 caedes
607 990 662 1037 et
693 982 833 1036 bella
862 980 1259 1043 movebantur;
1288 976 1585 1031 humanus
1611 978 1833 1047 sanguis
1869 992 1967 1047 pro

392 1073 637 1144 piscibus
695 1073 1054 1139 fundebatur;
1109 1068 1203 1124 sed
1259 1068 1350 1122 Dei
1412 1068 1747 1136 providentia
1796 1068 1969 1123 adluit

394 1163 693 1233 aliquando
743 1162 1033 1227 auxilium,
1086 1158 1460 1223 adventusque
1500 1153 1767 1223 Gregorii.
1823 1153 1970 1208 Vidit

392 1256 583 1324 prmlia
619 1264 674 1310 et
718 1263 919 1309 mortes
951 1254 1215 1316 virorum,
1248 1248 1599 1316 furentesque
1642 1262 1965 1315 germanos;

390 1347 523 1417 quid
559 1362 739 1400 causa:
781 1346 1048 1412 subesset,
1094 1360 1193 1415 pro
1232 1359 1339 1413 qua
1386 1344 1439 1397 in
1485 1341 1711 1396 exitium
1737 1338 1820 1394 sui
1848 1355 1969 1394 suo-

393 1453 627 1508 rumque
672 1436 869 1494 fratres
930 1439 1353 1493 accenderentur
1381 1476 1397 1503 ,
1456 1435 1682 1505 inquirit
1715 1451 1727 1486 :
1761 1432 1965 1486 nullam

395 1530 497 1585 nisi
546 1538 831 1598 capturam
886 1529 1114 1598 piscium
1169 1530 1453 1599 comperit.
1494 1526 1649 1581 Tunc
1680 1525 1768 1581 ille
1793 1566 1809 1591 ,
1842 1540 1966 1579 cum

393 1635 492 1690 pro
534 1620 742 1674 honore
773 1619 1040 1675 adventus
1072 1619 1155 1674 sui
1189 1630 1431 1688 utraeque
1470 1628 1652 1689 partes
1683 1617 1963 1687 paululum

392 1712 676 1768 siluisseut
720 1730 739 1769 ι
774 1711 951 1767 Nolite
976 1754 991 1778 ,
1034 1713 1228 1782 inquit,
1260 1729 1292 1766 ο
1323 1711 1501 1778 lilioli,
1527 1711 1821 1765 rationales
1852 1710 1969 1763 ani-

393 1819 511 1857 mas
540 1818 637 1873 pro
671 1803 835 1857 mutis
875 1803 1243 1858 animantibus
1284 1804 1506 1867 violare,
1542 1802 1835 1856 fraternam
1872 1815 1968 1870 pa-

2068 616 2179 671 lum
2207 617 2397 682 tendit,
2424 625 2587 686 atque
2624 616 2707 672 bis
2734 616 2912 671 verbis
2945 615 3161 670 excelso
3186 614 3454 684 supplicat
3486 614 3595 667 Deo
3621 631 3635 645 ι

2070 707 2147 763 Tu
2182 708 2409 762 Domine
2434 707 2577 762 Deus
2604 717 2820 777 patrum
2854 717 3162 762 nostrorum
3191 745 3206 769 ,
3240 706 3331 776 qui
3375 720 3511 760 cum
3544 705 3635 758 tibi

2066 801 2278 870 primus
2306 800 2470 855 homo
2492 799 2663 853 Adam
2694 808 2992 869 peccasset,
3033 814 3098 853 ac
3133 799 3450 853 mandatum
3482 805 3633 850 tuum

2067 890 2439 961 praeteriisset,
2494 906 2712 961 poenam
2761 892 2934 961 culpa:
2981 891 3126 946 illius
3184 885 3523 955 moderatus,
3571 890 3635 943 ad

2067 990 2267 1035 terram
2297 982 2696 1038 maledictionis
2722 983 3042 1037 sententiam
3074 980 3372 1046 detorsisti,
3403 981 3594 1035 dicens
3619 998 3632 1035 :

2068 1071 2351 1127 Maledicta
2402 1082 2547 1128 terra
2590 1073 2645 1127 in
2687 1073 2945 1142 Operibus
2998 1073 3125 1127 tuis.
3183 1071 3251 1125 Et
3304 1087 3455 1126 nunc
3509 1086 3635 1141 ergo

2068 1165 2356 1220 miseratus
2419 1166 2614 1219 borum
2670 1165 2931 1234 juvenum
2982 1163 3278 1218 fraternum
3318 1163 3635 1232 sanguinem

2068 1256 2161 1325 qui
2211 1256 2567 1326 periclitatur,
2618 1256 2852 1327 przecipe
2885 1265 2945 1309 ut
2980 1255 3289 1309 maledicta:
3323 1255 3435 1309 sint
3486 1269 3637 1322 aqua:

2069 1349 2187 1403 ista:
2211 1349 2265 1402 in
2292 1348 2545 1417 operibus
2567 1363 2780 1412 eorum,
2809 1363 2910 1419 pro
2936 1348 3136 1417 quibus
3157 1346 3343 1401 furore
3366 1346 3635 1411 succensi,

2070 1439 2321 1494 fraterna:
2366 1440 2584 1509 pietatis
2614 1440 2769 1494 obliti
2826 1447 2990 1507 sunt;
3042 1440 3118 1493 ita
3160 1448 3220 1492 ut
3268 1455 3551 1508 nunquam
3588 1439 3635 1491 in

2068 1531 2172 1586 hoc
2198 1532 2320 1586 loco
2353 1532 2436 1585 vel
2463 1530 2628 1601 piscis
2661 1538 2938 1600 appareat,
2970 1529 3055 1583 vel
3089 1544 3229 1599 aqua
3260 1528 3513 1593 resideat,
3545 1528 3633 1582 sed

2068 1624 2139 1678 sit
2166 1639 2390 1692 campus
2436 1623 2604 1678 aratri
2646 1622 2881 1691 patiens,
2916 1636 2979 1675 ac
3009 1619 3226 1690 frugum
3262 1611 3435 1684 ferax,
3463 1629 3517 1672 et
3541 1634 3635 1672 cu-

2066 1724 2182 1770 stos
2208 1715 2261 1766 in
2288 1722 2552 1768 aeternum
2584 1712 2837 1767 fraterna:
2865 1711 3170 1765 concordia
3191 1703 3519 1780 perseveret.
3551 1706 3635 1760 Si—

2067 1804 2180 1858 mul
2213 1812 2272 1858 ut
2313 1804 2403 1858 ille
2444 1804 2605 1859 linem
2636 1801 2827 1857 orandi
2855 1800 3003 1865 fecit,
3031 1801 3215 1855 statim
3251 1815 3309 1854 se
3342 1799 3486 1853 unda
3512 1798 3635 1852 sub~

391 1910 509 1951 cem
550 1904 790 1964 quaestus
824 1896 1117 1964 cupiditate
1148 1895 1465 1957 dissolvere,
1499 1892 1591 1947 Dei
1616 1893 1759 1963 leges
1784 1903 1837 1947 et
1866 1908 1965 1946 na-
1998 1869 2040 1923 Β
2072 1897 2308 1959 ducens,
2344 1903 2398 1949 et
2440 1910 2607 1950 cursu
2643 1892 2912 1949 velociore
2959 1892 3255 1962 refugiens,
3286 1906 3316 1944 a
3341 1900 3633 1958 conspectu

395 1996 529 2041 turre
564 1988 767 2056 pariter
793 1987 919 2056 jura
949 1996 1240 2055 temerare;
1295 1995 1349 2040 et
1377 2001 1485 2040 una
1519 1999 1731 2041 mecum
1770 1983 1837 2039 ad
1866 1998 1963 2038 ora

392 2078 575 2147 stagni
610 2079 843 2136 exitialis
887 2078 1147 2136 accedite.
1183 2077 1297 2149 Ego
1320 2078 1433 2148 jam
1460 2093 1558 2133 vos
1583 2093 1679 2149 per
1705 2077 1962 2131 virtutem

389 2166 649 2239 Domini,
690 2170 842 2225 omni
869 2171 1166 2226 certamine
1191 2180 1432 2225 cruentae
1467 2168 1830 2225 contentionis
1868 2167 1965 2222 ab-

384 2261 615 2318 solvam.
650 2260 865 2316 Etcum
903 2263 1018 2319 haec
1042 2263 1290 2331 dixisset,
1315 2264 1369 2319 in
1402 2273 1695 2336 conspectu
1718 2259 1962 2317 omnium

391 2352 595 2424 virgam
636 2368 803 2423 quam,
845 2355 1061 2411 tenebat
1104 2356 1159 2412 in
1209 2356 1484 2412 mauu‘ad
1528 2356 1733 2426 primas
1764 2352 1964 2410 littoris

2066 2001 2304 2057 superno
2354 1987 2509 2056 jussa
2564 1985 2842 2041 discedere
2868 2024 2884 2049 ,
2943 1984 3153 2055 abyssis
3195 1984 3311 2037 suis
3353 1981 3632 2043 redditur,

2066 2086 2121 2133 et
2170 2086 2410 2132 arentem
2460 2092 2714 2141 campum
2775 2076 3049 2146 germanis
3107 2075 3221 2145 jam
3274 2072 3634 2129 concordibus

2066 2169 2372 2239 dereliquit.
2407 2167 2511 2223 Sed
2542 2177 2596 2224 et
2624 2169 2677 2223 in
2703 2169 3021 2224 hodiernum
3045 2209 3059 2229 ,
3090 2167 3303 2236 frugum
3340 2164 3492 2219 ferax
3517 2178 3635 2218 esse

2066 2261 2267 2316 dicitur
2295 2260 2496 2325 solum,
2532 2261 2680 2331 quod
2707 2270 2831 2316 ante
2851 2260 3028 2315 fuerat
3060 2259 3277 2313 navium
3319 2257 3495 2311 ferax.

1864 2468 2013 2524 Idem
2044 2467 2178 2522 ibid.

457 2563 563 2620 Sed
608 2576 662 2620 et
708 2565 912 2636 ingenii
941 2565 1024 2620 sui
1054 2565 1208 2619 nobis
1231 2565 1286 2618 iu
1310 2579 1477 2633 parvo
1507 2564 1743 2619 maxima
1765 2576 1961 2617 monu-

385 2668 573 2713 menta
626 2658 914 2728 dereliquit
949 2676 962 2711 :
998 2659 1054 2711 in
1097 2657 1453 2712 Ecclesiasten
1507 2670 1743 2726 namque
1790 2653 1960 2707 Meta-

384 2752 603 2821 phrasin
628 2750 768 2804 idem
794 2750 1090 2820 Gregorius
1128 2747 1667 2819 magnificentissime
1706 2746 1952 2813 scripsit;

386 2853 440 2898 et
470 2844 753 2898 catholica).
778 2844 904 2914 ﬁdei
930 2843 1308 2913 expositionem
1341 2842 1576 2897 breviter
1604 2841 1805 2896 editam
1836 2840 1957 2894 reli-

384 2935 524 3004 quit,
570 2951 736 3005 quam
780 2950 881 3005 pro
932 2935 1288 2991 aedificatione
1326 2933 1697 2989 Ecclesiarum
1745 2931 1957 2986 sociare

2068 2559 2155 2615 bis
2187 2557 2535 2613 commodum
2584 2556 2713 2611 duxi
2756 2575 2769 2610 :
2810 2574 2829 2608 ι
2870 2552 3023 2609 Unus
3073 2552 3215 2610 Deus
3261 2552 3422 2607 Pater
3474 2550 3631 2608 Verbi

2066 2652 2317 2716 viventis,
2373 2650 2653 2720 sapientia:
2712 2648 3082 2714 subsistentis,
3149 2658 3205 2702 et
3265 2648 3525 2717 potentiae
3575 2661 3633 2703 ac

2065 2743 2394 2799 cbaraeteris
2433 2742 2747 2813 sempiterni
2784 2759 2797 2797 :
2829 2740 3101 2811 perfectus
3140 2738 3361 2809 perfecti
3404 2740 3629 2810 genitor,

2066 2836 2223 2890 Pater
2248 2835 2368 2889 Filii
2393 2834 2673 2905 unigeniti.
2704 2831 2858 2891 Unus
2894 2833 3185 2898 Dominus,
3217 2833 3369 2889 solus
3391 2849 3461 2889 ex
3499 2834 3630 2900 solo,

2063 2925 2206 2981 Deus
2223 2941 2287 2980 ex
2313 2923 2445 2991 Deo,
2479 2944 2497 2976 ι
2533 2933 2637 2978 etc.

1401 3024 1467 3079 V.
1511 3022 1920 3085 Socrates,llist.
1950 3019 2081 3076 eccl.
2121 3018 2213 3073 tib.
2249 3033 2324 3083 iv,
2359 3033 2473 3086 cap.
2502 3016 2591 3070 27.

454 3118 714 3175 Ponticus
738 3120 1033 3191 Gregorius
1056 3162 1071 3187 ,
1106 3121 1199 3191 qui
1232 3135 1299 3175 ex
1332 3119 1465 3173 urbe
1489 3118 1648 3173 Ponti
1672 3116 1957 3173 Neoctesa-

2144 3113 2202 3166 Ὀ
2248 3110 2507 3174 Ποντικὸς
2559 3109 2878 3183 Γρηγόριος,
2914 3109 3063 3171 ὅστις
3111 3108 3174 3161 ἐκ
3202 3108 3300 3179 τῆς
3340 3108 3399 3160 ἐν
3452 3108 3631 3176 Πόντῳ

384 3227 477 3266 rea
498 3213 830 3269 oriundus...
863 3211 1115 3287 Origenis
1140 3212 1444 3283 discipulus
1471 3209 1592 3265 fuit.
1621 3209 1795 3281 Hujus
1825 3209 1957 3265 Grc-

2066 3202 2490 3273 Νεοκαισαρείας
2553 3200 2940 3273 ὁρμώμενος...
3008 3198 3257 3271 μαθητὴς
3330 3200 3632 3270 Ὠριγένους

383 3302 523 3372 gorii
557 3303 786 3358 celebris
825 3303 969 3359 fama
1014 3315 1097 3360 est
1142 3304 1370 3360 Athenis
1423 3317 1488 3358 ac
1542 3302 1739 3373 Beryti,
1766 3311 1821 3357 et
1859 3317 1954 3371 per

382 3394 691 3450 universam
727 3395 1009 3452 Ponticam
1055 3397 1359 3463 dimcesim,
1405 3411 1470 3451 ac
1505 3411 1600 3466 per
1633 3395 1951 3449 universum

382 3500 551 3555 prope
576 3485 807 3542 dixerkn
841 3497 1113 3544 terrarum
1139 3490 1395 3544 orbem...
1425 3487 1599 3556 Hujus
1620 3486 1951 3542 mentionem

381 3575 514 3636 facit
543 3579 706 3633 etiam
752 3578 1071 3649 Pamphilus
1100 3590 1326 3650 martyr,
1381 3581 1437 3634 in
1479 3579 1632 3634 libris
1678 3593 1818 3648 quos
1852 3592 1953 3647 pro

382 3669 634 3739 Origenis
667 3670 983 3727 defensione
1017 3672 1235 3742 scripsit
1265 3691 1280 3727 :
1311 3674 1513 3743 quibus
1560 3672 1721 3725 etiam
1769 3671 1959 3741 adjun-

382 3773 465 3819 cta
502 3773 588 3817 est
615 3762 861 3833 Gregorii
901 3763 1111 3832 Oratio,
1151 3779 1316 3835 quam
1348 3765 1438 3819 ille
1483 3764 1553 3818 ab
1582 3763 1815 3834 Origene
1844 3762 1958 3817 dis~

381 3854 606 3920 cedens,
637 3856 691 3909 in
714 3855 836 3926 ejus
863 3856 1077 3912 laudem
1108 3856 1436 3933 composuit.

2058 3297 2292 3365 ἐγένετο.
2323 3295 2458 3366 Περὶ
2484 3293 2673 3347 τούτου
2707 3292 2801 3347 τοῦ
2841 3291 3170 3367 Γρηγορίου,
3214 3291 3381 3356 πολὺς
3422 3294 3451 3343 ὁ
3482 3291 3631 3359 λόγος

2058 3389 2115 3443 ἔν
2140 3407 2201 3444 τε
2238 3388 2485 3460 Ἀθήναις
2510 3387 2603 3440 καὶ
2627 3384 2873 3456 Βηρυτῷ,
2905 3385 2997 3438 καὶ
3027 3385 3123 3458 ὅλῃ
3152 3387 3218 3455 τῇ
3244 3385 3477 3455 Ποντικῇ
3507 3385 3634 3436 διοιο

2058 3485 2217 3555 κήσει
2241 3524 2254 3548 ,
2303 3481 2377 3546 ὼς
2419 3481 2474 3535 δὲ
2503 3481 2695 3542 εἰπεῖν,
2728 3477 2823 3533 καὶ
2854 3476 3006 3549 πάσῃ
3031 3480 3093 3549 τῇ
3133 3476 3494 3548 οἰκουμένῃ...
3522 3475 3633 3529 Μέ-

2059 3593 2258 3647 μνηται
2289 3574 2347 3628 δὲ
2383 3572 2545 3627 αὑτοῦ
2575 3571 2668 3624 καὶ
2690 3570 2971 3641 Πάμφιλος
3000 3570 3028 3622 ὁ
3062 3570 3278 3640 μάρτυρ
3310 3570 3369 3623 ὲν
3395 3571 3503 3631 τοῖς
3542 3584 3634 3620 πε·

2059 3668 2115 3741 ρὶ
2174 3666 2479 3737 Ὠριγένους
2521 3663 2829 3734 πονηθεῖσιν
2869 3660 3015 3731 αὐτῷ
3053 3659 3298 3731 βιϐλίοις,
3344 3662 3399 3713 ὲν
3429 3654 3507 3721 οἷς
3540 3659 3631 3711 καὶ

2058 3757 2379 3820 συστατικὸς
2419 3756 2575 3826 λόγος
2614 3754 2913 3827 Γρηγορίου
2967 3755 3046 3815 εἰς
3110 3752 3392 3823 Ὠριγένην
3456 3750 3633 3827 παρὰ·

2052 3866 2254 3904 κειται.

1365 3947 1454 4001 Vl.
1491 3937 1973 4011 Sozomenus,llist.
2010 3941 2142 3996 eecl.
2177 3939 2269 3992 lib.
2310 3952 2405 4003 vn,
2441 3952 2559 4004 cap.
2588 3917 2680 3988 27.

449 4037 613 4094 Aliud
642 4048 901 4108 praeterea
925 4040 1070 4110 quod
1099 4039 1165 4094 de
1191 4038 1285 4093 illo
1314 4037 1659 4110 (Epiphanio)
1689 4036 1943 4100 refertur,

378 4141 808 4185 commemorare
843 4129 991 4183 libet.
1022 4128 1075 4183 ld
1106 4129 1325 4203 quidem
1353 4111 1421 4183 ab
1459 4126 1779 4182 admirando
1816 4125 1947 4179 Gre-

379 4219 535 4291 gorio
584 4220 675 4291 qui
704 4218 1199 4276 Neocaesariensem
1245 4221 1374 4275 olim
1425 4221 1566 4277 rexit
1626 4217 1943 4281 Ecelesiam,

378 4318 590 4383 gestum
624 4325 747 4366 esse
775 4313 987 4386 accepi;
1023 4322 1076 4367 et
1096 4312 1324 4370 libenter
1347 4313 1532 4366 credo.

2136 4029 2271 4083 Ἀλλ’
2311 4022 2421 4081 οἷον
2454 4027 2638 4099 ἕτερον
2684 4025 2810 4095 περὶ
2837 4023 3000 4077 αὐτοῦ
3025 4022 3259 4091 λέγεται,
3293 4026 3386 4077 καὶ
3415 4024 3633 4093 ἀφηγή-

2054 4123 2249 4178 σασθαι
2312 4119 2589 4191 βούλομαι.
2646 4116 2993 4186 Πυνθάνομαι
3047 4114 3629 4191 τεθαυματουργῆτθαι

2051 4212 2334 4286 Γρηγορίῳ
2357 4210 2433 4281 τῷ
2456 4209 2741 4279 θαυμασίῳ
2758 4248 2773 4271 ,
2798 4209 2856 4271 ὃς
2886 4207 3051 4261 πάλαι
3079 4206 3176 4278 τὴν
3200 4206 3631 4276 Νεοκαισάρειαν

2052 4305 2420 4376 ἐπετρόπευσε
2443 4343 2458 4367 ,
2484 4304 2576 4355 καὶ
2613 4302 2757 4387 μᾲλα
2786 4300 3064 4371 πείθομαι.

1361 4402 1472 4457 Vll.
1503 4403 1778 4458 Liberatus
1808 4401 2095 4457 Diacouus.
2133 4397 2374 4450 Breviar.
2409 4410 2524 4460 cap.
2554 4393 2640 4446 10.

446 4491 685 4548 Basilius
710 4493 931 4564 quidam
964 4495 1250 4563 diaconus,
1284 4512 1508 4552 sumens
1531 4506 1736 4549 tomum
1772 4491 1950 4546 Procli
1983 4505 2028 4559 ι)
2056 4490 2166 4560 psit
2197 4486 2309 4556 (65)
2345 4502 2357 4538 :
2392 4494 2502 4537 tres
2540 4482 2801 4534 adversus
2840 4472 3135 4564 Diodorum
3168 4476 3225 4522 et
3254 4463 3632 4564 Tbeodorum,

372 4598 535 4655 quem
582 4584 856 4643 Armeniis
891 4589 1208 4664 scripserat,
1247 4588 1632 4643 Alexandriam
1677 4585 1853 4650 venit;
1896 4591 1952 4637 et

374 4677 755 4734 Armeniorum
786 4680 998 4736 libellos
1042 4681 1158 4737 suis
1194 4681 1349 4736 libris
1388 4689 1683 4736 annectens
1705 4720 1721 4747 ,
1754 4678 1950 4733 obtulit

370 4767 572 4839 Cyrillo
616 4769 862 4839 ejusdem
908 4772 1058 4826 urbis
1103 4772 1357 4827 antistiti.
1397 4772 1608 4838 Quibus
1646 4770 1730 4841 (ut
1764 4767 1949 4823 ferunt

367 4869 644 4933 rumores)
694 4871 977 4936 permotus
1026 4860 1284 4938 Cyrillus,
1329 4868 1565 4928 quatuor
1599 4857 1769 4914 libros
1806 4858 1941 4912 scri-

2057 4555 2110 4637 et
2148 4555 2314 4634 alium
2346 4575 2422 4629 De
2457 4569 2819 4626 incarnatione
2853 4566 3070 4621 librum.
3117 4561 3173 4615 lu
3218 4561 3425 4630 quibus
3460 4555 3638 4613 conti—

2058 4679 2258 4728 nentur
2301 4668 2649 4735 autiquorum
2680 4659 3247 4724 Patrum-incorrupta
3295 4648 3635 4711 testimonia,

2059 4759 2113 4815 id
2147 4769 2297 4817 est...
2346 4757 2595 4831 Gregorii
2634 4760 2919 4825 mirabilis,
2955 4748 3387 4827 Θαυματουργοῦ
3420 4760 3635 4816 εοεηον

2057 4851 2268 4909 minati.

1936 4939 2071 4994 Vill.

670 5036 964 5093 Facundua
985 5043 1259 5110 episcopus
1290 5036 1804 5112 Hermjaneusis,lib.
1835 5052 1889 5098 κ,
1926 5049 2043 5103 cap.
2072 5029 2126 5096 6,
2156 5031 2293 5083 inter
2320 5026 2454 5095 Opp.
2487 5023 2779 5089 Sirmondi,
2810 5034 2936 5082 tom.
2961 5020 3026 5088 ll,
3047 5038 3165 5091 pag.
3197 5021 3325 5075 7&0.

440 5126 680 5185 Sanctus
722 5128 961 5186 Basilius
1002 5147 1261 5202 magnum
1301 5131 1644 5202 Gregorium,
1703 5132 1797 5201 qui
1837 5132 1943 5182 mi—

365 5218 676 5273 raculorum
727 5224 1020 5291 operatoris
1062 5239 1364 5294 cognomen
1411 5225 1650 5293 accepit,
1704 5233 1764 5281 ut
1807 5222 1945 5277 Θαυ-

2054 5157 2175 5197 rum
2207 5155 2396 5195 errore
2421 5137 2680 5203 defendit,
2701 5136 2794 5207 qui
2816 5151 2979 5194 unam
3006 5133 3187 5188 Patris
3208 5142 3263 5187 et
3295 5132 3419 5186 Filii
3449 5131 3646 5185 subsio

2048 5232 2302 5290 stentiam
2326 5230 2514 5289 dicunt
2534 5228 2813 5297 ;quamvis
2836 5230 2948 5283 haec
2960 5236 3013 5281 et
3028 5223 3644 5294 praedictusGregorius

369 5311 674 5381 ματουργδς
722 5324 1013 5369 vocaretur
1059 5325 1115 5370 ει
1138 5324 1359 5373 vocetur
1389 5331 1419 5371 8
1447 5315 1670 5381 Culicis.
1717 5332 1823 5370 non
1876 5316 1944 5369 31)
2046 5325 2249 5381 dixisse
2276 5323 2544 5379 videatur.
2589 5319 2717 5374 lude
2761 5319 2900 5382 idem
2937 5318 2993 5373 S.
3013 5317 3283 5382 Basilius,
3315 5317 3556 5385 loquens
3574 5313 3647 5367 de

362 5401 696 5459 Arianorum
733 5416 942 5461 tantum
975 5408 1068 5475 qui
1107 5416 1414 5461 creaturam
1450 5420 1505 5465 et
1549 5411 1810 5464 facturam
1848 5409 1942 5462 Fi-

366 5492 500 5549 lium
550 5497 760 5562 dicunt,
800 5515 990 5554 verum
1023 5502 1187 5555 etiam
1220 5520 1249 5555 a
1288 5503 1571 5558 contrario
1615 5502 1955 5558 Sabelliano-

2051 5415 2379 5484 quibusdam
2402 5414 2497 5483 qui
2530 5411 2854 5467 auctoritate
2877 5411 3048 5480 ipsius
3085 5408 3335 5479 Gregorii
3372 5418 3647 5461 excusare

2064 5520 2217 5559 suam
2250 5504 2527 5574 perfidiam
2548 5504 2858 5558 nitebantur
2885 5519 2898 5555 :
2934 5499 3304 5563 Inmriseruut,
3336 5498 3430 5561 ait,
3469 5506 3595 5550 etc.

599 5615 675 5669 De
709 5618 804 5693 iris
856 5621 1318 5693 quatuoritlyrilli
1391 5622 1543 5677 libris
1600 5639 1739 5693 quos
1793 5622 2130 5679 intercidisse
2182 5631 2437 5690 constat,
2507 5621 2709 5677 videsis
2790 5618 3099 5676 Fabricium
3150 5615 3297 5681 Bibl.
3356 5614 3444 5675 Cr.
3495 5624 3643 5669 tum.

387 5680 674 5761 “lupas.
706 5689 829 5753 59f,
867 5680 1017 5744 num.
1060 5692 1180 5745 187.
