3862 6510
259 290 359 390 ρει

1395 333 1811 389 TESTIMONIA
1854 333 2210 392 ἴνἘΊἘΒΗΜ.

3414 346 3521 401 989.

1070 451 1159 507 IX.
1193 455 1451 523 Euagrius
1480 453 2003 519 ScliolasticuleiSt.
2028 458 2161 511 eccl.
2197 457 2288 510 lib.
2327 472 2407 519 Ill,
2436 472 2552 524 cap.
2587 456 2675 510 51.

334 546 446 601 Καὶ
479 544 589 616 γὰρ
621 545 709 599 καὶ
738 545 927 614 λόγους
954 545 1212 617 Πατέρων
1239 547 1496 610 πολλάκις
1530 546 1837 600 νενοθεύκα-

2022 548 2156 603 Nam
2209 559 2263 603 et
2318 550 2487 605 libros
2528 559 2837 605 sanctorum
2877 548 3099 605 Patrum
3152 568 3526 622 saepenumero

262 657 343 693 σι·
379 638 608 702 πολλοὺς
633 638 689 691 δὲ
733 637 1135 710 Ἀπολλιναρίου
1161 638 1369 707 λόγους,
1400 639 1717 709 Ἀθανασίῳ,
1754 641 1837 692 καὶ

1953 649 2317 710 corruperunt
2345 640 2677 710 (Acephali);
2718 640 2917 695 multos
2944 657 3161 712 quoque
3192 642 3525 712 Apollinaris

261 733 302 786 Γ
310 731 549 804 ρηγορίῳ
581 730 658 802 τῷ
690 730 1120 802 Θαυματουργῷ,
1176 732 1269 785 καὶ
1326 731 1545 803 Ἰουλίῳ,
1597 731 1685 785 διὰ
1735 730 1837 784 τῶν

1952 732 2120 787 libros
2147 733 2447 787 Athanasio
2486 742 2536 786 ct
2564 731 2825 803 Gregorio
2860 730 3269 805 Thaumaturgo
3294 743 3347 788 et
3380 735 3524 789 Julio

260 825 584 897 ἐπιγραφῶν
608 826 1007 880 ἁνατεθείκασι.

1951 823 2091 878 falso
2120 825 2509 894 ascripserunt.

1359 938 1428 993 Χ.
1468 938 1761 993 Concilium
1792 937 2185 1004 Quinisextum,
2212 955 2329 991 can.
2360 938 2415 993 2.

345 1031 847 1104 Ἐπισφραγίζομεν
875 1034 1002 1096 τοὺς
1035 1034 1251 1097 λοιποὺς
1289 1034 1496 1096 πάντας
1530 1034 1707 1103 ἱεροὺς
1742 1050 1846 1085 xa-

2020 1031 2384 1102 Obsiguamus
2410 1034 2650 1103 reliquos
2693 1048 2883 1089 omnes
2915 1048 3174 1097 canones,
3209 1034 3301 1104 qui
3329 1048 3357 1087 a
3394 1049 3521 1089 san-

257 1123 417 1187 νόνας
461 1125 587 1187 τοὺς
634 1125 739 1177 ὑπὸ
783 1123 892 1178 τῶν
931 1126 1101 1193 ἁγίων
1148 1126 1241 1178 xai.
1273 1125 1557 1197 μακαρίων
1588 1124 1837 1196 Πατέρων

1952 1124 2057 1178 ctis
2103 1132 2155 1179 et
2198 1124 2374 1179 beatis
2412 1126 2617 1180 nostris
2670 1124 2925 1181 Patribus
2975 1126 3205 1195 expositi
3254 1136 3427 1181 sunt:
3464 1125 3520 1180 id

259 1216 417 1287 ἡμῶν
449 1216 803 1279 ἐκτεθέντας,
858 1216 1169 1270 τουτέστι...
1216 1217 1516 1287 Γρηγορίου
1542 1216 1843 1269 ἐπισκόπου

258 1309 552 1379 γενομένου
582 1307 1012 1379 Νεοκαισαρείας
1034 1307 1128 1361 τοῦ
1158 1306 1607 1380 Θαυματουργοῦ.

1947 1224 2096 1271 est...
2133 1216 2396 1288 Gregorio
2423 1215 2786 1273 Neocaesareze
2812 1219 3064 1289 episcopo
3090 1217 3518 1292 Thaumaturgo.

614 1426 706 1481 XI.
729 1426 1084 1498 Menologium
1113 1425 1513 1489 ercorum,ad
1538 1428 1674 1481 diem
1700 1427 1767 1481 l7
1796 1426 2072 1494 Novemb.,
2104 1437 2245 1497 part.
2281 1444 2321 1494 ι,
2342 1445 2464 1499 pag.
2493 1428 2594 1483 194
2627 1429 2753 1483 edit.
2787 1426 2972 1483 Urbin.
2998 1425 3156 1482 1727.

255 1546 465 1617 Μνήμη
485 1544 608 1626 ,τοῦ
645 1546 703 1626 ἐν
735 1545 911 1614 ἁγίοις
943 1545 1157 1626 Πατρὸς
1184 1546 1342 1626 maliv
1384 1546 1684 1626 I‘pnyopioy
1732 1547 1845 1598 ἐπιο

402 1616 607 1668 σκόπου
650 1616 1081 1688 Νεοκαισαρείας
1118 1616 1212 1669 τοῦ
1243 1616 1695 1689 Θαυματουργοῦ.

330 1724 497 1791 Οὗτος
524 1724 592 1800 ἦν
617 1730 704 1782 ἐπ’
721 1728 1059 1801 Αὐρηλιανοῦ
1092 1730 1185 1784 τοῦ
1213 1729 1492 1800 βασιλέως,
1528 1730 1642 1795 υίὸς
1665 1731 1841 1802 ὑπάρ-

254 1838 369 1890 χων
406 1819 671 1892 Ἑλλήνων
696 1839 711 1851 ·
753 1822 914 1884 αὐτὸς
941 1821 997 1875 δὲ
1021 1821 1259 1891 γεγονὼς
1292 1823 1629 1891 Χριστιανὸς,
1656 1823 1751 1877 καὶ
1779 1824 1839 1877 τὸ

253 1914 356 1984 τῆς
382 1913 618 1977 πίστεως
649 1914 946 1985 μυστήριον
978 1913 1245 1985 διδαχθεὶς
1275 1913 1365 1967 διὰ
1394 1914 1660 1978 ὀπτασίας
1685 1915 1839 1987 παρὰ

253 2005 359 2074 τῆς
383 2006 685 2075 ὑπεραγίας
713 2005 975 2059 Θεοτόκου
1009 2006 1218 2059 καὶτοῦ
1258 2006 1507 2076 θεολόγου
1551 2008 1795 2061 Ἰωάννου
1820 2025 1835 2039 ο

255 2096 417 2148 ἔλαϐε
462 2097 557 2151 καὶ
617 2097 677 2150 τὸ
730 2097 840 2151 τῶν
901 2098 1353 2171 θαυματουργιῶν
1407 2100 1689 2171 χάρισμα,
1743 2102 1839 2155 καὶ

254 2188 460 2261 ἐκλήθη
490 2191 963 2260 Θαυματουργὸς,
984 2191 1150 2245 ποιῶν
1183 2191 1282 2245 θχύ
1293 2210 1437 2263 ματα
1468 2193 1654 2258 πολλὰ,
1680 2192 1740 2258 ἐξ
1758 2187 1834 2248 ὧν

253 2283 364 2335 εἰσι
388 2283 479 2335 καὶ
504 2282 697 2337 ταῦτα.
732 2285 827 2348 Εἰς
848 2283 957 2354 γὰρ
998 2282 1398 2357 Ἀλεξάνδρειαν
1430 2285 1680 2341 ἀπελθὼν
1704 2330 1719 2355 ,
1747 2289 1841 2341 καὶ

252 2375 654 2445 κατηγορηθεὶς
712 2376 817 2429 ὑπὸ
872 2376 1117 2449 πόρνης,
1175 2378 1476 2449 ἐπιπέμπει
1529 2379 1664 2451 αὐτῇ
1720 2380 1837 2432 δαί-

256 2481 427 2534 μονα’
468 2465 561 2517 κα)⁵
602 2466 762 2519 πάλιν
812 2468 977 2521 ίᾶται.
1033 2463 1166 2521 Εἶτα
1211 2470 1285 2541 μὴ
1325 2468 1516 2543 παρὼν
1556 2472 1614 2521 ἐν
1672 2471 1839 2541 Ἀμα-

256 2556 399 2628 σείᾳ,
438 2560 586 2628 ὅμως
615 2559 701 2612 διὰ
731 2560 831 2631 τὴν
861 2561 1023 2615 αὑτοῦ
1054 2560 1272 2633 ἀρετὴν,
1304 2564 1684 2631 χειροτονεῖται
1719 2562 1838 2615 ἐπί-

254 2664 461 2712 σκοπος
494 2650 597 2703 ὑπὸ
627 2652 886 2723 Φαιδίμου
916 2654 1009 2707 τοῦ
1051 2654 1361 2724 Ἀμασείας.
1393 2654 1551 2707 Λίθον
1580 2654 1637 2706 δὲ
1668 2653 1837 2724 μέγαν

253 2741 489 2812 ποιήσας
533 2744 921 2815 περιπατῆσαι,
988 2745 1249 2799 ἐδάπτισε
1300 2746 1389 2799 τὸν
1438 2746 1838 2817 προσμονάριον

255 2834 365 2887 τῶν
409 2834 659 2891 είδώλων.
718 2835 985 2906 Ἀδελφῶν
1017 2837 1073 2890 δὲ
1113 2837 1206 2891 δύο
1247 2836 1336 2890 διὰ
1366 2836 1560 2909 λίμνην
1600 2837 1838 2908 μαχομέ-

253 2944 379 2990 νων,
408 2925 666 2998 ἐξήρανεν
696 2929 888 3000 αὑτήν.
923 2930 1033 2983 Καὶ
1059 2930 1156 3001 τὴν
1192 2930 1384 3002 ῥάϐδον
1414 2930 1609 3002 πήξας,
1642 2930 1837 2999 ἔστησε

254 3019 501 3089 ποταμόν
518 3035 533 3051 ο
568 3020 687 3090 ἥτις
721 3022 815 3075 καὶ
839 3021 1051 3090 ἐγένετο
1079 3024 1159 3085 είς
1188 3022 1401 3093 δένδρον
1427 3022 1585 3093 μέγα.
1620 3023 1730 3076 Καὶ
1754 3022 1839 3076 άλ-

252 3108 321 3161 λα
355 3109 522 3180 μυρία
556 3114 815 3184 ποιήσας,
860 3115 916 3166 ἐν
950 3111 1027 3183 τῷ
1071 3112 1284 3183 μέλλειν
1324 3113 1580 3185 ἐκδημεῖν
1617 3114 1841 3185 εὐχαρί-

256 3216 370 3252 στει
414 3202 494 3273 τῷ
536 3203 655 3275 Θεῷ
676 3246 691 3271 ,
729 3206 809 3259 ὅτι
844 3208 901 3259 ἐν
920 3209 985 3276 τῇ
1026 3204 1192 3258 αὑτοῦ
1226 3205 1377 3259 πόλει
1408 3204 1695 3269 τοσούτους
1718 3204 1838 3260 ἀπί-

1946 1544 2408 1600 Commemoratio
2455 1544 2514 1600 S.
2577 1543 2637 1617 Ρ.
2670 1542 2762 1617 ΑΝ.
2825 1542 3071 1612 Gregorii
3123 1542 3517 1617 Thaumaturgi

2402 1615 2641 1686 episcopi
2669 1614 3051 1671 Neoczesareae.

2015 1728 2113 1786 Hic
2137 1731 2433 1786 Aureliano
2462 1730 2791 1801 imperatore
2828 1729 3033 1797 ﬂoruit,
3072 1729 3388 1799 parentibus
3420 1745 3518 1783 na-

1942 1833 2031 1879 tus
2078 1822 2415 1889 inﬁdelibus,
2460 1822 2578 1892 ipse
2624 1831 2804 1877 autem
2860 1821 3226 1889 Christianus,
3286 1821 3520 1891 ﬁdeique

1942 1914 2260 1985 mysterium
2303 1929 2334 1968 a
2379 1912 2723 1968 sanctissima
2764 1912 2995 1982 Deipara
3034 1922 3087 1968 et
3129 1912 3338 1969 Joanne
3366 1913 3521 1967 theo-

1940 2007 2063 2077 logo
2093 2022 2191 2077 per
2213 2006 2480 2061 visionem
2521 2004 2768 2069 edoctus,
2802 2005 3009 2075 accepit
3039 2013 3093 2059 et
3118 2005 3323 2059 donum
3354 2004 3519 2059 mira-

1939 2096 2186 2152 culorum
2224 2118 2236 2152 :
2265 2098 2409 2153 unde
2431 2094 2815 2165 Thaumaturgi
2847 2108 3266 2167 cognomentum
3289 2098 3517 2166 adeptus

1939 2199 2023 2244 est
2054 2190 2125 2244 ob
2158 2190 2327 2244 multa
2362 2189 2624 2244 miracula
2654 2206 2775 2259 qum
2800 2191 3051 2260 patravit,
3080 2205 3146 2245 ex
3176 2190 3375 2260 quibus
3402 2191 3519 2246 haec

1938 2291 2330 2339 memorantur.
2392 2281 2679 2337 Profectus
2744 2282 3036 2352 aliquando
3105 2283 3515 2348 Alexandriam,

1938 2374 1993 2428 in
2018 2384 2259 2429 scortum
2290 2374 2436 2443 quod
2463 2374 2529 2430 de
2551 2390 2611 2429 se
2633 2374 3041 2443 obloqueretur,
3073 2373 3371 2428 daemonem
3414 2375 3515 2427 im-

1938 2465 2109 2530 misit,
2136 2466 2230 2521 sed
2250 2466 2413 2536 paulo
2432 2476 2555 2536 post
2570 2466 2732 2521 etiam
2756 2465 2980 2536 fugavit.
2997 2464 3330 2521 Athedimo
3351 2466 3517 2520 Ama-

1940 2574 2044 2615 δραι
2065 2560 2319 2629 episcopo
2336 2561 2621 2614 ordinatur
2641 2559 2950 2629 cpiscopus,
2984 2559 3383 2614 cum‘Amaseae
3406 2574 3515 2612 non

1940 2654 2155 2709 adesset
2193 2672 2208 2708 :
2252 2663 2402 2708 tanta
2435 2664 2553 2709 erat
2592 2655 2852 2708 virtutum
2890 2654 3035 2708 illius
3067 2654 3273 2724 opinio.
3309 2651 3515 2708 Saxum

1940 2747 2131 2817 ingens
2179 2744 2286 2800 alio
2329 2746 2634 2811 transtulit;
2682 2761 2855 2816 eoque
2902 2746 3058 2816 signo
3091 2745 3358 2799 idolorum
3393 2744 3517 2799 aedi-

1940 2847 2092 2892 tuum
2143 2838 2209 2893 ad
2270 2837 2432 2893 ﬁdem
2481 2852 2805 2892 conversum
2860 2837 3169 2907 baptizavit.
3234 2835 3514 2901 Paludem,

1938 2945 2161 2985 causam
2183 2930 2428 2985 rixarum
2462 2930 2603 2984 inter
2630 2929 2769 2985 duos
2801 2930 3021 2997 fratres,
3048 2929 3363 2985 exsiccavit.
3388 2926 3515 2981 Flu-

1940 3022 2085 3075 vium
2114 3021 2292 3077 deﬁxo
2326 3023 2380 3076 in
2414 3031 2614 3076 terram
2640 3022 2856 3085 baculo,
2902 3022 2994 3091 qui
3047 3030 3101 3075 et
3152 3024 3206 3075 in
3259 3036 3514 3090 magnam

1939 3114 2181 3169 excrevit
2211 3114 2483 3177 arborem,
2525 3115 2787 3170 coercuit.
2826 3114 3072 3183 Cumque
3101 3114 3387 3167 innumera
3412 3114 3515 3166 alia
3580 3118 3583 3121 ’

1939 3213 2190 3274 portenta
2226 3204 2504 3269 edidisset,
2542 3205 2872 3275 migraturus
2910 3205 2976 3258 ad
3003 3203 3294 3258 Dominum
3326 3245 3340 3271 ,
3396 3220 3521 3272 gra-

257 3312 415 3358 στους
444 3296 756 3361 κατέλιπεν,
782 3299 941 3362 ὅσους
967 3292 1088 3368 εὗρε
1118 3282 1496 3370 Χριστιανούς.
1532 3298 1645 3353 Καὶ
1667 3297 1837 3362 οὕτως

1947 3297 2047 3350 tias
2088 3294 2163 3349 illi
2198 3296 2425 3367 agebat,
2477 3296 2619 3366 quod
2672 3304 2751 3351 tot
2784 3294 3113 3365 relinqueret
3154 3296 3206 3349 iu
3251 3310 3349 3350 sua
3385 3295 3518 3349 urbe

254 3388 561 3459 ἐτελειώθη.

1940 3386 2207 3452 inﬁdeles,
2250 3395 2385 3457 quot
2431 3386 2776 3442 Christianos
2822 3386 3119 3441 invenerat.
3169 3384 3344 3456 Atque
3375 3385 3519 3439 hunc

1936 3479 1991 3532 in
2024 3478 2245 3533 modum
2280 3477 2530 3533 decessit.

1524 3595 1641 3652 XII.
1688 3595 1972 3659 Suidas,in
2003 3593 2223 3651 Lexico.

326 3704 647 3775 Γρηγόριος,
671 3706 700 3757 ό
735 3705 828 3758 καὶ
855 3705 1127 3777 Θεόδωρος
1158 3708 1187 3759 ό
1218 3706 1671 3778 Θαυματουργὸς,
1702 3706 1839 3759 Νεο-

246 3799 575 3871 καισαρείας
601 3800 700 3870 τῆς
730 3801 788 3852 ἐν
818 3800 895 3873 τῷ
929 3801 1117 3873 Πόντῳ
1160 3802 1481 3866 ἐπίσκοπος,
1517 3802 1633 3866 νέος
1682 3820 1840 3873 κομι-

247 3890 341 3961 δῆ,
377 3890 465 3944 διὰ
499 3892 597 3963 τὴν
624 3892 903 3946 παίδευσιν
943 3894 1269 3965 Ἑλληνικῶν
1300 3913 1361 3949 τε
1385 3895 1477 3948 καὶ
1518 3893 1840 3965 Ῥωμαϊκῶν

244 3983 619 4057 γραμμάτωνν
643 3986 750 4038 ἀπὸ
776 3987 877 4057 τῆς
907 3988 1301 4051 Καππαδοκίας
1330 3991 1411 4051 εἰς
1446 3988 1709 4059 Βηρυτὸν,
1741 3986 1840 4040 κά-

246 4075 433 4128 κείθεν
475 4078 555 4139 είς
605 4077 945 4147 Καισάρειαν
980 4078 1076 4150 τὴν
1118 4080 1216 4151 τῆς
1261 4079 1625 4151 Παλαιστίνης
1662 4078 1835 4149 διέϐη,

244 4169 371 4238 ἅμα
409 4166 760 4241 Ἀθηνοδώρῳ
799 4171 1031 4242 ἀδελφῷ.
1086 4171 1193 4235 Οὓς
1229 4174 1322 4225 καὶ
1363 4171 1503 4225 κατὰ
1548 4173 1712 4243 μέρος
1758 4176 1837 4237 είς

241 4259 347 4330 τὴν
378 4259 473 4312 τοῦ
503 4260 739 4330 Χριστοῦ
774 4262 953 4315 πίστιν
986 4262 1221 4331 εἰσάγων
1260 4262 1557 4333 Ὠριγένης,
1588 4262 1835 4333 ζηλωτὰς

245 4354 417 4415 ίδίους
474 4354 827 4424 κατέστησεν.
887 4354 1007 4407 Ἐπὶ
1048 4355 1206 4406 πέντε
1258 4354 1436 4408 τοίνυν
1490 4356 1619 4427 παρ’
1666 4354 1832 4408 αὑτοῦ

244 4443 632 4508 παιδευθέντες
662 4445 938 4509 ἐνιαυτοὺς
961 4486 975 4509 ,
1025 4446 1163 4516 πρὸς
1194 4445 1291 4517 τὴν
1328 4446 1559 4517 πατρίδα
1587 4446 1834 4516 ἀποπέμ-

244 4554 470 4590 πονται.
511 4534 626 4605 Ἀφ’
642 4532 703 4591 οὗ
728 4540 756 4591 ὁ
782 4538 1079 4609 Γρηγόριος
1104 4538 1426 4608 ἀποδημῶν,
1458 4538 1831 4610 πανηγυρικὸν

240 4630 601 4701 εὐχαριστίας
633 4630 711 4700 τῷ
752 4631 1013 4701 Ὠριγένει
1046 4630 1253 4702 ἔγραψε
1281 4631 1435 4700 λόγον
1455 4671 1468 4693 ,
1502 4633 1595 4685 καὶ
1629 4649 1833 4701 συγκα-

238 4721 549 4791 λεσάμενος
589 4722 797 4785 πάντας
839 4724 963 4786 τοὺς
1009 4724 1335 4794 ἐπιχωρίους
1360 4762 1375 4787 ,
1428 4723 1594 4777 αὑτοῦ
1641 4743 1699 4777 τε
1740 4724 1835 4777 τοῦ

253 4815 572 4885 Ὠριγένους
620 4814 908 4885 παρόντος,
957 4816 1144 4869 τοῦτον
1176 4817 1385 4884 ἀνέγνω
1420 4818 1511 4870 τὸν
1545 4818 1731 4886 λόγον·
1779 4820 1837 4882 ὃς

236 4924 329 4969 τις
361 4905 455 4957 καὶ
491 4906 615 4977 ἄχρι
648 4906 741 4958 τοῦ
772 4906 1040 4976 παρόντος
1075 4907 1331 4980 ὑπάρχει.
1372 4910 1619 4981 Ἔγραψε
1645 4910 1702 4962 δὲ
1720 4913 1836 4963 Με-

236 4996 551 5065 τὰρρασιν
579 4998 667 5061 είς
696 4997 799 5049 τὸν
843 4997 1330 5065 Ἑκκλησιαστήν
1349 5016 1365 5031 ·
1400 5000 1682 5071 ἐλάχιστον
1710 5000 1831 5071 μὲν,

238 5085 391 5136 πάνυ
416 5084 473 5137 δὲ
510 5084 819 5155 θαυμαστὸν
844 5086 1018 5155 λόγον.
1063 5089 1172 5141 Καὶ
1208 5089 1373 5153 ἄλλας
1404 5107 1463 5142 τε
1491 5090 1707 5155 πολλάς,
1737 5091 1831 5144 καὶ

238 5176 502 5239 ποικίλας
532 5178 823 5242 ἐπιστολὰς
855 5181 1250 5251 συνεγράψατο.
1282 5184 1520 5254 Ποιήσας
1548 5200 1604 5234 τε
1631 5185 1830 5253 σημεῖα

236 5270 337 5321 καὶ
376 5270 631 5340 θαύματα
650 5273 788 5344 ὑπὲρ
810 5273 1117 5345 ἄνθρωπον,
1156 5276 1319 5346 ἡνίκα
1350 5276 1643 5340 ἐπίσκοπος
1677 5276 1833 5345 ἐτύγ-

233 5379 429 5432 χανεν,
465 5363 815 5432 ἐτελεύτησεν
846 5368 937 5420 ἐπὶ
971 5368 1257 5431 Ἰουλιανοῇ
1289 5368 1417 5440 (66).

2021 3704 2335 3777 Gregorius,
2380 3705 2473 3775 qui
2519 3714 2573 3759 et
2604 3703 2923 3759 Theodorus
2950 3704 3128 3759 dictus
3168 3715 3270 3770 est,
3311 3721 3518 3776 cognoo

1940 3809 2124 3854 mento
2154 3798 2598 3870 Θαυματουργὸς,
2634 3799 2738 3852 hoc
2764 3806 2866 3863 est,
2900 3814 3081 3852 rerum
3116 3799 3516 3855 admirabilium

1942 3892 2181 3955 eﬂector,
2233 3889 2597 3944 Neoczesareae
2622 3905 2743 3959 quae
2772 3888 2826 3942 in
2857 3887 3032 3944 Ponto
3066 3900 3168 3953 est,
3204 3893 3516 3961 episcopus,

1942 3982 2235 4038 admodum
2284 3982 2621 4047 adolescens,
2673 3981 2984 4037 Graecarum
3036 3980 3520 4053 Romanarumque

1942 4074 2248 4130 litterarum
2286 4074 2470 4130 studio
2502 4073 2788 4141 incensus,
2824 4090 2854 4129 e
2889 4074 3231 4144 Cappadocia
3261 4074 3515 4147 Berytnm

1941 4166 2221 4236 profectus
2264 4176 2367 4230 est,
2420 4176 2581 4234 atque
2629 4166 2754 4220 inde
2794 4166 3097 4221 Cresaream
3150 4182 3270 4235 quae
3318 4169 3372 4222 in
3413 4168 3517 4222 Pa-

1940 4258 2149 4313 laastina
2184 4267 2288 4325 est,
2324 4274 2448 4313 cum
2482 4257 2651 4313 fratre
2673 4259 3023 4313 Athenodoro
3046 4276 3103 4315 se
3128 4260 3373 4315 contulit.
3406 4260 3517 4316 llos

1934 4354 1992 4407 in
2010 4354 2213 4408 Christi
2237 4353 2494 4422 religione
2513 4354 2792 4424 sigillatim
2814 4353 3077 4425 Origenes
3095 4354 3407 4417 instituens,
3429 4354 3516 4408 sui

1936 4444 2215 4499 studiosos
2253 4454 2606 4513 amantesque
2638 4445 2888 4500 reddidit.
2934 4444 3378 4515 Quinquennium
3415 4446 3516 4515 igi-

1935 4546 2025 4590 tur
2064 4536 2117 4590 in
2160 4536 2279 4605 ejus
2310 4538 2596 4607 disciplina
2631 4539 2869 4601 versati,
2909 4538 2964 4591 in
3000 4538 3229 4607 patriam
3270 4538 3515 4592 redeunt.

1941 4628 2044 4685 Ubi
2100 4628 2392 4699 Gregorius
2438 4630 2735 4699 gratiarum
2798 4630 3067 4684 actionem
3116 4630 3183 4683 ad
3229 4626 3516 4697 Origenem

1941 4723 2181 4793 scripsit,
2211 4737 2439 4790 eamque
2466 4724 2667 4792 populo
2699 4732 3020 4787 convocato,
3058 4734 3113 4775 et
3139 4722 3257 4791 ipso
3286 4720 3520 4791 Origene

1941 4824 2203 4885 praesente
2231 4815 2357 4875 legit
2385 4832 2397 4866 :
2431 4830 2552 4883 qum
2590 4815 2810 4884 quidem
2845 4815 3022 4868 oratio
3048 4823 3227 4868 exstat
3254 4830 3427 4883 usque
3451 4814 3518 4867 ad

1942 4914 2262 4973 praesentem
2303 4906 2465 4959 diem.
2515 4905 2746 4974 Scripsit
2787 4915 2839 4959 et
2865 4903 3229 4974 Metaphrasin
3262 4906 3314 4958 in
3344 4904 3515 4959 Eccle-

1941 4996 2161 5063 siasten,
2191 4996 2569 5051 brevissimam
2598 4997 2747 5049 illam
2782 4997 3003 5066 quidem
3025 5038 3039 5062 ,
3070 4996 3166 5051 sed
3199 5012 3331 5051 sane
3352 5013 3517 5068 quam

1938 5089 2335 5144 admirabilem.
2390 5088 2587 5143 Multas
2633 5098 2893 5159 praeterea
2934 5099 2987 5143 et
3034 5090 3218 5143 varias
3259 5091 3517 5159 epistolas

1937 5184 2265 5252 composuit.
2299 5182 2545 5253 Denique
2574 5182 2752 5238 factus
2782 5183 3103 5253 episcopus,
3136 5185 3308 5255 signis
3337 5194 3389 5240 et
3418 5185 3515 5239 mi-

1940 5275 2145 5328 raculis
2174 5275 2446 5329 humanas
2479 5276 2625 5329 vires
2646 5276 3035 5345 superantibus
3062 5277 3266 5343 clarus,
3300 5275 3515 5333 Iuliano

1938 5367 2241 5438 imperante
2285 5366 2556 5422 discessit.

232 5498 385 5555 Xlll.
436 5497 736 5554 Theodorus
785 5502 1096 5569 Balsamon,
1118 5502 1297 5559 Schol.
1324 5503 1380 5558 in
1404 5520 1653 5629 canone?
1682 5504 1745 5558 21
1789 5519 1837 5627 εἰς

1640 5593 1744 5629 om.
1826 5617 1837 5629 .

1947 5502 2000 5555 lii
2049 5500 2549 5626 Igjcwni.—-Apud
2600 5501 2957 5574 Beveregium,
2986 5503 3241 5560 Pandect.
3293 5521 3514 5573 cauom,

1947 5591 2007 5629 ιιι.
2092 5594 2142 5625 ο.

1640 5593 1744 5630 om.
1791 5591 1839 5642 ι,
1886 5591 2007 5643 pag.
2055 5591 2142 5626 δο.

319 5687 523 5742 Τοῦτον
550 5689 796 5745 καθεῖλεν
823 5693 881 5745 ἐν
923 5692 1217 5767 ’Δντιοχείᾳ
1241 5695 1269 5748 ὁ
1300 5694 1449 5765 ἅγιος
1482 5697 1788 5769 Γρηγόριος¹
1808 5699 1834 5750 ὁ

232 5779 666 5855 Θαυματουργδς
698 5784 790 5838 καὶ
820 5785 966 5841 ἄλλοι
1004 5788 1164 5850 τινές.

2016 5692 2171 5747 llunc
2197 5692 2448 5764 (Paulum
2490 5690 2931 5763 Samosatenum)
2978 5691 3348 5761 deposuerunt
3390 5707 3512 5746 san-

1943 5799 2064 5847 ctas
2095 5789 2391 5863 Gregorius
2419 5788 2881 5862 Thaumaturgus,
2922 5796 2973 5845 et
3012 5787 3102 5844 alii
3131 5788 3377 5857 quidam.
