3862 6538
217 390 309 444 989

1214 384 1343 438 ΜΕἸ
1357 382 1699 438 APHRASIS
1732 383 1798 437 IN
1838 383 2369 440 ECCLESIASTEN.

3329 388 3435 443 990

215 506 409 567 πάντας
453 500 769 574 ἀνθρώπους
802 500 1052 573 βασιλεὺς
1097 501 1444 572 ἐντιμότατος
1468 544 1482 567 ,
1519 502 1611 553 καὶ
1637 518 1750 572 προ

1871 503 2031 572 pheta
2084 501 2556 572 sapientissimus,
2616 501 2920 555 universam
2979 491 3072 555 ι)οῇ
3132 499 3431 557 Ecclesiam

213 597 377 666 φήτης
422 593 751 662 σοφώτατος.
789 594 873 656 Ὠς
926 593 1056 646 κενά
1121 594 1215 645 καὶ
1265 595 1497 667 ἀνόνητα
1538 595 1607 648 τά
1659 594 1767 648 τῶν

212 687 501 756 ἀνθρώπων
532 683 833 756 πράγματά
869 701 927 736 τε
963 685 1055 736 καὶ
1098 684 1503 754 σπουδάσματα,
1545 685 1645 737 ὅσα
1672 684 1766 737 ἀν-

213 776 466 849 θρώπινα.
505 776 638 828 υῦδὲ
670 775 776 845 γὰρ
804 774 915 844 ἕχει
947 791 1031 837 τις
1060 775 1232 826 εἰπεῖν
1262 773 1451 843 ὄφελός
1479 792 1532 827 τι
1560 774 1767 838 τούτοις

211 867 648 940 προσηρτημένον
673 907 687 931 ,
729 868 873 936 ειπερ
917 865 1190 935 ἄνθρωποι
1242 867 1369 937 περὶ
1426 868 1527 937 γῆν
1573 866 1765 938 ἕρπον-

210 977 291 1022 τες
319 959 655 1029 (86-87),καὶ
685 957 896 1027 σώμασι
919 959 1009 1010 καὶ
1030 958 1227 1028 ψυχαῖς
1275 958 1551 1033 ἐκτελέσαι
1604 959 1769 1013 σπεύ-

208 1053 365 1117 δουσι,
402 1051 509 1105 τῶν
549 1052 646 1123 μὲν
692 1053 1038 1122 προσκαίρων
1080 1052 1394 1122 ἡττημένοι,
1429 1052 1685 1124 ἀνωτέρω
1708 1052 1765 1104 δὲ

208 1143 307 1195 τῶν
353 1144 567 1213 ἄστρων
622 1141 701 1208 τῷ
744 1142 975 1211 γενναίῳ
1005 1142 1104 1213 τῆς
1150 1141 1326 1212 ψυχῆς
1379 1141 1613 1214 ὄμματι,
1655 1140 1763 1193 οὐδ’

206 1235 371 1289 ὁτιοῦν
402 1235 639 1289 κατιδεῖν
677 1232 1006 1303 βουλόμενοι.
1034 1234 1144 1286 Καὶ¹
1184 1232 1573 1304 κατατρίὸεται
1597 1234 1625 1285 ὁ
1657 1232 1763 1284 τῶν

206 1324 497 1397 ἀνθρώπων
536 1324 649 1395 βίος
693 1323 904 1394 ἡμέραν
942 1322 999 1389 ἐξ
1051 1323 1300 1393 ἡμέρας,
1347 1323 1439 1375 καὶ
1468 1322 1627 1395 ὡρῶν
1669 1323 1763 1375 καὶ

205 1418 453 1472 ἐνιαυτῶν
486 1415 765 1489 περιόδους
789 1455 804 1480 ,
838 1413 986 1485 ἡλίου
1033 1431 1091 1467 τε
1122 1414 1353 1485 δρόμους
1394 1414 1764 1486 περιωρισμέ-

206 1528 337 1573 νους,
363 1510 471 1563 τῶν
499 1510 595 1580 μὲν
620 1506 1088 1577 παραγινομένων,
1111 1507 1217 1560 τῶν
1242 1507 1299 1560 δὲ
1324 1506 1758 1577 ύπαπαιρόντων.

206 1605 380 1657 Ἐοικε
410 1604 466 1656 δὲ
494 1604 557 1656 τὸ
584 1607 833 1676 πρᾶγμα,
864 1605 1175 1676 χειμάρρων
1209 1602 1445 1673 παρόδῳ,
1473 1601 1763 1671 ἀμετρὴτῳ

204 1698 466 1769 θαλάσσης
496 1700 873 1767 ἐμπιπτόντων
902 1696 1047 1768 βυθῷ
1070 1697 1165 1749 σὺν
1186 1694 1407 1767 ταράχῳ
1430 1693 1626 1763 πολλῷ.
1652 1694 1761 1747 Καὶ

200 1792 261 1843 τὰ
288 1791 383 1861 μὲν
415 1790 478 1843 δι’
504 1788 822 1861 ἀνθρώπους
872 1790 977 1843 ὑπὸ
1017 1789 1152 1843 Θεοῦ
1196 1790 1473 1857 γεγονότα,
1516 1788 1666 1858 μένει
1694 1786 1760 1839 τά

200 1882 346 1945 αὐτὰ,
373 1876 504 1937 οἷον.
522 1882 583 1934 τὸ
609 1884 715 1935 ἀπὸ
739 1883 844 1952 γῆς
874 1881 1183 1951 γεννᾶσθαι,
1206 1882 1266 1933 τὸ
1296 1883 1374 1944 είς
1393 1882 1494 1951 γῆν
1518 1881 1756 1945 ἀπιέναι,

199 1975 253 2029 τὸ
279 1975 445 2045 αὐτὴν
468 1975 687 2027 ἑστάναι
719 1973 817 2045 τὴν
860 1975 983 2044 γῆν,
1014 1974 1076 2027 τὸ
1119 1974 1211 2027 τὸν
1238 1974 1387 2045 ἥλιον
1418 1974 1633 2027 ἃπασαν
1666 1974 1762 2026 αύ-

198 2067 288 2137 τὴν
336 2065 716 2136 ὲκπεριῖόντα,
769 2065 929 2118 πάλιν
975 2068 1053 2129 είς
1082 2065 1172 2119 τὸν
1215 2066 1376 2120 αὑτὸν
1421 2065 1761 2137 περιτρέχειν

197 2159 330 2228 ὅρον,
372 2157 468 2211 καὶ⁵
500 2156 569 2209 τά
604 2156 887 2227 πνεύματα
932 2156 1192 2221 ὡσαύτως
1218 2156 1364 2227 (88),
1399 2156 1523 2221 τούς
1564 2174 1623 2209 τε
1665 2174 1760 2210 πο-

195 2249 392 2318 ταμοὺς
430 2246 714 2311 τοσούτους
745 2250 825 2311 είς
854 2247 1127 2302 θάλασσαν
1161 2248 1485 2313 ὲκδιδόντας,
1513 2248 1607 2303 καὶ
1636 2249 1760 2311 τοὺς

192 2341 418 2411 ἀνέμους
472 2341 870 2411 ἐμπίπτοντας,
910 2342 982 2413 μὴ
1026 2340 1356 2411 ἀναγκάζειν
1389 2342 1555 2412 αὐτὴν
1596 2343 1760 2412 ὑπερ-

194 2432 390 2484 ϐαίνειν
439 2431 505 2485 τά
537 2432 705 2503 αὐτῆς
742 2432 945 2504 μέτρα,
982 2432 1114 2505 μηδὲ
1161 2434 1360 2495 αὐτοὺς
1402 2437 1753 2504 παρανομεῖν.

196 2523 301 2576 Καὶ
331 2523 405 2575 τὰ
441 2524 537 2594 μὲν
574 2523 651 2586 ὡς
701 2525 779 2588 είς
825 2525 1035 2577 τουτονὶ
1076 2523 1431 2577 συντελοῦντα
1486 2526 1615 2595 ἡμῖν
1667 2526 1757 2579 τὸν

194 2614 318 2683 βίον,
348 2614 523 2679 οὕτως
560 2617 751 2687 ἄραρε.
799 2616 879 2670 Τά
909 2617 953 2669 δ’
992 2617 1082 2670 ὑπ’
1114 2615 1415 2688 ἀνθρώπιον
1458 2616 1755 2687 ἐπιτεχνώ-

197 2723 321 2774 μενα
356 2707 578 2776 ῥήματά
612 2725 671 2760 τε
715 2708 809 2760 καὶ
846 2708 1142 2779 πράγματα
1166 2748 1180 2771 ,
1240 2708 1436 2779 μέτρον
1483 2708 1582 2761 οὐκ
1622 2708 1753 2778 ἔχει.

194 2800 296 2851 Καὶ
326 2798 502 2866 λόγων
536 2799 700 2864 πολὺς
729 2802 828 2871 μὲν
855 2801 1061 2871 ὅμιλος,
1093 2802 1279 2871 ὄνησις
1311 2801 1369 2854 δὲ
1397 2800 1619 2871 οὐδεμία
1652 2800 1757 2855 ἀπὸ

189 2891 283 2961 τῆς
312 2892 739 2966 πεπλανημένης
776 2894 1042 2965 φλυαρίας
1061 2911 1076 2925 ·
1107 2895 1219 2948 ἀλλ’
1250 2894 1521 2964 ἀπληστόν
1547 2896 1663 2947 ἐστι
1695 2893 1756 2947 τὸ

189 2981 289 3034 τῶν
312 2982 614 3054 ἀνθρώπων
650 2983 980 3056 φῦλον,πρός
1011 3003 1070 3039 τε
1099 2985 1157 3039 τὸ
1193 2986 1401 3054 λέγειν,
1441 2985 1582 3057 πρός
1614 3003 1674 3038 τε
1697 2985 1755 3038 τὺ

191 3074 365 3145 ἑτέρου
386 3075 639 3144 λέγοντος
658 3076 890 3131 ἀκούειν’
910 3078 988 3132 ἔτι
1012 3079 1067 3132 δὲ
1083 3078 1250 3132 καὶτὸ
1269 3078 1508 3149 ὄμμασιν
1529 3077 1757 3142 είκαίοις

1870 594 2083 648 alfatur.
2146 594 2201 647 2.
2225 593 2399 660 Quam
2431 609 2570 648 vana
2619 602 2672 647 et
2725 595 2939 648 inutilia
2986 601 3115 649 sunt
3153 594 3333 648 omnia
3368 609 3433 647 ea

1868 686 2150 739 hominum
2187 686 2400 756 negotia
2435 696 2488 740 et
2520 685 2715 749 studia,
2749 701 2870 754 quae
2904 684 2958 738 in
2993 684 3248 738 humanis
3270 685 3434 738 rebus

1868 778 2260 848 suscipiuntur.
2311 780 2364 833 5.
2416 776 2587 832 Nemo
2632 778 2776 831 enim
2840 787 2957 841 est,
3006 777 3099 846 qui
3140 777 3431 835 utilitatem

1868 871 2032 925 ullam
2080 872 2145 926 iis
2189 886 2454 925 annexam
2511 871 2691 925 dicere
2724 870 2924 939 possit;
2978 885 3132 939 quaa,
3181 869 3432 923 homines

1866 961 2019 1016 humi
2057 972 2366 1030 reptantes,
2406 971 2459 1015 et
2490 962 2811 1031 corporibus
2853 970 2905 1015 et
2942 961 3139 1015 animis
3170 961 3431 1030 perlicere

1864 1056 2230 1119 contendunt,
2265 1056 2429 1110 rebus
2477 1055 2699 1110 caducis
2734 1064 2787 1109 et
2821 1057 3165 1125 temporariis
3207 1057 3428 1120 addicti,

1865 1162 2029 1216 supra
2062 1146 2240 1202 sidera
2287 1156 2502 1211 autem,
2553 1163 2821 1217 generoso
2868 1148 3063 1202 anima:
3120 1150 3297 1214 oculo,
3362 1165 3431 1203 ne

1864 1240 2136 1294 tantillum
2188 1240 2407 1309 quidem
2455 1241 2700 1310 aspicere
2731 1241 2991 1296 volentes.
3018 1242 3072 1297 ιι.
3107 1243 3185 1297 Ac
3222 1251 3427 1297 morta-

1863 1331 1996 1384 lium
2019 1331 2131 1385 vita
2164 1331 2465 1386 conteritur
2487 1372 2502 1399 ,
2531 1332 2617 1386 die
2665 1332 2773 1386 diei
2806 1333 3148 1399 succedente,
3191 1334 3431 1403 annique

1862 1424 2108 1493 partibus
2159 1435 2213 1477 et
2261 1424 2745 1491 conversionibus;
2794 1426 2847 1479 5.
2894 1426 3134 1495 solisque
3177 1428 3429 1481 cursibus

1862 1516 2025 1569 certis
2072 1530 2137 1570 ac
2190 1515 2465 1581 deﬁnitis;
2530 1516 2582 1569 6.
2621 1531 2766 1571 nunc
2818 1518 3233 1581 accedentibus,
3283 1535 3428 1573 nunc

1862 1609 2063 1663 sensim
2094 1608 2489 1664 recedentibus.
2533 1607 2584 1661 7.
2608 1606 2717 1663 Nec
2754 1609 3036 1665 dissimilis
3072 1622 3155 1664 est
3189 1612 3304 1665 haec
3338 1627 3428 1665 res

1863 1708 2159 1753 torrentum
2214 1698 2509 1765 transilui,
2546 1715 2671 1755 cum
2730 1716 2927 1770 magno
2985 1702 3211 1770 strepitu
3265 1711 3428 1771 atque

1861 1792 2097 1846 tumultu
2139 1790 2194 1844 in
2239 1790 2566 1846 immensum
2613 1792 2783 1847 maris
2834 1791 3160 1861 profundum
3199 1793 3415 1847 illaben-

1859 1885 2015 1938 tium.
2061 1882 2128 1938 Et
2175 1884 2393 1952 quidem
2441 1898 2503 1937 ea
2547 1899 2669 1953 qua:
2701 1884 2984 1937 hominum
3032 1900 3197 1939 causa
3240 1900 3271 1939 a
3315 1884 3426 1939 Deo

1859 1984 2036 2029 creata
2087 1983 2248 2039 sunt,
2284 1974 2471 2027 eadem
2523 1984 2777 2038 manent;
2825 1976 2972 2030 velut
3008 1976 3151 2045 quod
3199 1991 3229 2030 a
3280 1984 3423 2031 terra

1859 2064 2168 2135 gignantur,
2200 2063 2425 2133 quodin
2454 2073 2657 2119 terram
2693 2064 2924 2128 abeant,
2960 2065 3104 2135 quod
3137 2075 3278 2121 terra
3309 2066 3424 2136 ipsa

1857 2156 2015 2210 ﬁrma
2058 2166 2111 2211 et
2142 2155 2354 2211 stabilis
2388 2156 2478 2220 sit,
2516 2156 2662 2226 quod
2707 2156 2790 2211 sol
2839 2172 2901 2211 ea
2940 2166 3052 2211 tota
3097 2158 3323 2221 decursa
3357 2159 3423 2211 ad

1858 2248 2108 2303 eumdem
2154 2263 2348 2302 rursus
2398 2248 2690 2302 terminum
2748 2256 3121 2317 punctumque
3181 2249 3412 2304 cireum-

1857 2340 2134 2405 volvatur;
2177 2338 2433 2408 ﬂuviique
2467 2338 2685 2403 itidem,
2736 2348 2885 2393 tanto
2924 2354 3154 2393 numero
3186 2340 3238 2391 in
3275 2354 3423 2393 mare

1858 2428 2165 2495 inﬂuentes,
2214 2437 2270 2484 et
2325 2429 2472 2484 venti
2512 2429 2884 2507 incurrentes,
2932 2444 3029 2484 nec
3075 2430 3251 2499 ipsum
3289 2429 3423 2485 ﬁnes

1856 2537 1989 2577 suos
2026 2522 2285 2576 excedere
2327 2529 2556 2592 cogant,
2593 2536 2692 2576 nec
2734 2521 2835 2591 ipsi
2881 2536 3074 2576 rursus
3108 2521 3276 2591 legem
3318 2522 3421 2576 sibi

1858 2611 2204 2667 constitutam
2230 2609 2549 2680 inl‘ringant.
2576 2612 2751 2680 Atque
2782 2611 2896 2664 haec
2923 2626 3074 2674 sane,
3107 2626 3228 2679 qua:
3264 2611 3423 2665 nobis

1856 2701 1925 2755 ad
1966 2701 2107 2756 hanc
2136 2700 2328 2765 vitam,
2356 2715 2515 2755 usum
2546 2710 2599 2755 et
2640 2700 3010 2769 adjumentum
3059 2700 3317 2765 all‘erunt,
3348 2701 3421 2755 ita

1856 2793 2070 2847 decreta
2104 2801 2231 2847 sunt
2259 2804 2313 2847 et
2337 2792 2652 2847 constituta.
2690 2792 2744 2846 8.
2778 2792 2845 2845 At
2871 2808 2991 2862 qua:
3019 2791 3086 2845 ab
3108 2792 3423 2846 hominibus

1855 2882 2253 2952 excogitantur,
2280 2890 2389 2936 tam
2424 2898 2512 2938 res
2544 2899 2707 2953 quam
2741 2884 2926 2948 verba,
2963 2884 3181 2936 modum
3211 2883 3417 2937 nullum

1855 2976 2073 3031 habent.
2112 2977 2190 3031 Ac
2222 2977 2511 3032 verborum
2547 2993 2742 3045 magna
2772 2977 2991 3047 quidem
3030 2986 3113 3031 est
3137 2978 3329 3045 copia;
3368 2986 3422 3031 at

1856 3067 2066 3124 fruetus
2100 3081 2280 3124 nuitus
2304 3069 2372 3129 ab
2403 3078 2621 3123 errante
2654 3070 2981 3139 loquacitate
3004 3078 3057 3122 et
3087 3071 3416 3138 nugaeitate.

192 3167 382 3222 ἕκαστα
426 3169 535 3223 τῶν
591 3172 1045 3241 παραπιπτόντων
1076 3174 1207 3243 όρᾷν
1249 3172 1547 3243 γλίχεσθαι.
1585 3172 1651 3225 Τί
1687 3172 1750 3225 ἂν

1862 3160 2057 3217 Verum
2099 3163 2175 3216 ita
2219 3171 2412 3217 natura
2453 3172 2767 3231 comparata
2806 3171 2889 3216 est
2926 3160 3206 3214 hominum
3255 3161 3415 3222 ratio,

191 3259 384 3326 γένοιτο
401 3260 511 3331 (89)
532 3259 778 3334 ὕστερον,
794 3263 931 3335 ὅπερ
954 3264 1051 3317 ούκ
1078 3265 1181 3335 ἤδη
1202 3264 1531 3327 τετέλεσται,
1556 3264 1590 3335 ἦ
1612 3280 1753 3337 πρα-

190 3352 331 3423 χθείη
350 3354 489 3425 πρὸς
510 3354 809 3425 ἀνθρώπων
826 3372 839 3419 ;
857 3355 920 3407 Τί
936 3356 1117 3409 καινὸν
1136 3354 1195 3408 τὸ
1221 3355 1442 3425 μηδέπω
1464 3357 1543 3418 είς
1561 3356 1752 3425 πεῖραν

189 3442 355 3508 ἐλθὸν,
373 3444 499 3496 ὅτου
527 3444 620 3497 καὶ
648 3443 948 3515 μνησθῆναι
970 3444 1150 3509 ἀξιονς
1180 3442 1319 3511 Ἐγὼ
1346 3443 1443 3513 μὲν
1471 3442 1578 3513 γὰρ
1600 3437 1752 3514 οἶμαι

186 3532 345 3598 οὐδὲν,
380 3535 410 3587 ὃ
435 3551 485 3586 τι
515 3534 558 3586 δ’
596 3534 664 3587 ἂν
694 3536 821 3605 εἴπῃ
846 3534 955 3603 (90)
976 3535 1314 3605 πρόσφατον,
1343 3534 1376 3605 ἦ
1412 3533 1593 3588 καινὸν
1624 3535 1753 3586 ἀνα-

186 3622 522 3695 λογιζόμενος
572 3625 832 3695 εὐρήσει,
891 3624 1023 3694 μηδὲ
1080 3627 1193 3687 τοῖς
1242 3624 1408 3678 πάλαι
1454 3624 1747 3693 ἄγνωστον.

188 3715 385 3787 Ὥσπερ
408 3715 466 3768 δὲ
499 3715 568 3769 τά
594 3715 836 3787 πρότερα
866 3714 1006 3788 λήθῃ
1040 3716 1362 3787 κέκρυπται,
1394 3714 1535 3769 οὕτω
1562 3717 1652 3768 καὶ
1683 3715 1751 3769 τὰ

186 3807 468 3870 ἐνεστῶτα,
489 3811 568 3871 είς
590 3809 715 3872 τοὺς
748 3808 1039 3878 μετέπειτα
1069 3808 1246 3879 χρόνῳ
1270 3810 1417 3878 ἀμαυ
1427 3809 1744 3879 ρωθήσεται.

185 3900 287 3954 Καὶ
338 3901 443 3954 οὐκ
495 3900 896 3971 αὐτοσχεδιάζω
942 3900 1116 3954 ταῦτα
1181 3900 1274 3953 νῦν
1333 3899 1743 3969 ἐκκλησιάζωνι

182 3991 308 4046 ἀλλά
357 4009 452 4063 μοι
499 3992 771 4062 βασιλείαν
814 3993 1080 4064 Ἐϐραίων
1124 3994 1183 4045 ὲν
1224 3992 1613 4063 Ἰεροσολύμοις
1653 4009 1749 4044 πε-

184 4082 543 4153 πιστευμένῳ,
578 4082 775 4148 ἱκανῶς
810 4075 1023 4137 ἅπαντα
1059 4084 1464 4156 πεφρόντισται.
1500 4086 1747 4155 Ζητήσας

181 4173 233 4226 δὲ
276 4174 650 4245 μεμελημένος
670 4214 685 4237 ,
733 4175 824 4228 καὶ
859 4174 1035 4243 σοφῶς
1086 4177 1424 4246 κατανοήσας
1468 4176 1567 4246 τὴν
1621 4176 1747 4245 περὶ

181 4266 277 4334 γῆν
298 4268 461 4336 φύσιν
489 4268 726 4332 ἃπασαν,
748 4268 1147 4339 ποικιλωτάτην
1171 4268 1361 4337 ἔγνων,
1378 4268 1453 4332 ὡς
1475 4267 1746 4338 ἀνθρώπῳ

179 4358 371 4413 δέδοται
399 4362 582 4412 πονεῖν
615 4359 708 4412 ἐπὶ
730 4361 851 4431 γῆς,
881 4360 1069 4414 ἄλλοτε
1110 4360 1299 4431 ἀλλοία
1321 4360 1570 4431 καμάτου
1613 4378 1746 4432 προ-

179 4450 332 4517 φάσει
365 4450 834 4521 ὲγκαλινδουμένῳ
880 4453 961 4515 εἰς
1004 4452 1065 4505 τὺ
1101 4452 1285 4523 μηδέν.
1336 4451 1651 4523 Πνεύματος
1690 4453 1745 4505 δὲ

1856 3263 1916 3308 ut
1960 3255 2301 3324 inexplebilis
2330 3254 2401 3309 sit
2446 3268 2635 3307 eorum
2675 3262 2728 3307 et
2776 3252 3030 3322 loquendi
3061 3260 3114 3307 et
3162 3251 3417 3306 audiendi

1854 3346 1991 3407 sitis,
2025 3360 2089 3399 ac
2120 3354 2379 3413 praeterea
2420 3344 2575 3397 vanis
2618 3343 2789 3397 oculis
2828 3357 2889 3398 ea
2914 3343 3095 3396 omnia
3129 3357 3250 3411 quae
3275 3342 3419 3396 acci-

1851 3436 2005 3499 dunt,
2033 3436 2275 3490 intuendi
2296 3434 2585 3503 cupiditas.
2614 3434 2665 3489 9.
2687 3432 2825 3499 Quid
2855 3442 3033 3487 autem
3060 3434 3111 3486 in
3143 3441 3417 3502 posterum

1852 3530 1966 3583 ﬁeri
2002 3538 2198 3599 queat,
2252 3528 2393 3597 quod
2434 3542 2539 3581 non
2576 3526 2689 3593 jam
2736 3526 3043 3581 confectum
3091 3524 3286 3588 fuerit,
3324 3537 3418 3583 aut;

1851 3629 2067 3690 geratur
2098 3620 2167 3673 ab
2200 3618 2551 3673 hominibus?
2604 3616 2743 3683 Quid
2803 3632 3025 3683 novum,
3083 3615 3228 3685 quod
3274 3630 3416 3669 non~

1849 3713 1979 3767 dum
2044 3711 2412 3781 experimento
2465 3719 2801 3779 compertum
2857 3707 3054 3773 fuerit,
3119 3707 3416 3761 dummodo

1849 3805 2063 3872 insigne
2120 3804 2193 3858 sit
2245 3812 2301 3857 et
2334 3802 2724 3893 memorabile?
2778 3800 2864 3855 10.
2895 3799 2967 3855 Ut
3021 3800 3239 3869 quidem
3294 3814 3414 3852 mea

1848 3894 2031 3963 opinio
2063 3891 2186 3956 fert,
2214 3892 2463 3962 quisquis
2499 3889 2685 3946 secum
2722 3891 2997 3961 reputabit
3034 3900 3198 3959 atque
3230 3889 3413 3943 consi-

1846 3986 2089 4052 derabit,
2129 3984 2264 4038 nihil
2298 4000 2501 4038 novum
2543 3993 2638 4037 aut
2678 3998 2869 4039 recens
2904 3982 3158 4047 inveniet,
3193 3982 3415 4051 priscis-

1846 4093 1952 4146 qne
1993 4076 2351 4145 incognitum.
2404 4076 2489 4129 Η.
2531 4074 3000 4141 Quemadmodum
3050 4082 3228 4128 autem
3278 4089 3413 4142 pra:-

1846 4172 2023 4237 terita,
2069 4169 2339 4224 oblivione
2371 4178 2509 4223 tecta
2549 4177 2713 4233 sunt;
2758 4167 2839 4223 sic
2871 4168 3155 4237 praesentia
3197 4182 3413 4235 quoque

1845 4277 2133 4333 progressu
2184 4262 2448 4331 temporis
2501 4261 2566 4315 ad
2616 4270 2864 4329 posteros
2918 4259 2972 4313 in
3022 4259 3408 4314 obscuritatem

1845 4354 2020 4409 ibunt.
2066 4353 2153 4408 12.
2180 4351 2289 4409 Nec
2323 4369 2454 4408 vero
2490 4361 2692 4406 temere
2731 4352 2845 4406 haec
2869 4366 3015 4405 nunc
3042 4351 3192 4417 dico,
3228 4349 3411 4405 Eccle-

1844 4447 2047 4500 siasten
2094 4460 2261 4515 agens
2307 4463 2319 4498 :
2366 4460 2550 4499 verum
2600 4444 2735 4497 mihi
2785 4442 3132 4497 Hebraeorum
3184 4458 3405 4512 regnum

179 4540 463 4594 ἀλλοκότου
512 4541 607 4594 καὶ⁸
665 4543 905 4614 μυσαροῦ
952 4543 1021 4596 τὰ
1054 4544 1205 4596 κάτω
1249 4543 1464 4597 ἅπαντα
1513 4544 1741 4615 πλήθει,

1853 4536 2235 4608 Hierosolymis
2281 4535 2404 4591 ﬁdei
2438 4551 2572 4590 mete
2606 4536 2962 4590 commissum
3002 4535 3240 4597 habenti,
3285 4534 3402 4588 dili—

178 4627 309 4683 ὧστε
347 4631 424 4702 μὴ
458 4626 759 4685 εἶναισύτά
803 4633 1230 4703 ἀνακτήσασθαι,
1269 4633 1402 4687 ἀλλὰ
1444 4635 1576 4704 μηδὲ
1616 4636 1743 4687 ἀνα-

178 4716 479 4791 θυμηθῆναι
504 4720 564 4773 τὸ
589 4721 849 4792 παράπαν
879 4721 977 4792 ὅση
1003 4721 1070 4773 τά
1096 4721 1238 4775 κατά
1263 4721 1579 4793 ἀνθρώπους
1604 4723 1743 4793 πρά-

177 4824 353 4877 γματα
395 4812 723 4882 κατείληφεν
769 4812 982 4865 ἀτοπία.
1035 4813 1401 4883 Λογισάμενος
1450 4814 1555 4883 γάρ
1610 4831 1739 4866 ποτε

176 4900 278 4968 ἐγὼ
304 4904 425 4955 κατ’
459 4903 718 4972 ἐμαυτὸν,
749 4905 844 4957 καὶ
871 4905 1072 4974 οἰηθεὶς
1095 4904 1169 4968 ὡς
1193 4905 1444 4959 ἁπάντων
1477 4905 1594 4974 εἴην
1620 4906 1738 4958 τότε

174 4992 275 5046 τῶν
318 4994 428 5066 πρὸ
473 4992 713 5064 ἐμαυτοῦ
759 4996 1057 5063 γεγονότων
1108 4995 1352 5049 ἐνταυθοῖ
1397 4994 1732 5067 σοφώτερος·

244 5171 454 5242 (86-87)
473 5171 611 5247 ιῙεςρὶ
637 5173 752 5242 γῆν
768 5174 1074 5242 ἕρποντες.
1098 5176 1229 5231 Cod.
1248 5174 1462 5231 Thuan.
1481 5176 1619 5230 κατὰ
1633 5177 1733 5247 γῆν

173 5240 447 5313 ἕρποντες.
482 5240 730 5298 Βυϐλίης.

239 5312 347 5379 (88)
403 5313 514 5365 Kal
560 5313 631 5364 τὰ
673 5316 980 5381 πνεύματα
1019 5313 1318 5381 ὠσαυτως.
1376 5314 1497 5368 Haec
1551 5315 1735 5369 omisit

171 5390 429 5450 tanquam
458 5383 984 5454 stiperﬁuaiBillius,
1018 5385 1161 5453 quod
1196 5387 1357 5454 paulo
1388 5393 1509 5454 post
1541 5396 1733 5439 vento-

173 5465 287 5520 rum
320 5451 526 5520 mentio
556 5452 667 5519 ﬁat.
701 5453 979 5508 Musculus
1011 5451 1274 5520 vicrtit,'et
1311 5451 1448 5508 veriti
1489 5456 1734 5507 consimi-

171 5518 323 5591 liter;
366 5518 853 5589 (Eeolampadius,
886 5525 1009 5576 item
1058 5518 1189 5591 ﬂare
1237 5538 1432 5579 ventos.
1484 5526 1643 5589 Quod
1684 5526 1729 5578 si

172 5590 496 5661 conjecturae
528 5592 677 5661 locus
698 5602 860 5655 esset,
888 5590 1197 5661 suspicarer
1223 5596 1602 5657 corrigendum
1636 5596 1729 5648 ml.

170 5656 498 5732 τάρεύματα
515 5659 792 5725 ὡσαύτως,
810 5672 858 5716 et
886 5656 1242 5716 rivisimiliter
1256 5666 1503 5732 ﬂuviique
1517 5685 1535 5729 ;
1554 5666 1731 5719 solent

174 5682 234 5710 τα
251 5682 498 5729 ρευματα
515 5682 792 5725 ωσαυτως,
810 5682 858 5716 ει
886 5682 979 5715 rm
998 5682 1242 5716 summer
1256 5682 1403 5732 μιιυιι
1446 5685 1503 5719 ΝΡ
1517 5685 1535 5729 ,⁹
1554 5682 1725 5719 8010111

174 5730 311 5806 enim
341 5729 571 5806 haedum
592 5748 764 5806 voces
784 5748 1020 5806 persgpe
1060 5734 1337 5806 conjungi.
1370 5682 1725 5799 Olfossarium,

175 5798 369 5873 ῥεῦμα,
406 5798 691 5874 ﬂuentum;
724 5798 800 5858 sic
835 5798 978 5861 enim
1010 5798 1240 5860 emendo
1267 5798 1371 5873 pro
1397 5798 1722 5876 ﬂumentum.

1843 4640 2027 4699 genter
2052 4639 2105 4683 et
2137 4639 2389 4685 accurate
2414 4629 2597 4684 omnia
2620 4630 2854 4698 cegitata
2885 4636 2937 4682 et
2963 4642 3228 4697 perpensa
3259 4637 3406 4681 sunt.

1843 4723 1928 4775 15.
1955 4721 2125 4777 Porro
2172 4730 2340 4777 totam
2378 4738 2564 4776 rerum
2607 4730 2943 4776 terrenarum
2986 4730 3234 4773 naturam
3280 4734 3406 4788 pcr-

1841 4822 2137 4877 scrutatus,
2168 4822 2334 4882 atque
2361 4812 2647 4882 ingeniose
2683 4821 2737 4865 ct
2770 4811 3041 4879 sapienter
3068 4809 3122 4863 in
3162 4826 3224 4863 ea
3258 4810 3407 4879 cogi-

1840 4905 2041 4960 tatione
2087 4915 2359 4971 versatus,
2408 4920 2528 4958 eam
2585 4904 2820 4958 maxime
2882 4902 3085 4956 variam
3143 4902 3402 4971 comperi.

1838 4995 2055 5051 Homini
2077 4998 2274 5051 etenim
2305 4996 2357 5049 in
2383 5004 2524 5049 terra
2551 4994 2827 5050 laboribus
2862 4994 3044 5048 vexari
3073 4994 3259 5047 datum
3284 5002 3401 5060 est,

1836 5171 2001 5243 Eccli.
2042 5189 2231 5235 xxxrx,
2261 5173 2348 5237 l5,
2382 5171 2463 5243 ὡς
2478 5172 2652 5243 ,ῥόδον
2689 5172 2954 5241 φυόμενον
2995 5173 3085 5226 ἐπὶ
3132 5172 3401 5242 ῥεύματος

1835 5242 2001 5314 ὑγροῦ
2036 5243 2388 5314 βλαστήσατε.
2427 5240 2574 5295 Sicut
2612 5242 3003 5314 rosaplanlata
3027 5240 3401 5314 superﬂuen-

1836 5311 1947 5367 tum
2004 5311 2277 5365 humidum
2336 5314 2641 5381 germinare.
2711 5312 2962 5366 Cleuiens
3010 5311 3163 5366 Alex.
3212 5313 3304 5365 lih.
3359 5328 3397 5367 tl

1833 5383 2052 5451 Pwdag.
2072 5398 2191 5449 cap.
2217 5384 2274 5452 8,
2306 5382 2433 5449 legit
2458 5382 2549 5434 ἐπὶ
2574 5382 2860 5452 ῥευμάτων
2884 5382 3109 5447 ὑδάτων,
3139 5383 3193 5452 in
3230 5383 3399 5451 ﬂuen-

1833 5455 1900 5505 n's
1930 5450 2208 5521 aquarum.
2236 5450 2486 5520 Vulgata,
2512 5450 2826 5520 super'rivos
2853 5468 3131 5521 aquarum.
3165 5450 3394 5507 Basilius

1834 5522 2022 5594 h_omil.
2066 5522 2140 5594 ἐν
2171 5521 2471 5590 λιμῷ.οὑκ
2509 5522 2620 5575 ἔστι
2661 5522 2837 5594 ῥεῦμα
2880 5522 3129 5594 ποταμοῦ
3166 5522 3392 5593 utﬁunt“

1834 5592 2101 5645 Fluminis
2130 5608 2340 5645 cursum
2366 5598 2546 5644 sistere
2578 5591 2677 5645 non
2708 5591 2845 5647 licet.
2880 5591 2956 5646 In.

1903 5662 2014 5733 ι89)
2059 5662 2119 5714 Τί
2144 5662 2220 5733 ἂν
2251 5662 2499 5733 γένοιτο.
2534 5663 2702 5717 Codd.
2738 5680 2849 5733 reg.
2875 5673 2929 5717 et
2954 5661 3194 5729 Thuan.,
3218 5664 3310 5717 καὶ
3340 5661 3394 5718 τί

1830 5733 1893 5786 ἂν
1923 5732 2149 5798 γένοιτο.
2185 5730 2257 5785 Ir).

1903 5804 2011 5874 (90)
2050 5804 2175 5859 Ὅτι
2207 5801 2257 5856 δ’
2290 5801 2364 5858 ἂν
2390 5803 2547 5875 εἴπῃ.
2581 5805 2709 5863 ϐοὰ,
2742 5806 2902 5870 Μωιη
2940 5806 3045 5880 ἕπῃ
3075 5824 3174 5871 τις.
3213 5806 3284 5861 in.
