3862 6492
943 289 976 298 ..-

481 341 579 397 991
1611 359 1668 414 S.
1709 360 2036 416 GREGORII
2074 360 2578 416 THAUMATU-llGl
3620 375 3712 430 992

483 460 648 524 alias,
696 462 800 515 alia
841 441 1124 522 aerumna:
1179 473 1499 541 occasione,
1535 473 1740 530 frustra
1783 478 1993 532 involuti

2100 487 2122 538 ι
2149 479 2318 547 ἔγνων
2343 478 2656 550 παραϐολάς
2682 497 2740 531 τε
2769 483 3002 534 συνεῖναι
3025 484 3119 536 καὶ
3153 488 3500 556 πραγμάτων
3524 489 3706 558 φύσεις.

463 551 570 608 14.
606 554 810 622 Spiritu
845 567 1025 611 autem
1060 563 1372 633 prodigioso
1417 575 1471 620 et
1497 568 1835 624 exsecrando
1863 585 1990 624 omn

2164 568 2361 640 ’ῼήθην
2393 569 2450 622 δὲ
2479 569 2756 638 τηνόιλλως
2791 571 2883 623 ἐπὶ
2913 572 3086 643 τούτῳ
3121 551 3404 644 φέρεσθαι,
3569 551 3709 653 σοφία

478 643 594 699 haec
629 646 886 703 inferiora
917 651 1074 718 plena
1118 666 1274 720 sunt;
1305 657 1392 711 15.
1417 659 1553 714 adeo
1597 669 1656 713 ut
1687 677 1752 714 ea
1795 661 1993 731 collige

2155 661 2253 730 μὲν
2287 661 2487 728 γνῶσιν
2528 661 2791 724 ἕπεσθαι,
2843 661 3040 730 γνώσει
3092 665 3150 718 δὲ
3197 666 3392 730 πόνους
3431 670 3708 726 ἐπακολουο

477 748 638 788 nemo
692 747 888 806 queat;
924 742 1034 795 imo
1096 757 1164 798 ue
1223 750 1447 803 omnino
1491 752 1708 820 quidem
1771 753 2046 822 cogitare,
2154 752 2286 805 θεῖν.

474 838 678 898 quanta
712 849 798 887 res
850 835 1118 894 humanas
1150 841 1457 900 absurditas
1512 847 1789 902 invaserit.
1835 848 1922 902 16.
1976 846 2110 902 Nam
2167 863 2290 903 cum
2349 863 2561 902 mecum
2612 849 2728 919 ipse
2791 851 3083 921 aliquando
3129 865 3508 923 reputassem,
3565 868 3705 928 atque

473 924 902 996 existimassem,
933 946 1020 986 me
1065 934 1318 991 omnibus
1347 939 1440 1008 qui
1487 949 1613 996 ante
1651 955 1739 996 me
1770 940 2020 1008 fuissent,
2083 941 2187 994 hac
2244 941 2298 994 in
2349 956 2408 995 re
2469 943 2852 1010 sapientiorem
2891 961 3054 1013 esse;
3108 947 3194 999 17.
3263 949 3318 1002 in
3345 951 3590 1004 animum
3629 955 3701 1006 in-

471 1016 624 1084 duxi,
653 1027 764 1074 tum
796 1023 1082 1090 parabolas
1104 1027 1425 1100 intelligere,
1443 1042 1556 1087 tum
1582 1051 1762 1090 rerum
1790 1045 2036 1090 naturas.
2091 1033 2179 1088 18.
2207 1033 2472 1089 δείδιθι-ωτι
2511 1036 2784 1092 incassum
2833 1040 2966 1093 mihi
3010 1041 3076 1094 ad
3125 1057 3242 1094 eam
3299 1058 3417 1097 rem
3479 1047 3701 1102 animum

470 1113 720 1171 conferre
751 1117 902 1174 visus
938 1135 1058 1175 sum
1081 1139 1103 1188 ;
1137 1127 1305 1193 quod,
1346 1140 1404 1182 ut
1444 1131 1769 1200 sapientiam
1814 1132 2042 1187 scientia
2082 1130 2354 1201 sequitur,
2387 1129 2460 1185 ita
2495 1130 2736 1187 scientia:
2758 1134 2987 1188 comites
3011 1134 3121 1189 sint
3145 1136 3372 1192 labores.

1087 1217 1318 1274 CAPUT
1358 1221 1423 1278 ll.

539 1299 589 1350 1.
624 1298 747 1356 llaec
795 1304 960 1372 igitur
989 1308 1054 1362 ad
1098 1311 1245 1366 hunc
1287 1314 1510 1368 modum
1561 1330 1620 1370 se
1657 1317 1857 1374 habere
1893 1321 2038 1374 arbi-

466 1396 671 1456 tratus,
706 1393 938 1449 alterum
989 1399 1114 1454 vita:
1165 1418 1336 1471 genus
1399 1421 1683 1474 capessere
1737 1413 2032 1480 proposui,

463 1480 780 1552 deliciisque
826 1499 1026 1544 memet
1082 1494 1332 1559 tradere,
1388 1499 1676 1568 variasque
1728 1504 2032 1574 voluptates

460 1575 714 1640 experiri.
752 1574 948 1632 Verum
981 1597 1127 1636 nunc
1171 1585 1354 1640 omnia
1389 1587 1503 1643 lucc
1537 1605 1674 1645 vana
1719 1608 1841 1647 esse
1872 1595 2031 1649 intel-

459 1661 565 1716 lexi
610 1683 622 1717 :
678 1666 732 1720 2.
780 1667 956 1737 Atque
991 1673 1118 1726 binc
1173 1676 1343 1730 risum
1390 1679 1664 1747 solutum,
1719 1692 2027 1755 temereque

458 1767 740 1821 vagantem
788 1765 1134 1830 compescui;
1180 1765 1306 1820 hinc
1341 1768 1669 1839 voluptatem
1704 1774 1771 1827 ad
1820 1785 2025 1846 tempe-

457 1845 689 1900 rantiam
737 1852 986 1916 coercui,
1043 1855 1343 1924 acerbeque
1391 1859 1441 1912 ei
1492 1865 1798 1918 succcnsui.
1851 1867 1903 1921 5.
1942 1870 2022 1923 Ad

455 1935 590 2000 haec,
649 1954 772 1992 cum
821 1955 939 1995 eam
995 1945 1101 1997 vim
1156 1963 1277 2001 esse
1323 1949 1518 2005 animae
1574 1955 1932 2026 cogitassem,
1965 1973 2024 2015 ut

453 2028 804 2086 temulentam
848 2037 1096 2104 corporis
1148 2046 1400 2094 naturam
1464 2053 1628 2113 atque
1683 2047 1874 2103 instar
1909 2053 2021 2106 vini

449 2118 813 2187 tliﬂluentem,
862 2127 1055 2182 sistere
1107 2131 1278 2198 possit
1332 2150 1632 2206 rursusque
1689 2141 2018 2199 continentia

449 2213 798 2281 cupiditatem
825 2218 1022 2288 subjici
1065 2236 1128 2276 ac
1162 2225 1423 2280 servitute
1453 2230 1656 2296 premi;
1683 2234 2017 2304 perspicien-v

446 2305 574 2357 dum
608 2307 739 2360 mihi
777 2324 899 2364 esse
943 2316 1238 2380 constitui,
1277 2319 1536 2388 quidnam
1580 2325 1796 2380 tandem
1841 2329 2016 2384 homi-

445 2396 607 2452 nibus
642 2403 977 2470 propositum
1029 2407 1100 2462 sit
1148 2411 1385 2479 serium,
1433 2429 1667 2485 vereque
1719 2419 1918 2476 bonum
1963 2435 2016 2479 et

445 2487 756 2558 honestum,
785 2498 929 2563 quod
954 2498 1006 2551 in
1032 2500 1134 2556 hac
1166 2503 1272 2557 vita
1297 2506 1608 2562 conﬁciant.
1637 2509 1772 2566 Nam
1803 2516 2010 2585 reliqua

441 2581 659 2648 omnia,
708 2599 827 2654 qua:
874 2591 1130 2656 prteclara
1175 2606 1227 2647 et
1271 2596 1632 2656 admiratione
1670 2604 1830 2675 digna
1877 2624 2011 2662 cen-

440 2683 650 2739 sentur,
687 2680 960 2745 percurri;
988 2680 1042 2734 4.
1074 2680 1234 2738 Velut
1269 2689 1769 2749 execlsissimarum
1807 2699 2002 2754 mdium

437 2765 760 2834 erectiones,
793 2781 844 2824 ct
867 2773 1054 2827 vitium
1084 2779 1454 2846 consitiones;
1502 2783 1553 2838 5.
1581 2786 1757 2856 Atque
1783 2789 2007 2861 insuper

436 2855 724 2913 hortorum
743 2871 1081 2931 'strttcturas,
1108 2867 1601 2945 frugil‘erarumquc
1629 2881 1806 2935 omnis
1842 2899 2004 2952 gene-

435 2944 512 2998 ris
535 2947 791 3002 arborunt
817 2956 1212 3020 possessiones,
1231 2960 1610 3032 studiosasque
1635 2968 1997 3036 excultiones;

434 3037 486 3089 6.
521 3033 620 3090 Ubi
650 3039 810 3093 etiam
854 3043 1099 3110 ingentes
1133 3047 1282 3103 lacus
1320 3051 1385 3103 ad
1427 3068 1690 3120 aqttarum
1722 3057 1997 3126 exceptin-

2745 1229 2992 1283 ΚΕΦΑΛ.
3041 1230 3115 1283 B'.

2213 1313 2384 1368 Τοῦτο
2425 1315 2487 1387 δὴ
2532 1317 2678 1370 τοῦθ’
2709 1318 2882 1383 οὕτως
2925 1319 3069 1389 ἔχειν
3113 1323 3374 1392 νομίσας,
3409 1325 3584 1392 ἔγνων
3620 1326 3698 1378 ἐπὶ

2137 1406 2333 1478 ἑτέραν
2397 1408 2538 1462 ἰδέαν
2586 1411 2889 1481 τραπέσθαι
2952 1412 3102 1481 βίου,
3166 1415 3259 1468 καὶ
3315 1417 3567 1469 ἐκδοῦναι
3615 1419 3698 1487 μὲν

2133 1496 2368 1565 ἐμαυτὸν
2403 1502 2607 1568 τρυφῇ,
2648 1502 2843 1570 πεῖραν
2877 1500 2933 1552 δέ
2964 1501 3147 1553 λαϐεῖν
3186 1503 3390 1572 ἡδονῶν
3429 1505 3693 1558 ποικίλων.

2131 1586 2244 1639 Νῦν
2276 1590 2456 1642 τοίνυν
2492 1590 2700 1660 συνῆκα
2742 1590 2817 1653 ὼς
2854 1591 2923 1643 τὰ
2950 1591 3171 1645 τοιαῦτα
3212 1594 3416 1663 μάταια
3467 1595 3696 1665 σύμπαν-

2127 1695 2195 1732 τα
2215 1697 2228 1710 ο
2255 1681 2346 1732 καὶ
2375 1681 2585 1749 γέλωτα
2623 1683 2718 1753 μὲν
2741 1683 2868 1754 εἰκῆ
2899 1685 3199 1756 φερόμενον
3224 1687 3479 1756 ἐπέσχον,
3521 1690 3694 1759 ἡδονὴν

2128 1769 2185 1822 δὲ
2215 1771 2350 1842 πρὸς
2387 1771 2446 1824 τὸ
2485 1775 2779 1845 σωφρονεῖν
2819 1775 3072 1842 ἐκόλασα,
3116 1777 3326 1848 πικρῶς
3369 1781 3694 1850 ἐπιτιμήσας

2125 1859 2282 1930 αὐτῇ.
2342 1861 2710 1932 Λογισάμενος
2777 1861 2866 1927 δὲ,
2910 1865 2992 1916 ὃτι
3036 1865 3181 1936 ψυχὴ
3229 1866 3451 1920 δύναται
3515 1870 3689 1937 στῆσαι

2127 1947 2429 2018 μεθύουσαν
2465 1951 2561 2004 καὶ
2596 1949 2824 2022 ῥέουσαν
2845 1951 3034 2026 ὥσπερ
3061 1951 3201 2008 οἶνον
3241 1957 3496 2027 σώματος
3523 1960 3689 2026 φύσιν,

2121 2039 2415 2112 ἐγκράτεια
2462 2042 2519 2095 δέ
2569 2042 2851 2098 δουλοῦται
2919 2045 3242 2117 ἐπιθυμίαν·
3310 2050 3688 2121 προεθυμήθην

2119 2132 2376 2197 κατιδεῖν,
2405 2133 2456 2186 τί
2496 2151 2624 2187 ποτε
2665 2133 2750 2206 εἴη
2795 2137 3154 2208 προκείμενον
3194 2139 3506 2211 ἀνθρώποις
3541 2160 3686 2196 σπου-

2116 2222 2280 2290 δαῖον,
2306 2226 2400 2278 καὶ
2423 2225 2500 2296 τῷ
2525 2226 2637 2280 ὄντι
2673 2227 2834 2280 καλὸν
2863 2229 2890 2281 ὃ
2925 2231 3364 2302 καταπράξονται
3397 2233 3554 2305 παρὰ
3580 2252 3686 2288 του-

2116 2313 2229 2365 τονὶ
2255 2313 2346 2365 τὸν
2392 2314 2526 2384 βίον.
2568 2316 2928 2385 Διεξελήλυθα
2954 2317 3062 2390 γὰρ
3102 2321 3170 2372 τὰ
3200 2321 3364 2374 λοιπὰ
3404 2324 3684 2394 σύμπαντα

2111 2403 2190 2456 ὄσ’
2212 2405 2512 2473 ἀξιὰγαστα
2537 2408 2837 2478 νομίζεται,
2866 2411 3028 2465 οἷ’κων
3053 2429 3112 2464 τε
3145 2413 3515 2486 ὑπερυψήλων
3542 2420 3686 2490 ἀνορ-

2112 2493 2306 2559 θώσεις
2351 2497 2446 2550 καὶ
2489 2499 2711 2568 φυτείας
2765 2502 3064 2572 ἀμπέλων,
3111 2503 3190 2556 ἔτι
3238 2506 3295 2558 δὲ
3346 2510 3680 2578 παραδείσων

2109 2588 2497 2653 κατασκευὰς,
2561 2591 2654 2643 καὶ
2707 2594 2973 2646 παντοίων
3037 2595 3266 2666 δένδρων
3320 2601 3682 2670 καρποφόρων

2109 2682 2328 2752 κτήσεις
2377 2683 2472 2734 καὶ
2524 2683 2870 2753 ἐπιμελείας·
2935 2687 3068 2738 ὅπου
3137 2688 3194 2740 δέ
3255 2690 3350 2742 καὶ
3401 2690 3679 2761 δεξαμεναὶ

2109 2771 2338 2840 μεγάλαι
2381 2771 2518 2842 πρὸς
2570 2774 2836 2844 ὑποδοχὰς
2876 2777 3082 2831 ὑδάτων
3127 2782 3675 2852 κατεσκευάσθησαν,

2104 2864 2183 2926 είς
2216 2861 2410 2933 δαψιλῆ
2443 2864 2662 2934 ἁρδείαν
2697 2866 2807 2919 τῶν
2841 2867 3024 2937 φυτῶν
3050 2869 3547 2942 ἀπονενεμημέναι.
3581 2873 3675 2927 Πε-

2104 2952 2429 3025 ριεὸαλόμην
2465 2954 2522 3007 δὲ
2546 2957 2641 3010 καὶ
2681 2958 2906 3012 οἰκετῶν
2942 2959 3176 3031 πλῆθος,
3215 2960 3554 3032 θεράποντας
3589 2966 3676 3017 καὶ

2100 3044 2466 3117 θεραπαίνας*
2495 3049 2686 3113 ἄλλους
2723 3052 2819 3122 μὲν
2852 3051 3048 3116 ἔξωθεν
3097 3056 3463 3125 κτησάμενος,
3493 3058 3674 3119 ἄλλους

431 3144 529 3184 ncs
559 3131 795 3187 confecti
831 3147 979 3199 sunt,
1005 3139 1070 3192 ad
1109 3140 1326 3196 uberem
1355 3154 1405 3197 et
1431 3146 1708 3214 copiosam
1739 3149 1993 3204 arborum

2100 3137 2154 3190 δὲ
2184 3140 2277 3193 καὶ
2318 3142 2446 3211 παρ’
2472 3141 2696 3212 ἐμαυτῷ
2729 3143 3052 3213 γενομένους
3088 3145 3197 3214 (91)
3220 3151 3671 3220 καρπωσάμενος.

428 3222 749 3290 rigationem
781 3225 1075 3283 distributi.
1116 3230 1166 3285 7.
1201 3231 1319 3288 Jam
1351 3252 1478 3290 vero
1507 3237 1835 3295 famulorum
1862 3259 1998 3313 quo-

425 3329 534 3382 que
579 3317 794 3384 agmine
837 3331 1018 3389 septus
1071 3321 1187 3388 fui,
1226 3334 1339 3380 tum
1379 3330 1551 3385 servis
1598 3339 1712 3386 tum
1754 3336 1994 3404 ancillis;

425 3420 632 3476 eosque
667 3411 863 3478 partim
892 3424 1112 3468 externe
1136 3422 1469 3487 comparavi,
1510 3424 1704 3491 partim
1737 3429 1878 3495 apud
1912 3445 1998 3484 me

426 3509 585 3554 natos
612 3503 849 3569 possedi.
885 3504 1195 3571 Quinetiam
1221 3513 1403 3578 plures
1434 3515 1848 3584 quadrupedum
1878 3523 1996 3574 aui-

423 3592 689 3644 mantium
751 3609 979 3662 greges,
1015 3606 1130 3650 tum
1177 3599 1342 3655 boum
1393 3613 1504 3657 tum
1571 3609 1870 3675 pecudum,
1939 3613 1991 3667 in

424 3697 625 3748 meam,
668 3697 831 3752 quam
862 3686 915 3738 in
953 3688 1274 3759 cujusquam
1307 3708 1496 3748 eorum
1534 3699 1627 3766 qui
1657 3700 1785 3754 olim
1822 3706 1992 3757 exsti-

424 3784 638 3839 terunt,
685 3785 1005 3844 potestatem
1034 3794 1315 3838 venerunt.
1367 3787 1419 3840 8.
1451 3786 1554 3843 Sed
1580 3801 1632 3844 et
1665 3793 1782 3846 auri
1815 3805 1869 3848 et
1899 3811 1991 3850 ar-

421 3867 565 3935 genti
620 3869 862 3924 thesauri
896 3873 1028 3927 mihi
1089 3877 1414 3941 allluebant,
1464 3890 1650 3952 utpote
1697 3889 1789 3955 qui
1837 3905 1989 3961 reges

420 3973 611 4012 onlnes
643 3973 709 4012 eo
738 3960 1107 4030 adduxissem,
1135 3974 1194 4019 ut
1220 3968 1351 4020 milii
1380 3979 1433 4024 et
1459 3987 1682 4028 munera
1706 3977 1983 4050 aﬂ'errent,

417 4057 471 4100 et
506 4049 708 4102 tributa
749 4052 1140 4120 persolverent.
1179 4053 1446 4114 Prwterea
1487 4062 1639 4117 chori
1682 4069 1985 4137 complures

417 4139 482 4192 ad
507 4156 681 4194 meam
711 4143 1126 4200 oblectationem
1156 4149 1516 4219 agitabantur,
1549 4155 1790 4212 virorum
1823 4161 1985 4217 simul

414 4242 470 4285 et
502 4230 852 4298 feminarum,
892 4237 1376 4295 concinnissimttm
1405 4255 1624 4300 cantum
1655 4257 1709 4303 et
1740 4253 1986 4307 modula-

415 4324 686 4378 tissimum
730 4327 1097 4382 elﬁcientlum.
1138 4330 1398 4388 Convivia
1426 4350 1588 4404 porro
1614 4348 1666 4394 et
1696 4341 1981 4409 piucernas

413 4413 568 4487 (nam
596 4433 659 4471 ea
691 4417 743 4471 i'u
790 4419 926 4474 hanc
967 4423 1258 4492 voluptatis
1301 4438 1508 4496 partem
1552 4433 1869 4506 retuleram)
1909 4453 1974 4491 ex

2101 3225 2262 3280 Ζώων
2285 3228 2341 3280 δὲ
2374 3231 2717 3300 τετραπόδων
2758 3232 2968 3299 ἀγέλαι,
3003 3233 3194 3286 πολλαὶ
3223 3233 3332 3304 μὲν,
3361 3237 3671 3306 βουκολίων,

2099 3317 2289 3371 πολλα)⁵
2327 3320 2385 3372 δὲ
2424 3321 2690 3391 ποιμνίων
2742 3323 2846 3376 ὑπὸ
2892 3323 2994 3395 τὴν
3042 3326 3182 3397 ἐμὴν
3223 3323 3389 3398 ἦλθον
3431 3331 3673 3396 ἐξουσίαν

2098 3411 2227 3481 παρ’
2261 3411 2501 3464 ὁντινοῦν
2526 3412 2634 3466 τῶν
2657 3412 2841 3466 πάλαι.
2875 3415 3148 3486 Θησαυροί
3175 3435 3230 3470 τε
3259 3421 3466 3491 χρυσοῦ
3491 3440 3553 3475 τε
3585 3424 3673 3476 καὶ

2094 3500 2336 3572 ἀργύρου
2386 3504 2756 3577 προσέρρεον,
2803 3505 3132 3579 δορυφόρους
3172 3509 3284 3580 (9'2)
3334 3512 3397 3564 τέ
3451 3531 3544 3583 μοι
3586 3516 3674 3568 καὶ

2092 3593 2504 3666 δασμοφόρους,
2545 3599 2671 3660 τοὺς
2715 3599 2967 3652 ἁπάντων
3004 3599 3240 3669 βασιλεῖς
3293 3607 3668 3679 πεποιημένῳ.

2091 3685 2256 3754 Χοροί
2306 3704 2365 3740 τε
2410 3688 2828 3760 συνεκροτοῦντο
2880 3691 3265 3762 παμπληθεῖς,
3312 3697 3567 3767 ἀρρένων
3617 3699 3670 3753 δέ

2090 3793 2150 3829 τε
2177 3777 2285 3849 (95)
2312 3778 2445 3850 ὁμοῦ
2475 3781 2566 3833 καὶ
2591 3781 2815 3852 θηλειῶν
2832 3783 2911 3846 εἰς
2932 3783 3028 3854 τὴν
3054 3785 3191 3855 ἐμὴν
3215 3786 3433 3858 τέρψιν,
3455 3808 3661 3864 παναρ-

2091 3867 2268 3938 μόνιον
2318 3871 2683 3926 ἐκπονούντων
2744 3872 2904 3944 ᾠδήν.
3002 3876 3283 3946 Συμπόσιά
3323 3896 3390 3946 γε
3438 3882 3546 3951 μὴν
3581 3885 3669 3935 καὶ

2085 3961 2354 4030 οίνοχόους
2395 3964 2476 4025 είς
2517 3962 2677 4016 τοῦτο
2730 3964 2977 4030 ἀπέταξα
3005 3967 3105 4039 τῆς
3146 3970 3360 4039 τρυφῆς
3399 3973 3572 4044 μέρος
3615 3975 3669 4037 ἐξ

2086 4052 2343 4122 ἐκατέρου
2395 4054 2584 4121 γένους
2632 4055 2933 4126 ἀνθρώπων
2982 4057 3428 4129 ἐξειλεγμένους,
3459 4065 3570 4117 οὐδ’
3605 4067 3667 4119 ἂν

2084 4144 2405 4212 καταλέγειν
2431 4145 2629 4216 ἔχοιμι,
2656 4147 2908 4201 τοσοῦτον
2935 4149 3270 4220 ὑπερέϐαλον
3297 4153 3518 4219 τούτοις
3546 4158 3670 4221 τοὺς

2082 4235 2187 4305 πρὸ
2231 4236 2365 4307 ἐμοῦ
2421 4237 2845 4307 βασιλεύσαντας
2913 4241 3284 4315 Ἰερουσαλήμ,
3325 4241 3462 4300 Εἶτα
3517 4249 3669 4300 συνέο

2081 4326 2251 4391 ϐαινε,
2283 4328 2352 4382 τὰ
2381 4329 2479 4400 μὲν
2503 4332 2600 4402 τῆς
2627 4333 2814 4402 σοφίας
2842 4353 2930 4404 μοι
2962 4335 3332 4400 ἐλαττοῦσθαι,
3369 4340 3668 4411 πληθύνειν

2077 4418 2134 4471 δέ
2156 4418 2222 4471 τὰ
2244 4420 2343 4490 τῆς
2373 4421 2473 4474 οὐκ
2504 4423 2713 4494 ἀγαθῆς
2751 4426 3066 4496 ἐπιθυμίας.
3109 4429 3280 4482 Παντὶ
3312 4430 3424 4502 γὰρ
3462 4432 3666 4501 ὀφθαλ-

413 4518 646 4578 utroque
690 4510 971 4566 hominum
1019 4529 1148 4568 sexu
1190 4517 1463 4582 delectos,
1513 4534 1566 4577 et
1597 4526 1862 4591 eximios,
1907 4545 1974 4582 ne

2100 4508 2194 4562 ιῶν
2216 4528 2276 4562 τε
2311 4512 2666 4581 δελεάσματι,
2711 4521 2804 4569 καὶ
2851 4518 3076 4588 καρδίας
3137 4521 3396 4591 ἀκράτοις
3463 4527 3665 4595 ὁρμαῖς

409 4612 638 4651 numero
699 4600 918 4668 quidem
962 4605 1244 4673 complecti
1285 4609 1522 4676 possim;
1569 4613 1622 4666 9.
1649 4615 1798 4670 Adeo
1846 4619 1968 4684 bis,

406 4703 599 4743 omnes
639 4691 732 4760 qui
769 4704 893 4748 ante
933 4710 1017 4749 me
1044 4695 1434 4770 Hierosolymis
1477 4718 1787 4775 regnarunt,
1821 4721 1972 4764 ante-

406 4779 585 4834 cellui.
617 4780 754 4837 Hinc
788 4794 968 4839 autem
1013 4791 1391 4860 contingebat,
1424 4804 1483 4849 ut
1512 4797 1644 4852 mihi
1680 4809 1732 4854 et
1761 4803 1969 4870 sapien-

405 4872 477 4924 tia
529 4873 977 4940 imminueretur,
1022 4887 1075 4932 et
1123 4883 1317 4937 vitiosa
1357 4886 1626 4953 cupiditas
1682 4902 1965 4947 cresceret.

407 4963 491 5016 10.
508 4961 642 5018 Nam
667 4982 790 5020 cum
823 4970 1078 5026 omnibus
1096 4974 1377 5029 oculorum
1411 4978 1695 5044 illecebris,
1719 4992 1771 5035 et
1797 4982 1968 5052 impo-

402 5055 642 5110 tentibus
683 5057 1163 5132 petulantibusque
1185 5068 1366 5123 cordis
1398 5069 1682 5127 desideriis
1730 5076 1967 5145 undique

403 5147 834 5216 incursantibus,
863 5161 1002 5209 totas
1037 5155 1278 5214 habenas
1305 5164 1697 5230 permisissem,
1723 5181 1788 5220 ac
1814 5169 1963 5224 voluo

470 5344 582 5413 (91)
622 5349 1013 5418 Γενομένους.
1075 5352 1207 5409 Cod.
1261 5357 1485 5423 Medic.,
1535 5360 1804 5427 γενέσθαι.
1859 5362 1964 5418 Du~

397 5430 564 5475 (ZEUS.

473 5486 584 5570 (Si?)
625 5491 1018 5570 Δορυφςέρρλιξς.
1051 5493 1353 5570 Scripserat
1385 5501 1435 5551 in
1463 5503 1703 5570 margine
1726 5502 1847 5555 libri
1873 5504 1958 5558 sui

401 5554 627 5643 basilea:
655 5554 864 5643 οἴειδῄδῖ
889 5554 1114 5643 Billlus:
1164 5554 1306 5632 Quid
1349 5571 1396 5622 si
1435 5554 1958 5643 Smpoc‘pdpoogiscd

398 5635 706 5710 transversa
733 5632 870 5710 linea
899 5636 1267 5710 conjecturam
1298 5655 1449 5693 suam
1471 5632 1770 5710 jugtila'rat,
1795 5659 1958 5710 quam

401 5659 706 5685 ...ιι-ουσιδιι
734 5659 870 5686 unca
899 5659 1267 5702 cmucuurum
1298 5659 1449 5693 suam
1471 5659 1763 5710 juglllaral,
1795 5659 1958 5768 quam

401 5705 583 5786 talinen
615 5701 670 5786 in
711 5717 808 5755 sua
849 5705 1288 5786 interpretatione
1327 5720 1544 5786 secutus
1571 5713 1776 5786 _est.__Si
1837 5733 1960 5786 ορυ-

403 5765 594 5844 φόρους
624 5770 788 5839 legas,
820 5765 1070 5832 satellites
1099 5779 1178 5858 vpl
1205 5765 1534 5850 apparitores
1569 5765 1858 5856 intelliges.
1868 5765 1955 5842 ΓᾹι

2072 4601 2246 4669 ἐφιεὶς
2277 4605 2613 4674 πανταχόθεν
2658 4610 3158 4678 προσπιπτούσαις,
3201 4612 3408 4682 ἡδονῶν
3446 4616 3663 4670 ἐλπίσιν

2071 4689 2302 4759 ἐμαυτὸν
2361 4694 2704 4760 ἐκδεδωκώς’
2757 4701 2850 4752 καὶ
2915 4701 3115 4765 πάσαις
3163 4707 3400 4774 τρυφαῖς
3459 4708 3665 4761 δειλαί-

2071 4800 2157 4847 αις
2201 4785 2362 4856 (94),
2434 4788 2533 4858 τὴν
2599 4790 2836 4860 ἐμαυτοῦ
2905 4794 3239 4865 ἐγκατέδησα
3306 4800 3657 4871 προαίρεσιν.

2069 4875 2224 4930 Οὕτω
2275 4878 2384 4949 γάρ
2441 4897 2542 4949 μου
2604 4883 2659 4934 αἱ
2731 4883 3100 4955 ἐνθυμήσεις,
3167 4889 3247 4951 εἰς
3306 4890 3662 4963 δυσπραγίαν

2067 4965 2404 5036 ἠνέχθησαν,
2437 4968 2512 5032 ὡς
2557 4969 2730 5023 ταῦτα
2781 4972 2880 5042 μὲν
2923 4969 3062 5027 εἶναι
3129 4976 3306 5041 καλὰ,
3360 4981 3546 5035 ταῦτα
3603 4985 3660 5037 δέ

2070 5073 2158 5126 μοι
2211 5065 2506 5130 προσήκειν
2561 5062 2986 5133 διαπράττεσθαι
3033 5069 3298 5138 νομίζειν.
3343 5070 3481 5126 Εἶτα
3527 5077 3659 5129 ποτὲ

2066 5147 2339 5220 ἀνανήψας
2385 5150 2495 5219 ἐγὼ
2545 5154 2638 5206 καὶ
2685 5154 3027 5226 ἀναϐλέψας,
3093 5161 3340 5215 κατεῖδον
3386 5165 3546 5237 ἅπερ
3597 5166 3656 5218 ἐν

2062 5365 2392 5449 suffragatur
2417 5370 2570 5424 alteri
2599 5371 2818 5428 lectioni
2848 5375 3127 5447 Scriptura
3159 5377 3222 5430 ΙΙΙ
3254 5378 3390 5449 Reg.
3419 5399 3506 5446 rx,
3535 5387 3650 5442 ‘24:

2063 5435 2336 5525 Et’om'iies
2373 5457 2513 5525 reges
2551 5452 2704 5525 terra:
2741 5435 3041 5515 qucrebdut
3082 5450 3273 5516 facient
3304 5435 3650 5525 Sili/animis,

2059 5515 2108 5560 et
2133 5507 2368 5575 ferebant
2391 5507 2549 5564 dona.
2585 5512 2660 5566 In.

2133 5578 2245 5670 (1915)
2295 5580 2574 5670 Ἁρῤένωῖ
2599 5583 2666 5670 δέ
2694 5601 2776 5639 τε.
2821 5585 3012 5640 Medic.
3044 5589 3166 5642 cod.
3208 5589 3384 5646 deleto
3412 5593 3480 5648 δὲ
3515 5597 3652 5670 legit

2059 5646 2130 5720 ἀῤ
2173 5647 2304 5701 ένων
2330 5646 2388 5702 τε
2417 5651 2572 5721 ὁμοῦ.
2605 5653 2678 5708 In.
2814 5671 2830 5684 -
3459 5646 3474 5648 ⁷
3516 5646 3645 5670 “’¹⁷“

2060 5785 2098 5811 n
2131 5649 2242 5811 ἃμ)
2283 5724 2594 5811 Δειιαὶαιξξ
2643 5726 2826 5811 §avilii
2858 5728 3025 5811 eodem
3066 5729 3645 5811 Αηξιίἰριιςδείλαιος.

2060 5785 2233 5844 Paulo
2255 5799 2377 5861 post
2404 5808 2508 5848 ms.
2543 5785 2756 5864 Medic.,
2785 5797 3032 5870 μοχθηρά
3055 5817 3110 5853 τι
3144 5785 3408 5872 imm.
