3862 6490
138 321 220 378 995
1144 302 1632 362 METAPHRASIS
1671 301 1742 358 IN
1779 302 2313 360 ECCLESIASTE‘N.

137 437 288 516 χερσὶν
340 427 502 502 εἴχον,
551 429 822 501 ’μοχθηρά
890 428 1026 498 ὁμοῦ
1104 430 1199 482 καὶ

139 515 393 598 πνεύματος
415 522 508 575 οὐκ
543 521 746 590 ἀγαθοῦ
787 521 1086 590 ποιήματα.
1117 518 1283 573 Οὐδὲν
1317 517 1425 589 γάρ
1473 515 1652 569 ὁτιοῦν

136 621 208 676 ὑπ’
246 614 517 685 ἀνθρώπων
556 612 858 684 ᾑρημένον,
901 611 1197 663 ἁποδεκτὸν
1239 605 1378 661 εἷναί
1421 625 1510 678 μοι
1555 605 1651 658 νῦν

136 707 468 778 καταφαίνεται
515 704 606 756 καὶ
661 703 1122 774 περισπούδαστον
1177 699 1321 771 ὀρθῷ
1385 697 1648 768 λογισμῷ.

134 798 534 866 Συλλογισάμενος
582 789 674 846 οὖν
721 793 790 845 τά.
835 809 892 844 τε
940 791 1130 860 σοφίας
1177 787 1390 857 ἀγαθά,
1439 787 1534 840 καὶ
1582 786 1652 839 τὰ

133 891 392 962 ἀφροσύνης
423 885 584 949 κακά,
615 887 837 948 εἰκότως
869 884 935 938 ἂν
967 883 1166 946 ἱκανῶς
1199 881 1529 952 θαυμάζοιμι
1560 880 1653 934 ἄν-

133 985 214 1055 δρα
247 981 486 1043 τοιοῦτον,
515 978 573 1040 ὃς
605 994 689 1040 τις
714 977 1012 1046 φερόμενος
1039 974 1277 1042 ἀλόγως
1305 973 1496 1025 ἔπειτα
1535 973 1652 1024 ἐαυ-

131 1074 206 1125 τοῦ
228 1071 528 1140 λαϐόμενος,
570 1068 649 1129 είς
675 1067 735 1118 τὸ
772 1066 892 1118 δέον
936 1063 1252 1133 ἐπιστρέψει
1283 1062 1412 1134 (95).
1442 1062 1650 1133 Φρονη-

132 1180 238 1225 σεως
260 1162 354 1232 γὰρ
384 1160 472 1212 καὶ
497 1157 807 1228 ἀφροσύνης
867 1155 1000 1209 πολὺ
1032 1155 1094 1208 τὸ
1125 1155 1307 1226 μέσον,
1337 1152 1566 1223 διαφορά
1593 1153 1651 1205 δὲ

128 1257 288 1326 ἀμφοῖν
315 1249 559 1321 τοσαύτη,
584 1251 682 1320 ὅση
716 1265 821 1318 περ
849 1247 1060 1319 ἡμέρας
1089 1247 1226 1317 πρὸς
1257 1246 1443 1298 νύκτα.
1467 1247 1650 1297 Ἕοικε

127 1346 268 1399 τοίνυν
287 1385 300 1408 ,
327 1345 354 1396 6
384 1343 477 1412 μὲν
515 1340 713 1412 ἀρετὴν
744 1339 1054 1411 ᾑρημένος,
1084 1337 1299 1409 τρανῶς
1341 1354 1402 1389 τε
1445 1337 1650 1390 ’έκαστα

127 1435 196 1485 καὶ
216 1433 310 1486 ἄνω
337 1430 573 1501 βλέποντι
594 1446 608 1458 ο
641 1429 764 1497 τῆς·
796 1444 857 1479 τε
887 1425 1081 1479 ἐαυτοῦ
1108 1427 1332 1498 πορείας
1351 1465 1365 1488 ,
1398 1425 1648 1496 λαμπρο-

125 1525 253 1577 τάτου
289 1524 507 1592 φέγγους
556 1520 734 1592 καιρῷ
785 1519 1175 1591 πεποιημένῳ·
1218 1521 1246 1571 ό
1285 1520 1332 1572 δ’
1382 1516 1447 1571 αὖ
1483 1519 1650 1589 κακίᾳ

123 1615 548 1684 ἐμπεπλεγμένος,
575 1615 668 1666 καὶ
691 1611 863 1683 πλάνη
893 1610 1120 1682 παντοίᾳ
1150 1611 1224 1673 ὡς
1251 1611 1308 1662 ἐν
1343 1613 1650 1682 σκοτομήνῃ

127 1705 413 1774 πλανωμένῳ
436 1745 451 1770 ,
485 1703 682 1772 τυφλός
717 1719 776 1755 τε
808 1701 882 1754 ῶν
925 1702 1025 1772 τὴν
1074 1700 1372 1773 πρόσοψιν,
1419 1700 1512 1753 καλ⁵
1545 1700 1650 1756 ὑπὸ

120 1797 193 1848 τοῦ
223 1773 423 1860 σκότους
453 1796 561 1849 τῶν
590 1796 928 1868 πραγμάτων
949 1793 1301 1866 ἀφῃρημένος
1329 1793 1459 1864 (96).
1487 1793 1649 1857 Τέλος
1680 1773 1720 1826 Β

119 1887 161 1939 δὲ
186 1889 449 1958 ἐπινοήσας
481 1889 744 1960 ἐκατέρου
774 1886 883 1939 τῶν
919 1885 1046 1955 βίων
1080 1885 1284 1938 τούτων
1316 1884 1425 1954 ἐγὼ
1437 1885 1508 1938 ’τὸ
1531 1885 1647 1939 διά-

117 1994 266 2048 φορον,
291 1973 650 2049 εὖρονηούδέν,
686 1979 780 2031 κα¹ι
806 1977 880 2040 ὡς
914 1977 1169 2030 κοινωνὸν
1194 1977 1443 2048 ἀφρόνων
1479 1980 1651 2048 ἐμαυ⁹

116 2070 187 2120 τὸν
215 2072 539 2142 καταστήσας
562 2109 577 2132 ,
610 2070 678 2123 τὰ
725 2070 825 2140 τῆς
859 2069 1172 2140 ἀφροσύνης
1216 2069 1466 2141 ἐπίχειρα
1506 2069 1650 2134 δέξο-

117 2178 209 2229 μαι.
249 2163 306 2214 Τί
327 2161 432 2233 γάρ
471 2163 502 2234 ἢ
549 2161 656 2215 τῶν
690 2163 1040 2233 σοφισμάτων
1069 2163 1293 2214 ἐκείνων
1336 2161 1576 2230 ἀγαθὸν,
1611 2163 1643 2234 ἢ

114 2253 216 2304 ποία
238 2252 406 2324 ὄνησις
431 2255 541 2306 τῶν
574 2253 784 2306 πολλῶν
807 2253 1003 2322 λόγων,
1026 2255 1162 2306 ὅπου
1189 2271 1255 2322 γε
1284 2253 1352 2306 τὰ
1383 2253 1648 2326 φλυαρίας

113 2343 337 2412 ῥεύματα,
374 2344 561 2414 ῶσπερ
593 2347 656 2397 ἐκ
688 2346 869 2416 πηγῆς
896 2348 1130 2416 ὁρμᾶται
1163 2346 1267 2416 τῆς
1305 2347 1644 2419 ἀφροσύνης;

113 2435 238 2504 Σοφῷ
259 2436 311 2488 δὲ
339 2438 428 2488 καὶ
456 2437 653 2507 ἄφρονι
683 2437 860 2490 κοινὸν
884 2438 1057 2500 οὐδὲν,
1090 2438 1151 2490 οὐ
1181 2438 1320 2491 κατὰ
1346 2438 1647 2510 ἀνθρώπων

111 2525 310 2594 μνήμην,
335 2525 394 2577 οὐ
419 2526 563 2579 κατά
584 2525 719 2579 Θεοῦ
750 2528 1006 2599 ἀμοιϐήν.
1037 2527 1160 2580 Τῶν
1183 2528 1226 2581 δ’
1259 2531 1315 2581 ἐν
1340 2529 1647 2601 ἀνθρώποις

109 2617 403 2685 πραγμάτων
423 2660 436 2682 ,
470 2619 554 2671 ἐτι
585 2619 848 2689 ἄρχεσθαι
880 2619 1215 2684 δοκούντων,
1251 2621 1349 2692 ἤδη
1395 2621 1455 2674 τὸ
1491 2622 1647 2685 τέλος

109 2708 426 2778 ἐπιλαμϐάνει
463 2712 744 2764 ἁπάντων.
795 2712 966 2780 Σοφὸς
997 2712 1054 2764 δὲ
1102 2712 1356 2765 οὐδέποτε
1402 2713 1652 2784 ἀσυνέτῳ

105 2798 181 2852 τοῦ
204 2801 353 2853 αὐτοῦ
381 2807 632 2856 κοινωνεί
673 2801 880 2867 τέλους.
921 2803 1190 2874 Ἑμίσησα
1220 2804 1398 2856 τοίνυν
1432 2805 1524 2857 καὶ
1556 2805 1646 2857 τὸν

108 2890 360 2960 σύμπαντά,
385 2912 486 2964 μου
511 2895 646 2966 βίον,
664 2895 753 2947 τὸν
780 2897 836 2948 ἐν
865 2898 978 2958 τοῖς
1002 2895 1250 2965 ματαίοις
1274 2895 1641 2961 ἀναλωθέντα,

101 2982 149 3035 ὃν
170 2986 404 3057 διήγαγον
435 2992 552 3052 τοῖς
586 2989 715 3059 περὶ
745 2989 850 3059 γῆν
885 2990 1067 3052 πόνοις
1109 2989 1513 3061 προστετηκὼς.
1559 2988 1646 3050 Ὦς

105 3074 191 3147 γὰρ
238 3080 497 3134 συνελόντι
563 3081 763 3151 φάναι,
821 3080 999 3134 πάντα
1052 3098 1140 3151 μοι
1180 3081 1436 3151 λυπηρῶς
1483 3083 1646 3152 ἐκμε-
1673 3109 1714 3166 C

105 3169 327 3239 μόχθηται
359 3165 540 3244 όρμῆς
582 3173 864 3241 ἀλογίστου
908 3173 1174 3243 γενόμενα
1205 3176 1485 3245 ποιήματα
1506 3190 1520 3204 ο
1554 3173 1646 3226 καὶ

101 3263 358 3331 amatas—.4:
389 3285 477 3333 τις
510 3269 652 3322 αύτά
687 3269 893 3339 ἕτερος,
919 3270 1028 3322 εἴτε
1064 3268 1247 3337 σοφὸς,
1279 3270 1387 3321 εἴτε
1416 3267 1642 3338 ἠλίθιος,

100 3355 178 3418 τὰς
211 3358 413 3432 ψυχρὰς
441 3360 554 3414 τῶν
603 3359 751 3431 ἐμῶν
783 3361 1046 3430 καμάτων
1081 3360 1434 3430 ἐπικαρπίας.
1489 3362 1648 3414 Ἀπο-

101 3443 346 3519 λαὸομένῳ
384 3450 442 3503 δέ
477 3467 572 3520 μοι
603 3448 778 3502 ταῦτα
811 3449 906 3501 καὶ
937 3448 1333 3520 άποῤῥίψαντι,
1366 3453 1642 3523 κατεφάνη

97 3535 150 3586 τὰ
175 3538 242 3608 τῷ
270 3539 375 3592 ὄντι
411 3541 600 3610 ἀγαθά
641 3539 977 3612 προκείμενα
1021 3539 1324 3611 ἀνθρώπῳ,
1360 3543 1548 3611 σοφίας
1585 3561 1644 3596 τε

98 3627 300 3696 γνῶσις,
333 3634 427 3686 καὶ
455 3633 654 3702 κτῆσις
697 3631 964 3704 ἀνδρείας.
1001 3633 1064 3684 Ei
1101 3631 1158 3684 δέ
1191 3650 1275 3695 τις
1309 3633 1510 3687 τούτων
1547 3635 1646 3706 μὲν

94 3719 175 3772 οὐκ
222 3725 556 3794 ἐφρόντισεν,
594 3723 797 3794 ἐτέρων
824 3723 881 3776 δὲ
910 3723 1190 3792 ἐπτόηται,
1229 3724 1257 3775 6
1285 3724 1522 3788 τοιοῦτος
1571 3727 1647 3778 εἴ·

96 3811 193 3866 λετο
224 3818 314 3886 μὲν
359 3835 496 3888 πονη
508 3817 580 3889 ρά
622 3817 742 3869 ἀντὶ
787 3814 1004 3883 ἀγαθῶν
1029 3854 1044 3878 ,
1099 3815 1330 3886 μετῆλθε
1358 3816 1416 3870 δὲ
1447 3819 1645 3872 κακίαν

94 3906 190 3959 ἀντὶ
215 3910 601 3980 χρηστότητος,
620 3908 714 3960 καὶ
737 3907 933 3978 μόχθον
961 3906 1076 3960 ἀνθ’
1103 3907 1352 3977 ἡσυχίας,
1383 3908 1644 3979 ταράχοις

93 3999 321 4064 ποικῡοις
360 4001 825 4073 περιελκόμενος,
857 3999 1073 4070 νύκτωρ
1102 4015 1162 4050 τε
1207 4000 1302 4052 καὶ
1351 4000 1466 4070 μεθ’
1510 4000 1643 4071 ἡμέ-

94 4107 175 4159 ραν
200 4095 554 4166 συνεχόμενος
588 4093 675 4146 ἀεὶ
697 4134 712 4156 ,
763 4091 1014 4162 σώματός
1058 4109 1117 4144 τε
1150 4091 1429 4160 ἐπείγουσι
1461 4093 1644 4163 καμά-

91 4199 208 4248 τοις,
238 4189 327 4239 καὶ
356 4188 543 4259 ψυχῆς
588 4185 868 4257 φροντίσιν
913 4184 1276 4247 ἀδιαλείπτοις
1295 4225 1308 4249 ,
1343 4183 1644 4254 σφαδαζού-

91 4290 173 4344 σης
209 4277 347 4348 αὐτῷ
384 4278 490 4348 τῆς
535 4275 793 4347 καρδίας,
843 4273 1145 4328 ἀλλοκότων
1177 4275 1340 4328 ἔνεκα
1389 4275 1645 4347 πραγμά-

86 4381 191 4420 των.
230 4368 300 4421 Οὐ
332 4369 446 4441 γάρ
479 4369 543 4421 τὸ
573 4367 780 4420 τέλειον
811 4365 1014 4434 ἀγαθὸν
1061 4367 1187 4438 περὶ
1221 4366 1421 4438 βρῶσίν
1450 4385 1510 4420 τε
1549 4367 1641 4420 καὶ

3225 311 3334 366 994

1309 425 1632 496 παγχάλεπα

1771 434 1977 494 ptatum
2003 427 2116 495 spei
2144 442 2230 482 me
2256 427 2433 496 ipsum
2455 426 2814 492 dedidissem;
2843 428 3058 484 miseris
3079 431 3334 486 omnibus

1751 517 1957 572 deliciis
2003 518 2173 572 animi
2219 519 2544 573 voluntatem
2598 519 2844 573 astrinxi.
2909 519 3036 574 Mea:
3097 537 3333 590 namque

1751 608 2107 675 cogitationes
2154 625 2220 664 eo
2269 608 2604 664 infelicitatis
2636 611 2900 680 prolapsa:
2926 620 3088 679 sunt,
3125 621 3184 667 ut
3216 614 3331 669 haec

1756 701 1982 756 honesta
2015 711 2067 754 et
2099 707 2334 773 egregia,
2371 703 2642 773 (lignaque
2671 719 2793 772 quae
2824 702 3056 761 facerem
3092 707 3330 761 arbitra-

1752 807 1858 846 rer.
1923 793 2006 847 Η.
2044 792 2282 848 Tandem
2317 810 2445 847 vero
2476 794 2908 865 expergefactus,
2963 806 3125 865 atque
3156 799 3330 852 oculis

1752 888 2068 946 restitutus,
2121 901 2182 938 ea
2219 901 2340 954 qua:
2372 886 2426 938 in
2451 887 2705 940 manibus
2738 886 3024 951 habebam,
3059 889 3328 958 flagitiosa

1751 974 1912 1028 simul
1959 975 2380 1044 acerbitatisque
2441 975 2598 1045 plena
2656 992 2776 1030 esse
2820 979 3104 1046 perspexi,
3165 980 3327 1047 8ρὶνί-

1751 1074 1945 1135 tusque
1963 1081 2066 1120 non
2087 1067 2210 1120 boni
2229 1067 2462 1136 opilicia.
2481 1065 2667 1136 Neque
2687 1069 2830 1121 enim
2853 1069 3019 1122 ullum
3043 1069 3326 1124 hominum

1751 1159 1989 1213 studium
2037 1158 2269 1228 vitaeque
2314 1159 2620 1213 institutum
2672 1162 3133 1229 comprobandum
3195 1163 3326 1216 mihi

1750 1266 1896 1304 nunc
1927 1250 2157 1314 videtur,
2217 1265 2314 1304 nec
2366 1259 2514 1305 recto
2553 1251 2758 1320 judicio
2809 1255 3194 1322 expetendum.
3237 1257 3324 1310 l2.

1750 1341 1980 1396 Proinde
2007 1351 2184 1396 mente
2210 1341 2451 1397 collectis
2473 1351 2527 1396 et
2553 1344 2833 1411 sapientiae
2869 1346 3028 1400 bonis
3062 1359 3114 1402 et
3146 1349 3328 1402 stulti-

1750 1433 1838 1488 tia:
1869 1433 2048 1498 malis,
2083 1447 2276 1501 magna
2304 1431 2448 1487 hunc
2476 1433 2654 1486 virum
2683 1434 3040 1490 admiratione
3064 1453 3325 1506 prosecu-

1752 1534 1837 1579 tus
1889 1523 2121 1586 fuerim,
2173 1523 2266 1592 qui
2311 1539 2434 1578 cum
2485 1540 2724 1593 praeceps
2749 1524 2980 1580 ferretur
3019 1537 3328 1598 temereque

1750 1623 2058 1685 vagaretur,
2104 1624 2289 1684 postea
2340 1626 2517 1669 mente
2551 1624 2786 1684 recepta,
2832 1619 2897 1671 ad
2926 1603 3179 1673 virtutem
3212 1621 3327 1674 olli-

1749 1706 2005 1775 ciumqne
2049 1706 2228 1760 rediit.
2290 1706 2377 1760 15.
2415 1705 2709 1761 Prudentia
2755 1707 2900 1761 enim
2951 1718 3005 1762 et
3052 1710 3326 1766 dementia

1751 1813 1946 1867 magno
1978 1796 2270 1850 interstitio
2312 1796 2596 1865 disjuncue
2627 1807 2776 1863 sunt,
2826 1815 2924 1852 nec
2957 1800 3139 1854 minus
3183 1800 3327 1856 inter

1749 1899 2036 1959 utramque
2077 1899 2162 1942 est
2204 1889 2538 1945 discriminis
2581 1906 2748 1959 quam
2794 1891 2934 1946 inter
2974 1893 3115 1947 diem
3142 1903 3195 1948 et
3226 1910 3324 1948 no-

1749 1993 1910 2036 ctem.
1954 1980 2040 2035 14.
2067 1979 2329 2045 Quocirca
2359 1980 2451 2049 qui
2476 1980 2727 2035 virtutem
2751 1982 3032 2050 amplexus
3055 1993 3156 2048 est,
3182 1984 3324 2038 haud

1748 2071 1880 2125 mihi
1915 2071 1982 2124 ab
2015 2086 2080 2124 eo
2109 2069 2326 2124 differre
2357 2069 2588 2132 videtur,
2625 2072 2718 2140 qui
2747 2086 2860 2124 rem
2887 2088 3327 2144 unamquamque
3394 2101 3398 2105 -

1748 2163 2034 2233 perspicue
2078 2163 2273 2227 cernit,
2318 2177 2646 2230 sursumque
2699 2174 3036 2232 prospectat,
3085 2165 3326 2220 clarissi-

1749 2266 1958 2319 tnzeque
1985 2249 2121 2304 lucis
2157 2258 2397 2319 tempore
2422 2251 2526 2304 iter
2551 2250 2679 2306 facit
2707 2253 2744 2305 ί.
2800 2252 3002 2307 Contra
3032 2255 3124 2322 qui
3155 2270 3212 2309 se
3243 2256 3324 2308 vi-

1750 2342 1824 2395 tio
1858 2341 2120 2414 implicuit
2154 2341 2442 2410 omnisque
2471 2343 2686 2412 generis
2714 2345 3016 2406 erroribus,
3055 2345 3200 2399 haud
3235 2348 3330 2400 ab-

1750 2432 1944 2486 sinnlis
1999 2442 2080 2485 est
2125 2432 2334 2485 homini
2376 2431 2428 2485 in
2474 2432 2740 2501 profunda
2777 2435 3324 2504 caligineoberranti,

1747 2525 1945 2594 quippe
1998 2524 2091 2592 qui
2138 2524 2379 2578 caecitate
2430 2525 2656 2579 alfedus
2704 2527 2794 2592 sit,
2831 2536 2994 2596 atque
3025 2544 3053 2581 a
3082 2528 3327 2598 negotio-

1749 2631 1868 2669 rum
1921 2615 2159 2669 tenebris
2206 2615 2546 2669 exoculatus.
2612 2617 2698 2671 15.
2747 2617 2990 2688 Denique
3043 2619 3328 2688 utriusque

1749 2704 1942 2759 harum
1969 2707 2202 2761 vitarum
2231 2706 2591 2762 differentiam
2619 2709 2802 2761 animo
2848 2717 3164 2771 assecutus,
3191 2713 3327 2765 nihil

1747 2809 1937 2869 postea
1986 2801 2201 2869 reperi,
2257 2801 2388 2870 quin
2423 2801 2551 2856 illud
2594 2804 2773 2871 potius
2817 2802 2956 2868 fore,
2985 2815 3040 2858 ut
3070 2805 3113 2860 si
3148 2821 3233 2860 me
3259 2805 3325 2858 ad

1748 2893 2040 2947 stultorum
2096 2893 2408 2947 societatem
2466 2909 2529 2949 ac
2575 2894 2888 2949 sedalitium
2951 2896 3324 2962 contulissem,

1749 2987 1992 3041 stultitiae
2023 2987 2246 3056 praemia
2280 2988 2637 3057 perciperent.
2698 2988 2836 3054 Quid
2877 2990 3018 3043 enim
3061 3005 3124 3044 ex
3167 3005 3328 3058 argu-

1750 3079 1844 3132 tiis
1881 3079 1990 3132 illis
2021 3079 2292 3132 commodi
2326 3079 2552 3146 referri,
2591 3088 2685 3134 aut
2711 3080 2839 3150 quid
2870 3079 3081 3135 fructus
3103 3096 3170 3135 ex
3202 3096 3328 3149 pro—

1747 3170 1872 3224 lixis
1896 3169 2240 3224 sermonibus
2272 3170 2451 3240 colligi
2484 3179 2698 3239 potest;
2733 3185 2856 3225 cum
2889 3171 3106 3239 quidem
3135 3172 3329 3235 loqua-

1747 3262 1928 3316 citatis
1981 3263 2300 3330 importunae
2348 3262 2569 3316 flumina
2623 3262 2692 3316 ab
2739 3261 3050 3331 insipientia
3097 3264 3242 3316 velut
3294 3278 3324 3316 a

1747 3354 1897 3408 fonte
1944 3355 2228 3409 oriantur?
2275 3353 2361 3408 16.
2398 3353 2637 3424 Sapienti
2680 3370 2840 3424 porro
2883 3363 2937 3408 et
2963 3354 3159 3409 stolido
3189 3356 3325 3409 niltii

1745 3461 2034 3502 Commune
2076 3455 2194 3511 est,
2243 3462 2338 3500 nec
2389 3455 2653 3516 quantum
2701 3447 2768 3502 ad
2802 3447 3079 3501 hominum
3118 3463 3327 3501 memo-

1746 3539 1883 3592 riam
1910 3579 1924 3604 ,
1974 3554 2074 3593 nec
2118 3547 2383 3608 quantum
2427 3539 2493 3592 ad
2521 3537 2614 3592 Dei
2645 3539 3158 3592 remunerationem.
3218 3537 3325 3594 Res

1747 3642 1927 3686 autem
1962 3632 2230 3686 humanas
2262 3648 2385 3687 cum
2418 3632 2595 3686 adhuc
2627 3632 2760 3687 oriri
2792 3631 3073 3695 videntur,
3121 3633 3232 3700 jam
3263 3632 3325 3686 (i-

1745 3718 1830 3772 nis
1861 3719 2069 3786 arripit.
2135 3717 2364 3787 Sapiens
2393 3735 2554 3784 porro
2586 3719 2829 3790 ejusdem
2876 3735 3000 3774 cum
3034 3721 3232 3775 stolido
3263 3722 3326 3774 fi-

1745 3809 1831 3862 nis
1859 3825 2136 3878 nunquam
2162 3819 2245 3866 est
2264 3811 2556 3881 particeps.
2603 3811 2686 3866 l7.
2715 3810 2894 3877 Quare
2916 3812 3080 3867 vitam
3106 3828 3323 3867 omnem

1747 3918 1924 3956 meam
1957 3905 2232 3959 exsecrari
2265 3905 2403 3974 ccepi
2424 3944 2440 3970 ,
2472 3921 2635 3975 quam
2666 3905 2720 3958 in
2757 3906 2922 3960 rebus
2954 3905 3106 3960 vanis
3140 3906 3317 3961 tradu-

1745 4010 1929 4048 xerant
1959 4004 2121 4065 atque
2145 4011 2589 4064 consumpseram
2611 4037 2626 4062 ,
2677 3997 2903 4050 terrenis
2932 3996 3209 4050 laboribus
3234 3996 3322 4049 in-

1745 4086 2051 4142 tabescens.
2109 4087 2196 4141 18.
2231 4085 2441 4142 Etenim
2489 4095 2548 4140 ut
2599 4102 2708 4140 uno
2756 4086 2923 4141 verbo
2970 4087 3322 4156 complectar,

1744 4177 1926 4229 omnia
1978 4173 2111 4228 mihi
2146 4190 2343 4245 magna
2380 4191 2505 4230 cum
2555 4174 2801 4230 molestia
2851 4175 3130 4229 elaborata
3173 4184 3320 4238 sunt,

1743 4267 2006 4336 przecipiti
2071 4267 2239 4320 animi
2288 4268 2490 4337 impetu
2531 4267 2602 4322 ita
2654 4282 2741 4322 me
2795 4267 3175 4335 pertrahente;
3233 4266 3320 4322 l9.

1743 4358 1920 4426 Atque
1951 4373 2013 4412 ea
2048 4358 2189 4413 alius
2218 4368 2544 4426 excepturus
2569 4366 2672 4421 est,
2705 4358 2921 4426 sapiens
2955 4372 3023 4411 an
3050 4371 3241 4412 excors
3268 4363 3327 4409 et

86 4455 217 4510 πόσιν
246 4459 444 4522 ἱζάνει·
486 4461 538 4512 εί
570 4458 666 4511 καὶ
702 4456 934 4529 μάλιστα
959 4459 1023 4510 ὲκ
1053 4456 1186 4510 Θεοῦ
1216 4457 1522 4529 ἀνθρώποις
1552 4457 1637 4525 γί-

1747 4451 1993 4515 stolidus,
2021 4453 2227 4518 nescio;
2265 4450 2510 4520 frigidos,
2537 4449 2782 4519 inquam,
2807 4449 3050 4504 laborum
3074 4464 3322 4503 meorum

84 4563 232 4602 νονται
257 4553 309 4604 αἱ
335 4552 546 4623 τροφαί
567 4567 582 4581 ο
616 4550 766 4603 οὐδὲν
785 4548 894 4620 γὰρ
921 4549 1028 4603 τῶν
1055 4549 1191 4620 πρὸς
1217 4550 1487 4621 σωτηρίαν
1506 4550 1636 4619 ἡμῖν

81 4639 348 4714 δεδομένων
378 4646 488 4713 ἔξω
523 4646 626 4715 τῆς
656 4642 822 4697 αὑτοῦ
857 4642 1093 4713 ὑπάρχει
1127 4642 1400 4714 προνοίας.
1445 4641 1580 4694 Ἀλλ’
1609 4645 1638 4696 ό

85 4732 164 4797 μὲν
189 4736 384 4802 ἀγαθὸς
417 4737 586 4808 ἀνὴρ,
613 4735 802 4803 σοφίας
823 4736 887 4786 ἐκ
916 4733 1049 4786 Θεοῦ
1080 4731 1278 4803 τυχὼν,
1306 4733 1638 4804 εὐφροσύνης

81 4822 242 4895 ἔτυχεν
269 4829 529 4901 οὐρανίου
552 4845 566 4858 ο
591 4830 619 4879 6
647 4826 691 4878 δ’
720 4821 786 4879 αὖ
820 4826 1054 4896 πονηρὸς
1073 4865 1088 4889 ,
1117 4823 1400 4894 θεηλάτοις
1424 4824 1639 4878 ἐλαυνό-

83 4932 218 4982 μενος
244 4922 470 4984 κακοῖς,
510 4915 827 4980 πλεονεξίαν
859 4915 1050 4976 νοσῶν,
1081 4914 1252 4969 πολλά
1287 4931 1346 4966 τε
1391 4913 1637 4984 ἀθροῖσαι

82 5011 346 5075 σπουδάζει
365 5052 382 5078 ,
419 5013 522 5066 καὶ
555 5010 647 5063 τὸν
695 5010 798 5062 ὑπὸ
829 5008 964 5062 Θεοῦ
1013 5008 1373 5078 τετιμημένον
1401 5005 1638 5059 ἐναντίον

77 5099 154 5151 τοῦ
173 5100 380 5155 πάντων
430 5102 710 5156 Δεσπότου
739 5101 992 5154 ὀνειδίσαι
1040 5099 1293 5161 σπεύδει,
1326 5097 1474 5169 δῶρα
1507 5114 1640 5168 προ-

76 5193 240 5246 τείνων
287 5195 584 5268 ἀχρηστα,
635 5193 827 5265 δολερά
869 5209 928 5246 τε
969 5190 1105 5262 όμοῦ
1151 5192 1242 5243 καὶ
1289 5190 1494 5260 μάταια
1541 5189 1640 5259 τῆς

77 5284 243 5339 ἐαυτοῦ
273 5289 472 5351 ἀθλίας
503 5285 688 5356 ψυχῆς
718 5284 1109 5354 σπουδάσματα
1137 5281 1523 5351 πεποιημένος.

135 5392 148 5422 ⁸
177 5393 333 5451 Prov.
353 5412 498 5462 xvu,
528 5395 629 5462 24;
664 5393 840 5448 Eccle.
870 5409 989 5458 vm,
1021 5393 1074 5447 l.

131 5506 232 5576 (95)
263 5512 491 5578 Ἄνδρα
519 5509 856 5564 τοιοῦτον...
879 5505 1410 5578 ἐπιστρέψειηΜεε,
1440 5520 1552 5574 reg.
1586 5514 1642 5560 et

75 5573 264 5654 Tlntan.
284 5625 298 5644 ,
327 5573 509 5654 ἄνδρα
545 5579 750 5633 τοῦτον.
782 5579 904 5632 Mox
937 5573 1067 5633 vero
1100 5573 1223 5632 cod.
1253 5577 1443 5632 Medic.
1467 5617 1482 5640 ,
1506 5573 1640 5629 ἐπι-

74 5651 272 5724 στρέψει.
315 5651 583 5709 bucinus.

135 5721 232 5751 mm
277 5727 404 5751 νη..-
428 5724 530 5751 1x-
567 5739 629 5751 -.ι
659 5721 741 5751 Δ..
845 5719 1227 5751 A...~.~....A.m-
1288 5716 1414 5751 “in:

135 5716 530 5793 Τυφλός
567 5739 629 5775 τε
657 5721 806 5776 ὢν...
844 5716 1638 5799 ἀφῃρημένοςηδιίηἰιῐινιόιι-

1743 4543 1976 4598 fructus.
2034 4541 2130 4598 llis
2157 4550 2337 4597 autem
2382 4541 2629 4596 excussis
2663 4551 2825 4609 atque
2851 4540 3142 4609 projeetis,
3186 4540 3321 4594 mihi

1741 4649 1868 4688 vera
1904 4633 2045 4687 bona
2080 4634 2396 4688 hominibus
2449 4632 2724 4703 pr0posita
2759 4638 3161 4699 apparuerunt;
3217 4628 3323 4683 hnc

1742 4735 1845 4792 est,
1874 4727 2152 4796 sapientiae
2172 4726 2433 4796 cognitio,
2451 4735 2504 4778 et
2527 4721 2869 4778 fortitudinis
2899 4719 3133 4787 adeptio.
3165 4716 3323 4783 Quod

1744 4817 1790 4871 si
1823 4816 1944 4885 quis
1978 4815 2172 4869 harum
2221 4830 2352 4870 cura
2400 4813 2642 4881 neglecta
2665 4850 2682 4878 ,
2737 4810 2878 4864 alius
2903 4809 3210 4877 eujuspiam
3241 4808 3319 4861 rei

1744 4907 2035 4977 cupiditate
2062 4906 2352 4972 incitatur;
2382 4905 2469 4958 hic
2494 4913 2548 4958 et
2580 4902 2722 4956 mala
2754 4900 2913 4954 bonis
2937 4896 3239 4966 anteponit,
3266 4905 3322 4949 et

1743 5000 1936 5053 vitium
1976 5013 2076 5068 pro
2107 4997 2436 5068 benignitate
2481 5004 2534 5050 et
2579 4994 2775 5047 virtute
2810 4999 3188 5055 consectatur;
3225 4987 3320 5043 20.

1745 5092 1810 5148 Ει
1853 5107 2151 5147 aerumnam
2185 5104 2283 5160 pro
2309 5089 2510 5158 quiete,
2544 5086 2712 5141 variis
2766 5084 3090 5138 tumultibus
3120 5083 3318 5137 distra-

1745 5193 1885 5249 ctus,
1918 5193 2076 5238 noctu
2103 5193 2266 5252 atque
2295 5179 2531 5233 interdiu
2581 5178 2890 5244 divexatns,
2924 5185 3040 5230 tum
3073 5175 3318 5245 umenti-

1746 5277 1848 5331 bus
1889 5276 2134 5346 corporis
2187 5271 2486 5339 laboribus,
2537 5279 2652 5325 tum
2702 5271 2978 5339 perpetuis
3005 5268 3202 5323 anima:
3225 5281 3324 5322 cu-

1745 5502 1894 5556 binm
1922 5510 2005 5555 est
2027 5501 2158 5568 quin
2193 5497 2480 5560 legendum
2509 5498 2600 5564 sit,
2630 5495 2829 5567 τυφλός
2861 5514 2921 5550 τε
2954 5494 3056 5568 ὢν,
3094 5493 3186 5548 καὶ
3220 5490 3322 5560 τὴν

1748 5571 2011 5643 πρόσοψιν
2043 5567 2148 5624 ὑπὸ
2186 5570 2279 5623 τοῦ
2301 5571 2606 5643 σκότους...
2641 5568 3011 5643 ἀφῃρημένος.
3044 5567 3099 5618 In
3132 5574 3321 5642 praete-

1747 5639 1867 5766 ἕως
1894 5639 2038 5698 enim
2070 5642 2384 5698 accusativo
2432 5657 2647 5712 semper
2677 5639 2929 5712 jungitur
2959 5639 3324 5707 ἀφαιροῦμαι.

1794 5729 1984 5768 ιιιιυε.
