3862 6502
519 285 623 340 995
1587 287 1616 316 ⁸
1640 282 1699 336 S.
1741 280 2068 338 GREGOBII
2106 279 2620 337 THAUMATURGI
3653 284 3745 338 996

517 409 615 473 ris,
648 415 864 477 pectore
895 408 969 462 illi
1001 407 1071 460 ob
1100 406 1333 462 absurda
1367 405 1581 475 negotia
1613 404 2016 474 ingemiscente,
2034 412 2088 456 et
2133 401 2446 471 palpitante.
2486 400 2577 454 21.
2628 399 2815 469 Neque
2861 399 3005 454 enim
3052 415 3325 455 summum
3365 412 3422 456 et
3456 399 3736 471 perfectum

516 504 719 560 bonum
789 504 842 557 in
905 503 1199 557 esculentis
1241 511 1298 556 et
1338 500 1642 571 poculentis
1685 497 1970 562 consistit;
2010 495 2114 549 etsi
2161 494 2364 563 alioqui
2396 493 2635 548 maximo
2673 492 2766 546 Dei
2829 492 3089 546 benelicio
3130 493 3386 547 alimenta
3444 495 3746 550 mortalibus

520 600 864 667 contingunt.
922 596 1068 651 Nihil
1111 597 1256 651 enim
1287 611 1474 650 eorum
1506 610 1626 665 quae
1677 592 1838 647 nobis
1885 592 1954 644 ad
2010 591 2239 644 salutem
2285 590 2412 642 data
2467 596 2633 655 sunt,
2677 587 2816 642 citra
2875 587 3050 656 ipsius
3091 588 3488 656 providentiam
3534 591 3744 644 exsistit.

515 688 606 742 22.
663 687 858 744 Verum
885 687 1087 756 probus
1122 685 1341 755 quidem
1376 686 1486 748 vir,
1537 683 1968 752 sapientiamque
2002 678 2094 732 Dei
2137 677 2282 730 dono
2313 686 2663 740 consecutus,
2695 677 2901 732 cmlesti
2945 680 3224 748 voluptate
3261 677 3499 743 fruitur;
3543 678 3632 733 25.
3670 679 3746 734 Im.

518 780 722 850 probus
767 756 948 834 autem
985 780 1144 832 malis
1172 778 1431 832 divinitus
1469 774 1734 829 immissis
1780 771 2089 827 stimulatus
2113 766 2459 836 avaritiaeque
2492 767 2686 822 morbo
2736 777 3043 837 correptus,
3100 769 3270 822 multa
3327 784 3621 838 congerere
3649 783 3743 824 stu-

516 878 637 938 det;
689 874 778 928 2-1.
821 875 995 943 Atque
1027 891 1150 927 cum
1179 889 1337 943 quem
1375 873 1517 926 Deus
1544 873 1751 925 honore
1805 869 2014 929 allecit,
2050 866 2103 918 in
2148 864 2391 917 omnium
2429 863 2640 916 Domini
2679 875 2970 933 conspectu
3021 864 3236 934 probris
3291 864 3568 920 incessere
3615 867 3745 923 [eati-

513 976 630 1032 nat,
659 968 800 1022 dona
828 967 1038 1021 inutilia
1067 968 1371 1036 porrigens,
1402 964 1660 1019 insidiosa
1687 962 1848 1018 simul
1875 969 1928 1016 et
1947 973 2084 1013 vana
2111 956 2306 1010 animae
2333 970 2445 1009 suae
2475 955 2689 1009 misera:
2721 955 2899 1010 studia
2925 953 3152 1009 faciens.

1097 1057 1326 1112 CAPUT
1399 1057 1489 1110 Ill.

2156 1099 2162 1108 _
2778 1047 3027 1100 ΚΕΦΑΛ.
3091 1047 3164 1100 Γ’.

580 1151 632 1203 1.
675 1149 964 1204 Enimvero
996 1150 1096 1203 hoc
1121 1160 1331 1218 tempus
1355 1191 1369 1214 ,
1403 1149 1564 1204 rebus
1591 1149 1732 1201 inter
1762 1161 1820 1200 se
1850 1144 2049 1200 maxim

2261 1138 2466 1209 Χρόνος
2516 1137 2574 1190 δὲ
2618 1133 2770 1200 οὗτος
2823 1137 3038 1190 πάντων
3084 1138 3243 1208 γέμει
3287 1138 3397 1190 τῶν
3441 1142 3742 1213 ἑναντιωτή-

509 1241 798 1296 contrariis
831 1243 1046 1310 plenum
1075 1249 1194 1307 est;
1245 1241 1300 1294 ‘2.
1327 1239 1521 1294 Partus
1565 1249 1620 1292 et
1659 1237 1885 1300 mortis,
1933 1243 2050 1288 ortu

2184 1247 2292 1282 των
2315 1229 2447 1299 (97),
2474 1229 2735 1292 τοκετῶν,
2756 1224 2873 1281 εἶτα
2896 1229 3156 1294 θανάτων,
3189 1229 3532 1302 βλαστήσεως
3558 1233 3742 1300 φυτῶν,

511 1333 759 1401 Stirpium
806 1342 858 1386 et
920 1323 1221 1386 aversio'nis
1275 1341 1437 1400 atque
1482 1330 1733 1384 interitus
1765 1369 1780 1391 ,
1830 1329 1883 1382 5.
1913 1327 2050 1381 Cura

2184 1315 2305 1374 εἶτα
2353 1321 2695 1391 άνατροπῆς⁶
2742 1321 2934 1374 ίάσεων
2969 1323 3060 1374 καὶ
3106 1322 3468 1393 ἀναιρέσεων,
3504 1325 3669 1378 οἴκων
3695 1344 3738 1378 τε

511 1425 720 1476 tionum
749 1431 801 1477 et
833 1423 1058 1476 caedium
1079 1460 1094 1484 ,
1133 1421 1522 1477 exstructionis
1565 1420 1760 1475 aedium
1795 1426 1848 1473 et
1873 1417 2050 1471 destru

2183 1411 2526 1483 εύορθώσεως
2569 1413 2661 1466 καὶ
2698 1413 3077 1476 καταλύσεως.
3129 1413 3420 1484 κλαυθμῶν
3468 1417 3560 1469 καὶ
3593 1419 3739 1484 γελώ-

510 1515 724 1578 ctionis,
779 1514 831 1567 1-.
860 1513 1106 1568 Gemitus
1155 1524 1207 1568 ct
1228 1516 1401 1577 risus,
1455 1514 1703 1582 planctus
1743 1521 1796 1566 et
1837 1510 2050 1566 saltatio

2180 1520 2307 1565 των,
2343 1503 2585 1557 κοπετῶν
2617 1504 2710 1557 καὶ
2755 1505 3102 1576 ὀρχημάτων.
3137 1505 3249 1558 Νῦν
3284 1506 3380 1576 μὲν
3419 1508 3647 1576 συνάγει
3673 1526 3737 1572 τις

509 1622 662 1661 num.
724 1607 778 1661 5.
819 1604 972 1661 Nunc
999 1617 1156 1660 terrae
1186 1605 1392 1661 fructus
1428 1607 1623 1674 aliquis
1665 1607 1902 1675 colligit,
1937 1623 2045 1660 nun

2179 1594 2247 1647 τά
2296 1596 2403 1648 ἀπὸ
2448 1595 2584 1665 γῆς,
2613 1596 2707 1650 νῦν
2748 1596 2804 1649 δὲ
2846 1595 3099 1662 ἐξέϐαλε’
3145 1598 3238 1650 καὶ
3271 1597 3399 1649 ποτὲ
3435 1599 3534 1667 μὲν
3563 1601 3741 1669 ἐπιμέ-

411 1684 422 1695 ’
507 1713 702 1751 rursus
729 1697 902 1768 ejicit;
937 1712 1081 1751 nunc
1110 1697 1392 1752 mulierem
1425 1697 1650 1766 deperit,
1691 1706 1850 1766 atque
1886 1697 2050 1751 insatr

2156 1699 2319 1758 /p.~qu
2339 1687 2585 1756 γυναικὶ,
2607 1688 2738 1740 ποτὲ
2763 1688 2818 1741 δὲ
2853 1689 3020 1758 αὐτὴν
3044 1683 3358 1794 ἀποστυχεῖ.
3394 1690 3504 1742 Καὶ
3531 1691 3635 1744 νῦν
3658 1693 3738 1761 μὲν

507 1803 694 1842 amore
736 1788 1144 1857 complectitur;
1207 1803 1351 1842 nunc
1399 1789 1640 1856 impense
1687 1802 1805 1841 eam
1863 1787 1978 1840 odit
2027 1804 2050 1842 ε

2178 1780 2407 1851 ὲζήτησέ
2437 1798 2522 1843 τις
2552 1781 2749 1844 ὁτιοῦν,
2803 1781 2896 1834 νῦν
2946 1781 3002 1834 δὲ
3054 1780 3324 1835 ἀπώλεσε·
3379 1783 3469 1835 καὶ
3513 1783 3618 1836 νῦν
3658 1785 3738 1855 μὲν

505 1887 817 1942 aversatur;
870 1877 923 1931 6.
976 1876 1130 1933 Nunc
1173 1878 1375 1948 aliquid
1418 1879 1631 1948 quaerit,
1673 1894 1818 1934 nunc
1843 1881 2041 1934 amittit

2178 1871 2408 1940 ἐφύλαξε
2426 1913 2440 1937 ,
2458 1873 2553 1926 νῦν
2572 1873 2628 1926 δὲ
2649 1875 2925 1943 προήκατο
2947 1892 2959 1904 ·
2980 1874 3169 1927 ἄλλοτε
3197 1875 3538 1937 ἀπέκτεινεν,
3562 1875 3737 1929 ἄλλοτε

508 1985 655 2022 nunc
679 1970 962 2039 diligenter
991 1978 1254 2036 asservat,
1275 1985 1418 2024 nunc
1445 1971 1688 2039 projicit;
1732 1972 1782 2025 7.
1810 1970 1964 2026 Nunc
1994 1972 2046 2025 in

2177 1964 2440 2036 ὲφονεύθη
2463 1981 2476 1995 ·
2509 1964 2790 2036 ἐλάλησεν,
2813 1961 2930 2019 εἶτα
2961 1966 3231 2036 ἡσύχασεν
3253 1983 3266 1995 ·
3296 1967 3611 2037 ἠγάπησεν,
3635 1964 3736 2019 εἶτα

505 2060 721 2126 tet-ﬁcit,
757 2076 901 2115 nunc
928 2061 1314 2128 obtruncatur;
1352 2079 1496 2116 nunc
1522 2063 1794 2133 loquitur,
1831 2081 1974 2119 nunc
2003 2081 2046 2120 sn

2177 2055 2427 2127 ἐμίσησε.
2459 2056 2539 2109 Τὰ
2580 2056 2688 2128 γὰρ
2717 2059 2774 2110 ὲν
2808 2056 3114 2128 ἀνθρώποις
3144 2058 3438 2129 πράγματα
3476 2060 3612 2112 ποτὲ
3647 2060 3730 2129 μὲν

505 2150 672 2206 lentio
712 2152 1041 2219 acquiescit;
1090 2153 1144 2208 8.
1177 2151 1331 2208 Nunc
1376 2161 1551 2217 amat,
1601 2169 1748 2208 nunc
1778 2155 1903 2208 odio
1935 2155 2048 2209 inse

2177 2147 2522 2218 πολεμεῖται,
2565 2149 2750 2204 ἄλλοτε
2781 2149 2837 2201 δὲ
2875 2149 3244 2220 εἰρηνεύεται,
3300 2150 3619 2221 ὀξυῤῥόπως
3643 2151 3732 2203 τῶν

503 2252 700 2297 ctatur.
761 2242 870 2298 Res
899 2245 1043 2298 enim
1076 2244 1347 2310 humanm,
1397 2260 1542 2298 nunc
1569 2245 1708 2299 bello
1730 2245 2050 2301 afﬂictantur

2179 2241 2515 2311 πραγμάτων
2549 2239 2607 2306 ἐξ
2648 2239 2866 2309 ἀγαθῶν
2909 2234 3046 2292 εἶναι
3093 2240 3388 2294 δοκούντων
3429 2243 3513 2303 εἰς
3562 2241 3733 2312 ὁμολο-

503 2351 651 2390 nunc
675 2338 980 2406 tranquillae
1004 2345 1058 2391 et
1089 2346 1294 2406 pacatae
1320 2346 1476 2403 sunt;
1503 2345 1761 2406 tantaque
1781 2346 1865 2392 est
1883 2353 2050 2392 carun

2175 2331 2413 2400 γούμενα
2439 2330 2584 2384 κακά
2613 2332 3076 2402 μεταπιπτόντων.
3105 2333 3446 2404 Παυσώμεθα
3475 2336 3656 2388 τοίνυν
3684 2336 3733 2399 ἐξ

503 2425 904 2493 inconstantia,
947 2437 1006 2481 ut
1032 2443 1152 2496 quae
1183 2427 1346 2481 modo
1377 2430 1630 2482 secunda:
1656 2443 1776 2482 esse
1805 2428 2050 2483 videntur

2175 2424 2442 2493 ἀνονήτων
2478 2423 2708 2494 μόχθων.
2739 2421 2921 2475 Ταῦτα
2952 2423 3059 2496 γάρ
3092 2424 3326 2488 ἅπαντα,
3361 2424 3437 2488 ὥς
3468 2427 3536 2493 γέ
3565 2445 3650 2497 μοι
3670 2428 3736 2479 δο-

501 2516 662 2570 celeri
709 2527 984 2572 momento
1024 2519 1077 2571 in
1109 2519 1412 2573 certissima
1454 2519 1597 2572 mala
1630 2519 1974 2573 delabantur.
2017 2519 2069 2578 9.

502 2604 582 2658 Ac
616 2606 838 2674 proinde
867 2607 1024 2661 vanis
1049 2607 1327 2663 laboribus
1354 2610 1591 2664 exerceri
1615 2609 1944 2664 desinamus.
1987 2609 2070 2663 10.

500 2692 628 2750 llaec
655 2697 797 2750 enim
832 2700 1046 2764 omnia,
1084 2709 1143 2753 ut
1171 2701 1301 2753 mihi
1333 2701 1548 2770 quidem
1575 2702 1821 2767 videtur,
1875 2702 1941 2756 ad
1975 2702 2072 2756 ho-

501 2788 676 2842 mines
723 2789 1005 2846 virulentis
1054 2791 1257 2847 aculeis
1300 2793 1653 2847 concitandos
1696 2793 1873 2862 posita
1921 2803 2066 2850 sunt.

501 2880 588 2933 1-1.
636 2879 812 2950 Atque
879 2897 1164 2952 perversus
1202 2884 1419 2953 quidem
1475 2886 1784 2955 explorator
1826 2890 2069 2944 occasio-

500 2972 695 3042 nisque
726 2982 970 3043 captator
1008 2975 1134 3030 huic
1171 2977 1369 3031 saculo
1405 2977 1595 3044 inhiat,
1633 2977 1726 3033 Dei
1753 2979 2066 3050 ﬁgmentum

497 3063 676 3120 delere
725 3081 788 3120 ac
832 3067 1056 3136 perdere
1102 3072 1249 3122 omni
1284 3071 1628 3125 contentione
1676 3071 1961 3136 annitens,
2007 3080 2068 3126 ut

496 3155 592 3224 qui
627 3170 658 3209 a
691 3157 960 3227 principio
986 3158 1054 3213 ad
1090 3168 1392 3214 extremum
1431 3177 1604 3232 usque
1632 3177 1754 3216 cum
1781 3153 1848 3218 eo
1877 3164 2066 3218 conﬂi-

496 3263 624 3315 gere
657 3247 970 3305 instituerit.
1033 3251 1119 3304 12.
1150 3249 1477 3307 Persuasum
1505 3253 1686 3323 itaque
1719 3255 1912 3318 habeo,
1945 3255 2065 3309 ani-

496 3340 568 3392 mi
598 3339 957 3409 hilaritatem,
1013 3343 1101 3396 1'5.
1148 3351 1202 3398 et
1225 3342 1656 3408 beneﬁcentiam,
1702 3345 1938 3398 maxima
1965 3346 2064 3399 ho-

496 3433 628 3486 mini
665 3434 807 3488 bona
831 3449 982 3501 esse;
1023 3434 1107 3489 14.
1143 3443 1305 3505 atque
1327 3436 1460 3490 adeo
1482 3435 1696 3492 brevem
1722 3437 1862 3493 hanc
1887 3438 2060 3493 solam

495 3525 830 3594 voluptatem
875 3526 1136 3581 divinitus
1188 3527 1474 3591 obvenire,
1518 3528 1564 3584 si
1609 3531 1772 3585 rebus
1813 3531 2059 3600 gerendis

2175 2516 2294 2576 κεῖ,
2322 2513 2564 2585 κέντροις
2608 2513 2835 2576 ἰοὸόλοις
2881 2513 3198 2586 ἀνθρώπους
3229 2515 3529 2587 ὲξοιστρεῖν
3569 2517 3728 2584 ἐτέθη.

2172 2606 2547 2678 Καιροσκόπος
2577 2606 2637 2677 δή
2672 2623 2756 2670 τις
2791 2608 3024 2678 πονηρὸς
3051 2607 3141 2660 τὸν
3173 2607 3343 2661 αἰῶνα
3367 2607 3561 2662 τοῦτον
3594 2627 3734 2681 περι-

2172 2698 2429 2769 κέχηνεν,
2474 2697 2731 2766 ἀφανίσαι
2785 2698 3318 2770 ὑπερδιατεινόμενος
3360 2699 3424 2752 τὸ
3471 2700 3568 2753 τοῦ
3614 2700 3732 2753 Θεθῦ

2170 2789 2410 2860 πλάσμα,
2443 2789 2500 2856 ἐξ
2531 2791 2704 2861 ἀρχῆς
2736 2789 2884 2860 αύτῷ
2916 2790 3078 2861 μέχρι
3107 2791 3292 2855 τέλους
3320 2792 3580 2864 πολεμεῖν
3620 2795 3736 2863 ᾗπ-

2172 2880 2353 2950 μένος.
2377 2881 2682 2950 Πέπεισμαι
2708 2881 2886 2933 τοίνυν
2907 2879 2975 2932 τὰ
3007 2879 3236 2951 μέγιστα
3263 2883 3445 2948 ἀγαθά
3473 2881 3734 2953 ἀνθρώπῳ

2167 2972 2429 3044 εὐθυμίαν
2455 2974 2549 3026 καὶ
2578 2973 2822 3026 εὐποιΐαν
2852 2973 3138 3045 ὑπάρχειν,
3163 2975 3256 3027 καὶ
3289 2975 3390 3044 μέν
3414 2992 3501 3028 τοι
3531 2976 3627 3029 καὶ
3647 2974 3734 3044 τὴν

2166 3067 2497 3137 πρόσκαιρον
2525 3067 2725 3134 ταύτην
2756 3066 3054 3119 ἀπόλαυσιν
3081 3068 3143 3118 ὲκ
3173 3065 3307 3118 Θεοῦ
3336 3068 3733 3137 παραγενέσθαι

2168 3155 2355 3227 μόνον,
2391 3160 2438 3210 εί
2468 3157 2778 3229 δικαιοσύνη
2811 3158 2918 3212 τῶν
2946 3158 3196 3229 πράξεων
3227 3159 3336 3230 (98)
3364 3163 3575 3230 ἡγοῖτο.
3622 3160 3734 3212 Τῶν

2161 3247 2218 3301 δὲ
2256 3249 2486 3302 αἰωνίων
2519 3251 2610 3304 καὶ
2637 3249 2928 3320 ἀφθάρτων
2959 3249 3300 3322 πραγμάτων
3328 3287 3346 3314 ,
3388 3251 3491 3304 ὅσα
3543 3253 3573 3304 ὁ
3613 3250 3735 3311 Θεὸς

2161 3345 2372 3405 παγίως
2397 3338 2624 3410 ὥρισεν,
2659 3339 2783 3392 οὔτε
2810 3357 2862 3393 τι
2894 3341 3145 3408 ἀφελεῖν,
3175 3339 3302 3394 οὔτε
3334 3359 3390 3394 τι
3421 3342 3736 3412 προσθεῖναι

2160 3430 2398 3485 δυνατόν.
2436 3425 2504 3501 ᾮ
2543 3449 2647 3485 τινι
2692 3427 2784 3486 οὖν
2807 3471 2822 3495 ,
2855 3433 2969 3485 ἀλλ’
2999 3433 3177 3496 ἔστιν,
3212 3436 3398 3488 ἐκεῖνα
3442 3435 3655 3504 φοϐερά
3682 3447 3736 3484 τε

2159 3520 2292 3590 ὁμοῦ
2325 3523 2418 3576 καὶ
2447 3521 2765 3592 θαυμαστάο
2805 3525 2898 3578 καὶ
2943 3524 3013 3578 τά
3046 3525 3142 3594 μὲν
3173 3526 3471 3596 γενόμενα,
3503 3528 3731 3597 ἕστηκε·

487 3614 704 3683 iustitia
731 3626 952 3686 przeeat.
1011 3619 1099 3672 15.
1132 3622 1199 3672 At
1228 3633 1355 3674 vero
1385 3631 1705 3674 aeternarum
1735 3637 1915 3675 rerum
1949 3631 2050 3676 sta-

2156 3613 2224 3666 τὰ
2252 3614 2307 3667 δὲ
2337 3615 2589 3684 ἐσόμενα,
2617 3615 2716 3686 ἤδη
2751 3615 2893 3669 κατά
2920 3615 2981 3669 τὸ
3014 3615 3394 3686 πρπγνῶσθαι
3422 3618 3735 3688 γεγένηται.

497 3705 574 3759 tui
606 3706 1081 3776 corruptionisque
1115 3709 1440 3777 expertium,
1473 3719 1610 3778 quas
1643 3709 1782 3765 Deus
1814 3711 2050 3765 ﬁrmissi-

2158 3705 2274 3776 Θεῷ
2300 3706 2354 3758 δὲ
2380 3706 2640 3778 κέχρηται
2667 3707 2696 3758 ό
2733 3706 3080 3776 ἀδικούμενος
3115 3707 3310 3792 βοηθῷ.
3337 3705 3496 3760 Εἶδον
3530 3711 3592 3761 ὲν
3631 3710 3737 3771 τοῖς

494 3811 581 3849 me
627 3798 943 3862 constituit,
995 3814 1095 3853 nec
1125 3799 1325 3868 aliquid
1360 3801 1676 3865 detrahere,
1725 3817 1824 3856 nec
1859 3803 2050 3858 addere

2158 3797 2307 3850 κάτω
2339 3799 2549 3869 μέρεσι,
2574 3797 2848 3862 κολάσεως
2872 3799 2967 3868 μὲν
2996 3799 3266 3870 βάραθρον
3293 3799 3423 3864 τοὺς
3452 3801 3740 3862 δυσσεϐεῖς

491 3887 778 3956 quisquam
806 3895 1001 3957 potest.
1043 3888 1130 3944 16.
1187 3888 1384 3944 Verum
1421 3889 1782 3945 formidolosae
1813 3891 1974 3946 simul
2003 3903 2050 3948 et

2156 3889 2469 3959 δεχόμενον,
2532 3889 2776 3942 εὐσεϐέσι
2841 3889 2897 3942 δὲ
2949 3890 3122 3962 χῶρον
3169 3891 3357 3962 ἕτερον
3424 3893 3736 3963 ἀνειμένον.

491 3977 839 4033 admirabiles
873 3979 976 4034 illa:
1017 3987 1180 4047 sunt;
1229 3990 1390 4050 atque
1432 3996 1509 4036 ea:
1553 3982 1769 4050 quidem
1797 3999 1917 4053 quae
1939 3983 2053 4054 jam

493 4069 730 4136 fuerunt,
764 4071 984 4127 stabiles
1029 4082 1276 4137 manent;
1324 4090 1443 4144 qua:
1475 4085 1654 4130 autem
1683 4074 1875 4131 futura:
1904 4088 2050 4145 sunt,

484 4161 596 4228 jam
625 4161 921 4215 secundum
955 4163 1348 4232 praescientiam
1388 4165 1730 4218 exstiterunt.
1784 4165 2049 4220 Caeterum

489 4251 536 4304 is
565 4250 657 4318 qui
689 4251 885 4316 injuste
917 4252 1078 4307 laesus
1109 4261 1212 4316 est,
1241 4252 1352 4307 Deo
1379 4256 1700 4309 auxiliatore
1731 4257 1918 4311 utitur.
1960 4256 2048 4310 17.

490 4340 659 4395 Porro
709 4342 762 4396 in
812 4342 1000 4398 inferis
1027 4345 1269 4412 partibus
1295 4347 1543 4415 supplicii
1572 4346 1888 4401 barathrum
1913 4349 2048 4411 vidi,

489 4432 685 4501 impios
715 4434 1018 4502 excipiens;
1055 4435 1157 4504 piis
1187 4445 1394 4502 contra,
1429 4438 1610 4490 sedem
1637 4438 1859 4491 alteram
1900 4447 2050 4508 pate-

487 4521 704 4577 factam.
761 4524 846 4578 18.
877 4522 1007 4578 Illud
1047 4541 1263 4594 quoque
1291 4526 1554 4595 cogitavi,
1598 4528 1739 4596 apud
1773 4527 1940 4582 Deum
1976 4545 2049 4583 a2-

485 4613 665 4682 qualia
695 4614 876 4668 omnia
904 4629 1043 4676 esse.
1065 4617 1360 4671 existimari
1387 4627 1438 4672 et
1461 4617 1723 4686 judicari;
1760 4619 1896 4672 idem
1927 4635 2046 4674 esse

2169 3983 2526 4053 Ἐλογισάμην
2571 3983 2628 4035 δὲ
2670 3982 2847 4036 πάντα
2892 3983 3052 4053 ὃμοια
3107 3983 3372 4054 ὑπάρχειν
3415 3987 3579 4058 παρά
3626 3986 3741 4054 θεῷ

2153 4075 2463 4145 νομίζεσθαι
2495 4075 2588 4128 καὶ
2627 4075 2938 4146 κρίνεσθαι,
2968 4075 3160 4128 ταυτὸν
3190 4072 3328 4129 εἶναι
3361 4077 3620 4140 δικαίους
3648 4079 3739 4130 καὶ

2154 4167 2396 4231 ἀδίκους,
2440 4166 2631 4234 λογικά
2679 4167 2774 4220 καὶ
2819 4166 3008 4234 ἄλογα.
3050 4166 3251 4236 Χρόνον
3294 4184 3352 4220 τε
3385 4168 3502 4240 γάρ
3538 4171 3742 4222 ἅπασιν

2151 4257 2352 4326 ὁμοίως
2399 4256 2905 4326 ὲπιμεμετρῆσθαι,
2955 4258 3046 4310 καὶ
3075 4257 3304 4310 θάνατον
3343 4259 3738 4328 ἐπηρτῆσθαι.

2151 4347 2342 4400 ταυτόν
2370 4364 2429 4400 τε
2463 4344 2596 4400 εἶναι
2630 4347 2778 4417 παρά
2807 4347 2924 4418 Θεῷ
2968 4349 3176 4418 κτηνῶν
3205 4366 3266 4402 τε
3295 4351 3392 4402 καὶ
3427 4351 3741 4423 ἀνθρώπων

2150 4440 2291 4509 φῦλα
2311 4481 2324 4500 ,
2356 4441 2630 4512 διαφέρειν
2661 4444 2716 4496 δὲ
2746 4442 2988 4512 ἀλλήλων
3008 4481 3022 4502 ,
3059 4442 3203 4512 μόνῳ
3230 4441 3310 4511 τῷ
3337 4444 3606 4514 sapam.
3648 4445 3741 4512 τῆς

2151 4531 2332 4599 φωνῆς
2354 4547 2367 4558 ·
2415 4546 2478 4582 συ
2489 4531 2730 4600 μϐαίνειν
2761 4531 2815 4583 δὲ
2846 4530 3026 4593 αὑτοῖς
3062 4532 3275 4584 ἅπαντα
3326 4535 3704 4605 παραπλήσια
3727 4575 3741 4591 ,

2147 4622 2240 4674 καὶ
2269 4622 2356 4674 τὸν
2390 4621 2615 4675 θάνατον
2653 4625 2879 4692 χωρεῖν,
2914 4622 3064 4676 οὐδὲν
3102 4621 3303 4692 μᾶλλον
3333 4624 3428 4676 ἐπὶ
3461 4626 3542 4677 τὰ
3580 4626 3741 4677 λοιπὰ

478 4703 659 4771 justos
686 4713 739 4758 et
763 4705 1032 4773 injustos;
1062 4706 1203 4760 idem
1232 4708 1486 4762 animalia
1524 4713 1734 4762 ratione
1764 4711 1970 4764 utentia
1993 4720 2047 4765 et

2156 4713 2253 4766 τῶν
2299 4712 2480 4777 ζώων,
2517 4715 2662 4785 ἤπερ
2708 4716 2802 4768 καὶ
2839 4716 2926 4767 ἐπ’
2956 4713 3276 4783 ἀνθρώπους
3319 4716 3458 4783 (99).
3513 4717 3743 4787 Πνεῦμα

481 4795 673 4850 bruta:
715 4796 801 4850 19.
829 4795 1065 4865 Tempus
1094 4798 1235 4851 enim
1261 4800 1515 4854 omnibus
1538 4815 1690 4869 aeque
1722 4801 2040 4855 admensum

2156 4805 2251 4876 γὰρ
2284 4808 2448 4858 πᾶσιν
2478 4807 2660 4876 ὅμοιον
2691 4802 2826 4859 εἶναι
2847 4847 2860 4870 ,
2897 4807 2988 4860 καὶ
3019 4807 3178 4859 πλέον
3225 4808 3507 4879 ὑπάρχειν
3546 4814 3609 4864 ἐν
3651 4814 3741 4864 άν-

480 4899 624 4949 esse,
671 4895 725 4940 et
767 4896 996 4941 mortem
1035 4886 1371 4955 impendere;
1410 4889 1656 4958 idemque
1697 4891 1837 4957 apud
1873 4891 2038 4945 Deum

2156 4896 2378 4969 θρώποις
2413 4898 2572 4968 μηδὲν
2592 4937 2605 4961 ,
2635 4897 2769 4950 ἀλλά
2797 4899 2971 4952 πάντα
3013 4899 3092 4951 ἐνὶ
3125 4898 3270 4968 λόγῳ
3299 4896 3443 4952 εἶναι
3483 4905 3704 4973 μάταια
3723 4943 3739 4966 ,

478 4992 620 5042 esse,
653 4977 934 5031 hominum
965 4987 1018 5032 et
1038 4978 1412 5047 jumentorum
1455 4995 1654 5049 genus,
1687 4981 1802 5036 sola
1831 4991 2037 5036 tantum

2156 4989 2249 5040 Ξιπδ
2279 4990 2378 5058 τῆς
2416 4989 2588 5058 αὐτῆς
2632 4990 2733 5059 γῆς
2774 4989 3005 5042 λαϐόντα
3031 4989 3130 5060 τὴν
3177 4989 3442 5044 σύστασιν
3472 5033 3490 5056 ,
3527 4996 3631 5047 καὶ
3662 4996 3739 5055 εις

478 5069 763 5123 articulata
797 5069 945 5124 vocis
973 5069 1275 5138 prolatione
1301 5069 1440 5124 inter
1470 5086 1529 5125 se
1556 5071 1804 5140 dili‘erre;
1832 5074 2038 5144 reliqua

2156 5082 2239 5152 τὴν
2265 5080 2428 5149 αὑτὴν
2449 5081 2549 5150 γῆν
2579 5079 2767 5144 ἕξοντα
2787 5079 2884 5151 τὴν
2905 5079 3180 5134 ἀνάλυσιν.
3198 5080 3431 5152 Ἀδηλον
3456 5085 3580 5155 γάρ
3603 5080 3738 5139 εἶναι

549 5283 668 5359 (9η
710 5284 1192 5352 Ἐναντιωτήτων.
1236 5287 1495 5359 Anglicus
1524 5292 1668 5356 cod.,
1712 5294 2036 5348 ἐναντιωτά-

475 5371 600 5407 των.
637 5370 766 5408 υυς.

548 5424 658 5504 (θὸ)
703 5423 825 5504 [ὧν
847 5425 1136 5504 πράξεωγ.
1168 5427 1274 5504 Ms.
1304 5428 1497 5504 Medic.
1514 5472 1527 5493 ,
1562 5433 1669 5486 τῶν
1697 5433 2035 5504 πραγμάτων

474 5494 842 5575 ἠγοξτοκῐξιίς.
865 5514 879 5561 ;
913 5507 977 5575 et
989 5499 1068 5575 sic
1091 5498 1396 5575 legendum,
1420 5494 1960 5575 vel,‘évavtto§fjﬁuv.

546 5562 656 5634 (99)
684 5560 873 5638 Ούδὲν
899 5560 1199 5635 μᾶλλονᾷ
1241 5568 1333 5620 ἐπ’
1367 5560 1730 5638 ἀνθρώπους.
1764 5560 1874 5626 Νέσ
1901 5591 2035 5627 mor-

476 5642 577 5685 tem
619 5637 880 5710 ina_gi§__in
910 5649 1118 5710 Δ(κείω-(ι
1173 5640 1450 5710 animalia,
1475 5637 1653 5710 iquam
1689 5637 1753 5696 fin
1800 5645 2032 5697 homines

473 5706 727 5772 grauari.
757 5705 867 5760 Hoc
892 5707 1049 5775 dicit,
1093 5710 1268 5780 inquit
1305 5705 1664 5782 Hieronymus
1690 5753 1704 5778 ,
1749 5730 1854 5767 non
1887 5718 2030 5784 quod

2143 5301 2377 5353 animam
2401 5309 2551 5369 putet
2573 5301 2747 5370 perire
2767 5316 2887 5355 cum
2917 5317 3143 5370 corpore
3163 5319 3177 5367 ;
3200 5303 3286 5357 vel
3318 5319 3505 5362 unum
3539 5308 3737 5365 bestiis

2137 5383 2188 5423 et
2234 5370 2542 5443 hominibus
2570 5372 2857 5443 prmpar‘ari
2903 5371 3118 5443 locum:
3152 5375 3244 5426 sed
3275 5376 3427 5443 quod
3464 5389 3607 5433 ante
3635 5382 3734 5434 ad-

2137 5447 2356 5492 ventum
2391 5439 2592 5511 Christi
2636 5441 2817 5494 omnia
2858 5443 2922 5494 ad
2959 5441 3164 5495 inferos
3197 5439 3403 5511 pariter
3439 5446 3734 5505 duceren-

2136 5518 2242 5580 tur.
2279 5510 2430 5573 Quod
2462 5525 2526 5563 ne
2554 5521 2801 5577 putemus
2827 5511 2931 5566 dici
2958 5513 3118 5565 etiam
3147 5510 3213 5564 de.
3246 5515 3468 5580 anima,
3503 5519 3730 5576 intulit:

2142 5579 2330 5632 Omnia
2375 5580 2514 5647 facta
2541 5590 2662 5632 sunt
2685 5581 2748 5632 de
2775 5591 2936 5643 terra,
2967 5594 3013 5634 et
3051 5593 3369 5636 revertentur
3395 5579 3464 5637 in
3500 5598 3732 5646 terrane.

2140 5648 2212 5701 De
2245 5661 2382 5702 terra
2411 5661 2581 5702 autem
2615 5651 2746 5702 nihil
2777 5652 2876 5703 nisi
2908 5667 3092 5720 corpus
3127 5651 3329 5720 factum
3351 5664 3463 5708 est.
3500 5657 3666 5717 Bm”
