3862 6500
188 322 273 379 997
1207 314 1692 370 METAPHRASIS
1727 314 1793 370 IN
1836 312 2369 369 ECCI.ESIASTF.N.
3311 314 3414 369 998

185 436 294 507 περί
321 452 378 488 τε
410 434 519 487 τῶν
547 432 901 504 ἀνθρωπίνων
931 433 1139 504 ψυχῶν,
1163 436 1211 486 εί
1238 435 1638 503 ἀναπτήσονται
1661 432 1736 503 (l)

1853 440 2021 486 autem
2074 433 2257 487 omnia
2306 434 2437 503 ipsis
2474 433 2663 488 eodem
2706 433 2867 488 modo
2913 434 3265 505 contingere;
3322 436 3416 490 20.

183 530 296 589 ἀνω,
325 527 414 579 καὶ
438 527 566 597 περὶ
592 526 702 579 τῶν
730 526 930 580 λοιπῶν
958 525 1022 588 ἃς
1052 526 1121 579 τὰ
1149 526 1317 594 ἄλογα
1344 526 1665 595 κέκτηνται,
1692 525 1742 576 εί

1853 524 1947 579 Nec
1981 535 2212 580 mortem
2248 527 2422 597 magis
2461 528 2514 581 in
2545 535 2738 581 caetera
2766 529 3020 583 animalia
3044 546 3207 599 quam
3240 530 3293 584 in
3326 531 3423 585 ho-

182 621 312 674 κάτω
334 618 774 690 διαρῤυήσονται.
825 618 935 670 Καὶ
966 618 994 670 ὅ
1027 635 1116 687 μοι
1145 617 1321 669 ἐδόκει
1365 616 1528 687 μηδὲν
1556 616 1742 686 ἕτερον

1853 617 2017 670 mines
2051 619 2309 687 grassari.
2369 618 2460 672 2i.
2497 615 2766 672 Omnibus
2794 619 2936 672 enim
2966 621 3227 688 aequalem
3260 621 3421 689 spiri-

183 711 426 781 ὑπάρχειν
476 708 713 777 ἀγαθὸν,
755 710 801 761 εἰ
854 707 929 779 μὴ
974 709 1153 779 τρυφὴ
1194 708 1289 761 καὶ
1320 708 1428 760 τῶν
1462 708 1742 777 παρόντων

1853 715 1956 760 tum
1988 722 2147 773 esse,
2188 723 2287 763 nec
2314 709 2610 778 quidquam
2658 711 2880 764 omnino
2905 712 3139 780 amplius
3170 713 3421 769 homines

182 802 375 873 χρῆσις.
421 802 496 853 Ού
545 800 653 872 γὰρ
694 796 833 853 εἶναι
878 800 1039 853 πάλιν
1072 800 1293 871 ᾠήθην.
1329 799 1421 851 ἐπὶ
1461 798 1559 869 τὴν
1600 798 1737 852 ἀπό-

1853 797 2081 864 habere;
2118 798 2211 852 sed
2237 809 2457 864 cuncta,
2493 809 2554 853 ut
2579 816 2688 853 uno
2718 802 2882 855 verbo
2911 804 3109 865 dicam,
3134 820 3272 859 vana
3299 820 3423 860 esse

180 894 347 947 λαυσιν
375 893 578 946 τούτων
610 893 782 946 ἐλθεῖν
814 892 1035 947 δυνατὸν
1056 934 1071 959 ,
1107 891 1251 957 ἅπαξ
1283 888 1554 963 ἀνθρώπῳ
1580 889 1741 942 θανά-

1853 889 1914 943 ab
1940 891 2127 945 eadem
2155 900 2298 945 terra
2326 896 2845 961 coagmentationem
2872 895 3142 958 habentia,
3175 907 3336 963 atque
3366 897 3423 950 in

181 1002 260 1037 του
287 984 630 1055 γευσαμένῳ.

1853 981 2093 1035 eamdem
2147 990 2347 1035 terram
2394 983 2692 1052 dilapsura.
2765 986 3035 1039 incertum
3084 987 3230 1040 enim
3277 1002 3422 1052 esse,

181 1085 281 1139 tum
311 1078 379 1131 de
410 1077 668 1132 humanis
707 1076 1014 1142 animabus,
1045 1092 1113 1131 an
1157 1090 1375 1131 sursum
1407 1073 1770 1129 convolaturze
1812 1072 1953 1138 sint;
1990 1082 2103 1127 tum
2132 1074 2198 1128 de
2242 1075 2467 1144 reliquis
2503 1092 2639 1144 quas
2666 1077 2920 1131 animalia
2952 1080 3157 1135 ratione
3180 1084 3420 1136 carentia

182 1180 509 1241 acceperunt,
530 1186 599 1225 an
621 1172 877 1226 deorsum
904 1169 1207 1225 (limusurae
1234 1170 1377 1235 sint;
1409 1169 1499 1223 2‘2.
1528 1169 1605 1223 Ac
1631 1168 1762 1222 mihi
1796 1168 2002 1221 nullum
2060 1168 2207 1223 aliud
2270 1169 2471 1222 bonum
2516 1186 2637 1225 esse
2675 1172 2977 1235 videbatur,
3017 1192 3181 1244 quam
3216 1178 3424 1235 delicia:

181 1266 590 1335 etpraesentium
620 1267 1032 1321 commodorum
1055 1281 1210 1321 usus.
1255 1263 1440 1335 Neque
1495 1264 1638 1317 enim
1676 1262 1789 1317 ﬁeri
1835 1278 1996 1331 posse
2042 1261 2250 1332 putavi,
2294 1272 2350 1316 ut
2380 1264 2671 1333 quisquam
2718 1281 2909 1321 rursus
2938 1268 3004 1323 ad
3044 1270 3423 1340 percipiendas

184 1359 466 1429 voluptates
496 1360 754 1428 accedat,
812 1370 1162 1431 posteaquam
1198 1368 1429 1416 mortem
1458 1359 1624 1416 semel
1652 1357 1970 1429 degustarit.

761 1456 1013 1510 ΚΕΦΑΛ.
1052 1458 1125 1510 A’.

248 1541 375 1596 Ἀπὸ
400 1544 458 1597 δὲ
484 1542 688 1597 τούτων
724 1544 950 1598 ἀπασῶν
983 1546 1219 1616 ἐμαυτὸν
1250 1546 1583 1618 ἐπιστρέψας
1628 1544 1735 1598 τῶν

178 1634 381 1688 ἐννοιῶν
422 1637 845 1707 κατεσκεψάμην
888 1638 980 1690 καὶ
1012 1639 1367 1709 ἀπεστράφην
1407 1639 1581 1692 πάντα
1620 1637 1732 1708 εἴδη

2432 1452 2658 1508 CAPUT
2733 1453 2817 1508 ιν.

1914 1544 1965 1595 1.
1992 1543 2073 1597 Ab
2094 1543 2159 1599 iis
2177 1544 2431 1601 omnibus
2449 1547 2870 1616 cogitationibus
2888 1549 3132 1603 animum
3156 1567 3421 1608 revocans

1842 1636 2203 1701 consider-avi,
2236 1646 2399 1706 atque
2428 1650 2710 1694 aversatus
2742 1655 2862 1694 sum
2897 1643 3079 1695 omnia
3113 1646 3422 1714 schphan-

180 1728 535 1797 συκοφαντιῶν
584 1729 654 1781 τὰ
702 1730 760 1781 ἐν
796 1729 1104 1802 ἀνθρώποις
1150 1731 1505 1802 πλαζόμενα,
1557 1729 1616 1796 ἐξ
1662 1723 1736 1783 ὧν

1853 1728 2040 1782 tiarum
2073 1743 2269 1796 genera
2298 1730 2439 1785 inter
2470 1732 2723 1787 homines
2752 1733 2989 1788 errantia
3008 1775 3022 1800 ,
3052 1736 3249 1802 quibus
3281 1753 3420 1791 non-

176 1826 303 1884 τινες
341 1820 441 1890 μὲν
474 1821 816 1892 ἀδικούμενοι
848 1823 1140 1894 δακρύουσι
1185 1824 1279 1878 καὶ
1316 1823 1610 1896 θρηνοῦσι,
1650 1821 1739 1894 βίᾳ

1853 1818 1975 1873 nulli
1995 1818 2179 1888 inique
2206 1820 2563 1875 circumventi
2584 1838 2647 1877 ac
2666 1839 2762 1892 per
2790 1825 2897 1878 vim
2916 1826 3129 1892 dejecti,
3152 1827 3424 1900 lacrymas

177 1914 627 1984 καταϐεϐλημένα
657 1915 766 1967 τῶν
802 1917 1189 1987 ἐπαμυνόντων
1223 1917 1298 1984 (2)
1324 1957 1337 1981 ,
1384 1917 1416 1988 ἢ
1464 1918 1601 1981 ὅλως
1634 1935 1738 1970 πα-

1853 1906 2074 1962 Γυηᾱυιιι
2126 1916 2290 1979 atque
2356 1910 2760 1981 ingemiscunt;
2820 1916 3058 1985 undique
3106 1918 3175 1970 ab
3228 1919 3423 1973 amicis

177 2005 624 2077 ραμυθησομένων
653 2007 849 2070 αὐτοὺς
879 2007 1064 2079 πάσης
1098 2004 1434 2075 πανταχόθεν
1482 2006 1741 2076 κατεχού-

1853 2014 2065 2068 prorsus
2115 2000 2336 2069 inopes,
2388 2003 2481 2072 qui
2530 2018 2718 2058 eorum
2744 2020 2963 2060 causam
3014 2017 3293 2073 tueantur,
3328 2020 3423 2063 aut

178 2113 264 2167 σης
294 2098 556 2170 ἀπορίας·
592 2100 640 2150 οἱ
672 2099 727 2151 δὲ
757 2099 1053 2171 χειροδίκαι
1095 2102 1175 2163 είς
1204 2098 1334 2169 ὕψος
1374 2098 1645 2170 αἴρονται,
1681 2098 1739 2165 ἐξ

1853 2100 1987 2145 certe
2014 2090 2244 2146 alllictos
2270 2094 2643 2149 consolentur.
2675 2095 2744 2149 At
2766 2112 2894 2151 vero
2922 2098 3139 2153 violenti
3172 2100 3424 2155 homines

172 2184 225 2243 οὗ
251 2190 340 2243 καὶ
375 2191 681 2245 πεσοῦνται.
708 2192 827 2245 Τῶν
850 2192 905 2245 δὲ
925 2192 1124 2246 ἀδίκων
1154 2193 1248 2246 καὶ
1278 2192 1543 2265 θρασέων,
1560 2194 1608 2244 οἱ
1642 2192 1740 2262 μὲν

1853 2183 2035 2252 jusque
2059 2184 2113 2236 in
2139 2184 2391 2239 manibus
2414 2185 2693 2252 habentes,
2713 2188 2764 2241 in
2790 2189 3021 2244 sublime
3045 2194 3333 2255 vehuntur,
3351 2193 3425 2248 ob

177 2282 545 2346 ἀποθανόντες,
594 2284 815 2354 ἄμεινον
858 2284 1009 2356 παρά
1050 2285 1176 2347 τοὺς
1219 2284 1377 2355 μέχρι
1409 2283 1503 2337 νῦν
1537 2281 1742 2348 ζῶντας

1853 2291 2075 2346 eamque
2106 2292 2327 2331 causam
2364 2288 2638 2332 corruent.
2677 2278 2733 2334 2.
2773 2279 3061 2336 Enimvero
3094 2301 3157 2337 ex
3190 2300 3422 2340 consce-

174 2370 427 2443 ἔπραξαν.
446 2371 715 2442 Λίρετώτε
725 2389 815 2443 ρος
832 2371 889 2425 δὲ
908 2371 1113 2425 τούτων
1139 2370 1483 2442 ἀμφοτέρων,
1510 2370 1538 2420 6
1558 2371 1742 2439 ὅμοιος

173 2468 343 2529 αὐτοῖς
390 2465 663 2536 ἐσόμενος,
711 2464 935 2535 μηδέπω
964 2463 1021 2516 δὲ
1054 2464 1129 2534 (5)
1180 2461 1437 2531 γεγονὼς,
1480 2463 1562 2515 ὅτι
1591 2460 1743 2515 οῦπω

173 2558 263 2627 τῆς
288 2556 431 2610 κατὰ
450 2555 767 2627 ἀνθρώπους
794 2556 970 2626 ἥψατο
1002 2556 1283 2627 πονηρίας.
1312 2554 1545 2626 Φανερὸν
1571 2554 1627 2607 δέ
1654 2572 1742 2624 μοι

172 2650 377 2717 ἐγένετο
427 2650 519 2701 καὶ
569 2649 764 2711 ὁπόσος
810 2648 966 2719 ἀνδρὶ
1010 2647 1201 2717 φθόνος
1245 2647 1395 2718 παρά
1439 2647 1546 2700 τῶν
1575 2646 1743 2709 πέλας

172 2736 373 2800 ἕπεται,
420 2736 632 2810 οἶστρος
678 2738 938 2809 ὑπάρχων
983 2737 1217 2809 πονηροῦ
1259 2738 1567 2809 πνεύματος
1598 2755 1612 2768 ·
1650 2738 1745 2791 καὶ

170 2828 245 2879 ὅτι
270 2831 297 2881 6
325 2828 723 2899 ὑποδεξάμενός
751 2846 811 2882 τε
836 2827 1019 2888 αὑτὸν,
1052 2829 1145 2881 καὶ
1166 2830 1326 2882 οἱονεὶ
1356 2828 1745 2901 προστερνισά-

172 2936 343 2989 μενος,
379 2922 534 2974 οὐδὲν
574 2923 760 2993 ἕτερον
800 2922 931 2993 ἔχει,
975 2921 1009 2992 ἢ
1051 2920 1112 2974 τὸ
1138 2920 1389 2974 διεσθίειν
1421 2921 1519 2991 τὴν
1550 2918 1743 2974 ἐαυτοῦ

170 3012 355 3083 ψυχὴν,
395 3015 487 3066 καὶ
520 3014 789 3085 διαπρίειν
811 3030 871 3067 τε
899 3014 991 3066 καὶ
1011 3013 1253 3084 δαπανᾷν
1280 3012 1417 3083 μετὰ
1442 3012 1536 3065 τοῦ
1568 3012 1745 3083 σώμα-

170 3120 249 3168 τος
299 3105 497 3159 ἑαυτοῦ
552 3106 729 3178 λύπην
780 3106 1232 3178 ἀπαραμύθητον,
1287 3106 1386 3178 τὴν
1431 3106 1538 3196 τῶν
1570 3106 1744 3161 ἀλλων
1771 3139 1814 3196 C

169 3199 470 3270 εὐπραγίαν
506 3199 788 3271 τιθέμενον
813 3199 907 3270 (4).
944 3199 1154 3252 Ἕλοιτο
1183 3200 1226 3252 δ’
1252 3198 1316 3254 ἄν
1343 3217 1427 3263 τις
1447 3194 1506 3253 εῦ
1531 3200 1741 3272 φρονῶν

172 3289 397 3363 θατέραν
444 3292 725 3363 ἐμπλῆσαι
774 3290 882 3346 τῶν
932 3292 1152 3364 χειρῶν,
1205 3293 1303 3345 σὺν
1354 3291 1602 3364 ῥᾳστώνῃ
1648 3295 1741 3347 καὶ

169 3386 453 3456 πραότητι,
494 3386 637 3457 ἥπερ
675 3384 991 3456 ἀμφοτέρας
1039 3383 1136 3437 σὺν
1172 3382 1374 3455 μόχθῳ,
1404 3384 1500 3437 καὶ
1524 3384 1740 3457 δολεροῦ

170 3475 472 3548 πνεύματος
502 3476 825 3547 πανουργίᾳ.
869 3476 1025 3529 Ἔστι
1055 3474 1112 3527 δέ
1142 3492 1195 3528 τι
1227 3476 1320 3528 καὶ
1352 3475 1536 3547 ἓτερον
1556 3515 1571 3540 ,
1605 3478 1742 3546 ὅπερ

169 3563 275 3619 οἶδα
331 3567 630 3637 συμϐαῖνον
683 3567 835 3639 παρὰ
881 3566 944 3620 τὸ
994 3566 1290 3638 προσῆκον,
1344 3565 1535 3637 ἀνδρὸς
1580 3567 1743 3621 ἕνεκα

170 3656 537 3726 προαιρέσεως
556 3657 656 3709 οὐκ
677 3656 907 3726 ἀγαθῆς.
937 3657 1033 3718 ὐς
1060 3654 1437 3726 μεμονωμένος
1457 3654 1739 3720 πάντοθεν,

167 3746 255 3797 καὶ
286 3744 416 3798 οὔτε
446 3746 671 3816 ἀδελφὸν
697 3746 854 3817 ἔχων,
882 3743 1004 3799 οὔτε
1029 3745 1163 3811 υἱὸν,
1188 3748 1428 3816 κτήμασι
1453 3746 1509 3800 δὲ
1530 3746 1743 3812 πολλοῖς

170 3836 580 3908 εύθηνούμενος,
628 3838 902 3909 ἀπληστίᾳ
941 3837 1138 3901 συζῶν,
1174 3839 1499 3910 χρηστότητι
1553 3839 1742 3892 ἐαυτὸν

166 3928 271 3980 οὐθ’
304 3930 447 3992 ὅλως
475 3928 652 3983 ὁτιοῦν
690 3928 966 3983 ἐπιδοῦναι
996 3929 1161 3985 θέλει.
1207 3930 1402 3994 Ἡδέως
1432 3926 1525 3984 οῦν
1553 3930 1618 3984 ἂν
1643 3932 1742 3985 αὑ·-

166 4020 253 4072 τὸν
297 4021 549 4092 ἐροίμην,
594 4022 716 4074 ὅτου
763 4021 921 4092 χάριν
952 4023 980 4075 6
1010 4022 1250 4086 τοιοῦτος
1296 4021 1514 4093 μοχθεῖ,
1549 4022 1609 4075 τὸ
1646 4024 1741 4093 μὲν

165 4111 362 4179 ἀγαθόν
393 4130 449 4165 τι
481 4113 675 4184 δρᾶσαι
732 4114 1110 4185 προτροπάδην
1134 4113 1369 4183 φεύγων,
1392 4114 1660 4178 ποικίλαις
1686 4114 1743 4168 δὲ

166 4201 255 4254 τοῦ
286 4204 735 4275 χρηματίσασθαι
785 4205 947 4258 ποθεν
998 4205 1312 4276 ἐπιθυμίαις
1350 4204 1738 4277 διασπώμενος.

167 4292 347 4365 Πολλῴ
370 4296 432 4347 δὲ
454 4296 641 4348 τούτου
666 4295 903 4365 βελτίους
928 4295 975 4347 οἳ
996 4296 1279 4349 κοινωνίαν
1306 4297 1422 4367 ἅμα
1441 4295 1556 4366 βίου
1577 4296 1745 4349 ἐστεί-

165 4386 341 4449 λαντο,
357 4390 420 4454 ἐξ
436 4383 501 4460 ἦς
521 4389 813 4458 καρποῖντο
826 4387 890 4440 ἂν
905 4386 971 4439 τὰ
988 4386 1239 4457 βέλτιστα
1255 4386 1376 4458 (4¹);
1401 4386 1503 4439 Δύο
1517 4385 1624 4458 γάρ
1652 4388 1744 4440 ἀν-

1846 2364 2032 2420 leratis
2060 2374 2114 2419 et
2140 2366 2460 2431 audacibus,
2504 2368 2540 2420 ii
2584 2369 2679 2437 qui
2718 2384 2783 2421 ex
2818 2370 2919 2425 hac
2950 2372 3055 2425 vita
3092 2373 3421 2443 migrarunt,

1844 2459 2066 2513 meliore
2098 2460 2409 2515 conditione
2449 2472 2604 2525 sunt,
2650 2478 2815 2533 quam
2864 2465 2956 2533 qui
2996 2466 3291 2520 etiamnum
3337 2469 3421 2520 vi~

1844 2556 1999 2601 vuut.
2043 2547 2095 2601 5.
2130 2546 2387 2619 Utrisque
2420 2562 2600 2605 autem
2644 2551 3045 2620 praeferendus,
3089 2558 3181 2625 qui
3225 2558 3422 2613 similis

1844 2653 2033 2693 eorum
2060 2638 2279 2696 futurus
2310 2652 2411 2706 est,
2447 2658 2545 2697 nec
2575 2653 2791 2699 creatus
2816 2646 2993 2701 adhuc
3020 2657 3135 2715 est;
3161 2650 3422 2718 quoniam

1844 2728 2128 2785 hominum
2169 2732 2570 2801 improbitatem
2602 2737 2845 2789 nondum
2884 2738 3080 2809 attigit.
3120 2740 3175 2794 4.
3207 2739 3427 2809 Perspi-

1846 2835 2006 2875 cuum
2036 2822 2171 2876 mihi
2194 2839 2411 2893 quoque
2438 2824 2642 2880 factum
2677 2835 2780 2891 est,
2813 2839 3013 2897 quanta
3046 2831 3422 2899 proximorum

1847 2912 2053 2967 invidia
2088 2914 2319 2983 probum
2351 2916 2528 2970 virum
2572 2930 2853 2988 sequatur,
2887 2930 3113 2974 (nstrum
3154 2922 3425 2977 exsisteus

1848 3004 2048 3075 impuri
2068 3008 2311 3076 spiritus.
2357 3009 2411 3062 5.
2439 3007 2704 3079 Quodque
2735 3011 2781 3065 is
2806 3012 2898 3081 qui
2932 3014 3070 3067 hanc
3094 3016 3424 3083 susceperit,

1848 3114 1912 3153 ac
1940 3099 2087 3154 velut
2110 3108 2325 3169 pectore
2349 3103 2667 3170 complexus
2692 3104 2873 3168 fuerit,
2907 3105 3040 3158 nihil
3065 3106 3209 3159 aliud
3234 3106 3421 3172 habet,

1846 3206 2011 3261 quam
2043 3191 2186 3260 quod
2227 3192 2465 3246 animam
2508 3209 2662 3248 suam
2686 3207 2838 3249 exest
2858 3206 2911 3249 ct
2940 3195 3198 3263 dissecat,
3231 3198 3423 3253 simul.

1848 3297 1955 3352 que
1977 3298 2099 3337 cum
2127 3297 2356 3353 corpore
2378 3284 2649 3352 absumit;
2668 3302 2958 3342 mmrorem
2984 3289 3421 3357 acerbissimum,

1848 3389 1949 3428 nec
1972 3375 2166 3428 solatio
2196 3374 2304 3428 ullo
2334 3375 2707 3445 mitigabilem,
2740 3378 2972 3432 aliorum
3004 3380 3416 3449 prosperitatem

1847 3463 2185 3519 existimans.
2218 3466 2270 3519 6.
2293 3466 2459 3536 Atqui
2492 3470 2810 3537 praeoptarit
2843 3470 2925 3523 vir
2956 3470 3174 3539 sapiens
3207 3480 3261 3526 et
3296 3487 3421 3527 cor-

1848 3558 2029 3623 datus,
2057 3558 2281 3613 alteram
2308 3574 2532 3614 manum
2555 3576 2678 3614 cum
2704 3559 2961 3616 facilitate
2990 3571 3043 3616 et
3075 3562 3293 3617 levitate
3320 3564 3422 3619 im-

1849 3648 2028 3717 plere;
2065 3664 2228 3718 quam
2260 3658 2551 3719 utramque
2580 3665 2700 3704 cum
2736 3667 2978 3706 aerumna
3008 3663 3060 3707 et
3089 3652 3421 3709 fraudulenti

1851 3738 2077 3807 spiritus
2115 3740 2407 3795 calliditate
2449 3750 2503 3795 et
2545 3743 2804 3796 versutia.
2850 3742 2901 3798 7.
2933 3742 3030 3799 Est
3069 3752 3123 3798 et
3161 3746 3418 3814 quiddam

1851 3830 2016 3894 aliud,
2053 3831 2196 3900 quod
2231 3843 2422 3901 przeter
2454 3831 2537 3888 fas
2560 3840 2614 3887 et
2641 3849 2857 3903 azquum
2882 3834 3086 3890 homini
3117 3837 3186 3891 ob
3215 3837 3422 3907 impro-

1850 3922 1973 3976 bam
2008 3924 2337 3977 voluntatem
2385 3925 2697 3995 contingere
2742 3927 2875 3981 scio.
2934 3927 2988 3981 8.
3034 3926 3138 3993 Qui
3180 3931 3421 3999 undique

1850 4014 2000 4069 solus
2026 4016 2267 4070 relictus.
2308 4030 2406 4069 nec
2429 4015 2649 4071 fratrem
2675 4032 2773 4072 nec
2797 4016 2965 4070 tilium
2999 4018 3225 4082 habens,
3248 4019 3420 4075 facul-

1852 4106 2056 4161 tatibus
2079 4115 2136 4161 et
2160 4107 2332 4176 copiis
2370 4107 2615 4173 alliuens,
2658 4108 2967 4177 inexplebili
3005 4109 3299 4178 cupiditate
3328 4126 3420 4165 ar-

1849 4198 1959 4263 det,
2007 4214 2107 4254 uec
2160 4199 2530 4254 beneﬁcentiae
2583 4210 2745 4270 atque
2796 4202 3117 4256 humanitati
3152 4218 3209 4256 se
3238 4204 3417 4273 ipsum

1850 4292 1962 4345 ullo
1999 4292 2161 4346 modo
2202 4293 2412 4347 tradere
2451 4294 2617 4362 cupit.
2654 4293 2731 4347 Ex
2761 4309 2827 4348 eo
2854 4295 3016 4364 igitur
3052 4294 3244 4349 lubens
3271 4312 3419 4364 quaa-

1851 4384 2092 4449 siverim,
2134 4400 2299 4454 quam
2348 4386 2418 4440 ob
2464 4401 2686 4440 causam
2730 4386 3006 4441 laboribus
3047 4402 3105 4441 se
3144 4389 3417 4451 conﬁciat,

163 4479 302 4549 δρῶν
331 4484 451 4544 τοίς
475 4481 659 4543 αὐτοῖς
687 4480 1006 4551 πράγμασιν
1036 4479 1209 4550 ὀρθῶς
1238 4480 1666 4551 προσκειμένων,
1695 4481 1742 4533 εί

1853 4473 1977 4528 boni
2023 4474 2242 4543 quidem
2299 4476 2505 4545 aliquid
2560 4475 2738 4531 facere
2784 4492 3131 4545 summopere
3179 4477 3416 4547 fugiens,

165 4574 255 4625 καὶ
294 4573 517 4644 θατέρῳ
561 4574 667 4626 τινὶ
709 4572 992 4644 προσπέσῃ
1035 4590 1113 4625 τι·
1156 4571 1290 4626 ἀλλά
1321 4573 1425 4643 μὴν
1457 4573 1516 4625 ού
1543 4571 1744 4643 μικρὰν

163 4665 487 4737 ἐπικουρίαν
527 4664 660 4735 ἔχει,
698 4665 789 4718 τὸν
831 4664 980 4734 αύτῷ
1014 4665 1261 4719 συνόντα.
1292 4664 1537 4737 Μεγίστη
1567 4664 1623 4718 δὲ
1652 4666 1745 4718 καὶ

167 4758 427 4828 συμφορὰ
458 4757 727 4829 ἀνθρώπῳ
752 4755 1173 4828 δυσπραγοῦντι,
1217 4757 1308 4809 καὶ
1344 4758 1376 4827 ἡ
1418 4756 1620 4827 ἐρημία
1650 4756 1744 4809 τοῦ

165 4851 634 4922 ἀνακτησομένου.
668 4851 729 4903 υἱ
766 4850 811 4903 δ’
841 4845 907 4903 αὖ
939 4850 1254 4920 όμοδίαιτοι,
1281 4850 1374 4902 καὶ
1408 4848 1500 4921 τὴν
1539 4852 1746 4922 εὐπρα-

164 4942 288 5009 γίαν
322 4944 516 5005 αὐτοῖς
554 4941 955 5004 ἐδιπλασίασαν,
1001 4942 1096 4994 καὶ
1141 4941 1480 5012 πραγμάτων
1514 4941 1746 5013 ἀϐουλή-

164 5049 269 5087 των
306 5034 560 5105 χειμῶνα
599 5033 1092 5104 παρεμυθήσαντο⁶
1138 5031 1278 5084 ὥστε
1308 5032 1401 5085 καὶ
1436 5032 1747 5104 μεθημέραν

162 5128 228 5194 τῇ
261 5128 351 5178 ἐπ’
382 5124 634 5196 ἀλλήλοις
654 5122 1067 5194 λαμπρύνεσθαι
1095 5122 1395 5195 παρρησίᾳ,
1421 5124 1513 5176 καὶ
1533 5122 1747 5193 νύκτωρ

235 5282 312 5351 (1)
391 5278 877 5351 Ἄναπτήσονται.
922 5277 1151 5334 Codices
1205 5280 1339 5350 regii
1386 5287 1440 5334 et
1492 5277 1744 5345 Thuan.,

162 5349 587 5423 ἀναστήσονται.
619 5349 746 5423 Duc.

233 5422 312 5505 (‘2)
345 5418 471 5504 .Bft}
494 5418 993 5505 καταϐἱϐίῃμέτςοι
1018 5418 1592 5505 τῶνλέπαμρνώίτωπς.
1617 5418 1750 5505 Post

164 5490 523 5562 participium
549 5490 1013 5560 καταϐεϐλημένα
1044 5490 1358 5562 collocanda
1388 5499 1471 5543 est
1515 5490 1744 5559 virgula,

167 5560 224 5617 ut
260 5560 545 5635 genitivus
589 5577 825 5631 sequens
859 5560 1494 5635 énauuvévcwvregatur
1531 5574 1561 5613 a
1590 5562 1745 5635 geni-

166 5629 284 5689 tivo
304 5632 547 5702 ἀπορίας
569 5671 584 5695 ,
620 5629 728 5685 nun
761 5641 941 5686 autem
974 5629 1009 5702 a
1033 5631 1215 5685 dativo
1246 5629 1360 5701 βίᾳξ
1385 5629 1570 5702 Neque
1595 5630 1744 5684 enim

167 5706 218 5756 vi
250 5701 557 5772 dejiciinur
593 5702 660 5755 ab
701 5703 769 5756 iis
796 5702 889 5772 qni
926 5701 1084 5755 nobis
1116 5711 1483 5756 succurrunt:
1512 5701 1742 5772 ἐπαμυ-

168 5770 408 5829 νόντων
434 5782 613 5847 autem
626 5772 747 5828 ἀντὶ
764 5770 855 5826 τοῦ
878 5772 1203 5847 ἐπαμύνεικ
1219 5773 1582 5842 ὀφειλόντων
1593 5770 1741 5845 δορί-ν

1849 4566 2242 4636 multiplicibus
2277 4578 2457 4623 autem
2496 4578 2738 4639 quaastus
2779 4570 3029 4623 alicunde
3060 4568 3291 4622 faciendi
3316 4585 3415 4623 cu-

1846 4658 2163 4727 piditatibus
2202 4660 2515 4716 distractus.
2563 4661 2617 4714 9.
2670 4660 2885 4725 Quanto
2927 4659 3141 4713 tandem
3169 4660 3272 4713 hoc
3302 4674 3418 4713 me-

1847 4748 2032 4815 liores,
2059 4750 2151 4819 qui
2176 4750 2299 4805 vita:
2321 4750 2633 4805 societatem
2664 4751 2919 4814 inierunt,
2950 4764 3013 4802 ex
3046 4764 3152 4818 qua
3182 4749 3417 4817 optimos

1847 4841 2057 4899 fructus
2106 4844 2394 4913 decerpere
2432 4844 2669 4913 queant?
2701 4842 2786 4895 10.
2825 4842 3047 4896 Duobus
3105 4840 3249 4895 enim
3281 4841 3417 4896 viris

1846 4936 2010 4991 rebus
2060 4936 2251 4991 iisdem
2296 4944 2449 4989 recte
2495 4935 2955 4997 incumbentibus,
3001 4934 3214 4988 etiamsi
3259 4934 3415 4987 alteri

1848 5028 2125 5098 quidpiam
2168 5028 2383 5084 adversi
2415 5029 2644 5091 accidat,
2678 5036 2861 5080 tamen
2893 5027 3033 5079 haud
3083 5027 3197 5080 leve
3230 5026 3409 5079 subsi-

1846 5120 2000 5174 dium
2042 5120 2095 5175 in
2140 5121 2311 5175 sodali
2347 5131 2403 5176 et
2439 5119 2813 5175 contubernali
2845 5134 2945 5173 suo
2970 5118 3205 5187 positum
3230 5116 3414 5170 habet.

1847 5294 1995 5347 pere,
2022 5288 2081 5333 ut
2104 5277 2424 5346 Wolfangus
2452 5275 2618 5339 facit,
2660 5274 2824 5329 nimis
2852 5273 3151 5329 violentum
3178 5270 3312 5327 mihi
3335 5269 3389 5325 vi

1848 5351 2025 5403 detur.
2064 5350 2214 5402 Βιιι..

1919 5420 1994 5490 (ὅ)
2034 5418 2287 5490 Μηδέπω
2302 5416 2403 5490 δέ.
2436 5414 2628 5472 Billius
2655 5432 2721 5471 ex
2762 5414 2886 5471 cod.
2934 5412 3149 5479 Medic.,
3186 5410 3280 5466 καὶ
3311 5424 3402 5483 μη-

1846 5487 1993 5543 δέπω
2020 5487 2273 5557 γεγονώς.
2301 5487 2432 5541 Duc.

1919 5561 1995 5631 (4)
2031 5551 2372 5631 ⁷Ίςίθέμενον.
2414 5556 2545 5611 Cod.
2583 5556 2797 5619 Medic.,
2824 5554 3103 5631 τιθέμενος
3157 5551 3232 5608 ID.

1921 5624 2021 5700 (4³)
2049 5630 2128 5683 Ex
2162 5624 2286 5682 uota
2330 5628 2711 5700 interrogativa
2738 5628 3023 5700 conjicere
3058 5626 3202 5700 licet,
3232 5624 3391 5692 legent
3470 5669 3478 5675 .

1847 5696 1975 5754 dum
2005 5696 2179 5771 πόσῳ,
2225 5701 2364 5771 loco,
2398 5697 2621 5771 ﬁOXKtEL,
2646 5698 2750 5751 nisi
2798 5696 3279 5767 interrogationem
3319 5705 3405 5748 οιι

1849 5773 2065 5829 cludere
2099 5768 2270 5838 magis
2301 5770 2528 5837 placeat.
2552 5768 2717 5823 Eon.
