3862 6494
485 332 507 384 1
517 332 622 386 005

1627 333 1682 386 s.
1724 321 2048 388 cneConu
2089 317 2598 388 THAUMATURCI

3579 321 3711 378 10M

481 451 535 506 '2.
582 449 717 505 Cum
766 450 1022 504 nimirum
1073 449 1216 503 Deus
1251 450 1486 520 cuipiam
1538 453 1719 507 omnia
1772 469 1895 523 qua:
1943 454 2036 524 ipsi

2149 452 2459 524 καταθύμια
2509 451 2687 506 αὐτῶν
2745 451 2955 506 ἅπαντα
3005 451 3442 523 ὲπιχορηγήσας,
3502 445 3716 518 μηδενος

391 525 402 536 ’
482 542 634 596 cordi
665 549 842 608 erant,
879 539 1095 594 abunde
1118 541 1564 611 suppeditaverit,
1617 559 1715 598 nec
1739 545 1846 598 ulla
1870 543 2047 598 omni-

480 649 553 687 no
584 648 644 687 re
673 647 738 687 ex
766 633 1023 687 omnibus
1071 647 1192 702 qua:
1219 635 1462 688 animum
1493 635 1786 704 cupiditate
1818 643 2046 704 tentant,

478 739 603 780 eum
639 725 981 794 spoliaverit;
1033 741 1142 779 non
1175 727 1371 796 opibus
1409 735 1464 780 et
1503 726 1886 792 facultatibus,
1939 743 2046 782 non

478 816 650 887 gloria
685 826 738 870 et
769 817 1078 886 splendore,
1113 835 1222 873 non
1245 819 1466 889 reliquis
1489 819 1609 874 aliis
1630 819 1902 886 Omnibus,
1929 835 2050 890 quae

477 911 738 966 mortales
769 913 834 966 ad
870 923 1146 982 stuporem
1193 929 1366 982 usque
1410 913 1750 967 admirantur
1783 932 1795 967 :
1831 913 1920 967 ille
1953 929 2049 968 au-

381 991 392 1006 ’
478 1011 585 1056 tem
630 1003 886 1060 omnibus
939 1005 1102 1060 rebus
1145 1003 1533 1060 circumﬂuens
1580 1004 1758 1074 (quasi
1807 1005 1908 1059 hac
1941 1019 2047 1058 una

475 1096 789 1151 Calamitate
846 1097 1107 1154 divinitus
1157 1097 1360 1152 inﬂicta
1425 1097 1720 1166 implicitus
1775 1104 2045 1164 teneatur,

474 1187 622 1256 quod
654 1201 842 1242 earum
873 1187 1052 1244 fructu
1083 1189 1311 1258 careat),
1351 1189 1439 1243 alii
1474 1204 1570 1244 sua
1600 1197 1878 1256 asservat,
1925 1189 2050 1243 inu-

474 1279 587 1334 tilis
619 1280 907 1350 prolapsus
935 1291 988 1335 et
1015 1281 1120 1335 sibi
1153 1291 1208 1337 et
1231 1281 1517 1351 proximis.
1559 1283 1612 1336 5.
1651 1279 1766 1337 Hoc
1795 1297 1927 1337 sane
1961 1296 2050 1335 ar-

476 1381 794 1442 gumentum
847 1389 1102 1443 magnum
1131 1413 1146 1439 ,
1201 1375 1527 1444 signumque
1572 1374 1918 1444 perspicuum
1952 1389 2046 1428 ex-

475 1473 661 1518 tremae
708 1465 992 1534 cujusdam
1043 1465 1410 1536 improbitatis
1457 1482 1578 1521 esse
1625 1481 1844 1521 censeo.
1901 1465 2046 1533 Quin

474 1557 626 1610 illum
653 1574 873 1628 quoque
898 1559 1198 1626 hominem,
1237 1561 1330 1630 qui
1361 1559 1716 1630 plurimorum
1749 1561 2044 1616 liberorum

473 1661 624 1718 pater
660 1652 778 1706 sine
825 1652 931 1706 ulla
979 1651 1280 1707 oﬂ'ensione
1325 1653 1675 1718 nominatus,
1725 1655 1946 1723 vitaque
1989 1655 2046 1709 in

470 1743 704 1815 longum
723 1745 1009 1814 producta,
1037 1745 1370 1816 benignitate
1397 1754 1578 1800 tamen
1607 1761 1670 1801 ac
1692 1745 1901 1801 deliciis
1930 1747 2046 1800 ani-

2150 547 2456 600 οὑτινοσοῦν
2511 545 2617 600 τῶν
2661 549 2738 612 είς
2782 549 3073 620 ἐπιθυμίαν
3105 546 3364 600 ἐλθόντων
3395 542 3556 596 αὑτὸν
3587 541 3710 611 ἀφέ-

2149 639 2337 710 ληται,
2378 639 2450 709 μὴ
2487 641 2821 708 περιουσίας,
2860 641 2932 711 μὴ
2983 637 3314 702 πολυδοξίας,
3353 635 3425 707 μὴ
3471 633 3580 688 τῶν
3617 633 3720 685 λοι-

2153 731 2268 784 πῶν
2315 733 2444 804 περὶ
2489 731 2587 783 ὅσα
2621 731 2894 805 ἄνθρωποι
2930 732 3235 803 ἐπτόηνται·
3265 732 3294 784 ό
3323 729 3380 783 δὲ
3419 731 3534 791 τοῖς
3561 728 3719 779 πᾶσιν

2149 821 2561 893 εύθηνούμενος,
2617 822 2805 894 ὥσπερ
2853 822 3025 894 τούτῳ
3072 823 3216 894 μόνῳ
3270 821 3517 892 θεηλάτῳ
3571 817 3719 886 κακῷ

2153 915 2531 984 συνεχόμενος,
2577 915 2654 986 τῷ
2709 917 2782 987 μὴ
2822 914 3140 981 ἀπολαύειν,
3189 913 3390 984 ἑταίρῳ
3429 910 3509 981 τῷ
3561 907 3719 964 αὑτοῦ

2149 1005 2499 1077 ταμιεύσεται
2535 1007 2680 1077 (l2),
2711 1007 2890 1060 πεσὼν
2931 1007 3178 1078 ἄκαρπος
3225 1005 3318 1059 καὶ
3370 1003 3584 1073 ἑαυτῷ,
3631 1002 3720 1056 καὶ

2149 1101 2260 1162 τοῖς
2307 1097 2550 1168 πλησίον.
2606 1099 2775 1151 Τοῦτο
2837 1099 2979 1168 μέγα
3027 1101 3322 1172 τεκμήριον
3365 1097 3458 1150 καὶ
3507 1095 3719 1165 ἔλεγχον

2151 1191 2422 1262 περιφανῆ
2490 1191 2930 1263 ὑπερϐαλλούσης
2986 1191 3096 1261 ἐγὼ
3150 1191 3367 1261 τίθεμαι
3425 1189 3715 1260 πονηρίας·

2147 1281 2318 1352 ἄνδρα
2359 1299 2417 1335 τε
2471 1283 2693 1346 ἐκεῖνον,
2748 1283 2806 1346 ὃς
2855 1283 3120 1338 πλείστων
3169 1283 3348 1355 πατὴρ
3403 1281 3720 1353 ὀνομασθείς

2147 1375 2350 1427 τέκνων
2367 1373 2586 1440 ἀσινῶς,
2623 1377 2770 1446 βιοὺς
2801 1378 2856 1431 δὲ
2873 1377 3064 1448 χρόνον
3089 1378 3316 1449 μακρὸν,
3347 1379 3448 1430 ούκ
3481 1374 3720 1447 ἐπλήσθη

2147 1463 2510 1534 χρηστότητος
2541 1465 2637 1535 τὴν
2667 1465 2845 1536 ψυχὴν
2880 1468 2970 1520 ἐπὶ
3017 1467 3294 1530 τοσοῦτον,
3332 1467 3563 1521 θάνατον
3591 1467 3720 1538 (12⁵)

2148 1557 2342 1626 πεῖραν
2373 1556 2434 1607 ού
2467 1557 2644 1610 λαϐὼν
2667 1575 2680 1588 ·
2717 1558 2904 1612 τοῦτον
2937 1559 3130 1628 ἔγωγε,
3163 1559 3282 1612 οὔτε
3317 1559 3416 1630 τῆς
3459 1559 3720 1612 πολυπαι-

2145 1645 2282 1710 δίας,
2327 1646 2451 1700 οὒτε
2485 1648 2582 1719 τῆς
2615 1649 2986 1722 πολυημερίας
3020 1651 3319 1722 ζηλώσαιμ“
3347 1651 3435 1704 ἄν’
3475 1651 3572 1704 καὶ
3597 1668 3718 1722 προ-

2148 1738 2318 1808 κρίνω
2369 1738 2426 1791 δὲ
2465 1739 2631 1792 αὑτοῦ
2678 1740 2853 1812 ἄωρον
2911 1741 3146 1813 γαστρὸς
3190 1740 3449 1812 μητρῴας
3497 1741 3718 1794 ἐκπεσὸν

469 1851 620 1890 mum
657 1845 805 1890 tanto
843 1845 1081 1906 tempore
1113 1853 1219 1891 non
1251 1837 1569 1908 expleverit,
1600 1837 1794 1892 mortis
1825 1837 2036 1892 interim

2147 1832 2401 1903 ἔμϐρυον.
2461 1835 2668 1887 Ἐκεῖνο
2718 1835 2826 1905 γὰρ
2875 1833 3062 1905 ὥσπερ
3091 1831 3220 1906 ἦλθε
3263 1835 3534 1904 ματαίως,
3559 1834 3718 1896 οὕτως

469 1929 715 1998 periculo
767 1929 1190 2000 haudquaquam
1237 1929 1414 1997 facto;
1467 1933 1614 1987 hunc
1655 1930 1906 2001 equidem
1945 1945 2044 1986 nec

469 2033 774 2075 numerosa:
821 2021 989 2090 prolis
1016 2060 1030 2084 ,
1086 2037 1186 2076 nec
1237 2023 1613 2079 diuturnitatis
1656 2024 1781 2078 vita:
1823 2021 2044 2077 nomine

469 2114 687 2166 beatum
725 2113 974 2167 duxerim
1008 2131 1020 2166 :
1055 2113 1164 2166 imo
1191 2129 1318 2168 vero
1344 2114 1512 2170 fetum
1536 2131 1567 2168 e
1587 2123 1836 2170 materno
1855 2123 2044 2170 ventre

465 2213 791 2272 praemature
838 2206 1214 2270 excidentem,
1272 2215 1436 2275 atque
1509 2207 1703 2261 abortu
1773 2215 2042 2277 egestum,

467 2298 568 2368 ipsi
603 2297 998 2367 prml‘erendum
1027 2307 1174 2366 puto.
1235 2299 1288 2352 4.
1319 2298 1413 2354 llle
1448 2299 1594 2353 enim
1617 2339 1632 2360 ,
1675 2307 1736 2354 ut
1763 2297 2041 2354 incassum

467 2390 634 2455 venit,
690 2391 762 2444 ita
793 2390 1104 2446 clanculum
1132 2390 1295 2444 etiam
1323 2399 1377 2445 et
1407 2405 1533 2444 cum
1568 2391 1841 2445 oblivione
1865 2391 2044 2446 disce-

464 2481 575 2546 dit,
634 2481 689 2535 5.
731 2497 839 2537 non
867 2483 1170 2550 degustatis
1199 2483 1364 2552 hujus
1395 2483 1518 2537 vita:
1553 2483 1714 2537 malis
1737 2524 1751 2549 ,
1804 2499 1906 2539 nec
1931 2483 2044 2538 Sole

461 2583 772 2643 prospecto.
838 2573 993 2638 Quod
1039 2573 1258 2643 quidem
1305 2574 1475 2628 levius
1521 2583 1636 2639 cst,
1681 2589 1844 2643 quam
1897 2575 2043 2644 quod

463 2678 724 2733 perverso
759 2664 836 2717 illi
862 2675 914 2718 et
947 2665 1232 2734 proﬂigato
1259 2665 1465 2718 homini
1511 2665 1736 2731 accidit;
1791 2666 1885 2736 qui
1921 2667 2044 2722 licet

464 2756 523 2808 in
556 2755 703 2808 mille
737 2770 912 2810 annos
941 2756 1106 2809 vitam
1139 2771 1294 2810 suam
1326 2755 1674 2824 propagarit,
1705 2755 1828 2810 vitae
1862 2763 2041 2810 tamen

459 2847 749 2901 commoda
775 2863 880 2901 non
905 2848 1148 2918 agnovit.
1191 2845 1489 2916 Utriusque
1510 2862 1677 2916 porro
1699 2847 1842 2912 linis,
1867 2863 2036 2904 mors.

468 2943 521 2998 7.
557 2945 827 2999 (Steterunt
862 2945 951 2999 hic
975 2945 1210 2999 maxime
1241 2944 1445 2998 stultus
1470 2943 1846 3008 convincitur,
1893 2943 2040 3014 quod

461 3037 613 3092 nulla
664 3037 961 3106 cupiditate
1009 3039 1240 3093 satietur
1269 3045 1323 3091 et
1352 3037 1634 3106 expleatur
1666 3056 1679 3091 :
1717 3037 1769 3092 8.
1804 3037 1870 3091 At
1910 3053 2040 3108 pru-

2148 1925 2330 1978 ἄπεισι
2362 1927 2455 1979 καὶ
2483 1927 2754 1999 λαθραίως
2783 1929 2839 1979 ἐν
2868 1929 3161 1998 ἀμνηστία,
3190 1929 3286 1998 οὐχ
3315 1927 3598 1998 ἁψάμενον
3627 1946 3716 1979 κα-

2148 2020 2276 2082 κῶν,
2311 2021 2430 2074 ούδέ
2460 2020 2801 2092 προσϐλέψαν
2828 2019 2981 2091 ἡλίῳ.
3017 2020 3188 2072 Τοῦτο
3211 2020 3566 2090 κουφότερον,
3587 2021 3716 2090 ἥπερ

2144 2111 2222 2182 τῷ
2255 2112 2492 2184 πονηρῷ,
2523 2112 2624 2166 κᾶν
2667 2112 2856 2184 χιλίοις
2890 2112 3032 2165 ἔτεσι
3064 2113 3163 2182 τὴν
3193 2109 3388 2164 ἑαυτοῦ
3429 2111 3578 2182 ζωὴν
3601 2113 3714 2164 ἀνα-

2149 2206 2548 2277 μετρησαμένῳ
2579 2206 2888 2278 ἀγαθότητα
2939 2205 3012 2276 μὴ
3061 2204 3266 2274 ἐπιγνῷ
3299 2205 3434 2275 (13).
3473 2205 3638 2266 Τέλος
3667 2202 3713 2254 δὲ

2146 2297 2346 2367 ἀμφοῖν
2381 2297 2625 2360 θάνατος.
2672 2299 3057 2367 Ἐλεγχομένου
3095 2297 3356 2368 ἄφρονος,
3390 2296 3630 2366 μάλιστα

2147 2389 2460 2462 πλησμονὴν
2532 2391 2800 2461 μηδεμιᾶς
2848 2389 3146 2460 λαμϐάνειν
3212 2388 3534 2459 ἐπιθυμίας.
3591 2388 3712 2442 Ὀὸἐ

2149 2483 2399 2555 σώφρων,
2454 2483 2664 2546 τούτοις
2715 2484 2814 2536 οὐκ
2857 2483 3126 2554 ἐνίσχεται
3176 2485 3287 2544 τοῖς
3339 2481 3595 2536 πάθεσιν.
3637 2481 3714 2542 Ὧς

2143 2579 2188 2631 δ’
2224 2577 2316 2631 ἐπὶ
2348 2577 2407 2630 τὸ
2452 2577 2702 2630 πλεῖστον
2733 2577 2964 2648 εὐθύτης
3013 2577 3158 2648 ζωῆς
3197 2575 3491 2648 ἄνθρωπον
3627 2593 3712 2629 πε-

2144 2672 2231 2742 νία
2262 2671 2462 2742 ὁδηγεῖ.
2507 2669 2779 2740 Ἐξίστησι
2822 2669 2876 2722 δὲ
2921 2667 3146 2732 πολλοὺς
3191 2668 3488 2740 ὀφθαλμῶν
3537 2671 3712 2741 λίχνων

2145 2763 2408 2834 θεάματα,
2445 2764 2540 2835 τὴν
2570 2761 2745 2833 ψυχὴν
2775 2760 3119 2835 ἐρεθίζοντα,
3149 2761 3238 2815 ἐπ’
3264 2762 3532 2834 ἀνόνητον
3561 2779 3712 2814 σπου-

2142 2855 2238 2927 δὴν
2277 2855 2525 2922 ἕλκοντα,
2561 2854 2650 2908 διά
2674 2855 2771 2925 τῆς
2803 2853 2891 2906 τοῦ
2933 2853 3160 2924 ὀφθῆναι
3203 2855 3370 2924 κενῆς
3408 2855 3708 2924 ἐπιθυμίας.

2143 2947 2224 3000 Τὰ
2252 2947 2350 3018 μέν
2384 2965 2466 2999 τοι
2501 2947 2594 3000 νῦν
2627 2945 3002 3017 γεγεννημένα
3043 2945 3139 3016 ἤδη
3175 2945 3470 3014 ἔγνωσται·
3501 2947 3594 2998 καὶ
3624 2961 3710 2997 σα-

2143 3038 2242 3108 φὲς
2286 3037 2564 3108 τυγχάνει,
2612 3037 2687 3100 ὡς
2727 3039 2840 3100 τοῖς
2881 3037 3019 3108 ὑπὲρ
3059 3036 3219 3089 αὐτὸν
3261 3036 3554 3110 ἄνθρωπος
3583 3037 3712 3090 ἀντι-

457 3133 594 3187 dens
624 3141 677 3186 et
709 3132 1022 3187 moderatus
1057 3131 1142 3186 his
1172 3131 1456 3186 aﬂ‘ectibus
1496 3131 1722 3185 minime
1747 3129 2035 3184 retinetur.

2145 3129 2433 3184 τάσσεσθαι
2459 3131 2558 3199 ούχ
2590 3123 2700 3192 οἷός
2731 3145 2809 3180 τε.
2836 3128 3096 3198 Φλυαρίαι
3121 3145 3182 3196 γε
3215 3128 3324 3198 μὴν
3349 3128 3490 3181 κατά
3517 3126 3712 3198 ἀνθρώ-

459 3223 596 3279 Fere
622 3226 680 3279 fit
719 3235 900 3279 autem
926 3265 940 3290 ,
997 3233 1056 3279 ut
1087 3225 1212 3278 vitae
1243 3224 1510 3279 rectitudo
1539 3233 1593 3276 et
1625 3223 1907 3294 integritas
1936 3223 2035 3276 ho-

459 3317 660 3374 minem
715 3319 781 3371 ad
827 3325 1198 3387 paupertatem
1227 3316 1409 3372 ducat.
1471 3315 1524 3370 9.
1566 3314 1764 3371 Multos
1801 3331 1929 3371 vero
1967 3317 2034 3372 de

2142 3239 2277 3285 πους
2310 3221 2651 3293 στρέφονται,
2683 3221 2782 3292 τὴν
2810 3219 2916 3272 τῶν
2945 3219 3240 3290 χρωμένων
3271 3219 3456 3272 ἄνοιαν
3485 3218 3712 3284 ἐπαυξά-

2141 3333 2347 3370 νουσαι.

457 3413 658 3468 mentis
707 3413 874 3482 gradu
911 3413 1174 3482 dejieiunt
1213 3412 1523 3482 procaeium
1553 3413 1836 3466 oculorum
1871 3423 2146 3482 aspectus,
2203 3412 2443 3467 animam
2503 3409 2813 3475 incitantes,
2867 3425 2931 3464 ac
2982 3425 3078 3478 per
3133 3409 3352 3465 inanem
3385 3409 3714 3464 videndtcu—

457 3507 736 3575 piditatem
793 3509 858 3561 ad
909 3508 1099 3562 inutile
1162 3508 1402 3563 studium
1469 3512 1866 3576 pertrahentes.

1941 3507 2027 3562 10.
2095 3506 2385 3560 Enimvero
2449 3519 2512 3558 ea
2560 3519 2682 3572 qua:
2729 3517 2876 3556 nunc
2927 3501 3069 3556 facta
3123 3513 3286 3569 sunt,
3343 3503 3458 3571 jam
3505 3501 3710 3570 cognita

457 3606 1122 3675 sunt:perspicuumque
1185 3615 1288 3670 est,
1339 3605 1617 3658 hominem
1686 3605 1752 3659 iis
1810 3620 1933 3674 quae
1991 3619 2152 3672 supra
2213 3617 2272 3656 se
2333 3609 2495 3664 sunt,
2539 3597 2798 3654 reluctari
2843 3607 3006 3668 atque
3037 3598 3307 3656 obsistere
3371 3613 3481 3651 non
3539 3610 3708 3667 posse.

457 3697 545 3749 11.
566 3695 832 3752 Caeterum
873 3713 1031 3768 nugae
1063 3709 1117 3752 et
1140 3698 1354 3767 ineptia:
1375 3698 1517 3751 inter
1539 3697 1788 3754 homines
1817 3705 2124 3761 versantur,
2178 3709 2368 3748 eorum
2401 3692 2494 3762 qui
2527 3691 2592 3747 iis
2625 3699 2853 3745 utuntur
2875 3689 3166 3744 amentiam
3193 3699 3480 3760 augentes.

1032 3791 1261 3846 CAPUT
1343 3789 1452 3844 Vll.

528 3885 579 3942 1.
620 3883 754 3938 Nam
791 3901 914 3939 cum
952 3885 1124 3938 nihilo
1155 3885 1417 3954 majorem
1451 3885 1738 3940 utilitatem
1772 3885 1818 3940 is
1856 3883 2032 3953 perci-

455 3977 607 4045 piat,
660 3977 752 4046 qui
804 3993 866 4030 ca
911 3992 1033 4046 qua:
1071 3992 1136 4030 ex
1181 3977 1348 4029 animi
1385 3977 1654 4032 sententia
1683 3976 1785 4032 sibi
1831 3976 1885 4030 in
1923 3975 2034 4030 vita

453 4076 715 4122 eventura
771 4077 936 4134 sunt,
1009 4077 1292 4137 perspecta
1359 4067 1582 4122 haberet
1641 4067 1933 4138 (tingamus
1980 4067 2034 4120 id

453 4157 658 4226 enim);
690 4166 868 4210 tamen
898 4159 1000 4212 hoc
1025 4173 1240 4227 quoque
1265 4157 1548 4210 hominum
1575 4156 1867 4212 curiositas
1889 4171 2036 4210 com-

2743 3786 2992 3839 ΚΕΦΔΛ.
3034 3787 3110 3846 Z'.

2208 3881 2488 3954 Μηδαμῶς
2511 3878 2619 3950 γὰρ
2646 3877 2804 3931 πλέον
2819 3895 2871 3929 τι
2902 3876 3280 3946 ὠφελουμένου
3306 3876 3404 3929 τοῦ
3427 3876 3716 3945 γινώσκον-

2135 3990 2226 4036 τος
2259 3973 2326 4026 τὰ
2355 3969 2502 4041 αὐτῷ
2537 3969 2924 4040 συμϐησόμενα
2949 3969 3100 4039 παρὰ
3128 3968 3218 4020 τὸν
3247 3967 3359 4036 βίον
3381 3967 3714 4038 καταθύμιεν

2146 4066 2327 4136 θῶμεν
2361 4065 2465 4137 γὰρ
2499 4063 2658 4116 τοῦτο
2700 4061 2808 4131 (14)
2829 4077 2842 4090 ·
2877 4061 3024 4134 ὅμως
3057 4059 3113 4112 δὲ
3145 4059 3240 4112 καὶ
3275 4061 3384 4112 τῶν
3417 4061 3714 4131 ἀνθρώπων

2137 4159 2425 4230 περιεργίᾳ
2451 4156 2820 4226 ἐπιτεχνᾶται,
2846 4155 2920 4218 ὼς
2946 4155 3040 4207 καὶ
3063 4153 3130 4207 τὰ
3155 4153 3292 4224 μετὰ
3321 4154 3552 4209 θάνατόν
3578 4173 3716 4218 τινος

454 4247 767 4302 miniseitur
790 4292 803 4314 ,
853 4259 913 4301 ut
941 4265 1003 4302 ea
1033 4249 1196 4302 etiam
1234 4264 1355 4318 qua:
1385 4257 1509 4318 post
1541 4257 1770 4302 mortem
1802 4247 2034 4316 alicujus

2145 4252 2366 4305 ἑκάστου
2421 4250 2683 4319 ἐσόμενα,
2737 4247 3212 4320 πολυπραγμονεῖν
3269 4262 3328 4297 τε
3392 4247 3488 4298 καὶ
3545 4246 3718 4298 δοκεῖν

453 4337 634 4392 futura
669 4349 826 4402 sunt,
857 4339 1019 4392 anxie
1052 4339 1330 4408 inquirere
1355 4355 1420 4393 ac
1450 4339 1590 4393 seire
1618 4338 1924 4393 videantur.
1973 4337 2026 4390 2.

454 4435 626 4489 Porro
653 4432 797 4486 fama
823 4433 962 4486 bona
1001 4431 1222 4486 suavior
1247 4439 1330 4485 est
1353 4431 1548 4484 animae
1573 4431 1616 4495 ⁴,
1650 4447 1812 4501 quam
1846 4431 2027 4486 oleum

451 4527 702 4597 corpori;
733 4532 786 4579 et
811 4525 930 4578 vitae
957 4525 1155 4588 exitus,
1184 4523 1376 4578 melior
1397 4523 1680 4577 nativitate
1709 4542 1722 4577 :
1767 4524 1819 4578 5.
1850 4523 2026 4592 Atque

451 4601 750 4689 optabilius
786 4627 839 4671 et
871 4615 1233 4686 praestabilius
1272 4615 1457 4685 lugere
1489 4631 1651 4685 quam
1702 4617 2023 4680 comessari,

449 4728 516 4768 ac
551 4710 912 4766 mterentibus
958 4709 1150 4763 adesse
1183 4723 1345 4776 quam
1378 4707 1628 4762 ebrietati
1658 4709 2024 4762 studentibus.

452 4805 544 4858 Sic
566 4805 710 4858 enim
741 4819 799 4857 se
828 4818 916 4856 res
941 4802 1122 4868 habet,
1145 4802 1288 4870 quod
1313 4802 1357 4854 si
1382 4801 1505 4870 quis
1537 4801 1683 4855 hunc
1710 4802 1833 4856 vita:
1861 4802 2024 4856 ﬁnem

450 4905 643 4949 nactus
674 4893 857 4958 fuerit,
892 4894 958 4947 de
992 4893 1076 4948 his
1109 4908 1231 4962 qua:
1261 4893 1406 4948 circa
1435 4909 1494 4948 se
1519 4903 1669 4957 sunt,
1705 4909 1802 4947 nec
1831 4893 2027 4948 timore

451 5005 550 5042 nec
582 4987 947 5043 sollicitudine
977 4983 1261 5040 alliciatur.
1305 4987 1358 5039 4.
1393 4985 1678 5039 Consimili
1711 4985 1874 5039 modo
1901 5001 2028 5054 pru-

447 5082 583 5135 dens
615 5080 694 5134 ira
723 5079 854 5133 risui
889 5077 1224 5146 praeferenda
1271 5085 1387 5144 est;
1441 5092 1628 5130 severa
1661 5077 1808 5130 enim
1841 5078 2024 5130 vultus

449 5171 788 5234 habitudine,
832 5172 1012 5224 anima
1039 5169 1106 5223 ad
1135 5179 1341 5223 rectum
1371 5168 1772 5238 honestumque
1798 5183 2022 5239 compo-

449 5266 616 5319 nitur.
683 5265 738 5319 5.
775 5263 853 5317 Ac
899 5263 1202 5332 sapientum
1255 5260 1472 5330 quidem
1537 5261 1734 5314 anima:
1803 5263 2022 5316 tristitia

516 5377 540 5410 ⁵
576 5376 735 5432 Prov.
767 5391 904 5439 xxu,
940 5376 991 5428 1.

517 5498 628 5580 (12)
668 5497 1092 5584 Ταμιεύσετίιι..
1115 5493 1282 5584 ϐορὰ.
1315 5491 1508 5584 Medic.
1557 5502 1630 5584 et.
1654 5490 1892 5574 Thuan?
1919 5509 2025 5584 11:1-

449 5563 714 5641 μιεύεται.
742 5563 1292 5641 Due.-£t_Is.—-Legi3se
1309 5565 1529 5641 videtur
1557 5565 1822 5630 interpres
1853 5563 2025 5634 ἑτέρῳ

446 5633 513 5694 τὰ
543 5639 708 5693 αὑτοῦ
742 5637 1086 5707 ταμιεύεται.
1119 5633 1279 5688 Ευιτ.
1309 5633 1554 5688 Parum"

521 5711 657 5779 (in?)
695 5711 840 5773 ἴσως
869 5707 1122 5761 Θανάτου.

517 5774 648 5855 (ﬁl
673 5777 1229 5850 Ἀναμετρησαμένῳ
1349 5774 1589 5846 ἐπιγνῷ.
1618 5775 1810 5832 Biliius
1837 5775 2022 5834 admo-

2139 4344 2352 4398 εἰδέναι.
2389 4343 2592 4412 Μνήμη
2624 4341 2680 4393 δὲ
2713 4339 2892 4410 ἀγαθὴ
2921 4339 3064 4409 ψυχῇ
3099 4337 3542 4410 προσηνεστέρα,
3577 4339 3718 4408 ἥπερ

2138 4436 2348 4507 σώματι
2379 4435 2574 4489 ἔλαιον·
2611 4435 2702 4488 καὶ
2751 4434 2866 4504 βίου
2917 4433 3112 4498 ἔξοδος,
3147 4431 3388 4502 ἀμείνων
3427 4431 3716 4498 γενέσεως

2134 4530 2228 4580 καὶ
2260 4524 2620 4598 αἱρετώτερον
2650 4523 2885 4587 πενθεῖν,
2917 4523 2950 4594 ἢ
2994 4519 3291 4592 κωμάζειν,
3327 4521 3425 4574 καὶ
3471 4523 3535 4574 τὸ
3576 4537 3718 4591 παρ-

2134 4622 2270 4672 εῖναι
2303 4621 2416 4682 τοῖς
2460 4617 2837 4688 λυπουμένοις,
2875 4615 2907 4686 ἢ
2942 4618 3050 4678 τοῖς
3087 4613 3534 4685 μεθυσκομένοις.
3563 4615 3720 4667 Ἐστι

2133 4713 2241 4784 γὰρ
2267 4713 2429 4778 οὕτω,
2459 4711 2693 4766 λαϐόντα
2727 4711 2850 4764 τινὰ
2889 4709 2984 4763 τοῦ
3021 4708 3134 4778 βίου
3180 4708 3330 4772 τέλος
3367 4707 3443 4780 μὴ
3491 4707 3724 4778 5:31.261;-

2136 4803 2289 4874 θῆναι
2324 4805 2450 4876 περὶ
2483 4805 2589 4858 τῶν
2634 4805 2770 4876 ἀμφ’
2804 4803 2981 4856 αὐτόν.
3029 4802 3267 4864 Γέλωτος
3310 4801 3370 4853 δὲ
3403 4801 3584 4872 θυμὸς
3629 4801 3722 4870 ἒμ-

2135 4914 2283 4970 ιρρων
2335 4897 2751 4970 προτιμότεροςι
2788 4896 3032 4966 αύστηρᾷ
3083 4893 3190 4966 γὰρ
3228 4893 3472 4948 διαθέσει
3507 4893 3725 4966 προσώ-

2134 5005 2270 5050 που,
2314 4987 2674 5059 κατορθοῦται
2717 4987 2886 5058 ψυχή.
2918 4987 2982 5038 Ai
3018 4987 3114 5056 μὲν
3159 4985 3340 5038 τοίνυν
3381 4983 3492 5038 τῶν
3527 4985 3722 5054 σοφῶν

2133 5081 2323 5149 ψυχαὶ,
2373 5079 2824 5150 σκυθρωπάζουσι
2868 5081 2961 5132 καὶ
2995 5077 3392 5142 συστέλλονται,
3421 5079 3476 5130 αἱ
3523 5079 3586 5132 δὲ
3617 5077 3722 5130 τῶν

2133 5173 2396 5243 ἀφρόνων.
2443 5173 2796 5244 ἐπαιρόμεναι
2855 5171 3174 5241 διαχέονται.
3253 5169 3395 5222 Πολὺ
3575 5171 3728 5221 ἐστιν

2133 5263 2534 5335 εὐκταιότερον’
2556 5263 2844 5334 ἐπίπληξιν
2881 5261 3042 5332 σοφοῦ
3074 5260 3190 5324 ἑνὸς
3221 5259 3502 5326 δέξασθαι,
3535 5261 3574 5332 ἦ
3603 5261 3724 5314 δλευ

2135 5503 2225 5548 net
2251 5496 2334 5550 vel
2362 5495 2875 5567 ἀναμετρησάμενος
2896 5495 3202 5565 legendum,
3229 5495 3492 5567 τολμηρά
3517 5495 3730 5550 melius

2133 5567 2384 5634 quadrat,
2420 5565 2739 5636 ἐπιγνῶναι,
2767 5575 2828 5620 ut
2873 5567 2928 5618 in
2977 5581 3080 5620 ms.
3131 5567 3282 5620 card.
3334 5565 3574 5636 Lollrar.
3621 5567 3732 5622 Alii

2136 5647 2319 5690 tamen
2356 5637 2514 5691 codd.
2549 5637 2826 5706 vulgatam
2853 5637 3140 5706 lectionem
3183 5645 3430 5689 tuentur.
3467 5635 3614 5691 Duc.

2202 5707 2314 5776 (1-1)
2345 5707 2548 5776 Θῶμεν
2571 5705 2682 5777 γὰρ
2709 5707 2907 5762 τοῦτο.
2937 5705 3097 5763 Deest
3119 5707 3226 5780 γάρ
3255 5709 3310 5761 in
3347 5707 3468 5762 cod.
3497 5706 3726 5830 Eluas-iiii.

3547 5793 3612 5830 ι.
