3862 6528
206 389 320 448 1005

1214 376 1702 435 METAPHRASIS
1737 375 1805 430 IN
1845 375 2371 432 ECCLESIASTEN.

3261 379 3399 433 l0‘l6

201 503 338 580 χοροῦ
370 498 658 570 ἀνθρώπων
686 497 902 580 φαύλων
937 499 1030 551 καὶ
1068 497 1338 570 δυστήνων
1378 498 1610 570 ᾀδόντων
1643 511 1733 564 γε-

1850 493 2261 558 :ontrahuntnr;
2298 493 2586 548 stultorum
2615 502 2796 548 autem
2825 495 3040 561 animae,
3073 495 3255 552 latitia
3287 499 3400 555 ειν

202 575 359 652 νέσθαι
403 575 693 664 ἀκροατήνί
737 590 858 644 Τῶν
903 589 1012 661 γάρ
1062 590 1310 661 ἀφρόνων
1360 589 1658 661 ἀνθρώπων
1703 590 1732 640 ὁ

198 689 362 758 γέλως,
396 681 636 738 ἀκανθῶν
672 681 880 735 πολλῶν
905 681 1089 752 λάϐρῳ
1120 681 1251 752 πυρὶ
1290 682 1592 750 καιομένων
1618 679 1734 750 ἤχῳ

202 782 499 853 προσέοικεν.
547 774 760 828 Ἀθλιον
791 776 846 828 δὲ
875 777 968 828 καὶ
994 774 1171 839 τοῦτο,
1196 774 1365 827 κακόν
1397 791 1460 842 γε
1501 773 1604 844 μὴν
1640 773 1734 842 μὲ-

197 886 356 940 γιστον
390 870 421 939 ἠ
458 864 815 934 συκοφαντία·
852 864 988 934 αὕτη
1029 864 1137 935 γὰρ
1183 863 1357 932 σοφῶν
1401 861 1734 916 ἐπιϐουλεύει

199 964 388 1034 ψυχαῖς,
429 959 517 1013 κα).
559 960 823 1028 ἐπιχειρεῖ
861 956 1192 1028 διαφθείρειν
1225 957 1322 1026 τὴν
1361 955 1614 1024 γενναίαν
1654 954 1737 1007 ἔν-

199 1071 364 1108 στασιν
393 1051 496 1105 τῶν
543 1049 780 1119 ἀγαθῶν.
817 1049 1004 1117 Λόγων
1035 1048 1091 1100 δὲ
1131 1047 1242 1118 (15⁸)
1274 1048 1371 1100 οὐκ
1413 1047 1734 1118 ἀρχόμενον,

199 1146 316 1202 ἀλλά
351 1143 648 1212 παυόμενον
687 1144 923 1194 ἐπαινεῖν
968 1141 1264 1211 προσήκει,
1302 1139 1396 1193 καὶ
1427 1139 1488 1191 τὸ
1519 1139 1736 1210 μέτριον

194 1237 308 1312 ἦθος
353 1235 724 1305 ἀποδέχεσθαι,
778 1236 870 1287 καὶ
907 1233 980 1305 μὴ
1029 1233 1088 1285 τὸ
1137 1231 1599 1304 μετεωριζόμενον
1645 1231 1739 1283 κα).

197 1329 565 1400 τετυφωμένον.
599 1327 744 1379 Πάνυ
775 1327 834 1379 δὲ
863 1326 964 1396 χρὴ
999 1324 1172 1396 θυμοῦ
1218 1323 1510 1393 φείδεσθαι,
1538 1324 1630 1377 καὶ
1664 1323 1738 1393 μή

194 1427 262 1486 είς
301 1422 462 1492 όργὴν
512 1418 814 1490 προχείρως
856 1414 1276 1488 καταφέρεσθαι,
1325 1411 1466 1490 ᾗτινι
1509 1415 1740 1486 ἄφρονες

193 1511 522 1567 δουλεύουσιν.
569 1509 963 1581 Ἀμαρτάνουσι
995 1509 1051 1561 δὲ
1093 1509 1141 1561 οἱ
1187 1509 1434 1577 λέγοντες
1465 1511 1578 1572 τοῖς
1611 1526 1742 1580 προ-

191 1601 348 1673 τέροις
387 1599 644 1670 ἀμείνονα
678 1599 920 1652 δεδόσθαι
965 1598 1108 1668 βίον,
1144 1599 1236 1652 καὶ
1269 1600 1328 1652 ού
1367 1601 1631 1664 συνιᾶσιν,
1659 1602 1742 1654 ὅτι

193 1693 429 1764 πάμπολυ
461 1693 707 1763 διαφέρει
733 1692 892 1761 σοφία
945 1692 1044 1762 τῆς
1068 1691 1176 1744 τῶν
1197 1693 1493 1763 χρημάτων
1524 1709 1743 1764 περιου-

191 1785 326 1846 σίας·
357 1783 448 1836 καὶ
488 1782 739 1835 τοσοῦτόν
775 1785 888 1835 ἐστι
930 1785 1279 1855 φανερωτέρα
1313 1784 1330 1853 (
1342 1784 1456 1854 16),
1493 1785 1614 1838 ὅσον
1645 1784 1742 1856 ἄρ-

188 1892 337 1945 γυρος
361 1874 741 1946 λαμπρότερος
773 1875 1018 1942 φαίνεται
1051 1875 1149 1945 τῆς
1182 1876 1373 1928 ἑαυτοῦ
1411 1878 1586 1941 σκιᾶς.
1623 1878 1744 1949 Ζωὴ

188 1966 283 2037 γὰρ
318 1965 603 2037 ἀνθρώπου
624 2005 639 2030 ,
681 1967 780 2019 οὐκ
816 1965 874 2032 ἐξ
915 1967 1178 2038 ὲπικήρου
1213 1967 1444 2020 πλούτου
1479 1971 1743 2040 κτήσεως,

187 2057 288 2110 ἀλλ’
323 2059 385 2110 ὲκ
428 2057 620 2126 σοφίας
663 2057 1017 2129 περιγίνεται.
1065 2058 1160 2121 Τίς
1207 2044 1264 2112 δὲ
1297 2061 1392 2113 καὶ
1431 2059 1743 2130 δυνήσεται,

187 2150 293 2202 εἰπέ
326 2167 432 2220 μοι,
465 2151 567 2221 τὴν
598 2150 863 2222 τοσαύτην
895 2151 990 2204 καί
1022 2150 1162 2203 οὕτω
1193 2151 1432 2224 χρηστὴν
1472 2153 1566 2206 τοῦ
1612 2153 1746 2207 Θεοῦ

184 2242 423 2311 πρόνοιαν
487 2242 762 2308 ὲξειπεῖνς
825 2243 857 2314 ἢ
913 2243 996 2308 τίς
1049 2243 1483 2298 ἀνακαλέσασθαι
1539 2245 1608 2299 τά
1663 2245 1748 2299 δο-

184 2331 366 2386 κοῦντα
412 2334 836 2406 παρημελῆσθαι
887 2335 990 2388 ὑπὸ
1033 2334 1166 2388 Θεοῦ
1198 2335 1451 2401 δικαίως;
1488 2336 1748 2406 Πράττων

179 2421 230 2475 δὲ
255 2425 348 2476 οὐκ
380 2424 561 2495 ὀρθῶς
586 2425 850 2498 πρότερον
877 2426 1052 2495 ἔγωγε
1077 2427 1380 2496 κατενόησα
1403 2427 1470 2480 τὰ
1503 2427 1750 2498 σύμπαν-

183 2527 262 2576 τα,
293 2514 384 2566 καὶ
406 2515 618 2569 δίκαιον
650 2517 953 2587 ἐμμένοντα
984 2520 1048 2588 τῇ
1093 2517 1425 2591 δικαιοσύνῃ,
1458 2521 1550 2573 καὶ
1586 2519 1748 2591 μέχρι

178 2600 398 2658 θανάτου
433 2607 512 2678 μὴ
543 2606 914 2678 ἐξιστάμενον,
949 2608 1082 2662 ἀλλά
1116 2609 1210 2662 καὶ
1239 2609 1303 2662 δι’
1337 2609 1504 2681 αὐτὴν
1530 2611 1749 2665 ἐπιϐου-

179 2694 492 2766 λευόμενον,
537 2699 632 2752 καὶ
680 2699 849 2771 ἀσεϐῆ
899 2699 1406 2772 συναποθνήσκοντα
1448 2705 1513 2773 τῇ
1556 2703 1747 2756 ἑαυτοῦ

179 2786 354 2856 κακία.
381 2787 506 2859 Χρὴ
539 2788 598 2840 δὲ
627 2788 832 2841 δίκαιον
862 2791 990 2843 ὄντα
1048 2788 1120 2859 μὴ
1161 2789 1301 2840 πάνυ
1344 2788 1578 2841 τοιοῦτον
1611 2784 1749 2843 εῖναι

176 2873 361 2939 δοκεῖν,
397 2877 539 2947 μηδὲ
573 2877 712 2946 ἄγαν
743 2878 903 2947 σοφὸν
937 2879 1030 2932 καὶ
1080 2879 1455 2950 ύπερμέτρως·
1491 2880 1640 2943 ὅπως
1675 2882 1747 2952 μή

176 2979 222 3015 τι
258 2966 520 3030 πταίσας,
557 2967 990 3022 πολλαπλασίονα
1048 2970 1359 3041 ἁμαρτήσῃ.
1400 2971 1510 3023 Καὶ
1543 2972 1616 3042 μὴ
1653 2972 1748 3026 ἔσο

175 3054 436 3126 τολμηρὸς
492 3058 592 3110 καὶ
643 3059 949 3131 προπετὴς,
1008 3061 1079 3130 μή
1136 3077 1194 3113 σε
1249 3061 1475 3126 θάνατος
1529 3063 1750 3137 ἁρπάσῃ

1835 591 1902 635 tae
1931 582 2327 637 dilfunduntur.
2394 583 2443 636 6.
2477 584 2642 652 Atqui
2671 586 2842 640 multo
2872 589 3046 658 magis
3077 591 3398 659 optandum,

1837 673 2095 743 sapientis
2131 675 2292 729 unius
2315 675 2751 746 objurgationem
2783 678 3033 748 excipere
3053 719 3068 743 ,
3118 698 3281 750 quam
3315 692 3401 738 tu-

1835 770 1946 820 tius
1992 767 2144 820 chori
2199 766 2570 836 improborum
2625 778 2680 824 et
2731 771 3058 826 miserorum
3118 773 3400 830 hominum

1837 859 2169 913 cantantium
2209 860 2512 914 auditorem
2545 861 2680 914 ﬁeri.
2744 862 2794 916 7.
2830 863 3164 919 Stolidorum
3202 868 3402 921 etenim

1837 957 2120 1011 hominum
2169 957 2354 1018 risus,
2410 957 2692 1026 spinarum
2747 958 3043 1012 multarum
3099 961 3401 1016 vehementi

1837 1049 1962 1120 igne
1987 1049 2294 1110 ardentium
2335 1049 2537 1103 sonitui
2584 1049 2728 1104 haud
2755 1051 3021 1106 absimilis
3054 1060 3156 1106 cst.
3217 1053 3270 1106 8.
3301 1051 3405 1106 Sed

1838 1139 2079 1211 profecto
2123 1140 2507 1210 gravissimum
2562 1140 2766 1194 malum
2811 1151 2894 1196 est
2945 1143 3260 1197 calumnia:
3294 1143 3406 1196 haec

1841 1234 1987 1288 enim
2019 1234 2325 1302 sapientum
2360 1233 2648 1288 animabus
2678 1233 2905 1288 insidias
2931 1235 3125 1299 struit,
3159 1249 3223 1289 ac
3248 1248 3409 1302 genc-

1841 1340 2024 1378 rosam
2076 1323 2342 1377 bonorum
2391 1322 2629 1376 virorum
2680 1324 3043 1376 constantiam
3084 1323 3408 1377 labefactare

1842 1416 2082 1469 molitur.
2121 1415 2172 1470 9.
2207 1414 2380 1468 Porro
2407 1422 2588 1469 autem
2613 1414 2760 1468 hunc
2784 1414 3037 1469 laudibus
3060 1414 3251 1469 eﬂ’erre
3276 1430 3410 1470 con-

1843 1508 2021 1569 venit,
2075 1522 2181 1560 non
2223 1508 2316 1578 qui
2360 1507 2575 1560 initium
2598 1549 2612 1571 ,
2649 1506 2743 1560 sed
2777 1505 2868 1574 qui
2897 1506 3111 1560 dicendi
3139 1507 3300 1561 ﬁnem
3327 1507 3407 1561 fa-

1843 1598 1935 1653 cit.
1996 1598 2205 1652 Morum
2236 1599 2380 1652 enim
2410 1597 2714 1652 moderatio
2745 1598 2998 1652 laudibus
3043 1599 3408 1667 complecten-

1844 1693 1936 1758 da,
1967 1709 2075 1746 non
2106 1693 2268 1747 elatio
2302 1701 2355 1746 et
2383 1692 2712 1762 arrogantia.
2757 1691 2844 1745 10.
2877 1689 3102 1760 Insuper
3125 1691 3291 1745 animi
3317 1689 3409 1743 fu-

1845 1801 2022 1839 rorem
2075 1799 2292 1839 summo
2338 1784 2521 1840 ειυιίἱο
2563 1783 2780 1838 frenare
2820 1793 2872 1838 ει
2916 1799 3164 1838 coercere
3191 1797 3416 1838 necesse

1846 1886 1949 1943 est,
1980 1894 2079 1933 nec
2111 1886 2357 1949 prompte
2389 1885 2442 1932 et
2470 1886 2672 1932 temere
2696 1877 2750 1930 in
2775 1877 2911 1931 iram
2945 1891 3124 1938 ruere,
3155 1876 3243 1930 cui
3264 1875 3414 1929 srulti

1847 1971 2108 2026 serviunt.
2166 1971 2254 2023 11.
2304 1968 2502 2022 Errant
2536 1977 2754 2034 autem,
2797 1967 2891 2036 qui
2935 1967 3212 2022 meliorem
3246 1968 3414 2021 vitam

1849 2060 2152 2131 majoribus
2186 2059 2388 2113 nostris
2411 2058 2591 2112 datam
2625 2074 2745 2113 esse
2773 2057 3043 2112 ailirrnant
3072 2077 3084 2111 :
3123 2073 3224 2112 nec
3255 2058 3413 2112 intel-

1845 2154 2042 2224 ligunt,
2071 2152 2387 2221 sapientiam
2419 2166 2581 2219 opum
2609 2151 2761 2219 copia
2798 2151 2955 2219 longe
2982 2149 3412 2218 praastantiorern

1847 2261 2001 2310 esse;
2057 2243 2146 2300 η.
2213 2251 2474 2311 tantoque
2515 2241 2838 2303 clariorem,
2891 2250 3096 2309 quanto
3130 2251 3416 2310 argentum

1848 2336 2041 2391 umbra
2068 2350 2165 2389 sua
2198 2332 2537 2404 splendidius
2570 2339 2811 2401 apparet.
2871 2331 2953 2386 15.
2988 2329 3109 2386 Vita
3139 2332 3287 2386 enim
3317 2332 3418 2386 ho-

1849 2427 2044 2493 minis,
2098 2441 2206 2480 non
2236 2441 2301 2479 ex
2329 2424 2658 2480 caducarum
2695 2433 2747 2478 et
2784 2421 3059 2494 fragilium
3103 2440 3266 2494 opum
3301 2425 3416 2480 col-

1850 2520 2083 2576 lectione
2128 2527 2183 2572 et
2207 2516 2573 2587 possessione,
2613 2531 2797 2570 verum
2829 2531 2895 2570 ex
2921 2516 3188 2586 sapientia
3215 2532 3420 2587 prove-

1850 2613 1950 2667 nit.
2017 2611 2104 2665 M.
2133 2608 2267 2676 Quis
2301 2609 2470 2672 enim,
2521 2619 2618 2662 oro
2652 2615 2725 2673 te,
2776 2615 2979 2662 tantam
3014 2617 3234 2679 tamque
3265 2608 3419 2664 beni-

1851 2715 2010 2772 gnam
2065 2695 2158 2753 Dei
2212 2697 2604 2768 providentiam
2662 2698 2840 2753 verbis
2890 2700 3148 2768 consequi
3180 2699 3422 2769 poterit?

1854 2797 1942 2852 15.
1999 2797 2107 2850 Aut
2149 2795 2273 2865 quis
2313 2811 2377 2849 ea
2423 2811 2545 2864 qua:
2585 2809 2801 2850 summa
2851 2808 2974 2848 cum
3011 2793 3222 2847 ratione
3249 2807 3278 2846 a
3309 2789 3420 2845 Deo

1853 2891 2097 2960 neglecta
2144 2903 2266 2943 esse
2313 2886 2597 2952 videntur,
2646 2886 2938 2940 revocare?
2993 2884 3078 2938 16.
3112 2883 3224 2953 Ego
3267 2897 3416 2948 vero,

1853 2982 2036 3036 minus
2065 2988 2210 3034 recte
2249 2979 2302 3032 id
2330 2979 2548 3048 quidem
2579 2977 2782 3033 faciens
2801 3019 2816 3044 ,
2845 2978 3024 3032 omnia
3051 2976 3412 3040 consideravi,

1849 3082 1903 3127 et
1927 3072 2132 3142 justum
2167 3073 2220 3125 in
2243 3071 2453 3140 iustitia
2474 3078 2792 3125 constanter
2819 3077 3168 3138 perstantem,
3224 3083 3322 3122 nec
3351 3067 3422 3120 ab

176 3143 413 3218 ἄκαιρος.
444 3149 726 3218 Μέγιστον
758 3149 815 3202 δὲ
837 3149 1037 3218 ἀγαθὸν
1069 3150 1556 3221 ἀντιλαμϐάνεσθαι
1593 3151 1746 3215 Θεοῦ,

1858 3182 1922 3219 ea
1967 3181 2061 3233 per
2104 3179 2321 3219 omnem
2378 3164 2500 3217 vita:
2545 3177 2768 3217 cursum
2817 3161 3240 3222 desciscentem,
3308 3161 3421 3214 imo

176 3237 260 3288 καὶ
313 3239 371 3291 ὲν
426 3239 614 3309 τούτῳ
665 3238 794 3292 ὄντα
854 3239 1016 3311 μηδὲν
1071 3241 1420 3311 ἁμαρτάνειν.
1469 3242 1588 3296 Τῶν
1646 3243 1753 3314 γάρ

174 3326 444 3397 ἀμιάντων
477 3331 630 3402 χειρὶ
655 3330 869 3401 ἀνάγνῳ
899 3329 1110 3399 ψαύειν,
1147 3332 1406 3403 μυσαρόν.
1451 3333 1507 3385 '0
1532 3333 1588 3385 δὲ
1619 3333 1755 3404 μετά

173 3420 328 3486 φόϐου
381 3422 528 3476 Θεοῦ
593 3423 831 3476 ὑπείκων
881 3423 1095 3476 ἅπαντα
1146 3422 1422 3492 διαφεύγει
1477 3425 1750 3478 τάναντία.

172 3509 330 3579 Σοφία
372 3512 432 3565 δὲ
491 3513 766 3584 βοηθείας,
809 3513 1031 3582 στίφους
1071 3513 1278 3585 ἀνδρῶν
1319 3515 1428 3569 τῶν
1459 3515 1758 3570 δυνατωτά-

167 3615 269 3653 των
312 3603 372 3658 ὲν
422 3604 592 3657 πόλει
639 3603 858 3674 μείζονα
905 3604 1210 3678 δύναται,ἦ
1257 3607 1350 3661 καὶ
1396 3608 1755 3676 συγγινώσκει

169 3690 385 3759 δικαίως
459 3696 733 3760 πολλάκις
799 3696 907 3751 τῶν
977 3697 1204 3751 δεόντων
1267 3701 1751 3772 ἀποτυγχάνουσιν.

169 3785 510 3852 ’Δπταιστος
544 3787 657 3858 γάρ
699 3788 849 3842 ἐστιν
891 3789 1011 3842 οὐδὲ
1055 3784 1154 3852 εἷς.
1205 3791 1440 3844 Ἀσεϐῶν
1471 3792 1526 3844 δὲ
1557 3792 1752 3862 λόγοις,

167 3875 269 3928 οὐδ’
296 3879 564 3932 ὁπωσοῦν
613 3896 664 3932 τι
708 3880 813 3952 χρὴ
860 3881 1160 3950 προσιέναι,
1190 3882 1337 3945 ὅπως
1372 3882 1446 3954 μὴ
1477 3883 1584 3936 τῶν
1617 3885 1757 3938 κατά

164 3972 254 4026 σοῦ
286 3973 472 4042 λόγων
515 3974 790 4045 αὐτήκοος
817 3977 1122 4046 γενόμενος,
1155 3976 1343 4049 ὥσπερ
1369 3977 1554 4030 δούλου
1593 3996 1758 4050 πονη-

166 4063 254 4132 ροῦ
282 4065 593 4138 φλυαρίαςο
641 4066 830 4120 ἔπειτα
869 4067 1086 4139 δηχθεὶς
1112 4068 1208 4139 τὴν
1239 4071 1486 4142 καρδίαν,
1532 4070 1757 4142 ὕστερον

159 4153 215 4204 ὲν
244 4155 476 4220 πολλαῖς
513 4155 783 4226 πράξεσιν
809 4160 889 4221 είς
919 4159 979 4212 τὸ
1005 4161 1534 4232 ἀντικαταρὰσασθαι
1565 4163 1659 4216 καὶ
1692 4164 1755 4216 σὺ

160 4242 468 4318 ἑκτραπῇς.
517 4249 739 4316 Ἐγνων
769 4249 826 4302 δὲ
865 4249 1035 4302 ταῦτα
1066 4249 1175 4320 ἐγὼ
1205 4253 1438 4318 ἅπαντα,
1474 4254 1660 4323 σοφίαν
1695 4257 1758 4308 ὲκ

156 4334 286 4390 Θεοῦ
335 4338 560 4405 λαϐὼν,
599 4339 667 4410 ἢν
711 4339 936 4412 ὓστερον
965 4341 1285 4407 ἀποϐαλὼν,
1320 4345 1504 4398 οὐκέτι
1555 4341 1665 4409 οἷός
1698 4364 1756 4399 τε

157 4426 301 4499 ἥμην
330 4432 540 4500 ὅμοιος
587 4426 746 4486 εἶναι.
779 4433 987 4502 Ἕφυγε
1029 4434 1135 4505 γὰρ
1182 4437 1276 4488 ἀπ’
1321 4437 1453 4507 ἐμοῦ
1489 4437 1647 4508 σοφία
1677 4441 1756 4503 είς

1855 3257 2020 3311 etiam
2075 3264 2293 3326 propter
2337 3269 2456 3308 eam
2503 3252 2714 3307 insidiis
2747 3252 2970 3321 petitum
3020 3269 3034 3305 :
3069 3260 3124 3304 et
3155 3250 3420 3318 injustum

1857 3349 2020 3404 simul
2067 3363 2188 3403 cum
2237 3347 2583 3416 improbitate
2633 3361 2729 3400 sua
2759 3344 3102 3398 morientem.
3164 3342 3249 3395 17.
3285 3341 3422 3396 Illud

1857 3454 2035 3498 autem
2066 3441 2272 3496 homini
2299 3440 2505 3508 justitia
2533 3439 2756 3509 prazdito
2783 3436 3072 3492 videndum
3103 3445 3206 3500 est,
3231 3450 3298 3490 ne
3325 3435 3423 3489 ad-

1858 3535 2079 3590 modum
2122 3533 2246 3588 talis
2286 3547 2406 3586 esse
2438 3530 2706 3593 videatur,
2754 3543 2854 3584 nec
2885 3544 3048 3599 supra
3079 3526 3298 3582 modum
3328 3542 3420 3581 sa-

1855 3628 2046 3696 piens;
2100 3639 2166 3679 ne
2203 3623 2249 3678 si
2291 3638 2398 3692 qua
2433 3622 2486 3676 in
2519 3637 2577 3674 re
2601 3620 2918 3683 offenderit,
2967 3620 3152 3675 multis
3179 3618 3424 3688 partibus

1856 3714 2130 3783 copiosius
2160 3719 2366 3780 peccet.
2419 3709 2504 3764 18.
2536 3709 2671 3763 lllud
2693 3709 2855 3763 etiam
2885 3709 2981 3763 tibi
3006 3709 3326 3773 cavendum,
3355 3722 3425 3762 ne

1856 3805 2034 3860 audax
2062 3812 2116 3858 et
2140 3803 2460 3858 temerarius
2493 3802 2603 3868 sis;
2638 3816 2706 3856 ne
2737 3801 2940 3870 alioqui
2968 3809 3018 3854 te
3046 3800 3424 3870 intempestiva

1855 3907 1908 3952 et
1935 3907 2261 3968 praematura
2310 3910 2458 3950 mors
2484 3894 2736 3964 abripiat.
2799 3894 2884 3948 19.
2914 3892 3209 3948 Maximum
3240 3902 3424 3947 autem

1858 3989 2086 4054 bonum,
2115 3987 2286 4044 Deum
2315 3986 2601 4056 complecti
2628 3995 2680 4040 et
2707 3984 3143 4054 apprehendere;
3175 3993 3337 4052 atque
3367 3985 3423 4037 in

1857 4093 1922 4132 eo
1953 4085 2285 4140 manentem,
2319 4077 2387 4131 ab
2421 4075 2579 4130 ornni-
2601 4083 2824 4144 peccato
2852 4073 3144 4128 abstinere.
3182 4074 3292 4128 Res
3311 4086 3424 4128 ete-

1856 4168 1968 4222 nim
1999 4168 2226 4222 maculaa
2254 4167 2434 4221 omnis
2460 4175 2707 4236 expertes
2741 4167 2954 4235 impura
3001 4180 3168 4218 manu
3202 4173 3422 4219 contre-

1858 4263 2028 4319 ctare,
2056 4252 2327 4307 nefarium
2354 4261 2406 4308 et
2432 4251 2765 4306 exsecrabile
2793 4259 2895 4306 cst.
2952 4248 3057 4316 Qui
3086 4259 3267 4305 autem
3295 4266 3422 4305 cum

1859 4344 1952 4399 Dei
1992 4346 2185 4399 timore
2228 4343 2389 4407 cedit,
2429 4359 2595 4412 seque
2629 4342 2921 4404 submittit,
2973 4343 3199 4396 adversa
3239 4343 3424 4396 omnia

1860 4436 2067 4508 ellugit.
2106 4437 2196 4491 ΞΟ.
2228 4435 2506 4506 Sapientia
2531 4436 2720 4490 auxilii
2748 4436 2801 4489 in
2825 4435 3042 4490 civitate
3067 4437 3189 4506 plus
3222 4444 3422 4506 potest,

157 4517 328 4587 μῆκος
379 4521 653 4591 ἄπειρον,
707 4523 800 4574 καὶ
843 4524 924 4585 είς
966 4523 1126 4592 βάθος
1172 4525 1510 4598 ἀμέτρητον,
1556 4529 1631 4593 ὡς
1681 4529 1746 4600 μὴ

1858 4545 2021 4600 quam
2048 4529 2547 4600 potentissimorum
2577 4528 2860 4581 hominum
2886 4528 3066 4595 acies;
3109 4543 3230 4597 qua:
3257 4528 3423 4582 etiam

155 4605 286 4663 εἶναι
317 4612 510 4683 αὐτῆς
543 4613 805 4668 λαϐέσθαι
837 4617 1051 4687 μηκέτι.
1086 4618 1246 4670 Ὥστε
1283 4618 1504 4690 ὕστερον
1535 4623 1630 4674 καὶ
1660 4622 1752 4676 τοῦ

151 4700 436 4774 ἐπιζητεῖν
477 4705 684 4776 αὐτὴν,
727 4707 928 4760 τέλειον
957 4707 1066 4780 (17)
1111 4710 1449 4782 ἀπεσχόμηνο
1499 4713 1593 4766 καὶ
1632 4713 1753 4767 οὔτε

151 4793 557 4868 ἐνεθυμούμην
615 4797 694 4849 ἔτι
743 4797 835 4851 τοῦ
891 4803 1172 4853 κατανοεῖν
1229 4800 1329 4864 τὰς
1383 4800 1491 4855 τῶν
1545 4803 1754 4857 ἀσεϐῶν

147 4884 477 4961 ἀφροσύνας
516 4891 623 4942 καὶ
675 4888 868 4959 βουλὰς
923 4893 1187 4961 ματαίας,
1232 4894 1326 4946 καὶ
1363 4892 1592 4947 ἀλύοντα
1621 4895 1751 4965 βίον,

148 4976 302 5030 Οὕτω
347 4981 411 5032 δὲ
449 4980 834 5049 διακείμενος,
878 4985 957 5046 είς
1003 4983 1140 5036 αύτά
1183 4983 1467 5057 διηνέχθην
1498 4985 1630 5056 (18),
1663 4988 1756 5041 καὶ

144 5066 421 5142 ἐπιθυμίᾳ
452 5070 755 5140 συσχεθεὶς
783 5071 1158 5144 θανατηφόρῳ,
1181 5072 1349 5141 ἔγνων
1379 5074 1476 5145 τὴν
1500 5079 1754 5143 γυναῖκα,

140 5154 244 5225 γῆν
271 5175 405 5212 τινα
445 5159 602 5229 (19),
640 5159 672 5230 ἦ
716 5162 844 5214 εἴτι
883 5160 1067 5232 ἕτερον
1099 5161 1334 5216 τοιοῦτον
1383 5164 1753 5237 ὑπάρχουσαν.

1859 4622 2180 4691 plerumque
2214 4620 2304 4685 iis,
2331 4619 2425 4688 qui
2455 4617 2523 4672 ab
2549 4616 2724 4672 oﬂicio
2747 4618 3086 4680 aberrarunt,
3107 4617 3425 4686 justeigno—

1861 4712 1982 4767 scit.
2045 4711 2135 4763 Ἦ.
2161 4708 2332 4764 Nemo
2376 4710 2522 4764 enim
2551 4718 2667 4772 est,
2712 4709 2805 4777 qui
2842 4695 2948 4762 non
2982 4709 3249 4763 interdum
3277 4709 3425 4763 laba-

1861 4804 2012 4859 tur'.
2071 4803 2162 4856 22.
2201 4801 2296 4857 Est
2338 4811 2518 4856 autem
2544 4801 2639 4856 tibi
2668 4801 3058 4870 providendum
3083 4841 3098 4867 ,
3136 4817 3203 4854 ne
3227 4801 3294 4856 ad
3320 4803 3424 4855 im-

1861 4896 2076 4966 piorum
2109 4909 2387 4950 sermones
2411 4895 2524 4948 ullo
2555 4893 2717 4948 modo
2745 4892 3003 4959 accedas;
3043 4908 3111 4946 ne
3138 4893 3421 4947 maledicta

1863 4989 1918 5042 in
1961 4996 2012 5042 te
2038 4987 2185 5057 jacta
2228 4988 2448 5041 tuismet
2474 4985 2699 5038 auribus
2731 4984 2990 5038 hauriens
3010 5023 3024 5047 ,
3067 4985 3424 5054 quemadmo-

1863 5078 1992 5132 dum
2024 5077 2256 5148 improbi
2287 5076 2426 5130 servi
2461 5075 2881 5144 loquacitatem;
2939 5073 3030 5127 25.
3076 5081 3240 5142 atque
3267 5089 3333 5126 ex
3359 5089 3423 5126 ea

1867 5180 1927 5220 re
1964 5166 2148 5220 animo
2175 5177 2516 5233 cornmorsus
2537 5200 2552 5226 ,
2604 5163 2656 5216 in
2690 5160 2876 5214 multis
2907 5169 3094 5230 postea
3119 5161 3424 5216 actionibus

219 5251 242 5283 ⁸
271 5251 344 5306 lll
375 5253 534 5325 Reg.
573 5269 696 5320 vm,
729 5255 832 5320 46;
868 5254 912 5307 ll
941 5255 1117 5311 Paral.
1147 5275 1220 5324 vr,
1251 5258 1352 5325 56;
1389 5257 1551 5314 Prov.
1581 5277 1672 5327 xx,
1706 5261 1738 5315 9

1851 5259 2011 5315 Joan.
2035 5277 2075 5314 ι.
2107 5241 2194 5314 8.⁸

210 5371 328 5443 (15)
369 5371 611 5443 Λόγων
629 5366 714 5443 δέ.
750 5367 940 5443 Medic.
970 5370 1116 5432 cod.,
1146 5370 1302 5439 λόγον
1328 5372 1403 5426 δέ.
1431 5374 1604 5443 Atque
1643 5373 1746 5426 hoc

144 5439 315 5495 modo
357 5439 740 5496 scribendum
787 5441 1128 5495 existimasse
1170 5443 1421 5497 videntur
1459 5439 1548 5497 alii
1577 5445 1747 5496 inter-

1859 5372 1963 5427 Sed
1996 5363 2184 5426 Billius
2232 5364 2522 5424 adnotarat
2566 5370 2620 5423 in
2652 5364 2907 5440 margine.
2939 5365 3065 5421 libri
3100 5368 3206 5434 sui,
3239 5369 3426 5439 legen-

1859 5445 1986 5496 dum
2015 5441 2302 5512 φανοτέρα.
2331 5440 2407 5512 ln.

141 5522 343 5578 pretes.
372 5511 648 5566 Joannes
683 5527 696 5562 :
723 5507 934 5581 Sermo,
966 5527 1065 5562 non
1112 5512 1166 5562 in
1204 5513 1484 5581 principia,
1515 5513 1601 5566 sed
1631 5528 1746 5581 cum

1928 5507 2040 5581 (17)
2077 5507 2324 5565 Ἠὲλεὶον.
2356 5509 2526 5581 Codd.
2561 5525 2673 5576 reg.
2709 5519 2759 5564 et
2794 5509 3032 5581 'l‘huan.,
3061 5507 3369 5581 τέλεοννῐο.

141 5522 343 5578 pretes.
372 5517 648 5566 Joannes
683 5527 696 5562 :
723 5517 934 5574 Sermo,
966 5527 1065 5562 non
1112 5517 1166 5562 in
1204 5517 1484 5581 principia,
1515 5517 1601 5566 sed
1631 5528 1746 5564 cum

140 5584 204 5631 ad
238 5587 456 5636 calcem
487 5580 810 5649 pervenerit,
839 5579 1260 5652 laudandus'est.
1288 5582 1564 5637 Musculus
1590 5599 1602 5632 :
1629 5580 1746 5635 Ser-

1953 5517 2040 5578 17)
2077 5517 2324 5565 Ίὶιὲλειον.
2356 5517 2526 5566 Codd.
2561 5525 2673 5576 reg.
2709 5519 2759 5564 et
2794 5517 3032 5572 'l‘huan.,
3061 5517 3369 5562 τέλεον.-Ιο.

1928 5517 2039 5652 (18)
2070 5582 2416 5649 Διηνέχθην.
2463 5580 2564 5634 Ms.
2611 5579 3097 5652 Med.,.6qvé10qv.
3153 5578 3217 5632 Et
3262 5582 3427 5649 paulo

138 5667 358 5724 monemﬁ
398 5652 654 5705 laudare
695 5651 959 5717 convenit,
1007 5667 1110 5704 non
1163 5653 1219 5706 in
1266 5653 1511 5718 exardio,
1558 5652 1647 5708 sed
1696 5653 1746 5705 in

1857 5662 1996 5724 post.
2023 5651 2181 5724 χεῖρα
2207 5652 2262 5705 δὲ
2286 5655 2426 5724 χειρὶ
2460 5651 2756 5724 συνάψασα.

133 5725 297 5778 ealce.
336 5723 489 5778 Duc.
694 5788 705 5792 _
849 5788 863 5792 _
1526 5791 1544 5792 γ

1859 5719 1875 5724 ⁷
1931 5719 2195 5792 (19)⁷Τ’ὴν
2238 5719 2509 5791 γῦνάἷκα,
2546 5721 2659 5792 γῆν
2707 5737 2860 5774 τινα.
2883 5719 3095 5792 Locum
3137 5735 3258 5792 esse
3305 5736 3428 5773 cor-

205 5794 324 5867 (16)
363 5788 798 5858 Φανερωτέρα.
849 5788 925 5846 lta
973 5806 1107 5848 sane
1150 5793 1272 5849 cod.
1325 5793 1475 5850 card.
1523 5791 1750 5849 Lotliar.
1859 5788 2078 5864 ruptum
2128 5788 2257 5850 Olim
2311 5788 2614 5864 pervider'at
2663 5791 2964 5848 Cotelerius
3015 5791 3084 5847 ad
3130 5790 3423 5847 Constitut.
