3862 6492
466 357 486 409 4
499 358 602 410 007

1585 356 1641 411 S.
1683 356 2010 412 GRFGORII
2051 355 2561 412 TIlA'UMATERGI

3561 359 3674 414 I008

463 474 526 527 ad
559 474 845 542 regerenda
896 475 1134 530 convicia
1187 475 1299 543 ipse
1326 490 1546 544 quoque
1575 476 1882 530 abducaris.
1939 475 2006 528 24

2133 476 2343 544 Καρδία
2384 475 2481 545 μὲν
2524 473 2630 545 γάρ
2673 475 2840 546 αὐτῆς
2886 475 3170 545 σαγηνειὶει
3210 475 3335 538 τοὺς
3382 475 3674 547 παριόντας,

463 565 586 621 Haec
611 567 790 621 omnia
823 581 923 637 ego
960 583 1170 626 noram.
1204 568 1525 636 sapientiam
1555 583 1583 620 a
1616 566 1726 622 Deo
1759 583 2025 622 consecu-

461 669 549 712 tus
577 676 590 713 :
618 673 724 726 qua
758 658 950 712 deinde
992 659 1216 722 amissa,
1268 657 1358 711 εδ.
1391 655 1504 724 jam
1557 658 1659 710 mei
1689 657 1880 710 similis
1904 670 2024 710 esse

461 749 773 818 nequibam.
833 749 922 802 26.
955 748 1229 818 Sapientia
1281 748 1424 802 enim
1470 763 1500 802 a
1543 765 1630 803 me
1669 749 1723 801 in
1759 747 2020 801 inﬁnitam

460 839 853 911 longitudinem
880 839 1034 909 fugit,
1059 849 1112 893 et
1139 839 1190 893 in
1220 840 1536 893 immensam
1566 839 2021 909 profunditatem:

458 943 518 987 ut
559 933 692 987 mihi
731 948 848 986 eam
887 932 1128 1001 arripere
1169 934 1309 986 ultra
1339 947 1446 985 non
1473 932 1680 985 liceret.
1739 929 1919 996 Quare
1957 929 2024 982 ab

457 1039 520 1078 ea
564 1037 782 1093 quoque
833 1024 1155 1091 inquirenda
1205 1024 1431 1077 omnino
1465 1021 1703 1077 abstinui
1747 1041 1759 1075 :
1802 1021 2024 1090 jamque

461 1130 563 1169 nec
597 1114 655 1170 in
685 1115 867 1169 animo
891 1115 1154 1169 habebam
1201 1114 1488 1184 impiorum
1519 1112 1785 1167 amentias
1809 1120 1863 1165 et
1887 1125 2023 1165 vana

459 1205 719 1269 consilia,
770 1206 1046 1276 vitamque
1088 1206 1286 1260 misere
1330 1207 1598 1276 palantem
1650 1206 2018 1262 considerare.

455 1295 546 1352 27.
579 1295 670 1350 Sic
695 1304 872 1351 autem
903 1299 1086 1350 animo
1111 1299 1439 1352 censtitutus
1460 1337 1475 1361 ,
1509 1299 1560 1350 in
1589 1298 1704 1352 haec
1732 1297 2020 1352 devolutus

2123 568 2264 637 χειρὶ
2316 566 2371 620 δέ
2418 569 2572 636 χεῖρα
2609 568 2888 636 συνάψασα
2932 569 3117 638 μόνον,
3153 569 3370 638 κατέχει
3419 568 3452 640 ἢ
3491 570 3540 621 εί
3583 569 3674 638 (20)

2123 655 2339 724 δεσμοῖς
2387 655 2783 726 περιϐάλλουσα
2825 650 2993 709 εἷλκε.
3027 658 3199 720 Μόνος
3227 659 3269 710 δ’
3295 659 3362 711 ἂν
3391 659 3487 711 ἀπ’
3522 659 3674 728 αὐτῆς

2127 746 2399 816 ρυσθείης,
2431 746 2520 799 τὸν
2564 745 2696 799 Θεὸν
2724 747 2850 800 ἱλεω
2898 750 2991 801 καὶ
3035 750 3274 820 ἐπόπτην
3319 749 3582 822 ἐσχηκὼς·
3612 751 3676 814 ὡς

2124 839 2152 890 ὃ
2187 854 2249 905 γε
2279 838 2523 908 ἁμαρτία
2547 837 2934 908 δεδουλωμένος
2959 840 3056 892 οὐκ
3081 839 3146 893 ἂν
3175 840 3419 909 ἐκφύγοι.
3446 843 3677 912 Ζητήσας

2123 927 2168 980 δ’
2199 926 2308 995 ἐγὼ
2342 927 2428 980 διὰ
2462 927 2648 980 πασῶν
2673 929 2948 996 γυναικῶν
2988 931 3334 1002 σωφροσύνην
3372 932 3578 998 αὐτῶν,
3605 928 3679 986 εὖ·

2131 1035 2222 1087 ρον
2261 1019 2318 1070 ἐν
2348 1018 2591 1089 οὐδεμιᾷ.
2625 1021 2733 1072 Καὶ
2772 1020 2937 1092 ἄνδρα
2970 1021 3067 1092 μέν
3097 1040 3178 1086 τις
3221 1024 3278 1075 ἐν
3321 1023 3516 1093 χιλίοις
3544 1025 3676 1094 γνοίη

2123 1108 2192 1161 ἂν
2241 1108 2512 1180 σώφρονα,
2562 1112 2794 1178 γυναῖκα
2841 1111 2897 1162 δὲ
2941 1111 3022 1164 οῦ.
3069 1112 3384 1183 Κατενόησα
3415 1113 3474 1166 δέ
3524 1115 3677 1166 ἐκεῖνο

2125 1197 2378 1268 μάλιστα,
2417 1199 2500 1250 ὅτι
2534 1197 2808 1270 ἄνθρωποι
2841 1201 2943 1254 ὑπὸ
2990 1202 3125 1255 Θεοῦ
3157 1202 3316 1256 ἀπλοῖ
3343 1205 3464 1268 ταῖς
3497 1203 3676 1272 ψυχαῖς

2119 1290 2396 1360 γενόμενοι
2428 1288 2559 1361 (21),
2595 1292 2805 1354 ἑαυτοῖς
2838 1293 3174 1346 ἐπισπῶνται
3197 1293 3490 1364 λογισμοὺς
3524 1296 3676 1347 ποικίο

455 1402 576 1441 sum
621 1406 633 1442 :
675 1403 740 1442 ac
766 1387 1045 1443 mortifera
1093 1390 1385 1458 cupiditate
1411 1397 1712 1458 correptus,
1742 1388 2006 1442 mulierem

2120 1383 2243 1447 λους
2287 1385 2380 1436 καὶ
2435 1382 2688 1454 ζητήσεις
2731 1384 3096 1456 ἀπεράντους,
3145 1387 3237 1440 καὶ
3279 1389 3470 1455 σοφίαν
3515 1386 3675 1459 ζητεῖν

455 1478 719 1546 cognovi.
759 1480 862 1533 hoc
909 1488 1010 1543 est,
1054 1488 1252 1533 terram
1299 1481 1624 1549 quamdam,
1677 1486 1772 1531 aut
1813 1477 1858 1531 si
1895 1476 2006 1545 quit

2121 1475 2594 1547 προσποιούμενοι,
2633 1477 2762 1548 περὶ
2797 1479 3037 1548 ῥημάτια
3062 1479 3498 1551 κατατρίϐονται.

453 1568 596 1628 aliud
624 1578 707 1625 est
733 1569 1065 1639 hujusmodi.
1116 1570 1221 1625 Cor
1252 1571 1450 1624 etenim
1487 1570 1606 1640 ejus
1655 1576 2097 1639 pertranseuntes
2149 1569 2350 1632 irretit;
2397 1583 2460 1621 ac
2504 1572 2549 1621 si
2605 1569 2690 1622 vel
2736 1585 2956 1622 manqu
3007 1579 3214 1624 tantum
3269 1573 3454 1625 manui
3488 1585 3673 1626 conne-

454 1661 653 1728 xuerit,
689 1677 796 1716 non
831 1663 1011 1717 minus
1044 1663 1227 1718 stricte
1269 1664 1483 1726 retinet,
1522 1678 1686 1732 quam
1731 1662 1778 1718 si
1821 1661 2053 1714 vinculis
2084 1660 2410 1720 constrictos
2449 1659 2703 1714 traheret.
2764 1659 2875 1715 Nec
2921 1677 3048 1716 vero
3091 1663 3160 1715 ab
3183 1678 3243 1716 ea
3275 1663 3429 1716 aliter
3473 1663 3671 1716 liberari

452 1773 641 1825 queas,
673 1773 835 1826 quam
863 1759 1030 1813 Deum
1056 1760 1348 1829 propitium
1381 1777 1444 1815 ac
1473 1760 1704 1831 benigno
1755 1758 1914 1813 oculo
1974 1757 2270 1811 intuentem
2317 1764 2508 1810 nactus
2568 1777 2583 1811 :
2639 1772 2764 1810 nam
2810 1759 2902 1827 qui
2967 1759 3170 1827 peccati
3200 1759 3464 1814 servitute
3493 1761 3673 1828 premi-

455 1861 576 1918 tur,
621 1854 1037 1924 haudquaquam
1087 1855 1355 1927 effugerit.
1395 1856 1484 1910 ‘28.
1539 1855 1712 1911 Porro
1760 1869 1882 1909 cum
1923 1868 2019 1922 per
2070 1867 2255 1906 omnes
2307 1851 2562 1905 mulieres
2614 1851 2931 1920 pudicitiam
2977 1868 3163 1906 earum
3196 1855 3598 1922 quiesivissem,
3627 1853 3672 1906 in

455 1946 602 2001 nulla
668 1949 864 2016 reperi.
905 1948 995 2003 29.
1027 1949 1106 2003 Ac
1165 1949 1340 2002 virum
1402 1949 1618 2020 quidem
1667 1947 1926 2020 pudicitia
1986 1954 2260 2006 ornatum,
2306 1943 2446 1997 inter
2487 1944 2634 1998 mille
2691 1943 2918 2000 fortasse
2964 1948 3345 2014 perspexeris;
3406 1947 3670 2000 mulierem

455 2048 636 2092 autem
669 2039 910 2094 minime.
979 2040 1069 2095 50.
1105 2039 1239 2095 Illud
1298 2057 1428 2098 vero
1485 2042 1722 2096 maxime
1766 2037 2159 2100 animadverti,
2200 2036 2343 2105 quod
2390 2036 2638 2091 homines
2687 2038 2886 2092 animis
2933 2039 3206 2107 simplices
3247 2054 3276 2092 a
3324 2037 3436 2092 Deo
3494 2042 3663 2096 creati.

447 2130 627 2183 varias
653 2130 1006 2198 cogitationes
1037 2132 1376 2201 rationisque
1436 2133 1716 2188 discursus
1765 2131 1869 2186 sibi
1917 2130 2050 2199 ipsis
2083 2127 2358 2181 attrahunt
2413 2136 2576 2196 atque
2631 2127 2869 2183 infinitas
2905 2128 3266 2198 quaestiones;
3301 2129 3671 2198 sapientiaeque
3717 2203 3721 2207 μ

447 2217 852 2289 inquisitionem
881 2221 1214 2291 profitentes,
1237 2226 1380 2280 circa
1405 2226 1762 2281 dictiunculas
1789 2235 2000 2294 tempus
2027 2228 2224 2275 terunt.

1015 2317 1244 2374 CAPUT
1320 2321 1454 2376 VIII.

519 2409 793 2480 Sapientia
835 2420 1055 2477 autem,
1124 2425 1250 2467 cum
1303 2414 1358 2467 in
1409 2415 1629 2470 homine
1677 2414 2011 2484 exploratur,

446 2501 623 2569 ipsum
650 2517 864 2571 quoque
896 2502 1102 2557 domini
1130 2505 1337 2558 vultum
1389 2505 1670 2573 splendore
1695 2506 2014 2576 perfundere

448 2594 689 2646 cernitur
723 2611 736 2647 :
768 2594 1221 2661 quemadmodum
1255 2605 1445 2650 contra
1467 2637 1482 2661 ,
1529 2597 1860 2666 impudentia
1888 2612 2011 2652 eum

448 2682 503 2735 in
533 2699 645 2752 quo
669 2683 1005 2738 domicilium
1043 2685 1237 2749 habet,
1279 2687 1461 2740 statim
1495 2696 1553 2740 ut
1581 2689 1732 2743 visus
1757 2699 1860 2752 est,
1888 2689 2015 2743 odio

447 2773 672 2842 dignum
700 2788 819 2827 esse
843 2774 1108 2842 coarguit.
1147 2775 1200 2828 2.
1237 2774 1398 2845 Regis
1420 2776 1762 2831 sermonibus
1784 2777 2014 2847 diligen-
2053 2847 2056 2850 _

448 2872 530 2918 ter
558 2863 834 2917 advertere
855 2864 1124 2930 convenit,
1161 2881 1224 2920 ac
1248 2865 1628 2936 jusjurandum
1663 2868 1811 2921 omni
1841 2867 2011 2922 ratio-

447 2971 515 3009 ne
559 2953 764 3024 fugere,
813 2955 976 3023 idque
1013 2961 1332 3024 praesertim,
1374 2959 1519 3028 quod
1572 2958 1624 3012 in
1671 2957 1763 3012 Dei
1813 2974 2009 3013 nomen

445 3043 768 3112 concipitur.
805 3044 858 3097 5.
894 3042 1113 3098 Interim
1139 3054 1316 3100 tamen
1344 3061 1556 3116 aequum
1588 3047 1750 3103 fuerit
1775 3050 2011 3104 sermoni

448 3135 592 3191 malo
642 3135 952 3203 imminere;
1006 3151 1194 3190 verum
1237 3153 1460 3204 cavere,
1511 3155 1578 3195 ne
1620 3129 2008 3211 blasphemiam

442 3229 608 3284 ullam
649 3229 705 3283 in
759 3229 1049 3284 Dominum
1099 3232 1460 3288 eﬂundamus.
1523 3231 1640 3289 Non
1681 3236 1824 3288 enim
1853 3236 1920 3308 de
1946 3249 2012 3289 eo

443 3336 659 3390 poenam
689 3321 928 3390 aliquam
968 3323 1239 3394 intligente
1284 3325 1438 3394 queri
1473 3325 1689 3392 licebit;
1720 3341 1818 3380 nec
1850 3328 2011 3382 unius

444 3412 588 3466 illius
635 3411 849 3467 Domini
879 3425 932 3468 et
959 3415 1101 3484 regis
1130 3415 1341 3484 placitis
1386 3417 1667 3472 obsistere.
1731 3417 1787 3472 4.
1820 3417 2012 3473 Melius

442 3512 625 3558 autem
673 3512 728 3558 et
759 3505 1154 3562 conducibilius
1203 3507 1398 3574 fuerit,
1447 3510 1805 3568 sacrosanctis
1857 3527 2012 3565 man-

443 3595 585 3649 datis
634 3597 1100 3664 acquiescentem,
1147 3598 1216 3652 ab
1249 3599 1506 3668 improbis
1553 3601 1894 3656 sermonibus
1925 3617 2007 3656 re-

445 3687 670 3741 moveri.
728 3688 782 3741 5.
828 3687 1097 3744 Cordatus
1147 3690 1290 3744 enim
1335 3690 1418 3744 vir
1462 3693 1834 3760 tempestivum
1871 3692 2004 3748 illud

439 3777 704 3846 judicium
737 3779 945 3849 justum
977 3778 1094 3834 fore
1121 3781 1225 3835 scit
1254 3789 1414 3850 atque
1456 3785 1764 3852 praenoscit.
1804 3782 2005 3840 Omnes

443 3870 589 3923 enim
617 3870 739 3924 vita:
774 3871 1024 3924 humana:
1053 3886 1140 3924 res
1167 3886 1455 3939 supernam
1495 3886 1710 3941 poenam
1738 3881 1958 3926 manent
1985 3890 2000 3926 :

441 3967 493 4021 6.
532 3960 734 4017 Verum
777 3963 1058 4032 improbus
1098 3963 1243 4017 haud
1285 3963 1575 4018 admodum
1606 3965 1745 4020 scire
1770 3965 2000 4031 videtur,

441 4056 585 4124 quod
617 4069 746 4109 cum.
773 4054 940 4108 multa
975 4069 1135 4123 super
1167 4069 1224 4108 se
1249 4053 1343 4108 Dei
1375 4054 1708 4123 providentia
1742 4056 1832 4117 sit.
1869 4057 2003 4112 nihil

442 4160 667 4214 prorsus
704 4145 757 4198 in
783 4153 1059 4214 posterum
1089 4144 1294 4199 latebit.
1338 4144 1391 4199 7.
1425 4144 1541 4201 Non
1562 4147 1706 4200 enim
1736 4148 1856 4211 scit,
1884 4163 2004 4218 quze

442 4244 627 4306 postea
651 4235 828 4290 futura
859 4246 1005 4290 sunt.
1046 4235 1229 4306 Neque
1250 4237 1535 4307 quisquam
1559 4245 1662 4301 est,
1686 4238 1776 4307 qui
1799 4239 2001 4308 aliquid

2701 2317 2946 2369 ΚΕΦΑΛ.
2990 2318 3069 2370 Η’.

2183 2406 2349 2475 Σοφία
2381 2405 2435 2459 δὲ
2477 2407 2534 2458 ὲν
2551 2405 2819 2478 ἀνθρώπῳ
2854 2407 3237 2478 ἐξεταζομένη,
3269 2409 3366 2461 καὶ
3392 2406 3482 2460 διὰ
3519 2423 3670 2478 προσ-

2111 2496 2262 2551 ώπου
2311 2499 2562 2568 φαίνεται
2605 2499 2908 2568 φωτίζουσα
2962 2501 3052 2552 τὸν
3092 2500 3431 2571 κεκτημένον
3456 2517 3470 2530 °
3502 2500 3670 2570 ὥσπερ

2110 2586 2203 2642 οὖν
2243 2589 2514 2652 ἀναίδεια,
2567 2590 2758 2660 μίσους
2802 2591 2962 2654 εὐθὺς
3002 2591 3232 2660 ὀφθέντα
3281 2594 3434 2657 ἄξιον
3482 2596 3671 2646 ἐκεῖνον

2111 2679 2354 2749 ἐλέγχει,
2385 2673 2539 2752 ᾧπερ
2567 2679 2827 2751 ἐνῴκησε.
2861 2682 3008 2736 Πάνυ
3037 2683 3092 2736 δὲ
3126 2684 3228 2756 χρὴ
3263 2685 3540 2756 ἐπιμελῶς
3567 2688 3667 2746 τοῖς

2110 2769 2204 2822 τοῦ
2240 2770 2500 2841 βασιλέως
2540 2771 2826 2842 προσέχειν
2858 2771 3034 2842 λόγοις
3056 2813 3070 2837 ,
3099 2775 3258 2846 ὅρκον
3289 2775 3346 2828 δέ
3388 2780 3456 2830 ἐκ
3486 2776 3668 2837 naval;

2109 2863 2311 2937 τρόπου
2344 2862 2581 2932 φεύγειν,
2634 2863 2865 2934 μάλιστα
2910 2865 3002 2918 τὸν
3033 2866 3110 2929 είς
3143 2865 3276 2918 Θεοῦ
3317 2866 3492 2938 ὄνομα
3537 2867 3667 2936 γινό-

2114 2970 2289 3024 μενον.
2333 2954 2676 3023 Ἐφίστασθαι
2704 2955 2759 3008 δὲ
2786 2956 2933 3026 ὅμως
2958 2958 3221 3029 προσήκει
3245 2957 3394 3029 λόγῳ
3430 2959 3665 3030 πονηρῷ·

2110 3044 2246 3098 ἀλλὰ
2297 3044 2660 3114 φυλάσσεσθαι
2724 3047 2938 3102 ἅπασαν
2986 3049 3084 3119 τὴν
3130 3051 3209 3113 είς
3251 3050 3343 3104 τὸν
3407 3054 3668 3120 Δεσπότην

2114 3137 2477 3208 βλασφημίαν.
2527 3138 2600 3192 Οὐ
2645 3137 2754 3209 γὰρ
2804 3139 2870 3210 δὴ
2919 3140 3212 3207 ἐπάγοντὸς
3258 3159 3311 3195 τι
3369 3142 3666 3212 μέμφεσθαι

2113 3228 2378 3300 ὑπάρξει,
2425 3229 2544 3282 οὐδὲ
2586 3229 2886 3299 ἀντιλέγειν
2929 3234 3038 3294 τοῖς
3067 3231 3161 3284 τοῦ
3209 3233 3373 3302 μόνου
3421 3234 3663 3287 δυνάστου

2111 3321 2204 3373 καὶ
2236 3319 2500 3390 βασιλέως
2534 3321 2784 3392 δόγμασι.
2818 3322 3032 3376 Βέλτιον
3060 3323 3137 3384 δὲ,
3171 3325 3265 3378 καὶ
3310 3325 3667 3380 λυσιτελέστε-

2113 3427 2205 3480 ρον
2244 3411 2549 3483 ἐμμένοντα
2586 3413 2706 3473 ταῖς
2736 3412 2908 3482 ἱεραῖς
2937 3413 3174 3476 ἐντολαῖς
3193 3453 3208 3478 ,
3241 3414 3419 3482 λόγων
3448 3414 3552 3467 τῶν
3581 3431 3671 3466 πο-

2108 3502 2286 3574 νηρῶν
2310 3503 2466 3565 ἐκτὸς
2494 3502 2841 3557 καθεστάναι.
2877 3505 3044 3573 Σοφὸς
3071 3505 3179 3576 γὰρ
3201 3505 3336 3576 ἀνὴρ
3392 3508 3669 3559 ἐπίσταται

2110 3596 2203 3648 καὶ
2236 3595 2597 3667 προγινώσκει
2628 3598 2727 3669 τὴν
2773 3599 2852 3660 εἰς
2899 3597 3087 3668 καιρὸν
3126 3598 3335 3669 κρίσιν,
3375 3601 3456 3652 ὅτι
3497 3599 3671 3653 δικαία

2107 3686 2279 3740 ἔσται.
2327 3688 2513 3742 Πάντα
2557 3689 2666 3758 γὰρ
2709 3689 2778 3743 τά
2840 3693 2898 3743 ἐν
2946 3690 3023 3760 τῷ
3071 3689 3168 3762 βίῳ
3220 3691 3328 3743 τῶν
3378 3691 3670 3763 ἀνθρώπων

2108 3779 2408 3850 πράγματα
2479 3780 2761 3850 περιμένει
2801 3781 2900 3852 τὴν
2931 3781 3133 3834 ἄνωθεν
3174 3781 3424 3834 κόλασινο
3479 3784 3617 3854 πλὴν
3646 3783 3671 3834 ὃ

2106 3888 2171 3940 γε
2212 3871 2481 3942 πονηρὸς,
2525 3875 2585 3925 οὐ
2627 3873 2746 3926 λίαν
2786 3872 3073 3942 γινώσκειν
3115 3875 3320 3939 ἔοικεν,
3354 3877 3435 3929 ὅτι
3478 3877 3670 3946 πολλῆς

2108 3963 2195 4015 ἐπ’
2226 3963 2374 4034 αὐτῷ
2405 3963 2569 4033 οὔσης
2596 3963 2849 4034 προνοίας
2868 3966 3067 4040 ,οὐδὲν
3103 3965 3279 4018 ὁτιοῦν
3309 3969 3388 4030 είς
3423 3968 3485 4019 τὸ
3519 3968 3671 4037 μετέ-

2107 4070 2266 4106 πειτα
2297 4054 2544 4125 λήσεται.
2580 4056 2654 4108 Οὐ
2683 4055 2790 4127 γὰρ
2829 4052 2936 4108 οἶδε
2974 4056 3040 4110 τὰ
3087 4056 3336 4110 ἐπιόντα·
3385 4058 3538 4112 οὐδὲν
3569 4059 3669 4128 γὰρ

2106 4144 2285 4200 αὐτῶν
2338 4149 2457 4198 κατ’
2499 4145 2654 4210 ἀξίαν
2697 4163 2782 4210 τις
2831 4147 3144 4215 ἀναγγεῖλαι
3204 4149 3533 4218 δυνήσεται·
3596 4152 3672 4203 ὅτι

2105 4236 2203 4305 οὐχ
2231 4235 2402 4300 οὕτως
2430 4255 2513 4300 τις
2543 4238 2758 4308 ἰσχυρὸς
2780 4239 3026 4310 ὑπάρξει,
3053 4239 3126 4301 ὡς
3153 4239 3242 4291 τὸν
3272 4241 3672 4311 ἀφαιρούμενον

443 4342 629 4383 eorum
677 4343 775 4397 pro
804 4329 1064 4397 dignitate
1093 4344 1364 4398 exponere
1403 4337 1566 4399 queat
1595 4347 1609 4383 :
1644 4329 1698 4383 8.
1740 4333 1998 4401 quoniam

2112 4328 2199 4398 τὴν
2219 4328 2394 4400 ψυχὴν
2420 4331 2582 4384 αὐτοῦ
2611 4331 2834 4399 ἄγγελον
2867 4332 3105 4385 κωλῦσαι
3133 4332 3414 4392 δύνασθαι,
3436 4335 3564 4387 οὐδέ
3595 4352 3673 4395 τις

443 4438 603 4478 nemo
637 4423 802 4477 tantis
829 4423 1035 4477 viribus
1068 4422 1282 4478 futurus
1323 4431 1425 4488 est,
1473 4436 1532 4480 ut
1561 4428 1828 4494 angelum,
1878 4425 2000 4478 ani-

443 4529 587 4569 mam
618 4514 790 4582 ipsius
813 4522 1241 4582 extorquentem,
1267 4529 1452 4569 arcere
1477 4530 1542 4569 ac
1565 4517 1848 4585 prohibere
1876 4529 2002 4584 pos-

441 4606 545 4672 sit;
576 4621 676 4660 nec
703 4621 791 4660 ars
820 4605 1044 4660 omnino
1067 4605 1175 4658 ulla
1207 4615 1260 4659 et
1291 4606 1491 4659 astutia
1525 4606 1848 4670 invenietur,
1879 4622 2000 4675 quae

441 4698 633 4754 mortis
660 4709 872 4768 tempus
897 4698 1140 4768 repellat,
1169 4713 1232 4752 ac
1263 4697 1408 4751 velut
1441 4699 1751 4766 exceptione
1781 4699 2001 4751 submo-

439 4797 562 4843 veat
591 4807 605 4843 :
637 4805 825 4843 verum
854 4789 1308 4858 quemadmodum
1343 4789 1394 4842 in
1425 4788 1602 4842 medio
1638 4789 1775 4843 bello
1802 4791 1996 4858 captis,

438 4880 565 4951 fuga
614 4884 792 4937 omnis
839 4883 1078 4951 undique
1126 4881 1387 4950 praeclusa
1431 4883 1784 4951 perspicitur,
1838 4892 2000 4951 atque

438 4973 618 5027 omnis
640 4972 878 5026 hominis
925 4973 1172 5040 impietas
1199 4971 1359 5026 simul
1392 4971 1549 5042 perit.
1622 4971 1673 5026 9.
1711 4971 1998 5028 Enimvero

437 5140 662 5215 προσίοι.
697 5141 791 5194 lib.
820 5157 859 5215 ι,
890 5157 1008 5211 cap.
1040 5141 1093 5203 8,
1129 5144 1218 5215 qui
1251 5153 1529 5213 pr0pterea
1554 5146 1833 5215 legendum
1865 5165 1996 5202 con-

439 5212 686 5284 tendebat
723 5212 960 5284 σαγήνην
987 5214 1126 5284 τινά.
1156 5211 1267 5266 Sed
1295 5211 1464 5284 magis
1499 5211 1670 5284 plac'et
1695 5217 1997 5273 emendatio

437 5280 675 5358 geugelii
726 5280 950 5358 legentis
994 5282 1174 5352 πάγην
1207 5280 1448 5358 τινᾴςίη
1481 5280 1995 5358 tiotis_ai_l__Gregorii

437 5319 495 5332 νη
515 5319 546 5333 ιι
587 5319 675 5334 υιιι
729 5319 771 5334 ιι.
812 5319 950 5336 nun.)
1001 5319 1071 5333 μιν»
1116 5319 1125 5333 ι
1155 5319 1172 5333 v
1219 5319 1360 5342 υυνυι,
1399 5319 1448 5336 ιιι
1481 5319 1621 5339 Ιιυιιῦ
1656 5319 1719 5338 αιι
1751 5319 1812 5341 υΙ
1845 5319 1923 5342 ’¹ὐ
1948 5319 1971 5342 ⁷Ι

437 5319 727 5404 Τιιοῗιιηαι.
778 5319 1094 5420 ἳλιιηεςιεμκ,ι
1122 5319 1243 5420 pag.
1292 5353 1423 5417 I74;
1465 5370 1587 5408 nam
1624 5355 1763 5408 LXX
1806 5319 1906 5413 lidac
1932 5319 1994 5414 Iit;

437 5421 560 5495 loco
597 5421 818 5495 habent
841 5421 1115 5495 θηρευμα,
1151 5423 1231 5476 vel
1274 5423 1590 5494 θηρεύματα
1628 5426 1779 5495 juxta
1815 5444 1998 5482 exem-

437 5491 555 5561 plar
582 5490 1027 5544 Alexamlrinum.

511 5559 624 5633 (ἓν)
653 5563 716 5613 Ἢ
745 5562 882 5633 εί...
914 5560 1147 5633 κατέχει
1171 5559 1208 5628 ἢ
1237 5563 1309 5614 εὶ.
1339 5561 1564 5619 Locutio
1594 5566 1880 5633 peculiaris
1906 5584 1998 5623 no-

438 5629 534 5682 stri
564 5627 831 5698 Gregorii,
859 5631 952 5697 qui
998 5627 1114 5683 eam
1160 5627 1322 5683 etiam
1369 5627 1616 5688 adhibuit
1645 5636 1783 5690 infra
1809 5638 1862 5691 in
1891 5653 1992 5692 suo

441 5698 700 5772 _Pa_negyr.
737 5699 803 5772 ad
854 5700 1088 5772 Origen.,
1122 5715 1235 5768 cap.
1263 5702 1295 5753 6
1337 5711 1456 5769 post
1490 5707 1756 5772 medium;
1793 5711 1880 5760 ubi
1913 5710 1993 5763 sic

438 5767 665 5836 legimus
697 5786 710 5820 :
747 5771 814 5818 Ἣ
843 5772 888 5821 εὶ
927 5770 1018 5821 καὶ
1055 5767 1201 5840 παρὰ
1239 5767 1442 5833 πάντας
1473 5775 1600 5838 ἴσως
1626 5767 1754 5840 τοὺς
1782 5777 1874 5830 νῦν
1899 5779 1992 5832 ἀν-

762 6471 1500 6482 ΞΕω--ῌ-Α.

2098 4417 2233 4482 ὅλως
2263 4421 2480 4491 μέθοδος
2520 4422 2766 4493 εὑρεθείη
2808 4421 2873 4476 ἂν
2915 4422 3006 4476 τοῦ
3042 4425 3508 4497 παραγράψασθαί
3561 4443 3672 4488 πως

2100 4513 2189 4564 τὸν
2212 4512 2400 4583 καιρὸν
2419 4513 2516 4584 τῆς
2536 4513 2807 4584 τελευτῆςο
2832 4513 2944 4566 ἀλλ’
2972 4513 3156 4586 ὥσπερ
3184 4516 3240 4566 ἐν
3274 4516 3493 4586 πο).έμι;›
3525 4519 3672 4588 μέσῳ

2099 4599 2364 4670 ληφθέντα
2386 4641 2401 4667 ,
2440 4600 2653 4670 ἄφυκτα
2694 4603 3029 4673 πανταχόθεν
3071 4604 3215 4657 ἐστιν
3248 4607 3411 4677 ὀρᾷν,
3447 4609 3672 4662 ἁσέὗεια

2097 4690 2152 4743 δέ
2193 4692 2338 4743 πᾶσα
2376 4690 2660 4762 ἀνθρώπου
2702 4693 3091 4758 συνεξόλλυται.
3124 4696 3231 4748 Καὶ
3279 4697 3673 4769 ἐκπέπληγμαι

2097 4780 2171 4842 δὲ,
2207 4781 2353 4833 ὁπότ’
2383 4781 2448 4834 ἂν
2477 4781 2649 4835 ἀπίδω
2696 4777 2781 4836 οἷα
2810 4786 2901 4836 καὶ
2947 4785 3048 4837 ὅσα
3078 4770 3155 4844 είς
3189 4785 3394 4856 βλάϐην
3425 4782 3541 4840 τῶν
3580 4790 3664 4840 πέ-

2098 4868 2194 4932 λας
2238 4869 2511 4940 ἄνθρωποι
2550 4873 3044 4943 ὲπιτετηδεύκασιν.
3095 4874 3417 4946 Ἐπίσταμαι
3447 4876 3507 4930 δὲ
3543 4895 3672 4948 προ-

2100 4963 2576 5033 αναρπαζομένους
2603 4963 2811 5018 ἐνθένδε
2843 4967 2968 5029 τοὺς
2989 4966 3206 5031 ἀσεϐεῖς
3225 4968 3320 5021 καὶ⁵
3350 4973 3672 5039 γινομένοπ

2099 5157 2348 5228 θρώπους
2373 5161 2519 5231 αὐτῷ
2556 5161 3069 5236 μόνῳῌέδωρήσατο,
3095 5182 3148 5218 κ.
3178 5182 3228 5217 τ.
3269 5164 3317 5218 λ.
3354 5166 3538 5234 Adjici
3571 5168 3671 5222 hoc

2098 5239 2280 5304 potest
2299 5235 2630 5304 argumentis
2663 5234 2801 5295 illis,
2841 5234 3038 5304 quibus
3067 5237 3344 5303 probatur,
3391 5253 3497 5289 non
3536 5241 3672 5290 atte-

2100 5299 2214 5372 r_ius
2244 5299 2483 5372 Gregorii
2507 5317 2628 5355 esse
2659 5304 2796 5357 hanc
2820 5299 3180 5372 Metaphrusin
3207 5307 3260 5358 in
3284 5299 3669 5361 Ecclesium“.

2098 5368 2378 5438 Bengelius
2407 5371 2523 5426 loco
2559 5373 2718 5425 modo
2749 5368 2982 5428 laudato:

2171 5438 2281 5514 (2i)
2330 5441 2648 5514 Ἀνθρῳποι
2691 5443 2809 5495 ὑπὸ
2857 5444 3002 5497 Θεοῦ
3046 5445 3234 5499 ἁπλοῖ
3265 5445 3397 5512 ταῖς
3436 5445 3672 5514 ψυχαῖς

2096 5510 2436 5582 πενόμενοι,
2488 5509 2604 5582 Hine
2652 5515 2885 5580 pertinet
2928 5517 3071 5582 quod
3119 5517 3276 5570 habet
3329 5509 3468 5568 infra
3524 5509 3673 5570 idem

2098 5578 2391 5654 Qrvgorius
2427 5578 2769 5654 in_Pane:qyr.
2796 5585 2865 5635 ad
2899 5578 3138 5654 0rigen.,
3189 5600 3308 5654 cap.
3339 5585 3368 5637 7
3404 5587 3509 5639 sub
3546 5587 3669 5648 ﬁu..

2097 5647 2158 5769 ἶὺ
2172 5650 2379 5774 cpt:pr
2408 5649 2563 5774 ἷὲῑέτο
2595 5647 2808 5706 καῗοὺκ
2833 5647 3134 5722 ἀναγκαῖον
3152 5647 3396 5727 μάθημα.
3418 5647 3675 5728 Βεπθιέ.,

2122 5755 2135 5768 .
2207 5759 2220 5770 .
2295 5735 2377 5774 aa.
2515 5759 2531 5774 .

2122 5755 2135 5768 .
2172 5733 2220 5770 c.
2257 5733 2377 5788 pag.
2413 5733 2531 5775 ιδδ.
