  <div class='ocr_page' id='page_1' title='image "/cluster/home/n/w/nwhite01/storage/ocr_20150623/10/hvd.32044019207620/512.png"; bbox 0 0 3862 6498; ppageno 0'>
   <div class='ocr_carea' id='block_1_1' title="bbox 212 316 350 370">
    <p class='ocr_par' dir='ltr' id='par_1_1' title="bbox 212 316 350 370">
     <span class='ocr_line' id='line_1_1' title="bbox 212 316 350 370; baseline 0.007 -1"><span class='ocrx_word' id='word_1_1' title='bbox 212 317 234 369; x_wconf 80' lang='lat' dir='ltr'><strong>l</strong></span> <span class='ocrx_word' id='word_1_2' title='bbox 244 316 350 370; x_wconf 87' lang='lat'><strong>009</strong></span> 
     </span>
    </p>
   </div>
   <div class='ocr_carea' id='block_1_2' title="bbox 1255 316 2422 377">
    <p class='ocr_par' dir='ltr' id='par_1_2' title="bbox 1255 316 2422 377">
     <span class='ocr_line' id='line_1_2' title="bbox 1255 316 2422 377; baseline -0.003 -1"><span class='ocrx_word' id='word_1_3' title='bbox 1255 319 1744 377; x_wconf 75' lang='lat' dir='ltr'><strong>METAPHRASlS</strong></span> <span class='ocrx_word' id='word_1_4' title='bbox 1781 318 1848 374; x_wconf 84' lang='lat' dir='ltr'><strong>IN</strong></span> <span class='ocrx_word' id='word_1_5' title='bbox 1888 316 2422 376; x_wconf 75' lang='lat' dir='ltr'><strong>ECCLESIASTEN.</strong></span> 
     </span>
    </p>
   </div>
   <div class='ocr_carea' id='block_1_3' title="bbox 3301 318 3446 372">
    <p class='ocr_par' dir='ltr' id='par_1_3' title="bbox 3301 318 3446 372">
     <span class='ocr_line' id='line_1_3' title="bbox 3301 318 3446 372; baseline 0 0"><span class='ocrx_word' id='word_1_6' title='bbox 3301 318 3446 372; x_wconf 72' lang='lat' dir='ltr'><strong>lOlO</strong></span> 
     </span>
    </p>
   </div>
   <div class='ocr_carea' id='block_1_4' title="bbox 207 423 1777 505">
    <p class='ocr_par' dir='ltr' id='par_1_4' title="bbox 207 423 1774 505">
     <span class='ocr_line' id='line_1_4' title="bbox 207 423 1774 505; baseline 0.003 -23"><span class='ocrx_word' id='word_1_7' title='bbox 207 431 274 482; x_wconf 77' lang='grc' dir='ltr'><strong>ὲκ</strong></span> <span class='ocrx_word' id='word_1_8' title='bbox 307 429 519 494; x_wconf 85' lang='grc' dir='ltr'><strong>ποδῶν,</strong></span> <span class='ocrx_word' id='word_1_9' title='bbox 565 430 676 483; x_wconf 79' lang='grc' dir='ltr'><strong>ἄνθ’</strong></span> <span class='ocrx_word' id='word_1_10' title='bbox 723 423 798 484; x_wconf 82' lang='grc' dir='ltr'><strong>ὧν</strong></span> <span class='ocrx_word' id='word_1_11' title='bbox 833 433 1056 497; x_wconf 72' lang='grc' dir='ltr'><strong>ἑαυτοὺς</strong></span> <span class='ocrx_word' id='word_1_12' title='bbox 1098 437 1412 505; x_wconf 80' lang='grc' dir='ltr'><strong>ματαιότητι</strong></span> <span class='ocrx_word' id='word_1_13' title='bbox 1457 434 1774 493; x_wconf 86' lang='grc' dir='ltr'><strong>δεδώκεσαν,</strong></span> 
     </span>
    </p>
   </div>
   <div class='ocr_carea' id='block_1_5' title="bbox 1881 423 3442 505">
    <p class='ocr_par' dir='ltr' id='par_1_5' title="bbox 1881 432 3442 504">
     <span class='ocr_line' id='line_1_5' title="bbox 1881 432 3442 504; baseline -0.004 -15"><span class='ocrx_word' id='word_1_14' title='bbox 1881 435 2090 504; x_wconf 64' lang='lat' dir='ltr'><strong>quoties</strong></span> <span class='ocrx_word' id='word_1_15' title='bbox 2118 434 2453 501; x_wconf 89' lang='lat' dir='ltr'><strong>contemplor</strong></span> <span class='ocrx_word' id='word_1_16' title='bbox 2497 447 2616 502; x_wconf 71' lang='lat' dir='ltr'><strong>quae</strong></span> <span class='ocrx_word' id='word_1_17' title='bbox 2642 443 2696 486; x_wconf 90' lang='lat' dir='ltr'><strong>et</strong></span> <span class='ocrx_word' id='word_1_18' title='bbox 2724 441 2924 502; x_wconf 86' lang='lat' dir='ltr'><strong>quanta</strong></span> <span class='ocrx_word' id='word_1_19' title='bbox 2951 433 3207 486; x_wconf 78' lang='lat' dir='ltr'><strong>mortales</strong></span> <span class='ocrx_word' id='word_1_20' title='bbox 3236 432 3290 486; x_wconf 91' lang='lat' dir='ltr'><strong>in</strong></span> <span class='ocrx_word' id='word_1_21' title='bbox 3317 447 3442 501; x_wconf 82' lang='lat' dir='ltr'><strong>pro-</strong></span> 
     </span>
    </p>
   </div>
   <div class='ocr_carea' id='block_1_6' title="bbox 221 522 1776 598">
    <p class='ocr_par' dir='ltr' id='par_1_6' title="bbox 221 522 1776 598">
     <span class='ocr_line' id='line_1_6' title="bbox 221 522 1776 598; baseline 0.003 -24"><span class='ocrx_word' id='word_1_22' title='bbox 221 522 438 593; x_wconf 80' lang='grc' dir='ltr'><strong>Ἐπειδὴ</strong></span> <span class='ocrx_word' id='word_1_23' title='bbox 465 523 572 594; x_wconf 73' lang='grc' dir='ltr'><strong>γὰρ</strong></span> <span class='ocrx_word' id='word_1_24' title='bbox 603 524 702 578; x_wconf 83' lang='grc' dir='ltr'><strong>οὐκ</strong></span> <span class='ocrx_word' id='word_1_25' title='bbox 725 527 807 592; x_wconf 76' lang='grc' dir='ltr'><strong>ἐφ’</strong></span> <span class='ocrx_word' id='word_1_26' title='bbox 835 526 1088 579; x_wconf 80' lang='grc' dir='ltr'><strong>ἁπάντων</strong></span> <span class='ocrx_word' id='word_1_27' title='bbox 1123 527 1437 598; x_wconf 78' lang='grc' dir='ltr'><strong>μετέρχεται</strong></span> <span class='ocrx_word' id='word_1_28' title='bbox 1467 529 1498 597; x_wconf 86' lang='grc' dir='ltr'><strong>ή</strong></span> <span class='ocrx_word' id='word_1_29' title='bbox 1528 527 1619 580; x_wconf 89' lang='grc' dir='ltr'><strong>τοῦ</strong></span> <span class='ocrx_word' id='word_1_30' title='bbox 1643 525 1776 579; x_wconf 76' lang='grc' dir='ltr'><strong>Θεοῦ</strong></span> 
     </span>
    </p>
   </div>
   <div class='ocr_carea' id='block_1_7' title="bbox 211 616 1778 692">
    <p class='ocr_par' dir='ltr' id='par_1_7' title="bbox 211 616 1778 692">
     <span class='ocr_line' id='line_1_7' title="bbox 211 616 1778 692; baseline 0.003 -25"><span class='ocrx_word' id='word_1_31' title='bbox 211 616 438 686; x_wconf 80' lang='grc' dir='ltr'><strong>πρόνοια</strong></span> <span class='ocrx_word' id='word_1_32' title='bbox 488 616 652 681; x_wconf 79' lang='grc' dir='ltr'><strong>ὀξέως</strong></span> <span class='ocrx_word' id='word_1_33' title='bbox 699 619 786 672; x_wconf 69' lang='grc' dir='ltr'><strong>διὰ</strong></span> <span class='ocrx_word' id='word_1_34' title='bbox 831 620 927 690; x_wconf 80' lang='grc' dir='ltr'><strong>τὴν</strong></span> <span class='ocrx_word' id='word_1_35' title='bbox 997 620 1194 692; x_wconf 79' lang='grc' dir='ltr'><strong>πολλὴν</strong></span> <span class='ocrx_word' id='word_1_36' title='bbox 1243 621 1604 685; x_wconf 78' lang='grc' dir='ltr'><strong>ἀνεξικακίαν,</strong></span> <span class='ocrx_word' id='word_1_37' title='bbox 1659 619 1778 671; x_wconf 71' lang='grc' dir='ltr'><strong>οὐδὲ</strong></span> 
     </span>
    </p>
   </div>
   <div class='ocr_carea' id='block_1_8' title="bbox 211 707 1777 784">
    <p class='ocr_par' dir='ltr' id='par_1_8' title="bbox 211 707 1777 784">
     <span class='ocr_line' id='line_1_8' title="bbox 211 707 1777 784; baseline 0.001 -23"><span class='ocrx_word' id='word_1_38' title='bbox 211 707 524 780; x_wconf 77' lang='grc' dir='ltr'><strong>παραυτίκα</strong></span> <span class='ocrx_word' id='word_1_39' title='bbox 547 715 864 782; x_wconf 81' lang='grc' dir='ltr'><strong>τιμωρεῖται</strong></span> <span class='ocrx_word' id='word_1_40' title='bbox 888 714 979 765; x_wconf 80' lang='grc' dir='ltr'><strong>ἐπὶ</strong></span> <span class='ocrx_word' id='word_1_41' title='bbox 1007 717 1126 776; x_wconf 88' lang='grc' dir='ltr'><strong>ταῖς</strong></span> <span class='ocrx_word' id='word_1_42' title='bbox 1155 715 1256 784; x_wconf 83' lang='grc' dir='ltr'><strong>πλη</strong></span> <span class='ocrx_word' id='word_1_43' title='bbox 1267 713 1566 784; x_wconf 85' lang='grc' dir='ltr'><strong>μμελείαις,</strong></span> <span class='ocrx_word' id='word_1_44' title='bbox 1591 711 1777 764; x_wconf 83' lang='grc' dir='ltr'><strong>τούτου</strong></span> 
     </span>
    </p>
   </div>
   <div class='ocr_carea' id='block_1_9' title="bbox 211 801 1778 876">
    <p class='ocr_par' dir='ltr' id='par_1_9' title="bbox 211 801 1778 876">
     <span class='ocr_line' id='line_1_9' title="bbox 211 801 1778 876; baseline 0.001 -24"><span class='ocrx_word' id='word_1_45' title='bbox 211 801 371 870; x_wconf 83' lang='grc' dir='ltr'><strong>χάριν</strong></span> <span class='ocrx_word' id='word_1_46' title='bbox 419 801 589 854; x_wconf 76' lang='grc' dir='ltr'><strong>οἴεται</strong></span> <span class='ocrx_word' id='word_1_47' title='bbox 631 802 738 854; x_wconf 85' lang='grc' dir='ltr'>δεῖν</span> <span class='ocrx_word' id='word_1_48' title='bbox 781 805 810 856; x_wconf 89' lang='grc' dir='ltr'><strong>ό</strong></span> <span class='ocrx_word' id='word_1_49' title='bbox 851 804 1082 876; x_wconf 73' lang='grc' dir='ltr'><strong>πονηρὸς</strong></span> <span class='ocrx_word' id='word_1_50' title='bbox 1129 805 1266 875; x_wconf 76' lang='grc' dir='ltr'><strong>ἀνὴρ</strong></span> <span class='ocrx_word' id='word_1_51' title='bbox 1313 802 1645 874; x_wconf 79' lang='grc' dir='ltr'><strong>ἁμαρτάνειν</strong></span> <span class='ocrx_word' id='word_1_52' title='bbox 1688 801 1778 853; x_wconf 74' lang='grc' dir='ltr'><strong>ἐπὶ</strong></span> 
     </span>
    </p>
   </div>
   <div class='ocr_carea' id='block_1_10' title="bbox 211 892 1780 960">
    <p class='ocr_par' dir='ltr' id='par_1_10' title="bbox 211 892 1780 960">
     <span class='ocr_line' id='line_1_10' title="bbox 211 892 1780 960; baseline 0.001 -17"><span class='ocrx_word' id='word_1_53' title='bbox 211 892 397 945; x_wconf 88' lang='grc' dir='ltr'><strong>πλεῖον</strong></span> <span class='ocrx_word' id='word_1_54' title='bbox 417 933 431 957; x_wconf 93' lang='grc'><strong>,</strong></span> <span class='ocrx_word' id='word_1_55' title='bbox 463 892 539 956; x_wconf 86' lang='grc' dir='ltr'><strong>ὼς</strong></span> <span class='ocrx_word' id='word_1_56' title='bbox 567 893 743 958; x_wconf 85' lang='grc' dir='ltr'><strong>ἀθῶος</strong></span> <span class='ocrx_word' id='word_1_57' title='bbox 790 895 1110 960; x_wconf 76' lang='grc' dir='ltr'><strong>ἀπαλλάξων</strong></span> <span class='ocrx_word' id='word_1_58' title='bbox 1135 912 1148 925; x_wconf 90' lang='grc'><strong>·</strong></span> <span class='ocrx_word' id='word_1_59' title='bbox 1180 896 1241 948; x_wconf 86' lang='grc' dir='ltr'><strong>ού</strong></span> <span class='ocrx_word' id='word_1_60' title='bbox 1279 895 1478 956; x_wconf 79' lang='grc' dir='ltr'><strong>συνιεὶς</strong></span> <span class='ocrx_word' id='word_1_61' title='bbox 1501 933 1516 954; x_wconf 88' lang='grc'><strong>,</strong></span> <span class='ocrx_word' id='word_1_62' title='bbox 1563 894 1645 945; x_wconf 82' lang='grc' dir='ltr'><strong>ὅτι</strong></span> <span class='ocrx_word' id='word_1_63' title='bbox 1686 894 1780 944; x_wconf 73' lang='grc' dir='ltr'><strong>καὶ</strong></span> 
     </span>
    </p>
   </div>
   <div class='ocr_carea' id='block_1_11' title="bbox 212 984 1778 1057">
    <p class='ocr_par' dir='ltr' id='par_1_11' title="bbox 212 984 1778 1057">
     <span class='ocr_line' id='line_1_11' title="bbox 212 984 1778 1057; baseline 0 -21"><span class='ocrx_word' id='word_1_64' title='bbox 212 984 353 1054; x_wconf 71' lang='grc' dir='ltr'><strong>μετὰ</strong></span> <span class='ocrx_word' id='word_1_65' title='bbox 379 984 667 1054; x_wconf 81' lang='grc' dir='ltr'><strong>πάμπολυν</strong></span> <span class='ocrx_word' id='word_1_66' title='bbox 695 987 883 1057; x_wconf 88' lang='grc' dir='ltr'><strong>χρόνον</strong></span> <span class='ocrx_word' id='word_1_67' title='bbox 916 987 1178 1057; x_wconf 77' lang='grc' dir='ltr'><strong>ἀδικήσας</strong></span> <span class='ocrx_word' id='word_1_68' title='bbox 1205 987 1266 1040; x_wconf 87' lang='grc' dir='ltr'><strong>ού</strong></span> <span class='ocrx_word' id='word_1_69' title='bbox 1300 986 1551 1057; x_wconf 85' lang='grc' dir='ltr'><strong>λήσεται·</strong></span> <span class='ocrx_word' id='word_1_70' title='bbox 1578 984 1778 1052; x_wconf 74' lang='grc' dir='ltr'><strong>ἀγαθόν</strong></span> 
     </span>
    </p>
   </div>
   <div class='ocr_carea' id='block_1_12' title="bbox 209 1074 1780 1148">
    <p class='ocr_par' dir='ltr' id='par_1_12' title="bbox 209 1074 1780 1148">
     <span class='ocr_line' id='line_1_12' title="bbox 209 1074 1780 1148; baseline 0 -21"><span class='ocrx_word' id='word_1_71' title='bbox 209 1091 276 1143; x_wconf 84' lang='grc' dir='ltr'><strong>γε</strong></span> <span class='ocrx_word' id='word_1_72' title='bbox 312 1075 418 1145; x_wconf 78' lang='grc' dir='ltr'><strong>μὴν</strong></span> <span class='ocrx_word' id='word_1_73' title='bbox 443 1075 732 1145; x_wconf 83' lang='grc' dir='ltr'><strong>μέγιστον,</strong></span> <span class='ocrx_word' id='word_1_74' title='bbox 773 1077 1111 1131; x_wconf 73' lang='grc' dir='ltr'><strong>εὐλαϐεῖσθαι</strong></span> <span class='ocrx_word' id='word_1_75' title='bbox 1155 1077 1314 1130; x_wconf 83' lang='grc' dir='ltr'><strong>Θεόν·</strong></span> <span class='ocrx_word' id='word_1_76' title='bbox 1371 1074 1539 1148; x_wconf 75' lang='grc' dir='ltr'><strong>οὗπερ</strong></span> <span class='ocrx_word' id='word_1_77' title='bbox 1581 1075 1780 1146; x_wconf 76' lang='grc' dir='ltr'><strong>ἀσεϐὴς</strong></span> 
     </span>
    </p>
   </div>
   <div class='ocr_carea' id='block_1_13' title="bbox 211 1166 1778 1240">
    <p class='ocr_par' dir='ltr' id='par_1_13' title="bbox 211 1166 1778 1240">
     <span class='ocr_line' id='line_1_13' title="bbox 211 1166 1778 1240; baseline 0.002 -23"><span class='ocrx_word' id='word_1_78' title='bbox 211 1166 497 1230; x_wconf 75' lang='grc' dir='ltr'><strong>ἐκπεσὼν,</strong></span> <span class='ocrx_word' id='word_1_79' title='bbox 531 1169 592 1221; x_wconf 86' lang='grc' dir='ltr'><strong>ού</strong></span> <span class='ocrx_word' id='word_1_80' title='bbox 637 1168 800 1222; x_wconf 75' lang='grc' dir='ltr'><strong>πολὺν</strong></span> <span class='ocrx_word' id='word_1_81' title='bbox 843 1170 1030 1240; x_wconf 83' lang='grc' dir='ltr'><strong>χρόνον</strong></span> <span class='ocrx_word' id='word_1_82' title='bbox 1069 1172 1134 1240; x_wconf 81' lang='grc' dir='ltr'><strong>τῇ</strong></span> <span class='ocrx_word' id='word_1_83' title='bbox 1169 1168 1363 1223; x_wconf 79' lang='grc' dir='ltr'><strong>ἑαυτοῦ</strong></span> <span class='ocrx_word' id='word_1_84' title='bbox 1398 1169 1577 1240; x_wconf 76' lang='grc' dir='ltr'><strong>μωρίᾳ</strong></span> <span class='ocrx_word' id='word_1_85' title='bbox 1609 1185 1778 1221; x_wconf 85' lang='grc' dir='ltr'><strong>κατα-</strong></span> 
     </span>
    </p>
   </div>
   <div class='ocr_carea' id='block_1_14' title="bbox 212 1257 1781 1331">
    <p class='ocr_par' dir='ltr' id='par_1_14' title="bbox 212 1257 1781 1331">
     <span class='ocr_line' id='line_1_14' title="bbox 212 1257 1781 1331; baseline 0.002 -23"><span class='ocrx_word' id='word_1_86' title='bbox 212 1259 492 1327; x_wconf 76' lang='grc' dir='ltr'><strong>χρήσεται.</strong></span> <span class='ocrx_word' id='word_1_87' title='bbox 511 1260 768 1330; x_wconf 84' lang='grc' dir='ltr'><strong>Χειρίστη</strong></span> <span class='ocrx_word' id='word_1_88' title='bbox 792 1261 848 1314; x_wconf 83' lang='grc' dir='ltr'><strong>δὲ</strong></span> <span class='ocrx_word' id='word_1_89' title='bbox 873 1261 966 1313; x_wconf 77' lang='grc' dir='ltr'><strong>καὶ</strong></span> <span class='ocrx_word' id='word_1_90' title='bbox 994 1261 1295 1331; x_wconf 76' lang='grc' dir='ltr'><strong>ὲψευσμένη</strong></span> <span class='ocrx_word' id='word_1_91' title='bbox 1317 1260 1443 1324; x_wconf 84' lang='grc' dir='ltr'><strong>δόξα</strong></span> <span class='ocrx_word' id='word_1_92' title='bbox 1466 1257 1781 1331; x_wconf 82' lang='grc' dir='ltr'><strong>ἀνθρώπους</strong></span> 
     </span>
    </p>
   </div>
   <div class='ocr_carea' id='block_1_15' title="bbox 209 1348 1777 1422">
    <p class='ocr_par' dir='ltr' id='par_1_15' title="bbox 209 1348 1777 1422">
     <span class='ocr_line' id='line_1_15' title="bbox 209 1348 1777 1422; baseline 0.004 -22"><span class='ocrx_word' id='word_1_93' title='bbox 209 1348 530 1419; x_wconf 71' lang='grc' dir='ltr'><strong>ἐπινέμεται</strong></span> <span class='ocrx_word' id='word_1_94' title='bbox 559 1351 849 1418; x_wconf 83' lang='grc' dir='ltr'><strong>πολλάκις,</strong></span> <span class='ocrx_word' id='word_1_95' title='bbox 884 1353 1009 1422; x_wconf 83' lang='grc' dir='ltr'><strong>περί</strong></span> <span class='ocrx_word' id='word_1_96' title='bbox 1055 1370 1113 1405; x_wconf 90' lang='grc' dir='ltr'><strong>τε</strong></span> <span class='ocrx_word' id='word_1_97' title='bbox 1151 1353 1376 1406; x_wconf 86' lang='grc' dir='ltr'><strong>δικαίων</strong></span> <span class='ocrx_word' id='word_1_98' title='bbox 1419 1353 1511 1405; x_wconf 73' lang='grc' dir='ltr'><strong>καὶ</strong></span> <span class='ocrx_word' id='word_1_99' title='bbox 1559 1349 1777 1406; x_wconf 83' lang='grc' dir='ltr'><strong>ἀδίκων.</strong></span> 
     </span>
    </p>
   </div>
   <div class='ocr_carea' id='block_1_16' title="bbox 223 1440 1781 1516">
    <p class='ocr_par' dir='ltr' id='par_1_16' title="bbox 223 1440 1781 1516">
     <span class='ocr_line' id='line_1_16' title="bbox 223 1440 1781 1516; baseline 0.003 -24"><span class='ocrx_word' id='word_1_100' title='bbox 223 1440 694 1512; x_wconf 77' lang='grc' dir='ltr'><strong>’Υπολαμσάνουσι</strong></span> <span class='ocrx_word' id='word_1_101' title='bbox 734 1443 843 1514; x_wconf 82' lang='grc' dir='ltr'><strong>γὰρ</strong></span> <span class='ocrx_word' id='word_1_102' title='bbox 885 1445 1012 1514; x_wconf 77' lang='grc' dir='ltr'><strong>περὶ</strong></span> <span class='ocrx_word' id='word_1_103' title='bbox 1055 1444 1328 1516; x_wconf 80' lang='grc' dir='ltr'><strong>ἑκατέρων</strong></span> <span class='ocrx_word' id='word_1_104' title='bbox 1358 1445 1644 1497; x_wconf 77' lang='grc' dir='ltr'><strong>τάναντία·</strong></span> <span class='ocrx_word' id='word_1_105' title='bbox 1688 1442 1781 1496; x_wconf 77' lang='grc' dir='ltr'><strong>καὶ</strong></span> 
     </span>
    </p>
   </div>
   <div class='ocr_carea' id='block_1_17' title="bbox 209 1530 1782 1602">
    <p class='ocr_par' dir='ltr' id='par_1_17' title="bbox 209 1530 1782 1602">
     <span class='ocr_line' id='line_1_17' title="bbox 209 1530 1782 1602; baseline 0.002 -18"><span class='ocrx_word' id='word_1_106' title='bbox 209 1530 418 1596; x_wconf 83' lang='grc' dir='ltr'><strong>δίκαιός</strong></span> <span class='ocrx_word' id='word_1_107' title='bbox 449 1549 511 1601; x_wconf 84' lang='grc' dir='ltr'><strong>γε</strong></span> <span class='ocrx_word' id='word_1_108' title='bbox 539 1533 625 1596; x_wconf 72' lang='grc' dir='ltr'><strong>τὶς</strong></span> <span class='ocrx_word' id='word_1_109' title='bbox 651 1532 746 1597; x_wconf 83' lang='grc' dir='ltr'><strong>ὢν,</strong></span> <span class='ocrx_word' id='word_1_110' title='bbox 771 1536 831 1587; x_wconf 87' lang='grc' dir='ltr'><strong>ού</strong></span> <span class='ocrx_word' id='word_1_111' title='bbox 859 1534 1098 1598; x_wconf 86' lang='grc' dir='ltr'><strong>τοιοῦτος</strong></span> <span class='ocrx_word' id='word_1_112' title='bbox 1126 1535 1270 1602; x_wconf 79' lang='grc' dir='ltr'><strong>ἔδοξε</strong></span> <span class='ocrx_word' id='word_1_113' title='bbox 1289 1553 1302 1565; x_wconf 82' lang='lat'><strong><em>°</em></strong></span> <span class='ocrx_word' id='word_1_114' title='bbox 1340 1535 1434 1589; x_wconf 71' lang='grc' dir='ltr'><strong>καὶ</strong></span> <span class='ocrx_word' id='word_1_115' title='bbox 1466 1535 1623 1588; x_wconf 80' lang='grc' dir='ltr'><strong>πάλιν</strong></span> <span class='ocrx_word' id='word_1_116' title='bbox 1656 1536 1782 1588; x_wconf 76' lang='grc' dir='ltr'><strong>ἀσεο</strong></span> 
     </span>
    </p>
   </div>
   <div class='ocr_carea' id='block_1_18' title="bbox 213 1623 1781 1699">
    <p class='ocr_par' dir='ltr' id='par_1_18' title="bbox 213 1623 1781 1699">
     <span class='ocr_line' id='line_1_18' title="bbox 213 1623 1781 1699; baseline 0.004 -24"><span class='ocrx_word' id='word_1_117' title='bbox 213 1623 349 1694; x_wconf 73' lang='grc' dir='ltr'><strong>δὴς,</strong></span> <span class='ocrx_word' id='word_1_118' title='bbox 394 1624 617 1696; x_wconf 74' lang='grc' dir='ltr'><strong>ἔμφρων</strong></span> <span class='ocrx_word' id='word_1_119' title='bbox 649 1626 924 1698; x_wconf 75' lang='grc' dir='ltr'><strong>ἐνομίσθη.</strong></span> <span class='ocrx_word' id='word_1_120' title='bbox 959 1627 1171 1699; x_wconf 79' lang='grc' dir='ltr'><strong>Ταύτην</strong></span> <span class='ocrx_word' id='word_1_121' title='bbox 1201 1628 1375 1697; x_wconf 73' lang='grc' dir='ltr'><strong>ἔγωγε</strong></span> <span class='ocrx_word' id='word_1_122' title='bbox 1431 1629 1532 1697; x_wconf 81' lang='grc' dir='ltr'><strong>τὴν</strong></span> <span class='ocrx_word' id='word_1_123' title='bbox 1575 1627 1781 1697; x_wconf 83' lang='grc' dir='ltr'>πλάνην</span> 
     </span>
    </p>
   </div>
   <div class='ocr_carea' id='block_1_19' title="bbox 213 1715 1780 1790">
    <p class='ocr_par' dir='ltr' id='par_1_19' title="bbox 213 1715 1780 1790">
     <span class='ocr_line' id='line_1_19' title="bbox 213 1715 1780 1790; baseline 0.003 -24"><span class='ocrx_word' id='word_1_124' title='bbox 213 1715 456 1786; x_wconf 74' lang='grc' dir='ltr'><strong>χαλεπήν</strong></span> <span class='ocrx_word' id='word_1_125' title='bbox 492 1719 549 1768; x_wconf 80' lang='grc' dir='ltr'>ἐν</span> <span class='ocrx_word' id='word_1_126' title='bbox 580 1721 691 1779; x_wconf 85' lang='grc' dir='ltr'><strong>τοῖς</strong></span> <span class='ocrx_word' id='word_1_127' title='bbox 724 1717 956 1786; x_wconf 89' lang='grc' dir='ltr'><strong>μάλιστα</strong></span> <span class='ocrx_word' id='word_1_128' title='bbox 985 1719 1222 1790; x_wconf 80' lang='grc' dir='ltr'><strong>τίθεμαι.</strong></span> <span class='ocrx_word' id='word_1_129' title='bbox 1259 1718 1449 1785; x_wconf 81' lang='grc' dir='ltr'><strong>Ἐδοξα</strong></span> <span class='ocrx_word' id='word_1_130' title='bbox 1476 1719 1533 1771; x_wconf 89' lang='grc' dir='ltr'><strong>δέ</strong></span> <span class='ocrx_word' id='word_1_131' title='bbox 1559 1735 1687 1771; x_wconf 88' lang='grc' dir='ltr'><strong>ποτε</strong></span> <span class='ocrx_word' id='word_1_132' title='bbox 1719 1717 1780 1770; x_wconf 83' lang='grc' dir='ltr'><strong>τὸ</strong></span> 
     </span>
    </p>
   </div>
   <div class='ocr_carea' id='block_1_20' title="bbox 212 1806 1777 1881">
    <p class='ocr_par' dir='ltr' id='par_1_20' title="bbox 212 1806 1777 1881">
     <span class='ocr_line' id='line_1_20' title="bbox 212 1806 1777 1881; baseline 0.001 -22"><span class='ocrx_word' id='word_1_133' title='bbox 212 1806 469 1875; x_wconf 81' lang='grc' dir='ltr'><strong>μέγιστον</strong></span> <span class='ocrx_word' id='word_1_134' title='bbox 497 1808 604 1862; x_wconf 87' lang='grc' dir='ltr'><strong>τῶν</strong></span> <span class='ocrx_word' id='word_1_135' title='bbox 650 1809 868 1877; x_wconf 78' lang='grc' dir='ltr'><strong>ἀγαθῶν</strong></span> <span class='ocrx_word' id='word_1_136' title='bbox 912 1809 1110 1881; x_wconf 86' lang='grc' dir='ltr'><strong>βρῶσιν</strong></span> <span class='ocrx_word' id='word_1_137' title='bbox 1149 1807 1288 1864; x_wconf 75' lang='grc' dir='ltr'><strong>εἶναι</strong></span> <span class='ocrx_word' id='word_1_138' title='bbox 1336 1811 1429 1864; x_wconf 77' lang='grc' dir='ltr'><strong>καὶ</strong></span> <span class='ocrx_word' id='word_1_139' title='bbox 1457 1811 1647 1862; x_wconf 85' lang='grc' dir='ltr'><strong>πόσιν·</strong></span> <span class='ocrx_word' id='word_1_140' title='bbox 1680 1809 1777 1862; x_wconf 58' lang='grc' dir='ltr'><strong>κάέ</strong></span> 
     </span>
    </p>
   </div>
   <div class='ocr_carea' id='block_1_21' title="bbox 208 1900 1777 1973">
    <p class='ocr_par' dir='ltr' id='par_1_21' title="bbox 208 1900 1777 1973">
     <span class='ocr_line' id='line_1_21' title="bbox 208 1900 1777 1973; baseline 0.001 -23"><span class='ocrx_word' id='word_1_141' title='bbox 208 1901 390 1952; x_wconf 80' lang='grc' dir='ltr'><strong>κεῖνον</strong></span> <span class='ocrx_word' id='word_1_142' title='bbox 437 1900 841 1970; x_wconf 70' lang='grc' dir='ltr'><strong>θεοφιλέστατον</strong></span> <span class='ocrx_word' id='word_1_143' title='bbox 864 1940 880 1966; x_wconf 90' lang='grc'><strong>,</strong></span> <span class='ocrx_word' id='word_1_144' title='bbox 924 1902 983 1965; x_wconf 82' lang='grc' dir='ltr'><strong>ὃς</strong></span> <span class='ocrx_word' id='word_1_145' title='bbox 1013 1901 1077 1956; x_wconf 83' lang='grc' dir='ltr'><strong>ἂν</strong></span> <span class='ocrx_word' id='word_1_146' title='bbox 1105 1901 1306 1956; x_wconf 87' lang='grc' dir='ltr'><strong>τούτων</strong></span> <span class='ocrx_word' id='word_1_147' title='bbox 1337 1901 1583 1973; x_wconf 76' lang='grc' dir='ltr'><strong>ἀπολαύῃ</strong></span> <span class='ocrx_word' id='word_1_148' title='bbox 1629 1900 1777 1972; x_wconf 82' lang='grc' dir='ltr'><strong>παρὰ</strong></span> 
     </span>
    </p>
   </div>
   <div class='ocr_carea' id='block_1_22' title="bbox 207 1988 1776 2064">
    <p class='ocr_par' dir='ltr' id='par_1_22' title="bbox 207 1988 1776 2064">
     <span class='ocr_line' id='line_1_22' title="bbox 207 1988 1776 2064; baseline 0 -21"><span class='ocrx_word' id='word_1_149' title='bbox 207 1991 303 2044; x_wconf 82' lang='grc' dir='ltr'><strong>τὸν</strong></span> <span class='ocrx_word' id='word_1_150' title='bbox 330 1991 444 2060; x_wconf 84' lang='grc' dir='ltr'><strong>βίον</strong></span> <span class='ocrx_word' id='word_1_151' title='bbox 475 1993 584 2062; x_wconf 67' lang='grc'><strong>(22)</strong></span> <span class='ocrx_word' id='word_1_152' title='bbox 609 2034 624 2059; x_wconf 90' lang='grc'><strong>,</strong></span> <span class='ocrx_word' id='word_1_153' title='bbox 653 1992 727 2057; x_wconf 88' lang='grc' dir='ltr'><strong>ὡς</strong></span> <span class='ocrx_word' id='word_1_154' title='bbox 756 1988 864 2046; x_wconf 80' lang='grc' dir='ltr'><strong>οἷόν</strong></span> <span class='ocrx_word' id='word_1_155' title='bbox 896 2010 955 2046; x_wconf 88' lang='grc' dir='ltr'><strong>τε</strong></span> <span class='ocrx_word' id='word_1_156' title='bbox 1009 1994 1240 2064; x_wconf 89' lang='grc' dir='ltr'><strong>μάλιστα</strong></span> <span class='ocrx_word' id='word_1_157' title='bbox 1259 2011 1272 2024; x_wconf 91' lang='grc'><strong>·</strong></span> <span class='ocrx_word' id='word_1_158' title='bbox 1308 1993 1402 2046; x_wconf 60' lang='grc' dir='ltr'><strong>καὶ⁸</strong></span> <span class='ocrx_word' id='word_1_159' title='bbox 1429 1991 1776 2064; x_wconf 79' lang='grc' dir='ltr'><strong>παραμυθίαν</strong></span> 
     </span>
    </p>
   </div>
   <div class='ocr_carea' id='block_1_23' title="bbox 207 2083 1771 2157">
    <p class='ocr_par' dir='ltr' id='par_1_23' title="bbox 207 2083 1771 2157">
     <span class='ocr_line' id='line_1_23' title="bbox 207 2083 1771 2157; baseline -0.011 -4"><span class='ocrx_word' id='word_1_160' title='bbox 207 2084 312 2154; x_wconf 68' lang='grc' dir='ltr'><strong>τῆς</strong></span> <span class='ocrx_word' id='word_1_161' title='bbox 340 2083 485 2155; x_wconf 67' lang='grc' dir='ltr'><strong>ζωῆς</strong></span> <span class='ocrx_word' id='word_1_162' title='bbox 509 2128 522 2150; x_wconf 91' lang='grc'><strong>,</strong></span> <span class='ocrx_word' id='word_1_163' title='bbox 557 2086 656 2157; x_wconf 81' lang='grc' dir='ltr'><strong>τὴν</strong></span> <span class='ocrx_word' id='word_1_164' title='bbox 682 2085 933 2157; x_wconf 84' lang='grc' dir='ltr'><strong>τοιαύτην</strong></span> <span class='ocrx_word' id='word_1_165' title='bbox 961 2086 1221 2157; x_wconf 80' lang='grc' dir='ltr'><strong>εὐθυμίαν</strong></span> <span class='ocrx_word' id='word_1_166' title='bbox 1260 2087 1428 2156; x_wconf 87' lang='grc' dir='ltr'><strong>μόνην</strong></span> <span class='ocrx_word' id='word_1_167' title='bbox 1460 2084 1771 2155; x_wconf 77' lang='grc' dir='ltr'><strong>ἡγησάμην·</strong></span> 
     </span>
    </p>
   </div>
   <div class='ocr_carea' id='block_1_24' title="bbox 207 2173 1776 2249">
    <p class='ocr_par' dir='ltr' id='par_1_24' title="bbox 207 2173 1776 2249">
     <span class='ocr_line' id='line_1_24' title="bbox 207 2173 1776 2249; baseline -0.001 -21"><span class='ocrx_word' id='word_1_168' title='bbox 207 2177 304 2228; x_wconf 78' lang='grc' dir='ltr'><strong>καὶ</strong></span> <span class='ocrx_word' id='word_1_169' title='bbox 321 2177 499 2230; x_wconf 88' lang='grc' dir='ltr'><strong>τοίνυν</strong></span> <span class='ocrx_word' id='word_1_170' title='bbox 522 2181 806 2249; x_wconf 82' lang='grc' dir='ltr'><strong>προσεῖχον</strong></span> <span class='ocrx_word' id='word_1_171' title='bbox 831 2173 1005 2231; x_wconf 75' lang='grc' dir='ltr'><strong>ούδενὶ</strong></span> <span class='ocrx_word' id='word_1_172' title='bbox 1027 2178 1214 2248; x_wconf 74' lang='grc' dir='ltr'><strong>ἑτέρῳ,</strong></span> <span class='ocrx_word' id='word_1_173' title='bbox 1236 2176 1268 2247; x_wconf 79' lang='grc' dir='ltr'>ἢ</span> <span class='ocrx_word' id='word_1_174' title='bbox 1294 2179 1360 2247; x_wconf 80' lang='grc' dir='ltr'><strong>τῇ</strong></span> <span class='ocrx_word' id='word_1_175' title='bbox 1379 2178 1559 2248; x_wconf 75' lang='grc' dir='ltr'><strong>οἰήσει</strong></span> <span class='ocrx_word' id='word_1_176' title='bbox 1583 2175 1776 2246; x_wconf 83' lang='grc' dir='ltr'><strong>ταύτῃ,</strong></span> 
     </span>
    </p>
   </div>
   <div class='ocr_carea' id='block_1_25' title="bbox 204 2267 1778 2343">
    <p class='ocr_par' dir='ltr' id='par_1_25' title="bbox 204 2267 1778 2343">
     <span class='ocr_line' id='line_1_25' title="bbox 204 2267 1778 2343; baseline 0 -24"><span class='ocrx_word' id='word_1_177' title='bbox 204 2268 286 2330; x_wconf 88' lang='grc' dir='ltr'><strong>ὼς</strong></span> <span class='ocrx_word' id='word_1_178' title='bbox 319 2269 454 2338; x_wconf 83' lang='grc' dir='ltr'><strong>μήτε</strong></span> <span class='ocrx_word' id='word_1_179' title='bbox 479 2269 688 2343; x_wconf 88' lang='grc' dir='ltr'><strong>νύκτωρ</strong></span> <span class='ocrx_word' id='word_1_180' title='bbox 716 2273 849 2341; x_wconf 90' lang='grc' dir='ltr'><strong>μήτε</strong></span> <span class='ocrx_word' id='word_1_181' title='bbox 883 2270 1198 2342; x_wconf 83' lang='grc' dir='ltr'><strong>μεθημέραν</strong></span> <span class='ocrx_word' id='word_1_182' title='bbox 1215 2269 1488 2333; x_wconf 83' lang='grc' dir='ltr'><strong>ἁπάντων,</strong></span> <span class='ocrx_word' id='word_1_183' title='bbox 1517 2270 1615 2322; x_wconf 84' lang='grc' dir='ltr'><strong>ὅσα</strong></span> <span class='ocrx_word' id='word_1_184' title='bbox 1645 2267 1778 2339; x_wconf 81' lang='grc' dir='ltr'><strong>πρὸς</strong></span> 
     </span>
    </p>
   </div>
   <div class='ocr_carea' id='block_1_26' title="bbox 202 2361 1778 2435">
    <p class='ocr_par' dir='ltr' id='par_1_26' title="bbox 202 2361 1778 2435">
     <span class='ocr_line' id='line_1_26' title="bbox 202 2361 1778 2435; baseline 0 -24"><span class='ocrx_word' id='word_1_185' title='bbox 202 2361 421 2430; x_wconf 70' lang='grc' dir='ltr'><strong>τρυφὴν</strong></span> <span class='ocrx_word' id='word_1_186' title='bbox 435 2361 740 2433; x_wconf 83' lang='grc' dir='ltr'><strong>ἀνθρώποις</strong></span> <span class='ocrx_word' id='word_1_187' title='bbox 764 2362 1013 2435; x_wconf 80' lang='grc' dir='ltr'><strong>εὓρηται,</strong></span> <span class='ocrx_word' id='word_1_188' title='bbox 1034 2362 1271 2433; x_wconf 77' lang='grc' dir='ltr'><strong>ἐμαυτὸν</strong></span> <span class='ocrx_word' id='word_1_189' title='bbox 1299 2361 1550 2428; x_wconf 83' lang='grc' dir='ltr'><strong>ἀπάγειν.</strong></span> <span class='ocrx_word' id='word_1_190' title='bbox 1570 2361 1778 2422; x_wconf 85' lang='grc' dir='ltr'><strong>Ἔγνων</strong></span> 
     </span>
    </p>
   </div>
   <div class='ocr_carea' id='block_1_27' title="bbox 202 2447 1782 2523">
    <p class='ocr_par' dir='ltr' id='par_1_27' title="bbox 202 2447 1782 2523">
     <span class='ocr_line' id='line_1_27' title="bbox 202 2447 1782 2523; baseline 0.005 -20"><span class='ocrx_word' id='word_1_191' title='bbox 202 2468 268 2504; x_wconf 81' lang='grc' dir='ltr'><strong>τε</strong></span> <span class='ocrx_word' id='word_1_192' title='bbox 302 2452 581 2517; x_wconf 83' lang='grc' dir='ltr'><strong>τοσοῦτον,</strong></span> <span class='ocrx_word' id='word_1_193' title='bbox 612 2454 694 2507; x_wconf 75' lang='grc' dir='ltr'><strong>ὅτι</strong></span> <span class='ocrx_word' id='word_1_194' title='bbox 720 2456 777 2507; x_wconf 84' lang='grc' dir='ltr'><strong>ὲν</strong></span> <span class='ocrx_word' id='word_1_195' title='bbox 807 2454 1033 2517; x_wconf 78' lang='grc' dir='ltr'><strong>ἐκείνοις</strong></span> <span class='ocrx_word' id='word_1_196' title='bbox 1087 2454 1171 2517; x_wconf 72' lang='grc' dir='ltr'><strong>τὶς</strong></span> <span class='ocrx_word' id='word_1_197' title='bbox 1215 2451 1500 2523; x_wconf 79' lang='grc' dir='ltr'><strong>ὲμφύρων,</strong></span> <span class='ocrx_word' id='word_1_198' title='bbox 1535 2447 1782 2519; x_wconf 73' lang='grc' dir='ltr'><strong>οὐδαμῶς</strong></span> 
     </span>
    </p>
   </div>
   <div class='ocr_carea' id='block_1_28' title="bbox 202 2542 1778 2618">
    <p class='ocr_par' dir='ltr' id='par_1_28' title="bbox 202 2542 1778 2618">
     <span class='ocr_line' id='line_1_28' title="bbox 202 2542 1778 2618; baseline -0.002 -23"><span class='ocrx_word' id='word_1_199' title='bbox 202 2543 528 2614; x_wconf 78' lang='grc' dir='ltr'><strong>δυνήσεται,</strong></span> <span class='ocrx_word' id='word_1_200' title='bbox 565 2545 684 2600; x_wconf 83' lang='grc' dir='ltr'><strong>οὐδὲ</strong></span> <span class='ocrx_word' id='word_1_201' title='bbox 726 2546 894 2600; x_wconf 86' lang='grc' dir='ltr'><strong>πολλὰ</strong></span> <span class='ocrx_word' id='word_1_202' title='bbox 937 2545 1230 2618; x_wconf 80' lang='grc' dir='ltr'><strong>μοχθήσας,</strong></span> <span class='ocrx_word' id='word_1_203' title='bbox 1275 2546 1452 2615; x_wconf 81' lang='grc' dir='ltr'><strong>εὑρεῖν</strong></span> <span class='ocrx_word' id='word_1_204' title='bbox 1518 2542 1579 2594; x_wconf 86' lang='grc' dir='ltr'><strong>τὸ</strong></span> <span class='ocrx_word' id='word_1_205' title='bbox 1610 2542 1778 2602; x_wconf 75' lang='grc' dir='ltr'><strong>ὗντως</strong></span> 
     </span>
    </p>
   </div>
   <div class='ocr_carea' id='block_1_29' title="bbox 205 2635 436 2703">
    <p class='ocr_par' dir='ltr' id='par_1_29' title="bbox 205 2635 436 2703">
     <span class='ocr_line' id='line_1_29' title="bbox 205 2635 436 2703; baseline 0.013 -15"><span class='ocrx_word' id='word_1_206' title='bbox 205 2635 436 2703; x_wconf 79' lang='grc' dir='ltr'><strong>ἀγαθόν.</strong></span> 
     </span>
    </p>
   </div>
   <div class='ocr_carea' id='block_1_30' title="bbox 1880 524 3440 594">
    <p class='ocr_par' dir='ltr' id='par_1_30' title="bbox 1880 524 3440 594">
     <span class='ocr_line' id='line_1_30' title="bbox 1880 524 3440 594; baseline -0.003 -15"><span class='ocrx_word' id='word_1_207' title='bbox 1880 527 2147 580; x_wconf 80' lang='lat' dir='ltr'><strong>ximorum</strong></span> <span class='ocrx_word' id='word_1_208' title='bbox 2195 526 2488 594; x_wconf 79' lang='lat' dir='ltr'><strong>perniciem</strong></span> <span class='ocrx_word' id='word_1_209' title='bbox 2517 524 2760 578; x_wconf 82' lang='lat' dir='ltr'><strong>studiose</strong></span> <span class='ocrx_word' id='word_1_210' title='bbox 2787 527 3123 594; x_wconf 89' lang='lat' dir='ltr'><strong>cogitarunt,</strong></span> <span class='ocrx_word' id='word_1_211' title='bbox 3171 533 3316 577; x_wconf 89' lang='lat' dir='ltr'><strong>totus</strong></span> <span class='ocrx_word' id='word_1_212' title='bbox 3342 525 3440 576; x_wconf 84' lang='lat' dir='ltr'><strong>oh-</strong></span> 
     </span>
    </p>
   </div>
   <div class='ocr_carea' id='block_1_31' title="bbox 1879 614 3444 685">
    <p class='ocr_par' dir='ltr' id='par_1_31' title="bbox 1879 614 3444 685">
     <span class='ocr_line' id='line_1_31' title="bbox 1879 614 3444 685; baseline -0.003 -13"><span class='ocrx_word' id='word_1_213' title='bbox 1879 629 2150 685; x_wconf 84' lang='lat' dir='ltr'><strong>stupesco.</strong></span> <span class='ocrx_word' id='word_1_214' title='bbox 2183 616 2268 670; x_wconf 71' lang='lat'><strong>10.</strong></span> <span class='ocrx_word' id='word_1_215' title='bbox 2297 615 2428 670; x_wconf 88' lang='lat' dir='ltr'><strong>Illud</strong></span> <span class='ocrx_word' id='word_1_216' title='bbox 2456 616 2672 683; x_wconf 81' lang='lat' dir='ltr'><strong>quidem</strong></span> <span class='ocrx_word' id='word_1_217' title='bbox 2705 623 3043 682; x_wconf 87' lang='lat' dir='ltr'><strong>compertum</strong></span> <span class='ocrx_word' id='word_1_218' title='bbox 3075 614 3268 678; x_wconf 83' lang='lat' dir='ltr'><strong>habeo,</strong></span> <span class='ocrx_word' id='word_1_219' title='bbox 3293 615 3444 683; x_wconf 88' lang='lat' dir='ltr'><strong>prius</strong></span> 
     </span>
    </p>
   </div>
   <div class='ocr_carea' id='block_1_32' title="bbox 1877 705 3442 778">
    <p class='ocr_par' dir='ltr' id='par_1_32' title="bbox 1877 705 3442 778">
     <span class='ocr_line' id='line_1_32' title="bbox 1877 705 3442 778; baseline -0.002 -17"><span class='ocrx_word' id='word_1_220' title='bbox 1877 723 2094 778; x_wconf 91' lang='lat' dir='ltr'><strong>quoque</strong></span> <span class='ocrx_word' id='word_1_221' title='bbox 2121 723 2186 762; x_wconf 80' lang='lat' dir='ltr'><strong>ex</strong></span> <span class='ocrx_word' id='word_1_222' title='bbox 2221 709 2322 762; x_wconf 91' lang='lat' dir='ltr'><strong>hac</strong></span> <span class='ocrx_word' id='word_1_223' title='bbox 2346 708 2453 760; x_wconf 86' lang='lat' dir='ltr'><strong>vita</strong></span> <span class='ocrx_word' id='word_1_224' title='bbox 2486 706 2658 775; x_wconf 85' lang='lat' dir='ltr'><strong>abripi</strong></span> <span class='ocrx_word' id='word_1_225' title='bbox 2686 705 2879 774; x_wconf 86' lang='lat' dir='ltr'><strong>impios</strong></span> <span class='ocrx_word' id='word_1_226' title='bbox 2911 721 2974 758; x_wconf 90' lang='lat' dir='ltr'><strong>ac</strong></span> <span class='ocrx_word' id='word_1_227' title='bbox 3009 705 3074 759; x_wconf 89' lang='lat' dir='ltr'><strong>de</strong></span> <span class='ocrx_word' id='word_1_228' title='bbox 3106 705 3281 759; x_wconf 83' lang='lat' dir='ltr'><strong>medio</strong></span> <span class='ocrx_word' id='word_1_229' title='bbox 3306 705 3442 771; x_wconf 89' lang='lat' dir='ltr'><strong>tolli,</strong></span> 
     </span>
    </p>
   </div>
   <div class='ocr_carea' id='block_1_33' title="bbox 1877 795 3444 869">
    <p class='ocr_par' dir='ltr' id='par_1_33' title="bbox 1877 795 3444 869">
     <span class='ocr_line' id='line_1_33' title="bbox 1877 795 3444 869; baseline -0.002 -17"><span class='ocrx_word' id='word_1_230' title='bbox 1877 811 1943 852; x_wconf 91' lang='lat' dir='ltr'><strong>eo</strong></span> <span class='ocrx_word' id='word_1_231' title='bbox 1974 799 2119 867; x_wconf 86' lang='lat' dir='ltr'><strong>quod</strong></span> <span class='ocrx_word' id='word_1_232' title='bbox 2155 798 2379 852; x_wconf 85' lang='lat' dir='ltr'><strong>vanitati</strong></span> <span class='ocrx_word' id='word_1_233' title='bbox 2405 812 2463 852; x_wconf 90' lang='lat' dir='ltr'><strong>se</strong></span> <span class='ocrx_word' id='word_1_234' title='bbox 2492 798 2635 869; x_wconf 89' lang='lat' dir='ltr'><strong>ipsos</strong></span> <span class='ocrx_word' id='word_1_235' title='bbox 2669 798 3010 852; x_wconf 85' lang='lat' dir='ltr'><strong>dediderunt.</strong></span> <span class='ocrx_word' id='word_1_236' title='bbox 3051 797 3134 848; x_wconf 86' lang='lat' dir='ltr'><strong>ll.</strong></span> <span class='ocrx_word' id='word_1_237' title='bbox 3172 795 3444 860; x_wconf 84' lang='lat' dir='ltr'><strong>Quoniam</strong></span> 
     </span>
    </p>
   </div>
   <div class='ocr_carea' id='block_1_34' title="bbox 1877 884 3444 960">
    <p class='ocr_par' dir='ltr' id='par_1_34' title="bbox 1877 884 3444 960">
     <span class='ocr_line' id='line_1_34' title="bbox 1877 884 3444 960; baseline -0.004 -16"><span class='ocrx_word' id='word_1_238' title='bbox 1877 890 2021 944; x_wconf 90' lang='lat' dir='ltr'><strong>enim</strong></span> <span class='ocrx_word' id='word_1_239' title='bbox 2057 889 2149 944; x_wconf 87' lang='lat' dir='ltr'><strong>Dei</strong></span> <span class='ocrx_word' id='word_1_240' title='bbox 2178 890 2513 960; x_wconf 79' lang='lat' dir='ltr'><strong>providentia</strong></span> <span class='ocrx_word' id='word_1_241' title='bbox 2565 897 2781 959; x_wconf 82' lang='lat' dir='ltr'><strong>propter</strong></span> <span class='ocrx_word' id='word_1_242' title='bbox 2829 903 3098 943; x_wconf 86' lang='lat' dir='ltr'><strong>summam</strong></span> <span class='ocrx_word' id='word_1_243' title='bbox 3127 884 3444 955; x_wconf 53' lang='lat' dir='ltr'><strong>aaquanimb</strong></span> 
     </span>
    </p>
   </div>
   <div class='ocr_carea' id='block_1_35' title="bbox 1880 978 3448 1054">
    <p class='ocr_par' dir='ltr' id='par_1_35' title="bbox 1880 978 3448 1054">
     <span class='ocr_line' id='line_1_35' title="bbox 1880 978 3448 1054; baseline -0.004 -16"><span class='ocrx_word' id='word_1_244' title='bbox 1880 993 2040 1039; x_wconf 81' lang='lat' dir='ltr'><strong>tatem</strong></span> <span class='ocrx_word' id='word_1_245' title='bbox 2069 995 2119 1040; x_wconf 89' lang='lat' dir='ltr'><strong>et</strong></span> <span class='ocrx_word' id='word_1_246' title='bbox 2148 985 2514 1051; x_wconf 88' lang='lat' dir='ltr'><strong>clementiam,</strong></span> <span class='ocrx_word' id='word_1_247' title='bbox 2563 985 2985 1054; x_wconf 78' lang='lat' dir='ltr'><strong>haudquaquam</strong></span> <span class='ocrx_word' id='word_1_248' title='bbox 3030 995 3220 1036; x_wconf 86' lang='lat' dir='ltr'><strong>omnes</strong></span> <span class='ocrx_word' id='word_1_249' title='bbox 3260 978 3448 1034; x_wconf 84' lang='lat' dir='ltr'><strong>confc-</strong></span> 
     </span>
    </p>
   </div>
   <div class='ocr_carea' id='block_1_36' title="bbox 1881 1071 3446 1146">
    <p class='ocr_par' dir='ltr' id='par_1_36' title="bbox 1881 1071 3446 1146">
     <span class='ocr_line' id='line_1_36' title="bbox 1881 1071 3446 1146; baseline -0.004 -16"><span class='ocrx_word' id='word_1_250' title='bbox 1881 1078 2003 1130; x_wconf 87' lang='lat' dir='ltr'><strong>stim</strong></span> <span class='ocrx_word' id='word_1_251' title='bbox 2039 1078 2382 1146; x_wconf 86' lang='lat' dir='ltr'><strong>persequitur</strong></span> <span class='ocrx_word' id='word_1_252' title='bbox 2412 1095 2424 1130; x_wconf 91' lang='lat'>:</span> <span class='ocrx_word' id='word_1_253' title='bbox 2457 1091 2556 1132; x_wconf 90' lang='lat' dir='ltr'><strong>nec</strong></span> <span class='ocrx_word' id='word_1_254' title='bbox 2593 1079 2770 1132; x_wconf 90' lang='lat' dir='ltr'><strong>malus</strong></span> <span class='ocrx_word' id='word_1_255' title='bbox 2820 1076 3001 1130; x_wconf 85' lang='lat' dir='ltr'><strong>statim</strong></span> <span class='ocrx_word' id='word_1_256' title='bbox 3049 1082 3169 1143; x_wconf 89' lang='lat' dir='ltr'><strong>post</strong></span> <span class='ocrx_word' id='word_1_257' title='bbox 3210 1071 3446 1126; x_wconf 86' lang='lat' dir='ltr'><strong>admissa</strong></span> 
     </span>
    </p>
   </div>
   <div class='ocr_carea' id='block_1_37' title="bbox 1879 1161 3447 1238">
    <p class='ocr_par' dir='ltr' id='par_1_37' title="bbox 1879 1161 3447 1238">
     <span class='ocr_line' id='line_1_37' title="bbox 1879 1161 3447 1238; baseline -0.004 -18"><span class='ocrx_word' id='word_1_258' title='bbox 1879 1167 2077 1238; x_wconf 85' lang='lat' dir='ltr'><strong>ﬂagitia</strong></span> <span class='ocrx_word' id='word_1_259' title='bbox 2136 1167 2315 1238; x_wconf 51' lang='lat' dir='ltr'><strong>poenis</strong></span> <span class='ocrx_word' id='word_1_260' title='bbox 2365 1165 2623 1234; x_wconf 79' lang='lat' dir='ltr'><strong>allicitur;</strong></span> <span class='ocrx_word' id='word_1_261' title='bbox 2687 1167 2772 1220; x_wconf 75' lang='lat' dir='ltr'><strong>l2.</strong></span> <span class='ocrx_word' id='word_1_262' title='bbox 2816 1164 2898 1220; x_wconf 87' lang='lat' dir='ltr'><strong>0b</strong></span> <span class='ocrx_word' id='word_1_263' title='bbox 2941 1178 3060 1218; x_wconf 88' lang='lat' dir='ltr'><strong>eam</strong></span> <span class='ocrx_word' id='word_1_264' title='bbox 3092 1177 3311 1218; x_wconf 86' lang='lat' dir='ltr'><strong>causam</strong></span> <span class='ocrx_word' id='word_1_265' title='bbox 3345 1161 3447 1216; x_wconf 88' lang='lat' dir='ltr'><strong>sibi</strong></span> 
     </span>
    </p>
   </div>
   <div class='ocr_carea' id='block_1_38' title="bbox 1880 1229 3447 1329">
    <p class='ocr_par' dir='ltr' id='par_1_38' title="bbox 1880 1229 3447 1329">
     <span class='ocr_line' id='line_1_38' title="bbox 1880 1229 3447 1329; baseline -0.006 -14"><span class='ocrx_word' id='word_1_266' title='bbox 1880 1229 2110 1315; x_wconf 65' lang='lat' dir='ltr'><strong>fasesse</strong></span> <span class='ocrx_word' id='word_1_267' title='bbox 2138 1229 2292 1329; x_wconf 66' lang='lat' dir='ltr'><strong>piniat</strong></span> <span class='ocrx_word' id='word_1_268' title='bbox 2321 1259 2403 1313; x_wconf 87' lang='lat' dir='ltr'><strong>vir</strong></span> <span class='ocrx_word' id='word_1_269' title='bbox 2431 1259 2693 1314; x_wconf 89' lang='lat' dir='ltr'><strong>scelestus</strong></span> <span class='ocrx_word' id='word_1_270' title='bbox 2746 1257 2948 1312; x_wconf 85' lang='lat' dir='ltr'><strong>diutius</strong></span> <span class='ocrx_word' id='word_1_271' title='bbox 2994 1270 3212 1326; x_wconf 85' lang='lat' dir='ltr'><strong>peccare</strong></span> <span class='ocrx_word' id='word_1_272' title='bbox 3233 1296 3248 1320; x_wconf 91' lang='lat'><strong>,</strong></span> <span class='ocrx_word' id='word_1_273' title='bbox 3289 1253 3447 1323; x_wconf 86' lang='lat' dir='ltr'><strong>quasi</strong></span> 
     </span>
    </p>
   </div>
   <div class='ocr_carea' id='block_1_39' title="bbox 1880 1345 3446 1414">
    <p class='ocr_par' dir='ltr' id='par_1_39' title="bbox 1880 1345 3446 1414">
     <span class='ocr_line' id='line_1_39' title="bbox 1880 1345 3446 1414; baseline -0.007 -7"><span class='ocrx_word' id='word_1_274' title='bbox 1880 1353 2137 1408; x_wconf 82' lang='lat' dir='ltr'><strong>innoxius</strong></span> <span class='ocrx_word' id='word_1_275' title='bbox 2159 1352 2504 1406; x_wconf 81' lang='lat' dir='ltr'><strong>discessurus</strong></span> <span class='ocrx_word' id='word_1_276' title='bbox 2528 1368 2541 1403; x_wconf 90' lang='lat'><strong>:</strong></span> <span class='ocrx_word' id='word_1_277' title='bbox 2575 1350 2703 1403; x_wconf 90' lang='lat' dir='ltr'><strong>illud</strong></span> <span class='ocrx_word' id='word_1_278' title='bbox 2727 1349 2972 1403; x_wconf 82' lang='lat' dir='ltr'><strong>videlicet</strong></span> <span class='ocrx_word' id='word_1_279' title='bbox 2994 1361 3100 1401; x_wconf 88' lang='lat' dir='ltr'><strong>non</strong></span> <span class='ocrx_word' id='word_1_280' title='bbox 3123 1345 3446 1414; x_wconf 88' lang='lat' dir='ltr'><strong>intelligens.</strong></span> 
     </span>
    </p>
   </div>
   <div class='ocr_carea' id='block_1_40' title="bbox 1879 1435 3450 1513">
    <p class='ocr_par' dir='ltr' id='par_1_40' title="bbox 1879 1435 3450 1513">
     <span class='ocr_line' id='line_1_40' title="bbox 1879 1435 3450 1513; baseline -0.007 -17"><span class='ocrx_word' id='word_1_281' title='bbox 1879 1445 2020 1513; x_wconf 89' lang='lat' dir='ltr'><strong>quod</strong></span> <span class='ocrx_word' id='word_1_282' title='bbox 2069 1443 2233 1497; x_wconf 89' lang='lat' dir='ltr'><strong>etiam</strong></span> <span class='ocrx_word' id='word_1_283' title='bbox 2268 1451 2391 1510; x_wconf 88' lang='lat' dir='ltr'><strong>post</strong></span> <span class='ocrx_word' id='word_1_284' title='bbox 2439 1441 2660 1508; x_wconf 83' lang='lat' dir='ltr'><strong>longum</strong></span> <span class='ocrx_word' id='word_1_285' title='bbox 2691 1454 2721 1492; x_wconf 90' lang='lat' dir='ltr'><strong>a</strong></span> <span class='ocrx_word' id='word_1_286' title='bbox 2748 1446 3054 1508; x_wconf 88' lang='lat' dir='ltr'><strong>perpetrato</strong></span> <span class='ocrx_word' id='word_1_287' title='bbox 3083 1435 3284 1492; x_wconf 82' lang='lat' dir='ltr'><strong>scelere</strong></span> <span class='ocrx_word' id='word_1_288' title='bbox 3313 1444 3450 1488; x_wconf 88' lang='lat' dir='ltr'><strong>tem-</strong></span> 
     </span>
    </p>
   </div>
   <div class='ocr_carea' id='block_1_41' title="bbox 1881 1529 3452 1606">
    <p class='ocr_par' dir='ltr' id='par_1_41' title="bbox 1881 1529 3452 1606">
     <span class='ocr_line' id='line_1_41' title="bbox 1881 1529 3452 1606; baseline -0.008 -16"><span class='ocrx_word' id='word_1_289' title='bbox 1881 1550 2004 1606; x_wconf 85' lang='lat' dir='ltr'><strong>pus,</strong></span> <span class='ocrx_word' id='word_1_290' title='bbox 2053 1533 2146 1588; x_wconf 89' lang='lat' dir='ltr'><strong>Dei</strong></span> <span class='ocrx_word' id='word_1_291' title='bbox 2193 1532 2480 1588; x_wconf 84' lang='lat' dir='ltr'><strong>scientiam</strong></span> <span class='ocrx_word' id='word_1_292' title='bbox 2529 1547 2637 1585; x_wconf 88' lang='lat' dir='ltr'><strong>non</strong></span> <span class='ocrx_word' id='word_1_293' title='bbox 2685 1530 2922 1599; x_wconf 78' lang='lat' dir='ltr'><strong>ell‘ugiet.</strong></span> <span class='ocrx_word' id='word_1_294' title='bbox 2974 1529 3108 1582; x_wconf 86' lang='lat' dir='ltr'><strong>lllud</strong></span> <span class='ocrx_word' id='word_1_295' title='bbox 3156 1541 3281 1580; x_wconf 75' lang='lat' dir='ltr'><strong>vero</strong></span> <span class='ocrx_word' id='word_1_296' title='bbox 3315 1540 3452 1594; x_wconf 69' lang='lat' dir='ltr'><strong>pra:-</strong></span> 
     </span>
    </p>
   </div>
   <div class='ocr_carea' id='block_1_42' title="bbox 1881 1609 3448 1690">
    <p class='ocr_par' dir='ltr' id='par_1_42' title="bbox 1881 1609 3448 1690">
     <span class='ocr_line' id='line_1_42' title="bbox 1881 1609 3448 1690; baseline -0.009 -10"><span class='ocrx_word' id='word_1_297' title='bbox 1881 1622 2275 1680; x_wconf 84' lang='lat' dir='ltr'><strong>stantissimum</strong></span> <span class='ocrx_word' id='word_1_298' title='bbox 2302 1622 2526 1681; x_wconf 88' lang='lat' dir='ltr'><strong>bonum,</strong></span> <span class='ocrx_word' id='word_1_299' title='bbox 2549 1609 2648 1690; x_wconf 65' lang='lat' dir='ltr'><strong>pio&#39;</strong></span> <span class='ocrx_word' id='word_1_300' title='bbox 2664 1617 2754 1673; x_wconf 87' lang='lat' dir='ltr'><strong>Dei</strong></span> <span class='ocrx_word' id='word_1_301' title='bbox 2780 1619 2972 1673; x_wconf 86' lang='lat' dir='ltr'><strong>timore</strong></span> <span class='ocrx_word' id='word_1_302' title='bbox 2993 1617 3272 1687; x_wconf 61' lang='lat' dir='ltr'><strong>praeditum</strong></span> <span class='ocrx_word' id='word_1_303' title='bbox 3296 1628 3448 1678; x_wconf 89' lang='lat' dir='ltr'><strong>esse,</strong></span> 
     </span>
    </p>
   </div>
   <div class='ocr_carea' id='block_1_43' title="bbox 1882 1705 3448 1784">
    <p class='ocr_par' dir='ltr' id='par_1_43' title="bbox 1882 1705 3448 1784">
     <span class='ocr_line' id='line_1_43' title="bbox 1882 1705 3448 1784; baseline -0.008 -14"><span class='ocrx_word' id='word_1_304' title='bbox 1882 1716 1968 1770; x_wconf 76' lang='lat' dir='ltr'><strong>l3.</strong></span> <span class='ocrx_word' id='word_1_305' title='bbox 2030 1732 2060 1770; x_wconf 90' lang='lat' dir='ltr'><strong>a</strong></span> <span class='ocrx_word' id='word_1_306' title='bbox 2097 1729 2207 1784; x_wconf 90' lang='lat' dir='ltr'><strong>quo</strong></span> <span class='ocrx_word' id='word_1_307' title='bbox 2237 1729 2358 1768; x_wconf 91' lang='lat' dir='ltr'><strong>cum</strong></span> <span class='ocrx_word' id='word_1_308' title='bbox 2385 1712 2584 1780; x_wconf 88' lang='lat' dir='ltr'><strong>impius</strong></span> <span class='ocrx_word' id='word_1_309' title='bbox 2610 1710 2889 1772; x_wconf 81' lang='lat' dir='ltr'><strong>exciderit,</strong></span> <span class='ocrx_word' id='word_1_310' title='bbox 2927 1709 3070 1764; x_wconf 88' lang='lat' dir='ltr'><strong>haud</strong></span> <span class='ocrx_word' id='word_1_311' title='bbox 3104 1708 3195 1761; x_wconf 91' lang='lat' dir='ltr'><strong>diu</strong></span> <span class='ocrx_word' id='word_1_312' title='bbox 3223 1705 3448 1761; x_wconf 86' lang='lat' dir='ltr'><strong>stultitia</strong></span> 
     </span>
    </p>
   </div>
   <div class='ocr_carea' id='block_1_44' title="bbox 1882 1799 3450 1868">
    <p class='ocr_par' dir='ltr' id='par_1_44' title="bbox 1882 1799 3450 1868">
     <span class='ocr_line' id='line_1_44' title="bbox 1882 1799 3450 1868; baseline -0.008 -4"><span class='ocrx_word' id='word_1_313' title='bbox 1882 1823 1980 1864; x_wconf 75' lang='lat' dir='ltr'><strong>sua</strong></span> <span class='ocrx_word' id='word_1_314' title='bbox 2034 1807 2304 1861; x_wconf 87' lang='lat' dir='ltr'><strong>abutclur.</strong></span> <span class='ocrx_word' id='word_1_315' title='bbox 2363 1803 2451 1857; x_wconf 75' lang='grc' dir='ltr'><strong>Μ.</strong></span> <span class='ocrx_word' id='word_1_316' title='bbox 2483 1801 2726 1858; x_wconf 83' lang='lat' dir='ltr'><strong>Pessima</strong></span> <span class='ocrx_word' id='word_1_317' title='bbox 2774 1810 2953 1855; x_wconf 91' lang='lat' dir='ltr'><strong>autem</strong></span> <span class='ocrx_word' id='word_1_318' title='bbox 3000 1809 3054 1854; x_wconf 90' lang='lat' dir='ltr'><strong>et</strong></span> <span class='ocrx_word' id='word_1_319' title='bbox 3102 1799 3236 1853; x_wconf 78' lang='lat' dir='ltr'><strong>falsa</strong></span> <span class='ocrx_word' id='word_1_320' title='bbox 3267 1799 3450 1868; x_wconf 87' lang='lat' dir='ltr'><strong>opinio</strong></span> 
     </span>
    </p>
   </div>
   <div class='ocr_carea' id='block_1_45' title="bbox 1883 1889 3448 1968">
    <p class='ocr_par' dir='ltr' id='par_1_45' title="bbox 1883 1889 3448 1968">
     <span class='ocr_line' id='line_1_45' title="bbox 1883 1889 3448 1968; baseline -0.005 -17"><span class='ocrx_word' id='word_1_321' title='bbox 1883 1912 1976 1968; x_wconf 88' lang='lat' dir='ltr'><strong>per</strong></span> <span class='ocrx_word' id='word_1_322' title='bbox 2002 1895 2251 1951; x_wconf 84' lang='lat' dir='ltr'><strong>homines</strong></span> <span class='ocrx_word' id='word_1_323' title='bbox 2295 1893 2615 1963; x_wconf 86' lang='lat' dir='ltr'><strong>plerumque</strong></span> <span class='ocrx_word' id='word_1_324' title='bbox 2660 1902 2938 1962; x_wconf 75' lang='lat' dir='ltr'><strong>grassatur</strong></span> <span class='ocrx_word' id='word_1_325' title='bbox 2961 1928 2976 1954; x_wconf 96' lang='lat'><strong>,</strong></span> <span class='ocrx_word' id='word_1_326' title='bbox 3023 1898 3134 1943; x_wconf 91' lang='lat' dir='ltr'><strong>tum</strong></span> <span class='ocrx_word' id='word_1_327' title='bbox 3167 1891 3232 1943; x_wconf 88' lang='lat' dir='ltr'><strong>de</strong></span> <span class='ocrx_word' id='word_1_328' title='bbox 3264 1889 3448 1958; x_wconf 88' lang='lat' dir='ltr'><strong>justis,</strong></span> 
     </span>
    </p>
   </div>
   <div class='ocr_carea' id='block_1_46' title="bbox 1884 1981 3454 2053">
    <p class='ocr_par' dir='ltr' id='par_1_46' title="bbox 1884 1981 3454 2053">
     <span class='ocr_line' id='line_1_46' title="bbox 1884 1981 3454 2053; baseline -0.006 -11"><span class='ocrx_word' id='word_1_329' title='bbox 1884 1997 1997 2043; x_wconf 71' lang='lat' dir='ltr'><strong>tam</strong></span> <span class='ocrx_word' id='word_1_330' title='bbox 2027 1989 2095 2042; x_wconf 90' lang='lat' dir='ltr'><strong>de</strong></span> <span class='ocrx_word' id='word_1_331' title='bbox 2123 1986 2399 2041; x_wconf 81' lang='lat' dir='ltr'><strong>sceleratis</strong></span> <span class='ocrx_word' id='word_1_332' title='bbox 2433 2003 2446 2038; x_wconf 91' lang='lat'>:</span> <span class='ocrx_word' id='word_1_333' title='bbox 2473 1987 2540 2039; x_wconf 91' lang='lat' dir='ltr'><strong>de</strong></span> <span class='ocrx_word' id='word_1_334' title='bbox 2563 1984 2808 2053; x_wconf 86' lang='lat' dir='ltr'><strong>utrisque</strong></span> <span class='ocrx_word' id='word_1_335' title='bbox 2849 1982 2993 2037; x_wconf 88' lang='lat' dir='ltr'><strong>enim</strong></span> <span class='ocrx_word' id='word_1_336' title='bbox 3043 1982 3310 2035; x_wconf 87' lang='lat' dir='ltr'><strong>contraria</strong></span> <span class='ocrx_word' id='word_1_337' title='bbox 3336 1981 3454 2033; x_wconf 78' lang='lat' dir='ltr'><strong>exi-</strong></span> 
     </span>
    </p>
   </div>
   <div class='ocr_carea' id='block_1_47' title="bbox 1881 2072 3453 2145">
    <p class='ocr_par' dir='ltr' id='par_1_47' title="bbox 1881 2072 3453 2145">
     <span class='ocr_line' id='line_1_47' title="bbox 1881 2072 3453 2145; baseline -0.005 -11"><span class='ocrx_word' id='word_1_338' title='bbox 1881 2080 2124 2136; x_wconf 85' lang='lat' dir='ltr'><strong>stimant.</strong></span> <span class='ocrx_word' id='word_1_339' title='bbox 2160 2076 2295 2131; x_wconf 87' lang='lat' dir='ltr'><strong>Nam</strong></span> <span class='ocrx_word' id='word_1_340' title='bbox 2329 2085 2383 2130; x_wconf 90' lang='lat' dir='ltr'><strong>et</strong></span> <span class='ocrx_word' id='word_1_341' title='bbox 2412 2076 2506 2145; x_wconf 93' lang='lat' dir='ltr'><strong>qui</strong></span> <span class='ocrx_word' id='word_1_342' title='bbox 2531 2075 2741 2145; x_wconf 89' lang='lat' dir='ltr'><strong>justitia</strong></span> <span class='ocrx_word' id='word_1_343' title='bbox 2775 2074 3028 2144; x_wconf 67' lang='lat' dir='ltr'><strong>praeditus</strong></span> <span class='ocrx_word' id='word_1_344' title='bbox 3056 2082 3159 2134; x_wconf 88' lang='lat' dir='ltr'><strong>est,</strong></span> <span class='ocrx_word' id='word_1_345' title='bbox 3189 2087 3297 2126; x_wconf 88' lang='lat' dir='ltr'><strong>non</strong></span> <span class='ocrx_word' id='word_1_346' title='bbox 3331 2072 3453 2126; x_wconf 82' lang='lat' dir='ltr'><strong>talis</strong></span> 
     </span>
    </p>
   </div>
   <div class='ocr_carea' id='block_1_48' title="bbox 1885 2164 3452 2236">
    <p class='ocr_par' dir='ltr' id='par_1_48' title="bbox 1885 2164 3452 2236">
     <span class='ocr_line' id='line_1_48' title="bbox 1885 2164 3452 2236; baseline -0.005 -10"><span class='ocrx_word' id='word_1_347' title='bbox 1885 2171 2102 2226; x_wconf 84' lang='lat' dir='ltr'><strong>habitus</strong></span> <span class='ocrx_word' id='word_1_348' title='bbox 2125 2178 2240 2235; x_wconf 86' lang='lat' dir='ltr'><strong>est;</strong></span> <span class='ocrx_word' id='word_1_349' title='bbox 2275 2179 2329 2223; x_wconf 92' lang='lat' dir='ltr'><strong>et</strong></span> <span class='ocrx_word' id='word_1_350' title='bbox 2354 2183 2546 2222; x_wconf 87' lang='lat' dir='ltr'><strong>rursus</strong></span> <span class='ocrx_word' id='word_1_351' title='bbox 2592 2168 2812 2236; x_wconf 87' lang='lat' dir='ltr'><strong>impius,</strong></span> <span class='ocrx_word' id='word_1_352' title='bbox 2860 2164 3066 2220; x_wconf 89' lang='lat' dir='ltr'><strong>cordati</strong></span> <span class='ocrx_word' id='word_1_353' title='bbox 3110 2165 3210 2218; x_wconf 86' lang='lat' dir='ltr'><strong>viri</strong></span> <span class='ocrx_word' id='word_1_354' title='bbox 3241 2165 3452 2233; x_wconf 85' lang='lat' dir='ltr'><strong>opinio—</strong></span> 
     </span>
    </p>
   </div>
   <div class='ocr_carea' id='block_1_49' title="bbox 1883 2257 3449 2329">
    <p class='ocr_par' dir='ltr' id='par_1_49' title="bbox 1883 2257 3449 2329">
     <span class='ocr_line' id='line_1_49' title="bbox 1883 2257 3449 2329; baseline -0.006 -13"><span class='ocrx_word' id='word_1_355' title='bbox 1883 2279 2006 2318; x_wconf 89' lang='lat' dir='ltr'><strong>nem</strong></span> <span class='ocrx_word' id='word_1_356' title='bbox 2039 2262 2161 2316; x_wconf 88' lang='lat' dir='ltr'><strong>tulit</strong></span> <span class='ocrx_word' id='word_1_357' title='bbox 2191 2279 2204 2314; x_wconf 92' lang='lat'>:</span> <span class='ocrx_word' id='word_1_358' title='bbox 2242 2275 2402 2329; x_wconf 88' lang='lat' dir='ltr'><strong>quem</strong></span> <span class='ocrx_word' id='word_1_359' title='bbox 2427 2259 2645 2329; x_wconf 87' lang='lat' dir='ltr'><strong>quidem</strong></span> <span class='ocrx_word' id='word_1_360' title='bbox 2675 2272 2913 2312; x_wconf 89' lang='lat' dir='ltr'><strong>errorem</strong></span> <span class='ocrx_word' id='word_1_361' title='bbox 2945 2259 2999 2312; x_wconf 90' lang='lat' dir='ltr'><strong>in</strong></span> <span class='ocrx_word' id='word_1_362' title='bbox 3022 2257 3210 2326; x_wconf 77' lang='lat' dir='ltr'><strong>primis</strong></span> <span class='ocrx_word' id='word_1_363' title='bbox 3235 2270 3449 2326; x_wconf 80' lang='lat' dir='ltr'><strong>gravem</strong></span> 
     </span>
    </p>
   </div>
   <div class='ocr_carea' id='block_1_50' title="bbox 1883 2346 3451 2421">
    <p class='ocr_par' dir='ltr' id='par_1_50' title="bbox 1883 2346 3451 2421">
     <span class='ocr_line' id='line_1_50' title="bbox 1883 2346 3451 2421; baseline -0.009 -11"><span class='ocrx_word' id='word_1_364' title='bbox 1883 2371 2005 2410; x_wconf 87' lang='lat' dir='ltr'><strong>esse</strong></span> <span class='ocrx_word' id='word_1_365' title='bbox 2039 2361 2242 2409; x_wconf 86' lang='lat' dir='ltr'><strong>statuo.</strong></span> <span class='ocrx_word' id='word_1_366' title='bbox 2280 2353 2365 2411; x_wconf 79' lang='grc'><strong>15.</strong></span> <span class='ocrx_word' id='word_1_367' title='bbox 2400 2349 2712 2421; x_wconf 78' lang='lat' dir='ltr'><strong>Quinetiam</strong></span> <span class='ocrx_word' id='word_1_368' title='bbox 2733 2349 3027 2419; x_wconf 87' lang='lat' dir='ltr'><strong>aliquando</strong></span> <span class='ocrx_word' id='word_1_369' title='bbox 3054 2362 3325 2401; x_wconf 78' lang='lat' dir='ltr'><strong>summum</strong></span> <span class='ocrx_word' id='word_1_370' title='bbox 3357 2346 3451 2398; x_wconf 83' lang='lat' dir='ltr'><strong>bu-</strong></span> 
     </span>
    </p>
   </div>
   <div class='ocr_carea' id='block_1_51' title="bbox 1886 2438 3451 2517">
    <p class='ocr_par' dir='ltr' id='par_1_51' title="bbox 1886 2438 3451 2517">
     <span class='ocr_line' id='line_1_51' title="bbox 1886 2438 3451 2517; baseline -0.004 -16"><span class='ocrx_word' id='word_1_371' title='bbox 1886 2461 2017 2501; x_wconf 90' lang='lat' dir='ltr'><strong>num</strong></span> <span class='ocrx_word' id='word_1_372' title='bbox 2063 2445 2118 2502; x_wconf 94' lang='lat' dir='ltr'><strong>in</strong></span> <span class='ocrx_word' id='word_1_373' title='bbox 2147 2447 2271 2502; x_wconf 87' lang='lat' dir='ltr'><strong>cibo</strong></span> <span class='ocrx_word' id='word_1_374' title='bbox 2299 2455 2354 2502; x_wconf 91' lang='lat' dir='ltr'><strong>et</strong></span> <span class='ocrx_word' id='word_1_375' title='bbox 2384 2456 2513 2517; x_wconf 91' lang='lat' dir='ltr'><strong>potu</strong></span> <span class='ocrx_word' id='word_1_376' title='bbox 2537 2447 2702 2503; x_wconf 88' lang='lat' dir='ltr'><strong>situm</strong></span> <span class='ocrx_word' id='word_1_377' title='bbox 2727 2461 2850 2502; x_wconf 86' lang='lat' dir='ltr'><strong>esse</strong></span> <span class='ocrx_word' id='word_1_378' title='bbox 2896 2438 3169 2515; x_wconf 68' lang='lat' dir='ltr'><strong>iudicavi;</strong></span> <span class='ocrx_word' id='word_1_379' title='bbox 3219 2452 3451 2511; x_wconf 75' lang='lat' dir='ltr'><strong>eumque</strong></span> 
     </span>
    </p>
   </div>
   <div class='ocr_carea' id='block_1_52' title="bbox 1888 2537 3448 2608">
    <p class='ocr_par' dir='ltr' id='par_1_52' title="bbox 1888 2537 3448 2608">
     <span class='ocr_line' id='line_1_52' title="bbox 1888 2537 3448 2608; baseline -0.003 -16"><span class='ocrx_word' id='word_1_380' title='bbox 1888 2537 1998 2594; x_wconf 90' lang='lat' dir='ltr'><strong>Deo</strong></span> <span class='ocrx_word' id='word_1_381' title='bbox 2028 2539 2436 2606; x_wconf 85' lang='lat' dir='ltr'><strong>charissimum,</strong></span> <span class='ocrx_word' id='word_1_382' title='bbox 2476 2540 2568 2608; x_wconf 91' lang='lat' dir='ltr'><strong>qui</strong></span> <span class='ocrx_word' id='word_1_383' title='bbox 2618 2547 2732 2593; x_wconf 86' lang='lat' dir='ltr'><strong>toto</strong></span> <span class='ocrx_word' id='word_1_384' title='bbox 2762 2539 2884 2592; x_wconf 72' lang='lat' dir='ltr'><strong>vita:</strong></span> <span class='ocrx_word' id='word_1_385' title='bbox 2929 2538 3102 2608; x_wconf 90' lang='lat' dir='ltr'><strong>spatio</strong></span> <span class='ocrx_word' id='word_1_386' title='bbox 3135 2537 3240 2600; x_wconf 86' lang='lat' dir='ltr'><strong>his,</strong></span> <span class='ocrx_word' id='word_1_387' title='bbox 3287 2551 3448 2605; x_wconf 83' lang='lat' dir='ltr'><strong>quam</strong></span> 
     </span>
    </p>
   </div>
   <div class='ocr_carea' id='block_1_53' title="bbox 1885 2629 3452 2700">
    <p class='ocr_par' dir='ltr' id='par_1_53' title="bbox 1885 2629 3452 2700">
     <span class='ocr_line' id='line_1_53' title="bbox 1885 2629 3452 2700; baseline -0.003 -14"><span class='ocrx_word' id='word_1_388' title='bbox 1885 2630 2119 2686; x_wconf 79' lang='lat' dir='ltr'><strong>maxime</strong></span> <span class='ocrx_word' id='word_1_389' title='bbox 2142 2631 2257 2684; x_wconf 73' lang='lat' dir='ltr'><strong>fieri</strong></span> <span class='ocrx_word' id='word_1_390' title='bbox 2281 2639 2478 2700; x_wconf 86' lang='lat' dir='ltr'><strong>potest,</strong></span> <span class='ocrx_word' id='word_1_391' title='bbox 2508 2630 2778 2685; x_wconf 83' lang='lat' dir='ltr'><strong>frueretur</strong></span> <span class='ocrx_word' id='word_1_392' title='bbox 2810 2649 2822 2685; x_wconf 92' lang='lat'>:</span> <span class='ocrx_word' id='word_1_393' title='bbox 2859 2629 2942 2685; x_wconf 87' lang='lat' dir='ltr'><strong>l6.</strong></span> <span class='ocrx_word' id='word_1_394' title='bbox 2983 2639 3144 2698; x_wconf 89' lang='lat' dir='ltr'><strong>atque</strong></span> <span class='ocrx_word' id='word_1_395' title='bbox 3167 2629 3452 2698; x_wconf 86' lang='lat' dir='ltr'><strong>hujusmo-</strong></span> 
     </span>
    </p>
   </div>
   <div class='ocr_carea' id='block_1_54' title="bbox 201 2720 3448 2793">
    <p class='ocr_par' dir='ltr' id='par_1_54' title="bbox 201 2720 3448 2793">
     <span class='ocr_line' id='line_1_54' title="bbox 201 2720 3448 2793; baseline -0.003 -12"><span class='ocrx_word' id='word_1_396' title='bbox 201 2727 261 2781; x_wconf 87' lang='lat' dir='ltr'><strong>di</strong></span> <span class='ocrx_word' id='word_1_397' title='bbox 316 2727 676 2793; x_wconf 78' lang='lat' dir='ltr'><strong>hilaritatem,</strong></span> <span class='ocrx_word' id='word_1_398' title='bbox 733 2729 955 2785; x_wconf 86' lang='lat' dir='ltr'><strong>unicum</strong></span> <span class='ocrx_word' id='word_1_399' title='bbox 1003 2729 1130 2784; x_wconf 71' lang='lat' dir='ltr'><strong>vitae</strong></span> <span class='ocrx_word' id='word_1_400' title='bbox 1183 2728 1434 2783; x_wconf 84' lang='lat' dir='ltr'><strong>solatium</strong></span> <span class='ocrx_word' id='word_1_401' title='bbox 1488 2724 1782 2781; x_wconf 89' lang='lat' dir='ltr'><strong>arbitratus</strong></span> <span class='ocrx_word' id='word_1_402' title='bbox 1843 2737 1986 2777; x_wconf 91' lang='lat' dir='ltr'><strong>sum.</strong></span> <span class='ocrx_word' id='word_1_403' title='bbox 2048 2722 2126 2776; x_wconf 82' lang='lat' dir='ltr'><strong>Ac</strong></span> <span class='ocrx_word' id='word_1_404' title='bbox 2167 2723 2394 2791; x_wconf 86' lang='lat' dir='ltr'><strong>proinde</strong></span> <span class='ocrx_word' id='word_1_405' title='bbox 2435 2721 2492 2776; x_wconf 90' lang='lat' dir='ltr'><strong>in</strong></span> <span class='ocrx_word' id='word_1_406' title='bbox 2531 2721 2734 2776; x_wconf 89' lang='lat' dir='ltr'><strong>nullam</strong></span> <span class='ocrx_word' id='word_1_407' title='bbox 2769 2721 2931 2776; x_wconf 89' lang='lat' dir='ltr'><strong>aliam</strong></span> <span class='ocrx_word' id='word_1_408' title='bbox 2990 2735 3137 2784; x_wconf 89' lang='lat' dir='ltr'><strong>rem,</strong></span> <span class='ocrx_word' id='word_1_409' title='bbox 3169 2735 3332 2788; x_wconf 91' lang='lat' dir='ltr'><strong>quam</strong></span> <span class='ocrx_word' id='word_1_410' title='bbox 3397 2720 3448 2771; x_wconf 92' lang='lat' dir='ltr'><strong>in</strong></span> 
     </span>
    </p>
   </div>
   <div class='ocr_carea' id='block_1_55' title="bbox 206 2811 3452 2887">
    <p class='ocr_par' dir='ltr' id='par_1_55' title="bbox 206 2811 3452 2887">
     <span class='ocr_line' id='line_1_55' title="bbox 206 2811 3452 2887; baseline -0.002 -19"><span class='ocrx_word' id='word_1_411' title='bbox 206 2816 355 2870; x_wconf 90' lang='lat' dir='ltr'><strong>hanc</strong></span> <span class='ocrx_word' id='word_1_412' title='bbox 382 2818 689 2887; x_wconf 80' lang='lat' dir='ltr'><strong>opinionem</strong></span> <span class='ocrx_word' id='word_1_413' title='bbox 721 2820 1119 2884; x_wconf 88' lang='lat' dir='ltr'><strong>incumbebam,</strong></span> <span class='ocrx_word' id='word_1_414' title='bbox 1156 2828 1213 2874; x_wconf 91' lang='lat' dir='ltr'><strong>ut</strong></span> <span class='ocrx_word' id='word_1_415' title='bbox 1269 2833 1370 2872; x_wconf 89' lang='lat' dir='ltr'><strong>nec</strong></span> <span class='ocrx_word' id='word_1_416' title='bbox 1393 2827 1555 2871; x_wconf 82' lang='lat' dir='ltr'><strong>noctu</strong></span> <span class='ocrx_word' id='word_1_417' title='bbox 1589 2829 1688 2870; x_wconf 90' lang='lat' dir='ltr'><strong>nec</strong></span> <span class='ocrx_word' id='word_1_418' title='bbox 1725 2812 1958 2868; x_wconf 90' lang='lat' dir='ltr'><strong>interdiu</strong></span> <span class='ocrx_word' id='word_1_419' title='bbox 2011 2812 2305 2882; x_wconf 81' lang='lat' dir='ltr'><strong>quidquam</strong></span> <span class='ocrx_word' id='word_1_420' title='bbox 2366 2826 2554 2866; x_wconf 88' lang='lat' dir='ltr'><strong>eorum</strong></span> <span class='ocrx_word' id='word_1_421' title='bbox 2579 2853 2594 2877; x_wconf 95' lang='lat'><strong>,</strong></span> <span class='ocrx_word' id='word_1_422' title='bbox 2625 2826 2746 2882; x_wconf 63' lang='lat' dir='ltr'><strong>qua:</strong></span> <span class='ocrx_word' id='word_1_423' title='bbox 2810 2812 2878 2866; x_wconf 85' lang='lat' dir='ltr'><strong>ad</strong></span> <span class='ocrx_word' id='word_1_424' title='bbox 2926 2811 3148 2866; x_wconf 84' lang='lat' dir='ltr'><strong>delicias</strong></span> <span class='ocrx_word' id='word_1_425' title='bbox 3187 2827 3218 2864; x_wconf 91' lang='lat' dir='ltr'><strong>a</strong></span> <span class='ocrx_word' id='word_1_426' title='bbox 3250 2821 3452 2866; x_wconf 88' lang='lat' dir='ltr'><strong>morta-</strong></span> 
     </span>
    </p>
   </div>
   <div class='ocr_carea' id='block_1_56' title="bbox 205 2902 3448 2976">
    <p class='ocr_par' dir='ltr' id='par_1_56' title="bbox 205 2902 3448 2976">
     <span class='ocr_line' id='line_1_56' title="bbox 205 2902 3448 2976; baseline -0.002 -14"><span class='ocrx_word' id='word_1_427' title='bbox 205 2908 358 2962; x_wconf 68' lang='lat' dir='ltr'><strong>lii-us</strong></span> <span class='ocrx_word' id='word_1_428' title='bbox 386 2909 602 2964; x_wconf 88' lang='lat' dir='ltr'><strong>inventa</strong></span> <span class='ocrx_word' id='word_1_429' title='bbox 629 2923 774 2976; x_wconf 87' lang='lat' dir='ltr'><strong>sunt,</strong></span> <span class='ocrx_word' id='word_1_430' title='bbox 800 2911 932 2965; x_wconf 89' lang='lat' dir='ltr'><strong>mihi</strong></span> <span class='ocrx_word' id='word_1_431' title='bbox 965 2911 1364 2974; x_wconf 88' lang='lat' dir='ltr'><strong>interdicerem,</strong></span> <span class='ocrx_word' id='word_1_432' title='bbox 1399 2907 1465 2963; x_wconf 89' lang='lat' dir='ltr'><strong>ab</strong></span> <span class='ocrx_word' id='word_1_433' title='bbox 1504 2920 1679 2974; x_wconf 89' lang='lat' dir='ltr'><strong>eoque</strong></span> <span class='ocrx_word' id='word_1_434' title='bbox 1705 2919 1792 2958; x_wconf 89' lang='lat' dir='ltr'><strong>me</strong></span> <span class='ocrx_word' id='word_1_435' title='bbox 1822 2902 2168 2957; x_wconf 75' lang='lat' dir='ltr'><strong>abducerem.</strong></span> <span class='ocrx_word' id='word_1_436' title='bbox 2221 2903 2309 2958; x_wconf 87' lang='lat' dir='ltr'><strong>l7.</strong></span> <span class='ocrx_word' id='word_1_437' title='bbox 2374 2902 2640 2958; x_wconf 72' lang='lat' dir='ltr'><strong>Czeterum</strong></span> <span class='ocrx_word' id='word_1_438' title='bbox 2694 2905 2798 2959; x_wconf 87' lang='lat' dir='ltr'><strong>hoc</strong></span> <span class='ocrx_word' id='word_1_439' title='bbox 2830 2903 3094 2973; x_wconf 85' lang='lat' dir='ltr'><strong>cognovi,</strong></span> <span class='ocrx_word' id='word_1_440' title='bbox 3125 2904 3267 2972; x_wconf 90' lang='lat' dir='ltr'><strong>quod</strong></span> <span class='ocrx_word' id='word_1_441' title='bbox 3299 2904 3448 2972; x_wconf 81' lang='lat' dir='ltr'><strong>quis-</strong></span> 
     </span>
    </p>
   </div>
   <div class='ocr_carea' id='block_1_57' title="bbox 205 2990 3203 3072">
    <p class='ocr_par' dir='ltr' id='par_1_57' title="bbox 205 2990 3203 3072">
     <span class='ocr_line' id='line_1_57' title="bbox 205 2990 3203 3072; baseline -0.003 -18"><span class='ocrx_word' id='word_1_442' title='bbox 205 3002 341 3072; x_wconf 89' lang='lat' dir='ltr'><strong>quis</strong></span> <span class='ocrx_word' id='word_1_443' title='bbox 389 3016 449 3056; x_wconf 87' lang='lat' dir='ltr'><strong>se</strong></span> <span class='ocrx_word' id='word_1_444' title='bbox 493 3002 579 3057; x_wconf 90' lang='lat' dir='ltr'><strong>his</strong></span> <span class='ocrx_word' id='word_1_445' title='bbox 624 3006 785 3058; x_wconf 74' lang='lat' dir='ltr'><strong>rebus</strong></span> <span class='ocrx_word' id='word_1_446' title='bbox 828 3001 1229 3072; x_wconf 88' lang='lat' dir='ltr'><strong>inquinaverit,</strong></span> <span class='ocrx_word' id='word_1_447' title='bbox 1287 3001 1435 3056; x_wconf 87' lang='lat' dir='ltr'><strong>nullo</strong></span> <span class='ocrx_word' id='word_1_448' title='bbox 1478 2993 1778 3068; x_wconf 87' lang='lat' dir='ltr'><strong>quamlibet</strong></span> <span class='ocrx_word' id='word_1_449' title='bbox 1799 2991 1962 3062; x_wconf 78' lang='lat' dir='ltr'><strong>longo</strong></span> <span class='ocrx_word' id='word_1_450' title='bbox 2000 2990 2207 3056; x_wconf 86' lang='lat' dir='ltr'><strong>labore,</strong></span> <span class='ocrx_word' id='word_1_451' title='bbox 2237 3007 2423 3046; x_wconf 90' lang='lat' dir='ltr'><strong>verum</strong></span> <span class='ocrx_word' id='word_1_452' title='bbox 2451 2992 2652 3045; x_wconf 88' lang='lat' dir='ltr'><strong>bonum</strong></span> <span class='ocrx_word' id='word_1_453' title='bbox 2689 3007 2926 3061; x_wconf 87' lang='lat' dir='ltr'><strong>unquam</strong></span> <span class='ocrx_word' id='word_1_454' title='bbox 2957 2995 3203 3063; x_wconf 87' lang='lat' dir='ltr'><strong>reperiet.</strong></span> 
     </span>
    </p>
   </div>
   <div class='ocr_carea' id='block_1_58' title="bbox 812 3096 1175 3150">
    <p class='ocr_par' dir='ltr' id='par_1_58' title="bbox 812 3096 1175 3150">
     <span class='ocr_line' id='line_1_58' title="bbox 812 3096 1175 3150; baseline 0 0"><span class='ocrx_word' id='word_1_455' title='bbox 812 3097 1033 3150; x_wconf 74' lang='grc' dir='ltr'><strong>ΚΕΦΑΛ</strong></span> <span class='ocrx_word' id='word_1_456' title='bbox 1047 3135 1059 3149; x_wconf 92' lang='grc'><strong>.</strong></span> <span class='ocrx_word' id='word_1_457' title='bbox 1097 3096 1175 3150; x_wconf 69' lang='grc' dir='ltr'><strong>Θν.</strong></span> 
     </span>
    </p>
   </div>
   <div class='ocr_carea' id='block_1_59' title="bbox 284 3183 1780 3258">
    <p class='ocr_par' dir='ltr' id='par_1_59' title="bbox 284 3183 1780 3258">
     <span class='ocr_line' id='line_1_59' title="bbox 284 3183 1780 3258; baseline -0.001 -19"><span class='ocrx_word' id='word_1_458' title='bbox 284 3187 466 3257; x_wconf 81' lang='grc' dir='ltr'><strong>’ῼμην</strong></span> <span class='ocrx_word' id='word_1_459' title='bbox 515 3186 623 3258; x_wconf 82' lang='grc' dir='ltr'><strong>γάρ</strong></span> <span class='ocrx_word' id='word_1_460' title='bbox 663 3187 905 3252; x_wconf 75' lang='grc' dir='ltr'><strong>ἅπαντας</strong></span> <span class='ocrx_word' id='word_1_461' title='bbox 939 3189 1062 3242; x_wconf 86' lang='grc' dir='ltr'><strong>τότε</strong></span> <span class='ocrx_word' id='word_1_462' title='bbox 1102 3187 1210 3241; x_wconf 87' lang='grc' dir='ltr'><strong>τῶν</strong></span> <span class='ocrx_word' id='word_1_463' title='bbox 1248 3186 1425 3240; x_wconf 82' lang='grc' dir='ltr'><strong>αὐτῶν</strong></span> <span class='ocrx_word' id='word_1_464' title='bbox 1464 3183 1780 3258; x_wconf 81' lang='grc' dir='ltr'><strong>ἀνθρώπους</strong></span> 
     </span>
    </p>
   </div>
   <div class='ocr_carea' id='block_1_60' title="bbox 202 3277 1779 3349">
    <p class='ocr_par' dir='ltr' id='par_1_60' title="bbox 202 3277 1779 3349">
     <span class='ocr_line' id='line_1_60' title="bbox 202 3277 1779 3349; baseline -0.001 -17"><span class='ocrx_word' id='word_1_465' title='bbox 202 3277 510 3348; x_wconf 76' lang='grc' dir='ltr'><strong>ἠξιῶσθαι·</strong></span> <span class='ocrx_word' id='word_1_466' title='bbox 555 3282 648 3333; x_wconf 78' lang='grc' dir='ltr'><strong>καὶ</strong></span> <span class='ocrx_word' id='word_1_467' title='bbox 695 3281 748 3334; x_wconf 74' lang='grc' dir='ltr'><strong>εί</strong></span> <span class='ocrx_word' id='word_1_468' title='bbox 791 3282 850 3334; x_wconf 82' lang='grc' dir='ltr'><strong>τέ</strong></span> <span class='ocrx_word' id='word_1_469' title='bbox 900 3297 982 3344; x_wconf 89' lang='grc' dir='ltr'><strong>τις</strong></span> <span class='ocrx_word' id='word_1_470' title='bbox 1035 3280 1232 3349; x_wconf 68' lang='grc' dir='ltr'><strong>σοφὸς,</strong></span> <span class='ocrx_word' id='word_1_471' title='bbox 1288 3279 1632 3349; x_wconf 84' lang='grc' dir='ltr'><strong>δικαιοσύνης</strong></span> <span class='ocrx_word' id='word_1_472' title='bbox 1683 3280 1779 3348; x_wconf 80' lang='grc' dir='ltr'><strong>μὲν</strong></span> 
     </span>
    </p>
   </div>
   <div class='ocr_carea' id='block_1_61' title="bbox 203 3369 1780 3443">
    <p class='ocr_par' dir='ltr' id='par_1_61' title="bbox 203 3369 1780 3443">
     <span class='ocr_line' id='line_1_61' title="bbox 203 3369 1780 3443; baseline -0.001 -20"><span class='ocrx_word' id='word_1_473' title='bbox 203 3371 523 3442; x_wconf 72' lang='grc' dir='ltr'><strong>ἐπεμελήθη</strong></span> <span class='ocrx_word' id='word_1_474' title='bbox 541 3412 556 3434; x_wconf 92' lang='grc'><strong>,</strong></span> <span class='ocrx_word' id='word_1_475' title='bbox 585 3371 794 3424; x_wconf 88' lang='grc' dir='ltr'><strong>ἀδικίαν</strong></span> <span class='ocrx_word' id='word_1_476' title='bbox 828 3371 883 3425; x_wconf 84' lang='grc' dir='ltr'><strong>δὲ</strong></span> <span class='ocrx_word' id='word_1_477' title='bbox 921 3369 1225 3443; x_wconf 78' lang='grc' dir='ltr'><strong>ἐξετράπη,</strong></span> <span class='ocrx_word' id='word_1_478' title='bbox 1268 3372 1362 3423; x_wconf 69' lang='grc' dir='ltr'><strong>καὶ</strong></span> <span class='ocrx_word' id='word_1_479' title='bbox 1391 3370 1586 3442; x_wconf 77' lang='grc' dir='ltr'><strong>ἔχθραν</strong></span> <span class='ocrx_word' id='word_1_480' title='bbox 1615 3370 1780 3438; x_wconf 46' lang='lat' dir='ltr'><strong>ﬁgura</strong></span> 
     </span>
    </p>
   </div>
   <div class='ocr_carea' id='block_1_62' title="bbox 206 3463 1777 3536">
    <p class='ocr_par' dir='ltr' id='par_1_62' title="bbox 206 3463 1777 3536">
     <span class='ocr_line' id='line_1_62' title="bbox 206 3463 1777 3536; baseline -0.002 -19"><span class='ocrx_word' id='word_1_481' title='bbox 206 3465 354 3536; x_wconf 77' lang='grc' dir='ltr'><strong>πρὸς</strong></span> <span class='ocrx_word' id='word_1_482' title='bbox 382 3466 624 3527; x_wconf 75' lang='grc' dir='ltr'><strong>ἅπαντας</strong></span> <span class='ocrx_word' id='word_1_483' title='bbox 657 3463 826 3529; x_wconf 80' lang='grc' dir='ltr'><strong>δεξιὸς</strong></span> <span class='ocrx_word' id='word_1_484' title='bbox 856 3463 929 3518; x_wconf 83' lang='grc' dir='ltr'><strong>ὢν</strong></span> <span class='ocrx_word' id='word_1_485' title='bbox 949 3505 964 3528; x_wconf 89' lang='grc'><strong>,</strong></span> <span class='ocrx_word' id='word_1_486' title='bbox 1005 3466 1141 3536; x_wconf 85' lang='grc' dir='ltr'><strong>ὅπερ</strong></span> <span class='ocrx_word' id='word_1_487' title='bbox 1173 3465 1318 3516; x_wconf 77' lang='grc' dir='ltr'><strong>ἐστὶν</strong></span> <span class='ocrx_word' id='word_1_488' title='bbox 1362 3463 1589 3535; x_wconf 78' lang='grc' dir='ltr'><strong>ἀρεστὸν</strong></span> <span class='ocrx_word' id='word_1_489' title='bbox 1629 3464 1744 3534; x_wconf 80' lang='grc' dir='ltr'><strong>Θεῷ</strong></span> <span class='ocrx_word' id='word_1_490' title='bbox 1763 3504 1777 3527; x_wconf 96' lang='grc'><strong>,</strong></span> 
     </span>
    </p>
   </div>
   <div class='ocr_carea' id='block_1_63' title="bbox 203 3550 1781 3628">
    <p class='ocr_par' dir='ltr' id='par_1_63' title="bbox 203 3550 1781 3628">
     <span class='ocr_line' id='line_1_63' title="bbox 203 3550 1781 3628; baseline -0.001 -18"><span class='ocrx_word' id='word_1_491' title='bbox 203 3550 371 3619; x_wconf 75' lang='grc' dir='ltr'><strong>οὗτος</strong></span> <span class='ocrx_word' id='word_1_492' title='bbox 418 3561 792 3628; x_wconf 84' lang='grc' dir='ltr'><strong>ματαιοπονεῖν</strong></span> <span class='ocrx_word' id='word_1_493' title='bbox 828 3557 1096 3626; x_wconf 77' lang='grc' dir='ltr'><strong>ἐφαίνετο.</strong></span> <span class='ocrx_word' id='word_1_494' title='bbox 1131 3556 1294 3619; x_wconf 85' lang='grc' dir='ltr'><strong>Τέλος</strong></span> <span class='ocrx_word' id='word_1_495' title='bbox 1326 3556 1381 3609; x_wconf 82' lang='grc' dir='ltr'><strong>δὲ</strong></span> <span class='ocrx_word' id='word_1_496' title='bbox 1423 3556 1479 3608; x_wconf 84' lang='grc' dir='ltr'><strong>ἓν</strong></span> <span class='ocrx_word' id='word_1_497' title='bbox 1509 3557 1679 3609; x_wconf 80' lang='grc' dir='ltr'><strong>ἐδόκει</strong></span> <span class='ocrx_word' id='word_1_498' title='bbox 1706 3556 1781 3609; x_wconf 86' lang='grc' dir='ltr'><strong>δι-</strong></span> 
     </span>
    </p>
   </div>
   <div class='ocr_carea' id='block_1_64' title="bbox 206 3647 1778 3719">
    <p class='ocr_par' dir='ltr' id='par_1_64' title="bbox 206 3647 1778 3719">
     <span class='ocr_line' id='line_1_64' title="bbox 206 3647 1778 3719; baseline -0.002 -17"><span class='ocrx_word' id='word_1_499' title='bbox 206 3648 370 3702; x_wconf 84' lang='grc' dir='ltr'><strong>καίου</strong></span> <span class='ocrx_word' id='word_1_500' title='bbox 402 3665 460 3700; x_wconf 90' lang='grc' dir='ltr'><strong>τε</strong></span> <span class='ocrx_word' id='word_1_501' title='bbox 487 3648 580 3701; x_wconf 73' lang='grc' dir='ltr'><strong>καὶ</strong></span> <span class='ocrx_word' id='word_1_502' title='bbox 608 3647 864 3712; x_wconf 78' lang='grc' dir='ltr'><strong>ἀσεϐοῦς,</strong></span> <span class='ocrx_word' id='word_1_503' title='bbox 892 3647 1095 3717; x_wconf 84' lang='grc' dir='ltr'><strong>ἀγαθοῦ</strong></span> <span class='ocrx_word' id='word_1_504' title='bbox 1118 3665 1177 3700; x_wconf 87' lang='grc' dir='ltr'><strong>τε</strong></span> <span class='ocrx_word' id='word_1_505' title='bbox 1204 3650 1298 3702; x_wconf 83' lang='grc' dir='ltr'><strong>καὶ</strong></span> <span class='ocrx_word' id='word_1_506' title='bbox 1317 3648 1508 3712; x_wconf 86' lang='grc' dir='ltr'><strong>κακοῦ,</strong></span> <span class='ocrx_word' id='word_1_507' title='bbox 1541 3647 1778 3719; x_wconf 89' lang='grc' dir='ltr'><strong>καθαροῦ</strong></span> 
     </span>
    </p>
   </div>
   <div class='ocr_carea' id='block_1_65' title="bbox 200 3743 1776 3815">
    <p class='ocr_par' dir='ltr' id='par_1_65' title="bbox 200 3743 1776 3815">
     <span class='ocr_line' id='line_1_65' title="bbox 200 3743 1776 3815; baseline 0.001 -21"><span class='ocrx_word' id='word_1_508' title='bbox 200 3761 266 3795; x_wconf 80' lang='grc' dir='ltr'><strong>τε</strong></span> <span class='ocrx_word' id='word_1_509' title='bbox 303 3743 400 3796; x_wconf 77' lang='grc' dir='ltr'><strong>καὶ</strong></span> <span class='ocrx_word' id='word_1_510' title='bbox 442 3743 752 3814; x_wconf 79' lang='grc' dir='ltr'><strong>ἀκαθάρτου</strong></span> <span class='ocrx_word' id='word_1_511' title='bbox 773 3786 786 3810; x_wconf 92' lang='grc'><strong>,</strong></span> <span class='ocrx_word' id='word_1_512' title='bbox 823 3745 916 3796; x_wconf 76' lang='grc' dir='ltr'><strong>καὶ</strong></span> <span class='ocrx_word' id='word_1_513' title='bbox 959 3743 1091 3796; x_wconf 77' lang='grc' dir='ltr'><strong>Θεὸν</strong></span> <span class='ocrx_word' id='word_1_514' title='bbox 1138 3744 1490 3815; x_wconf 82' lang='grc' dir='ltr'><strong>ίλασκομένου</strong></span> <span class='ocrx_word' id='word_1_515' title='bbox 1535 3744 1628 3798; x_wconf 74' lang='grc' dir='ltr'><strong>καὶ</strong></span> <span class='ocrx_word' id='word_1_516' title='bbox 1684 3747 1776 3814; x_wconf 82' lang='grc' dir='ltr'><strong>μή.</strong></span> 
     </span>
    </p>
   </div>
   <div class='ocr_carea' id='block_1_66' title="bbox 205 3834 1780 3906">
    <p class='ocr_par' dir='ltr' id='par_1_66' title="bbox 205 3834 1780 3906">
     <span class='ocr_line' id='line_1_66' title="bbox 205 3834 1780 3906; baseline -0.001 -19"><span class='ocrx_word' id='word_1_517' title='bbox 205 3835 345 3887; x_wconf 80' lang='grc' dir='ltr'><strong>Ὅτε</strong></span> <span class='ocrx_word' id='word_1_518' title='bbox 373 3834 481 3906; x_wconf 82' lang='grc' dir='ltr'><strong>γὰρ</strong></span> <span class='ocrx_word' id='word_1_519' title='bbox 513 3834 695 3898; x_wconf 82' lang='grc' dir='ltr'><strong>ἄδικος</strong></span> <span class='ocrx_word' id='word_1_520' title='bbox 725 3836 819 3888; x_wconf 74' lang='grc' dir='ltr'><strong>καὶ</strong></span> <span class='ocrx_word' id='word_1_521' title='bbox 842 3837 870 3888; x_wconf 85' lang='grc' dir='ltr'><strong>ὁ</strong></span> <span class='ocrx_word' id='word_1_522' title='bbox 895 3835 1095 3903; x_wconf 81' lang='grc' dir='ltr'><strong>ἀγαθὸς</strong></span> <span class='ocrx_word' id='word_1_523' title='bbox 1119 3873 1135 3898; x_wconf 83' lang='grc'><strong>,</strong></span> <span class='ocrx_word' id='word_1_524' title='bbox 1178 3837 1266 3889; x_wconf 83' lang='grc' dir='ltr'><strong>ὅτε</strong></span> <span class='ocrx_word' id='word_1_525' title='bbox 1317 3834 1569 3906; x_wconf 79' lang='grc' dir='ltr'><strong>ἐπίορκος</strong></span> <span class='ocrx_word' id='word_1_526' title='bbox 1587 3875 1600 3899; x_wconf 96' lang='grc'><strong>,</strong></span> <span class='ocrx_word' id='word_1_527' title='bbox 1633 3837 1724 3888; x_wconf 73' lang='grc' dir='ltr'><strong>καὶ</strong></span> <span class='ocrx_word' id='word_1_528' title='bbox 1751 3836 1780 3886; x_wconf 87' lang='grc' dir='ltr'><strong>ό</strong></span> 
     </span>
    </p>
   </div>
   <div class='ocr_carea' id='block_1_67' title="bbox 198 3924 1780 3995">
    <p class='ocr_par' dir='ltr' id='par_1_67' title="bbox 198 3924 1780 3995">
     <span class='ocr_line' id='line_1_67' title="bbox 198 3924 1780 3995; baseline 0.001 -18"><span class='ocrx_word' id='word_1_529' title='bbox 198 3924 395 3977; x_wconf 86' lang='grc' dir='ltr'><strong>τέλεον</strong></span> <span class='ocrx_word' id='word_1_530' title='bbox 427 3924 586 3994; x_wconf 81' lang='grc' dir='ltr'><strong>ὅρκον</strong></span> <span class='ocrx_word' id='word_1_531' title='bbox 613 3924 1008 3995; x_wconf 61' lang='grc' dir='ltr'><strong>ὲκτρετώμενος</strong></span> <span class='ocrx_word' id='word_1_532' title='bbox 1025 3968 1039 3990; x_wconf 91' lang='grc'><strong>,</strong></span> <span class='ocrx_word' id='word_1_533' title='bbox 1063 3927 1142 3988; x_wconf 84' lang='grc' dir='ltr'><strong>είς</strong></span> <span class='ocrx_word' id='word_1_534' title='bbox 1168 3925 1334 3978; x_wconf 81' lang='grc' dir='ltr'><strong>ταύτὸ</strong></span> <span class='ocrx_word' id='word_1_535' title='bbox 1361 3925 1513 3988; x_wconf 80' lang='grc' dir='ltr'><strong>τέλος</strong></span> <span class='ocrx_word' id='word_1_536' title='bbox 1543 3925 1780 3978; x_wconf 79' lang='grc' dir='ltr'><strong>ἐλαύνειν</strong></span> 
     </span>
    </p>
   </div>
   <div class='ocr_carea' id='block_1_68' title="bbox 200 4015 1780 4087">
    <p class='ocr_par' dir='ltr' id='par_1_68' title="bbox 200 4015 1780 4087">
     <span class='ocr_line' id='line_1_68' title="bbox 200 4015 1780 4087; baseline 0.001 -19"><span class='ocrx_word' id='word_1_537' title='bbox 200 4015 500 4086; x_wconf 63' lang='grc' dir='ltr'><strong>ἠλπίζετο,</strong></span> <span class='ocrx_word' id='word_1_538' title='bbox 536 4016 874 4084; x_wconf 76' lang='grc' dir='ltr'><strong>κατάγνωσις</strong></span> <span class='ocrx_word' id='word_1_539' title='bbox 907 4016 967 4069; x_wconf 84' lang='grc' dir='ltr'><em>τέ</em></span> <span class='ocrx_word' id='word_1_540' title='bbox 1014 4034 1097 4079; x_wconf 88' lang='grc' dir='ltr'><strong>τις</strong></span> <span class='ocrx_word' id='word_1_541' title='bbox 1143 4016 1324 4070; x_wconf 84' lang='grc' dir='ltr'><strong>ῦπεισι</strong></span> <span class='ocrx_word' id='word_1_542' title='bbox 1366 4016 1460 4070; x_wconf 89' lang='grc' dir='ltr'><strong>τοῦ</strong></span> <span class='ocrx_word' id='word_1_543' title='bbox 1501 4020 1579 4081; x_wconf 81' lang='grc' dir='ltr'><strong>είς</strong></span> <span class='ocrx_word' id='word_1_544' title='bbox 1621 4019 1780 4087; x_wconf 84' lang='grc' dir='ltr'><strong>ὃμοια</strong></span> 
     </span>
    </p>
   </div>
   <div class='ocr_carea' id='block_1_69' title="bbox 197 4107 1781 4180">
    <p class='ocr_par' dir='ltr' id='par_1_69' title="bbox 197 4107 1781 4180">
     <span class='ocr_line' id='line_1_69' title="bbox 197 4107 1781 4180; baseline 0.002 -20"><span class='ocrx_word' id='word_1_545' title='bbox 197 4108 467 4178; x_wconf 80' lang='grc' dir='ltr'><strong>τελευτᾷν</strong></span> <span class='ocrx_word' id='word_1_546' title='bbox 497 4107 756 4171; x_wconf 72' lang='grc' dir='ltr'><strong>ἅπαντας.</strong></span> <span class='ocrx_word' id='word_1_547' title='bbox 775 4109 813 4160; x_wconf 89' lang='grc' dir='ltr'><strong>Γ</strong></span> <span class='ocrx_word' id='word_1_548' title='bbox 820 4107 1029 4160; x_wconf 84' lang='grc' dir='ltr'><strong>ινώσκω</strong></span> <span class='ocrx_word' id='word_1_549' title='bbox 1047 4107 1104 4161; x_wconf 81' lang='grc' dir='ltr'><strong>δὲ</strong></span> <span class='ocrx_word' id='word_1_550' title='bbox 1133 4108 1226 4160; x_wconf 82' lang='grc' dir='ltr'><strong>νῦν</strong></span> <span class='ocrx_word' id='word_1_551' title='bbox 1249 4109 1324 4172; x_wconf 82' lang='grc' dir='ltr'><strong>ὡς</strong></span> <span class='ocrx_word' id='word_1_552' title='bbox 1346 4110 1589 4180; x_wconf 77' lang='grc' dir='ltr'><strong>ἀφρόνων</strong></span> <span class='ocrx_word' id='word_1_553' title='bbox 1610 4110 1781 4164; x_wconf 84' lang='grc' dir='ltr'><strong>ταῦτα</strong></span> 
     </span>
    </p>
   </div>
   <div class='ocr_carea' id='block_1_70' title="bbox 200 4199 1781 4269">
    <p class='ocr_par' dir='ltr' id='par_1_70' title="bbox 200 4199 1781 4269">
     <span class='ocr_line' id='line_1_70' title="bbox 200 4199 1781 4269; baseline 0.002 -17"><span class='ocrx_word' id='word_1_554' title='bbox 200 4199 604 4269; x_wconf 75' lang='grc' dir='ltr'><strong>ἐνθυμήματα,</strong></span> <span class='ocrx_word' id='word_1_555' title='bbox 636 4200 729 4252; x_wconf 77' lang='grc' dir='ltr'><strong>καὶ</strong></span> <span class='ocrx_word' id='word_1_556' title='bbox 778 4199 971 4252; x_wconf 86' lang='grc' dir='ltr'><strong>πλάναι</strong></span> <span class='ocrx_word' id='word_1_557' title='bbox 1018 4201 1111 4253; x_wconf 76' lang='grc' dir='ltr'><strong>καὶ</strong></span> <span class='ocrx_word' id='word_1_558' title='bbox 1158 4200 1440 4266; x_wconf 76' lang='grc' dir='ltr'><strong>ἐξαπάται.</strong></span> <span class='ocrx_word' id='word_1_559' title='bbox 1474 4203 1582 4255; x_wconf 80' lang='grc' dir='ltr'><strong>Καὶ</strong></span> <span class='ocrx_word' id='word_1_560' title='bbox 1612 4202 1781 4255; x_wconf 81' lang='grc' dir='ltr'><strong>πολλά</strong></span> 
     </span>
    </p>
   </div>
   <div class='ocr_carea' id='block_1_71' title="bbox 199 4290 1781 4367">
    <p class='ocr_par' dir='ltr' id='par_1_71' title="bbox 199 4290 1781 4367">
     <span class='ocr_line' id='line_1_71' title="bbox 199 4290 1781 4367; baseline 0.003 -24"><span class='ocrx_word' id='word_1_561' title='bbox 199 4291 491 4360; x_wconf 84' lang='grc' dir='ltr'><strong>λέγουσιν,</strong></span> <span class='ocrx_word' id='word_1_562' title='bbox 519 4291 594 4353; x_wconf 81' lang='grc' dir='ltr'><strong>ὡς</strong></span> <span class='ocrx_word' id='word_1_563' title='bbox 619 4293 647 4344; x_wconf 86' lang='grc' dir='ltr'>ὁ</span> <span class='ocrx_word' id='word_1_564' title='bbox 682 4290 966 4345; x_wconf 87' lang='grc' dir='ltr'><strong>ἀποθανὼν</strong></span> <span class='ocrx_word' id='word_1_565' title='bbox 998 4293 1200 4362; x_wconf 78' lang='grc' dir='ltr'><strong>οἴχεται</strong></span> <span class='ocrx_word' id='word_1_566' title='bbox 1227 4293 1407 4346; x_wconf 82' lang='grc' dir='ltr'><strong>τέλεον</strong></span> <span class='ocrx_word' id='word_1_567' title='bbox 1432 4311 1445 4324; x_wconf 72' lang='grc' dir='ltr'><strong>ο</strong></span> <span class='ocrx_word' id='word_1_568' title='bbox 1475 4295 1567 4348; x_wconf 77' lang='grc' dir='ltr'><strong>καὶ</strong></span> <span class='ocrx_word' id='word_1_569' title='bbox 1596 4312 1781 4367; x_wconf 86' lang='grc' dir='ltr'><strong>προτι-</strong></span> 
     </span>
    </p>
   </div>
   <div class='ocr_carea' id='block_1_72' title="bbox 202 4383 1777 4458">
    <p class='ocr_par' dir='ltr' id='par_1_72' title="bbox 202 4383 1777 4458">
     <span class='ocr_line' id='line_1_72' title="bbox 202 4383 1777 4458; baseline 0.003 -24"><span class='ocrx_word' id='word_1_570' title='bbox 202 4383 414 4454; x_wconf 87' lang='grc' dir='ltr'><strong>μητέον</strong></span> <span class='ocrx_word' id='word_1_571' title='bbox 466 4383 557 4436; x_wconf 80' lang='grc' dir='ltr'><strong>τὸν</strong></span> <span class='ocrx_word' id='word_1_572' title='bbox 609 4383 788 4447; x_wconf 82' lang='grc' dir='ltr'><strong>ζῶντα</strong></span> <span class='ocrx_word' id='word_1_573' title='bbox 824 4383 918 4436; x_wconf 89' lang='grc' dir='ltr'><strong>τοῦ</strong></span> <span class='ocrx_word' id='word_1_574' title='bbox 959 4384 1311 4454; x_wconf 85' lang='grc' dir='ltr'><strong>τεθνηκότος,</strong></span> <span class='ocrx_word' id='word_1_575' title='bbox 1355 4385 1455 4439; x_wconf 84' lang='grc' dir='ltr'>κᾶν</span> <span class='ocrx_word' id='word_1_576' title='bbox 1497 4388 1558 4440; x_wconf 79' lang='grc' dir='ltr'><strong>ὲν</strong></span> <span class='ocrx_word' id='word_1_577' title='bbox 1603 4389 1777 4458; x_wconf 83' lang='grc' dir='ltr'><strong>σκότῳ</strong></span> 
     </span>
    </p>
   </div>
   <div class='ocr_carea' id='block_1_73' title="bbox 196 4453 1852 4552">
    <p class='ocr_par' dir='ltr' id='par_1_73' title="bbox 196 4453 1852 4552">
     <span class='ocr_line' id='line_1_73' title="bbox 196 4453 1852 4552; baseline 0.003 -24"><span class='ocrx_word' id='word_1_578' title='bbox 196 4476 463 4545; x_wconf 82' lang='grc' dir='ltr'><strong>κείμενος</strong></span> <span class='ocrx_word' id='word_1_579' title='bbox 481 4470 536 4546; x_wconf 79' lang='grc' dir='ltr'><strong>ᾖ,</strong></span> <span class='ocrx_word' id='word_1_580' title='bbox 564 4473 664 4528; x_wconf 77' lang='grc' dir='ltr'><strong>κᾶν</strong></span> <span class='ocrx_word' id='word_1_581' title='bbox 694 4475 851 4536; x_wconf 81' lang='grc' dir='ltr'><strong>κυνὸς</strong></span> <span class='ocrx_word' id='word_1_582' title='bbox 875 4476 1093 4546; x_wconf 83' lang='grc' dir='ltr'><strong>τρόπον,</strong></span> <span class='ocrx_word' id='word_1_583' title='bbox 1116 4477 1205 4530; x_wconf 79' lang='grc' dir='ltr'><strong>τὸν</strong></span> <span class='ocrx_word' id='word_1_584' title='bbox 1227 4478 1338 4548; x_wconf 81' lang='grc' dir='ltr'><strong>βίον</strong></span> <span class='ocrx_word' id='word_1_585' title='bbox 1369 4477 1773 4552; x_wconf 84' lang='grc' dir='ltr'><strong>διαπορεύηται,</strong></span> <span class='ocrx_word' id='word_1_586' title='bbox 1809 4453 1852 4508; x_wconf 78' lang='lat' dir='ltr'><strong>D</strong></span> 
     </span>
    </p>
   </div>
   <div class='ocr_carea' id='block_1_74' title="bbox 195 4565 1778 4642">
    <p class='ocr_par' dir='ltr' id='par_1_74' title="bbox 195 4565 1778 4642">
     <span class='ocr_line' id='line_1_74' title="bbox 195 4565 1778 4642; baseline 0.003 -24"><span class='ocrx_word' id='word_1_587' title='bbox 195 4565 366 4638; x_wconf 74' lang='grc' dir='ltr'><strong>παρὰ</strong></span> <span class='ocrx_word' id='word_1_588' title='bbox 396 4565 485 4619; x_wconf 73' lang='grc' dir='ltr'><strong>τὸν</strong></span> <span class='ocrx_word' id='word_1_589' title='bbox 521 4567 708 4620; x_wconf 85' lang='grc' dir='ltr'><strong>λέοντα</strong></span> <span class='ocrx_word' id='word_1_590' title='bbox 750 4567 841 4620; x_wconf 86' lang='grc' dir='ltr'><strong>τὸν</strong></span> <span class='ocrx_word' id='word_1_591' title='bbox 872 4568 1187 4633; x_wconf 83' lang='grc' dir='ltr'><strong>τεθνηκότα.</strong></span> <span class='ocrx_word' id='word_1_592' title='bbox 1220 4571 1282 4622; x_wconf 88' lang='grc' dir='ltr'><strong>Οί</strong></span> <span class='ocrx_word' id='word_1_593' title='bbox 1314 4570 1413 4640; x_wconf 79' lang='grc' dir='ltr'><strong>μὲν</strong></span> <span class='ocrx_word' id='word_1_594' title='bbox 1440 4571 1548 4642; x_wconf 80' lang='grc' dir='ltr'><strong>γὰρ</strong></span> <span class='ocrx_word' id='word_1_595' title='bbox 1577 4571 1778 4636; x_wconf 81' lang='grc' dir='ltr'><strong>ζῶντες</strong></span> 
     </span>
    </p>
   </div>
   <div class='ocr_carea' id='block_1_75' title="bbox 191 4657 1774 4736">
    <p class='ocr_par' dir='ltr' id='par_1_75' title="bbox 191 4657 1774 4736">
     <span class='ocr_line' id='line_1_75' title="bbox 191 4657 1774 4736; baseline 0.004 -26"><span class='ocrx_word' id='word_1_596' title='bbox 191 4657 369 4710; x_wconf 76' lang='grc' dir='ltr'><strong>τοῦτο</strong></span> <span class='ocrx_word' id='word_1_597' title='bbox 387 4658 516 4726; x_wconf 82' lang='grc' dir='ltr'><strong>γοῦν</strong></span> <span class='ocrx_word' id='word_1_598' title='bbox 543 4657 877 4724; x_wconf 78' lang='grc' dir='ltr'><strong>ἐπίστανται,</strong></span> <span class='ocrx_word' id='word_1_599' title='bbox 904 4659 986 4711; x_wconf 84' lang='grc' dir='ltr'><strong>ὃτι</strong></span> <span class='ocrx_word' id='word_1_600' title='bbox 1013 4659 1352 4730; x_wconf 79' lang='grc' dir='ltr'><strong>τεθνήξονται</strong></span> <span class='ocrx_word' id='word_1_601' title='bbox 1372 4678 1384 4691; x_wconf 91' lang='grc'><strong>·</strong></span> <span class='ocrx_word' id='word_1_602' title='bbox 1411 4663 1460 4714; x_wconf 80' lang='grc' dir='ltr'><strong>οἱ</strong></span> <span class='ocrx_word' id='word_1_603' title='bbox 1499 4663 1556 4714; x_wconf 84' lang='grc' dir='ltr'><strong>δὲ</strong></span> <span class='ocrx_word' id='word_1_604' title='bbox 1592 4666 1774 4736; x_wconf 73' lang='grc' dir='ltr'><strong>νεκροὶ</strong></span> 
     </span>
    </p>
   </div>
   <div class='ocr_carea' id='block_1_76' title="bbox 195 4748 1775 4826">
    <p class='ocr_par' dir='ltr' id='par_1_76' title="bbox 195 4748 1775 4826">
     <span class='ocr_line' id='line_1_76' title="bbox 195 4748 1775 4826; baseline 0.004 -24"><span class='ocrx_word' id='word_1_605' title='bbox 195 4749 316 4802; x_wconf 74' lang='grc' dir='ltr'><strong>οὐδ’</strong></span> <span class='ocrx_word' id='word_1_606' title='bbox 363 4749 540 4802; x_wconf 89' lang='grc' dir='ltr'><strong>ὁτιοῦν</strong></span> <span class='ocrx_word' id='word_1_607' title='bbox 583 4748 959 4818; x_wconf 78' lang='grc' dir='ltr'><strong>γινώσκουσιν.</strong></span> <span class='ocrx_word' id='word_1_608' title='bbox 1002 4751 1252 4821; x_wconf 78' lang='grc' dir='ltr'><strong>Ἀμοιϐαὶ</strong></span> <span class='ocrx_word' id='word_1_609' title='bbox 1297 4753 1352 4805; x_wconf 84' lang='grc' dir='ltr'><strong>δὲ</strong></span> <span class='ocrx_word' id='word_1_610' title='bbox 1389 4753 1599 4817; x_wconf 77' lang='grc' dir='ltr'><strong>οὐδενὸς</strong></span> <span class='ocrx_word' id='word_1_611' title='bbox 1643 4756 1775 4826; x_wconf 87' lang='grc' dir='ltr'><strong>πρό-</strong></span> 
     </span>
    </p>
   </div>
   <div class='ocr_carea' id='block_1_77' title="bbox 199 4841 1778 4918">
    <p class='ocr_par' dir='ltr' id='par_1_77' title="bbox 199 4841 1778 4918">
     <span class='ocr_line' id='line_1_77' title="bbox 199 4841 1778 4918; baseline 0.004 -24"><span class='ocrx_word' id='word_1_612' title='bbox 199 4858 425 4894; x_wconf 83' lang='grc' dir='ltr'><strong>κεινται</strong></span> <span class='ocrx_word' id='word_1_613' title='bbox 457 4841 592 4910; x_wconf 81' lang='grc' dir='ltr'><strong>μετὰ</strong></span> <span class='ocrx_word' id='word_1_614' title='bbox 617 4841 677 4894; x_wconf 78' lang='grc' dir='ltr'><strong>τὸ</strong></span> <span class='ocrx_word' id='word_1_615' title='bbox 701 4841 1092 4914; x_wconf 84' lang='grc' dir='ltr'><strong>ἀποπληρῶσαι</strong></span> <span class='ocrx_word' id='word_1_616' title='bbox 1112 4844 1171 4895; x_wconf 80' lang='grc' dir='ltr'><strong>τὸ</strong></span> <span class='ocrx_word' id='word_1_617' title='bbox 1200 4842 1396 4914; x_wconf 85' lang='grc' dir='ltr'><strong>χρεών.</strong></span> <span class='ocrx_word' id='word_1_618' title='bbox 1423 4845 1494 4897; x_wconf 86' lang='grc' dir='ltr'><strong>Ἦ</strong></span> <span class='ocrx_word' id='word_1_619' title='bbox 1521 4862 1580 4897; x_wconf 88' lang='grc' dir='ltr'><strong>τε</strong></span> <span class='ocrx_word' id='word_1_620' title='bbox 1609 4845 1778 4918; x_wconf 76' lang='grc' dir='ltr'><strong>ἔχθρα</strong></span> 
     </span>
    </p>
   </div>
   <div class='ocr_carea' id='block_1_78' title="bbox 196 4934 1777 5009">
    <p class='ocr_par' dir='ltr' id='par_1_78' title="bbox 196 4934 1777 5009">
     <span class='ocr_line' id='line_1_78' title="bbox 196 4934 1777 5009; baseline 0.003 -21"><span class='ocrx_word' id='word_1_621' title='bbox 196 4936 299 4989; x_wconf 79' lang='grc' dir='ltr'><strong>καὶ</strong></span> <span class='ocrx_word' id='word_1_622' title='bbox 356 4935 390 5003; x_wconf 86' lang='grc' dir='ltr'><strong>ή</strong></span> <span class='ocrx_word' id='word_1_623' title='bbox 445 4934 594 5002; x_wconf 82' lang='grc' dir='ltr'><strong>φιλία</strong></span> <span class='ocrx_word' id='word_1_624' title='bbox 639 4936 672 5004; x_wconf 89' lang='grc' dir='ltr'><strong>ή</strong></span> <span class='ocrx_word' id='word_1_625' title='bbox 719 4935 852 5005; x_wconf 82' lang='grc' dir='ltr'><strong>πρὸς</strong></span> <span class='ocrx_word' id='word_1_626' title='bbox 892 4937 1017 4999; x_wconf 82' lang='grc' dir='ltr'><strong>τοὺς</strong></span> <span class='ocrx_word' id='word_1_627' title='bbox 1054 4935 1402 5004; x_wconf 83' lang='grc' dir='ltr'><strong>τεθνηκότας,</strong></span> <span class='ocrx_word' id='word_1_628' title='bbox 1445 4937 1597 5002; x_wconf 89' lang='grc' dir='ltr'><strong>τέλος</strong></span> <span class='ocrx_word' id='word_1_629' title='bbox 1645 4939 1777 5009; x_wconf 79' lang='grc' dir='ltr'><strong>ἔχει.</strong></span> 
     </span>
    </p>
   </div>
   <div class='ocr_carea' id='block_1_79' title="bbox 203 5024 1779 5103">
    <p class='ocr_par' dir='ltr' id='par_1_79' title="bbox 203 5024 1779 5103">
     <span class='ocr_line' id='line_1_79' title="bbox 203 5024 1779 5103; baseline 0.004 -25"><span class='ocrx_word' id='word_1_630' title='bbox 203 5024 476 5078; x_wconf 82' lang='grc' dir='ltr'><strong>Ἐκείνων</strong></span> <span class='ocrx_word' id='word_1_631' title='bbox 507 5024 636 5096; x_wconf 64' lang='grc' dir='ltr'><strong>γὰρ,</strong></span> <span class='ocrx_word' id='word_1_632' title='bbox 669 5026 775 5078; x_wconf 76' lang='grc' dir='ltr'><strong>εἴτε</strong></span> <span class='ocrx_word' id='word_1_633' title='bbox 809 5025 967 5096; x_wconf 79' lang='grc' dir='ltr'><strong>ζῆλος</strong></span> <span class='ocrx_word' id='word_1_634' title='bbox 986 5065 1001 5090; x_wconf 89' lang='grc'><strong>,</strong></span> <span class='ocrx_word' id='word_1_635' title='bbox 1033 5027 1278 5091; x_wconf 78' lang='grc' dir='ltr'><strong>ἐξέλιπεν</strong></span> <span class='ocrx_word' id='word_1_636' title='bbox 1299 5046 1312 5058; x_wconf 91' lang='grc'><strong>·</strong></span> <span class='ocrx_word' id='word_1_637' title='bbox 1337 5029 1448 5082; x_wconf 81' lang='grc' dir='ltr'><strong>εἴτε</strong></span> <span class='ocrx_word' id='word_1_638' title='bbox 1477 5031 1607 5100; x_wconf 84' lang='grc' dir='ltr'><strong>βίος,</strong></span> <span class='ocrx_word' id='word_1_639' title='bbox 1637 5034 1779 5103; x_wconf 72' lang='grc' dir='ltr'><strong>ἠφά-</strong></span> 
     </span>
    </p>
   </div>
   <div class='ocr_carea' id='block_1_80' title="bbox 187 5117 1782 5190">
    <p class='ocr_par' dir='ltr' id='par_1_80' title="bbox 187 5117 1782 5190">
     <span class='ocr_line' id='line_1_80' title="bbox 187 5117 1782 5190; baseline 0.004 -19"><span class='ocrx_word' id='word_1_640' title='bbox 187 5135 402 5171; x_wconf 82' lang='grc' dir='ltr'><strong>νισται.</strong></span> <span class='ocrx_word' id='word_1_641' title='bbox 447 5117 679 5170; x_wconf 85' lang='grc' dir='ltr'><strong>Μέτεστι</strong></span> <span class='ocrx_word' id='word_1_642' title='bbox 712 5117 767 5170; x_wconf 78' lang='grc' dir='ltr'><strong>δὲ</strong></span> <span class='ocrx_word' id='word_1_643' title='bbox 807 5117 1016 5181; x_wconf 76' lang='grc' dir='ltr'><strong>οὐδενὸς</strong></span> <span class='ocrx_word' id='word_1_644' title='bbox 1057 5118 1134 5190; x_wconf 79' lang='grc' dir='ltr'><strong>τῷ</strong></span> <span class='ocrx_word' id='word_1_645' title='bbox 1165 5119 1312 5185; x_wconf 72' lang='grc' dir='ltr'><strong>ἅπαξ</strong></span> <span class='ocrx_word' id='word_1_646' title='bbox 1343 5121 1591 5176; x_wconf 76' lang='grc' dir='ltr'><strong>ἐντεῦθεν</strong></span> <span class='ocrx_word' id='word_1_647' title='bbox 1625 5126 1782 5178; x_wconf 87' lang='grc' dir='ltr'><strong>ἀπελ-</strong></span> 
     </span>
    </p>
   </div>
   <div class='ocr_carea' id='block_1_81' title="bbox 189 5209 1779 5282">
    <p class='ocr_par' dir='ltr' id='par_1_81' title="bbox 189 5209 1779 5282">
     <span class='ocr_line' id='line_1_81' title="bbox 189 5209 1779 5282; baseline 0.005 -18"><span class='ocrx_word' id='word_1_648' title='bbox 189 5212 375 5264; x_wconf 78' lang='grc' dir='ltr'><strong>θόντι.</strong></span> <span class='ocrx_word' id='word_1_649' title='bbox 413 5209 600 5264; x_wconf 85' lang='grc' dir='ltr'><strong>Ταῦτα</strong></span> <span class='ocrx_word' id='word_1_650' title='bbox 644 5212 678 5281; x_wconf 81' lang='grc' dir='ltr'><strong>ή</strong></span> <span class='ocrx_word' id='word_1_651' title='bbox 729 5210 904 5280; x_wconf 87' lang='grc' dir='ltr'><strong>πλάνη</strong></span> <span class='ocrx_word' id='word_1_652' title='bbox 942 5211 1213 5282; x_wconf 74' lang='grc' dir='ltr'><strong>ἐπᾴδουσα</strong></span> <span class='ocrx_word' id='word_1_653' title='bbox 1257 5212 1366 5278; x_wconf 75' lang='grc' dir='ltr'><strong>ἔτι,</strong></span> <span class='ocrx_word' id='word_1_654' title='bbox 1423 5216 1514 5269; x_wconf 83' lang='grc' dir='ltr'><strong>καὶ</strong></span> <span class='ocrx_word' id='word_1_655' title='bbox 1557 5217 1779 5272; x_wconf 87' lang='grc' dir='ltr'><strong>τοιαῦτα</strong></span> 
     </span>
    </p>
   </div>
   <div class='ocr_carea' id='block_1_82' title="bbox 190 5297 1766 5380">
    <p class='ocr_par' dir='ltr' id='par_1_82' title="bbox 190 5297 1766 5380">
     <span class='ocr_line' id='line_1_82' title="bbox 190 5297 1766 5380; baseline 0.004 -24"><span class='ocrx_word' id='word_1_656' title='bbox 190 5301 585 5372; x_wconf 72' lang='grc' dir='ltr'><strong>συμϐουλεύει·</strong></span> <span class='ocrx_word' id='word_1_657' title='bbox 617 5301 682 5354; x_wconf 89' lang='grc' dir='ltr'><strong>Τί</strong></span> <span class='ocrx_word' id='word_1_658' title='bbox 717 5297 1044 5374; x_wconf 82' lang='grc' dir='ltr'><strong>πράττεις,ὧ</strong></span> <span class='ocrx_word' id='word_1_659' title='bbox 1075 5298 1262 5368; x_wconf 75' lang='grc' dir='ltr'><strong>οὗτος,</strong></span> <span class='ocrx_word' id='word_1_660' title='bbox 1309 5307 1404 5360; x_wconf 77' lang='grc' dir='ltr'><strong>καὶ</strong></span> <span class='ocrx_word' id='word_1_661' title='bbox 1433 5309 1494 5360; x_wconf 86' lang='grc' dir='ltr'><strong>ού</strong></span> <span class='ocrx_word' id='word_1_662' title='bbox 1517 5312 1729 5380; x_wconf 81' lang='grc' dir='ltr'><strong>τρυφᾷς</strong></span> <span class='ocrx_word' id='word_1_663' title='bbox 1753 5353 1766 5374; x_wconf 94' lang='grc'><strong>,</strong></span> 
     </span>
    </p>
   </div>
   <div class='ocr_carea' id='block_1_83' title="bbox 186 5393 1772 5472">
    <p class='ocr_par' dir='ltr' id='par_1_83' title="bbox 186 5393 1772 5472">
     <span class='ocr_line' id='line_1_83' title="bbox 186 5393 1772 5472; baseline 0.003 -24"><span class='ocrx_word' id='word_1_664' title='bbox 186 5394 321 5448; x_wconf 81' lang='grc' dir='ltr'><strong>οὐδὲ</strong></span> <span class='ocrx_word' id='word_1_665' title='bbox 355 5394 567 5463; x_wconf 79' lang='grc' dir='ltr'><strong>ἐμφορῇ</strong></span> <span class='ocrx_word' id='word_1_666' title='bbox 595 5393 692 5462; x_wconf 86' lang='grc' dir='ltr'><strong>μὲν</strong></span> <span class='ocrx_word' id='word_1_667' title='bbox 720 5393 1028 5463; x_wconf 79' lang='grc' dir='ltr'><strong>ἐδεσμάτων</strong></span> <span class='ocrx_word' id='word_1_668' title='bbox 1056 5395 1336 5460; x_wconf 88' lang='grc' dir='ltr'><strong>παντοίων,</strong></span> <span class='ocrx_word' id='word_1_669' title='bbox 1355 5396 1497 5450; x_wconf 78' lang='grc' dir='ltr'><strong>οἴνου</strong></span> <span class='ocrx_word' id='word_1_670' title='bbox 1528 5400 1584 5452; x_wconf 84' lang='grc' dir='ltr'><strong>δὲ</strong></span> <span class='ocrx_word' id='word_1_671' title='bbox 1613 5402 1772 5472; x_wconf 85' lang='grc' dir='ltr'><strong>ὑπερ-</strong></span> 
     </span>
    </p>
   </div>
   <div class='ocr_carea' id='block_1_84' title="bbox 187 5483 1772 5558">
    <p class='ocr_par' dir='ltr' id='par_1_84' title="bbox 187 5483 1772 5558">
     <span class='ocr_line' id='line_1_84' title="bbox 187 5483 1772 5558; baseline 0.005 -20"><span class='ocrx_word' id='word_1_672' title='bbox 187 5504 213 5538; x_wconf 88' lang='grc' dir='ltr'><strong>ε</strong></span> <span class='ocrx_word' id='word_1_673' title='bbox 223 5483 580 5556; x_wconf 81' lang='grc' dir='ltr'><strong>μπίπλασαι;</strong></span> <span class='ocrx_word' id='word_1_674' title='bbox 609 5485 721 5538; x_wconf 84' lang='grc' dir='ltr'><strong>Ούκ</strong></span> <span class='ocrx_word' id='word_1_675' title='bbox 746 5484 976 5558; x_wconf 80' lang='grc' dir='ltr'><strong>αἰσθάνῃ</strong></span> <span class='ocrx_word' id='word_1_676' title='bbox 993 5529 1008 5552; x_wconf 92' lang='grc'><strong>,</strong></span> <span class='ocrx_word' id='word_1_677' title='bbox 1031 5487 1104 5550; x_wconf 84' lang='grc' dir='ltr'><strong>ὡς</strong></span> <span class='ocrx_word' id='word_1_678' title='bbox 1127 5489 1192 5541; x_wconf 85' lang='grc' dir='ltr'><strong>ἐκ</strong></span> <span class='ocrx_word' id='word_1_679' title='bbox 1217 5488 1351 5542; x_wconf 84' lang='grc' dir='ltr'><strong>Θεοῦ</strong></span> <span class='ocrx_word' id='word_1_680' title='bbox 1379 5491 1542 5544; x_wconf 73' lang='grc' dir='ltr'><strong>ταυτὶ</strong></span> <span class='ocrx_word' id='word_1_681' title='bbox 1566 5492 1772 5546; x_wconf 77' lang='grc' dir='ltr'><strong>δέδοται</strong></span> 
     </span>
    </p>
   </div>
   <div class='ocr_carea' id='block_1_85' title="bbox 186 5576 1772 5657">
    <p class='ocr_par' dir='ltr' id='par_1_85' title="bbox 186 5576 1772 5657">
     <span class='ocr_line' id='line_1_85' title="bbox 186 5576 1772 5657; baseline 0.006 -28"><span class='ocrx_word' id='word_1_682' title='bbox 186 5577 342 5650; x_wconf 76' lang='grc' dir='ltr'><strong>πρὸς</strong></span> <span class='ocrx_word' id='word_1_683' title='bbox 396 5576 692 5630; x_wconf 87' lang='grc' dir='ltr'><strong>ἀπόλαυσιν</strong></span> <span class='ocrx_word' id='word_1_684' title='bbox 736 5576 1172 5645; x_wconf 83' lang='grc' dir='ltr'><strong>ἀνεπικώλυτον;</strong></span> <span class='ocrx_word' id='word_1_685' title='bbox 1219 5579 1520 5653; x_wconf 77' lang='grc' dir='ltr'><strong>Περιϐαλοῦ</strong></span> <span class='ocrx_word' id='word_1_686' title='bbox 1573 5584 1772 5657; x_wconf 77' lang='grc' dir='ltr'><strong>ἐσθῆτα</strong></span> 
     </span>
    </p>
   </div>
   <div class='ocr_carea' id='block_1_86' title="bbox 2447 3080 2822 3138">
    <p class='ocr_par' dir='ltr' id='par_1_86' title="bbox 2447 3080 2822 3138">
     <span class='ocr_line' id='line_1_86' title="bbox 2447 3080 2822 3138; baseline -0.005 0"><span class='ocrx_word' id='word_1_687' title='bbox 2447 3080 2699 3138; x_wconf 73' lang='grc' dir='ltr'><strong>-ϐΑΡυΤ</strong></span> <span class='ocrx_word' id='word_1_688' title='bbox 2733 3082 2822 3136; x_wconf 81' lang='grc' dir='ltr'><strong>ΙΧ.</strong></span> 
     </span>
    </p>
   </div>
   <div class='ocr_carea' id='block_1_87' title="bbox 1954 3192 3450 3249">
    <p class='ocr_par' dir='ltr' id='par_1_87' title="bbox 1954 3192 3450 3249">
     <span class='ocr_line' id='line_1_87' title="bbox 1954 3192 3450 3249; baseline -0.001 -2"><span class='ocrx_word' id='word_1_689' title='bbox 1954 3195 2003 3249; x_wconf 89' lang='lat' dir='ltr'><strong>l.</strong></span> <span class='ocrx_word' id='word_1_690' title='bbox 2042 3193 2180 3247; x_wconf 91' lang='lat' dir='ltr'><strong>Tum</strong></span> <span class='ocrx_word' id='word_1_691' title='bbox 2227 3195 2372 3248; x_wconf 89' lang='lat' dir='ltr'><strong>enim</strong></span> <span class='ocrx_word' id='word_1_692' title='bbox 2421 3194 2669 3248; x_wconf 88' lang='lat' dir='ltr'><strong>homines</strong></span> <span class='ocrx_word' id='word_1_693' title='bbox 2709 3208 2897 3249; x_wconf 89' lang='lat' dir='ltr'><strong>omnes</strong></span> <span class='ocrx_word' id='word_1_694' title='bbox 2941 3194 3132 3248; x_wconf 81' lang='lat' dir='ltr'><strong>iisdem</strong></span> <span class='ocrx_word' id='word_1_695' title='bbox 3177 3192 3338 3247; x_wconf 85' lang='lat' dir='ltr'><strong>rebus</strong></span> <span class='ocrx_word' id='word_1_696' title='bbox 3365 3192 3450 3246; x_wconf 86' lang='lat' dir='ltr'><strong>di-</strong></span> 
     </span>
    </p>
   </div>
   <div class='ocr_carea' id='block_1_88' title="bbox 1879 3283 3452 3354">
    <p class='ocr_par' dir='ltr' id='par_1_88' title="bbox 1879 3283 3452 3354">
     <span class='ocr_line' id='line_1_88' title="bbox 1879 3283 3452 3354; baseline 0 -17"><span class='ocrx_word' id='word_1_697' title='bbox 1879 3300 2016 3353; x_wconf 83' lang='lat' dir='ltr'><strong>gnos</strong></span> <span class='ocrx_word' id='word_1_698' title='bbox 2050 3283 2264 3338; x_wconf 87' lang='lat' dir='ltr'><strong>habitos</strong></span> <span class='ocrx_word' id='word_1_699' title='bbox 2287 3299 2406 3338; x_wconf 88' lang='lat' dir='ltr'><strong>esse</strong></span> <span class='ocrx_word' id='word_1_700' title='bbox 2435 3285 2713 3353; x_wconf 87' lang='lat' dir='ltr'><strong>putabam.</strong></span> <span class='ocrx_word' id='word_1_701' title='bbox 2766 3285 2845 3338; x_wconf 79' lang='lat' dir='ltr'><strong>Ac</strong></span> <span class='ocrx_word' id='word_1_702' title='bbox 2881 3285 2926 3339; x_wconf 93' lang='lat' dir='ltr'><strong>si</strong></span> <span class='ocrx_word' id='word_1_703' title='bbox 2967 3286 3090 3354; x_wconf 89' lang='lat' dir='ltr'><strong>quis</strong></span> <span class='ocrx_word' id='word_1_704' title='bbox 3116 3284 3330 3352; x_wconf 89' lang='lat' dir='ltr'><strong>sapiens</strong></span> <span class='ocrx_word' id='word_1_705' title='bbox 3360 3285 3452 3351; x_wconf 87' lang='lat' dir='ltr'><strong>ju-</strong></span> 
     </span>
    </p>
   </div>
   <div class='ocr_carea' id='block_1_89' title="bbox 1881 3373 3452 3443">
    <p class='ocr_par' dir='ltr' id='par_1_89' title="bbox 1881 3373 3452 3443">
     <span class='ocr_line' id='line_1_89' title="bbox 1881 3373 3452 3443; baseline 0.001 -15"><span class='ocrx_word' id='word_1_706' title='bbox 1881 3374 2084 3428; x_wconf 89' lang='lat' dir='ltr'><strong>stitiam</strong></span> <span class='ocrx_word' id='word_1_707' title='bbox 2127 3373 2366 3428; x_wconf 89' lang='lat' dir='ltr'><strong>studiose</strong></span> <span class='ocrx_word' id='word_1_708' title='bbox 2428 3375 2686 3428; x_wconf 85' lang='lat' dir='ltr'><strong>coluisset</strong></span> <span class='ocrx_word' id='word_1_709' title='bbox 2737 3383 2902 3443; x_wconf 86' lang='lat' dir='ltr'><strong>atque</strong></span> <span class='ocrx_word' id='word_1_710' title='bbox 2947 3375 3017 3428; x_wconf 86' lang='lat' dir='ltr'><strong>ab</strong></span> <span class='ocrx_word' id='word_1_711' title='bbox 3055 3374 3318 3443; x_wconf 90' lang='lat' dir='ltr'><strong>injustitia</strong></span> <span class='ocrx_word' id='word_1_712' title='bbox 3367 3391 3452 3429; x_wconf 73' lang='grc' dir='ltr'><strong>τε·-</strong></span> 
     </span>
    </p>
   </div>
   <div class='ocr_carea' id='block_1_90' title="bbox 1881 3465 3448 3534">
    <p class='ocr_par' dir='ltr' id='par_1_90' title="bbox 1881 3465 3448 3534">
     <span class='ocr_line' id='line_1_90' title="bbox 1881 3465 3448 3534; baseline -0.001 -13"><span class='ocrx_word' id='word_1_713' title='bbox 1881 3467 2154 3528; x_wconf 86' lang='lat' dir='ltr'><strong>ccssisset,</strong></span> <span class='ocrx_word' id='word_1_714' title='bbox 2186 3466 2464 3534; x_wconf 89' lang='lat' dir='ltr'><strong>animique</strong></span> <span class='ocrx_word' id='word_1_715' title='bbox 2483 3467 2802 3521; x_wconf 81' lang='lat' dir='ltr'><strong>dexteritate</strong></span> <span class='ocrx_word' id='word_1_716' title='bbox 2831 3476 2885 3521; x_wconf 91' lang='lat' dir='ltr'><strong>et</strong></span> <span class='ocrx_word' id='word_1_717' title='bbox 2917 3465 3174 3521; x_wconf 81' lang='lat' dir='ltr'><strong>facilitate</strong></span> <span class='ocrx_word' id='word_1_718' title='bbox 3205 3469 3448 3521; x_wconf 88' lang='lat' dir='ltr'><strong>omnium</strong></span> 
     </span>
    </p>
   </div>
   <div class='ocr_carea' id='block_1_91' title="bbox 1881 3557 3450 3628">
    <p class='ocr_par' dir='ltr' id='par_1_91' title="bbox 1881 3557 3450 3628">
     <span class='ocr_line' id='line_1_91' title="bbox 1881 3557 3450 3628; baseline 0.001 -16"><span class='ocrx_word' id='word_1_719' title='bbox 1881 3559 2063 3612; x_wconf 80' lang='lat' dir='ltr'><strong>odium</strong></span> <span class='ocrx_word' id='word_1_720' title='bbox 2092 3557 2314 3626; x_wconf 79' lang='lat' dir='ltr'><strong>fugisset</strong></span> <span class='ocrx_word' id='word_1_721' title='bbox 2345 3557 2509 3626; x_wconf 90' lang='lat' dir='ltr'><strong>(quod</strong></span> <span class='ocrx_word' id='word_1_722' title='bbox 2546 3559 2761 3627; x_wconf 90' lang='lat' dir='ltr'><strong>quidem</strong></span> <span class='ocrx_word' id='word_1_723' title='bbox 2801 3557 2911 3613; x_wconf 89' lang='lat' dir='ltr'><strong>Deo</strong></span> <span class='ocrx_word' id='word_1_724' title='bbox 2942 3568 3152 3627; x_wconf 80' lang='lat' dir='ltr'><strong>gratum</strong></span> <span class='ocrx_word' id='word_1_725' title='bbox 3177 3561 3322 3628; x_wconf 91' lang='lat' dir='ltr'><strong>est);</strong></span> <span class='ocrx_word' id='word_1_726' title='bbox 3363 3560 3450 3614; x_wconf 91' lang='lat' dir='ltr'><strong>hic</strong></span> 
     </span>
    </p>
   </div>
   <div class='ocr_carea' id='block_1_92' title="bbox 1883 3649 3450 3719">
    <p class='ocr_par' dir='ltr' id='par_1_92' title="bbox 1883 3649 3450 3719">
     <span class='ocr_line' id='line_1_92' title="bbox 1883 3649 3450 3719; baseline 0.001 -16"><span class='ocrx_word' id='word_1_727' title='bbox 1883 3650 2016 3703; x_wconf 83' lang='lat' dir='ltr'><strong>milii</strong></span> <span class='ocrx_word' id='word_1_728' title='bbox 2067 3649 2281 3702; x_wconf 88' lang='lat' dir='ltr'><strong>inanem</strong></span> <span class='ocrx_word' id='word_1_729' title='bbox 2318 3649 2560 3703; x_wconf 87' lang='lat' dir='ltr'><strong>laborem</strong></span> <span class='ocrx_word' id='word_1_730' title='bbox 2603 3650 2881 3719; x_wconf 88' lang='lat' dir='ltr'><strong>suscipere</strong></span> <span class='ocrx_word' id='word_1_731' title='bbox 2925 3651 3225 3704; x_wconf 88' lang='lat' dir='ltr'><strong>videbatur.</strong></span> <span class='ocrx_word' id='word_1_732' title='bbox 3263 3653 3317 3704; x_wconf 72' lang='lat'><strong>2.</strong></span> <span class='ocrx_word' id='word_1_733' title='bbox 3351 3651 3450 3705; x_wconf 87' lang='lat' dir='ltr'><strong>De-</strong></span> 
     </span>
    </p>
   </div>
   <div class='ocr_carea' id='block_1_93' title="bbox 1881 3739 3450 3812">
    <p class='ocr_par' dir='ltr' id='par_1_93' title="bbox 1881 3739 3450 3812">
     <span class='ocr_line' id='line_1_93' title="bbox 1881 3739 3450 3812; baseline 0.001 -19"><span class='ocrx_word' id='word_1_734' title='bbox 1881 3741 2048 3808; x_wconf 88' lang='lat' dir='ltr'><strong>nique</strong></span> <span class='ocrx_word' id='word_1_735' title='bbox 2071 3755 2243 3793; x_wconf 84' lang='lat' dir='ltr'><strong>unum</strong></span> <span class='ocrx_word' id='word_1_736' title='bbox 2280 3740 2636 3810; x_wconf 89' lang='lat' dir='ltr'><strong>eumdemque</strong></span> <span class='ocrx_word' id='word_1_737' title='bbox 2657 3739 2815 3794; x_wconf 84' lang='lat' dir='ltr'><strong>linem</strong></span> <span class='ocrx_word' id='word_1_738' title='bbox 2843 3756 2962 3796; x_wconf 85' lang='lat' dir='ltr'><strong>esse</strong></span> <span class='ocrx_word' id='word_1_739' title='bbox 2989 3741 3292 3795; x_wconf 88' lang='lat' dir='ltr'><strong>arbitrabar</strong></span> <span class='ocrx_word' id='word_1_740' title='bbox 3314 3742 3450 3812; x_wconf 88' lang='lat' dir='ltr'><strong>justi</strong></span> 
     </span>
    </p>
   </div>
   <div class='ocr_carea' id='block_1_94' title="bbox 1881 3831 3454 3905">
    <p class='ocr_par' dir='ltr' id='par_1_94' title="bbox 1881 3831 3454 3905">
     <span class='ocr_line' id='line_1_94' title="bbox 1881 3831 3454 3905; baseline 0.003 -20"><span class='ocrx_word' id='word_1_741' title='bbox 1881 3841 1934 3885; x_wconf 89' lang='lat' dir='ltr'><strong>et</strong></span> <span class='ocrx_word' id='word_1_742' title='bbox 1963 3831 2173 3902; x_wconf 88' lang='lat' dir='ltr'><strong>injusti,</strong></span> <span class='ocrx_word' id='word_1_743' title='bbox 2203 3832 2331 3886; x_wconf 89' lang='lat' dir='ltr'><strong>boni</strong></span> <span class='ocrx_word' id='word_1_744' title='bbox 2354 3841 2408 3886; x_wconf 92' lang='lat' dir='ltr'><strong>et</strong></span> <span class='ocrx_word' id='word_1_745' title='bbox 2431 3833 2580 3898; x_wconf 90' lang='lat' dir='ltr'><strong>mali,</strong></span> <span class='ocrx_word' id='word_1_746' title='bbox 2612 3833 2734 3902; x_wconf 91' lang='lat' dir='ltr'><strong>puri</strong></span> <span class='ocrx_word' id='word_1_747' title='bbox 2763 3846 2817 3888; x_wconf 89' lang='lat' dir='ltr'><strong>et</strong></span> <span class='ocrx_word' id='word_1_748' title='bbox 2842 3833 3075 3902; x_wconf 91' lang='lat' dir='ltr'><strong>impuri,</strong></span> <span class='ocrx_word' id='word_1_749' title='bbox 3111 3834 3220 3888; x_wconf 87' lang='lat' dir='ltr'><strong>Deo</strong></span> <span class='ocrx_word' id='word_1_750' title='bbox 3247 3837 3454 3905; x_wconf 83' lang='lat' dir='ltr'><strong>suppli-</strong></span> 
     </span>
    </p>
   </div>
   <div class='ocr_carea' id='block_1_95' title="bbox 1880 3925 3452 3998">
    <p class='ocr_par' dir='ltr' id='par_1_95' title="bbox 1880 3925 3452 3998">
     <span class='ocr_line' id='line_1_95' title="bbox 1880 3925 3452 3998; baseline 0.003 -20"><span class='ocrx_word' id='word_1_751' title='bbox 1880 3926 2055 3980; x_wconf 83' lang='lat' dir='ltr'><strong>cantis</strong></span> <span class='ocrx_word' id='word_1_752' title='bbox 2086 3925 2420 3993; x_wconf 89' lang='lat' dir='ltr'><strong>minimeque</strong></span> <span class='ocrx_word' id='word_1_753' title='bbox 2474 3926 2851 3994; x_wconf 88' lang='lat' dir='ltr'><strong>supplicantis.</strong></span> <span class='ocrx_word' id='word_1_754' title='bbox 2911 3927 2962 3980; x_wconf 77' lang='grc'><strong>5.</strong></span> <span class='ocrx_word' id='word_1_755' title='bbox 2988 3925 3124 3980; x_wconf 83' lang='lat' dir='ltr'><strong>Nam</strong></span> <span class='ocrx_word' id='word_1_756' title='bbox 3154 3943 3277 3981; x_wconf 91' lang='lat' dir='ltr'><strong>cum</strong></span> <span class='ocrx_word' id='word_1_757' title='bbox 3307 3928 3452 3998; x_wconf 50' lang='lat' dir='ltr'><strong>injud</strong></span> 
     </span>
    </p>
   </div>
   <div class='ocr_carea' id='block_1_96' title="bbox 1879 4037 3447 4108">
    <p class='ocr_par' dir='ltr' id='par_1_96' title="bbox 1879 4037 3447 4108">
     <span class='ocr_line' id='line_1_96' title="bbox 1879 4037 3447 4108; baseline 0.001 -16"><span class='ocrx_word' id='word_1_758' title='bbox 1879 4045 1999 4092; x_wconf 81' lang='lat' dir='ltr'><strong>stus</strong></span> <span class='ocrx_word' id='word_1_759' title='bbox 2029 4046 2082 4090; x_wconf 91' lang='lat' dir='ltr'><strong>et</strong></span> <span class='ocrx_word' id='word_1_760' title='bbox 2108 4037 2332 4106; x_wconf 91' lang='lat' dir='ltr'><strong>probus,</strong></span> <span class='ocrx_word' id='word_1_761' title='bbox 2366 4037 2638 4108; x_wconf 87' lang='lat' dir='ltr'><strong>pejerator</strong></span> <span class='ocrx_word' id='word_1_762' title='bbox 2665 4047 2718 4092; x_wconf 91' lang='lat' dir='ltr'><strong>et</strong></span> <span class='ocrx_word' id='word_1_763' title='bbox 2739 4037 3123 4107; x_wconf 89' lang='lat' dir='ltr'><strong>jusjurandum</strong></span> <span class='ocrx_word' id='word_1_764' title='bbox 3164 4049 3324 4094; x_wconf 86' lang='lat' dir='ltr'><strong>omne</strong></span> <span class='ocrx_word' id='word_1_765' title='bbox 3357 4039 3447 4093; x_wconf 79' lang='lat' dir='ltr'><strong>fu-</strong></span> 
     </span>
    </p>
   </div>
   <div class='ocr_carea' id='block_1_97' title="bbox 1879 4129 3450 4198">
    <p class='ocr_par' dir='ltr' id='par_1_97' title="bbox 1879 4129 3450 4198">
     <span class='ocr_line' id='line_1_97' title="bbox 1879 4129 3450 4198; baseline 0.003 -17"><span class='ocrx_word' id='word_1_766' title='bbox 1879 4129 2030 4196; x_wconf 80' lang='lat' dir='ltr'><strong>giens</strong></span> <span class='ocrx_word' id='word_1_767' title='bbox 2053 4168 2068 4190; x_wconf 90' lang='lat'><strong>,</strong></span> <span class='ocrx_word' id='word_1_768' title='bbox 2121 4129 2188 4181; x_wconf 89' lang='lat' dir='ltr'><strong>ad</strong></span> <span class='ocrx_word' id='word_1_769' title='bbox 2233 4129 2483 4182; x_wconf 89' lang='lat' dir='ltr'><strong>eumdem</strong></span> <span class='ocrx_word' id='word_1_770' title='bbox 2533 4129 2689 4182; x_wconf 88' lang='lat' dir='ltr'><strong>linem</strong></span> <span class='ocrx_word' id='word_1_771' title='bbox 2721 4144 2814 4197; x_wconf 89' lang='lat' dir='ltr'><strong>spe</strong></span> <span class='ocrx_word' id='word_1_772' title='bbox 2841 4139 3003 4198; x_wconf 86' lang='lat' dir='ltr'><strong>atque</strong></span> <span class='ocrx_word' id='word_1_773' title='bbox 3047 4130 3299 4197; x_wconf 87' lang='lat' dir='ltr'><strong>opinione</strong></span> <span class='ocrx_word' id='word_1_774' title='bbox 3329 4146 3450 4186; x_wconf 84' lang='lat' dir='ltr'><strong>mea</strong></span> 
     </span>
    </p>
   </div>
   <div class='ocr_carea' id='block_1_98' title="bbox 1879 4219 3446 4291">
    <p class='ocr_par' dir='ltr' id='par_1_98' title="bbox 1879 4219 3446 4291">
     <span class='ocr_line' id='line_1_98' title="bbox 1879 4219 3446 4291; baseline 0.001 -17"><span class='ocrx_word' id='word_1_775' title='bbox 1879 4219 2304 4285; x_wconf 88' lang='lat' dir='ltr'><strong>contenderent;</strong></span> <span class='ocrx_word' id='word_1_776' title='bbox 2362 4220 2581 4274; x_wconf 86' lang='lat' dir='ltr'><strong>subibat</strong></span> <span class='ocrx_word' id='word_1_777' title='bbox 2627 4221 2846 4275; x_wconf 79' lang='lat' dir='ltr'><strong>sinistra</strong></span> <span class='ocrx_word' id='word_1_778' title='bbox 2893 4223 3137 4290; x_wconf 69' lang='lat' dir='ltr'><strong>quwdam</strong></span> <span class='ocrx_word' id='word_1_779' title='bbox 3171 4224 3446 4291; x_wconf 83' lang='lat' dir='ltr'><strong>cogitatio,</strong></span> 
     </span>
    </p>
   </div>
   <div class='ocr_carea' id='block_1_99' title="bbox 1879 4311 3446 4383">
    <p class='ocr_par' dir='ltr' id='par_1_99' title="bbox 1879 4311 3446 4383">
     <span class='ocr_line' id='line_1_99' title="bbox 1879 4311 3446 4383; baseline 0 -17"><span class='ocrx_word' id='word_1_780' title='bbox 1879 4327 2070 4366; x_wconf 91' lang='lat' dir='ltr'><strong>omnes</strong></span> <span class='ocrx_word' id='word_1_781' title='bbox 2117 4311 2170 4365; x_wconf 91' lang='lat' dir='ltr'><strong>in</strong></span> <span class='ocrx_word' id='word_1_782' title='bbox 2221 4312 2408 4366; x_wconf 90' lang='lat' dir='ltr'><strong>eadem</strong></span> <span class='ocrx_word' id='word_1_783' title='bbox 2457 4313 2728 4366; x_wconf 90' lang='lat' dir='ltr'><strong>desinere.</strong></span> <span class='ocrx_word' id='word_1_784' title='bbox 2769 4311 2922 4367; x_wconf 86' lang='lat' dir='ltr'><strong>Nunc</strong></span> <span class='ocrx_word' id='word_1_785' title='bbox 2953 4329 3078 4367; x_wconf 86' lang='lat' dir='ltr'><strong>vero</strong></span> <span class='ocrx_word' id='word_1_786' title='bbox 3108 4324 3446 4383; x_wconf 79' lang='lat' dir='ltr'><strong>perspectum</strong></span> 
     </span>
    </p>
   </div>
   <div class='ocr_carea' id='block_1_100' title="bbox 1883 4401 3451 4472">
    <p class='ocr_par' dir='ltr' id='par_1_100' title="bbox 1883 4401 3451 4472">
     <span class='ocr_line' id='line_1_100' title="bbox 1883 4401 3451 4472; baseline -0.001 -18"><span class='ocrx_word' id='word_1_787' title='bbox 1883 4401 2091 4465; x_wconf 89' lang='lat' dir='ltr'><strong>habeo,</strong></span> <span class='ocrx_word' id='word_1_788' title='bbox 2127 4401 2414 4456; x_wconf 89' lang='lat' dir='ltr'><strong>stultorum</strong></span> <span class='ocrx_word' id='word_1_789' title='bbox 2448 4416 2568 4455; x_wconf 88' lang='lat' dir='ltr'><strong>esse</strong></span> <span class='ocrx_word' id='word_1_790' title='bbox 2595 4403 2690 4454; x_wconf 88' lang='lat' dir='ltr'><strong>has</strong></span> <span class='ocrx_word' id='word_1_791' title='bbox 2722 4402 3074 4472; x_wconf 87' lang='lat' dir='ltr'><strong>cogitationes</strong></span> <span class='ocrx_word' id='word_1_792' title='bbox 3095 4444 3108 4466; x_wconf 93' lang='lat'><strong>,</strong></span> <span class='ocrx_word' id='word_1_793' title='bbox 3144 4416 3206 4455; x_wconf 91' lang='lat' dir='ltr'><strong>ac</strong></span> <span class='ocrx_word' id='word_1_794' title='bbox 3234 4401 3451 4453; x_wconf 80' lang='lat' dir='ltr'><strong>fraudes</strong></span> 
     </span>
    </p>
   </div>
   <div class='ocr_carea' id='block_1_101' title="bbox 1881 4492 3443 4561">
    <p class='ocr_par' dir='ltr' id='par_1_101' title="bbox 1881 4492 3443 4561">
     <span class='ocr_line' id='line_1_101' title="bbox 1881 4492 3443 4561; baseline -0.003 -14"><span class='ocrx_word' id='word_1_795' title='bbox 1881 4501 1934 4547; x_wconf 87' lang='lat' dir='ltr'><strong>et</strong></span> <span class='ocrx_word' id='word_1_796' title='bbox 1975 4492 2324 4561; x_wconf 82' lang='lat' dir='ltr'><strong>imposturas.</strong></span> <span class='ocrx_word' id='word_1_797' title='bbox 2379 4493 2433 4545; x_wconf 77' lang='grc'><strong>4.</strong></span> <span class='ocrx_word' id='word_1_798' title='bbox 2467 4492 2544 4546; x_wconf 85' lang='lat' dir='ltr'><strong>Ac</strong></span> <span class='ocrx_word' id='word_1_799' title='bbox 2571 4493 2756 4548; x_wconf 89' lang='lat' dir='ltr'><strong>multis</strong></span> <span class='ocrx_word' id='word_1_800' title='bbox 2792 4494 2967 4547; x_wconf 83' lang='lat' dir='ltr'><strong>verbis</strong></span> <span class='ocrx_word' id='word_1_801' title='bbox 2994 4493 3120 4546; x_wconf 92' lang='lat' dir='ltr'><strong>illud</strong></span> <span class='ocrx_word' id='word_1_802' title='bbox 3170 4494 3443 4557; x_wconf 90' lang='lat' dir='ltr'><strong>occinunt,</strong></span> 
     </span>
    </p>
   </div>
   <div class='ocr_carea' id='block_1_102' title="bbox 1879 4582 3445 4652">
    <p class='ocr_par' dir='ltr' id='par_1_102' title="bbox 1879 4582 3445 4652">
     <span class='ocr_line' id='line_1_102' title="bbox 1879 4582 3445 4652; baseline -0.001 -16"><span class='ocrx_word' id='word_1_803' title='bbox 1879 4597 2003 4636; x_wconf 88' lang='lat' dir='ltr'><strong>eum</strong></span> <span class='ocrx_word' id='word_1_804' title='bbox 2032 4583 2122 4652; x_wconf 90' lang='lat' dir='ltr'><strong>qui</strong></span> <span class='ocrx_word' id='word_1_805' title='bbox 2154 4597 2384 4637; x_wconf 88' lang='lat' dir='ltr'><strong>mortem</strong></span> <span class='ocrx_word' id='word_1_806' title='bbox 2430 4582 2583 4646; x_wconf 90' lang='lat' dir='ltr'><strong>obiit,</strong></span> <span class='ocrx_word' id='word_1_807' title='bbox 2639 4584 2852 4652; x_wconf 90' lang='lat' dir='ltr'><strong>penitus</strong></span> <span class='ocrx_word' id='word_1_808' title='bbox 2882 4584 3128 4647; x_wconf 88' lang='lat' dir='ltr'><strong>interire;</strong></span> <span class='ocrx_word' id='word_1_809' title='bbox 3173 4599 3236 4638; x_wconf 87' lang='lat' dir='ltr'><strong>ac</strong></span> <span class='ocrx_word' id='word_1_810' title='bbox 3265 4584 3445 4636; x_wconf 83' lang='lat' dir='ltr'><strong>viven-</strong></span> 
     </span>
    </p>
   </div>
   <div class='ocr_carea' id='block_1_103' title="bbox 1881 4674 3444 4743">
    <p class='ocr_par' dir='ltr' id='par_1_103' title="bbox 1881 4674 3444 4743">
     <span class='ocr_line' id='line_1_103' title="bbox 1881 4674 3444 4743; baseline 0.001 -16"><span class='ocrx_word' id='word_1_811' title='bbox 1881 4683 1986 4728; x_wconf 88' lang='lat' dir='ltr'><strong>tem</strong></span> <span class='ocrx_word' id='word_1_812' title='bbox 2033 4684 2250 4729; x_wconf 90' lang='lat' dir='ltr'><strong>mortuo</strong></span> <span class='ocrx_word' id='word_1_813' title='bbox 2292 4674 2684 4743; x_wconf 78' lang='lat' dir='ltr'><strong>praeferendum</strong></span> <span class='ocrx_word' id='word_1_814' title='bbox 2731 4691 2891 4738; x_wconf 86' lang='lat' dir='ltr'><strong>esse,</strong></span> <span class='ocrx_word' id='word_1_815' title='bbox 2945 4676 3158 4729; x_wconf 87' lang='lat' dir='ltr'><strong>etiamsi</strong></span> <span class='ocrx_word' id='word_1_816' title='bbox 3210 4675 3444 4729; x_wconf 86' lang='lat' dir='ltr'><strong>tenebris</strong></span> 
     </span>
    </p>
   </div>
   <div class='ocr_carea' id='block_1_104' title="bbox 1879 4766 3444 4836">
    <p class='ocr_par' dir='ltr' id='par_1_104' title="bbox 1879 4766 3444 4836">
     <span class='ocr_line' id='line_1_104' title="bbox 1879 4766 3444 4836; baseline -0.001 -16"><span class='ocrx_word' id='word_1_817' title='bbox 1879 4768 2089 4822; x_wconf 89' lang='lat' dir='ltr'><strong>obsitus</strong></span> <span class='ocrx_word' id='word_1_818' title='bbox 2130 4767 2339 4836; x_wconf 88' lang='lat' dir='ltr'><strong>jaceat,</strong></span> <span class='ocrx_word' id='word_1_819' title='bbox 2387 4768 2601 4821; x_wconf 88' lang='lat' dir='ltr'><strong>etiamsi</strong></span> <span class='ocrx_word' id='word_1_820' title='bbox 2635 4767 2834 4821; x_wconf 90' lang='lat' dir='ltr'><strong>canino</strong></span> <span class='ocrx_word' id='word_1_821' title='bbox 2865 4781 3015 4821; x_wconf 88' lang='lat' dir='ltr'><strong>more</strong></span> <span class='ocrx_word' id='word_1_822' title='bbox 3043 4767 3164 4819; x_wconf 76' lang='lat' dir='ltr'><strong>vitm</strong></span> <span class='ocrx_word' id='word_1_823' title='bbox 3206 4766 3305 4818; x_wconf 89' lang='lat' dir='ltr'><strong>iter</strong></span> <span class='ocrx_word' id='word_1_824' title='bbox 3333 4777 3444 4818; x_wconf 87' lang='lat' dir='ltr'><strong>tra-</strong></span> 
     </span>
    </p>
   </div>
   <div class='ocr_carea' id='block_1_105' title="bbox 1879 4847 3442 4926">
    <p class='ocr_par' dir='ltr' id='par_1_105' title="bbox 1879 4847 3442 4926">
     <span class='ocr_line' id='line_1_105' title="bbox 1879 4847 3442 4926; baseline -0.001 -15"><span class='ocrx_word' id='word_1_825' title='bbox 1879 4857 2077 4923; x_wconf 88' lang='lat' dir='ltr'><strong>ducat,</strong></span> <span class='ocrx_word' id='word_1_826' title='bbox 2125 4873 2287 4926; x_wconf 88' lang='lat' dir='ltr'><strong>supra</strong></span> <span class='ocrx_word' id='word_1_827' title='bbox 2319 4857 2526 4912; x_wconf 89' lang='lat' dir='ltr'><strong>leonem</strong></span> <span class='ocrx_word' id='word_1_828' title='bbox 2561 4847 2857 4918; x_wconf 65' lang='lat' dir='ltr'><strong>mortuuin.</strong></span> <span class='ocrx_word' id='word_1_829' title='bbox 2989 4857 3198 4909; x_wconf 81' lang='lat' dir='ltr'><strong>Etenim</strong></span> <span class='ocrx_word' id='word_1_830' title='bbox 3228 4872 3322 4910; x_wconf 92' lang='lat' dir='ltr'><strong>eos</strong></span> <span class='ocrx_word' id='word_1_831' title='bbox 3349 4858 3442 4925; x_wconf 90' lang='lat' dir='ltr'><strong>qui</strong></span> 
     </span>
    </p>
   </div>
   <div class='ocr_carea' id='block_1_106' title="bbox 1878 4939 3439 5016">
    <p class='ocr_par' dir='ltr' id='par_1_106' title="bbox 1878 4939 3439 5016">
     <span class='ocr_line' id='line_1_106' title="bbox 1878 4939 3439 5016; baseline -0.001 -14"><span class='ocrx_word' id='word_1_832' title='bbox 1878 4950 1986 5003; x_wconf 89' lang='lat' dir='ltr'><strong>vita</strong></span> <span class='ocrx_word' id='word_1_833' title='bbox 2018 4948 2290 5013; x_wconf 82' lang='lat' dir='ltr'><strong>fruuntur,</strong></span> <span class='ocrx_word' id='word_1_834' title='bbox 2325 4948 2426 5002; x_wconf 87' lang='lat' dir='ltr'><strong>hoc</strong></span> <span class='ocrx_word' id='word_1_835' title='bbox 2448 4949 2636 5002; x_wconf 88' lang='lat' dir='ltr'><strong>saltem</strong></span> <span class='ocrx_word' id='word_1_836' title='bbox 2663 4939 2822 5010; x_wconf 88' lang='lat' dir='ltr'><strong>scire,</strong></span> <span class='ocrx_word' id='word_1_837' title='bbox 2843 4950 2987 5016; x_wconf 88' lang='lat' dir='ltr'><strong>quod</strong></span> <span class='ocrx_word' id='word_1_838' title='bbox 3019 4947 3266 5000; x_wconf 87' lang='lat' dir='ltr'><strong>morituri</strong></span> <span class='ocrx_word' id='word_1_839' title='bbox 3295 4949 3400 5001; x_wconf 88' lang='lat' dir='ltr'><strong>sint</strong></span> <span class='ocrx_word' id='word_1_840' title='bbox 3427 4967 3439 5001; x_wconf 93' lang='lat'>:</span> 
     </span>
    </p>
   </div>
   <div class='ocr_carea' id='block_1_107' title="bbox 1874 5036 3442 5108">
    <p class='ocr_par' dir='ltr' id='par_1_107' title="bbox 1874 5036 3442 5108">
     <span class='ocr_line' id='line_1_107' title="bbox 1874 5036 3442 5108; baseline -0.003 -13"><span class='ocrx_word' id='word_1_841' title='bbox 1874 5057 1970 5095; x_wconf 91' lang='lat' dir='ltr'><strong>eos</strong></span> <span class='ocrx_word' id='word_1_842' title='bbox 2000 5051 2178 5095; x_wconf 90' lang='lat' dir='ltr'><strong>autem</strong></span> <span class='ocrx_word' id='word_1_843' title='bbox 2214 5040 2307 5108; x_wconf 88' lang='lat' dir='ltr'><strong>qui</strong></span> <span class='ocrx_word' id='word_1_844' title='bbox 2340 5040 2450 5093; x_wconf 85' lang='lat' dir='ltr'><strong>vita</strong></span> <span class='ocrx_word' id='word_1_845' title='bbox 2496 5038 2668 5093; x_wconf 81' lang='lat' dir='ltr'><strong>functi</strong></span> <span class='ocrx_word' id='word_1_846' title='bbox 2715 5036 2874 5105; x_wconf 82' lang='lat' dir='ltr'><strong>sunt,</strong></span> <span class='ocrx_word' id='word_1_847' title='bbox 2924 5039 3058 5092; x_wconf 90' lang='lat' dir='ltr'><strong>nihil</strong></span> <span class='ocrx_word' id='word_1_848' title='bbox 3098 5054 3321 5107; x_wconf 87' lang='lat' dir='ltr'><strong>prorsus</strong></span> <span class='ocrx_word' id='word_1_849' title='bbox 3352 5056 3442 5092; x_wconf 83' lang='lat' dir='ltr'><strong>co-</strong></span> 
     </span>
    </p>
   </div>
   <div class='ocr_carea' id='block_1_108' title="bbox 1875 5130 3442 5204">
    <p class='ocr_par' dir='ltr' id='par_1_108' title="bbox 1875 5130 3442 5204">
     <span class='ocr_line' id='line_1_108' title="bbox 1875 5130 3442 5204; baseline -0.002 -18"><span class='ocrx_word' id='word_1_850' title='bbox 1875 5149 2155 5204; x_wconf 86' lang='lat' dir='ltr'><strong>gnoscere.</strong></span> <span class='ocrx_word' id='word_1_851' title='bbox 2216 5131 2443 5186; x_wconf 63' lang='lat' dir='ltr'><strong>Praemia</strong></span> <span class='ocrx_word' id='word_1_852' title='bbox 2477 5147 2641 5197; x_wconf 91' lang='lat' dir='ltr'><strong>porro</strong></span> <span class='ocrx_word' id='word_1_853' title='bbox 2672 5146 2969 5201; x_wconf 64' lang='lat' dir='ltr'><strong>poenasque</strong></span> <span class='ocrx_word' id='word_1_854' title='bbox 2999 5130 3174 5184; x_wconf 90' lang='lat' dir='ltr'><strong>nullas</strong></span> <span class='ocrx_word' id='word_1_855' title='bbox 3204 5141 3324 5200; x_wconf 88' lang='lat' dir='ltr'><strong>post</strong></span> <span class='ocrx_word' id='word_1_856' title='bbox 3349 5146 3442 5184; x_wconf 78' lang='lat' dir='ltr'><strong>ex-</strong></span> 
     </span>
    </p>
   </div>
   <div class='ocr_carea' id='block_1_109' title="bbox 1876 5221 3441 5295">
    <p class='ocr_par' dir='ltr' id='par_1_109' title="bbox 1876 5221 3441 5295">
     <span class='ocr_line' id='line_1_109' title="bbox 1876 5221 3441 5295; baseline -0.001 -17"><span class='ocrx_word' id='word_1_857' title='bbox 1876 5227 2075 5295; x_wconf 88' lang='lat' dir='ltr'><strong>pletum</strong></span> <span class='ocrx_word' id='word_1_858' title='bbox 2110 5225 2230 5280; x_wconf 68' lang='lat' dir='ltr'><strong>vitae</strong></span> <span class='ocrx_word' id='word_1_859' title='bbox 2260 5239 2478 5279; x_wconf 88' lang='lat' dir='ltr'><strong>cursum</strong></span> <span class='ocrx_word' id='word_1_860' title='bbox 2507 5225 2754 5293; x_wconf 78' lang='lat' dir='ltr'><strong>praponi.</strong></span> <span class='ocrx_word' id='word_1_861' title='bbox 2823 5223 2875 5277; x_wconf 85' lang='lat'><strong>6.</strong></span> <span class='ocrx_word' id='word_1_862' title='bbox 2909 5221 3103 5277; x_wconf 89' lang='lat' dir='ltr'><strong>Odium</strong></span> <span class='ocrx_word' id='word_1_863' title='bbox 3138 5223 3358 5292; x_wconf 85' lang='lat' dir='ltr'><strong>insuper</strong></span> <span class='ocrx_word' id='word_1_864' title='bbox 3389 5234 3441 5276; x_wconf 89' lang='lat' dir='ltr'><strong>et</strong></span> 
     </span>
    </p>
   </div>
   <div class='ocr_carea' id='block_1_110' title="bbox 1877 5302 3511 5386">
    <p class='ocr_par' dir='ltr' id='par_1_110' title="bbox 1877 5302 3511 5386">
     <span class='ocr_line' id='line_1_110' title="bbox 1877 5302 3511 5386; baseline -0.004 -15"><span class='ocrx_word' id='word_1_865' title='bbox 1877 5318 2302 5371; x_wconf 84' lang='lat' dir='ltr'><strong>benevolentiam</strong></span> <span class='ocrx_word' id='word_1_866' title='bbox 2343 5331 2467 5386; x_wconf 86' lang='lat' dir='ltr'><strong>erga</strong></span> <span class='ocrx_word' id='word_1_867' title='bbox 2508 5333 2601 5371; x_wconf 88' lang='lat' dir='ltr'><strong>eos</strong></span> <span class='ocrx_word' id='word_1_868' title='bbox 2628 5302 2720 5386; x_wconf 70' lang='grc' dir='ltr'><strong>(ιῖιί</strong></span> <span class='ocrx_word' id='word_1_869' title='bbox 2749 5317 2913 5371; x_wconf 88' lang='lat' dir='ltr'><strong>vitam</strong></span> <span class='ocrx_word' id='word_1_870' title='bbox 2942 5332 3064 5370; x_wconf 91' lang='lat' dir='ltr'><strong>cum</strong></span> <span class='ocrx_word' id='word_1_871' title='bbox 3098 5326 3265 5370; x_wconf 85' lang='lat' dir='ltr'><strong>morte</strong></span> <span class='ocrx_word' id='word_1_872' title='bbox 3291 5331 3440 5370; x_wconf 84' lang='lat' dir='ltr'><strong>com-</strong></span> <span class='ocrx_word' id='word_1_873' title='bbox 3497 5353 3511 5370; x_wconf 84' lang='grc'><strong>,.</strong></span> 
     </span>
    </p>
   </div>
   <div class='ocr_carea' id='block_1_111' title="bbox 1879 5407 3438 5473">
    <p class='ocr_par' dir='ltr' id='par_1_111' title="bbox 1879 5407 3438 5473">
     <span class='ocr_line' id='line_1_111' title="bbox 1879 5407 3438 5473; baseline 0 -11"><span class='ocrx_word' id='word_1_874' title='bbox 1879 5417 2176 5473; x_wconf 88' lang='lat' dir='ltr'><strong>mutarunt,</strong></span> <span class='ocrx_word' id='word_1_875' title='bbox 2210 5409 2370 5462; x_wconf 82' lang='lat' dir='ltr'><strong>ﬁnem</strong></span> <span class='ocrx_word' id='word_1_876' title='bbox 2401 5409 2618 5462; x_wconf 88' lang='lat' dir='ltr'><strong>habere.</strong></span> <span class='ocrx_word' id='word_1_877' title='bbox 2654 5407 2855 5462; x_wconf 87' lang='lat' dir='ltr'><strong>Eorum</strong></span> <span class='ocrx_word' id='word_1_878' title='bbox 2877 5408 3017 5463; x_wconf 88' lang='lat' dir='ltr'><strong>enim</strong></span> <span class='ocrx_word' id='word_1_879' title='bbox 3045 5416 3156 5468; x_wconf 87' lang='lat' dir='ltr'><strong>tum</strong></span> <span class='ocrx_word' id='word_1_880' title='bbox 3184 5409 3438 5462; x_wconf 80' lang='lat' dir='ltr'><strong>invidiam</strong></span> 
     </span>
    </p>
   </div>
   <div class='ocr_carea' id='block_1_112' title="bbox 1877 5495 3441 5567">
    <p class='ocr_par' dir='ltr' id='par_1_112' title="bbox 1877 5495 3441 5567">
     <span class='ocr_line' id='line_1_112' title="bbox 1877 5495 3441 5567; baseline 0 -13"><span class='ocrx_word' id='word_1_881' title='bbox 1877 5510 2042 5567; x_wconf 85' lang='lat' dir='ltr'><strong>atque</strong></span> <span class='ocrx_word' id='word_1_882' title='bbox 2085 5498 2482 5552; x_wconf 74' lang='lat' dir='ltr'><strong>aemulationem</strong></span> <span class='ocrx_word' id='word_1_883' title='bbox 2508 5495 2800 5562; x_wconf 79' lang='lat' dir='ltr'><strong>deiecisse,</strong></span> <span class='ocrx_word' id='word_1_884' title='bbox 2853 5507 2964 5552; x_wconf 87' lang='lat' dir='ltr'><strong>tum</strong></span> <span class='ocrx_word' id='word_1_885' title='bbox 2992 5500 3156 5552; x_wconf 87' lang='lat' dir='ltr'><strong>vitam</strong></span> <span class='ocrx_word' id='word_1_886' title='bbox 3183 5500 3441 5555; x_wconf 73' lang='lat' dir='ltr'><strong>Obscura-</strong></span> 
     </span>
    </p>
   </div>
   <div class='ocr_carea' id='block_1_113' title="bbox 1880 5572 3438 5656">
    <p class='ocr_par' dir='ltr' id='par_1_113' title="bbox 1880 5572 3438 5656">
     <span class='ocr_line' id='line_1_113' title="bbox 1880 5572 3438 5656; baseline 0.001 -14"><span class='ocrx_word' id='word_1_887' title='bbox 1880 5597 1988 5642; x_wconf 89' lang='lat' dir='ltr'><strong>tam</strong></span> <span class='ocrx_word' id='word_1_888' title='bbox 2041 5597 2202 5656; x_wconf 85' lang='lat' dir='ltr'><strong>atque</strong></span> <span class='ocrx_word' id='word_1_889' title='bbox 2251 5572 2573 5642; x_wconf 77' lang='lat' dir='ltr'><strong>exstinctam</strong></span> <span class='ocrx_word' id='word_1_890' title='bbox 2611 5601 2751 5642; x_wconf 87' lang='lat' dir='ltr'><strong>esse.</strong></span> <span class='ocrx_word' id='word_1_891' title='bbox 2812 5585 3088 5642; x_wconf 85' lang='lat' dir='ltr'><strong>Postremo</strong></span> <span class='ocrx_word' id='word_1_892' title='bbox 3117 5586 3320 5642; x_wconf 90' lang='lat' dir='ltr'><strong>nullius</strong></span> <span class='ocrx_word' id='word_1_893' title='bbox 3362 5587 3438 5644; x_wconf 75' lang='lat' dir='ltr'><strong>rei</strong></span> 
     </span>
    </p>
   </div>
   <div class='ocr_carea' id='block_1_114' title="bbox 263 5735 1777 5820">
    <p class='ocr_par' dir='ltr' id='par_1_114' title="bbox 263 5735 1777 5818">
     <span class='ocr_line' id='line_1_114' title="bbox 263 5735 1777 5818; baseline 0.005 -28"><span class='ocrx_word' id='word_1_894' title='bbox 263 5739 392 5812; x_wconf 58' lang='grc' dir='ltr'><strong>(ἦ)</strong></span> <span class='ocrx_word' id='word_1_895' title='bbox 452 5735 618 5803; x_wconf 78' lang='grc' dir='ltr'><strong>Παρὰ</strong></span> <span class='ocrx_word' id='word_1_896' title='bbox 661 5735 766 5790; x_wconf 73' lang='grc' dir='ltr'><strong>τὸν</strong></span> <span class='ocrx_word' id='word_1_897' title='bbox 797 5737 960 5800; x_wconf 75' lang='grc' dir='ltr'><strong>βίον.</strong></span> <span class='ocrx_word' id='word_1_898' title='bbox 1008 5737 1140 5792; x_wconf 86' lang='lat' dir='ltr'><strong>Cod.</strong></span> <span class='ocrx_word' id='word_1_899' title='bbox 1195 5738 1380 5796; x_wconf 78' lang='lat' dir='ltr'><strong>Medic.</strong></span> <span class='ocrx_word' id='word_1_900' title='bbox 1409 5783 1424 5809; x_wconf 88' lang='lat'><strong>,</strong></span> <span class='ocrx_word' id='word_1_901' title='bbox 1458 5745 1604 5818; x_wconf 80' lang='grc' dir='ltr'><strong>παρά</strong></span> <span class='ocrx_word' id='word_1_902' title='bbox 1637 5746 1727 5798; x_wconf 75' lang='grc' dir='ltr'><strong>τὸν</strong></span> <span class='ocrx_word' id='word_1_903' title='bbox 1772 5753 1777 5797; x_wconf 71' lang='lat' dir='ltr'><strong>i</strong></span> 
     </span>
    </p>
   </div>
   <div class='ocr_carea' id='block_1_115' title="bbox 1881 5735 2278 5820">
    <p class='ocr_par' dir='ltr' id='par_1_115' title="bbox 1881 5745 2278 5820">
     <span class='ocr_line' id='line_1_115' title="bbox 1881 5745 2278 5820; baseline -0.005 -20"><span class='ocrx_word' id='word_1_904' title='bbox 1881 5749 1964 5802; x_wconf 77' lang='grc' dir='ltr'><strong>τοῦ</strong></span> <span class='ocrx_word' id='word_1_905' title='bbox 1989 5747 2116 5820; x_wconf 76' lang='grc' dir='ltr'><strong>βίον.</strong></span> <span class='ocrx_word' id='word_1_906' title='bbox 2151 5745 2278 5800; x_wconf 79' lang='lat' dir='ltr'><strong>Duc.</strong></span> 
     </span>
    </p>
   </div>
  </div>
