3862 6500
341 307 344 312 ’
417 301 544 354 ΙΟΗ

1518 298 1577 354 S.
1617 296 1945 355 GREGORII
1987 295 2495 357 THAUMATURGI

3523 295 3660 350 1οη

411 427 537 466 eum
567 409 884 481 participem
919 425 1061 473 esse,
1111 411 1204 480 qui
1235 410 1403 466 semel
1428 424 1492 465 ex
1517 411 1622 466 hac
1651 413 1757 466 vita
1787 413 1988 483 migra-

2096 412 2377 467 νεόπλυτον
2396 455 2411 479 ,
2445 412 2538 466 καὶ
2579 410 2735 484 μύρῳ
2762 409 2862 483 τὴν
2895 410 3137 483 κεφαλὴν
3167 409 3498 484 χρισάμενος
3516 453 3532 476 ,
3560 412 3662 484 δρα

409 502 502 557 rit.
539 500 666 556 Haec
690 516 844 556 error
876 502 1152 565 accinens,
1201 502 1513 571 hujusmodi
1563 518 1781 572 quoque
1807 506 1987 559 consi-

408 594 544 648 lium
589 594 861 663 porrigit:
912 593 963 648 7.
995 592 1140 649 Heus
1166 603 1221 648 tu
1250 595 1378 664 quid
1425 594 1580 661 facis,
1615 611 1678 649 ac
1709 612 1814 648 nun
1849 596 1985 650 deli-

412 687 512 742 ciis
544 686 790 755 indulges
812 727 827 751 ,
874 701 974 740 nec
1002 685 1180 740 omnis
1217 687 1429 756 generis
1467 686 1662 741 eduliis
1691 687 1988 758 ingurgita-

412 778 490 832 ris
514 817 528 841 ,
574 777 810 846 vinoque
843 785 894 831 te
922 777 1212 832 immodice
1250 778 1472 846 exples?
1509 778 1702 832 Annon
1734 779 1988 850 intelligis

411 868 509 922 tibi
540 867 655 922 haec
684 867 869 921 divino
902 882 1128 921 munere
1160 868 1405 932 concedi,
1444 876 1501 921 ut
1544 869 1769 923 arbitrio
1802 879 1892 924 tuo
1925 885 1990 925 ac

410 960 527 1014 sine
554 959 944 1028 impedimento
967 957 1209 1014 fruaris?
1238 959 1292 1013 8.
1321 958 1462 1024 Quin
1486 968 1540 1013 tu
1569 971 1771 1015 vestem
1797 975 1988 1016 recens

411 1052 662 1104 sordibus
695 1050 964 1105 detersam
995 1050 1212 1114 induis,
1264 1051 1547 1120 capiteque
1576 1053 1871 1123 unguentis
1895 1054 1989 1109 de-

411 1143 606 1206 libuto,
665 1144 718 1198 9.
772 1145 911 1198 hanc
940 1152 1102 1211 atque
1145 1145 1290 1197 illam
1335 1145 1618 1198 mulierem
1646 1145 1825 1200 cernis
1848 1186 1862 1209 ,
1894 1160 1989 1199 va-

410 1250 648 1303 namque
698 1236 864 1289 vitam
904 1251 1042 1288 vane
1085 1237 1376 1306 transigis?
1427 1236 1573 1292 Nihil
1617 1237 1762 1292 enim
1796 1249 1989 1308 praeter

409 1327 529 1382 haec
557 1328 652 1382 tibi
681 1327 949 1397 reliquum
977 1336 1093 1394 est,
1141 1342 1243 1382 nec
1288 1329 1343 1382 in
1392 1329 1495 1382 hac
1527 1328 1634 1382 vita
1659 1368 1675 1394 ,
1728 1345 1829 1384 nec
1869 1338 1988 1399 post

410 1429 664 1475 mortem.
703 1420 790 1474 10.
821 1419 1007 1474 Facito
1033 1420 1230 1490 igitur,
1265 1435 1387 1488 quae
1417 1429 1618 1475 temere
1643 1430 1697 1476 et
1726 1421 1865 1475 ultro
1897 1437 1992 1476 oc-

412 1522 662 1567 currunt.
723 1511 906 1583 Neque
933 1512 1078 1565 enim
1114 1511 1380 1565 rationem
1407 1512 1602 1566 horum
1638 1514 1926 1583 quisquam
1959 1529 1989 1568 a

415 1613 467 1659 te
493 1604 669 1675 exi-get
698 1623 712 1658 :
749 1619 850 1657 nec
879 1605 1159 1657 hominum
1185 1605 1325 1658 facta
1348 1645 1362 1668 ,
1409 1605 1512 1659 nisi
1543 1605 1684 1674 apud
1718 1605 1986 1670 homines,

409 1696 524 1750 ullo
556 1696 719 1751 modo
750 1703 1177 1766 cognoscuntur.
1233 1693 1408 1751 Orcus
1437 1703 1641 1761 autem,
1677 1697 1990 1768 quicunque

2088 503 2186 574 τὴν
2218 506 2455 570 γυναῖκα
2487 502 2689 573 ταύτην
2711 543 2724 566 ,
2771 503 3029 573 κάκείνην
3068 501 3124 554 δὲ
3161 503 3400 573 ματαίως
3439 502 3530 554 τὸν
3563 503 3664 573 μά-

2087 614 2234 652 ταιον
2258 594 2493 668 πάρελθε
2533 594 2673 664 βίον;
2707 592 3100 666 (8ἰς.)Ἔτερον
3125 594 3234 664 γὰρ
3260 593 3410 647 οὐδὲν
3446 593 3663 646 ὑπολείσ-

2089 689 2248 743 πεταί
2276 707 2356 742 σοι
2381 687 2531 759 παρὰ
2545 686 2734 749 ταῦτα,
2751 689 2851 740 οὐκ
2877 686 3059 739 ἐνθάδε
3084 726 3098 749 ,
3120 685 3240 738 ούδέ
3255 687 3393 755 μετά
3410 684 3658 738 Θάνατον.

2102 781 2261 834 Ἀλλά
2295 780 2499 852 πράττε
2541 779 2609 831 τὰ
2650 779 3041 850 προστυχόντα.
3080 776 3219 832 Οὔτε
3253 778 3360 852 γὰρ
3407 778 3663 848 λογισμὸν

2091 872 2149 924 σε
2180 889 2265 934 τις
2313 871 2518 924 τούτων
2561 871 2952 942 είσπράξεται’
2987 868 3100 922 οὔθ’
3143 870 3281 934 ὅλως
3335 870 3663 940 γινώσκεται

2089 965 2247 1028 ἐκτὸς
2286 963 2586 1036 ἀνθρώπων
2618 964 2686 1017 τὰ
2727 965 2819 1017 ὑπ’
2852 962 3150 1034 ἀνθρώπων
3180 964 3463 1036 γινόμενα.
3501 963 3663 1033 ᾍδης

2087 1057 2164 1123 δέ,
2211 1059 2239 1110 ὅ
2294 1058 2346 1110 τί
2385 1075 2514 1110 ποτε
2559 1058 2653 1110 καὶ
2692 1057 2873 1120 ἔστιν,
2910 1057 2990 1120 εἰς
3015 1057 3074 1109 ὃν
3103 1056 3320 1109 ἀπιέναι
3360 1055 3661 1126 λεγόμεῦα,

2092 1149 2283 1219 σοφίας
2315 1150 2408 1202 καὶ
2455 1149 2757 1222 αἰσθήσεως
2787 1151 3023 1221 ἀμοιρεῖ.
3074 1147 3258 1202 Ταῦτα
3317 1149 3418 1220 μὲν
3465 1150 3514 1202 οἱ
3567 1149 3664 1218 μά-

2089 1259 2251 1295 ταιοι.
2296 1241 2436 1310 Ἐγὼ
2472 1242 2528 1295 δὲ
2576 1239 2634 1296 εὖ
2675 1237 2820 1304 οἶδα,
2863 1241 2938 1304 ὡς
2979 1239 3100 1294 οὔτε
3145 1242 3194 1293 οἱ
3227 1241 3547 1309 κουφότατοι
3585 1240 3665 1292 ὁο-

2091 1333 2440 1398 κοῦντεςντὸν
2481 1334 2653 1406 μέγαν
2691 1335 2888 1407 δρόμον
2933 1335 3138 1386 ἐκεῖνον
3185 1333 3476 1386 ἀνύσουσιν
3499 1374 3513 1397 ,
3546 1331 3663 1385 οὗτε

2091 1429 2137 1480 οἱ
2174 1427 2387 1480 δυνατοὶ
2435 1429 2528 1481 καὶ
2557 1427 2776 1496 φοϐεροὶ
2815 1427 2966 1498 παρὰ
3001 1425 3306 1498 ἀνθρώποις
3345 1426 3665 1495 δεδοξασμέ-

2090 1537 2203 1584 νοι,
2246 1519 2336 1572 τὸν
2369 1520 2596 1591 φοϐερὸν
2629 1520 2861 1591 πόλεμον
2892 1521 3224 1591 νικήσουσιν.
3261 1519 3400 1573 Ἀλλ’
3452 1521 3573 1572 οὐδὲ
3611 1522 3665 1571 ἐν

2091 1613 2290 1683 ἐδωδῆς
2337 1611 2528 1684 πλήθει
2573 1613 2832 1684 φρόνησις
2859 1613 3245 1684 δοκιμάζεται,
3279 1614 3399 1667 οὐδὲ
3453 1613 3665 1676 σύνεσις

2093 1702 2305 1774 πλούτῳ
2353 1707 2626 1757 κοινωνεῖν
2669 1703 2878 1759 εἴωθεν.
2937 1704 3072 1757 Οὐδὲ
3107 1705 3387 1777 συγχαίρω
3416 1707 3532 1766 τοῖς
3562 1706 3664 1756 οἱο-

412 1786 631 1840 tandem
659 1787 748 1841 ille
775 1795 892 1850 cst,
946 1786 1011 1839 ad
1039 1801 1198 1856 quem
1229 1786 1380 1840 abire
1405 1787 1669 1852 dicimur,
1714 1787 1990 1856 sapientia}

2096 1765 2288 1868 μένοις.
2325 1797 2570 1861 ἅπαντας
2617 1796 2726 1850 τῶν
2775 1797 2976 1868 ὁμοίων
3029 1765 3336 1864 τεύξεσόαί.
3403 1765 3556 1850 Πάνυ
3613 1795 3665 1851 δὲ

410 1886 465 1934 et
501 1893 698 1932 sensus
729 1887 813 1933 est
847 1893 1061 1948 expers.
1104 1877 1282 1947 Atque
1329 1877 1444 1932 hazc
1469 1879 1596 1932 vani
1628 1879 1876 1934 homines
1909 1879 1992 1932 lo.

411 1980 672 2040 quuntur.
735 1971 822 2026 Η.
856 1969 969 2042 Ego
995 1986 1122 2026 vero
1152 1979 1357 2024 certum
1395 1969 1600 2037 habeo,
1645 1986 1747 2026 nec
1772 1987 1867 2026 eos
1896 1972 1990 2042 qui

411 2063 610 2132 pedum
658 2061 874 2116 levitate
908 2071 1166 2132 prwstare
1213 2063 1493 2129 videntur,
1523 2077 1780 2132 magnum
1837 2063 1988 2117 illum

410 2170 633 2210 cursum
665 2165 1016 2224 peracturos;
1065 2171 1164 2210 nec
1192 2170 1288 2211 eos
1325 2156 1417 2225 qui
1450 2164 1698 2226 potentes
1723 2163 1777 2208 et
1802 2152 1990 2208 formi-

411 2246 620 2300 (labiles
656 2245 796 2314 apud
833 2246 1082 2302 homines
1135 2247 1305 2301 habiti
1338 2246 1571 2311 fuerint,
1615 2245 1816 2300 bellum
1859 2246 1989 2300 illud

413 2337 755 2392 formidabile
802 2336 1168 2394 confecturos.
1215 2337 1325 2393 Nec
1354 2353 1482 2393 vero
1513 2337 1801 2408 prudentia
1832 2336 1886 2390 in
1915 2338 1992 2391 ci-

413 2429 607 2484 borum
664 2429 819 2498 copia
853 2430 1201 2499 exploratur,
1251 2445 1351 2484 nec
1387 2430 1658 2500 sagacitas
1691 2429 1986 2499 quidquam

410 2533 700 2573 commune
749 2522 948 2575 habere
997 2536 1121 2575 cum
1175 2522 1369 2590 opibus
1403 2520 1702 2576 consuevit.
1764 2520 1851 2574 12.
1881 2518 1990 2575 Nec

413 2612 481 2665 iis
513 2612 896 2680 gratulandum
929 2623 1079 2682 puto,
1113 2613 1207 2683 qui
1241 2627 1431 2667 omnes
1466 2613 1533 2667 ad
1555 2613 1742 2668 eadem
1770 2628 1993 2682 perven-

411 2713 565 2758 turos
590 2720 710 2759 esse
737 2705 1092 2760 arbitrantur.
1155 2703 1316 2760 Gravi
1342 2705 1487 2760 enim
1520 2721 1715 2774 sopore
1743 2706 1988 2775 oppressi

411 2796 548 2849 mihi
576 2795 850 2860 videntur,
883 2797 974 2875 qui
1004 2814 1088 2852 res
1125 2797 1436 2867 hujusmodi
1471 2798 1741 2867 cogitant;
1775 2812 1875 2851 nec
1907 2812 1992 2852 se-

411 2903 536 2940 cum
569 2897 820 2957 reputant
856 2888 1006 2954 fore,
1058 2899 1116 2944 ut
1152 2890 1381 2960 piscium
1415 2890 1589 2944 instar
1618 2899 1780 2960 atque
1807 2891 1987 2945 avium

411 2979 642 3048 abrepti,
676 2982 728 3034 in
760 2982 918 3036 malis
953 2993 1255 3045 versentur,
1291 2998 1355 3037 ac
1381 2983 1564 3037 subito
1592 2998 1691 3051 pro
1722 2982 1988 3037 scelerum

2093 1886 2387 1940 ὑπνώττειν
2416 1887 2657 1940 ἐοίκασιν
2690 1889 2738 1940 οἰ
2767 1887 2837 1940 τά
2863 1887 3086 1941 τοιαῦτα
3117 1887 3547 1960 ἐνθυμούμενοι,
3579 1887 3662 1940 καὶ

2094 1980 2167 2052 μὴ
2199 1978 2569 2050 λογιζόμενοι.
2599 1979 2674 2043 ὡς
2698 1978 2852 2050 δίκην
2883 1977 3081 2050 ἰχθύων
3126 1980 3218 2034 καὶ
3251 1979 3460 2051 ὀρνέων
3507 1979 3664 2050 ἀνάρ-

2090 2089 2287 2125 παστοι
2315 2072 2617 2142 γινόμενοι,
2648 2072 2706 2123 ἐν
2737 2074 2926 2135 κακοῖς
2960 2071 3449 2142 κατατριϐήσονται
3476 2111 3491 2130 ,
3523 2073 3665 2139 ἄφνω

2090 2164 2189 2234 τῆς
2219 2163 2373 2229 ἀξίας
2406 2164 2660 2235 λαχόντες
2689 2165 2990 2236 ἐπιτιμίας.
3028 2165 3169 2234 Ἐγὼ
3198 2165 3254 2218 δὲ
3289 2165 3490 2232 σοφίαν
3533 2164 3665 2218 οὕτω

2089 2273 2141 2310 τι
2177 2257 2319 2328 μέγα
2362 2257 2598 2328 ἠγοῦμαι
2621 2299 2636 2316 .
2664 2257 2740 2322 ὡς
2768 2259 2862 2310 καλ⁴
2905 2258 3058 2311 πόλιν
3097 2258 3298 2330 μικράν
3347 2260 3441 2311 ὑπ’
3478 2256 3664 2324 ὀλίγων

2093 2345 2190 2414 μὲν
2216 2344 2566 2414 οἶκουμένην,
2593 2343 2698 2397 ὑπὸ
2725 2344 2781 2397 δὲ
2811 2343 3050 2415 μεγάλου
3082 2345 3552 2416 πολιορκουμένην
3581 2345 3667 2415 βα-

2093 2433 2281 2496 σιλέως
2336 2434 2508 2503 χειρὶ,
2549 2432 2746 2504 πολλὴν
2780 2434 2872 2486 καὶ
2907 2435 3152 2506 μεγάλην
3183 2435 3427 2506 ἡγοῦμαι
3449 2473 3465 2498 ,
3501 2436 3549 2486 εἰ
3581 2435 3665 2487 καὶ

2091 2525 2184 2576 ἕνα
2230 2523 2392 2588 σοφὸν
2422 2522 2588 2593 ἄνδρα
2633 2522 2856 2594 πολίτην
2889 2522 3001 2594 ἔχοι
3035 2523 3262 2594 πένητα.
3309 2523 3546 2577 Δύναιτο
3569 2523 3666 2591 γὰρ

2090 2615 2154 2669 ἂν
2184 2609 2341 2679 οὗτος
2386 2615 2478 2668 καὶ
2508 2616 2572 2667 ἐκ
2599 2614 2707 2667 τῶν
2743 2615 3037 2686 πολεμίων,
3074 2615 3168 2668 καὶ
3195 2617 3258 2668 ἐκ
3289 2615 3400 2667 τῶν
3429 2633 3667 2687 χαρακω-

2095 2709 2278 2780 μάτων
2323 2707 2418 2779 τὴν
2461 2706 2656 2761 ἑαυτοῦ
2696 2706 2957 2761 διασῶσαι
3010 2707 3184 2762 πόλιν.
3229 2708 3340 2760 Καὶ
3384 2707 3538 2762 ἄλλοι
3579 2707 3665 2777 μὲν

2089 2802 2181 2854 τὸν
2210 2801 2370 2871 σοφὸν
2397 2803 2599 2854 ἐκεῖνον
2625 2801 2684 2853 οὐ
2722 2799 3046 2870 γινώσκουσι
3093 2799 3298 2872 πένητα
3315 2817 3330 2829 ο
3370 2800 3484 2868 ἐγὼ
3505 2801 3558 2853 δὲ
3581 2800 3665 2854 καὶ

2092 2895 2232 2948 πάνυ
2266 2893 2541 2964 προκρίνω
2568 2893 2666 2963 τὴν
2709 2892 2766 2944 ἐν
2813 2892 2975 2964 σοφίᾳ
3015 2893 3167 2961 ἰσχὺν
3207 2891 3414 2962 ταύτης
3440 2893 3540 2963 τῆς
3577 2893 3665 2961 δη-

2096 2983 2303 3056 μώδους
2365 2983 2664 3054 δυνάμεως.
2727 2982 2865 3036 Ἀλλ’
2938 2983 3121 3037 ἐνθάδε
3191 2985 3289 3054 μὲν
3348 2985 3666 3054 ἁτιμάζεται

412 3074 610 3127 merito
655 3089 844 3142 poenas
891 3074 1063 3128 luant.
1125 3075 1212 3128 i5.
1249 3075 1318 3128 At
1344 3074 1623 3128 enimvero
1665 3074 1986 3144 sapientiam

2096 3077 2255 3146 σοφία
2308 3076 2469 3147 πενίᾳ.
2548 3075 2908 3129 συνοικοῦσα·
2967 3076 3365 3147 ἀκουσθήσεται
3411 3077 3468 3130 δὲ
3519 3078 3667 3148 μετέ-

412 3170 547 3224 tanti
576 3167 719 3224 facio
749 3177 912 3241 atque
932 3168 1164 3235 aestimo,
1197 3178 1255 3224 ut
1276 3183 1498 3238 parvam
1522 3169 1684 3223 etiam
1716 3167 1988 3224 civitatem

413 3279 442 3316 a
471 3263 660 3331 paucis
699 3262 994 3317 habitatam
1014 3304 1030 3328 ,
1061 3270 1225 3331 atque
1250 3261 1386 3316 adeo
1415 3277 1445 3315 a
1469 3275 1667 3332 magno
1711 3275 1836 3332 rege
1865 3275 1990 3315 cum

413 3362 654 3414 exercitu
681 3359 1126 3421 circumsessam,
1159 3372 1410 3427 magnam
1440 3365 1493 3412 ct
1519 3355 1856 3425 frequentem
1880 3354 1992 3409 exi-

413 3447 665 3510 stimem,
703 3447 749 3500 si
792 3446 875 3501 vel
921 3460 1208 3516 pauperem
1251 3461 1415 3499 unum
1467 3443 1764 3514 sapientem
1815 3443 1990 3498 virum

2097 3184 2257 3220 πειτα
2291 3165 2686 3238 ὐπερφωνοῦσα
2713 3165 2978 3228 δυνάστας
3022 3166 3115 3219 καὶ
3163 3166 3466 3236 τυράννους
3493 3164 3668 3218 κακῶν

2096 3260 2472 3332 ὀρεγομένους.
2530 3257 2701 3328 Σοφία
2747 3258 2855 3331 γὰρ
2887 3259 2980 3312 καὶ
3027 3257 3244 3328 σιδήρου
3290 3257 3664 3328 δυνατωτέρα’

2109 3351 2410 3424 Ἀφροσύνη
2439 3369 2498 3404 τε
2530 3351 2647 3413 ἐνὸς
2693 3351 2908 3414 πολλοῖς
2945 3349 3187 3403 κίνδυνον
3234 3350 3550 3422 ἐργάζεται,
3573 3349 3667 3402 κᾶν

2099 3444 2311 3507 πολλοῖς
2339 3443 2450 3516 (25)
2485 3443 2892 3515 καταφρόνητος

413 3536 586 3590 civem
613 3535 828 3590 habeat.
872 3535 958 3587 H.
994 3533 1091 3588 llic
1117 3536 1283 3600 enim,
1311 3544 1426 3588 tum
1493 3536 1562 3587 ab
1611 3534 1848 3588 hostium
1908 3535 2142 3604 impetu,
2189 3541 2306 3588 tum
2339 3550 2369 3588 a
2418 3535 3014 3592 circumvallationibus
3066 3544 3118 3590 et
3177 3534 3670 3607 oppugnationibus

415 3629 685 3682 civitatem
736 3643 890 3682 suam
937 3627 1260 3681 incolumem
1314 3625 1453 3680 tueri
1501 3625 1718 3695 poterit.
1788 3626 1875 3680 i5.
1927 3625 1994 3680 Et
2025 3627 2274 3695 quamvis
2321 3625 2411 3680 alii
2440 3642 2732 3696 pauperem
2777 3627 2928 3681 illum
2985 3629 3287 3697 sapientem
3361 3645 3472 3682 non
3503 3643 3660 3697 agno-

415 3736 610 3781 scant:
657 3724 739 3778 16.
780 3739 880 3794 ego
903 3735 1080 3778 tamen
1109 3724 1384 3792 sapientiae
1410 3723 1573 3787 vires,
1621 3722 1869 3791 populari
1925 3722 2052 3776 huic
2095 3722 2350 3792 potentiae
2400 3723 2559 3792 longe
2584 3732 2876 3792 antepono.
2943 3720 3143 3776 Verum
3171 3722 3260 3777 hie
3285 3723 3506 3792 quidem
3534 3723 3671 3791 jacet

415 3829 468 3874 et
502 3819 872 3875 contemnitur
898 3817 1184 3886 sapientia,
1217 3832 1336 3884 quae
1362 3831 1486 3871 cum
1543 3823 1861 3884 paupertate
1913 3815 2206 3884 conjuncta
2255 3825 2339 3870 est
2395 3833 2408 3870 :
2463 3815 2552 3869 17.
2593 3824 2850 3872 czeterum
2904 3824 3090 3886 postea
3118 3815 3396 3881 audietur,
3425 3814 3667 3868 altiorem

415 3926 603 3967 vocem
633 3911 1021 3979 edens,quain
1051 3909 1324 3978 principes
1359 3917 1411 3961 et
1447 3907 1692 3978 tyranni,
1748 3909 2014 3962 malorum
2067 3909 2366 3979 cupiditate
2421 3908 2736 3980 ﬂagrantes.
2797 3908 3071 3980 Sapientia
3122 3910 3266 3963 enim
3316 3908 3464 3964 ferro
3513 3912 3668 3965 etiam

417 4002 537 4077 ipso
571 4006 765 4058 fortior
793 4014 877 4059 est
917 4023 930 4058 :
985 4003 1072 4059 18.
1112 4002 1349 4058 Stultitia
1375 4013 1554 4058 autem
1589 4005 1774 4069 unius.
1831 4005 2018 4060 multis
2074 4005 2376 4076 periculum
2428 4005 2692 4071 accersit;
2739 4005 2953 4061 etiamsi
2982 4005 3163 4060 multis
3187 4005 3322 4063 levis
3346 4017 3404 4062 et
3434 4016 3673 4061 contem-

419 4101 622 4170 ptibilis
659 4101 750 4154 sit.

1046 4187 1275 4244 CAPUT
1324 4189 1392 4242 Χ.

493 4285 545 4339 1.
577 4281 712 4338 Nam
746 4298 945 4337 muscae
979 4281 1031 4336 in
1060 4290 1394 4351 unguentum
1441 4282 1710 4352 prolapsa:
1742 4291 1796 4337 et
1825 4283 1994 4337 suffu-

419 4386 572 4440 catae,
599 4377 915 4430 indecorum
946 4373 1128 4429 suavis
1161 4373 1306 4427 illius
1355 4374 1584 4442 liquoris
1615 4381 1899 4443 aspectum
1940 4381 1994 4426 et

420 4474 732 4526 unctionem
795 4469 1054 4524 reddunt:
1101 4468 1379 4536 sapientia:
1425 4476 1604 4520 autem
1651 4475 1704 4520 et
1755 4465 1996 4520 stultitia:

419 4563 584 4616 simul
607 4561 938 4624 meminisse,
974 4559 1107 4612 nihil
1135 4559 1404 4614 convenit.
1444 4559 1499 4613 2.
1543 4557 1772 4629 Sapiens
1799 4560 1996 4629 quippe

420 4660 487 4711 ad
527 4673 614 4713 res
648 4655 872 4710 dextras
900 4666 952 4708 et
974 4655 1233 4708 honestas
1262 4652 1364 4706 sibi
1394 4651 1495 4721 ipsi
1521 4651 1630 4706 dux
1651 4660 1761 4705 est:
1797 4653 1996 4707 stultus

420 4757 600 4802 autem
631 4748 699 4802 ad
727 4746 891 4801 larvas
931 4743 1248 4815 propendet,
1266 4757 1366 4797 nec
1395 4757 1632 4812 unquam
1663 4741 1728 4796 ad
1757 4758 1843 4796 res
1861 4757 1997 4810 prte-

492 4947 604 5018 (23)
635 4943 1062 5018 Κᾷνηπολλοῖς.
1099 4943 1189 4997 Sic
1209 4941 1820 5018 BodleianusAuglieus
1860 4941 1997 4997 liber

419 5029 473 5072 rt
500 5011 621 5071 cod.
656 5017 846 5070 Medic.
876 5021 942 5069 At
967 5031 1098 5067 mss.
1127 5031 1237 5077 reg.
1264 5014 1412 5067 card.
1436 5011 1994 5078 Lothariethuanq

421 5088 524 5140 κᾶν
560 5087 714 5140 πολύ.
750 5086 958 5139 Rursus
995 5085 1136 5138 idem
1176 5088 1342 5137 codex
1376 5080 1566 5136 Medic.
1594 5098 1690 5152 pro
1719 5083 1994 5152 καταφρό-

420 5175 578 5228 νητος
602 5155 1104 5228 εειαίριιηῐιμρχιιὼοῑ
1126 5148 1674 5228 εύκαταφρόνητοςῇ.
1707 5154 1782 5204 Ita
1810 5148 1994 5228 postea

422 5223 541 5295 cap.
598 5223 775 5286 Xll.—5
799 5266 814 5288 ,
857 5226 1043 5294 ὥσπερ
1080 5225 1339 5296 μελαίνης
1378 5223 1478 5278 καὶ
1523 5223 1994 5294 εὐκαταφρονήτου

423 5299 780 5366 mancipatus.
816 5297 946 5350 Duc.

495 5363 866 5434 (24);\’p(mr.
898 5366 1068 5420 Prava
1121 5365 1280 5418 lt‘tllo
1320 5379 1541 5433 pravam
1582 5363 1789 5433 peperit
1819 5363 1993 5418 OEco-

420 5438 674 5492 laztinwlii
715 5439 1051 5489 versionem:
1110 5435 1306 5487 Musae
1347 5444 1455 5486 tam
1508 5436 1992 5506 un_c_tionemiquam

420 5515 667 5575 unguenti
709 5509 894 5573 [ιιπὶιπνι
945 5507 1165 5558 reddunt
1208 5508 1513 5570 deformem.
1572 5503 1755 5573 Neque
1805 5503 1994 5557 Billius

421 5579 565 5631 alin-i
614 5587 998 5644 interpretatus
1039 5589 1151 5635 9.51,
1186 5575 1326 5642 quod
1380 5591 1485 5628 non
1522 5577 1995 5629 animadvertisset

422 5648 477 5699 in
505 5646 691 5699 codice
721 5647 913 5700 Medic.
953 5650 1210 5715 scriptum
1236 5645 1429 5716 χρῆσιν
1449 5684 1463 5707 ,
1498 5662 1647 5697 usuin
1669 5661 1686 5707 ;
1710 5661 1818 5716 quo
1837 5654 1994 5713 pacto

423 5716 822 5770 emendandum
855 5719 1068 5772 censuit
1089 5715 1367 5771 Musculus
1385 5730 1508 5770 cum
1531 5717 1692 5770 dixit:
1733 5715 1989 5785 Ungneuti

2710 4190 2958 4242 ΚΕΦΑΛ.
2995 4191 3053 4243 ι’.

2169 4283 2280 4335 Καὶ
2308 4279 2416 4353 γάρ
2449 4283 2602 4352 μυῖαι
2633 4280 2970 4352 ἐμπεσοῦσαι
3011 4281 3166 4352 μύρῳ
3187 4319 3200 4342 ,
3245 4280 3338 4334 καὶ
3385 4282 3677 4334 ἐναποπνι-

2027 4405 2072 4464 D
2099 4377 2296 4442 γεῖσαι,
2321 4374 2604 4445 ἀσχήμονα
2633 4373 2727 4426 τοῦ
2759 4374 2911 4444 ἡδέος
2956 4373 3161 4426 ἐκείνου
3209 4374 3540 4446 χρίσματος,
3581 4376 3677 4443 τήν

2095 4481 2155 4516 τε
2185 4465 2326 4534 ὄψιν,
2363 4465 2457 4516 καὶ
2486 4463 2584 4534 τὴν
2615 4463 2794 4536 χρίτιν
2840 4461 2951 4534 (‘24)
2984 4463 3306 4536 ἐργάζονται
3327 4479 3341 4493 ·
3400 4464 3594 4533 σοφίας
3622 4463 3677 4514 δέ

2095 4555 2186 4610 καὶ
2219 4554 2530 4628 ἀφροσύνης
2551 4555 2700 4609 οὐδὲν
2723 4557 2779 4608 ἐν
2810 4555 2992 4626 ταυτῷ
3023 4555 3333 4626 μεμνῆσθαι
3377 4556 3676 4626 προσῆκον.

2107 4647 2164 4699 '0
2202 4646 2300 4718 μέν
2345 4664 2409 4715 γε
2463 4646 2625 4716 σοφὸς
2660 4646 2847 4700 ἐαυτὸν
2881 4648 2972 4700 ἐπὶ
2995 4645 3145 4712 δεξιά
3177 4646 3286 4700 τῶν
3333 4648 3680 4718 πραγμάτων

2094 4739 2281 4810 ὁδηγεῖ
2304 4757 2316 4769 ’
2354 4739 2543 4812 ἄφρων
2565 4740 2620 4792 δὲ
2644 4741 2722 4803 είς
2741 4738 3005 4811 ἀριστερὰ
3030 4738 3141 4810 (25)
3160 4739 3546 4802 άπονένευκεν,
3571 4739 3680 4791 οὐδ’

2093 4938 2242 4992 illius
2256 4949 2302 4992 et
2317 4939 2535 5008 speciem
2556 4949 2604 4992 et
2626 4954 2778 4993 usum
2793 4942 3095 5006 deturpant.
3112 4937 3314 4993 Catena
3338 4937 3525 4993 Graeca
3550 4955 3682 4998 ms.,

2095 5012 2189 5089 καὶ
2214 5010 2331 5089 γάρ
2361 5011 2997 5089 μυῖαι-ἐναποπνιγεῖσαι-
3021 5009 3196 5089 μύρῳ,
3231 5008 3505 5089 ἄχρηστον
3547 5010 3686 5089 αὐτο

2096 5079 2418 5151 ἐργάζονται
2437 5097 2450 5110 ο
2477 5080 2583 5134 τῶν
2620 5079 2887 5151 Ἰουδαίων
2915 5079 3008 5132 καὶ
3025 5079 3314 5150 αἱρετικῶν
3343 5082 3392 5132 οἱ
3430 5080 3684 5151 λογισμοὶ

2095 5149 2456 5222 ἐμπίπτοντες
2483 5153 2546 5220 τῇ
2581 5149 2689 5203 τῶν
2727 5150 2765 5201 Γ
2771 5151 2957 5222 ραφῶν
2997 5149 3213 5222 εύωδίᾳ,
3251 5150 3479 5214 ἐαυτούς
3499 5169 3558 5204 τε
3588 5149 3689 5202 θα-

2095 5220 2333 5292 νατοῦσι,
2370 5221 2462 5273 καὶ
2496 5222 2701 5292 σαπρὸν
2745 5220 3220 5290 παρασκευάζουσι
3259 5223 3371 5283 τοῖς
3421 5222 3682 5291 πειθομέ-

2095 5308 2206 5364 νοις
2235 5291 2296 5364 τὸ
2323 5292 2516 5364 μύρον.
2556 5291 2700 5364 Nam
2745 5307 2938 5346 musca:
2979 5293 3254 5364 stt/focam:
3296 5293 3349 5344 in
3387 5305 3682 5361 unguento,

2096 5361 2282 5413 inutile
2313 5361 2482 5430 ipsum
2510 5363 2770 5415 reddunt:
2805 5379 2987 5415 sensus
3016 5362 3332 5415 Judmornm
3372 5372 3421 5415 et
3463 5363 3683 5414 horreti-

2097 5448 2276 5484 coruut
2307 5433 2360 5484 in
2397 5431 2586 5485 bonam
2627 5431 2918 5501 Scriptura:
2955 5433 3316 5503 ﬂagrantiam
3363 5433 3683 5493 inridentes,

2095 5513 2225 5573 etse
2252 5503 2386 5570 ipsos
2431 5513 2596 5555 morte
2642 5504 2894 5572 afﬁciunt,
2940 5514 2988 5556 et
3033 5513 3355 5573 unguentum
3399 5505 3685 5570 putridum

2095 5572 2336 5641 efﬁciunt
2369 5573 2496 5635 illis,
2531 5573 2620 5639 qui
2648 5576 2878 5627 obsecuti
2909 5576 2983 5628 eis
3011 5572 3229 5642 fuerint.
3255 5575 3335 5628 In.

2169 5643 2280 5717 (9.5))
2308 5646 2410 5717 Εἰς
2437 5643 2737 5717 ἀριστερᾷ.
2779 5644 2948 5700 Codd.
2991 5663 3101 5717 reg.
3139 5654 3194 5701 et
3224 5642 3420 5712 Savil.,
3451 5645 3531 5708 είς
3569 5643 3690 5717 apt-

2098 5714 2318 5784 στεράν,
2345 5715 2411 5767 ad
2441 5715 2646 5770 la’vam.
2681 5716 2756 5770 Ib.
