3862 6538
201 332 339 386 "HS

1271 329 1752 386 HETAPHRASIS
1800 330 1866 385 IN
1908 328 2440 386 ECCLESIASTEN.

3303 327 3442 384 107‘

190 449 342 506 εστιν
362 451 451 502 ὅτε
479 446 661 502 καλῶν
683 443 861 518 ὁδηγῷ
881 447 1220 519 πραγμάτων
1258 449 1537 521 ἀφροσύνῃ
1582 451 1765 521 χρήσε-

1878 449 2053 504 claras
2078 450 2214 506 duce
2248 450 2476 504 stultitia
2510 456 2706 505 utetur.
2751 449 2803 503 5.
2832 448 2972 518 Quin
3013 449 3186 518 ipsius
3225 464 3443 518 qunque

185 557 301 595 ται.
335 541 556 594 Μάταια
583 538 639 591 δὲ
666 538 830 592 αὑτοῦ
865 539 956 591 καὶ
1000 537 1069 592 τά
1098 539 1457 609 ἐνθυμήματα
1479 577 1496 603 ,
1534 539 1770 611 ἀφροσύ-

187 650 290 704 νης
321 630 805 700 ἀναπεπλησμένα.
849 629 912 683 Εἰ
958 629 1014 683 δὲ
1044 631 1138 683 καὶ
1171 630 1387 701 πνεῦμά
1427 634 1507 684 σοί
1541 649 1689 696 ποτε,
1723 627 1769 686 ὧ

188 725 368 794 φίλος,
396 723 654 794 πολέμιον
686 723 1005 794 προσπέσοι,
1043 722 1257 794 ἐνπηθι
1291 725 1649 794 ἐρρωμένως,
1681 743 1768 793 γι-

187 816 418 870 νώσκων
445 816 522 879 ὡς
547 815 640 868 καὶ
673 815 883 868 πολλῶν
932 816 1345 886 ἁμαρτημάτων
1387 816 1586 888 πλῆθος
1639 817 1770 881 θεὸς

192 908 483 962 ἱλάσασθαι
514 908 753 962 δύναται.
780 908 1056 979 Τυράννου
1083 908 1139 961 δὲ
1160 909 1296 980 ἔργα
1319 907 1512 973 ταῦτα,
1549 910 1643 962 καὶ
1667 927 1744 963 πα

189 1000 321 1072 τρὸς
349 1001 530 1070 πάσης
563 1001 845 1072 πονηρίας·
881 1001 969 1054 τὸν
997 1002 1093 1071 μέν
1122 1001 1330 1072 ἄφρονα
1356 1003 1436 1064 είς
1464 1001 1597 1070 ὕψος
1623 1003 1774 1074 αἴρεέ

191 1092 355 1155 σθαι,
397 1093 488 1146 τὸν
532 1092 785 1146 πλούσιον
827 1092 883 1145 δέ
923 1095 1178 1164 φρονήσει
1218 1093 1634 1147 ταπεινοῦσθαι·
1678 1095 1770 1148 καὶ

188 1182 411 1247 δούλους
446 1185 539 1254 μὲν
573 1183 855 1256 ἁμαρτιῶν
892 1186 983 1237 ἐπὶ
1011 1185 1175 1238 ἵππον
1192 1185 1541 1256 φερομένους,
1574 1185 1772 1255 ἄνδρας

189 1274 248 1326 δέ
288 1276 465 1346 ἱεροὺς
494 1274 807 1346 βαδίζοντας
839 1277 1050 1346 ἀτίμως
1080 1279 1333 1350 ὁρᾶσθαι,
1371 1279 1478 1332 τῶν
1519 1279 1770 1351 πονηρῶν

190 1369 600 1438 γαυρουμένων.
631 1369 692 1422 Εἰ
721 1369 778 1422 δέ
808 1386 891 1432 τις
929 1370 1098 1440 ἑτέρῳ
1144 1371 1481 1424 ἐπιϐουλεύει
1503 1415 1514 1435 ,
1549 1372 1770 1442 λέληθεν

189 1461 357 1513 αὑτὸν
370 1459 445 1523 ὡς
469 1461 644 1532 ἐαυτῷ
675 1461 878 1533 πρώτῳ
916 1465 1007 1516 καὶ
1039 1463 1186 1534 μόνῳ
1219 1464 1430 1535 ἕνεδρον
1460 1466 1765 1536 ἐργάζεται.

197 1549 260 1604 ’0
282 1551 340 1604 δέ
370 1551 649 1622 καθαιρῶν
664 1553 822 1606 ἀλλου
840 1554 1158 1621 ἀσφάλειαν,
1194 1561 1568 1627 περιπεσεῖται
1596 1559 1772 1626 ὄφεως

188 1641 446 1714 δήγματι.
471 1643 631 1697 Ἀλλά
665 1645 738 1716 μὴ
773 1645 884 1717 [ἴθ’.
921 1646 1050 1718 μὴν]
1091 1650 1118 1700 ὁ
1157 1647 1336 1713 λίθους
1370 1650 1768 1721 ἐξαιρούμενος,

190 1734 408 1789 ὑποίσει
422 1736 580 1789 πόνον
599 1737 659 1790 οὑ
676 1737 892 1809 μικρόν
914 1737 1050 1791 ἀλλά
1065 1740 1156 1792 καὶ
1173 1741 1367 1810 σχίζων
1379 1741 1530 1806 ξύλα,
1549 1745 1605 1795 ἐν
1623 1741 1770 1813 αὑτῷ

187 1824 268 1895 τῷ
295 1826 478 1897 οἰκείῳ
493 1825 642 1898 ὅπλῳ
671 1827 762 1881 τὸν
788 1828 1030 1883 κίνδυνον
1051 1832 1206 1884 οἴσει.
1239 1832 1364 1884 Ἐἀν
1394 1832 1451 1885 δέ
1473 1833 1651 1905 συμϐῇ
1670 1833 1765 1886 τοῦ
1801 1819 1843 1873 Β

191 1914 411 1967 στελεοῦ
435 1915 544 1985 (26)
562 1915 652 1968 τὸν
682 1916 912 1972 πέλεκυν
939 1919 1265 1990 ἐκπηδῆσαι,
1290 1920 1719 1993 θορυϐηθήσεται
1739 1925 1768 1978 ὁ

186 2007 362 2060 ταῦτα
392 2007 774 2080 ἐργαζόμενος,
808 2011 907 2063 οὑκ
933 2010 1018 2064 ἐπ’
1044 2011 1230 2082 ἀγαθῷ
1262 2012 1608 2084 συγκομίζων
1629 2055 1644 2079 ,
1673 2015 1767 2068 καὶ

188 2101 440 2168 ἐπαύξων
473 2103 635 2166 αὐτὸς
664 2103 761 2174 τὴν
781 2105 973 2158 ἑαυτοῦ
1006 2105 1187 2159 ἄδικον
1236 2108 1328 2160 καὶ
1359 2107 1645 2179 ὠκύμορον
1676 2110 1766 2162 δύ-

188 2211 370 2263 ναμιν.
406 2196 620 2264 Ὄφεως
645 2196 700 2249 δέ
726 2196 908 2268 δῆγμα
937 2197 1190 2268 λαθραῖον
1214 2217 1227 2229 ⁸
1253 2200 1406 2253 οὐδὲν
1436 2201 1763 2272 παραμυθή-

190 2304 376 2341 σονται
402 2289 451 2340 οἱ
484 2289 774 2361 ἐπᾴδοντες
796 2307 808 2320 ·
837 2289 1053 2360 μάταιοι
1090 2291 1198 2362 γάρ
1222 2295 1375 2346 εἰσιν.
1438 2292 1573 2345 Ἀλλ’
1604 2295 1632 2345 ό
1667 2292 1764 2364 μὲν

186 2380 394 2447 ἀγαθὸς
419 2382 556 2453 ἀνὴρ
585 2382 764 2450 ἀγαθά
795 2385 1085 2454 ἐργάζεται
1108 2384 1254 2456 αὑτῷ
1283 2403 1339 2438 τε
1362 2387 1454 2440 καὶ
1484 2390 1597 2449 τοῖς
1631 2386 1765 2456 πλη-

189 2473 342 2525 σίον·
379 2477 409 2527 ὁ
448 2475 505 2528 δέ
546 2475 736 2548 ἄφρων
780 2479 860 2540 εἰς
903 2475 1121 2548 ὖλεθρον
1168 2479 1486 2547 ἐμπεσεῖται
1529 2480 1619 2534 διὰ
1663 2481 1764 2550 τῆς

186 2565 355 2619 αὑτοῦ
384 2567 665 2639 φλυαρίας.
705 2571 816 2622 Καὶ
843 2569 988 2633 ἅπαξ
1014 2569 1228 2634 ἀνοίξας
1260 2571 1319 2623 τὸ
1354 2572 1528 2642 στόμα
1547 2613 1561 2633 ,
1602 2574 1764 2645 ἄρχε-

185 2677 278 2713 ται
305 2661 574 2733 ἀφρόνως,
605 2664 697 2716 καὶ
735 2665 964 2719 παύεται
986 2666 1212 2736 ταχέως,
1242 2664 1329 2718 διὰ
1360 2665 1560 2728 παντὸς
1602 2665 1766 2718 ἐνδει-

187 2753 456 2824 κνύμενος
475 2755 571 2827 τὴν
603 2757 794 2810 ἑαυτοῦ
829 2759 1030 2814 ἄνοιαν.
1087 2759 1376 2831 Ἀνθρώπῳ
1409 2759 1463 2812 δέ
1506 2760 1765 2813 ἀδύνατόν

184 2864 238 2900 τι
277 2847 504 2915 γνῶναι,
541 2850 633 2902 καὶ
661 2851 809 2921 παρά
827 2852 1110 2924 ἀνθρώπου
1144 2853 1331 2923 μαθεῖν
1350 2852 1418 2905 τὰ
1440 2853 1535 2905 ἀπ’
1567 2853 1761 2923 ἀρχῆς,

186 2938 222 3010 ἢ
245 2939 319 2994 τά
346 2940 586 2996 ἐπιόντα.
623 2943 718 3007 Τίς
745 2943 855 3016 γὰρ
881 2943 1031 2998 ἔσται
1063 2947 1090 2998 ὁ
1123 2945 1409 3016 μηνύσωνς
1446 2943 1764 3015 Ἀνθρωπος

185 3031 245 3084 δέ
282 3032 344 3095 ὃς
370 3033 472 3086 οὑκ
490 3031 627 3088 οἶδεν
654 3036 734 3099 είς
757 3037 856 3107 τὴν
878 3037 1083 3108 ἀγαθὴν
1105 3037 1435 3107 πορευθῆναι
1465 3037 1640 3098 πόλιν,
1673 3037 1765 3089 κά-

187 3141 362 3178 κωσιν
412 3125 703 3197 ὑπομένει,
754 3130 866 3192 τοῖς
902 3146 962 3182 τε
995 3129 1322 3200 ὀφθαλμοῖς,
1354 3130 1446 3183 καὶ
1485 3128 1562 3199 τῷ
1602 3128 1764 3181 παντὶ

187 3215 490 3287 προσώπῳ.
544 3218 700 3272 Πόλει
741 3219 798 3272 δὲ
842 3220 1026 3294 ἐκείνῃ
1069 3221 1214 3274 κακά
1259 3220 1526 3292 προλέγω,
1553 3217 1622 3290 ἧς
1647 3220 1674 3272 ὃ
1702 3237 1761 3272 τε

186 3307 447 3379 βασιλεὺς
473 3311 612 3374 νέος,
649 3312 743 3364 καὶ
771 3313 819 3364 οἱ
838 3313 1094 3384 ἄρχοντες
1114 3314 1536 3384 γαστρίμαργοι.
1573 3314 1764 3365 Μακα-

187 3401 327 3472 ρίξω
355 3401 412 3455 δὲ
432 3404 534 3472 γῆν
565 3403 663 3473 τὴν
694 3403 903 3476 ἀγαθὴν
929 3445 944 3469 ,
977 3401 1044 3477 ἧς
1086 3403 1406 3474 βασιλεύειὸ
1437 3405 1530 3458 τοῦ
1561 3403 1766 3458 ἐλευθέ-

187 3509 284 3563 ρου
321 3494 464 3557 υἱός·
513 3493 640 3547 ἔνθα
668 3496 938 3567 εὐκαίρως
974 3497 1370 3551 ἀπολαύσουσιν
1411 3496 1670 3565 ἀγαθῶν,
1712 3497 1761 3548 oi

183 3585 372 3638 ἐκεῖσε
417 3587 606 3658 ἄρχειν
647 3589 957 3660 1ἣξιωμένοι.
1010 3591 1266 3662 ὐκνηρὺς
1319 3590 1376 3643 δὲ
1435 3591 1527 3644 καὶ
1573 3591 1761 3662 ἀργὸς.

181 3676 338 3730 οἷκον
383 3679 663 3733 ἐλαττοῦσι
708 3681 996 3750 χλευασταὶ
1041 3683 1353 3753 γενόμενοιο
1405 3683 1498 3736 κα)⁸
1545 3685 1625 3745 είς
1666 3681 1763 3753 τὴν

183 3769 398 3823 ἑαυτῶν
431 3769 782 3842 λαιμαργίαν,
810 3776 923 3837 τοῖς
956 3775 1088 3827 πᾶσι
1118 3771 1560 3845 καταχρώμενοι,
1593 3775 1764 3843 ἀργυ-

185 3860 292 3930 ρίῳ
369 3859 678 3932 ἀγώγιμοι,
741 3864 902 3918 ἕνεκα
965 3865 1144 3933 ὀλίγου
1225 3866 1530 3936 τιμήματος
1588 3865 1764 3918 πάντα

183 3951 434 4022 αἰσχρῶς
465 3953 558 4005 καὶ
587 3955 855 4018 ταπεινῶς
883 3957 1146 4027 πράσσειν
1179 3955 1555 4026 ὑπομένοντες.
1599 3955 1762 4007 Βασι-

180 4042 269 4096 λεῖ
293 4043 374 4106 δὲ,
401 4045 493 4097 καὶ
516 4045 789 4117 ἄρχουσιν,
811 4047 844 4119 ἢ
868 4048 1150 4111 δυνάσταις
1167 4047 1456 4100 ὑπακούειν
1479 4049 1762 4118 προσήκει,

182 4135 282 4188 καὶ
309 4135 410 4188 οὑκ
438 4137 856 4207 ἀπεχθάνεσθαι,
891 4139 996 4192 οὐδ’
1019 4140 1154 4203 ὅλως
1195 4139 1436 4210 λυπηρόν
1467 4156 1520 4191 τι
1551 4139 1631 4201 εἰς
1669 4138 1766 4190 αύ-

179 4229 314 4291 τοὺς
352 4228 502 4299 ῥῆμα
528 4230 906 4301 ἀπορρίπτειν.
941 4233 1069 4296 Δέος
1101 4231 1228 4304 γὰρ,
1263 4233 1336 4303 μὴ
1369 4232 1430 4284 τὸ
1455 4231 1547 4285 καὶ
1579 4230 1641 4283 τὸ
1664 4247 1764 4283 κα-

180 4320 434 4391 ταμόνας
455 4321 760 4392 εἰρημένον,
793 4326 871 4388 εἰς
899 4325 1130 4396 φανερόν
1169 4341 1286 4388 πως
1333 4323 1478 4395 ἔλθῃ.
1521 4322 1611 4394 Τῷ
1657 4323 1764 4393 γὰρ

184 4414 340 4485 μόνῳ
374 4414 470 4467 καὶ
498 4414 735 4486 πλουσίῳ
760 4417 851 4469 καὶ
884 4417 1103 4488 μεγάλῳ
1136 4417 1340 4488 βασιλεῖ
1374 4415 1590 4486 ἄγγελοι
1625 4415 1764 4481 ὀξεῖς

1875 543 2230 612 cogitationes
2260 557 2414 596 vana:
2451 551 2600 606 sunt,
2631 542 2860 597 stultitia
2904 543 3151 612 oppletae.
3194 543 3246 597 4.
3284 541 3442 608 Quod

1875 634 1920 687 si
1952 641 2020 700 le,
2053 649 2086 688 ο
2123 635 2317 698 amice,
2356 636 2580 704 spiritus
2617 634 2831 690 hostilis
2877 635 3168 704 aliquando
3217 638 3442 688 alortus

1874 723 2059 788 fuerit,
2096 725 2219 780 torti
2253 726 2438 779 animo
2466 725 2660 780 resiste
2681 766 2694 786 .
2723 725 2901 780 sciens
2943 723 3110 779 Deum
3142 726 3222 779 vel
3257 725 3442 794 ingen-

1873 825 1981 871 tem
2014 829 2354 888 peccatorum
2397 818 2795 872 multitudinem
2823 817 3158 886 benignitate
3187 833 3284 870 sua
3305 832 3442 870 cou-

1875 911 2080 964 donare
2112 924 2290 974 posse.
2334 909 2384 963 5.
2425 909 2660 980 Tyranni
2707 917 2886 963 autem
2941 910 3217 977 patrisque
3262 906 3441 960 omnis

1875 1001 2114 1063 malitiae,
2146 999 2261 1053 hazc
2291 1013 2456 1068 opera
2497 997 2808 1052 fuerint:6.
2855 998 3077 1051 stultum
3126 995 3342 1064 quidem
3385 994 3439 1046 in

1875 1091 2107 1145 sublime
2130 1089 2298 1143 attolli
2321 1106 2336 1155 ;
2361 1088 2658 1158 prudentia:
2681 1097 2862 1141 autem
2897 1087 3089 1156 opibus
3111 1086 3437 1146 alllucntcm,

1874 1185 2134 1255 deprimi:
2192 1183 2242 1237 7.
2306 1193 2362 1236 et
2399 1195 2746 1254 peccatorum
2779 1182 2996 1252 quidem
3031 1199 3252 1248 servos,
3285 1183 3442 1250 equis

1875 1287 2095 1341 vectos;
2148 1285 2526 1331 sacrosanctos
2567 1291 2692 1330 vero
2739 1274 3020 1340 homines,
3069 1275 3295 1344 pedibus
3342 1274 3442 1327 iter

1876 1369 2196 1424 inhonorate
2230 1367 2488 1424 facientes
2513 1368 2775 1437 conspici,
2818 1367 3080 1435 improbis
3118 1364 3441 1420 exsultanti~

1875 1460 1998 1516 bus.
2039 1461 2094 1515 8.
2133 1459 2288 1527 Quod
2322 1460 2367 1514 si
2399 1461 2523 1530 quis
2562 1459 2712 1513 alteri
2754 1460 2977 1513 insidias
3010 1459 3298 1520 moliatur,
3335 1456 3440 1509 im-

1875 1553 2114 1622 prudens
2145 1553 2251 1608 sibi
2286 1553 2386 1622 ipsi
2421 1553 2600 1622 primo
2631 1562 2684 1605 et
2705 1552 2805 1606 soli
2847 1551 3072 1605 insidias
3117 1550 3296 1604 struit.
3338 1547 3441 1612 Qui

1876 1656 2055 1701 autem
2099 1645 2320 1702 alterius
2374 1647 2719 1701 securitatem
2775 1644 2985 1708 evertit,
3052 1643 3106 1696 in
3174 1641 3440 1710 serpentis

1877 1755 2119 1794 morsum
2164 1739 2493 1808 prolahetur.
2536 1740 2588 1794 9.
2624 1738 2764 1806 Quin
2805 1739 2851 1793 is
2894 1737 3056 1791 etiam
3107 1735 3198 1805 qui
3236 1733 3442 1803 lapides

1871 1834 2124 1897 extrahit,
2182 1835 2421 1888 laborem
2477 1833 2620 1888 haud
2683 1847 2906 1902 parvum
2951 1830 3208 1893 sutTeret;
3245 1838 3298 1882 ct
3346 1827 3440 1896 qui

1872 1926 2017 1996 ligna
2054 1926 2384 1991 conscindit,
2422 1927 2475 1980 in
2509 1925 2707 1981 suimet
2745 1925 2912 1978 armis
2951 1921 3249 1991 periculum
3284 1919 3436 1974 feret.

1873 2017 1960 2072 10.
1996 2017 2152 2084 Quod
2207 2013 2431 2072 si.fo'rte
2479 2015 2686 2070 securis
2741 2029 2772 2068 e
2821 2013 3108 2067 manubrio
3155 2011 3440 2072 exsilierit,

1871 2107 2283 2164 conturbabitur
2319 2106 2410 2176 qui
2450 2105 2576 2159 huic
2621 2105 2770 2173 operi
2829 2103 3112 2167 incumbit,
3161 2101 3442 2170 haudqua-

1871 2217 2033 2270 quam
2071 2200 2246 2253 fanste
2270 2208 2640 2267 comportans,
2675 2211 2912 2265 suasque
2945 2195 3174 2262 injustas
3198 2202 3250 2246 et
3290 2191 3438 2246 brevi

1871 2295 2142 2363 perituras
2164 2293 2306 2347 vires
2337 2292 2443 2361 ipsi
2475 2291 2773 2361 adaugens.
2818 2289 2904 2342 ll.
2933 2286 3030 2341 Est
3063 2302 3190 2340 vero
3222 2299 3438 2338 morsus

1871 2387 2138 2456 serpentis
2189 2384 2424 2440 furtivus
2479 2400 2542 2438 ac
2576 2382 2984 2438 clandestinus:
3015 2389 3068 2434 et
3095 2378 3230 2432 nihil
3257 2377 3437 2432 solatii

1871 2473 2097 2529 afferent
2125 2475 2523 2537 iucantatores;
2544 2473 2666 2525 vani
2690 2471 2831 2525 enim
2857 2481 3000 2525 sunt.
3038 2469 3124 2523 12.
3149 2467 3437 2521 Enimvero

1871 2565 2046 2620 bonus
2086 2563 2185 2628 vir,
2223 2573 2336 2618 tum
2378 2564 2501 2625 sibi,
2537 2572 2648 2616 tum
2682 2562 2946 2631 proximis
2976 2561 3118 2615 bona
3147 2565 3431 2628 operatur:

1873 2659 1958 2713 15.
1999 2658 2219 2721 Contra,
2249 2657 2446 2712 stultus
2480 2657 2658 2724 inepta
2697 2670 2794 2708 sua
2819 2653 3145 2723 loquacitate
3177 2651 3230 2704 in
3258 2647 3440 2719 perni-

1871 2751 2006 2805 ciem
2042 2759 2180 2804 ruet.
2226 2749 2310 2802 14.
2351 2748 2487 2803 Cum
2529 2748 2693 2803 semel
2723 2762 2783 2800 os
2823 2746 3116 2814 aperuerit,
3144 2743 3306 2798 stulte
3344 2757 3440 2797 or-

1870 2843 2037 2905 ditur,
2084 2853 2136 2896 ct
2184 2842 2364 2896 statim
2399 2840 2610 2895 dicendi
2671 2839 2831 2891 linem
2876 2835 3026 2900 facit,
3087 2835 3437 2889 stoliditatem

1871 2951 2025 2991 suum
2063 2935 2242 2990 ubivis
2267 2933 2579 2989 ostendens.
2609 2931 2750 2985 Fieri
2776 2939 2956 2985 autem
2983 2929 3206 2982 minime
3238 2936 3435 2997 potest,

1869 3039 1931 3082 ut
1955 3029 2119 3082 homo
2153 3042 2215 3081 ea
2255 3042 2376 3096 qua
2414 3041 2444 3078 a
2477 3023 2738 3094 principio
2769 3022 2992 3077 fuerunt
3020 3030 3114 3075 aut
3138 3031 3320 3089 postea
3351 3019 3437 3071 fu-

1869 3130 1991 3176 tura
2044 3128 2190 3182 sunt,
2248 3126 2538 3186 cognoscat
2586 3125 2638 3169 et
2685 3115 2752 3170 ab
2793 3115 3012 3167 homine
3061 3114 3252 3167 discat.
3301 3112 3437 3175 Quls

1865 3215 2009 3268 enim
2055 3213 2187 3275 erit,
2224 3211 2318 3280 qui
2368 3207 2612 3280 aperiat?
2653 3206 2738 3261 1-5.
2783 3204 2976 3269 l-lomo,
3025 3205 3116 3275 qui
3147 3203 3202 3256 in
3235 3203 3433 3256 bonam

1866 3306 2136 3361 civitatem
2183 3302 2453 3373 proﬁcisei
2499 3300 2710 3363 nescit,
2756 3307 2806 3352 et
2843 3296 3017 3352 oculis
3045 3304 3098 3350 et
3139 3305 3252 3350 toto
3280 3294 3432 3348 vultu

1865 3399 2174 3453 aﬂictatur.
2216 3396 2303 3450 ili.
2336 3393 2471 3448 Huic
2501 3399 2681 3447 autem
2711 3389 2914 3444 civitati
2940 3389 3079 3442 mala
3105 3387 3436 3458 praenuntio,

1865 3491 2021 3560 cujus
2044 3497 2098 3544 et
2139 3504 2236 3543 rex
2267 3487 2583 3541 adolescens
2611 3492 2711 3546 est,
2744 3490 2797 3536 et
2822 3480 3090 3551 principes
3127 3479 3433 3533 helluones.

1870 3582 1956 3639 l7.
1985 3580 2222 3642 Contra,
2276 3579 2472 3633 bonam
2510 3575 2656 3629 illam
2697 3583 2893 3628 terram
2927 3571 3137 3626 beatam
3172 3569 3436 3640 praedico,

1866 3676 2024 3746 cujus
2059 3675 2325 3744 ingenuus
2364 3672 2448 3724 vir
2487 3684 2714 3739 regnum
2760 3675 2934 3721 tenet:
2993 3665 3082 3719 ubi
3115 3665 3436 3734 tempestive

1867 3769 2028 3823 bonis
2070 3766 2346 3830 fruuntur,
2369 3763 2461 3832 qui
2489 3763 2597 3816 illic
2628 3759 2964 3830 praefecturis
2998 3768 3052 3813 et
3078 3757 3435 3828 dignitatibus

1867 3860 2043 3916 ornati
2087 3869 2236 3914 sunt.
2277 3856 2368 3912 18.
2406 3856 2476 3910 At
2511 3855 2661 3924 piger
2692 3863 2744 3907 et
2787 3853 3015 3921 ignavus
3060 3850 3284 3905 domum
3329 3850 3436 3904 mi-

1867 3959 2062 4016 nuunt,
2085 3949 2355 4004 derisores
2393 3955 2447 4002 et
2475 3961 2677 4000 scurrae
2707 3943 2868 3997 facti:
2916 3942 3003 3997 t9.
3049 3951 3213 4012 atque
3255 3941 3320 3996 ad
3352 3941 3436 3994 in-

1867 4042 2101 4114 gluviem
2148 4055 2302 4095 suam
2354 4037 2517 4091 rebus
2549 4035 2806 4089 omnibus
2855 4033 3158 4096 abutentes,
3205 4037 3434 4100 argento

1867 4133 2140 4195 ductilcs,
2201 4130 2380 4200 exigui
2433 4127 2590 4197 pretii
2628 4142 2793 4181 causa
2851 4127 3081 4196 turpiter
3125 4134 3179 4180 et
3228 4123 3436 4192 abiecte

1867 4224 2082 4295 quidvis
2111 4222 2288 4277 facere
2318 4221 2669 4276 sustinentes.
2705 4218 2794 4272 20.
2829 4216 2961 4287 Regi
2990 4228 3168 4271 autem
3214 4225 3266 4269 et
3299 4230 3436 4284 pra:-

1870 4316 2026 4371 fectis
2058 4324 2149 4368 aut
2179 4312 2498 4383 proceribus
2537 4310 2846 4364 audientem
2894 4324 3016 4364 esse
3058 4307 3331 4372 convenit,
3371 4321 3438 4361 ac

1836 4410 1839 4414 ’
1869 4423 1974 4461 non
2007 4406 2140 4476 ipsis
2170 4404 2221 4459 in
2257 4403 2518 4459 oﬂensam
2551 4402 2753 4468 venire,
2790 4416 2888 4456 nec
2926 4401 3216 4455 molestum
3264 4399 3433 4453 ullum

181 4507 278 4559 καὶ
321 4505 619 4578 ὑπόπτεροι
668 4508 883 4561 ἅπαντα
932 4508 1326 4580 διακομίζουσι,
1391 4507 1765 4578 πνευματικὴν

1870 4498 2095 4554 verbum
2123 4498 2175 4551 in
2208 4511 2303 4551 eos
2328 4496 2610 4566 projicere.
2636 4494 2944 4550 Periculum
2977 4492 3124 4547 enim
3153 4501 3257 4558 est,
3281 4505 3349 4545 ne
3382 4491 3436 4544 id

178 4599 322 4669 ὁμοῦ
356 4599 452 4651 καὶ
470 4598 691 4670 λογικὴν
715 4601 995 4664 τελοῦντες
1026 4603 1346 4673 ὑπηρεσίαν.

1867 4592 2032 4646 etiam
2058 4588 2203 4659 quod
2233 4588 2444 4644 occulte
2461 4602 2522 4642 ac
2543 4587 2765 4643 remotis
2787 4585 3007 4642 arbitris
3027 4584 3230 4638 dictum
3249 4581 3430 4641 fuerit.

181 4692 235 4746 in
260 4693 440 4748 lucem
473 4693 612 4750 forte
630 4696 828 4751 veniat.
855 4695 1066 4752 Etenim
1091 4698 1190 4752 soli
1223 4710 1276 4752 et
1299 4698 1449 4752 diviti
1486 4706 1539 4751 et
1560 4710 1755 4766 magno
1780 4689 1888 4760 regi
1931 4684 2105 4740 nuntii
2154 4683 2357 4740 celeres
2391 4692 2446 4737 et
2509 4683 2728 4750 pennati
2763 4680 2948 4736 omnia
2985 4677 3285 4749 perferunt,
3323 4676 3432 4744 spi-

180 4788 332 4844 ritali
368 4789 532 4843 simul
565 4797 618 4844 et
654 4790 908 4844 rationali
941 4791 1247 4846 ministerio
1279 4790 1584 4860 fungentes.

783 4886 1034 4941 ΚΕΦΑΛ.
1066 4886 1166 4937 IA'.

250 4977 552 5032 Κοινωνεῖν
573 4993 638 5044 γε
673 4976 777 5048 μὴν
803 4978 966 5047 ἄρτου
988 4977 1200 5030 καὶτῶν
1217 4977 1546 5044 ἀναγκαίων,
1568 4977 1602 5030 ἀ
1625 4974 1760 5047 πρὸς

178 5069 272 5122 τὸν
321 5067 437 5138 βίον
477 5067 801 5139 ἀνθρώποις,
848 5069 1072 5122 δίκαιον.
1107 5070 1168 5121 Εἰ
1197 5069 1304 5140 γὰρ
1326 5070 1418 5122 καὶ
1452 5069 1758 5140 παραυτίκα

176 5162 290 5214 τισὶ
318 5158 494 5223 δόξεις
521 5158 832 5222 ἀπολλύναι,
863 5158 1050 5231 ὥσπερ
1089 5159 1238 5212 ὑδατι
1271 5160 1362 5212 τὸν
1390 5159 1553 5231 ἄρτον
1587 5176 1761 5231 παρα-

177 5251 359 5314 διδοὺς
385 5290 402 5315 ,
429 5250 545 5302 ἀλλ’
571 5245 663 5303 οὖν
686 5251 964 5321 προϊόντος
992 5251 1084 5304 τοῦ
1115 5252 1328 5323 χρόνου,
1366 5253 1464 5305 οὑκ
1505 5252 1759 5322 ἀνόνητός

181 5363 267 5400 σοι
298 5348 550 5416 φανεῖται
575 5347 609 5417 ὴ
638 5346 1032 5416 φιλανθρωπία.
1073 5349 1225 5400 Δίδου
1265 5347 1321 5400 δὲ
1359 5347 1592 5418 ἀφειδῶς
1621 5393 1632 5411 ,
1667 5349 1760 5401 καὶ

183 5437 381 5510 μέριξε
423 5438 492 5491 τὰ
537 5438 734 5492 σαυτοῦ
786 5439 1062 5492 πλείοσιν·
1112 5441 1172 5492 οὑ
1216 5439 1325 5511 γὰρ
1375 5440 1662 5493 ἐπίστασαι
1708 5439 1759 5491 τί

179 5546 317 5582 ποτε
349 5528 632 5600 ήέπιοῦσα
670 5530 923 5601 ἐποὴσεν
954 5531 1155 5602 ἡμέρα.
1204 5532 1508 5602 Κατέχουσι
1545 5531 1602 5584 δὲ
1642 5529 1761 5583 οὑδέ

181 5621 406 5691 νεφέλαι
430 5620 522 5676 τὸν
551 5623 760 5676 ἑαυτῶν
793 5623 957 5677 πολὺν
987 5623 1158 5686 ὑετὸν,
1177 5624 1312 5679 ἀλλὰ
1337 5625 1426 5679 τὸν
1448 5625 1649 5697 ὄμϐρον
1671 5629 1762 5681 ἐπὶ

255 5779 373 5852 (26)
416 5784 463 5834 Σ
467 5783 690 5839 telam}.
722 5783 890 5844 Codd.
916 5801 1026 5858 reg.
1055 5785 1336 5851 ctMedic.,
1363 5783 1659 5857 στελέχους.
1681 5789 1809 5846 Duc.

2468 4867 2694 4923 CAPUT
2735 4867 2824 4920 XI.

1940 4966 1990 5019 1.
2031 4962 2245 5019 Iustum
2285 4971 2369 5016 est
2402 4971 2582 5015 autem
2616 4960 2794 5029 egenti
2819 4974 3036 5028 panem,
3067 4966 3120 5011 et
3139 4972 3200 5011 ea
3223 4970 3345 5024 qua:
3367 4953 3434 5007 ad

1865 5056 2030 5109 vitam
2067 5053 2320 5108 tuendam
2351 5051 2655 5105 necessaria
2684 5061 2834 5116 sunt,
2861 5047 3147 5118 impertiri.
3175 5045 3436 5113 Quamvis

1861 5148 2005 5202 enim
2027 5145 2079 5200 id
2099 5145 2280 5199 statim
2300 5142 2600 5213 perdidisse
2616 5141 2941 5210 quibusdam
2966 5140 3221 5202 videaris,
3245 5153 3438 5208 quem~

1861 5237 2154 5293 admodum
2187 5236 2232 5291 si
2266 5250 2460 5305 panem
2507 5234 2558 5287 in
2610 5247 2808 5302 aquam
2847 5231 3215 5301 conjecisses;
3253 5239 3436 5283 tamen

1864 5345 2155 5401 progressu
2209 5327 2473 5396 temporis
2528 5340 2872 5394 nequaquam
2913 5321 3285 5391 intrugiferam
3337 5319 3436 5373 tibi

1863 5423 2035 5478 fuisse
2065 5420 2475 5476 beneﬁcentiam
2510 5417 2832 5487 comperies.
2867 5417 2922 5471 2.
2967 5415 3107 5481 Quin
3142 5413 3437 5468 liberaliter

1867 5527 2084 5585 quoque
2113 5511 2362 5583 elargire,
2393 5511 2749 5580 pluribusque
2773 5520 2895 5563 tuas
2915 5507 3193 5562 facultates
3221 5505 3434 5560 divide:

1870 5625 1978 5665 non
2009 5605 2152 5664 (nim
2177 5607 2275 5662 tibi
2299 5615 2488 5661 notum
2522 5613 2626 5672 est,
2657 5603 2787 5675 quid
2821 5603 3034 5671 tandem
3067 5608 3285 5670 postera
3322 5598 3436 5654 dies
