3862 6494
471 311 610 368 1015
1638 307 1718 364 S..
1741 306 1996 365 GREGOI

2184 303 2620 362 [AUMATURGI
3581 301 3709 356 1016

463 426 681 484 eﬂiciet.
729 425 782 480 5.
816 421 954 480 Nam
991 439 1166 494 neque
1195 423 1368 480 nubes
1413 422 1692 494 copiosam
1729 408 1882 478 suam
1915 425 1988 493 plt

2184 425 2242 494 ἦν
2265 423 2458 492 ἀφιᾶσι
2481 438 2495 453 ·
2531 423 2626 476 καὶ
2643 420 2766 474 οὐδὲ
2791 420 3007 492 δένδρον
3031 419 3112 482 είς
3139 418 3228 472 ἀεὶ
3264 417 3500 488 ἕστηκεν
3523 455 3538 479 ,
3584 415 3709 469 ἀλλὰ

464 521 610 575 viam
641 519 897 582 retinent,
929 517 1022 575 sed
1056 517 1286 572 imbrem
1315 517 1369 572 in
1403 526 1604 572 terram
1643 517 1910 574 fundunt:
1941 535 1989 573 tu

2182 513 2245 568 ἂν
2271 513 2464 586 ἄνδρες
2487 513 2654 568 αὑτοῦ
2685 513 2978 582 φείσωνται
3003 551 3018 578 ,
3045 511 3230 582 ἀνέμῳ
3255 510 3386 580 γοῦν
3401 511 3707 580 ἀνατραπή-

469 614 635 668 arbor
670 621 930 683 perpetuo
968 618 1109 674 stat,
1143 624 1335 663 verum
1381 609 1544 664 etiam
1590 611 1634 664 si
1683 611 1932 667 homines
1989 634 1994 660 ι

2178 622 2311 657 εται.
2360 603 2554 657 Πολλοὶ
2588 603 2646 656 δὲ
2687 602 2963 673 βούλονται
3007 602 3101 655 καὶ
3137 600 3204 656 τὰ
3251 602 3316 654 ὲκ
3343 599 3440 654 τοῦ
3487 597 3703 670 οὐρανοῦ

465 704 830 774 pepercerim,
851 719 881 757 a
903 711 1061 757 vento
1083 709 1232 758 certe
1259 702 1612 756 convellctur.
1643 703 1696 756 4.
1720 701 1838 756 Jam
1859 703 1990 758 mult

2178 695 2376 765 σόμενα
2412 693 2826 766 προγινώσκειν,
2862 691 2953 746 καί
2975 709 3056 756 τις
3081 691 3161 755 εἷς
3209 707 3270 744 τε
3303 690 3533 760 νεφέλας
3580 689 3703 756 ἀφο-

467 813 590 866 ιιυω
621 813 651 850 a
691 795 830 852 ccelo
855 803 1116 851 eventura
1149 793 1292 858 sint,
1331 794 1584 862 prmscire
1615 794 1891 862 gestiunt;
1939 811 1992 850 ne

2180 784 2271 848 ὧν,
2301 786 2394 838 καὶ
2418 784 2722 856 περιμένων
2741 784 2959 854 ἄνεμον,
2987 783 3198 852 ἀμήτου
3222 781 3255 852 ἢ
3289 777 3556 851 λικμητοῦ
3583 779 3705 832 ἁπέ-

467 889 642 954 deest,
678 887 770 958 qui
794 888 846 941 in
879 887 1050 942 nubes
1083 887 1305 938 intuens
1333 895 1666 955 ventumque
1691 895 1992 956 exspectati:

2178 893 2320 946 χετο,
2339 877 2432 928 ἐπὶ
2457 875 2644 947 μηδενὶ
2661 874 3046 944 πεπεισμένος,
3073 873 3206 945 μηδὲ
3228 873 3515 942 γινώσκων
3537 869 3703 924 ’τὶ-τῶν

467 996 496 1032 a
535 993 708 1033 messe
732 985 826 1032 aut
855 977 1202 1034 ventilatione
1230 977 1584 1042 abstinuerit,
1627 992 1686 1031 re
1717 976 1865 1031 inani
1901 993 1992 1032 con

2176 983 2204 1019 κ
2239 966 2372 1021 Θεοῦ
2413 968 2686 1038 ἐσομένων
2708 985 2721 997 ⁸
2769 966 2958 1038 ὥσπερ
2985 965 3104 1018 οὐδὲ
3149 960 3264 1018 οἷον
3293 967 3324 1036 ἡ
3371 961 3701 1034 κυοφοροῦσα

466 1072 601 1125 fisus
645 1079 699 1124 et
731 1085 1067 1139 persuasus;
1119 1071 1173 1124 5.
1218 1085 1319 1125 nec
1364 1084 1555 1124 eorum
1603 1083 1724 1139 qua:
1776 1067 1991 1124 divinitt

2176 1057 2371 1125 έξεται.
2403 1059 2640 1133 Σπείρας
2659 1058 2716 1112 δὲ
2750 1059 2808 1111 ἐν
2833 1057 3010 1130 καιρῷ
3030 1097 3046 1122 ,
3081 1057 3374 1128 συγκόμιζε
3415 1055 3541 1118 τοὺς
3579 1070 3701 1124 καρ-

466 1161 648 1216 futura
679 1171 827 1226 sunt,
857 1161 1154 1230 quidquam
1183 1175 1554 1231 cognoscens;
1578 1161 1991 1228 quemadmodu:

2172 1152 2296 1215 :obg,
2325 1151 2472 1204 ὁπότ’
2514 1151 2579 1205 ἂν
2623 1150 2813 1204 τούτου
2855 1150 3043 1221 καιρὸς
3091 1151 3285 1219 ἐνστῇ·
3327 1147 3524 1219 ἄδηλον
3571 1149 3697 1218 γὰρ,

467 1269 568 1306 nec
596 1252 727 1322 quid
762 1252 957 1306 mulier
987 1267 1272 1322 praegnans
1296 1252 1536 1322 paritura
1567 1252 1657 1306 sit.
1699 1253 1752 1306 6.
1787 1250 1922 1306 Cum
1946 1267 1992 1306 at

2174 1245 2294 1295 ποῖα
2325 1241 2504 1295 αὐτῶν
2551 1241 2702 1294 ἔσται
2733 1239 2942 1311 ἀμείνω
2979 1239 3088 1292 τῶν
3117 1239 3377 1308 φυέντων.
3408 1238 3448 1290 Γ
3454 1237 3628 1290 ένοιτο
3655 1237 3699 1290 δὲ

465 1354 576 1398 tem
621 1352 918 1399 sementem
953 1345 1272 1414 tempestive
1303 1343 1498 1399 feceris
1522 1385 1536 1411 ,
1586 1341 1796 1399 fructus
1845 1345 1990 1416 eollig

2172 1353 2352 1390 παντα
2377 1339 2460 1400 εἰς
2485 1335 2701 1404 ἀγαθόν.
2731 1333 3090 1404 Λογιζόμενος
3113 1333 3170 1386 δέ
3191 1349 3293 1396 τις,
3317 1333 3393 1394 ὡς
3421 1330 3590 1393 καλὸς
3617 1329 3697 1400 μὲν

466 1442 629 1504 atque
667 1443 947 1503 comporla
968 1476 983 1502 ,
1017 1449 1140 1489 cum
1173 1435 1336 1504 hujus
1367 1435 1444 1490 rei
1469 1445 1683 1505 tempus
1715 1435 1991 1490 advenerit

2197 1428 2366 1498 ἣλιος,
2391 1426 2522 1498 ἡδὺς
2537 1425 2594 1478 δὲ
2619 1419 2776 1488 οὗτος
2806 1427 2834 1478 ὁ
2874 1425 3007 1496 βίος,
3048 1423 3252 1493 ἀγαθὸν
3279 1423 3336 1475 δὲ
3377 1423 3474 1476 καὶ
3523 1423 3584 1474 τὺ
3619 1438 3699 1472 πο-

467 1525 732 1582 incertum
772 1533 856 1578 est
899 1525 1044 1579 enim
1129 1541 1398 1596 quaenam,
1416 1541 1484 1581 ex
1535 1528 1617 1581 his
1660 1543 1781 1596 quae
1823 1527 1992 1583 consil

2173 1517 2413 1590 υχρόνιον
2435 1516 2689 1587 γενέσθαι
2711 1515 2998 1580 διαπαντὸς
3021 1513 3444 1586 εὐφραινόμενον
3467 1552 3486 1578 ,
3522 1513 3619 1566 καὶ
3639 1511 3698 1574 ὡς

467 1623 615 1680 sunt,
650 1615 874 1669 meliora
912 1615 1094 1671 futura
1117 1617 1246 1671 sint.
1279 1615 1499 1672 Utinam
1533 1617 1717 1671 omnia
1747 1617 1882 1672 bene
1912 1632 1992 1673 sut

2172 1609 2366 1682 065pr
2387 1611 2416 1663 ὁ
2443 1607 2691 1672 θάνατος,
2711 1609 2804 1662 καὶ
2831 1608 3000 1662 ἀΐδιον
3025 1607 3211 1666 κακὸν.
3241 1607 3334 1660 καὶ
3355 1608 3434 1668 εἰς
3464 1607 3526 1658 τὸ
3549 1605 3697 1676 μηδὲν

468 1709 679 1762 cedant.
714 1709 767 1762 7.
801 1709 867 1762 At
903 1709 1182 1764 enimvero
1213 1725 1337 1765 cum
1367 1710 1636 1780 quispiam
1670 1709 1852 1764 animo
1879 1725 1993 1780 rept

2173 1717 2304 1768 γων,
2339 1698 2507 1753 οἴεται
2533 1699 2750 1771 χρῆναι,
2785 1699 3000 1752 πάντων
3024 1699 3122 1769 μὲν
3137 1696 3426 1752 ἀπολαύειν
3441 1697 3552 1750 τῶν
3572 1713 3697 1766 παρ-

467 1807 564 1864 tut,
599 1799 741 1870 quod
781 1811 834 1854 et
862 1801 944 1857 sol
973 1801 1215 1870 pulcher,
1253 1813 1306 1856 et
1338 1802 1523 1857 suavis
1547 1802 1659 1855 haec
1690 1803 1819 1865 vita,
1853 1811 1905 1857 et
1938 1803 1992 1857 bc

2170 1809 2304 1846 ντων
2360 1792 2451 1846 καὶ
2501 1791 2800 1845 δοκούντων
2872 1791 3062 1862 ἡδέων.
3113 1789 3478 1861 Συμὸουλεύει
3519 1789 3578 1842 δὲ
3619 1789 3695 1842 καὶ

466 1909 596 1948 num
664 1891 823 1963 longa
885 1900 1136 1962 tempora
1200 1894 1256 1948 in
1325 1891 1596 1962 perpetuis
1672 1894 1991 1962 voluptatibt

2168 1888 2248 1948 οῖς
2281 1884 2439 1952 νέοις,
2473 1887 2539 1956 τῇ
2562 1884 2767 1937 ἑαυτῶν
2797 1883 2916 1954 ὥρᾳ
2947 1882 3320 1954 καταχρῆσθαι
3361 1881 3596 1944 ἀνέντας
3611 1881 3693 1942 τὰς

465 1989 679 2058 explere
705 2007 719 2056 ;
751 1989 804 2044 8.
849 1997 904 2044 et
933 2005 1020 2045 res
1052 1988 1324 2043 horrenda
1352 2003 1517 2050 mors,
1547 1986 1862 2056 malumque
1893 2003 1990 2043 sen

2166 1974 2342 2030 αυτῶν
2362 1974 2538 2046 ψυχὰς
2565 1977 2646 2038 εἰς
2675 1976 2854 2028 πᾶσαν
2883 1975 3097 2047 ἡδονὴν,
3135 1975 3228 2028 καὶ
3255 1973 3582 2045 χαρίζεσθαι
3611 1973 3691 2042 μὲν

463 2080 760 2148 piternuin,
790 2089 952 2150 atque
987 2080 1041 2134 in
1073 2079 1304 2134 nihilum
1326 2079 1563 2134 ducens:
1599 2076 1906 2133 faciendum
1931 2078 1988 2134 sil

2166 2066 2482 2137 πιθυμίαις,
2527 2067 2788 2136 πράττειν
2833 2065 2892 2120 δὲ
2934 2065 3004 2120 τὰ
3049 2067 3234 2129 αὐτοῖς
3277 2064 3568 2126 δοκοῦντα,
3615 2061 3690 2116 καὶ

463 2179 665 2236 censet,
695 2180 754 2225 ut
788 2172 1148 2240 praesentibus
1176 2173 1299 2226 vita:
1328 2170 1655 2234 commodis,
1689 2170 1988 2240 speciemqu

2164 2159 2350 2212 Aémw
2380 2159 2448 2212 τὰ
2474 2158 2761 2229 τέρποντα,
2783 2159 2878 2211 καὶ
2893 2157 3324 2230 ἀποστρέφεσθαι
3347 2157 3420 2211 τὰ
3444 2157 3522 2228 μὴ
3543 2156 3689 2218 οὕτως

456 2259 812 2330 jucunditatis
843 2263 1169 2318 habentibus
1197 2260 1528 2331 perfruatur.
1569 2261 1624 2316 9.
1661 2261 1838 2330 Atque
1865 2265 1981 2316 etlal

2165 2268 2348 2322 χοντα.
2395 2251 2540 2323 Πρὸς
2573 2251 2632 2305 ὂν
2665 2251 2916 2306 τοσοῦτον
2957 2250 3128 2317 λέξω·
3171 2252 3291 2304 Ὅτι
3329 2249 3687 2321 ἀνοηταίνεις.

457 2350 684 2420 juvenes
714 2353 991 2418 admonet,
1027 2361 1085 2407 ut
1117 2353 1290 2407 aetatis
1315 2352 1446 2406 ﬂore
1472 2353 1785 2417 abutantur,
1817 2350 1982 2404 anim:

2164 2341 2179 2395 i
2227 2339 2416 2408 οὗτος,
2461 2342 2536 2413 μὴ
2584 2342 2896 2415 προσδοκῶν
2924 2342 3021 2413 τὴν
3048 2340 3132 2410 ἐφ’
3174 2341 3344 2394 ἅπασι
3397 2341 3606 2402 τούτοις
3637 2339 3689 2390 ὲκ

460 2453 591 2495 suas
615 2442 671 2495 in
695 2455 912 2496 omnem
939 2443 1272 2512 voluptatem
1304 2443 1572 2506 laxantes,
1613 2439 1985 2511 cupiditatibus

2163 2436 2267 2490 laoﬁ
2307 2437 2486 2507 κρίσιν
2513 2433 2799 2504 ἐσομένην.
2823 2433 3065 2505 Πονηρὸν
3096 2433 3152 2486 δὲ
3180 2431 3392 2486 ἀσωτία
3429 2430 3528 2484 καὶ
3553 2429 3688 2481 ἀσέλ-

459 2545 569 2599 que
595 2533 1002 2601 obsequantur;
1028 2545 1080 2588 et
1101 2549 1222 2602 quae
1243 2533 1376 2601 ipsis
1405 2533 1520 2587 visa
1557 2531 1778 2598 fuerint,
1795 2531 1984 2586 faciant

2159 2546 2278 2592 'sta,
2319 2527 2414 2582 καὶ
2439 2525 2660 2598 ῥυπαρὰ
2678 2524 3239 2597 σωμάτωνήμετέρων
3256 2523 3416 2596 ὕϐρις
3445 2521 3684 2593 ὀλέθριος.

458 2634 512 2676 et
537 2638 658 2690 quae
700 2624 1114 2680 oblectationem
1156 2623 1422 2686 aﬂ‘erunt,
1481 2633 1754 2694 spectent;
1811 2631 1865 2678 et
1907 2639 1980 2692 qu

2162 2617 2362 2692 ἔεὸτητι
2398 2620 2497 2691 μὲν
2524 2621 2634 2690 γὰρ
2665 2619 2819 2674 ἄνοια
2853 2618 3158 2690 παρέπεται
3175 2634 3189 2649 ·
3217 2618 3375 2672 ἄνοια
3401 2615 3462 2670 δὲ
3487 2615 3604 2684 ἄγει
3621 2613 3687 2673 εἰς

367 2742 382 2759 .
459 2710 618 2764 aliter
649 2727 708 2768 se
742 2713 962 2780 habent,
995 2721 1338 2768 aversentur.
1379 2711 1462 2766 Ad
1495 2727 1656 2781 quem
1687 2712 1794 2766 hoc
1813 2719 2024 2764 tantum
2131 2713 2372 2784 ὄλεθρον.

458 2799 721 2856 dixerim:
758 2801 843 2854 lt).
871 2801 1070 2856 Parum
1105 2816 1252 2857 sana:
1295 2802 1491 2856 mentis
1523 2817 1604 2866 es.
1634 2817 1668 2856 ο
1701 2801 1886 2868 homo,
1920 2801 2012 2871 qui
2053 2801 2147 2857 Dei
2191 2803 2454 2874 judicium
2527 2805 2642 2856 haec
2704 2799 2888 2855 omnia
2931 2799 3332 2855 vindicaturum
3371 2814 3484 2855 non
3516 2810 3688 2863 exspe-

459 2905 596 2950 ctas.
627 2893 730 2949 Sed
769 2903 823 2948 et
851 2892 1112 2964 ﬂagitiosa
1174 2903 1258 2948 est
1307 2893 1657 2958 comessatio,
1701 2901 1757 2948 et
1797 2892 1986 2960 libido,
2031 2901 2087 2948 et
2119 2893 2332 2963 impura
2364 2907 2656 2962 corporum
2691 2898 3005 2946 nostrorum
3061 2890 3390 2946 contumelia
3427 2889 3683 2960 pestilens.

457 2989 762 3046 Juventutis
787 2992 932 3046 enim
957 2989 1158 3044 assecla
1183 2998 1266 3043 est
1294 2989 1522 3042 stultitia
1548 3004 1562 3039 :
1589 2987 1816 3042 stultitia
1837 2995 2016 3042 autem
2034 2987 2101 3042 ad
2139 2987 2368 3044 exitium
2403 2987 2576 3043 ducit.

1053 3075 1282 3133 CAPUT
1329 3076 1446 3132 XII.

2725 3079 2973 3133 ΚΕΦΑΛ.
3005 3078 3074 3132 ΙΒ
3092 3115 3107 3131 .

529 3174 584 3228 1.
623 3171 816 3243 Operae
837 3171 1070 3242 pretium
1099 3181 1279 3226 autem
1309 3181 1412 3239 est,
1443 3173 1571 3227 dum
1599 3172 1830 3241 juvenili
1851 3173 2028 3230 adhuc

2201 3165 2320 3238 Χρὴ
2349 3167 2404 3220 δὲ
2443 3166 2522 3220 ἔτι
2553 3167 2670 3222 νέον
2703 3167 2830 3222 ὄντα
2860 3169 3140 3238 φοϐεῖσθαι
3165 3167 3322 3232 Θεὸν,
3355 3169 3480 3240 πρὶν
3511 3167 3541 3238 ῆ
3569 3168 3685 3219 ἑαυ-

459 3275 616 3320 :etate
643 3265 834 3327 ﬂores,
875 3262 969 3316 Dei
1010 3263 1206 3318 timore
1235 3263 1392 3329 aﬂici,
1421 3265 1745 3332 priusquam
1781 3264 1942 3320 malis
1977 3275 1984 3318 ι

2162 3258 2218 3310 ὸν
2241 3257 2572 3330 παραδοῦναι
2601 3263 2814 3324 κακοῖς,
2853 3261 2982 3331 πρὶν
3007 3259 3179 3312 ἐλθεῖν
3201 3259 3301 3330 τὴν
3327 3259 3422 3312 τοῦ
3443 3257 3565 3312 Θεοῦ
3597 3275 3685 3326 με-

459 3357 636 3427 ipsum
691 3355 892 3421 tradas,
943 3354 1256 3424 priusquam
1288 3355 1470 3409 veniat
1505 3355 1621 3409 dies
1665 3353 1882 3410 Domini
1910 3371 1984 3410 mt

2162 3350 2298 3421 ’άλην
2315 3351 2524 3422 ἡμέραν
2557 3352 2650 3404 καὶ
2676 3351 2911 3424 φοϐερὰν
2935 3396 2948 3418 ,
2985 3353 3145 3406 ὁπότε
3178 3352 3329 3422 ἥλιος
3381 3353 3484 3422 μὲν
3513 3352 3687 3406 οὐκέτι

459 3463 598 3518 guns
629 3457 684 3502 et
712 3445 1051 3512 horrendus;
1100 3447 1154 3501 2.
1205 3462 1328 3501 cum
1358 3446 1469 3516 jam
1509 3463 1610 3502 nec
1649 3449 1732 3502 sol
1771 3447 1984 3514 splendc

2162 3443 2350 3514 ἁμψει,
2377 3445 2495 3497 οὐδὲ
2530 3444 2746 3516 σελήνη,
2775 3445 2894 3498 οὐδὲ
2915 3447 2962 3498 οἱ
2991 3445 3166 3498 λοιποὶ
3196 3444 3448 3516 ἀστέρες,
3479 3445 3687 3516 κινηθή-

457 3555 573 3594 rem
603 3540 743 3603 edet,
775 3554 873 3593 nec
919 3539 1068 3602 luna,
1111 3553 1212 3592 nec
1247 3539 1458 3608 reliqua
1496 3539 1707 3593 sidera:
1737 3540 1792 3595 5.
1835 3555 1982 3596 veru]

2161 3553 2312 3590 ονται
2339 3537 2395 3590 δὲ
2421 3539 2475 3590 αἱ
2505 3537 2799 3610 ὑπέρτεραι
2825 3538 3116 3608 δυνάμεις,
3149 3539 3206 3590 ὲν
3237 3539 3438 3609 ἐκεινῳ
3473 3539 3552 3610 τῷ
3593 3538 3685 3590 τῶν

459 3645 710 3698 superate
747 3631 973 3683 virtutes
1003 3629 1056 3683 in
1083 3630 1173 3684 illa
1203 3645 1387 3685 rerum
1428 3632 1674 3685 omnium
1705 3640 1984 3702 tempesta!

2156 3629 2258 3683 λων
2293 3629 2518 3699 χειμῶνι
2541 3631 2634 3684 καὶ
2657 3631 2898 3702 ταράχῳ,
2931 3632 2980 3683 οἱ
3010 3629 3426 3700 κοσμοιρύλακες
3457 3629 3681 3700 ἄγγελοι·

457 3727 622 3786 atque
666 3719 898 3773 tumultu
931 3719 1296 3776 movebuntur
1317 3762 1332 3786 ,
1389 3723 1492 3776 hoe
1523 3733 1626 3788 est,
1669 3724 1844 3793 angeli
1875 3725 1982 3778 0er

2162 3737 2196 3782 ις
2222 3720 2532 3776 παύσασθαι
2582 3723 2679 3792 μὲν
2713 3722 2909 3794 ἄνδρας
2947 3722 3210 3785 δυνάστας
3233 3760 3248 3786 ,
3295 3722 3606 3776 παύσασθαι
3637 3720 3687 3773 δὲ

459 3811 748 3876 custodes;
786 3809 842 3864 4.
881 3821 1016 3864 utet
1069 3811 1172 3866 viri
1216 3821 1576 3881 praepotentes
1612 3815 1984 3884 conquiescam

2161 3811 2216 3863 al.
2259 3817 2517 3881 γυναῖκας
2555 3815 2924 3886 ἐργαζομένας
2947 3854 2962 3876 ,
2992 3813 3299 3882 φευγούσας
3346 3815 3430 3878 εἰς
3475 3815 3544 3868 τὰ
3579 3831 3686 3866 σκο-

457 3911 512 3956 et
555 3901 807 3958 mulieres
829 3903 1088 3972 operandi
1121 3905 1281 3957 finem
1306 3901 1532 3971 faciant,
1575 3903 1628 3959 5.
1670 3905 1724 3960 in
1761 3907 1982 3962 obscura

2162 3903 2270 3958 εινὰ
2293 3903 2402 3958 τῶν
2432 3905 2766 3976 οἰκημάτων,
2791 3904 3188 3974 κεκλεισμένων
3211 3904 3439 3958 ἁπασῶν
3467 3905 3572 3958 τῶν
3605 3903 3687 3956 θν-

455 4003 510 4050 et
546 3994 871 4064 caliginosas
897 3995 1091 4049 aedium
1125 4007 1305 4064 partes
1337 3994 1641 4066 fugientes,
1675 3995 1861 4066 januis
1898 4012 1980 4052 om

2166 3996 2265 4050 ὦν·
2305 3997 2400 4050 καί
2439 4015 2523 4060 τις
2554 3999 2692 4068 γυνὴ
2727 3997 2820 4050 τοῦ
2877 3996 3096 4068 ἁλήθειν
3137 3997 3490 4068 ἀποσχομένη
3513 3997 3598 4050 διὰ
3637 3995 3691 4048 τὸ

457 4085 620 4140 nibus
646 4087 880 4141 clausis:
926 4102 991 4142 ac
1039 4088 1233 4142 mulier
1273 4089 1520 4158 quaedam
1546 4131 1560 4155 ,
1607 4092 1766 4148 mola:
1799 4107 1982 4163 operat

2162 4088 2255 4152 Ξος,
2307 4091 2588 4163 ἰσχνοτάτῃ
2632 4093 2782 4161 φωνῇ
2828 4090 3088 4162 χρήσεται
3145 4091 3335 4160 ὥσπερ
3369 4089 3687 4142 λεπτότατον

455 4177 588 4230 dare
616 4177 686 4231 ob
714 4187 916 4231 metum
949 4179 1203 4234 desinens
1223 4221 1238 4246 ,
1294 4182 1516 4251 perexili
1544 4183 1697 4246 voce,
1739 4183 1912 4239 instar
1941 4195 1980 4239 It

2166 4198 2332 4234 :vsow
2367 4182 2574 4236 ἅπασαι
2598 4181 2653 4235 δὲ
2675 4182 2894 4250 ἄναγνοι
2920 4185 3176 4252 γυναῖκες
3218 4184 3298 4245 εἰς
3334 4181 3442 4253 γῆν
3475 4181 3691 4235 πεσοῦν-

453 4269 736 4324 nuissimte
785 4270 1030 4334 aviculae,
1073 4279 1291 4339 utetur;
1339 4283 1504 4344 atque
1563 4291 1754 4332 omnes
1797 4277 1978 4331 nefari:

2165 4294 2226 4342 ιι,
2254 4277 2349 4331 καὶ
2375 4277 2556 4342 πόλεις
2581 4277 2676 4331 καὶ
2701 4279 2758 4330 αἱ
2781 4276 2984 4330 τούτων
3015 4276 3180 4348 ἀρχαὶ
3209 4277 3264 4328 αἱ
3293 4276 3594 4347 μιαιφόνοι,

453 4360 710 4414 mulieres
741 4361 796 4414 in
833 4368 1034 4415 terram
1065 4374 1323 4419 corruent
1346 4406 1360 4430 ,
1393 4374 1449 4420 et
1491 4366 1684 4430 urbes,
1734 4377 1790 4422 et
1829 4383 1978 4422 carui

2164 4369 2434 4439 ιμένουσαι
2480 4369 2578 4440 τὴν
2621 4369 2825 4423 ἄνωθεν
2864 4369 3080 4422 κόλασιν
3103 4409 3118 4434 ,
3155 4369 3446 4433 ἐνστάντος
3505 4365 3689 4438 καιροῦ

453 4452 804 4520 magistratus
833 4453 1098 4509 immanes
1117 4464 1172 4510 et
1202 4456 1540 4525 sanguinarii
1563 4473 1860 4527 supernum
1889 4475 1978 4530 sup

2168 4461 2445 4531 ικροτάτου
2467 4461 2559 4514 καὶ
2575 4461 2930 4532 αἱματώδους,
2947 4461 3098 4516 ὥσπε
3105 4478 3136 4532 ρ
3155 4460 3446 4526 ἀνθοῦντος
3461 4461 3693 4532 ἁμυγὸᾱο

451 4543 674 4611 plieium
741 4555 1114 4613 exspectantes
1143 4589 1156 4610 ,
1208 4547 1493 4616 ingruente
1555 4549 1912 4604 acerbissimo
1964 4568 1976 4604 ι

2166 4569 2213 4604 ιν
2229 4553 2324 4606 καὶ
2355 4554 2592 4624 συνεχῶν
2609 4554 2972 4624 ἐπικειμένων
3005 4553 3298 4618 κολάσεων,
3331 4552 3530 4625 ὥσπερ
3561 4553 3691 4622 πλή-

449 4645 676 4689 cruento
709 4645 969 4706 tempore,
1009 4639 1168 4707 quasi
1215 4637 1444 4694 ﬂorente
1481 4642 1763 4711 amygdala
1785 4682 1800 4707 ,
1836 4642 1974 4697 conti

2166 4658 2247 4705 Duc;
2273 4642 2652 4714 ἐφιπταμένων
2674 4643 2930 4714 ἀκρίδων,
2953 4645 3046 4697 καὶ
3064 4643 3304 4696 ἐκποδῶν
3319 4643 3691 4716 ῥιπτουμένων

447 4727 681 4798 nuisqne
697 4729 876 4797 pugnis
905 4729 1367 4797 incumbentibus,
1390 4731 1537 4786 velut
1559 4748 1852 4789 numeroso
1882 4750 1972 4804 qui

2164 4734 2227 4786 ὧν
2261 4735 2608 4807 παρανόμων,
2642 4735 2828 4807 ὥσπερ
2862 4736 3119 4806 μελαίνης
3151 4735 3244 4789 καὶ
3277 4735 3689 4806 εὐκαταφρονή-

446 4818 571 4888 dam
615 4821 918 4874 volantium
963 4821 1298 4876 locustarum
1345 4822 1592 4894 agmine,
1630 4824 1784 4879 aede
1835 4825 1971 4881 medi

2166 4843 2212 4878 >υ
2242 4827 2593 4897 καππὰρεως.
2624 4829 2730 4880 Καὶ
2751 4830 2778 4880 ὁ
2811 4828 2908 4898 μὲν
2937 4827 3139 4896 ἀγαθὸς
3164 4827 3302 4898 ἀνὴρ
3345 4829 3430 4890 εἰς
3475 4826 3691 4880 αἰώνιον

446 4907 632 4977 ejectis
655 4919 706 4962 et
737 4911 966 4967 sublatis
995 4911 1277 4981 ﬂagitiosis
1311 4913 1647 4978 hominibus,
1681 4915 1827 4970 haud
1857 4931 1971 4972 secu

2162 4913 2263 4972 ῖκον
2287 4919 2378 4972 τὸν
2400 4918 2592 4974 ἑαυτοῦ
2623 4920 2827 4992 χαίρων
2853 4919 3176 4992 πορεύσεται
3200 4936 3212 4948 ·
3242 4919 3292 4972 οἱ
3309 4919 3366 4971 δέ
3385 4936 3454 4988 γε
3479 4918 3687 4988 φαῦλοι,

447 5012 510 5053 ac
529 4999 680 5069 nigra
711 5001 945 5068 quadam
961 5001 1276 5070 despicabili
1295 5003 1602 5072 capparide.
1618 5003 1671 5058 6.
1689 5005 1767 5059 Ac
1783 5005 1865 5058 vir
1887 5005 1972 5073 qui

2165 5009 2296 5062 αντα
2332 5008 2400 5062 τὰ
2437 5010 2614 5063 αὐτῶν
2653 5011 2989 5082 έμπλήσουσι
3031 5009 3392 5080 κοπτόμενοι,
3441 5009 3544 5062 καὶ
3575 5006 3690 5062 οὔτε

445 5089 567 5145 dem
603 5093 874 5160 probitate
895 5094 1166 5158 clarus,in
1194 5094 1418 5148 domum
1447 5111 1602 5150 suam
1625 5099 1970 5166 sempiterna:

2163 5101 2374 5174 ργύριον
2414 5102 3015 5174 ἁποτεθησαυρισμένον
3034 5141 3048 5166 ,
3075 5100 3196 5155 οὔτε
3221 5101 3448 5172 χρυσίον
3475 5101 3688 5170 δόκιμον

443 5181 599 5239 laetus
621 5184 1033 5254 proficiscetur:
1073 5187 1306 5255 improbi
1331 5198 1510 5242 autem
1537 5203 1636 5243 sua
1655 5188 1836 5242 omnia
1859 5189 1966 5258 piat

2163 5193 2391 5263 πωφελὲς
2405 5193 2504 5248 ἔτι.
2523 5193 2745 5267 Μεγάλη
2765 5193 2872 5266 γὰρ
2895 5193 3107 5248 ἅπαντα
3117 5192 3332 5256 καθέξει
3351 5192 3546 5265 πληγὴ
3563 5191 3688 5262 ('27),

515 5358 628 5442 (ᾗ)
661 5359 908 5442 Καθέςει
931 5359 1170 5442 ςτξῃτήέ
1196 5362 1276 5442 ita
1297 5373 1611 5420 constanter
1629 5365 2006 5442 coﬂexMedic.

2162 5369 2508 5442 “horrendus;
2551 5377 2604 5422 et
2647 5366 3276 5442 rllrSllS,_1:Eptj.LéVO_UGG.t
3329 5363 3431 5442 τῂν
3485 5363 3687 5442 ᾷνωθεν

444 5437 500 5510 et
528 5430 618 5482 alii
655 5446 790 5484 mss.
822 5431 964 5510 libri.
1000 5429 1110 5486 Nec
1146 5432 1248 5510 fuit
1290 5450 1490 5510 causa,
1521 5451 1627 5510 cur_
1654 5435 1969 5506 UEcolatnpe

2165 5437 2326 5491 ἱλασιν
2353 5429 2635 5500 ὲνστᾶντος
2685 5429 2876 5510 καιροῦ
2926 5429 3252 5506 πικροτάτου
3301 5429 3690 5510 καῖ-αἱματὼ-

441 5497 842 5580 diusverteret,
875 5499 1101 5580 llfagnus
1137 5504 1274 5555 enim
1313 5497 1844 5580 fonsfmagiscnim
1876 5497 2010 5561 con-
2105 5508 2228 5570 δους
2252 5547 2268 5571 ,
2321 5497 2952 5576 supernumsupplicium
2997 5497 3354 5580 eispectautes
3403 5497 3688 5580 ingruente

443 5570 594 5622 venit.
624 5569 738 5624 haec
765 5571 1040 5645 praedictio
1059 5587 1278 5645 magna:
1298 5569 1464 5645 plaga:
1485 5569 1607 5645 cum
1630 5576 1713 5630 his
1735 5591 1856 5645 qua:
1883 5593 2014 5644 prae-
2109 5569 2368 5632 acerrimo
2385 5569 2444 5632 ἐι
2473 5569 2966 5643 cruento'tempore.
3001 5569 3186 5644 Itaque
3213 5579 3326 5631 haec
3346 5591 3414 5630 eo
3453 5569 3688 5628 consilio

444 5643 906 5718 cesserq‘ntnxp‘w
935 5639 1108 5718 ‘slﬂejv
1131 5643 1229 5713 τὴν
1261 5639 1354 5718 τοῦ
1375 5639 1509 5718 Θεοῦ
1538 5639 1778 5718 μεγάλην
1799 5639 1969 5716 ἡμέρα

2158 5661 2396 5713 leuatur,
2443 5649 2586 5718 quod
2639 5639 2927 5718 exponitur
2971 5647 3023 5702 in
3075 5639 3276 5718 Catena
3323 5645 3683 5718 Gregorii-nm:

444 5707 540 5762 καὶ
573 5707 838 5787 φοϐεράν,
876 5707 1196 5782 ρνιιιδᾳῖιῖιηί
1210 5714 1378 5768 veniat
1413 5707 1762 5772 άὲεδύοηιίήὶ
1792 5707 1969 5789 ηὶὶιςίηι

2158 5707 2478 5792 ῐετανόησον’
2506 5721 2632 5790 πρὶν
2689 5707 2988 5789 παρελθεῖν.
3011 5718 3098 5772 τὸν
3135 5717 3246 5790 βίον
3268 5755 3284 5784 ,
3328 5717 3385 5770 ὲν
3419 5709 3470 5786 ᾧ
3501 5715 3566 5770 τὸ
3591 5713 3683 5786 τῆς
