3862 6510
213 343 350 399 10ίῖ

1247 348 1731 408 METAPHRASIS
1764 351 1827 406 ΙΝ
1869 350 2403 409 ECCLESIASTEN.

3299 352 3436 411 l0l8

211 469 308 521 καὶ
338 467 528 536 μέχρις
559 466 746 538 ὑδρίας
776 465 1016 538 ἑστώσης
1035 467 1169 536 πρός
1195 468 1515 540 τινικρήνῃ,
1545 467 1640 520 καὶ
1659 486 1772 540 τρο-

1880 469 2057 524 ctibus
2097 469 2425 540 implebunt;
2474 481 2577 523 nec
2605 466 2718 538 jam
2761 479 3041 537 argentum
3085 470 3427 524 reconditum

212 559 309 631 χοῦ
341 561 628 630 ὀχήματος,
657 560 716 612 δν
742 559 808 614 ἂν
829 559 965 630 τύχῃ
998 559 1408 628 καταλελεῖφθαι
1454 561 1510 612 έν
1539 559 1614 630 τῷ
1658 579 1773 616 κοι-

218 650 422 722 λώματι
446 650 554 721 (28)
591 651 963 722 παυσαμένης,
998 649 1189 720 χρόνον
1215 665 1273 702 τε
1301 649 1649 722 περιδρομῆς,
1683 650 1776 705 καὶ

211 743 312 812 τῆς
332 743 398 796 δι’
429 741 616 805 ὓδατος
647 739 790 814 ζωῆς
816 741 1241 812 παροδεύσαντος
1279 739 1373 794 τοῦ
1417 739 1774 812 λουτροφόρου

213 831 406 894 αἰῶνος
428 829 560 901 (29).
607 828 928 901 Ἀνθρώπων
953 829 1007 881 δὲ
1031 831 1121 882 ἐπὶ
1147 831 1249 901 γῆς
1270 829 1533 900 κειμένων
1557 831 1652 901 μία
1675 849 1776 884 σω-

211 921 396 991 τηρία,
433 921 481 973 εί
509 921 781 988 ὲπιγνοῖεν
802 920 981 974 αὐτῶν
1006 921 1060 972 αἱ
1098 919 1288 990 ψυχαὶ,
1319 921 1412 974 καὶ
1445 921 1578 992 πρὸς
1615 921 1775 974 αὐτὸν

211 1014 503 1066 ἀναπταίεν
533 1012 622 1080 ὑφ’
645 1005 705 1065 οὗ
737 1011 830 1063 καὶ
848 1011 1216 1083 γεγέννηνται.
1246 1012 1402 1079 Λέγω
1421 1013 1599 1065 τοίνυν
1624 1009 1776 1076 αὖθις

210 1103 248 1156 ἃ
279 1103 372 1156 καὶ
411 1103 672 1174 πρότερον
720 1104 942 1174 εἴρηκα,
987 1102 1126 1156 πάνυ
1181 1105 1424 1174 ματαίως
1460 1103 1776 1174 ἀνθρώπους

210 1195 530 1258 διακεῖσθαι,
561 1197 652 1248 καὶ
688 1197 822 1266 μήτε
850 1194 1150 1266 ὑπερϐολὴν
1175 1195 1310 1260 ὅλως
1344 1195 1645 1266 ἐνδέχεσθαι
1670 1196 1776 1250 τῶν

210 1285 604 1354 ἐπινοουμένων
633 1283 969 1354 πραγμάτων
999 1282 1094 1354 τὴν
1140 1283 1492 1355 ματαιότητα.
1520 1284 1775 1354 Περιττὸς

208 1375 269 1428 δέ
301 1393 386 1445 μοι
413 1377 442 1428 ὁ
470 1376 712 1445 κάματος
745 1375 1153 1445 ἐκκλησιάζοντι
1171 1375 1367 1445 σοφῶς,
1403 1377 1482 1430 ὃτι
1507 1375 1775 1429 διδάσκειν

209 1467 502 1540 ἐπιχειρῶν
537 1468 626 1520 τὸν
666 1467 791 1520 λαὸν
833 1467 1019 1522 τοῦτον
1064 1467 1360 1532 ἀδιδάκτως
1408 1469 1502 1522 καὶ
1543 1470 1774 1534 ἀνιάτως

209 1557 422 1628 ἔχοντα.
450 1560 542 1610 Δεῖ
563 1558 618 1611 δὲ
640 1558 826 1628 ἀνδρὸς
848 1558 1115 1626 γενναίου,
1151 1559 1286 1628 πρὸς
1317 1561 1376 1614 τὸ
1409 1562 1644 1615 συνιέναι
1691 1562 1776 1616 λό-

207 1667 340 1718 γους
369 1651 556 1720 σοφίας
586 1651 892 1721 δυνηθῆναι.
942 1650 1082 1719 Ἐγὼ
1108 1651 1164 1704 δὲ
1193 1653 1294 1722 ἤδη
1337 1651 1646 1724 πρεσϐύτης
1677 1652 1772 1717 ὢν,

207 1744 306 1797 καὶ
362 1743 567 1815 μακρὸν
624 1742 739 1811 βίου
780 1743 999 1796 διελθὼν
1059 1745 1278 1814 χρόνον,
1327 1744 1529 1816 ἔκαμον
1591 1747 1670 1808 είς
1714 1746 1775 1800 τὸ

1877 577 1976 617 nec
2003 577 2196 616 aurum
2227 563 2456 631 probum
2489 559 2737 614 utilitatis
2785 558 3080 628 quidquam
3124 560 3436 616 habiturum

1876 662 1978 708 est.
2004 651 2193 723 Magna
2217 653 2379 707 etiam
2407 652 2559 722 plaga
2583 650 2762 705 omnia
2785 650 3090 719 occupabit,
3111 651 3176 706 ad
3196 653 3438 723 hydriam

1875 745 2036 799 etiam
2068 761 2238 814 usque
2271 744 2338 799 ad
2371 743 2573 798 fontem
2618 743 2850 812 aliquem
2889 751 3142 807 stantem,
3184 752 3238 796 et
3261 753 3436 797 rotam

1875 835 2105 891 vehiculi
2135 851 2296 904 quam
2329 835 2381 889 in
2415 834 2667 889 cisternae
2694 835 3030 888 concavitate
3049 834 3289 887 relictam
3320 848 3441 888 esse

1875 928 2196 999 contigerit:
2231 927 2279 981 7.
2322 927 2425 982 hoc
2455 926 2708 980 nimirum
2742 925 3073 979 ablutionem
3105 924 3310 979 ferente
3341 940 3442 978 sre-

1875 1021 2018 1085 culo,
2034 1032 2087 1076 et
2111 1019 2613 1075 circumvolutionis
2640 1027 2694 1072 et
2717 1017 2836 1087 ejus
2857 1017 2978 1071 vitae
2993 1032 3113 1086 qua:
3129 1031 3223 1085 per
3242 1031 3439 1086 aquam

1875 1121 2240 1181 comparatur,
2269 1120 2483 1178 tempus
2506 1118 2907 1178 praetergresso.
2929 1106 3250 1161 llominibus
3278 1123 3440 1176 porro

1876 1204 1928 1257 in
1962 1212 2107 1258 terra
2143 1201 2452 1271 jacentibus
2488 1201 2602 1254 haec
2657 1215 2762 1254 una
2808 1198 3000 1254 salutis
3050 1199 3188 1252 ratio
3231 1208 3346 1259 est,
3382 1207 3442 1252 ut

1873 1309 2062 1349 eorum
2095 1293 2288 1347 anima:
2317 1307 2440 1346 eum
2473 1300 2800 1360 agnoscant,
2837 1300 3020 1359 atque,
3054 1290 3120 1343 ad
3151 1305 3274 1342 eum
3310 1305 3440 1343 con-

1874 1387 2055 1440 voleut
2082 1401 2113 1439 a
2139 1399 2249 1454 quo
2280 1393 2475 1439 creata:
2499 1393 2645 1438 sunt.
2681 1382 2736 1437 8.
2763 1381 3033 1452 ltaque,ut
3059 1399 3121 1436 ea
3149 1398 3269 1451 qua:
3290 1382 3440 1451 prius

1873 1477 1986 1530 dixi
2034 1485 2294 1546 repetam,
2333 1475 2622 1529 admodum
2647 1488 2784 1527 vane
2807 1475 3062 1528 mortales
3085 1473 3259 1528 aﬂ‘ecti
3291 1485 3436 1533 sunt,

1874 1576 2130 1637 tantaque
2160 1575 2239 1620 est
2269 1579 2602 1634 rerum,qu:e
2635 1564 2702 1616 ab
2745 1563 2850 1618 illis
2905 1564 3313 1633 excogitantur,
3345 1579 3444 1618 va-

1874 1659 2038 1725 nitas,
2083 1668 2142 1713 ut
2187 1657 2252 1712 ad
2300 1673 2488 1711 earum
2543 1655 2833 1710 vanitatem
2878 1657 3135 1710 accedere
3176 1656 3312 1710 nihil
3331 1672 3444 1710 om-

1878 1747 2010 1803 nino
2046 1748 2236 1816 possit.
2277 1747 2331 1801 9.
2364 1748 2442 1802 Ac
2480 1747 2614 1800 mihi
2645 1762 2862 1816 quoque
2890 1747 3066 1801 inanis
3101 1756 3150 1800 et
3185 1763 3443 1816 superva-

206 1836 458 1904 ἀνευρεῖν
496 1833 565 1886 τά
596 1833 674 1904 τῷ
712 1833 830 1904 Θεῷ
880 1834 1085 1906 ἀρεστά
1127 1834 1218 1888 διὰ
1253 1835 1359 1887 τῶν
1384 1837 1484 1907 τῆς
1519 1836 1772 1906 ἀληθείας

1879 1853 2076 1893 canens
2101 1838 2254 1892 labor
2275 1839 2592 1908 suscipitur.
2617 1838 2887 1908 sapienter
2909 1845 2963 1891 et
2993 1837 3204 1891 erudite
3221 1839 3442 1894 concio-

209 1925 542 1996 μυστηρίων.
590 1926 917 1996 Ἐπίσταμαι
948 1944 1006 1979 τε
1039 1927 1112 1989 ὼς
1140 1927 1409 1998 ἐπεγείρει
1443 1927 1652 1998 ψυχὰς,
1680 1929 1773 1982 καὶ

203 2012 387 2065 νύττει
425 2013 520 2082 οὐχ
564 2009 725 2086 ἦττον
780 2014 848 2067 τὰ
876 2013 981 2067 τῶν
1003 2015 1181 2084 σοφῶν
1222 2015 1649 2087 παραγγέλματα
1677 2059 1692 2082 ,
1737 2019 1770 2090 ἢ

201 2103 498 2159 διατίθεται
527 2105 754 2176 σώματα
785 2107 894 2178 (50)
924 2107 1246 2181 βουκέντρῳ,
1273 2111 1306 2181 ἢ
1333 2110 1445 2180 ἥλῳ
1475 2111 1773 2181 ἐμπερονη-

204 2193 366 2249 Θέντα
394 2197 524 2265 (51).
566 2195 802 2251 Δὼσουσι
825 2199 880 2251 δέ
925 2216 1067 2263 τινες
1118 2199 1185 2254 τὰ
1230 2201 1365 2270 σοφά
1408 2203 1590 2254 ἐκεῖνα
1629 2201 1770 2255 διδα-

201 2298 414 2350 γματα,
449 2287 580 2354 παρ’
610 2286 728 2349 ἑνὸς
746 2286 952 2355 ἀγαθοῦ
980 2288 1233 2354 λαϐόντες
1273 2291 1530 2361 ποιμένος
1574 2291 1668 2344 καὶ
1693 2292 1772 2345 δι-

199 2374 493 2443 δασκάλου,
526 2369 712 2449 ὥσπερ
741 2379 798 2445 ἐξ
844 2379 960 2443 ἑνὸς
1010 2380 1272 2452 στόματος
1321 2383 1554 2446 ἅπαντες
1591 2383 1773 2446 αὐτοῖς

203 2467 513 2537 συμφώνως
536 2469 910 2542 δαψιλέστερον
938 2470 1006 2524 τὰ
1035 2471 1383 2526 πιστευθέντα
1407 2472 1764 2544 διηγούμενοι.

200 2559 395 2628 Λόγων
417 2560 474 2614 δὲ
506 2561 711 2615 πολλῶν
730 2563 878 2616 οὐδὲν
905 2563 1092 2632 ὄφελος
1115 2581 1126 2593 ·
1149 2564 1267 2617 οὐδέ
1299 2582 1378 2617 σοι
1400 2563 1768 2635 συμϐουλεύω,

200 2646 438 2721 ὧφίλος’
454 2653 684 2724 ἀνόνητα
713 2656 1083 2728 καταγράφειν
1103 2658 1170 2710 τά
1195 2657 1471 2728 meum
1489 2657 1548 2710 τδ
1565 2657 1771 2728 προσῆ-

201 2760 327 2814 κον,
341 2746 400 2797 ὲν
418 2739 497 2809 οἷς
508 2745 598 2798 τοῦ
613 2749 837 2818 κάμνειν
849 2751 968 2822 εἰκῆ
984 2753 1129 2804 ἐστὶν
1151 2752 1301 2805 οὐδὲν
1317 2752 1494 2805 πλέον.
1514 2752 1672 2805 Ἀλλά
1685 2769 1770 2822 μοι

198 2835 390 2890 λοιπὸν
422 2838 670 2908 ὲπιλόγου
699 2841 876 2912 δεήσει
904 2843 1103 2897 τοιοῦδέ
1134 2862 1296 2912 τινος,
1321 2847 1402 2898 ὅτι
1421 2861 1434 2874 ·
1462 2841 1532 2897 Ὦ
1563 2844 1770 2916 ἀνθρω-

200 2947 319 2992 ποι,
356 2931 463 2984 ίδοὺ
487 2933 778 3005 διαρρήδην
815 2936 942 3005 ὑμῖν
969 2936 1061 2989 καὶ
1083 2937 1360 3007 συντόμως
1397 2935 1768 3007 προαγορεύω,

200 3022 486 3091 φοϐεῖσθαι
518 3024 615 3095 μὲν
642 3026 772 3078 Θεὸν
795 3026 884 3080 τὸν
909 3027 1120 3081 πάντων
1139 3028 1401 3098 δεσπότην
1426 3045 1483 3081 τε
1509 3027 1643 3098 ὁμοῦ
1675 3029 1773 3082 καὶ

198 3114 489 3185 ὲπόπτην,
528 3118 712 3186 τηρεῖν
759 3116 814 3169 δὲ
857 3117 1020 3170 αὑτοῦ
1069 3119 1161 3172 καὶ
1199 3116 1266 3170 τα
1304 3118 1766 3189 παραγγέλματα·

1877 1932 2064 1984 nanti:
2093 1931 2291 2000 quippe
2334 1932 2428 2000 qui
2455 1931 2710 2000 populum
2749 1931 2894 1984 hunc
2910 1930 3106 1984 docere
3139 1931 3441 2000 aggrediar,

1878 2023 1950 2075 ita
1977 2021 2175 2076 misere
2225 2021 2537 2091 perditeqne
2580 2021 2830 2074 ali'ectum
2857 2061 2870 2082 ,
2911 2029 3098 2074 utnec
3135 2019 3439 2075 doctrinam

1878 2129 1978 2168 nec
2006 2113 2344 2168 curationem
2369 2113 2640 2167 admittat.
2671 2112 2822 2182 Opus
2843 2120 2928 2166 est
2955 2121 3134 2166 autem
3167 2113 3284 2165 viro
3312 2111 3441 2166 forti

1877 2215 1930 2260 et
1957 2221 2218 2276 generoso
2240 2247 2252 2270 ,
2285 2205 2352 2260 ad
2391 2205 2494 2258 hoc
2525 2215 2581 2259 ut
2603 2204 2884 2273 sapientia:
2916 2219 3198 2257 sermones
3229 2204 3444 2258 intelle-

1877 2306 1966 2352 ctu
1993 2296 2211 2366 assequi
2234 2304 2416 2364 queat.
2461 2293 2546 2349 l0.
2587 2293 2696 2365 Ego
2722 2310 2852 2350 vero
2897 2294 3008 2364 jam
3039 2295 3259 2361 grandis
3288 2305 3438 2358 natu,

1879 2389 2209 2458 longumque
2230 2387 2354 2441 vita:
2378 2387 2613 2456 spatium
2643 2402 2921 2451 emensus,
2954 2387 3007 2440 in
3034 2387 3130 2451 iis,
3167 2401 3288 2455 qua:
3331 2385 3442 2438 Deo

1879 2490 2033 2550 grata
2064 2491 2117 2534 et
2149 2488 2366 2548 accepta
2397 2486 2544 2540 sunt,
2577 2493 2672 2548 per
2696 2477 2939 2532 veritatis
2966 2477 3221 2548 mysteria
3254 2477 3441 2546 exqui-

1876 2571 2081 2636 rendis,
2111 2571 2355 2626 animum
2389 2569 2701 2636 defatigavi.
2754 2570 2840 2624 ll.
2874 2568 3009 2623 Illud
3040 2578 3218 2623 autem
3251 2569 3442 2637 explo—

1877 2675 2055 2720 ratum
2073 2662 2492 2727 habeo,animos
2523 2678 2630 2716 non
2659 2661 2842 2717 minus
2858 2661 3202 2715 exstimulari
3235 2662 3444 2730 sapien-

1876 2763 1993 2808 tum
2027 2753 2331 2822 praeceptis,
2365 2768 2528 2822 quam
2573 2753 2750 2807 solent
2782 2767 3037 2821 corpora,
3082 2751 3303 2805 stimulo
3347 2762 3444 2806 aut

1877 2846 2032 2901 clavo
2057 2846 2268 2901 conﬁxa
2292 2856 2345 2900 et
2375 2843 2666 2915 perforata.
2719 2843 2978 2899 Nonnulli
3007 2855 3191 2898 autem
3226 2843 3443 2914 sapien-

1876 2937 2090 2993 tissima
2114 2937 2206 2992 illa
2237 2937 2562 2992 documenta
2592 2952 2621 2991 a
2663 2937 2807 2991 bono
2837 2951 2947 2990 uno
2987 2945 3204 3005 pastore
3232 2946 3285 2989 et
3325 2951 3442 2988 ma-

1877 3028 2048 3099 gistro
2063 3038 2302 3098 accepta,
2325 3030 2482 3098 quasi
2504 3045 2568 3084 ex
2593 3045 2701 3083 uno
2723 3044 2818 3084 ore
2837 3043 3026 3082 omnes
3049 3034 3212 3096 atque
3228 3026 3369 3080 inter
3386 3041 3444 3080 se

1878 3119 2174 3175 concordes
2203 3120 2443 3184 dabunt,
2479 3120 2741 3175 creditam
2772 3119 2875 3174 sibi
2911 3118 3214 3173 doctrinam
3253 3116 3443 3185 copio-

200 3206 488 3262 πείθεσθαι
519 3208 594 3272 δὲ,
617 3209 791 3262 πάντα
810 3209 928 3263 τινὰ
961 3210 1252 3280 μετέπειτα
1281 3213 1374 3264 καὶ
1397 3210 1770 3283 κριθήσεσθαι,

1879 3212 1992 3268 sius
2017 3220 2071 3266 et
2093 3212 2338 3266 ornatius
2362 3221 2710 3282 exponentes.
2744 3211 2831 3265 l2.
2859 3209 3124 3264 Caeterum
3153 3208 3441 3264 verborum

199 3299 300 3352 καὶ
327 3299 448 3352 κατ’
468 3300 623 3366 ἀξίαν
647 3301 1012 3372 ἀπολήψεσθαι
1034 3302 1262 3356 ἕκαστον
1279 3303 1384 3356 τῶν
1414 3303 1576 3357 αὑτοῦ
1599 3303 1772 3374 ἔργων

195 3389 303 3459 τὴν
335 3390 568 3462 ἀμοιϐὴν
597 3391 814 3460 ἀγαθῶν
843 3409 903 3445 τε
928 3393 1062 3462 ὁμοῦ
1094 3394 1188 3448 καὶ
1213 3393 1448 3463 φαύλων.

1881 3305 2178 3360 multorum
2226 3305 2374 3359 nulla
2421 3314 2506 3359 est
2533 3305 2776 3358 utilitas:
2815 3318 2913 3358 nec
2943 3303 3074 3368 tibi,
3123 3301 3204 3355 vir
3246 3301 3440 3366 amice,

1879 3406 2072 3449 auctor
2116 3393 2288 3461 fuero,
2333 3404 2394 3450 ut
2443 3410 2506 3450 ea
2552 3411 2673 3464 qua:
2719 3394 2900 3448 minus
2943 3393 3225 3458 convenit,
3277 3392 3444 3446 inuti-

200 3489 240 3544 li
267 3498 443 3552 opera
469 3487 803 3550 eonscribas,
825 3501 889 3541 ex
916 3487 1111 3556 quibus
1145 3497 1337 3558 praeter
1367 3489 1580 3543 inanem
1620 3489 1858 3544 laborem
1889 3491 2025 3544 nihil
2056 3489 2326 3544 commodi
2353 3489 2700 3560 percipiatur.
2740 3489 2828 3543 15.
2861 3487 3148 3557 Reliquum
3191 3487 3303 3556 jam
3336 3497 3440 3551 est,

199 3585 262 3631 ut
296 3577 613 3646 hujusmodi
643 3580 876 3648 quodam
923 3582 1135 3652 epilogo
1171 3591 1290 3636 utar
1316 3597 1330 3634 :
1365 3581 1409 3636 Ο
1437 3582 1706 3646 homines,
1737 3598 1802 3636 en
1833 3582 1985 3636 vobis
2025 3592 2206 3651 aperte
2230 3583 2570 3651 breviterque
2615 3581 2896 3646 denuntio,
2923 3590 2982 3634 ut
3001 3579 3170 3634 Deum
3196 3580 3440 3634 omnium

199 3669 498 3724 Dominum
526 3679 580 3724 et
617 3671 975 3740 inspectorem
1021 3673 1256 3730 timeatis
1275 3673 1505 3743 ejusque
1533 3683 1795 3744 praecepta
1848 3675 2103 3738 servetis;
2144 3675 2232 3729 Η.
2280 3675 2544 3743 vobisque
2591 3673 2986 3744 persuadeatis,
3031 3673 3216 3727 omnia
3250 3681 3437 3742 postea

197 3760 471 3829 judicium
527 3763 809 3829 subitura,
851 3773 1014 3833 atque
1054 3780 1495 3837 unumquemque
1540 3781 1763 3836 operum
1797 3780 2023 3820 suorum
2055 3777 2163 3821 tam
2209 3767 2475 3821 bonorum
2505 3782 2666 3836 quam
2709 3766 2976 3820 malorum
3008 3766 3306 3821 mercedem
3336 3780 3438 3835 pro

201 3856 417 3912 meritis
439 3865 808 3926 accepturum.

200 4013 568 4087 φιλαργυρίας
590 4015 817 4087 σχοινίον
842 4054 856 4078 ,
887 4013 946 4068 τὸ
976 4016 1175 4079 πάσαις
1207 4016 1503 4087 ἁμαρτίαις
1548 4015 1776 4069 καταδε-

200 4083 434 4155 σμεῦον.
451 4083 836 4155 ‘I’aenitentiam
867 4101 979 4153 age,
998 4083 1302 4155 priusquam
1327 4083 1433 4139 cita
1475 4096 1774 4153 prtetereat,

199 4153 256 4208 in
272 4170 379 4223 qua
409 4153 672 4226 funiculus
705 4165 779 4226 est
819 4156 1078 4217 avaritia,
1130 4153 1219 4226 qui
1263 4157 1488 4224 peccatis
1535 4157 1772 4208 omnibus

198 4225 512 4292 obstringit.
562 4223 684 4278 Ha-c
719 4225 885 4294 igitur
915 4236 997 4280 est
1029 4223 1180 4295 plaga
1212 4223 1334 4290 quae
1380 4227 1685 4295 occupabit,
1719 4235 1774 4279 et

197 4296 403 4347 animae
435 4309 466 4347 a
493 4309 718 4362 corpore
739 4295 1044 4364 ,tlissolutio
1078 4297 1458 4364 subsequetur,
1493 4312 1653 4364 quam
1679 4296 1775 4364 hy-

195 4365 338 4417 driae
369 4375 609 4432 rotaeque
639 4363 940 4419 confractio
965 4367 1228 4433 designat.
1261 4363 1398 4420 Duc.
1427 4363 1768 4429 ~Ka0é§s:.

196 4435 422 4503 insigne
454 4437 698 4504 verbum,
726 4450 835 4504 quo
871 4435 1032 4488 etiam
1061 4437 1229 4489 utitur
1255 4436 1391 4489 inl‘ra
1425 4435 1482 4488 S.
1524 4434 1680 4488 Pater
1717 4435 1770 4487 in

196 4519 304 4558 suo
354 4504 425 4556 ad
457 4503 1038 4575 Origenem’Panegyr.
1067 4547 1082 4570 ,
1131 4521 1251 4574 cap.
1300 4507 1366 4559 16
1408 4506 1773 4575 circalinem,

191 4578 324 4636 ταῖς
351 4577 672 4642 φαντασίαις
703 4574 1096 4646 κατεχομένων.
1144 4575 1242 4631 llic
1284 4590 1412 4646 vero
1445 4574 1574 4646 illud
1619 4590 1779 4646 usur-

273 4657 294 4698 t
349 4659 542 4714 magna
584 4645 917 4712 notabilique
963 4662 1086 4700 Clllll
1128 4645 1394 4715 emphasi,
1452 4645 1540 4698 ubi
1585 4645 1778 4698 miratu

217 4729 351 4768 iane
415 4715 757 4769 Ecclesiastm
789 4716 1206 4784 descriptionem
1253 4733 1359 4769 non
1413 4716 1480 4769 ad
1530 4724 1779 4784 senectu-

196 4797 338 4846 tem,
365 4785 459 4838 sed
510 4786 575 4838 ad
610 4782 1132 4854 consummationem
1179 4786 1359 4841 szeculi
1391 4785 1572 4854 refert.
1597 4782 1779 4854 _llesy-

193 4856 366 4908 chius
389 4870 404 4906 :
439 4853 809 4925 Κατέχεσθαιο
838 4854 1230 4925 θεοφορεῖσθαι.
1258 4855 1407 4909 Adde
1425 4853 1567 4909 Cuil.
1594 4851 1776 4925 Butléei

194 4923 619 4994 commentarios
647 4926 842 4993 lingua:
869 4923 1086 4978 (Ii-(vere.
1119 4925 1360 4994 Bengel.,
1386 4925 1422 4977 Ι.
1459 4940 1532 4986 c.,
1571 4940 1622 4992 p.
1648 4923 1772 4977 252.

271 4993 390 5063 (28)
435 4995 531 5046 Ἑν
554 4994 632 5059 τῷ
664 4993 998 5062 κοιλώματι.
1022 4993 1331 5048 Maluissem
1354 5004 1413 5047 ttt
1442 4994 1778 5047 animadver-

194 5063 364 5119 tisset
385 5064 733 5118 doctissimus
760 5063 949 5120 Billius
979 5066 1403 5126 disunetionem,
1434 5080 1554 5133 quae
1587 5064 1638 5116 in
1667 5079 1771 5118 ms.

195 5135 398 5204 Medic.
432 5134 681 5204 subditur
712 5144 830 5203 post
865 5151 1048 5189 vocem
1074 5133 1403 5204 κοιλώματι,
1444 5134 1770 5204 ltoctnodo:

193 5206 256 5256 ἐν
273 5203 710 5288 ¹τιξόηκοιλιὶημέιτι,
740 5205 1316 5288 παυθσαμένηςηχρόνων
1335 5221 1391 5257 τε
1414 5221 1487 5288 [πε
1497 5203 1772 5282 ριδρομῆς,

194 5276 296 5328 καὶ
325 5272 429 5342 τῆς
459 5273 523 5326 δι’
554 5273 738 5345 ὕδατος
761 5272 903 5343 ζωῆς
929 5272 1374 5345 παροδεύσαντος.
1411 5273 1582 5338 Quam
1611 5273 1772 5325 etiam

193 5345 551 5414 ὑποστιγμήν
591 5344 663 5414 ita
706 5344 1098 5414 subjiciendatn
1138 5346 1229 5398 alii
1278 5345 1386 5398 duo
1456 5345 1774 5409 interpretes

193 5413 890 5484 agnoverunt.Joannes:
919 5413 1073 5484 iCum
1112 5416 1275 5484 igitur
1329 5414 1551 5466 cessabit
1587 5429 1772 5464 cursus

195 5495 520 5552 temporum.
561 5483 866 5538 Musculos:
899 5483 1146 5538 Cessante
1186 5496 1295 5538 tum
1345 5493 1630 5552 temporum
1665 5499 1773 5534 ctr-

191 5550 371 5610 cuitu.
411 5563 462 5606 et
500 5556 690 5606 seculo
733 5556 930 5621 elapso.
968 5554 1154 5608 Solent
1185 5557 1329 5608 enim
1364 5550 1547 5605 Patres
1593 5550 1770 5606 Graeci

192 5626 384 5678 dicere
406 5632 461 5676 et
487 5640 659 5677 annos
689 5633 740 5677 et
766 5634 1004 5692 tempora
1031 5641 1272 5683 currere.
1312 5631 1369 5676 ut
1409 5621 1641 5676 Basilius
1675 5622 1772 5674 bo-

194 5695 318 5748 nizl.
362 5694 456 5764 Ἐν
478 5693 620 5762 λιμῷ
639 5710 652 5723 ·
696 5695 804 5745 Ῥεῖ
828 5696 856 5746 ὁ
876 5691 1077 5764 χρόνος
1101 5697 1193 5748 καὶ
1213 5694 1520 5764 ἐπείγονται
1545 5692 1602 5745 αἱ
1635 5691 1771 5762 ἡμέ-

195 5778 293 5837 ραι
320 5764 413 5816 τὸν
436 5763 663 5836 ὀκνηρὸν
695 5762 1152 5836 παρατρέχουσαι.
1202 5762 1350 5818 Fluit
1379 5763 1514 5818 enim
1545 5772 1765 5831 tempus,

1883 4024 1933 4069 et
1963 4015 2073 4068 dies
2101 4014 2522 4067 cunctabundum
2560 4021 3036 4082 prwtercurrentes.
3087 4011 3221 4065 Cum
3259 4021 3438 4082 autem

1883 4087 2043 4138 vertit
2069 4085 2280 4145 Billius,
2308 4101 2463 4153 quant
2496 4081 2814 4136 inicisternw
2842 4083 3162 4153 concavitate
3205 4081 3439 4153 relictam

1881 4171 1992 4209 esse
2020 4150 2328 4223 contigerit,
2348 4155 2563 4223 videtur
2583 4154 2858 4207 emendari
2891 4153 3126 4206 voluisse
3145 4150 3442 4223 δεξαμενῆς

1917 4241 1977 4278 ro
2029 4221 2399 4294 παυσαμένης.
2446 4222 2540 4278 Est
2587 4225 2730 4277 enim
2776 4223 2925 4277 lacus
2966 4224 3049 4275 vel
3101 4223 3333 4294 cisterna
3356 4221 3442 4294 δε-

1917 4241 1977 4278 ro
2029 4239 2310 4294 παυσαμεν
2353 4241 2399 4286 ς.
2446 4239 2540 4278 LSI.
2587 4239 2730 4277 enim
2776 4239 2925 4277 tacus
2966 4239 3049 4275 vel
3101 4239 3333 4276 etSterna
3356 4239 3442 4274 οε-

1877 4239 2116 4365 ξαμενή,
2147 4296 2288 4365 unde
2315 4241 2608 4365 Eregorins
2638 4304 2820 4365 noster
2856 4307 3020 4360 supra
3049 4308 3169 4361 cap.
3192 4292 3266 4365 2,
3303 4291 3330 4360 §
3383 4293 3442 4355 6,

1876 4361 2164 4434 δεξαμένα).
2192 4363 2327 4434 πρὸς
2360 4361 2622 4433 ὑποδοχὰς
2659 4362 2867 4434 ὑδάτων
2892 4361 3436 4434 κατεσκευάσθησαν.

1881 4431 2246 4488 Deci—Hune
2271 4435 2446 4502 ipsutn
2481 4431 2675 4495 locum,
2697 4433 2834 4486 haud
2857 4432 3008 4486 aliter
3031 4431 3442 4488 achczeus.di-

1881 4505 2104 4573 stinguit
2131 4503 2435 4574 Bengelius,
2468 4504 2502 4557 ι.
2521 4520 2594 4566 c.,
2616 4503 2740 4567 252,
2767 4503 2996 4572 legitque
3029 4503 3232 4574 χρόνων
3260 4518 3318 4554 τε
3333 4519 3442 4574 pro

1880 4571 2067 4644 χρόνον
2099 4591 2179 4637 τε,
2208 4571 2352 4644 quod
2397 4575 2598 4627 habent
2633 4574 2794 4644 editi;
2824 4571 3294 4644 ab'ipsoﬂl'ortasse
3326 4571 3438 4624 Du-

1879 4643 1989 4698 cam
2010 4643 2257 4699 edoctus:
2282 4660 2389 4713 quo
2416 4645 2690 4705 nimirum,
2719 4643 2914 4712 inquit,
2939 4643 3241 4696 obscuritas
3272 4657 3435 4710 quant

1878 4715 2149 4768 recentior
2179 4716 2342 4767 etiam
2369 4713 2630 4782 interpres
2657 4713 2906 4777 oﬂ‘undit,
2944 4713 3085 4782 ultro
3122 4721 3312 4765 cesset.

1947 4783 2056 4853 (‘29)
2091 4783 2198 4837 Τοῦ
2229 4781 2636 4852 λουτροφόρου
2664 4782 2896 4848 αἰῶνος.
2935 4781 3024 4837 Sic
3060 4784 3162 4853 hoc
3193 4791 3437 4835 nostrum

1877 4852 2132 4908 saxulum
2173 4864 2362 4917 vocat;
2411 4855 2552 4922 quod
2573 4854 2812 4922 quandiu
2851 4854 2903 4905 in
2934 4854 3036 4906 hac
3067 4852 3180 4906 vita
3216 4868 3436 4922 sumus,

1875 4923 2021 4978 nulla
2049 4935 2132 4978 est
2159 4934 2264 4978 tam
2299 4921 2441 4977 fwda
2475 4921 2673 4992 peccati
2712 4922 2880 4984 labes,
2912 4938 3032 4990 qua:
3053 4938 3174 4975 cum
3213 4921 3306 4974 Dei
3336 4936 3439 4992 ope

1874 5002 1927 5046 et
1954 4995 2323 5048 misericordia
2353 4994 2560 5062 detergi
2600 5002 2762 5059 atque
2791 4994 2935 5045 ablui
2969 5008 3073 5044 non
3106 4992 3295 5060 possit.
3337 4991 3437 5044 Vel

1873 5065 2038 5116 etiam
2080 5065 2313 5117 fortasse
2371 5063 2726 5133 λουτροφόρον
2774 5071 2930 5116 vocat
2984 5063 3092 5133 hoc
3154 5063 3434 5129 saeculum,

1873 5143 2092 5202 propter
2129 5134 2341 5202 mystici
2371 5130 2944 5202 lavacriablutionem.
2972 5130 3122 5184 BILL.

1942 5202 2052 5270 (30)
2083 5201 2346 5271 Σώματα.
2373 5203 2508 5256 Cod.
2545 5201 2759 5265 Medic.,
2791 5201 2859 5254 τὰ
2885 5201 3132 5271 σώματα.
3158 5201 3291 5256 Duc.

1945 5269 2056 5340 (ξι)
2094 5269 2249 5336 ’Ἡλῳ
2276 5271 2774 5340 ἐμπερονηθέντα.
2808 5269 3171 5332 LXX,Ecele.
3217 5289 3316 5335 xtl,
3349 5269 3435 5334 H,

1870 5343 1945 5405 ὡς
1967 5339 2085 5413 ἧλοι
2119 5339 2531 5413 πεφυτευμένοι,
2565 5339 2717 5413 quasi
2745 5342 2878 5396 claui
2902 5343 3128 5413 plantati
3153 5359 3170 5396 :
3203 5357 3301 5411 pro
3327 5357 3438 5413 quo

1873 5413 1966 5484 alii
1992 5411 2124 5466 libri
2157 5411 2790 5484 habetit‘rrsmptojtévog
2831 5414 3006 5484 igniti.
3051 5411 3204 5481 Vulg.
3230 5454 3244 5475 ,
3284 5412 3438 5484 quasi

1873 5483 2006 5536 clavi
2033 5484 2090 5536 in
2131 5481 2298 5535 altum
2337 5481 2674 5548 deﬁxi.'Qu:e
2703 5481 2884 5537 omnia
2925 5482 3316 5551 Metaphrastes
3351 5482 3437 5534 hic

1873 5562 2059 5607 noster
2089 5553 2321 5607 clariora
2369 5554 2448 5607 sic
2478 5553 2742 5607 reddidit:
2796 5553 3068 5607 Suscilant
3113 5554 3318 5604 animos
3344 5569 3436 5605 sa-

1870 5625 2101 5691 pientum
2130 5633 2424 5691 praecepta;
2449 5632 2498 5677 et
2527 5632 2758 5692 pungunt
2777 5640 2877 5676 non
2897 5624 3098 5684 minus,
3130 5639 3287 5693 quam
3310 5623 3426 5691 afﬁn

1872 5693 2082 5746 ciantur
2107 5710 2347 5763 corpora,
2373 5695 2586 5750 stimulo
2609 5691 2699 5744 aut
2735 5694 2879 5749 claro
2911 5691 3152 5763 trajecta.
3183 5691 3340 5750 Voss.

1943 5763 2080 5834 (δι’)
2119 5761 2269 5832 Legit
2290 5763 2554 5835 interpres
2587 5765 2752 5833 παρὰ,
