3876 6516
151 351 277 406 1011

1401 348 1738 408 EPISTOLA
1777 348 2142 406 CANONICA.

3273 350 3408 405 109.2

155 487 173 521 ι
213 466 492 520 κοινωνεῖν
519 464 627 520 τῶν
655 463 845 537 εὐχῶν.
912 465 976 519 Εἰ
1017 464 1201 536 μέντοι
1240 465 1327 530 τις
1353 467 1411 519 ὲν
1448 467 1594 540 ἄκρᾳ
1627 484 1732 520 σω-

1851 485 1861 516 ι
1899 483 2115 522 summa
2143 465 2477 522 continentia
2507 465 2724 532 vixerit,
2753 476 2807 522 et
2835 482 3024 536 puram
3049 467 3119 522 ab
3149 469 3408 538 omnique

158 581 174 614 ι
217 561 461 634 φροσύνῃ
491 561 724 633 ζήσασα,
761 560 855 614 καὶ
883 559 1122 633 καθαρὸν
1151 561 1245 614 καὶ
1273 561 1377 624 ἔξω
1404 562 1583 632 πάσης
1607 562 1731 615 ὑπο⁹

152 673 168 703 ι
209 652 357 716 νοίας
389 651 799 722 ὲπιδεδειγμένη
838 650 952 720 βίον
977 652 1068 704 τὸν
1095 651 1393 723 πρότερον,
1439 649 1534 704 νῦν
1578 667 1732 722 περι-

153 763 172 796 ι
218 745 503 797 πέπτωκεν
527 744 589 796 ὲκ
617 742 735 812 βίας
761 743 856 796 καὶ
889 743 1135 813 ἀνάγκης
1169 743 1322 814 ὕϐρει
1346 782 1360 807 ,
1389 742 1584 812 ἔχομεν
1629 758 1732 794 πα-

152 854 170 886 ι
217 835 485 906 ράδειγμα
512 834 572 888 τὸ
604 837 661 888 ὲν
691 834 767 905 τῷ
801 835 1231 903 Δευτερονομίῳ
1271 834 1332 887 τὸ
1367 834 1459 886 ἐπὶ
1503 836 1568 904 τῇ
1603 834 1729 887 νεά-

154 947 171 979 ι
213 928 340 991 νιδι,
364 929 430 998 ἢν
453 930 510 981 ὲν
540 927 616 998 τῷ
639 927 806 998 πεδίῳ
830 921 986 999 εὗρεν
1019 927 1320 1000 ἄνθρωπος,
1347 927 1443 981 καὶ
1469 926 1733 998 βιασάμε-

153 1040 172 1071 ι
212 1037 302 1084 νος
329 1019 528 1090 αὐτὴν.
571 1019 836 1091 ἐκοιμήθη
873 1020 988 1090 μετ’
1027 1021 1228 1090 αὑτῆςο
1289 1018 1368 1088 Τῇ
1397 1018 1622 1074 νεάνιδι
1660 1021 1732 1073 οὑ

154 1130 173 1163 ι
215 1110 524 1177 ποιήσετε,
580 1111 779 1182 φησὶν,
827 1111 1040 1165 οὐδέν·
1081 1113 1192 1164 οὐκ
1221 1111 1354 1164 ἐστι
1395 1109 1470 1178 τῇ
1509 1107 1733 1162 νεάνιδι

154 1223 172 1253 ι
209 1202 526 1272 ἁμάρτημα
549 1202 807 1257 θανάτου
827 1221 840 1234 '
867 1203 955 1256 ὅτι
992 1204 1092 1269 ὡς,
1145 1203 1202 1256 ει
1230 1219 1321 1267 τις
1350 1200 1588 1270 ἀναστῇ
1627 1200 1732 1253 ἇν-

154 1314 172 1346 i
215 1298 449 1364 θρωπος
469 1295 566 1348 ἐπὶ
590 1295 698 1348 τὸν
717 1296 986 1362 πλησίον
1009 1294 1196 1348 αὑτοῦ
1218 1335 1233 1358 ,
1277 1293 1376 1346 καὶ
1415 1291 1732 1359 θανατώσῃ

155 1405 174 1439 ι
215 1387 406 1441 αὑτοῦ
463 1387 578 1454 τὴν
624 1386 874 1456 ψυχὴν,
919 1386 1073 1439 οὕτω
1120 1385 1185 1439 τὸ
1234 1383 1473 1454 πρᾶγμα
1522 1384 1730 1438 τοῦτο’

155 1498 174 1528 ι
212 1479 472 1547 ἐϐόησεν
500 1481 537 1547 ἠ
561 1477 782 1544 νεᾶνις,
816 1479 910 1532 καὶ
945 1481 978 1532 ὁ
1002 1476 1248 1547 ,βοηθῶν
1297 1479 1409 1531 οὐκ
1444 1473 1524 1548 ἦν
1556 1475 1732 1546 αὐτῇ.

155 1567 343 1622 Ταῦτα
371 1569 549 1639 μέντοι
580 1573 821 1628 τοιαῦτα.
838 1591 856 1623 ι

219 1665 421 1718 ΒΑΛΣ.
469 1665 794 1737 Ἐρωτηθεὶς
837 1666 866 1719 ὁ
910 1665 1067 1733 ἆγιος
1125 1664 1254 1736 περὶ
1295 1659 1388 1718 τοῦ
1441 1661 1494 1716 τί
1531 1661 1734 1731 ὀφείλει

150 1755 400 1824 γίνεσθαι
438 1758 518 1820 είς
556 1757 682 1820 τοὺς
719 1756 1079 1826 Χριστιανοὺς
1112 1756 1237 1819 τοὺς
1271 1753 1734 1826 αἰχμαλωτισθέν-

155 1867 258 1913 τας
291 1848 444 1919 παρὰ
473 1847 784 1922 βαρὸάρων,
812 1849 906 1902 καὶ
935 1849 1208 1916 φαγόντας
1236 1847 1306 1900 τὰ
1345 1846 1497 1918 παρὰ
1533 1845 1737 1899 τούτων

152 1942 342 2001 αὐτοῖς
391 1940 803 2012 παρατιθέμενα
859 1939 1208 1994 εἰδωλόθυτα·
1259 1937 1634 2010 ἀπελογήσατο
1663 1937 1738 2001 ὡς

148 2032 218 2086 τά
270 2030 536 2104 βρώματα
572 2032 744 2086 ταῦτα
789 2033 848 2086 οὐ
905 2032 1080 2104 βαρεῖ,
1111 2033 1230 2087 ἀντὶ
1258 2032 1372 2099 τοῦ,
1408 2032 1468 2086 οὐ
1518 2029 1739 2104 βαρεῖαν

150 2125 380 2196 ἐμποιεῖ
414 2124 646 2196 βλάϐην·
683 2126 777 2178 καὶ
808 2127 1005 2197 μᾶλλον
1033 2127 1115 2179 ὃτι
1140 2120 1220 2190 εἷς
1248 2126 1405 2194 λόγος
1431 2126 1580 2198 παρὰ
1613 2127 1743 2180 πάν-

147 2235 282 2282 των,
311 2219 482 2289 ἧγουν
511 2220 596 2272 ὅτι
626 2219 824 2282 πάντες
858 2219 1078 2288 λέγουσι
1115 2219 1188 2290 μὴ
1239 2218 1394 2272 θῦσαι
1441 2223 1552 2284 τοῖς
1584 2219 1741 2273 εἰδώο

148 2309 265 2373 λοις
316 2311 446 2374 τοὺς
493 2310 560 2364 τά
609 2311 854 2382 ἡμέτερα
910 2310 1356 2382 καταδραμόντας
1412 2311 1736 2383 βαρϐάρους.

152 2402 403 2474 Παράγει
451 2402 505 2455 δὲ
540 2403 633 2456 καὶ
665 2405 730 2455 ὲκ
769 2401 864 2455 τοῦ
911 2401 1233 2455 Ἀποστόλου
1269 2404 1514 2474 χρήσεις,
1546 2403 1640 2458 καὶ
1673 2406 1737 2456 ὲκ

148 2493 243 2548 τοῦ
280 2494 613 2562 Ηύαγγελίου
631 2512 644 2525 ·
678 2497 744 2548 ἐκ
777 2495 875 2567 μὲν
901 2495 994 2548 τοῦ
1035 2495 1355 2548 ’Λποστόλου
1385 2496 1464 2559 τὸ,
1486 2498 1562 2550 Τὰ
1584 2496 1742 2564 βρώ-

145 2603 308 2657 ματα
330 2585 406 2656 τῇ
431 2588 627 2654 κοιλίᾳ
655 2587 752 2641 καί
782 2589 820 2656 ἡ
847 2588 1044 2640 κοιλία
1074 2587 1198 2653 τοῖς
1218 2586 1533 2656 βρώμασιν
1558 2605 1571 2618 ’
1609 2591 1641 2642 ὁ
1676 2588 1746 2642 δὲ

153 2679 302 2745 Θεὸς
328 2679 428 2732 καὶ
446 2679 671 2748 ταύτην
696 2678 793 2732 καὶ
826 2679 1012 2733 ταῦτα
1045 2678 1426 2748 καταργήσει.
1442 2681 1506 2732 ’Ὀ
1523 2679 1586 2750 δὴ
1608 2681 1744 2733 ἁπο-

154 2772 407 2826 στολικὺν
455 2774 653 2843 χωρίον
687 2772 814 2843 περὶ
849 2773 1164 2842 πλησμονῆς
1200 2773 1346 2840 λέγει
1401 2773 1496 2826 καὶ
1523 2790 1746 2845 γαστρι-

158 2865 436 2936 μαργίας·
463 2867 556 2919 καὶ
584 2864 846 2937 βρώματα
880 2866 998 2935 μὲν,
1027 2865 1095 2918 τὰ
1116 2865 1348 2936 περιττὰ
1375 2865 1627 2936 ὀνομάζει
1653 2866 1748 2919 καὶ

153 2959 256 3029 τὴν
284 2959 501 3031 τρυφήν
519 2976 533 2990 ·
562 2958 767 3012 κοιλίαν
791 2959 848 3011 δὲ
872 2958 970 3029 τὴν
997 2959 1460 3030 γαστριμαργίαν,
1489 2959 1600 3012 ἀλλ’
1627 2958 1748 3029 οὐχὶ

155 3049 253 3121 τὴν
279 3050 544 3123 γαστέρα.
578 3049 679 3104 Διὰ
708 3050 764 3104 δὲ
796 3051 1002 3103 τούτων
1041 3051 1070 3102 ὁ
1115 3050 1435 3114 Ἀπόστολος
1463 3049 1630 3119 λέγει,
1667 3050 1748 3102 ὅτι

155 3144 188 3214 ἡ
239 3142 523 3214 ἀδηφαγία
565 3143 660 3196 καὶ
706 3143 740 3214 ὴ
790 3141 968 3214 τρυφὴ
1001 3143 1064 3213 τῇ
1094 3143 1506 3214 γαστριμαργίᾳ
1535 3143 1744 3214 ἀνήκει,
1775 3168 1815 3224 C

157 3235 276 3288 ἀλλ’
305 3235 367 3288 οὐ
416 3235 552 3306 πρὸς
584 3233 715 3288 Θεὸν
759 3234 943 3304 φέρει·
978 3234 1071 3286 καὶ
1102 3236 1168 3304 τῇ
1201 3236 1380 3306 τρυφῇ
1423 3234 1484 3287 τὸ
1526 3235 1624 3304 τῆς
1655 3250 1748 3302 γα·

157 3324 529 3396 στριμαργίας
571 3325 740 3388 πάθος
772 3324 1068 3394 ᾠκείωται,
1106 3324 1198 3377 καὶ
1250 3322 1478 3394 θάτερον
1535 3323 1748 3395 θατέρῳ

153 3415 498 3470 δουλεύει.’0
528 3417 584 3470 δὲ
616 3417 748 3478 Θεὸς
793 3415 1049 3488 ἄπρακτα
1081 3416 1175 3468 καὶ
1207 3415 1351 3486 ἀργά
1383 3417 1596 3486 ποιήσει
1629 3415 1753 3468 ταῦ-

155 3525 250 3573 τα,
283 3507 429 3562 ὥστε
467 3508 542 3580 μὴ
576 3507 635 3573 ἐξ
676 3509 854 3562 αὐτῶν
891 3525 1042 3572 τινας
1077 3507 1428 3578 βλάπτεσθαι.
1448 3509 1540 3560 Ἐκ
1570 3507 1625 3560 δὲ
1659 3507 1750 3560 τοῦ

158 3599 504 3669 Εὑαγγελίου
556 3602 824 3672 ἐχρήσατο
874 3602 987 3667 τοῖς
1035 3599 1128 3653 τοῦ
1171 3601 1502 3669 Εὑαγγελίου
1543 3603 1752 3674 ῥήμασι

155 3694 275 3756 τοῖς
329 3691 603 3760 λέγουσιν,
637 3693 740 3756 ὅτι,
782 3694 863 3746 Οὐ
913 3691 980 3745 τὸ
1023 3694 1528 3761 εἰσπορευόμενον
1565 3694 1760 3747 κοινοῖ

157 3783 268 3837 τὸν
299 3784 636 3852 ἄνθρωπον.
668 3782 799 3839 Εἶτα
830 3785 924 3839 καὶ
951 3785 1078 3857 περὶ
1099 3785 1373 3854 γυναικῶν
1393 3783 1754 3856 αἰχμαλώτων

158 3871 249 3940 αἷς
307 3877 358 3929 οἱ
418 3878 683 3950 βάρϐαροι
738 3877 1183 3950 συνεφθάρησαν·
1222 3878 1316 3931 καί
1355 3895 1538 3949 φησιν,
1571 3879 1674 3942 ὅτι,
1707 3879 1755 3932 εί

160 3970 265 4039 μὲν
288 3971 320 4022 ὁ
347 3969 542 4042 πρώην
573 3971 751 4024 αὐτῶν
767 3970 880 4042 βίος
908 3972 1350 4042 κατεγνωσμένος
1371 3968 1460 4043 ἦν,
1483 3973 1757 4036 ὑπόπτους

155 4063 335 4124 αὑτάς
388 4065 534 4116 ποιεῖ
583 4065 615 4133 ή
673 4064 906 4136 πορνικὴ
949 4065 1060 4131 ἕξις
1095 4066 1189 4118 καὶ
1229 4067 1288 4118 ὲν
1341 4063 1420 4135 τῷ
1452 4064 1630 4135 καιρῷ
1660 4065 1758 4134 τῆς

160 4153 567 4224 αἰχμαλωσίας.
621 4155 732 4207 Καὶ
777 4155 865 4208 διά
907 4156 1065 4209 τοῦτο
1106 4156 1411 4228 προχείρως
1456 4156 1648 4219 αὑταῖς
1693 4155 1754 4207 οὐ

161 4243 528 4314 συνεύχεσθαι
555 4245 652 4309 δεῖ,
677 4247 812 4300 ἀλλὰ
847 4247 985 4318 μετὰ
1012 4247 1070 4301 τὸ
1096 4248 1378 4302 δουλεῦσαι
1405 4248 1605 4320 δηλαδὴ
1635 4251 1757 4301 ὲπι-

160 4337 556 4409 τιμίοις.”Εξις
585 4338 642 4391 δέ
673 4340 818 4392 ἐστιν
853 4341 885 4410 ἡ
923 4339 1106 4412 μακρὰ
1137 4339 1395 4411 συνήθεια
1423 4341 1516 4393 καὶ
1541 4339 1616 4411 τῷ
1641 4340 1758 4410 χρό-

160 4449 237 4500 νῳ
274 4429 636 4498 παγιωθεῖσα,
673 4431 794 4502 ἥτις
827 4433 921 4485 καὶ
954 4432 1111 4501 φύσει
1145 4433 1490 4504 προσέοικενο
1525 4432 1665 4486 ὥστε
1699 4433 1754 4486 αἱ

1839 577 1856 608 ι
1893 558 2206 628 suspicione
2265 557 2499 611 alienam
2561 556 2797 622 priorem
2851 557 3018 610 vitam
3085 559 3405 626 ostenderit,

1838 669 1856 701 ι
1897 665 2042 704 nunc
2065 650 2116 704 vi
2139 659 2192 704 et
2222 651 2546 705 necessitate
2565 649 2630 702 ad
2664 649 2924 718 probrum
2957 652 3410 707 contumeliamve

1838 761 1856 794 ι
1897 743 2046 812 lapsa
2079 742 2472 807 sit;liabemus
2519 741 2832 810 exemplum
2875 742 3020 811 quod
3049 751 3131 797 est
3178 742 3232 796 in
3272 741 3412 797 Deu—

1837 853 1856 885 ι
1900 834 2226 899 teronomio,
2257 833 2324 887 de
2349 832 2773 896 adolescentula,
2805 847 2970 900 quam
2997 832 3160 887 homo
3193 831 3247 884 in
3278 848 3410 901 agro

1839 945 1858 978 ι
1896 925 2122 990 invenit,
2171 935 2224 980 et
2255 940 2319 979 ea
2358 925 2411 979 vi
2453 939 2769 994 compressa
2810 940 2936 979 eum
2984 923 3100 992 ipsa
3147 924 3408 978 dormiit:

1839 1038 1857 1071 ι
1897 1018 2331 1084 Adolescentulre,
2375 1018 2572 1087 inquit,
2597 1017 2727 1070 nihil
2755 1017 2983 1086 facietis.
3014 1025 3210 1069 nonest
3231 1016 3413 1070 adole-

1841 1130 1859 1163 ι
1901 1111 2148 1165 scentula:
2168 1119 2438 1178 peccatum
2468 1111 2690 1164 mortis:
2739 1111 2864 1179 quia
2894 1109 3334 1179 quemadmodum
3367 1111 3414 1162 si

1840 1222 1860 1255 ι
1897 1205 2012 1274 quis
2037 1205 2188 1256 homo
2219 1203 2466 1256 adversus
2500 1204 2798 1271 proximum
2845 1219 2999 1255 suum
3040 1203 3412 1270 insurrexeril,

1841 1315 1859 1348 ι
1893 1309 1942 1350 ει
1973 1296 2138 1364 ipsius
2181 1295 2414 1348 animam
2456 1304 2621 1348 morte
2649 1295 2905 1362 olfecerit,
2936 1295 3014 1347 sic
3045 1295 3155 1350 haec
3199 1311 3278 1348 res
3302 1306 3416 1360 est;

1840 1406 1860 1440 ι
1899 1387 2291 1442 adolescentulo
2321 1387 2638 1441 exclamavit
2663 1429 2676 1453 ,
2702 1397 2750 1441 et
2781 1404 2883 1441 non
2913 1399 3028 1441 erat
3057 1390 3147 1457 qui
3179 1390 3227 1442 ei
3269 1403 3416 1456 opem

1842 1499 1861 1533 ι
1899 1481 2058 1551 [erret
2089 1481 2131 1534 ⁸.
2161 1479 2287 1536 Haec
2310 1481 2528 1551 quidem
2560 1489 2708 1536 certe
2739 1481 2812 1534 ita
2846 1497 2904 1536 se
2929 1481 3153 1536 habent.
3191 1500 3210 1532 ι

1905 1665 2064 1721 ΒΑιε.
2108 1664 2342 1721 Sanctus
2385 1665 2753 1736 interrogatus
2802 1663 2934 1734 quid
2992 1672 3241 1734 oporteat
3296 1663 3412 1718 fieri

1837 1759 2180 1824 Christianis,
2212 1759 2305 1828 qui
2351 1773 2380 1812 a
2408 1758 2658 1813 barbaris
2687 1757 2826 1827 capti
2873 1767 3022 1820 sunt,
3053 1766 3108 1811 et
3132 1771 3254 1826 qua:
3284 1756 3419 1825 ipsis

1839 1853 1906 1907 ab
1929 1853 2008 1906 eis
2032 1851 2440 1921 apponebautur
2464 1850 2760 1921 idolothyta
2782 1849 3167 1915 comederunt;
3194 1863 3420 1918 respou-

1838 1945 1918 2000 dit
1943 1963 1955 1999 :
1984 1943 2046 1999 Hi
2079 1944 2182 2000 cibi
2215 1959 2322 1997 non
2348 1951 2592 2013 gravant,
2629 1942 2680 1995 id
2711 1951 2811 2006 est,
2838 1957 2944 1994 non
2969 1955 3129 2009 grave
3155 1939 3418 1994 damnum

1840 2037 2106 2103 afferunt;
2138 2043 2192 2091 et
2213 2037 2446 2089 maxime
2469 2034 2611 2103 quod
2635 2048 2776 2087 unus
2807 2041 2889 2087 est
2920 2047 3101 2085 sermo
3131 2031 3272 2099 apud
3301 2046 3421 2084 om-

1839 2146 1956 2195 nes,
1990 2131 2105 2186 sive
2135 2129 2278 2199 quod
2304 2141 2494 2182 omnes
2515 2127 2721 2189 dicunt,
2760 2125 2918 2179 idolis
2949 2139 3053 2177 non
3083 2124 3424 2179 sacriﬁcasse

1839 2224 2125 2287 barbaros,
2154 2223 2246 2293 qui
2275 2222 2328 2276 in
2357 2229 2542 2275 nostra
2571 2219 2917 2274 incursiones
2960 2218 3157 2273 fecere.
3191 2217 3424 2271 Adducit

1841 2323 2019 2368 autem
2069 2324 2123 2368 et
2172 2329 2238 2367 ex
2273 2312 2536 2382 Apostolo
2567 2319 2620 2365 et
2648 2327 2714 2366 ex
2749 2310 3049 2379 Evangelio
3099 2310 3416 2388 sententias.

1842 2404 1922 2458 Ex
1949 2404 2214 2474 Apostolo
2247 2404 2464 2472 quidem
2501 2421 2515 2457 :
2548 2401 2698 2457 Escae
2743 2403 2929 2464 ventri,
2959 2410 3007 2454 et
3043 2409 3220 2455 uenter
3253 2401 3422 2462 escis;

1844 2493 1984 2547 Deus
2012 2501 2184 2546 autem
2227 2501 2275 2545 et
2316 2507 2433 2545 eum
2461 2501 2510 2544 et
2535 2490 2629 2544 has
2659 2491 2913 2544 destruet.
2955 2490 3059 2556 Qui
3090 2490 3306 2560 quidem
3338 2489 3424 2542 lo-

1844 2601 1943 2640 cus
1991 2583 2323 2654 apostolicus
2361 2582 2603 2652 loquitur
2637 2583 2704 2637 de
2736 2582 3031 2651 repletione
3061 2591 3116 2635 et
3141 2581 3376 2652 ingluvie
3409 2599 3422 2635 :

1842 2686 1896 2733 et
1918 2691 2073 2731 escas
2100 2675 2314 2746 quidem
2343 2675 2588 2728 nominat
2607 2689 2670 2726 ea
2701 2689 2821 2742 quae
2846 2681 2974 2726 sunt
2999 2687 3424 2740 supervacanea,

1845 2785 1910 2824 ac
1933 2768 2187 2834 delicias;
2219 2774 2460 2822 ventrem
2495 2775 2699 2831 autem,
2736 2765 3090 2819 voracitatem
3120 2764 3276 2828 dixit,
3315 2780 3424 2816 non

1845 2879 1974 2917 vero
2012 2860 2394 2916 ventriculum.
2426 2858 2530 2913 Per
2572 2859 2686 2913 haec
2717 2868 2897 2912 autem
2945 2857 3079 2912 dicit
3117 2857 3428 2926 Apostolus,

1846 2947 1988 3016 quod
2013 2951 2344 3002 exsaturatio
2374 2955 2428 3000 et
2454 2946 2613 3001 luxus
2639 2945 2706 2999 ad
2742 2945 3034 3014 ingluviem
3062 2946 3429 3014 pertinet,sed

1848 3057 2023 3109 neque
2052 3039 2119 3094 ad
2163 3039 2330 3094 Deum
2361 3038 2580 3094 deducit
2611 3058 2624 3092 :
2666 3039 2813 3091 luxui
2848 3048 3028 3092 autem
3064 3038 3316 3106 iugluviei
3348 3037 3429 3088 vit

1849 3131 1985 3186 tium
2038 3130 2305 3185 familiare
2357 3130 2621 3192 redditur,
2661 3136 2715 3182 ct
2768 3129 2996 3182 alterum
3045 3129 3196 3182 alteri
3244 3128 3428 3182 servit.

1851 3221 1994 3277 Deus
2027 3234 2208 3276 autem
2245 3237 2307 3276 ea
2334 3221 2508 3276 otiosa
2541 3229 2594 3274 et
2623 3218 2919 3274 inefﬁcacia
2954 3220 3168 3284 eiliciet,
3195 3229 3254 3274 ut
3295 3219 3431 3273 nulli

1850 3314 1918 3367 ab
1948 3313 2028 3368 eis
2058 3313 2341 3368 laedantur.
2383 3311 2461 3365 Ex
2489 3311 2779 3380 Evangelio
2811 3321 2995 3365 autem
3035 3328 3167 3367 usus
3199 3321 3285 3367 est
3314 3329 3435 3368 ver-

1851 3405 1937 3460 bis
1970 3403 2242 3474 Evangelii
2272 3420 2394 3474 qua:
2421 3403 2611 3459 dicunt
2645 3419 2659 3457 :
2689 3402 2843 3468 Quod
2889 3404 3055 3457 intrat
3083 3421 3175 3472 per
3203 3420 3283 3469 os,
3329 3421 3434 3458 non

1850 3498 2155 3567 coinquinat
2180 3497 2462 3551 hominem.
2491 3496 2692 3550 Deinde
2721 3497 2786 3550 de
2819 3497 3046 3565 captivis
3068 3513 3284 3566 quoque
3314 3514 3435 3552 mu-

1855 3591 2099 3655 lieribus,
2133 3591 2334 3661 quibus
2367 3589 2580 3644 barbari
2609 3601 2857 3660 stuprum
2892 3589 3191 3644 intulerunt
3219 3605 3234 3643 :
3266 3601 3318 3644 et
3347 3590 3433 3645 di-

1853 3683 1950 3746 cit,
1989 3683 2134 3752 quod
2181 3681 2226 3737 si
2283 3683 2455 3751 prima
2486 3683 2702 3752 quidem
2738 3698 2926 3735 eorum
2969 3681 3078 3735 vita
3119 3691 3262 3735 esset
3297 3696 3429 3734 cono

1854 3775 2127 3840 demnala,
2175 3785 2458 3844 suspectas
2515 3790 2612 3829 eas
2661 3773 2790 3828 facit
2843 3773 3172 3828 fornicarius
3219 3772 3438 3827 habitus

1855 3867 2017 3922 etiam
2047 3876 2288 3936 tempore
2319 3866 2666 3934 captivitatis.
2705 3865 2768 3919 Et
2794 3875 3078 3935 propterea
3122 3879 3228 3918 non
3273 3879 3438 3933 opor-

1857 3969 1933 4014 tet
1967 3958 2122 4013 facile
2154 3975 2277 4014 cum
2309 3958 2390 4012 eis
2421 3973 2599 4021 orare,
2633 3958 2726 4013 sed
2768 3969 3055 4028 postquam
3084 3957 3261 4026 pinnis
3295 3957 3438 4011 vide-

1858 4052 1984 4107 licet
2014 4051 2285 4121 impositis
2320 4067 2378 4105 se
2425 4050 2831 4105 submisissent.
2866 4049 2961 4105 Est
3003 4062 3180 4104 autem
3217 4049 3436 4105 habitus

1857 4141 2017 4212 longa
2050 4141 2408 4205 consuetudo,
2449 4156 2570 4209 qua:
2597 4149 2838 4209 tempore
2871 4155 3088 4210 quoque
3117 4139 3437 4194 confirmata

1857 4243 1974 4296 est,
2037 4247 2160 4300 quae
2215 4230 2280 4284 ad
2341 4241 2592 4284 naturam
2647 4232 2808 4285 etiam
2865 4231 3222 4286 similitudine
3274 4247 3438 4301 quam

1859 4322 2105 4392 proxime
2131 4321 2554 4388 accedit.Quare
2581 4339 2701 4392 quae
2731 4323 2866 4379 tales
2893 4340 3001 4379 non
3027 4333 3172 4388 sunt,
3204 4325 3438 4390 violatae,

1861 4430 1969 4469 non
2003 4425 2316 4484 peccarunt.
2358 4413 2619 4485 Exemplo
2667 4426 2848 4470 autem
2885 4433 3017 4472 usus
3051 4425 3135 4472 est
3169 4417 3284 4488 lege
3321 4434 3442 4487 quat:

163 4525 239 4595 μὴ
297 4522 547 4578 τοιαῦται
611 4525 709 4593 οὐχ
751 4525 997 4595 ἥμαρτον
1048 4524 1369 4594 βιασθεῖσαι.
1423 4526 1532 4578 Καὶ
1583 4541 1747 4596 παρα-

1867 4504 1918 4558 in
1957 4505 2374 4560 Deuteronomio
2406 4505 2652 4572 habetur,
2686 4507 2752 4561 de
2791 4508 3001 4578 virgine
3033 4509 3121 4562 cui
3155 4509 3208 4562 in
3251 4509 3440 4564 solitu-

159 4618 424 4687 δείγματι
456 4615 722 4687 κέχρηται
765 4620 832 4687 τῇ
877 4619 935 4669 ὲν
963 4616 1042 4682 τῷ
1069 4617 1470 4688 Δευτερονομίῳ
1498 4617 1759 4688 θεσμοθε-

159 4713 258 4783 σία
290 4713 362 4781 τῇ
394 4711 527 4782 περὶ
560 4710 658 4780 τῆς
691 4708 1040 4779 ὑϐρισθείσης
1073 4709 1341 4780 παρθένου
1375 4709 1515 4762 κατά
1552 4708 1672 4779 βίαν
1701 4710 1758 4763 ὲν

160 4805 400 4876 ἐρημία.
430 4803 541 4856 Καὶ
591 4803 656 4856 τά
702 4802 800 4872 μὲν
850 4802 944 4856 τοῦ
993 4804 1214 4866 κανόνος
1246 4803 1304 4854 ἐν
1335 4802 1759 4864 τούτοις.Ἕοικε

158 4896 218 4949 δὲ
242 4899 274 4949 ὀ
301 4896 460 4964 ἅγιος
489 4894 597 4948 ἀπὸ
629 4893 722 4946 τοῦ
748 4895 922 4947 εἰπεῖν
953 4894 1026 4964 μὴ
1053 4892 1352 4962 ἐπάγεσθαι
1381 4893 1601 4964 βαρεῖαν
1633 4891 1761 4968 βλά-

161 4990 268 5060 δην
303 4990 419 5052 τοῖς
460 4986 694 5055 φαγοῦσι
727 4985 793 5039 τά
825 4985 1146 5038 εἰδωλόθυτα
1189 4985 1600 5056 παρατιθέμενα
1636 4983 1758 5037 τού-

162 5099 283 5145 τοις
311 5079 467 5150 παρά
492 5078 599 5131 τῶν
635 5078 945 5151 βαρϐάρων,
981 5078 1075 5132 καὶ
1097 5079 1204 5132 ὰπὸ
1231 5079 1326 5131 τοῦ
1355 5079 1532 5148 λέγειν
1562 5081 1763 5150 πληρο-

162 5170 461 5244 φορεῖσθαι
493 5169 698 5234 πάντας
734 5169 808 5241 μὴ
841 5170 1093 5237 γενέσθαι
1126 5170 1250 5234 τοὺς
1282 5169 1592 5242 βαρϐάρους
1621 5171 1766 5224 εἰδω-

160 5264 422 5327 λοθύτας,
469 5262 562 5315 καὶ
605 5263 715 5314 ἀπὸ
758 5261 851 5314 τοῦ
893 5261 1199 5332 χρήσασθαι
1241 5266 1352 5326 τοῖς
1391 5262 1766 5326 ἁποστολικοίς

163 5359 383 5431 ῥήμασι
432 5357 545 5417 τοῖς
589 5352 988 5424 διαλεγομένοις
1025 5355 1154 5423 περὶ
1187 5355 1398 5424 τρυφῆς
1439 5355 1532 5407 καὶ
1561 5353 1766 5425 ἀδηφα-

165 5450 326 5516 γίας,
361 5448 628 5503 ὡσαύτως
661 5446 754 5500 καὶ
797 5449 911 5510 τοῖς
955 5446 1329 5516 εὐαγγελικοῖς
1357 5447 1425 5500 τὰ
1466 5445 1604 5500 αὐτὰ
1648 5446 1764 5500 δια-

161 5539 536 5609 λαμϐάνουσι,
569 5538 642 5608 μὴ
689 5537 868 5608 ἁπλῆν
911 5539 1134 5610 ποιῆσαι
1162 5540 1260 5610 τὴν
1289 5539 1600 5610 ἀπόκρισιν,
1633 5538 1768 5592 ἀλλὰ

162 5630 559 5704 διαιρουμένην
589 5631 669 5693 εἰς
697 5631 969 5698 φαγόντας
1013 5629 1338 5684 εἰδωλόθυτα
1383 5628 1523 5683 κατὰ
1556 5629 1769 5702 τρυφὴν

239 5789 261 5820 ¹¹
299 5789 456 5843 Deut.
511 5803 644 5851 χχιι,
683 5785 787 5852 26,
827 5785 918 5842 27.

1862 4596 1990 4652 dine
2017 4613 2113 4667 per
2146 4598 2255 4651 vim
2289 4597 2550 4666 probrum
2584 4597 2791 4654 illatum
2825 4609 2928 4654 est.
2974 4599 3039 4653 Et
3068 4616 3189 4668 quae
3221 4600 3438 4668 quidem

1861 4689 1928 4742 ad
1959 4704 2223 4743 canonem
2259 4696 2507 4758 spectant
2536 4688 2588 4740 in
2621 4688 2706 4743 his
2739 4690 3066 4744 consistunt.
3095 4689 3319 4744 Videtur
3347 4706 3444 4743 an-

1861 4791 1968 4837 tem
2003 4791 2225 4837 sanctus
2273 4797 2340 4835 ex
2388 4797 2454 4836 eo
2504 4780 2652 4851 quod
2695 4782 2850 4844 dixit,
2883 4798 2990 4836 non
3042 4781 3231 4836 inferri
3282 4799 3444 4851 grave

1862 4874 2120 4928 damnum
2173 4874 2241 4929 iis
2291 4875 2383 4943 qui
2413 4875 2712 4945 idolotbyta
2747 4875 3120 4940 comederunt,
3151 4876 3232 4932 eis
3261 4892 3290 4929 a
3320 4877 3444 4930 bar-

1864 4966 2012 5020 baris
2043 4967 2311 5036 appOsita,
2345 4975 2398 5020 et
2442 4982 2510 5020 ex
2555 4982 2621 5020 eo
2672 4967 2816 5036 quod
2873 4966 3024 5032 dicit,
3059 4984 3250 5023 omnes
3287 4969 3444 5037 plene

1864 5065 2204 5126 compertum
2239 5058 2460 5121 habere,
2487 5057 2748 5112 barbaros
2772 5057 2932 5112 idolis
2955 5073 3060 5111 non
3083 5059 3442 5126 sacrificasse,

1864 5159 1918 5203 et
1949 5164 2013 5203 ex
2047 5164 2112 5204 eo
2146 5149 2290 5217 quod
2327 5150 2494 5202 utitur
2520 5149 2679 5202 dictis
2712 5149 3026 5218 apostolicis
3061 5166 3184 5219 quae
3211 5152 3277 5206 de
3311 5152 3441 5206 luxu

1865 5249 1919 5296 et
1952 5240 2187 5311 ingluvie
2215 5241 2510 5303 disserunt,
2550 5239 2800 5292 similiter
2847 5250 2899 5294 et
2949 5242 3296 5309 evangelicis,
3323 5259 3451 5312 quae

1866 5333 2054 5388 eadem
2106 5341 2360 5395 tractant,
2400 5348 2510 5384 non
2555 5330 2749 5386 fecisse
2797 5331 3096 5400 simplicem
3130 5335 3444 5402 responsio-

1870 5439 2019 5488 nem,
2051 5423 2143 5478 sed
2178 5439 2299 5492 quae
2329 5423 2590 5476 dividitur
2637 5423 2691 5477 in
2741 5437 2835 5478 eos
2886 5425 2976 5492 qui
3026 5423 3318 5496 idolothyla
3354 5441 3448 5493 per

1869 5515 2090 5570 delicias
2118 5529 2214 5568 sua
2245 5525 2437 5584 sponte
2464 5516 2849 5580 comederunt;
2873 5515 2924 5568 in
2949 5531 3044 5569 eos
3065 5516 3157 5586 qui
3190 5517 3239 5568 vi
3265 5533 3294 5571 a
3325 5518 3449 5572 bar-

1869 5606 2020 5664 baris
2055 5607 2226 5662 coacti
2258 5605 2642 5674 comederunt;
2674 5607 2724 5661 in
2751 5623 2844 5662 eos
2871 5608 2960 5677 qui
2991 5619 3207 5678 propter
3244 5620 3450 5664 natm-se
