3876 6506
492 338 631 395 1023

1601 335 1660 394 s.
1703 313 2030 393 caecout!
2069 331 2578 392 THAUMATURGI

3581 330 3717 385 itm

491 456 867 512 necessitatem
897 470 992 510 eas
1030 469 1187 509 escas
1231 452 1496 517 fecerunt,
1529 461 1584 507 et
1624 453 1679 506 in
1723 468 1820 508 eos
1865 454 1957 522 qui
1988 452 2041 506 ad

2155 450 2352 513 ἑκοντὶ,
2382 450 2460 512 εἰς
2492 449 2617 511 τοὺς
2658 445 2796 500 κατὰ
2837 444 2956 516 βίαν
2985 444 3093 498 τῶν
3132 443 3417 517 βαρϐάρων
3454 444 3721 512 φαγόντας

488 549 602 602 hzec
639 548 691 599 vi
723 547 989 614 compulsi
1013 555 1140 602 sunt
1167 563 1197 600 a
1229 545 1496 606 barbaris.
1525 547 1617 616 qui
1650 545 1806 600 idolis
1837 559 1943 598 non
1965 560 2053 599 sa-

486 638 822 692 criﬁcarunt.
853 637 1026 714 Unde,
1057 647 1116 692 ut
1144 637 1276 692 mihi
1303 639 1534 706 videtur,
1565 638 1748 693 nullus
1769 652 1956 693 eorum
1985 637 2053 692 ab

484 730 633 783 omni
693 731 848 800 culpa
911 731 1171 786 immunis
1230 731 1354 786 erit.
1385 729 1489 797 Qui
1537 745 1598 784 ea
1650 731 1794 784 enim
1840 741 2054 800 propter

485 821 673 874 luxum
726 831 781 876 et
828 823 1052 878 delicias
1093 824 1469 888 comederunt,
1525 823 1822 892 majoribus
1877 823 2052 891 poenis

483 912 869 980 subjicientur;
898 914 991 982 qui
1019 926 1240 984 propter
1269 916 1666 978 necessitatem.
1705 923 1760 970 et
1801 916 2051 985 corporis

481 1002 901 1068 nutrimentum,
935 1013 986 1058 et
1019 1014 1078 1057 ut
1105 1005 1197 1074 qui
1245 1020 1352 1060 non
1400 1005 1611 1074 possint
1639 1006 1796 1060 aliter
1828 1006 2047 1069 nutriri.

481 1093 664 1148 minus
694 1095 1006 1162 punientur.
1042 1093 1257 1164 Reliqui
1287 1110 1505 1165 quoque
1532 1105 1751 1165 propter
1779 1111 1932 1151 esum
1960 1111 2052 1150 ex-

480 1187 801 1242 secrabilem
833 1189 1015 1243 mitius
1041 1190 1354 1258 punientur.
1388 1204 1453 1242 eo
1481 1190 1624 1258 quod
1660 1197 1884 1244 sanctus
1913 1203 2051 1258 quo-

477 1292 586 1345 que
610 1272 880 1333 dicit'non
913 1295 1072 1350 grave
1108 1295 1229 1335 esse
1275 1279 1570 1350 idolothyta
1599 1281 1901 1343 comedere,
1928 1294 2050 1350 quae

479 1369 549 1422 ab
604 1370 672 1423 iis
723 1381 1071 1440 apponuntur
1119 1372 1214 1440 qui
1262 1371 1422 1426 idolis
1470 1388 1575 1426 non
1624 1371 2045 1426 sacriﬁcarunt:

477 1476 586 1515 non
625 1470 706 1515 est
738 1471 916 1516 tamen
952 1463 1020 1517 ab
1057 1464 1204 1517 omni
1235 1466 1447 1533 penitus
1473 1465 1892 1532 reprehensione
1920 1463 2049 1519 alie-

477 1568 630 1608 num.
679 1553 1093 1624 luterrogaverit
1121 1567 1298 1612 autem
1329 1559 1596 1628 quispiam
1633 1576 1647 1612 :
1674 1555 1810 1611 Cum
1843 1574 1932 1612 xxv
1956 1573 2047 1613 ca-

477 1662 586 1700 non
620 1647 762 1701 beati
789 1647 935 1703 Petri
967 1651 1357 1721 archiepiscopi
1388 1652 1735 1706 Alexandrini
1762 1661 1815 1707 et
1844 1660 2046 1722 marty-

475 1738 554 1794 ris
582 1741 874 1806 contineat,
907 1759 1002 1798 eos
1031 1745 1125 1814 qui
1171 1745 1224 1799 vi
1272 1746 1550 1817 tyrannica
1585 1747 1848 1816 compulsi
1877 1747 2046 1802 idolo-

474 1835 627 1905 thyta
657 1836 1012 1890 comederunt
1057 1845 1112 1890 et
1160 1837 1344 1892 itidem
1379 1838 1778 1902 sacriﬁcarunt,
1808 1852 1915 1892 non
1946 1852 2048 1906 pu-

477 1928 603 1989 niri,
633 1927 727 1981 sed
759 1927 938 1995 potius
967 1942 1089 1983 esse
1117 1929 1278 1983 etiam
1310 1929 1365 1984 in
1393 1930 1559 1992 clero,
1591 1930 1635 1984 si
1677 1928 1788 1984 sint
1824 1927 2042 1991 clerici;

473 2021 750 2088 quomodo
796 2022 1038 2077 decernit
1079 2036 1317 2092 praesens
1370 2022 1486 2075 haec
1530 2021 1779 2090 epistola,
1805 2036 1900 2076 eos
1951 2020 2046 2090 qui

476 2107 772 2180 idolothyta
803 2113 1173 2176 comederunt,
1205 2129 1306 2165 non
1333 2115 1560 2182 graviter
1583 2113 1704 2166 lwdi
1733 2129 1752 2166 :
1784 2120 1842 2166 ut
1872 2098 1937 2165 ex
1977 2126 2045 2166 eo

426 2223 436 2234 ε
476 2211 762 2268 appareat,
795 2203 942 2271 ipsos
983 2203 1316 2257 mediocriter
1349 2205 1505 2258 laedi?
1538 2204 1767 2258 Solutio.
1813 2201 2046 2257 Sanctus

472 2305 678 2364 martyr
725 2293 939 2362 Petrus,
976 2295 1028 2349 in
1061 2312 1150 2349 xw
1191 2311 1292 2351 suo
1337 2312 1564 2361 canone,
1603 2297 1766 2350 etiam
1816 2295 1871 2349 in
1925 2295 2044 2364 ipso

470 2382 873 2438 immolatorum
906 2401 1002 2440 esu
1038 2387 1266 2440 athletas
1309 2396 1575 2457 martyres
1601 2385 1768 2441 fuisse
1803 2395 1857 2439 et
1890 2386 2043 2440 testi-

470 2475 714 2528 monium
746 2476 1041 2544 prazbuisse
1075 2477 1338 2545 perhibet.
1367 2476 1504 2531 Dicit
1531 2477 1674 2530 enim
1709 2477 1853 2546 quod
1877 2477 2040 2532 etiam

471 2562 861 2618 ferramentum
902 2566 955 2618 iu
987 2583 1049 2620 os
1081 2567 1323 2636 ipsorum
1357 2568 1609 2636 injectum
1637 2576 1741 2633 est,
1768 2576 1823 2621 et
1847 2582 2043 2622 manus

471 2672 658 2711 eorum
687 2666 822 2712 usta:
860 2667 1008 2724 sunt,
1037 2669 1109 2724 et,
1141 2671 1199 2712 ut
1231 2661 1397 2715 semel
1423 2661 1624 2726 dicam,
1652 2661 1716 2715 ad
1750 2661 2043 2716 immolatis

467 2751 795 2804 vescendum
825 2750 974 2802 nullo
1007 2751 1167 2804 modo
1192 2762 1612 2819 consenserunt,
1646 2768 1744 2808 nec
1781 2753 1944 2808 etiam
1971 2753 2040 2808 ad

469 2840 632 2896 idolis
661 2843 1102 2900 sacriﬁcandum.
1131 2845 1376 2900 Praesens
1404 2855 1584 2900 autem
1630 2845 1890 2900 canonica
1925 2846 2039 2915 epi-

469 2933 608 2988 stola
642 2944 837 2990 tractat
868 2937 924 2990 in
960 2938 1245 3007 principio,
1276 2938 1519 3006 captivos
1549 2938 1766 3006 quidem
1794 2939 2038 3007 apposita

468 3024 572 3078 sibi
606 3024 901 3096 idolothyta
931 3027 980 3080 vi
1009 3027 1332 3091 comedisse,
1370 3028 1462 3082 sed
1495 3044 1602 3081 non
1629 3027 1791 3080 etiam
1819 3041 1885 3082 eo
1916 3026 2038 3096 ipso

467 3124 711 3184 tempore
747 3132 858 3185 quo
885 3119 1258 3182 comedebant,
1290 3121 1570 3190 tyrannica
1608 3118 1863 3173 violentia
1886 3133 2033 3173 com-
2067 3146 2110 3204 ο

470 3209 654 3277 pulsos
686 3209 887 3275 fuisse;
915 3220 967 3264 et
1011 3211 1132 3266 ideo
1163 3212 1278 3265 vult
1319 3227 1432 3278 eos,
1461 3223 1520 3267 ut
1566 3214 1660 3282 qui
1706 3214 1930 3267 omnino
1958 3224 2042 3286 ty-

467 3317 766 3358 rannorum
820 3305 1085 3359 voluntati
1134 3305 1434 3369 cesserint,
1501 3306 1778 3361 moderate
1835 3307 2036 3378 puniri.

471 3393 736 3450 Existimo
784 3406 964 3451 autem
1015 3414 1136 3468 ego,
1166 3399 1311 3468 quod
1357 3398 1818 3468 quemadmodum
1870 3400 2040 3455 idolo-

470 3489 618 3558 thyta
649 3489 949 3552 comedere,
980 3506 1010 3546 a
1042 3491 1292 3546 barbaris
1340 3491 1432 3560 qui
1480 3506 1588 3544 non
1641 3492 2038 3557 sacriﬁcarunt,

467 3581 832 3649 compulsum,
868 3598 976 3636 non
1015 3592 1098 3638 est
1148 3584 1217 3639 ab
1265 3584 1412 3639 omni
1447 3583 1862 3653 reprehensione
1909 3583 2040 3637 libe-

468 3688 624 3739 rum;
659 3672 732 3726 ita
765 3688 863 3728 nec
882 3674 1227 3730 barbaricum
1257 3683 1503 3744 stuprum
1533 3675 1582 3729 vi
1613 3690 1925 3744 perpessum
1957 3689 2040 3728 es-

466 3778 528 3818 se
561 3782 575 3818 :
606 3779 732 3818 nam
778 3766 882 3820 hoc
932 3783 1150 3837 quoque
1199 3768 1408 3822 modice
1449 3767 1721 3837 punietur.
1755 3766 1869 3822 Etsi
1893 3767 2038 3821 enim

467 3854 553 3908 lex
580 3855 752 3912 civilis
788 3858 916 3913 dicit
945 3859 996 3911 in
1025 3859 1118 3912 lib.
1152 3875 1240 3924 ιι,
1271 3861 1353 3913 tit.
1382 3859 1472 3926 '58,
1491 3875 1540 3914 c.
1574 3860 1661 3925 12,
1696 3861 1932 3914 themate
1959 3859 1992 3914 6
2021 3877 2036 3914 :

468 3944 642 4000 Etiam
679 3962 741 4003 ea
769 3964 890 4019 quin
924 3951 992 4002 ab
1023 3950 1272 4004 hostibus
1295 3959 1379 4004 est
1410 3951 1736 4017 adulterata,
1767 3967 1831 4007 ac
1860 3967 2038 4007 rever-

466 4053 549 4102 sa,
579 4054 607 4092 a
634 4041 748 4092 viro
776 4043 903 4109 (non
931 4043 1029 4096 rite
1053 4042 1193 4110 viro)
1221 4053 1528 4109 accusatur,
1551 4043 1652 4098 nisi
1681 4045 1785 4099 hoc
1807 4045 1857 4097 vi
1879 4059 2038 4114 passa

464 4139 572 4192 est,
622 4139 676 4184 et
709 4132 810 4186 hoc
839 4135 1001 4188 modo
1043 4135 1089 4187 ei
1130 4119 1332 4189 cuivis
1376 4135 1538 4189 allata
1586 4145 1688 4202 est,
1717 4136 2038 4207 ignoscitur,

467 4235 569 4275 nec
597 4221 648 4274 id
674 4231 730 4276 et
761 4223 1166 4277 matrimonium
1193 4225 1398 4278 dirimit
1429 4243 1441 4279 :
1468 4228 1560 4280 sed
1594 4227 1676 4280 lex
1707 4226 2041 4280 ecclesiasti-

463 4325 552 4375 ca,
578 4325 698 4364 eam
727 4328 849 4382 qua:
877 4315 1101 4368 omnino
1125 4330 1156 4368 a
1185 4314 1418 4368 barbaro
1448 4315 1653 4384 polluta
1681 4325 1785 4381 est,
1815 4316 1918 4370 nisi
1947 4331 2041 4384 per

464 4417 683 4472 poenam
730 4420 865 4473 pura
915 4406 1005 4470 sit,
1035 4421 1144 4461 non
1179 4406 1338 4461 sinet.
1370 4405 1510 4476 Lege
1541 4415 1594 4461 et
1624 4420 1717 4460 cm
1771 4406 2038 4460 novellam

2151 541 2343 606 ταῦτα,
2365 543 2444 604 εἰς
2469 542 2594 603 τοὺς
2627 539 2693 592 δι’
2717 538 2962 608 ἀνάγκην
2979 537 3080 606 τῆς
3105 536 3316 605 φύσεως
3349 535 3542 607 βρῶμα
3563 553 3720 607 ποιη-

2153 631 2420 702 σαμένους
2450 631 2608 696 αὐτὰ,
2636 629 2731 685 καὶ
2763 632 2843 692 είς
2882 629 3010 692 τοὺς
3043 627 3356 698 βιασθέντας
3389 628 3525 698 πρὸς
3569 629 3723 682 τοῦτο

2151 723 2304 796 παρὰ
2339 722 2648 795 βαρϐάρων,
2678 723 2752 793 μὴ
2799 720 3100 774 τεθυκότων
3145 722 3258 784 τοῖς
3301 719 3724 783 εἰδώλοις.’⁹Οθεν

2151 816 2264 880 καὶ,
2286 815 2360 880 ὡς
2393 817 2516 886 ἐμοὶ
2541 816 2706 874 δοκεῖ,
2735 813 2852 867 οὐδὲ
2887 807 2966 875 εἷς
3003 813 3068 864 ἐκ
3107 811 3309 865 τούτων
3338 811 3722 881 ἀνεπιτίμητος

2150 907 2325 962 ἔσται.
2366 909 2429 960 Οί
2466 906 2576 978 γὰρ
2613 905 2702 958 διὰ
2731 904 2940 978 τρυφὴν
2973 904 3236 975 φαγόντες
3270 903 3442 957 ταῦτα
3485 903 3723 972 μείζοσιν

2149 997 2444 1069 ἐπιτιμίοις
2476 997 2968 1068 ὑποϐληθήσονται·
3003 999 3051 1050 οἱ
3086 996 3152 1050 δι’
3190 996 3436 1067 ἀνάγκην
3470 995 3563 1048 καὶ
3594 997 3724 1048 ἁπο-

2149 1090 2352 1162 τροφὴν
2382 1089 2476 1143 τοῦ
2506 1089 2773 1160 σώματος,
2795 1089 2871 1152 ὡς
2897 1089 2970 1160 μὴ
3005 1089 3216 1158 ἔχοντες
3242 1087 3414 1150 ἄλλως
3447 1087 3566 1148 πῶς
3592 1088 3723 1139 ἀπο-

2148 1183 2441 1254 τραφῆναι,
2475 1183 2710 1253 ἡττόνως
2737 1181 3182 1252 κολασθήσονται.
3211 1181 3320 1234 Καὶ
3351 1183 3401 1232 οἱ
3431 1180 3613 1234 λοιποὶ
3639 1180 3722 1232 διὰ

2148 1276 2248 1347 τὴν
2289 1276 2658 1347 μιαροφαγίαν
2704 1273 3064 1348 μετριώτερον
3104 1275 3612 1345 ὲπιτιμηθήσονται,
3645 1275 3721 1326 ὃτι

2150 1371 2246 1422 καὶ
2283 1371 2311 1422 ὁ
2341 1369 2493 1438 ἅγιος
2522 1369 2581 1422 οὐ
2614 1368 2749 1440 βαρύ
2778 1385 2941 1440 φησιν
2966 1365 3108 1422 εἶναι
3137 1368 3199 1420 τὸ
3227 1369 3418 1437 φαγεῖν
3452 1367 3721 1420 εἰδωλόθυ-

2150 1479 2217 1515 τα
2251 1462 2402 1532 παρὰ
2433 1461 2540 1514 τῶν
2569 1462 2642 1533 μὴ
2666 1461 2942 1516 θυσάντων
2965 1465 3077 1525 τοῖς
3100 1461 3334 1524 εἰδώλοις
3363 1460 3721 1531 παρατιθέμε-

2147 1570 2236 1619 να,
2265 1553 2327 1606 οὐ
2355 1554 2459 1625 μὴν
2489 1553 2583 1608 καὶ
2607 1553 2780 1626 πάντη
2807 1554 3228 1626 ἀκατέγκλητον.
3247 1555 3543 1625 Ἐρωτήσει
3561 1553 3618 1605 δέ
3643 1570 3718 1615 τις

2147 1648 2244 1713 ὡς,
2275 1647 2368 1702 τοῦ
2405 1647 2465 1701 ιδ’
2499 1648 2720 1711 κανόνος
2743 1649 2838 1703 τοῦ
2863 1647 3130 1718 μακαρίου
3152 1645 3359 1718 Πέτρου
3383 1645 3719 1717 ἀρχιεπισκὸ-

2151 1757 2252 1793 που
2290 1739 2690 1811 Ἀλεξανδρείας
2709 1740 2803 1792 ttat
2830 1739 3106 1810 μάρτυρος
3128 1737 3584 1807 διαλαμϐάνοντος
3605 1737 3718 1798 τοὺς

2150 1831 2290 1886 κατά
2350 1832 2468 1903 βίαν
2520 1830 2847 1904 τυραννικὴν
2901 1831 3173 1900 φαγόντας
3232 1828 3582 1892 εἰδωλόθυτα,
3635 1828 3718 1880 καὶ

2147 1925 2574 1996 τοιουτοτρόπως
2601 1923 2888 1986 θύσαντας,
2913 1923 2986 1995 μὴ
3013 1921 3388 1993 ἐπιτιμᾶσθαι,
3424 1921 3565 1974 ἀλλὰ
3600 1919 3718 1989 μᾶλ-

2148 2014 2239 2068 λον
2275 2015 2369 2070 καὶ
2407 2015 2466 2069 ἐν
2495 2014 2574 2086 τῷ
2599 2015 2784 2086 κλήρῳ
2812 2010 2970 2076 εἶναι,
3013 2012 3304 2084 κληρικοὺς
3326 2011 3510 2074 ὄντας,
3544 2010 3658 2073 πῶς
3685 2011 3711 2080 ή

2146 2106 2395 2179 παροῦσα
2435 2105 2690 2177 ἐπιστολὴ
2717 2105 3007 2178 διορίζεται
3046 2105 3172 2167 τοὺς
3208 2104 3483 2172 φαγόντας
3513 2102 3712 2156 εἰδωλό-

2148 2199 2282 2253 θυτα
2299 2198 2386 2270 μὴ
2410 2201 2649 2269 ,βαρέως
2683 2198 3036 2269 βλάπτεσθαι,
3060 2197 3135 2261 ὡς
3163 2198 3225 2248 ἐκ
3251 2196 3442 2249 τούτου
3472 2196 3713 2266 ἐκφαίνε-

2146 2291 2269 2343 σθαι
2292 2290 2620 2361 βλάπτεσθαι
2653 2290 2846 2353 αὐτοὺς
2864 2289 3145 2358 μετρίως;
3176 2289 3364 2351 Λύσις.
3384 2289 3441 2341 'U
3469 2289 3712 2359 Ξερομάρ-

2146 2399 2244 2448 τυς
2277 2383 2484 2454 Πέτρος
2517 2384 2574 2434 ὲν
2602 2382 2680 2452 τῷ
2709 2382 2768 2435 ιδ’
2797 2382 2981 2436 κανόνι
3012 2363 3184 2435 ἀὐτοῦ
3215 2382 3307 2434 καὶ
3345 2381 3477 2451 περὶ
3513 2381 3641 2433 uino
3662 2379 3715 2431 τὺ

2145 2478 2336 2544 φαγεῖν
2365 2477 2434 2529 τὰ
2462 2475 2781 2529 εἰδωλόθυτα
2814 2474 3159 2546 μαρτυρῆσαι
3192 2474 3318 2537 τοὺς
3342 2473 3591 2543 ἀθλητάς
3610 2474 3710 2526 δια·

2145 2569 2428 2640 λαμϐάνει.
2457 2569 2596 2639 Φησὶ
2627 2569 2755 2640 γὰρ,
2790 2568 2871 2621 ὅτι
2902 2569 2994 2620 καὶ
3021 2569 3181 2637 χάνος
3207 2566 3468 2636 ἐνεϐλήθη
3502 2567 3582 2636 τῷ
3611 2565 3711 2617 στό-

2149 2679 2277 2732 ματι
2315 2661 2492 2715 αὐτῶν
2537 2663 2628 2714 καὶ
2661 2663 2718 2713 αἱ
2762 2664 2941 2732 χεῖρες
2985 2659 3190 2713 τούτων
3229 2659 3604 2729 κατεκάησαν,
3633 2658 3711 2710 καὶ

2142 2753 2328 2817 ἁπλῶς
2358 2752 2464 2806 οὐδ’
2487 2753 2626 2818 ὅλως
2656 2753 2936 2805 συνέθεντο
2968 2753 3048 2816 εἰς
3082 2750 3144 2804 τὺ
3177 2750 3512 2804 εἰδωλόθυτα
3538 2750 3708 2819 φαγεῖν

2141 2844 2173 2916 ἥ
2200 2846 2279 2908 εἰς
2309 2845 2370 2898 τὸ
2402 2844 2564 2899 θῦσαι
2593 2847 2704 2908 τοῖς
2737 2842 2995 2906 εἰδώλοις.
3014 2844 3077 2896 Ἡ
3105 2844 3160 2896 δὲ
3192 2842 3443 2914 παροῦσα
3468 2839 3708 2908 κανονιιὴ

2141 2937 2394 3008 ἐπιστολὴ
2420 2937 2772 3007 διαλαμϐάνει
2801 2935 2942 2990 κατὰ
2968 2935 3066 2998 τὰς
3085 2935 3281 3007 ἀρχὰς,
3305 2935 3450 2989 κατὰ
3480 2934 3605 3003 βίαν
3626 2933 3709 3002 μὲν

2142 3032 2334 3098 φαγεῖν
2366 3030 2491 3093 τοὺς
2512 3027 2887 3100 αἰχμαλώτους
2911 3026 2980 3080 τὰ
3014 3027 3423 3099 παρατιθέμενα
3448 3028 3625 3087 αὐτοῖς
3644 3025 3710 3076 εξ-

2141 3119 2432 3183 δωλόθυτα,
2465 3119 2525 3172 οὐ
2559 3120 2663 3191 μὴν
2693 3120 2788 3173 καὶ⁹
2815 3121 2936 3172 κατ’
2969 3119 3102 3172 αὐτὸ
3130 3118 3191 3172 τὸ
3227 3120 3424 3186 φαγεῖν
3461 3134 3710 3188 τυραννη-

2148 3210 2327 3280 θῆναι,
2355 3213 2450 3264 καὶ
2479 3211 2566 3264 διὰ
2593 3211 2750 3264 τοῦτο
2781 3211 2925 3265 θέλει
2949 3215 3024 3275 ὡς
3049 3209 3184 3273 ὅλως
3219 3208 3606 3278 ὑποκύψαντας
3642 3207 3710 3276 τῷ

2145 3303 2410 3376 θελήματι
2457 3303 2551 3356 τοῦ
2598 3303 2883 3374 τυράννου,
2916 3302 3152 3375 μετρίως
3179 3301 3585 3374 τιμωρηθῆναι,
3615 3300 3709 3352 Νο-

2147 3397 2289 3467 μίζω
2317 3397 2374 3448 δὲ
2403 3395 2533 3464 ἐγὼ,
2567 3396 2670 3459 ὅτι,
2698 3395 2887 3466 ὥσπερ
2916 3396 3017 3449 οὐκ
3043 3395 3157 3448 ἐστι
3187 3395 3363 3464 πάντη
3393 3393 3709 3462 ἀνεπιτίμη-

2143 3507 2234 3543 τον
2281 3490 2342 3543 τὸ
2384 3492 2579 3558 φαγεῖν
2609 3488 2933 3542 εἰδωλόθυτα
2975 3487 3119 3541 κατὰ
3163 3487 3282 3557 βίαν
3320 3485 3612 3556 βαρϐάρων
3644 3482 3709 3553 μὴ

2143 3579 2535 3644 ὲπιθυσάντων,
2564 3579 2737 3643 οὕτως
2760 3579 2879 3632 οὐδὲ
2912 3579 2973 3631 τὸ
3006 3577 3307 3648 ὑποστῆναι
3352 3577 3562 3648 φθοράν
3591 3575 3702 3646 βαρ-

2145 3672 2379 3744 ϐαρικὴν
2402 3671 2542 3726 κατὰ
2568 3671 2713 3742 βίαν·
2745 3672 2840 3724 καὶ
2866 3672 3023 3724 τοῦτο
3053 3671 3159 3741 γὰρ
3199 3669 3438 3740 μετρίως
3467 3672 3711 3737 ἐπιτιμηο

2143 3763 2385 3834 θήσεται.
2439 3764 2557 3817 Κᾶν
2602 3764 2710 3836 γὰρ
2765 3765 2859 3817 καί
2898 3766 2926 3817 ό
2962 3763 3236 3827 πολιτικὸς
3276 3763 3441 3832 νόμος
3473 3762 3636 3832 φησὶν
3660 3764 3713 3812 ὲν

2143 3853 2331 3926 βιϐλίῳ
2381 3855 2420 3920 ξ’
2450 3855 2626 3908 τίτλου
2674 3855 2754 3927 λη’
2785 3855 2976 3925 κεφαλ.
3015 3855 3078 3928 ιβ’
3103 3854 3299 3926 θέματι
3341 3854 3520 3924 ἕκτῳ·
3555 3853 3710 3920 Καὶή

2141 3947 2290 4019 παρὰ
2334 3951 2445 4010 τοῖς
2494 3947 2768 4017 πολεμίοις
2813 3946 3156 4017 μοιχευθεῖσα
3195 3946 3288 3998 καὶ
3336 3944 3714 4016 ὑποστρέψασα

2143 4043 2526 4111 κατηγορεῖται
2559 4038 2709 4108 παρὰ
2736 4037 2831 4092 τοῦ
2861 4038 3073 4108 ἀνδρὸς,
3102 4037 3162 4091 οὐ
3188 4037 3380 4107 δικαίῳ
3419 4037 3632 4108 ἀνδρὸς,
3669 4038 3715 4088 εἰ

2144 4132 2219 4203 μὴ
2254 4131 2343 4203 βία
2379 4131 2538 4184 τοῦτο
2581 4131 2838 4195 πέπονθε,
2865 4130 2961 4183 καὶ
3002 4129 3428 4200 τοιουτοτρόπως
3455 4127 3717 4196 συγγινώ-

2143 4241 2262 4278 σκει
2294 4226 2393 4295 τὴν
2422 4223 2753 4295 βιασθεῖσαν,
2785 4224 2878 4277 καὶ
2914 4223 3008 4276 τὸν
3045 4223 3222 4294 γάμον
3253 4223 3316 4276 οὐ
3343 4223 3579 4293 διασπᾷ·

2139 4318 2167 4369 ό
2198 4316 2647 4386 ἐκκλησιαστικὺς
2676 4316 2836 4386 νόμος
2879 4315 2978 4386 τὴν
3026 4314 3162 4378 ὅλως
3189 4315 3296 4368 ὑπὸ
3322 4313 3604 4386 βαρϐάρου
3637 4330 3719 4384 μο-

2139 4407 2420 4462 λυνθείσαν
2453 4409 2526 4480 μὴ
2550 4408 2906 4482 καθαριεῦσαι
2931 4408 2997 4461 δι’
3027 4407 3299 4478 ἐπιτιμίου
3325 4409 3425 4461 οὐκ
3451 4409 3713 4472 ἀνέξεται.

465 4494 808 4564 imperatoris
839 4497 1043 4552 domini
1077 4497 1273 4552 Leonis
1308 4497 1598 4568 Sapientis,
1646 4515 1769 4568 quae
1821 4499 1935 4554 haec
1980 4499 2033 4552 in

2149 4501 2441 4569 Ἀνάγνωθι
2472 4502 2566 4554 καὶ
2598 4501 2695 4571 τὴν
2727 4507 2809 4573 ργ¹
2840 4497 3040 4572 νεαρὰν
3067 4499 3162 4553 τοῦ
3215 4499 3478 4569 βασιλέως
3526 4501 3717 4571 κυρίου

465 4587 572 4642 ﬁne
625 4589 974 4658 prosequitur
1017 4607 1032 4643 :
1069 4589 1227 4644 Nullo
1282 4605 1413 4659 ergo
1461 4591 1624 4644 modo
1667 4590 2030 4654 decernimus,

462 4693 587 4733 eum
618 4679 708 4749 qui
736 4681 1102 4750 captivitatem
1137 4697 1244 4735 non
1271 4691 1526 4750 expertus
1555 4682 1772 4746 mansit,
1801 4684 1866 4736 ad
1895 4683 2034 4736 alte-

461 4771 580 4826 rius
629 4773 1070 4840 conjunctionem
1099 4774 1306 4838 venire,
1331 4784 1385 4827 et
1431 4783 1644 4828 caetera.
1680 4773 1803 4828 Haec
1853 4785 2032 4828 autem

461 4864 672 4917 novella
699 4865 839 4919 tollit
865 4863 1156 4919 Justiniani
1187 4881 1332 4920 cxvii
1363 4866 1651 4932 novellam,
1678 4882 1798 4935 qua:
1829 4867 1932 4922 sita
1955 4876 2037 4921 est

460 4955 516 5010 iu
562 4956 699 5010 libro
732 4973 923 5022 xxvut,
975 4958 1058 5012 tit.
1090 4959 1140 5023 7,
1178 4967 1232 5012 et
1275 4958 1428 5022 dicit,
1474 4973 1867 5027 nonnunquam
1898 4958 2034 5012 solvi

461 5049 869 5102 matrimonium
916 5068 929 5103 :
974 5065 1161 5103 verum
1211 5050 1326 5103 haec
1372 5049 1581 5103 novella
1630 5049 1809 5102 locum
1856 5049 2034 5114 habet,

459 5141 679 5210 quando
711 5142 918 5210 captiva
949 5156 978 5194 a
1009 5141 1257 5195 barbaris
1285 5156 1394 5194 nou
1426 5150 1510 5195 est
1545 5140 1768 5210 polluta.
1811 5141 1868 5195 Si
1905 5142 2036 5210 quid

459 5242 641 5286 autem
675 5233 942 5301 ejusmodi
969 5233 1170 5286 factum
1195 5233 1285 5298 sit,
1306 5234 1486 5288 locum
1510 5234 1732 5299 habent,
1759 5251 1880 5305 qua:
1908 5244 2037 5290 sunt

462 5325 516 5377 in
547 5326 694 5378 dicto
721 5326 896 5394 capite
924 5341 991 5378 ιχ
1021 5325 1168 5379 libri.

529 5507 732 5566 lotus.
772 5509 908 5564 Cum
940 5511 992 5564 in
1029 5510 1303 5566 Romanas
1330 5512 1577 5580 regiones
1604 5511 1819 5568 barbari
1847 5512 2038 5568 irruis-

463 5613 604 5666 ιιι-ιιι,
649 5618 850 5672 easque
881 5603 1111 5659 fuissent
1139 5605 1477 5674 depopulati,
1514 5607 1608 5675 qui
1655 5609 1723 5662 ab
1770 5608 1902 5676 ipsis
1948 5622 2039 5660 ca-

463 5697 593 5766 ptivi
639 5707 768 5749 sunt
815 5696 968 5759 facti,
997 5696 1311 5769 idolOthyta,
1346 5700 1429 5752 vel
1457 5700 1594 5754 alios
1639 5715 1857 5768 quoque
1889 5699 2039 5753 cibos

463 5786 659 5846 vetitos
688 5788 1064 5858 degustaruut.
1101 5789 1173 5845 De
1215 5791 1283 5846 iis
1327 5791 1511 5861 itaque
1559 5802 1775 5863 rogatus
1813 5791 1912 5846 fuit
1962 5793 2039 5845 vir

2135 4593 2362 4656 Λέοντος
2405 4593 2499 4646 τοῦ
2532 4593 2731 4662 Σοφοῧ,
2775 4593 3038 4670 λέγουσαν
3077 4594 3206 4664 περὶ
3231 4593 3292 4646 τὸ
3324 4592 3476 4657 τέλος
3515 4594 3716 4646 ταῦτα’

2135 4684 2399 4756 Οὐδαμῶς
2425 4681 2520 4739 οὖν
2551 4683 2878 4756 θεσπίζομεν
2913 4684 2994 4738 ἔτι
3023 4684 3158 4756 πρὸς
3181 4684 3474 4752 συνάφειαν
3505 4685 3715 4755 ἐτέρου,

2134 4777 2226 4829 τὸν
2279 4777 2574 4848 ἀπείρατον
2624 4777 2969 4848 μεμενηκότα
3003 4777 3100 4845 τῆς
3138 4774 3514 4845 αἰχμαλωσίας
3569 4777 3719 4845 ἔρχε-

2136 4869 2282 4933 σθαι,
2314 4871 2409 4922 καὶ
2438 4869 2506 4922 τά
2553 4869 2697 4939 ἑξῆς.
2718 4870 2955 4938 Ἀναιρεῖ
2989 4868 3044 4920 δὲ
3093 4868 3126 4937 ἡ
3164 4866 3387 4937 τοιαύτη
3420 4867 3598 4938 νεαρὰ
3625 4866 3716 4934 τὴν

2149 4960 2570 5013 Ἰουστινιάνειον
2598 4959 2697 5029 ριζ¹
2720 4957 2920 5030 νεαρὰν
2943 4957 3042 5028 τὴν
3071 4956 3333 5027 κειμένην
3360 4959 3418 5009 ὲν
3442 4956 3612 5027 βίϐλῳ
3639 4961 3717 5023 κη’

2134 5051 2312 5104 τίτλου
2343 5049 2386 5115 ζ’
2411 5053 2504 5104 καὶ
2533 5051 2830 5120 λέγουσαν,
2871 5052 3060 5106 Ἔστιν
3075 5055 3162 5107 ὅτε
3178 5053 3403 5108 λύεσθαι
3422 5049 3518 5108 ,τὸν
3547 5045 3717 5100 τοιοῦ-

2134 5160 2226 5196 τον
2257 5143 2433 5214 γάμον
2457 5160 2470 5172 °
2516 5143 2654 5214 πλὴν
2691 5145 2724 5212 ἡ
2756 5146 2977 5213 τοιαύτη
3010 5140 3176 5211 νεαρὰ
3203 5139 3388 5211 χώραν
3422 5141 3557 5211 ἔχει,
3599 5143 3718 5200 ὅταν

2137 5237 2170 5306 ὴ
2202 5235 2699 5307 αἰχμαλωτισθεῖσα
2725 5237 2824 5288 οὐκ
2847 5234 3076 5305 ἐμιάνθη
3103 5234 3254 5304 παρὰ
3272 5233 3378 5286 τῶν
3405 5235 3716 5304 βαρϐάρων.

2139 5325 2392 5379 Τοιούτου
2418 5326 2474 5378 δέ
2505 5343 2647 5388 τινος
2693 5325 2995 5393 γεγονότος,
3026 5322 3208 5396 χώραν
3239 5324 3422 5394 ἔχουσι
3452 5326 3523 5378 τά
3561 5328 3620 5378 ὲν
3652 5323 3720 5393 τῷ

2140 5416 2358 5489 ῥηθέντι
2388 5415 2666 5485 κεφαλαίῳ
2695 5415 2788 5467 τοῦ
2819 5413 2862 5481 ξ’
2888 5413 3112 5484 βιϐλίου.

2209 5509 2450 5563 ΖΩΝΑΡ.
2514 5509 2812 5580 Βαρϐάρων
2851 5508 3186 5562 ἐπελθόντων
3232 5506 3439 5579 χώραις
3479 5509 3722 5577 Ῥωμαῖ-

2141 5603 2282 5664 καίς,
2305 5601 2397 5653 καὶ
2425 5600 2769 5670 ληῖσαμένων
2800 5599 2991 5663 αὑτὰς,
3012 5601 3061 5652 οἱ
3090 5601 3216 5670 παρ’
3240 5600 3419 5652 αὐτῶν
3450 5599 3721 5668 αἰχμαλυ

2139 5691 2408 5754 τισθέντες
2436 5691 2726 5758 ἐγεύσαντο
2765 5686 3146 5750 εἰδωλοθύτων,
3178 5689 3211 5759 ἥ
3242 5690 3333 5742 καὶ
3364 5689 3542 5742 ἄλλων
3576 5693 3719 5756 ἁπη-

2141 5787 2482 5858 γορευμένων
2524 5785 3145 5858 βρωμάτων.Ἡρωτήθη
3197 5781 3289 5838 οὖν
3341 5787 3464 5855 περὶ
3515 5785 3719 5836 τούτων
