3876 6506
213 359 355 442 tots

1461 354 1796 412 EPISTOLA
1830 357 2198 415 CANONICA.

3302 363 3445 418 "326

206 482 238 532 ὁ
262 482 438 546 ἅγιος,
468 475 560 530 καί
593 492 774 547 φησιν,
810 475 890 528 δτι
925 476 971 527 εί
1002 473 1201 545 ἔφαγον
1250 475 1298 526 0i
1340 474 1672 545 αἰχμάλωτοι
1713 473 1777 527 τὰ

1882 485 2121 540 sanctus,
2153 476 2335 543 aitque
2357 475 2403 529 si
2436 483 2557 545 qua:
2583 490 2613 529 a
2648 476 2883 533 dominis
2910 478 3045 547 ipsis
3065 476 3309 547 apposita
3334 477 3448 532 fue-

206 571 360 642 παρὰ
392 570 502 621 τῶν
536 567 1062 638 αἰχμαλωτησάντων
1114 568 1307 632 αὐτοὺς
1352 565 1776 638 παρατιθέμενα,

203 664 366 717 τοῦτο
395 664 455 715 οὐ
491 662 661 733 βαρεῖ,
694 661 814 715 ἀντὶ
836 660 951 723 τοῦ,
978 661 1039 713 οὐ
1072 660 1291 731 βαρεῖαν
1315 660 1531 727 ἐμποιεῖ
1554 658 1774 729 βλάϐηνο

207 760 303 811 καὶ
348 756 544 826 μᾶλλον
588 756 671 807 ὃτι
718 749 797 817 εἷς
844 753 999 822 λόγος
1042 754 1192 824 παρὰ
1224 753 1460 815 πάντων,
1486 754 1652 823 ἤγουν
1696 752 1778 805 ὃτι

206 852 409 912 πάντες
435 848 494 901 τὸ
520 846 650 900 αὐτὸ
681 846 946 914 λέγουσιν,
970 847 1051 899 ὅτι
1079 847 1128 898 οἱ
1147 846 1217 899 τὰ
1242 846 1485 916 ἡμέτερα
1517 844 1781 915 καταδρα-

208 940 403 1009 μόντες
436 937 700 1009 βάρϐαροι
724 935 961 998 εἰδώλοις
992 936 1091 989 οὐκ
1114 935 1329 994 ἔθυσαν,
1359 933 1499 987 ὥστε
1540 933 1660 987 οὐδὲ
1701 935 1777 986 εί-

204 1031 477 1084 δωλόθυτα
510 1029 709 1098 ἔφαγον
749 1028 798 1080 οἱ
841 1027 1191 1097 αἰχμάλωτοι.
1234 1026 1475 1097 Παράγει
1504 1026 1560 1078 δὲ
1591 1026 1684 1077 καὶ
1712 1026 1776 1077 ὲκ

203 1123 301 1175 τοῦ
342 1122 662 1174 Ἀποστὸλου
694 1123 915 1191 χρήσεις
955 1120 1050 1173 καὶ
1094 1121 1159 1172 ὲκ
1196 1119 1290 1171 τοῦ
1324 1118 1679 1187 Εὑαγγελίου·
1713 1118 1776 1170 ἐκ

209 1216 311 1284 μὲν
330 1214 423 1267 τοῦ
470 1213 785 1266 Ἀποστὸλου
813 1212 893 1276 τὸ,
918 1212 993 1265 Τὰ
1005 1211 1284 1280 βρώματα
1329 1210 1403 1278 τῇ
1434 1211 1647 1276 κοιλίᾳ,
1678 1209 1773 1262 καὶ

203 1309 245 1375 ἡ
290 1307 487 1360 κοιλία
530 1304 652 1370 τοῖς
688 1304 993 1373 βρώμασι·
1028 1304 1120 1356 καὶ
1147 1301 1215 1356 τὰ
1246 1302 1468 1372 ὲξῆς.⁶“0
1495 1301 1551 1355 δὲ
1580 1300 1777 1373 χωρίον

206 1398 338 1468 περὶ
370 1396 683 1467 πλησμονῆς
712 1396 856 1464 λέγει
894 1396 988 1448 καὶ
1009 1396 1467 1467 γαστριμαργίας.
1500 1397 1608 1449 Καὶ
1638 1394 1777 1467 βρώ-

207 1507 356 1559 ματα
382 1488 478 1558 μὲν
503 1488 572 1540 τὰ
598 1488 826 1558 περιττὰ
857 1488 1109 1557 ὀνομάζει
1143 1490 1236 1542 καὶ
1265 1490 1364 1558 τὴν
1390 1490 1599 1560 τρυφήν
1620 1506 1633 1519 ·
1662 1506 1776 1542 κοι-

203 1580 328 1632 λίαν
367 1580 423 1631 δὲ
457 1580 556 1650 τὴν
584 1582 1043 1653 γαστριμαργίαν,
1076 1581 1189 1634 ἀλλ’
1226 1580 1346 1651 οὐχὶ
1385 1582 1483 1652 τὴν
1513 1582 1772 1653 γαστέρα.

205 1672 305 1725 Διὰ
320 1672 377 1724 δὲ
396 1671 597 1725 τούτων
618 1673 977 1738 ὀἈπόστολος
1016 1673 1161 1742 λέγει
1182 1715 1197 1740 ,
1223 1675 1356 1745 δτιὴ
1385 1672 1657 1745 ἀδηφαγία
1682 1672 1777 1726 καὶ

203 1766 238 1833 ἡ
274 1764 453 1834 τρυφὴ
485 1766 550 1835 τῇ
581 1765 989 1835 γαστριμαργίᾳ
1014 1768 1224 1835 ἀνήκει,
1249 1764 1361 1818 ἀλλ’
1388 1766 1447 1818 οὐ
1480 1765 1613 1836 πρὸς
1645 1764 1775 1818 Θεὸν

1882 576 2003 620 rant
2047 567 2241 636 captivi
2287 568 2656 631 comederunt,
2704 570 2755 623 id
2795 585 2898 625 non
2943 586 3189 639 gravare,
3228 571 3330 625 hoc
3364 579 3448 625 est

1878 674 2040 727 grave
2067 660 2321 713 damnum
2346 660 2570 716 minime
2594 661 2821 728 afferre;
2854 663 3151 731 praesertim
3169 664 3311 733 quod
3337 678 3444 717 una

1878 750 2019 819 apud
2047 766 2236 805 omnes
2264 762 2346 807 est
2378 753 2541 812 fama.
2590 755 2703 808 sive
2750 756 2893 823 quod
2928 770 3118 809 omnes
3152 757 3293 810 idem
3340 757 3443 811 hoc

1877 839 2163 905 aliirmant,
2197 842 2458 897 barbaros
2485 844 2576 913 qui
2608 854 2823 899 nostras
2846 846 3093 914 regiones
3123 846 3445 901 incursioni-

1876 930 1979 985 bus
2028 940 2329 996 vastarunt,
2380 948 2721 1003 nequaquam
2776 936 2934 990 idolis
2981 937 3340 1005 sacrificasse,
3385 947 3443 993 ut

1877 1023 2102 1092 proinde
2145 1038 2320 1093 neque
2363 1026 2558 1091 captivi
2590 1026 2887 1097 idolothyta
2927 1030 3279 1086 comederint.
3311 1030 3443 1085 Pro-

1876 1112 1981 1167 fert
2031 1126 2159 1167 vero
2201 1128 2324 1166 cum
2358 1129 2423 1167 ex
2459 1115 2736 1185 Apostolo,
2767 1125 2878 1169 tum
2927 1132 2993 1171 ex
3043 1117 3332 1189 Evangelio
3361 1122 3447 1172 de-

1875 1212 2123 1273 prompta
2166 1206 2404 1261 oracula.
2440 1207 2517 1261 Ex
2550 1210 2805 1279 Apostolo
2854 1211 3070 1279 quidem
3118 1211 3268 1275 illud,
3302 1211 3439 1265 Esca

1875 1297 2059 1361 ventri,
2086 1307 2135 1351 et
2180 1308 2353 1352 venter
2397 1302 2552 1365 escis;
2579 1310 2633 1355 et
2660 1317 2781 1371 quae
2823 1312 3140 1372 sequuntur.
3176 1302 3277 1369 Qui
3308 1318 3440 1360 sane

1875 1387 2030 1443 locus
2066 1390 2131 1443 de
2163 1390 2395 1460 ingluvie
2422 1406 2487 1447 ac
2524 1393 2849 1447 helluatione
2874 1404 2955 1448 est
2978 1396 3341 1464 accipiendus.
3364 1396 3440 1449 Ac

1877 1493 2015 1535 escae
2047 1482 2268 1550 quidem
2313 1483 2551 1546 nomine,
2584 1500 3037 1554 supervacaneam
3069 1488 3174 1541 cibi
3208 1488 3440 1555 copiam,

1878 1572 2175 1643 luxumque
2230 1576 2479 1645 intelligit
2510 1595 2521 1629 :
2555 1592 2650 1646 per
2691 1589 2931 1633 ventrem
2964 1590 3141 1633 autem
3174 1581 3437 1635 veracita-

1877 1673 2009 1729 tem,
2037 1680 2145 1719 non
2175 1666 2352 1735 ipsum
2383 1669 2762 1722 ventriculum.
2792 1667 2997 1725 lndicat
3027 1672 3190 1741 igitur
3219 1673 3303 1726 his
3327 1689 3443 1726 ver-

1879 1755 1964 1810 bis
2006 1756 2314 1825 Apostolus,
2353 1760 2576 1814 nimiam
2630 1761 2736 1816 cibi
2783 1764 2994 1831 copiam
3043 1772 3097 1818 et
3148 1764 3332 1817 luxum
3376 1766 3441 1818 ad

202 1856 384 1927 φέρει,
429 1857 521 1908 καὶ
569 1859 635 1927 τῇ
681 1862 860 1929 τρυφῇ
907 1858 968 1911 τὸ
1012 1860 1111 1929 τῆς
1140 1858 1577 1929 γαστριμαργίας
1612 1858 1777 1921 πάθος

1883 1847 2266 1903 helluationem
2292 1851 2602 1919 perducere,
2620 1869 2725 1907 non
2750 1855 2815 1907 ad
2841 1853 3006 1909 Deum
3037 1855 3211 1922 ferre;
3239 1857 3449 1910 luxum-

202 1948 497 2015 ᾠκείωται,
527 1950 620 2001 καὶ
666 1948 889 2020 θάτερον
922 1950 1135 2021 θατέρῳ
1166 1950 1431 2003 δουλεύεισ
1478 1952 1506 2003 ὁ
1554 1949 1609 2003 δὲ
1648 1951 1779 2013 Θεὸς

204 2040 464 2108 ἄπρακτα
498 2038 591 2091 καὶ
615 2040 758 2110 ἀργὰ
789 2042 1002 2112 ποιήσει
1034 2041 1222 2104 ταῦτα,
1250 2042 1387 2096 ὥστε
1418 2042 1491 2113 μὴ
1514 2042 1571 2109 ἐξ
1601 2043 1778 2096 αὐτῶν

205 2131 364 2193 τινὰς
398 2130 941 2199 βλὰπτεσθαι.Ἔοικε
974 2134 1031 2187 δὲ
1063 2136 1091 2187 ὁ
1120 2135 1272 2202 ἅγιος
1301 2128 1452 2197 οὗτος
1478 2134 1779 2206 χρήσασθαι

202 2224 316 2285 τοῖς
363 2223 735 2287 ἀποστολικοίς
787 2226 1020 2295 ῥήμασιν
1052 2225 1279 2279 ἐνταῦθα
1300 2266 1313 2289 ,
1346 2226 1575 2288 δεικνὺς,
1602 2228 1682 2279 ὅτι
1713 2226 1779 2279 τὰ

203 2314 348 2366 κατὰ
375 2314 583 2385 τρυφὴν
614 2317 706 2368 καὶ
749 2316 1057 2387 ἀδηφαγίαν
1086 2318 1361 2387 γινόμενα·
1379 2317 1776 2389 διαϐέϐληνται,

208 2403 303 2454 καὶ
339 2404 628 2474 ἐπιτιμίων
664 2406 799 2457 είσὶν
821 2404 965 2468 ἄξια,
996 2406 1055 2459 οὺ
1078 2405 1147 2458 τὰ
1174 2406 1239 2458 δι’
1263 2406 1508 2477 ἀνάγκην
1538 2409 1631 2461 καὶ
1661 2408 1778 2477 βίαν

205 2496 558 2565 σωματικὴνο
612 2494 752 2549 ὥστε
804 2495 906 2549 κᾶν
956 2496 1156 2565 ἔφαγον
1199 2498 1247 2550 οί
1294 2498 1624 2568 αἰχμάλωτοι
1660 2516 1779 2552 τινα

206 2586 475 2658 βρώματα
495 2586 601 2639 τῶν
628 2587 1111 2659 ἀπηγορευμένων,
1136 2589 1309 2643 δοῦλοι
1340 2591 1510 2657 ὄντες,
1553 2592 1621 2645 δι’
1645 2592 1777 2645 am.

206 2681 333 2749 ρίαν
362 2677 552 2749 ἐτέρας
583 2678 809 2750 τροφῆς,
841 2678 940 2749 τῆς
984 2679 1195 2748 φύσεως
1238 2682 1506 2752 τραφῆναι
1536 2681 1781 2753 βιαζομέ-

201 2788 324 2842 νης,
359 2772 421 2823 οὐ
471 2772 606 2841 βαρὺ
652 2772 829 2833 τοῦτο,
862 2772 938 2835 ὡς
972 2774 1066 2825 καὶ
1110 2774 1409 2844 ἁμάρτημα
1440 2774 1774 2847 λογισθῆναι.

214 2863 315 2915 Ἐκ
338 2862 397 2915 δὲ
423 2862 516 2914 τοῦ
550 2863 879 2932 Εὐαγγελίου
903 2866 1169 2936 ἐχρήσατο
1194 2868 1302 2929 τοῖς
1328 2865 1418 2918 τοῦ
1446 2866 1647 2939 Κυρίου
1683 2869 1779 2939 ρή-

206 2971 345 3024 μασι
372 2958 484 3018 τοῖς
513 2955 781 3024 λέγουσιν,
814 2958 915 3018 ὅτι,
955 2959 1037 3011 Οὐ
1061 2956 1126 3011 τὸ
1148 2961 1644 3028 εἰσπορευόμενον
1668 2978 1781 3014 κοι-

200 3048 303 3101 νοῖ
326 3048 435 3101 τὸν
455 3047 766 3116 ἄνθρωπον
784 3066 797 3079 °
824 3050 918 3102 καὶ
944 3050 1113 3103 ταῦτα
1135 3050 1191 3103 δὲ
1217 3052 1351 3122 πρὸς
1366 3052 1464 3123 τὴν
1484 3052 1778 3125 είρημένην

200 3140 471 3193 τείνουσιν
513 3140 739 3195 ἔννοιαν.
789 3141 921 3195 Εἶτα
972 3141 1067 3195 καὶ
1118 3144 1245 3214 περὶ
1292 3144 1563 3211 γυναικῶν
1615 3163 1777 3217 φησιν

1882 1956 1987 2009 que
2020 1942 2337 2011 plerumque
2364 1945 2553 1998 vitium
2589 1946 2932 2002 helluationis
2968 1950 3340 2019 consequitur,
3370 1951 3449 2003 al-

1883 2042 2167 2104 terumque
2201 2036 2353 2090 alteri
2382 2036 2649 2103 deservit;
2681 2038 2825 2093 Deus
2860 2050 3038 2095 autem
3074 2043 3222 2096 irrita
3254 2045 3367 2098 inec
3395 2054 3449 2100 et

1884 2139 2037 2179 cassa
2067 2127 2272 2190 reddet,
2308 2136 2367 2181 ut
2391 2127 2529 2181 nihil
2561 2144 2625 2183 ex
2662 2130 2793 2198 ipsis
2819 2130 3000 2185 damni
3032 2134 3287 2202 cuiquam
3316 2152 3447 2189 con-

1886 2216 2309 2286 tingat.Videtur
2334 2234 2497 2288 porro
2527 2222 2615 2276 hic
2640 2230 2862 2276 sanctus
2886 2223 2988 2278 hoc
3016 2224 3137 2279 loco
3164 2242 3296 2281 usus
3321 2243 3447 2297 apo-

1884 2311 2091 2365 stolicis
2124 2311 2325 2375 verbis,
2357 2320 2418 2366 ut
2458 2314 2854 2370 demonstraret
2881 2331 3002 2385 quae
3035 2318 3107 2370 ob
3141 2319 3327 2371 luxum
3382 2335 3447 2375 ac

1883 2403 2201 2457 edacitatem
2234 2403 2389 2468 ﬁunt,
2419 2405 2673 2460 damnata
2703 2422 2823 2461 esse
2869 2422 2933 2462 ac
2977 2409 3153 2477 poenis
3186 2410 3442 2475 obnoxia,

1886 2508 1991 2547 non
2024 2494 2147 2547 item
2181 2510 2243 2550 ea
2272 2512 2393 2565 quae
2416 2497 2467 2550 vi
2501 2512 2564 2550 ac
2593 2497 2915 2552 necessitate
2947 2501 3190 2569 corporis
3220 2513 3447 2570 cogente

1884 2582 2264 2639 admittuntur.
2295 2584 2529 2639 Proinde
2570 2586 2782 2641 etiamsi
2827 2588 2980 2642 cibos
3006 2589 3219 2658 aliquos
3247 2592 3446 2644 vetitos

1882 2673 2081 2741 captivi
2130 2676 2483 2736 comederint.
2517 2691 2640 2730 cum
2687 2677 2828 2732 servi
2877 2687 3077 2740 essent,
3109 2680 3181 2733 ob
3223 2681 3446 2737 alterius

1883 2766 2125 2821 alimenti
2157 2768 2416 2837 inopiam,
2447 2768 2628 2823 cibum
2674 2769 2982 2825 necessario
3010 2773 3258 2831 exigente
3291 2784 3451 2827 natu-

1884 2871 1979 2922 ra;
2003 2871 2112 2910 non
2145 2866 2227 2911 est
2255 2857 2359 2911 hec
2381 2872 2623 2927 eousque
2653 2874 2835 2927 grave,
2871 2867 2931 2913 ut
2965 2868 3019 2913 et
3051 2861 3297 2917 criminis
3329 2864 3449 2917 loco

1882 2949 2133 3004 ducatur.
2170 2950 2249 3004 Ex
2278 2948 2569 3021 Evangelia
2597 2960 2777 3005 autem
2819 2966 2954 3006 usus
2983 2960 3066 3006 est
3101 2952 3205 3007 illis
3233 2952 3447 3008 Domini

1886 3041 2111 3096 verbis:
2154 3040 2277 3095 Non
2318 3044 2457 3112 quod
2484 3044 2648 3097 intrat
2691 3059 2783 3112 per
2827 3060 2905 3109 os,
2935 3045 3238 3113 coinquinat
3281 3045 3446 3097 Itami-

1885 3148 2041 3197 nem;
2086 3142 2138 3187 et
2164 3134 2230 3187 ad
2255 3134 2503 3189 eamdem
2548 3136 2664 3189 hac
2704 3151 2922 3205 quoque
2951 3138 3271 3192 sententiam
3318 3139 3453 3194 reie-

199 3231 564 3301 αίχμαλώτων
589 3229 676 3296 αἶς
705 3234 752 3285 οί
795 3232 1058 3305 βάρϐαροι
1099 3234 1526 3306 συνεφθάρησαν.
1558 3237 1667 3290 Καὶ
1693 3237 1773 3289 δί-

1882 3235 2089 3280 runtur.
2133 3225 2269 3280 llinc
2297 3227 2364 3281 de
2411 3227 2729 3282 mulieribus
2761 3244 2977 3299 quoque
3000 3231 3226 3298 captivis
3269 3248 3388 3301 quae
3416 3248 3448 3287 a

200 3323 335 3376 δωσι
368 3323 612 3394 γνώμην,
641 3326 743 3388 ὅτι,
773 3328 819 3378 εί
849 3326 946 3396 μὲν
975 3327 1003 3378 ὁ
1040 3324 1227 3397 πρώην
1256 3326 1433 3378 αὐτῶν
1472 3326 1584 3396 βίος
1613 3346 1775 3381 κατε-

200 3413 517 3482 γνωσμένος
544 3407 632 3483 ἦν,
662 3414 934 3477 ὑπόπτους
962 3413 1131 3477 αὑτὰς
1165 3417 1305 3466 ποιεῖ
1334 3417 1365 3485 ἡ
1391 3417 1621 3487 πορνικὴ
1644 3416 1774 3481 ἕξις,

202 3507 300 3559 xal.
342 3507 403 3557 ὲν
446 3504 523 3575 τῷ
562 3504 738 3578 καιρῷ
782 3505 881 3575 τῆς
911 3505 1320 3576 αἰχμαλωσίας·
1371 3508 1463 3559 καὶ
1505 3507 1594 3560 διὰ
1623 3508 1778 3561 τοῦτο

202 3597 512 3669 προχείρως
553 3598 744 3660 αὐταῖς
775 3596 834 3649 οὐ
874 3596 1225 3667 συνεύχεσθαι
1251 3598 1350 3658 δεῖ,
1377 3597 1511 3651 ἀλλὰ
1546 3599 1680 3669 μετὰ
1718 3599 1778 3653 τὸ

201 3690 487 3743 δουλεῦσαι
533 3689 731 3760 δηλαδὴ
766 3690 1240 3759 ὲπιτιμίοις.’Έξις
1273 3689 1317 3742 δ’
1347 3691 1512 3755 ἐστὶν,
1543 3693 1577 3761 ἡ
1608 3693 1780 3761 χρονί-

205 3800 347 3835 σασα
379 3782 660 3852 συνήθεια,
702 3782 795 3835 καλ⁵
824 3782 903 3852 τῷ
930 3782 1105 3853 χρόνῳ
1136 3781 1493 3850 παγιωθεῖσα,
1537 3784 1657 3852 ἥτις
1686 3784 1779 3836 καὶ

203 3875 367 3944 φύσει
396 3874 735 3945 προσέοικεν,
764 3874 903 3927 ὥστε
938 3877 993 3927 αἱ
1022 3874 1128 3945 μὴν
1150 3874 1392 3927 τοιαῦται
1414 3874 1510 3943 οὐχ
1535 3875 1778 3946 ἥμαρτον

204 3964 530 4036 βιασθεῖσαι.
562 3965 625 4017 Et
653 3964 710 4017 δὲ
738 3967 767 4018 ὁ
796 3964 1055 4035 πρότερος
1087 3963 1264 4017 αὐτῶν
1296 3964 1407 4033 βίος
1435 3964 1663 4036 σώφρων
1688 3966 1779 4018 καὶ

200 4057 595 4126 ἀνεπίληπτος,
620 4055 967 4110 δουλωθεῖσαι
1012 4057 1067 4111 δὲ
1110 4056 1203 4110 καὶ
1242 4055 1329 4109 διὰ
1373 4058 1469 4127 τῆς
1502 4057 1780 4127 αἰχμαλω-

205 4150 351 4211 σίας,
393 4149 459 4200 ὲκ
494 4147 613 4217 βίας
646 4148 942 4217 ὑπέμειναν
987 4148 1083 4219 τὴν
1127 4147 1235 4200 τῶν
1283 4146 1571 4219 βαρὸάρων
1601 4147 1776 4220 ὓϐριν,

200 4239 529 4309 ἀνέγκλητοι
562 4240 687 4291 είσι.
738 4240 847 4291 Kal.
898 4239 1300 4311 παραδείγματι
1332 4239 1594 4310 κέχρηται
1624 4243 1688 4311 τῇ
1721 4243 1778 4293 ὲν

198 4332 279 4401 τῷ
311 4331 712 4402 Δευτερονομίῳ
739 4330 1064 4403 θεσμοθεσία
1084 4334 1150 4402 τῇ
1181 4332 1305 4403 περὶ
1338 4331 1434 4402 τῆς
1468 4331 1779 4402 βιασθείσης

202 4422 504 4493 παρθένου,
536 4422 601 4492 ἢν
625 4423 683 4474 ὲν
707 4422 911 4492 ἐρημίᾳ
936 4422 964 4473 ὁ
986 4420 1312 4490 βιασάμενος
1339 4420 1576 4491 ἔφθειρε,
1601 4420 1781 4490 λεγού-

202 4538 274 4595 σῃ
301 4538 315 4551 ·
351 4524 466 4575 Οὐκ
496 4520 646 4573 ἔσται
677 4523 743 4591 τῇ
778 4520 974 4574 νεάνιδι
1007 4520 1309 4591 ἁμάρτημα
1340 4519 1589 4572 θανάτου.

1881 3316 2131 3373 barbaris
2160 3329 2429 3389 corrupta:
2459 3328 2604 3385 sunt,
2634 3321 2883 3387 disserit;
2916 3332 3077 3393 atque
3106 3322 3177 3377 ita
3204 3338 3451 3393 pronun-

1882 3410 1978 3464 tiat
2014 3428 2027 3464 :
2062 3410 2107 3465 si
2138 3411 2355 3480 quidem
2383 3412 2597 3467 illarum
2632 3423 2874 3469 anteacta
2904 3416 3010 3470 vita
3051 3418 3303 3474 damnata
3334 3421 3450 3477 fue-

1882 3511 1987 3567 rat,
2023 3517 2119 3557 eas
2145 3503 2308 3557 etiam
2343 3506 2673 3573 captivitatis
2703 3516 2944 3575 tempore
2988 3508 3310 3566 fornicarius
3358 3513 3451 3567 ha-

1882 3594 2030 3649 bitus
2059 3604 2343 3665 suspectas
2375 3596 2524 3659 facit,
2560 3599 2893 3669 proindeque
2935 3601 3076 3655 haud
3127 3601 3283 3658 facile
3317 3605 3449 3674 ipsis

1884 3687 1936 3741 in
1965 3690 2274 3757 precatione
2306 3692 2710 3745 communicare
2754 3703 2986 3761 Oportet,
3015 3695 3118 3748 nisi
3164 3696 3341 3750 debita
3371 3698 3451 3750 vi-

1881 3780 2076 3835 delicet
2122 3782 2449 3850 paenitentiae
2497 3792 2736 3852 tempora
2770 3784 3123 3853 expleverint.
3156 3786 3251 3841 Est
3290 3804 3451 3858 porro

1883 3872 2121 3936 habitus,
2153 3874 2409 3928 diuturna
2439 3890 2503 3929 ac
2534 3883 2772 3944 tempore
2799 3876 3116 3932 conﬁrmata
3157 3890 3450 3935 consuetu—

1882 3965 1973 4029 do,
2004 3980 2125 4034 quae
2156 3976 2365 4021 naturae
2410 3968 2603 4023 similis
2637 3976 2741 4033 est,
2778 3976 2836 4022 ut
2870 3979 3150 4040 propterea
3180 3972 3449 4039 ejusmodi

1882 4056 2141 4111 mulieres
2172 4072 2515 4128 nequaquam
2540 4059 2593 4111 vi
2626 4070 2842 4114 coaetas
2868 4076 3122 4128 peccasse
3146 4064 3447 4132 putandum

1884 4150 1973 4204 sit.
2006 4148 2160 4216 Quod
2191 4150 2236 4205 si
2264 4151 2497 4219 priorem
2528 4151 2694 4204 vitam
2727 4162 2875 4208 caste
2919 4169 2983 4208 ac
3012 4155 3146 4209 citra
3193 4156 3449 4211 offensio-

1882 4256 2007 4295 nem
2047 4249 2293 4311 egerunt,
2322 4250 2434 4295 tum
2467 4242 2712 4297 abductae
2747 4244 2799 4297 in
2828 4246 3140 4300 servitutem
3176 4247 3246 4301 ob
3277 4250 3449 4317 capti-

1882 4332 2123 4398 vitatem,
2157 4348 2221 4387 ex
2248 4334 2501 4389 violentia
2531 4335 2887 4389 barbarorum
2920 4339 3302 4392 contumeliam
3333 4356 3449 4409 pas-

1884 4440 1959 4479 sa:
1983 4434 2126 4488 sunt,
2164 4425 2434 4481 immunes
2465 4439 2593 4482 sunt
2622 4444 2652 4481 a
2685 4429 2840 4497 culpa
2872 4447 2884 4483 :
2913 4430 3326 4500 exemplumque
3351 4432 3447 4485 ad-

1886 4518 2053 4584 hibet,
2082 4518 2226 4589 quod
2263 4519 2316 4571 in
2346 4518 2749 4574 Deuteronomii
2778 4522 3257 4577 constitutionibus
3283 4522 3450 4575 refer-

203 4626 318 4679 tur,
351 4617 420 4671 de
452 4616 660 4685 virgine
717 4617 827 4671 vim
884 4632 1064 4686 passa,
1114 4631 1276 4686 quam
1332 4616 1385 4673 in
1435 4618 1726 4672 solitudine
1762 4615 2033 4687 quispiam
2087 4616 2312 4671 violavit
2361 4634 2374 4670 :
2423 4615 2541 4670 Non
2603 4618 2728 4680 erit,
2788 4616 2983 4687 inquit,
3040 4618 3450 4673 alolescentulae

202 4723 494 4784 peccatum
520 4712 733 4766 mortis.

820 4804 1055 4857 ΚΑΝΩΝ
1101 4804 1175 4857 B’.

2431 4803 2662 4858 CANON
2697 4802 2760 4856 ll.

281 4918 300 4950 ι
344 4898 559 4969 Δεινὴή
594 4896 872 4958 πλεονεξία
896 4935 910 4959 ,
942 4896 1037 4949 καὶ
1082 4896 1181 4949 οὐκ
1230 4895 1343 4947 ἔστι
1384 4895 1451 4947 δι’
1496 4896 1777 4967 ἐπιπολῆς

1968 4912 1987 4946 ι
2033 4893 2223 4950 Gravis
2254 4903 2336 4950 est
2379 4895 2605 4948 avaritia
2631 4934 2646 4958 ,
2697 4910 2796 4948 nec
2827 4902 3055 4963 possunt
3088 4911 3192 4949 una
3221 4897 3447 4965 epistola

211 5014 228 5043 ι
277 4993 411 5062 μιᾶς
439 4989 778 5061 παραθέσθαι
813 4988 881 5041 τὰ
912 4988 1027 5041 θεῖα
1053 4990 1383 5059 γράμματα,
1418 4990 1474 5040 ὲν
1516 4984 1596 5053 οἷς
1621 4990 1681 5041 οὐ
1719 4990 1777 5043 τὸ

212 5104 229 5133 ι
268 5084 550 5154 λῃστευειν
577 5082 734 5152 μόνον
761 5081 982 5151 φρικτὸν
1004 5080 1096 5132 καὶ
1124 5080 1384 5150 φρικῶδες
1418 5080 1778 5148 καταγγέλλε-

211 5197 228 5225 ι
272 5194 405 5239 ται,
447 5174 581 5229 ἀλλὰ
621 5173 846 5227 καθόλου
883 5172 942 5225 τὸ
982 5172 1320 5224 πλεονεκτεῖν
1354 5172 1445 5224 καὶ
1486 5172 1777 5242 ἀλλοτρίων

210 5291 229 5319 ι
268 5267 605 5339 ἐφάπτεσθαι
650 5267 742 5319 ἐπὶ
783 5264 1222 5336 αίσχροκερδείᾳ·
1266 5263 1360 5316 καὶ
1406 5266 1512 5327 πᾶς
1543 5264 1780 5327 τοιοῦτος

209 5382 229 5412 ι
270 5361 607 5431 ἐκκήρυκτος
642 5357 966 5426 Ἐκκλησίας
1012 5355 1164 5409 Θεοῦ.
1195 5356 1267 5407 Τὸ
1296 5355 1349 5408 δὲ
1384 5356 1441 5407 ὲν
1472 5355 1644 5426 καιρῷ
1681 5356 1780 5427 τῆς

209 5473 231 5504 ι
271 5450 644 5521 καταδρομῆς,
669 5450 724 5502 ὲν
764 5448 997 5521 τοσαύτῃ
1018 5449 1226 5519 οἰμωγῇ
1249 5448 1339 5500 καὶ
1366 5446 1633 5511 τοσούτοις
1649 5446 1780 5519 θρή-

210 5566 230 5597 ι
271 5560 385 5607 νοις
404 5542 669 5613 τολμῆσαί
702 5559 852 5604 τινας
874 5542 964 5593 τὸν
990 5540 1177 5609 καιρὸν
1220 5540 1307 5592 τὸν
1356 5541 1519 5593 πᾶσιν
1564 5537 1781 5611 ὄλεθρον

210 5655 234 5687 ι
272 5636 507 5706 φέροντα
527 5634 743 5705 νομίσαι
772 5635 981 5697 ἑαυτοῖς
1008 5633 1195 5704 καιρὸν
1228 5628 1361 5685 εἶναι
1389 5630 1641 5702 κέρδους,
1687 5632 1780 5683 ἁν-

209 5748 234 5783 e
272 5728 511 5799 Optbmuv
533 5728 677 5781 ἐστὶν
695 5727 905 5781 ἀσεϐῶν
929 5727 1023 5780 καὶ
1048 5725 1351 5794 θεοστυγῶν
1369 5766 1382 5790 ,
1406 5726 1522 5779 οὐδὲ
1551 5725 1779 5795 ὑπερδο-

210 5839 238 5874 σ
272 5821 373 5886 λὴν
417 5821 644 5883 ἀτοπίας
689 5819 937 5888 ἑχόντων.
974 5818 1133 5872 Ὅθεν
1155 5818 1296 5882 ἔδοξε
1342 5820 1465 5882 τοὺς
1508 5817 1777 5881 τοιούτους

1888 5004 1907 5037 ι
1954 4988 2181 5056 proponi
2212 4987 2524 5058 Scriptum,
2562 4988 2615 5040 in
2645 4988 2845 5056 quibus
2876 5003 2980 5041 non
3014 4989 3187 5042 solum
3221 4992 3449 5058 praedari

1888 5096 1907 5128 ι
1956 5077 2267 5149 fugiendum
2299 5080 2736 5149 horrendumque
2763 5078 3124 5147 prcedicatur,
3158 5080 3253 5134 sed
3294 5082 3446 5150 plura

1888 5189 1905 5221 ι
1951 5171 2113 5225 etiam
2155 5171 2563 5239 concupiscere,
2612 5180 2666 5225 et
2708 5170 2883 5225 aliena
2913 5179 3132 5240 preptvr
3175 5184 3331 5241 turpe
3368 5172 3451 5226 lu-

1888 5280 1906 5313 ι
1954 5278 2107 5318 crum
2133 5262 2429 5331 attingere:
2468 5273 2518 5317 et
2543 5264 2848 5332 quicunque
2873 5276 2957 5317 est
2976 5264 3264 5331 ejusmodi,
3300 5266 3345 5320 is
3366 5275 3448 5321 est

1892 5375 1911 5407 ι
1957 5371 1987 5409 a
2023 5354 2116 5409 Dei
2156 5354 2395 5410 Ecclesia
2427 5355 2728 5410 abdicatus.
2768 5353 2825 5408 in
2858 5365 3096 5424 tempore
3141 5366 3318 5409 autem
3367 5357 3450 5409 in-

1892 5466 1911 5499 ι
1957 5446 2258 5513 cursionis,
2292 5446 2347 5500 in
2374 5454 2521 5501 tanto
2555 5447 2701 5501 luctu
2734 5447 3003 5515 tantisque
3024 5445 3257 5509 ﬂetibus,
3286 5462 3450 5501 ausos

1891 5558 1911 5591 ι
1955 5554 2074 5595 esse
2114 5538 2325 5608 aliquos
2359 5545 2567 5607 tempus
2595 5538 2739 5607 quod
2778 5537 3030 5591 omnibus
3061 5535 3289 5590 exitium
3320 5537 3450 5591 atie-

1891 5650 1911 5683 ι
1952 5631 2137 5695 rebat,
2168 5630 2479 5685 existimare
2501 5644 2622 5684 esse
2655 5630 2755 5684 sibi
2785 5630 2920 5684 lucri
2952 5636 3161 5700 tempus
3188 5669 3202 5694 ,
3247 5637 3329 5682 est
3356 5628 3457 5680 ho-

1891 5742 1911 5775 ι
1957 5723 2162 5777 minum
2206 5723 2496 5792 impiarum
2528 5731 2582 5777 et
2614 5720 2724 5776 Deo
2770 5722 3098 5784 invisorum,
3130 5728 3180 5775 et
3216 5734 3451 5789 quorum

1894 5834 1911 5868 ι
1954 5815 2284 5885 improbitati
2310 5815 2441 5869 nihil
2464 5823 2643 5886 potest
2667 5814 2847 5885 adjici.
2874 5812 3027 5870 Unde
3053 5828 3242 5869 omnes
3273 5811 3450 5868 istius-
