3876 6506
465 331 602 389 1027

531 540 640 591 lum
670 540 750 593 ira
783 538 982 604 veniat,
1012 548 1065 593 et
1095 540 1148 593 in
1177 554 1272 594 eos
1304 540 1538 607 primutn
1564 539 1657 607 qui
1688 549 1947 607 praesunt,
1984 548 2036 591 et

532 648 636 685 non
670 633 971 701 inquirunt.
1006 630 1207 685 Vereor
1237 633 1403 697 enim,
1438 640 1497 685 ut
1530 631 1605 685 ait
1634 630 1936 701 Scriptura,
1969 647 2035 684 ne

530 724 728 791 impius
776 724 986 792 justum
1032 740 1136 777 ttna
1175 739 1359 778 secum
1404 723 1593 793 perdat
1632 725 1676 777 9.
1728 722 2035 776 Fornicatio

527 815 692 877 enim,
732 815 938 883 inquit,
981 826 1027 869 et
1063 816 1323 881 avaiitia,
1370 831 1461 884 per
1489 831 1605 885 quae
1643 816 1781 869 venit
1824 816 1907 868 ira
1943 814 2036 868 Dei

464 1017 483 1049 ι
526 1000 681 1067 cipes.
712 996 911 1049 Fuistis
942 1000 1079 1049 enim
1103 997 1389 1066 aliquando
1413 996 1670 1051 tenebrat:
1704 1014 1838 1049 nunc
1859 1007 2035 1050 autent

462 1110 481 1140 ε
530 1090 623 1142 lux
673 1090 728 1141 in
776 1088 1020 1141 Domino.
1067 1087 1132 1142 Ut
1166 1088 1267 1156 lilii
1314 1088 1445 1141 lucis
1497 1088 1759 1142 antbulate
1810 1090 2033 1159 (fructus

466 1201 483 1232 ι
528 1180 666 1235 enim
716 1180 847 1233 lucis
880 1190 954 1233 est
987 1180 1042 1232 in
1075 1180 1215 1233 omni
1238 1179 1792 1248 bonitate,etjustitia,
1824 1193 1872 1235 et
1903 1183 2035 1234 veri-

462 1292 481 1326 ι
529 1274 693 1341 tate),
744 1275 1019 1341 probantes
1064 1270 1201 1341 quod
1254 1274 1323 1326 sit
1380 1271 1485 1325 Deo
1533 1284 1839 1341 acceptum:
1885 1284 1933 1327 et
1974 1292 2035 1328 ne

464 1381 482 1412 ι
526 1365 906 1416 communicata
935 1362 1265 1430 infrugiferis
1292 1362 1532 1430 operibus
1560 1364 1908 1428 tenebrarum,
1945 1365 2033 1417 sed

464 1475 482 1504 ι
529 1456 701 1519 potius
735 1454 895 1507 etiam
938 1452 1253 1523 redurguite.
1292 1452 1422 1517 Quae
1456 1455 1594 1507 enim
1636 1457 1700 1507 ab
1740 1456 1869 1524 ipsis
1900 1456 2030 1524 ﬁunt

465 1568 483 1601 ι
529 1550 859 1617 clanculum,
910 1560 1058 1618 turpe
1098 1561 1173 1603 est
1217 1552 1299 1605 vel
1320 1551 1509 1606 dicere.
1568 1552 1759 1607 Omnia
1796 1566 1970 1608 autem
2001 1574 2033 1608 α

467 1664 481 1694 ι
529 1646 642 1698 luce
673 1646 905 1698 convicta
932 1645 1346 1714 manifestantur
1374 1647 1436 1701 ‘°.
1485 1645 1608 1702 Haec
1643 1648 1859 1718 quidem
1898 1649 2035 1719 Apo-

464 1758 481 1789 ι
532 1739 727 1793 stolus.
781 1737 837 1791 Si
886 1747 1065 1791 autem
1100 1737 1192 1807 qui
1231 1748 1448 1807 propter
1485 1742 1716 1809 priorem
1750 1743 1900 1812 plura
1938 1745 2035 1797 ha-

464 1851 481 1882 ‹
530 1830 690 1885 bendi
744 1830 1132 1899 cupiditatem,
1187 1847 1308 1900 quae
1366 1833 1419 1886 in
1454 1849 1585 1902 pace
1633 1834 1768 1898 fuit,
1815 1851 2031 1904 pmnam

464 1943 483 1973 ι
530 1923 696 1987 dant,
746 1922 799 1975 in
853 1923 970 1991 ipso
1003 1922 1096 1976 ira:
1131 1931 1370 1992 tempore
1404 1940 1598 1980 rursus
1644 1927 1708 1980 ad
1753 1928 2034 1982 avaritiam

466 2036 481 2065 ι
530 2025 951 2079 convertuntur,
983 2015 1383 2070 lucrifacientes
1414 2032 1479 2069 ex
1511 2019 1774 2087 sanguine
1814 2027 1868 2072 et
1906 2035 2032 2087 per-

464 2127 482 2159 ‹
529 2109 670 2163 nicie
706 2123 1016 2161 eversorum
1063 2106 1373 2171 hominum,
1409 2110 1782 2177 captivorum,
1816 2110 2037 2165 interfe-

465 2220 483 2251 ι
529 2209 780 2263 ctorum;
829 2199 957 2268 quid
1001 2197 1146 2251 aliud
1189 2200 1615 2267 exspectandum
1654 2208 1755 2263 est,
1782 2216 1944 2269 quam
1981 2209 2037 2254 ut

464 2310 483 2342 ι
530 2291 759 2345 avaritia
782 2291 1122 2345 decertantes
1154 2289 1292 2344 iram
1330 2291 1432 2344 sibi
1462 2300 1515 2345 et
1538 2291 1796 2347 universo
1837 2293 2036 2363 populo

467 2402 486 2434 ι
535 2383 917 2438 accumulent?
946 2401 965 2435 ι

529 2565 691 2621 Βλιε.
732 2566 789 2620 In
823 2576 1061 2637 tempore
1104 2567 1451 2631 incursionis,
1496 2565 1719 2635 quidam
1753 2580 1819 2620 ex
1850 2564 2036 2620 ortho-

462 2659 623 2713 doxis
652 2660 1033 2727 corripuerunt
1056 2675 1143 2713 res
1168 2675 1289 2727 qua
1317 2659 1653 2727 captivorum
1682 2657 2037 2727 depraedatio-

461 2765 584 2803 nem
626 2748 948 2820 effugerunt.
1004 2748 1077 2803 De
1110 2751 1194 2803 his
1229 2764 1355 2819 ergo
1406 2751 1770 2818 interrogatus
1814 2755 2036 2801 sanctus

460 2839 613 2902 dicit,
641 2841 784 2909 quod
810 2840 1059 2910 quisquis
1092 2849 1174 2895 est
1207 2856 1424 2906 avarus,
1461 2850 1543 2895 est
1573 2840 1642 2893 ab
1669 2838 1906 2893 Ecclesia
1941 2839 2037 2891 ab-

458 2931 694 2995 dicatus,
742 2932 793 2985 id
832 2941 936 2995 est,
971 2934 1175 3003 ejectus
1216 2942 1270 2988 et
1318 2934 1546 2987 alienus.
1600 2932 1864 2987 Dicuntur
1889 2932 2034 2985 enim

460 3020 693 3075 abdicati
729 3022 821 3075 ﬁlii
853 3024 1071 3090 quando
1104 3032 1322 3092 propter
1353 3024 1533 3092 aliqua
1576 3024 1802 3077 crimina
1834 3022 1902 3075 ab
1928 3021 2036 3073 ha:-

461 3112 690 3167 reditate
720 3124 943 3183 paterna
970 3116 1295 3171 alienantur.
1337 3114 1394 3169 In
1431 3127 1670 3186 tempore
1702 3125 1880 3170 autem
1909 3113 2033 3168 talis
2061 3143 2102 3200 ο

461 3204 788 3259 calamitatis
841 3204 1041 3259 audere
1084 3205 1319 3275 aliquem
1363 3206 1573 3262 facinus
1620 3206 1928 3277 ejusmodi,
1981 3216 2036 3262 et

459 3295 773 3350 existimare
817 3296 1047 3351 aliorum
1081 3298 1445 3353 calamitatem
1475 3315 1596 3354 esse
1639 3299 1721 3353 sui
1764 3300 1898 3353 lucri
1945 3313 2037 3354 oc-

461 3389 761 3453 casionem,
784 3398 868 3443 est
894 3390 1185 3458 impiorum
1213 3392 1493 3445 hominum
1522 3401 1575 3445 et
1600 3391 1705 3445 Deo
1734 3392 2034 3446 invisorum

462 3491 515 3535 et
545 3482 638 3549 qui
671 3496 887 3535 omnem
914 3482 1315 3552 improbitatem
1345 3494 1622 3553 superant.
1677 3483 1826 3539 Unde
1860 3486 2035 3540 visum

462 3582 547 3626 est
571 3589 665 3627 eos
699 3573 970 3638 abdicare,
1005 3589 1103 3643 pro
1146 3590 1211 3628 eo
1258 3576 1403 3644 quod
1434 3584 1536 3641 est,
1571 3586 1754 3646 aperte
1795 3576 2036 3632 Ecclesia

462 3663 753 3730 expc-ﬁere,
804 3670 857 3715 et
907 3678 938 3715 a
990 3662 1226 3717 ﬁdelium
1258 3665 1602 3719 multitudine
1640 3681 1927 3735 separare:
1972 3684 2039 3721 ne

464 3763 683 3823 propter
713 3754 861 3821 ipsos
892 3754 983 3807 Dei
1014 3754 1095 3808 ira
1131 3754 1185 3808 in
1220 3770 1411 3811 onmes
1442 3758 1638 3821 veniat,
1674 3768 1727 3812 et
1757 3768 1880 3813 ante
1903 3760 2039 3814 alios

464 3846 517 3900 in
554 3861 647 3900 eos
675 3846 769 3914 qui
808 3848 1081 3915 praesunt,
1116 3846 1211 3915 qui
1240 3847 1506 3915 ejusmodi
1538 3849 1785 3904 homines
1821 3866 1928 3903 non
1957 3852 2039 3906 in-

463 3936 690 4006 quirunt
720 3945 773 3991 et
796 3937 1129 3991 examinant.
1160 3936 1359 3993 Deinde
1388 3939 1667 4010 subjungit
1691 3941 1851 3995 etiam
1885 3946 2038 3997 testi-

467 4028 650 4082 monia
688 4026 1003 4098 Scripturte,
1038 4037 1091 4083 et
1129 4028 1273 4083 circa
1310 4030 1468 4084 ﬁnem
1498 4030 1692 4085 infert:
1732 4030 1788 4087 Si
1818 4034 1911 4103 qui
1944 4050 2039 4089 au-

466 4131 572 4173 tem
620 4127 837 4187 propter
888 4134 1042 4174 suam
1081 4120 1407 4186 avaritiam,
1460 4137 1580 4190 quae
1638 4120 1738 4177 fuit
1802 4132 2041 4193 tempore

466 4210 658 4277 pacis,
709 4210 921 4278 puniti,
973 4211 1027 4264 in
1079 4213 1433 4267 barbarorum
1488 4214 1683 4268 iterum
1732 4216 2043 4271 incursione

465 4302 653 4353 eadem
688 4302 1061 4368 peccaverint,
1103 4302 1174 4367 ii,
1212 4304 1407 4372 inquit,
1443 4320 1551 4359 non
1579 4306 1750 4359 solum
1784 4306 1877 4361 Dei
1905 4308 2040 4362 iram

466 4391 521 4443 in
563 4406 620 4445 se
657 4393 974 4459 attrahunt,
1010 4393 1103 4448 sed
1125 4395 1287 4449 etiam
1320 4397 1581 4453 adversus
1611 4414 1824 4453 omnem
1872 4417 2044 4471 popu-

1576 296 1653 390 is.
1694 334 2026 393 cnsconn
2064 335 2574 394 THAUMATURGI

532 448 673 502 modi
712 448 961 503 abdicare
987 448 1160 504 visum
1189 458 1291 511 est,
1321 464 1386 503 ne
1419 447 1556 503 forte
1582 450 1633 503 in
1663 460 1833 504 totum
1861 464 2032 519 popu-

2143 468 2161 500 ι
2199 452 2517 524 ἐκκηρύξαι,
2554 454 2761 523 μήποτε
2794 454 2878 521 ἐφ’
2905 453 3024 506 ὅλον
3055 450 3184 525 ἔλθῃ
3212 453 3301 506 τὸν
3330 452 3459 509 λαδν
3499 458 3533 527 ἡ
3577 457 3715 528 ὀργὴ

530 909 585 960 in
630 908 769 977 ﬁlios
805 906 1167 959 inobedientiw
1194 919 1209 959 :
1236 921 1301 957 ne
1341 908 1457 960 sitis
1490 924 1612 976 ergo
1656 923 1835 961 eorum
1865 909 2034 975 parti-
2063 930 2075 943 ο

3583 339 3716 393 1023

2144 562 2161 592 ι
2201 544 2292 595 καὶ
2322 546 2406 596 ἐπ’
2429 546 2626 608 αὐτοὺς
2648 545 2863 615 πρῶτον
2893 546 3019 607 τοὺς
3063 545 3440 617 προεστῶτας,
3473 550 3599 610 τοὺς
3644 550 3717 621 μὴ

2143 653 2159 684 ι
2204 636 2611 708 ἐπιζητοῦντας.
2656 638 2931 709 Φοϐοῦμαι
2967 639 3108 710 γὰρ,
3154 638 3285 710 ὠςή
3317 638 3510 711 Γραςὴ
3549 640 3715 709 λέγει,

2142 745 2160 777 ι
2203 728 2278 798 μὴ
2305 729 2643 803 συναπολέσῃ
2681 731 2883 800 ἀσεϐὴς
2906 730 2996 783 τὸν
3025 727 3252 785 δίκαιον.
3284 732 3543 798 Πορνεία
3587 734 3715 802 γὰρ,

2142 835 2160 867 ι
2201 821 2363 890 φησί,
2407 821 2504 873 καὶ
2546 821 2887 886 πλεονεξία,
2915 821 2988 874 δι’
3014 820 3308 890 ᾰὲρχεται
3351 823 3389 889 ἡ
3436 823 3583 891 ὀργὴ
3612 824 3716 877 τοῦ

2142 928 2160 961 ι
2205 910 2350 963 Θεοῦ
2379 912 2476 965 ἐπὶ
2503 912 2643 979 τοὺς
2668 914 2836 979 υἱοὺς
2873 913 2983 982 τῆς
3011 915 3330 979 ἀπειθείας.
3357 916 3415 966 Μ
3422 912 3457 980 ὴ
3482 910 3596 967 οὖν
3630 916 3715 983 γί-

2142 1021 2159 1054 ι
2200 1006 2378 1057 νεσθε
2407 1003 2768 1075 συμμέτοχοι
2790 1004 3006 1058 αὐτῶν.
3026 1001 3160 1059 Ἦτε
3183 1004 3289 1074 γάρ
3309 1021 3455 1057 ποτε
3471 1008 3711 1072 σκότος,

2144 1115 2161 1146 ι
2199 1094 2316 1149 νῦν
2351 1095 2418 1149 δὲ
2442 1096 2567 1166 φῶς
2590 1098 2887 1164 ἐνΚυρΙῳ.
2928 1097 3018 1162 Ὠς
3045 1096 3223 1149 τέκνα
3242 1096 3434 1165 φωτὸς
3476 1113 3716 1165 περιπαρ

2143 1206 2160 1238 ι
2204 1188 2352 1241 τεῖτε
2380 1189 2397 1248 (
2413 1192 2445 1242 ό
2470 1189 2580 1258 γὰρ
2610 1189 2836 1256 καρπός
2856 1188 2961 1242 τοῦ
2991 1188 3187 1258 φωτὸς
3209 1190 3278 1241 ἐν
3309 1189 3480 1257 πάσῃ
3506 1190 3711 1258 ἀγνλθο·

2142 1297 2159 1329 ι
2201 1281 2361 1347 σύνῃ
2386 1279 2779 1351 καὶάληθείᾳ)
2804 1320 2818 1343 ,
2859 1280 3271 1350 δοκιμάζοντες
3299 1283 3356 1335 τί
3388 1281 3716 1349 εὐάρεστον

2141 1389 2158 1421 ι
2199 1369 2276 1436 τῷ
2319 1372 2547 1438 Κυρίῳ,
2588 1372 2686 1424 καὶ
2732 1371 2818 1442 μὴ
2855 1374 3311 1443 συγκριτιωνεῖτε
3353 1375 3480 1440 τοῖς
3523 1376 3713 1443 ἔργοις

2141 1482 2158 1513 ι
2200 1462 2324 1529 τοῖς
2368 1462 2660 1531 ἀκάρποις
2716 1464 2823 1517 τοῦ
2865 1466 3160 1531 σκότους,
3214 1464 3461 1535 μᾶλλον
3507 1466 3577 1519 δὲ
3620 1469 3712 1521 καί

2141 1572 2159 1605 ι
2194 1554 2496 1623 ἐλέγχετε·
2545 1555 2613 1609 τὰ
2643 1555 2754 1624 γὰρ
2806 1555 3007 1624 κρυφῇ
3054 1560 3346 1626 γινόμενα
3384 1559 3486 1612 ὑπ’
3525 1558 3715 1613 αὐτῶν

2141 1664 2158 1696 ι
2198 1648 2454 1715 αἰσχρόν
2485 1647 2615 1700 ἐστι
2648 1648 2745 1701 καί
2773 1648 2993 1719 λέγειν.
3043 1650 3119 1703 Τὰ
3142 1650 3209 1703 δὲ
3245 1652 3443 1704 πάντα
3472 1652 3712 1720 ἐλεγχεί⁴

2142 1756 2160 1787 ι
2190 1754 2345 1805 μενα
2374 1738 2495 1792 ὑπὸ
2520 1738 2625 1793 τοῦ
2651 1740 2842 1807 φωτὸς
2876 1741 3257 1809 φανεροῦται.
3301 1742 3545 1797 Τοιαῦτα
3572 1745 3665 1812 μὲν
3690 1745 3713 1794 ὁ

2142 1845 2161 1878 ι
2221 1828 2564 1893 ’Ᾱπὸστολος.
2612 1830 2735 1883 Ἐάν
2768 1830 2844 1894 δὲ,
2868 1830 2955 1883 διὰ
2980 1831 3077 1902 τὴν
3112 1834 3384 1904 προτέραν
3407 1834 3712 1899 πλεονεξίαν

2139 1936 2159 1970 ι
2194 1918 2291 1989 τὴν
2318 1921 2372 1971 ἐν
2391 1922 2454 1989 τῇ
2475 1921 2665 1993 εἰρήνῃ
2682 1922 2976 1991 γενομένην
2998 1922 3153 1992 δίκην
3173 1925 3471 1988 τιννύντες,
3497 1926 3556 1977 ἐν
3578 1927 3711 1995 αύτῷ

2141 2027 2159 2059 ι
2198 2009 2275 2080 τῷ
2302 2009 2477 2081 καιρῷ
2523 2011 2624 2080 τῆς
2666 2011 2833 2083 ὀργῆς
2881 2011 3042 2064 πάλιν
3090 2012 3225 2083 πρὸς
3266 2013 3365 2082 τὴν
3401 2012 3709 2079 πλεονεξίαν

2141 2116 2159 2149 ι
2195 2099 2508 2171 ἐκτραπῶσί
2534 2118 2695 2166 τινες,
2726 2102 3098 2172 κερδαίνοντες
3128 2102 3185 2166 ἐξ
3212 2101 3445 2172 αἵματος
3490 2104 3585 2156 καὶ
3612 2104 3711 2155 ὀλέ-

2142 2210 2159 2242 ‹
2198 2190 2325 2261 ορου
2354 2191 2652 2261 ἀνθρώπων
2690 2194 3005 2247 ἀναστάτων
3033 2194 3399 2264 γενομένωνῆ
3434 2195 3703 2265 αἰχμαλὼ-

2141 2302 2160 2335 ι
2194 2300 2318 2347 των,
2346 2285 2777 2354 πεφονωμένων,
2814 2287 2865 2340 τί
2889 2287 3074 2358 ἓτερον
3109 2288 3423 2358 προσδοκᾷν
3462 2290 3621 2359 χρὴῆ
3648 2289 3709 2349 ('9,-

2142 2394 2159 2426 ι
2197 2377 2704 2447 ἐπαγωνιζομένους
2731 2380 2793 2448 τῇ
2826 2377 3127 2448 πλεονεξίᾳ,
3151 2379 3527 2450 ἐπισωρεῦσαι
3549 2379 3709 2451 ὀργὴν

2142 2486 2160 2519 ‹
2194 2468 2288 2520 καὶ
2311 2470 2521 2531 ἑαυτοῖς
2545 2469 2638 2521 καὶ
2671 2470 2833 2522 παντὶ
2860 2469 2938 2539 τῷ
2975 2469 3120 2539 kaq);
3155 2488 3172 2520 ι

2206 2561 2398 2614 ΒΑΛΣ.
2428 2562 2514 2614 Ἐν
2539 2560 2615 2631 τῷ
2638 2560 2812 2631 καιρῷ
2836 2562 2935 2631 τῆς
2960 2562 3071 2613 τῶν
3086 2560 3377 2632 βαρϐάρων
3397 2562 3709 2632 ἐπιδρομῆς.

2137 2652 2389 2721 ἥρπασάν
2419 2671 2561 2716 τινες
2591 2654 2699 2707 τῶν
2724 2653 3016 2724 ὀρθοδόξων
3038 2653 3107 2705 τὰ
3141 2652 3235 2723 τὴν
3277 2652 3577 2724 λεηλασίαν
3608 2653 3710 2706 δια-

2136 2744 2374 2813 φυγόντα
2432 2745 2541 2798 τῶν
2618 2745 3155 2815 αἰχμαλωτισθέντων
3199 2745 3528 2815 πράγματα.
3592 2743 3711 2813 Περὶ.

2134 2836 2338 2890 τούτων
2369 2832 2461 2890 οὖν
2497 2837 2793 2909 ἐρωτηθεὶς
2814 2839 2842 2890 ὁ
2890 2838 3063 2905 ἅγιος,
3089 2836 3274 2907 φησιν,
3303 2837 3388 2889 ὅτι
3414 2840 3530 2899 πᾶς
3572 2836 3691 2887 also

2135 2927 2329 2998 νέκτης
2364 2928 2699 2998 ἐκκήρυκτος
2742 2928 2840 2998 τῆς
2894 2927 3220 2997 Ἐκκλησίας
3248 2929 3420 2989 ἐστὶν,
3457 2928 3581 2979 ἀντὶ
3606 2926 3710 2992 τοῦ,

2135 3018 2437 3088 ἁπόόλητος
2477 3019 2571 3071 κα)⁸
2612 3019 2911 3091 ἀλλότριος.
2959 3018 3470 3090 Ἀποκηρύσσεσθαι
3501 3022 3606 3093 γάρ
3632 3019 3710 3071 λέο

2136 3128 2320 3179 γονται
2347 3113 2394 3164 οἰ
2420 3111 2523 3164 υἱοὶ
2550 3112 2676 3163 ὅταν
2715 3112 2804 3164 διά
2821 3129 2940 3164 τινα
2962 3112 3258 3180 αἰτιάματα
3279 3112 3342 3163 ἐκ
3372 3112 3474 3181 τῆς
3510 3112 3712 3180 γονικῆς

2136 3202 2495 3275 κληρονομίας
2523 3198 2924 3273 ἀλλοτριῶνται.
2957 3203 3028 3255 Τὸ
3050 3203 3106 3255 δέ
3139 3205 3194 3255 ἐν
3227 3202 3413 3273 καιρῷ
3444 3220 3506 3255 συ
3517 3205 3713 3273 μσορίς

2134 3296 2386 3366 τοιαύτης
2408 3295 2668 3366 τολμῆσαί
2700 3312 2821 3349 τινα
2843 3294 3078 3347 τοιοῦτον
3107 3313 3161 3348 τι
3195 3295 3366 3348 κακὸν
3386 3335 3401 3359 ,
3432 3297 3531 3347 καὶ
3581 3295 3715 3362 λογί-

2138 3388 2333 3442 σασθαι
2357 3388 2591 3460 κέρδους
2618 3388 2869 3459 ἀφορμὴν
2896 3388 2994 3458 τὴν
3014 3387 3123 3440 τῶν
3146 3386 3391 3455 ἀδελφῶν
3417 3387 3713 3457 συμσςορὰν,

2136 3480 2295 3551 ἔργον
2323 3481 2468 3532 ἐστὶν
2505 3479 2806 3551 ἀνθρώπων
2836 3478 3047 3532 ἀσεϐῶν
3075 3480 3167 3532 καὶ
3196 3479 3302 3531 ὑπὸ
3330 3478 3427 3531 τοῦ
3466 3479 3600 3531 Θεοῦ
3632 3497 3712 3549 μι-

2140 3569 2435 3639 σουμένων,
2461 3569 2552 3622 καὶ
2574 3570 2753 3639 πάσης
2796 3569 3025 3631 ἀτοπίας
3062 3570 3336 3622 ἐπέκεινα.
3368 3568 3530 3621 Ὅθεν
3576 3568 3713 3632 ἔδοξε

2136 3662 2261 3725 τοὺς
2280 3661 2551 3724 τοιούτους
2583 3660 2883 3732 ἐκκηρύξαι
2910 3660 3032 3714 ἀντὶ
3053 3660 3169 3723 τοῦ,
3207 3661 3461 3731 φανερῶς
3475 3659 3716 3724 ἐκδιῶξαι

2137 3750 2235 3820 τῆς
2276 3750 2632 3822 Ἐκκλησίας,
2672 3752 2765 3804 καὶ
2798 3750 3028 3821 χωρίσαι
3078 3751 3172 3803 τοῦ
3212 3750 3582 3822 πληρώματος
3615 3752 3716 3803 τῶν

2140 3844 2369 3897 πιστῶν·
2406 3844 2493 3895 ἴνα
2523 3843 2596 3912 μὴ
2616 3842 2681 3894 δι’
2710 3842 2907 3907 αὐτοὺς
2941 3846 2974 3915 ὴ
3007 3842 3143 3914 ὀργὴ
3168 3841 3260 3895 τοῦ
3290 3841 3426 3894 Θεοῦ
3476 3842 3607 3913 ἔλθῃ
3628 3841 3715 3893 ἐπὶ

2141 3936 2366 3999 πάντας,
2400 3935 2493 3986 καὶ
2518 3934 2621 4005 πρὸ
2645 3933 2752 3986 τῶν
2780 3933 2953 3987 ἄλλων
2984 3934 3076 3986 ἐπὶ
3096 3935 3219 3997 τοὺς
3241 3935 3617 4001 προεστῶτας,
3640 3934 3712 4004 μὴ

2141 4024 2529 4097 ἐπιζητοῦντας
2556 4024 2649 4078 καὶ
2683 4024 3035 4091 ἐξετάζοντας
3073 4025 3198 4087 τοὺς
3243 4025 3540 4087 τοιούτους.
3592 4022 3720 4077 Εἶτα

2141 4121 2335 4188 ἐπάγει
2370 4120 2464 4173 καὶ
2496 4119 2773 4191 Γραφικάς
2809 4119 3110 4190 μαρτυρίας
3132 4158 3147 4180 ,
3177 4120 3271 4171 καὶ
3306 4120 3434 4189 περὶ
3470 4120 3533 4171 τὸ
3571 4119 3721 4179 τέλος

2141 4211 2419 4283 ἐπιφέρει·
2447 4211 2509 4264 Εἰ
2539 4211 2595 4262 δέ
2617 4228 2758 4273 τινες
2783 4209 2869 4263 διὰ
2898 4209 3207 4274 πλεονεξίαν
3241 4210 3544 4280 γενομένην
3595 4212 3719 4280 παρ’

2142 4304 2322 4358 αὐτῶν
2358 4304 2501 4358 κατὰ
2525 4304 2615 4356 τὸν
2639 4304 2737 4373 τῆς
2761 4304 2982 4374 εἰρήνης
3008 4303 3196 4372 καιρὸν
3218 4302 3597 4367 κολασθέντες,
3634 4302 3726 4354 πά·

2142 4397 2223 4449 λιν
2244 4398 2337 4450 καὶ
2366 4399 2445 4460 εἰς
2476 4396 2572 4467 τὴν
2598 4395 2702 4448 τῶν
2737 4395 3026 4466 βαρϐάρων
3053 4395 3240 4463 ἔφοδον
3267 4395 3336 4447 τὰ
3373 4394 3515 4448 αύτά
3543 4396 3724 4465 ἦμαρ-

469 4482 602 4537 lum.
637 4482 761 4536 Haec
787 4498 910 4537 cum
941 4484 1014 4537 ita
1044 4500 1102 4539 se
1133 4486 1383 4553 habeant,
1409 4498 1535 4541 nota
1562 4504 1627 4542 ex
1655 4489 1757 4543 hac
1788 4491 2037 4558 praesenti

2142 4505 2252 4552 τον,
2282 4491 2331 4541 οἱ
2358 4488 2616 4553 τοιοῦτοι,
2650 4488 2813 4558 φησιν
2837 4526 2852 4550 ,
2896 4488 2956 4539 ού
3002 4487 3159 4558 μόνον
3201 4486 3322 4539 καθ’
3374 4487 3588 4540 ἑαυτῶν
3631 4487 3725 4556 τὴν

465 4576 715 4645 epistola,
758 4577 903 4645 quod
938 4577 1208 4647 episcopis
1237 4580 1567 4648 permittitur
1596 4597 1883 4637 avarorum
1914 4585 2003 4651 plu
2022 4615 2036 4624 -

467 4682 636 4736 raque
670 4667 898 4720 habendi
939 4668 1257 4737 cupidorum
1308 4674 1607 4739 potentiam
1641 4673 1818 4741 pmnis
1860 4673 2037 4741 impo-

467 4759 586 4812 sitis
620 4773 903 4812 coercere:
950 4768 1003 4813 et
1036 4774 1131 4813 eos
1157 4759 1406 4829 quidem,
1439 4761 1565 4830 qui,
1611 4779 1732 4832 qua:
1762 4779 1826 4817 ex
1870 4764 2039 4833 capti-

467 4852 631 4905 vitate
660 4851 844 4904 relicta
873 4861 1000 4905 sunt
1032 4850 1277 4906 ﬁdelibus
1299 4894 1313 4919 ,
1346 4854 1595 4923 rapiunt,
1622 4856 1834 4925 magnis
1866 4856 2038 4909 eccle-

467 4943 702 4998 siasticis
727 4942 1289 5000 animadversionibus
1318 4947 1613 5017 castigare;
1651 4948 1744 5017 qui
1769 4962 1879 5003 non
1912 4957 2042 5003 sunt

468 5046 651 5089 autem
734 5035 1001 5103 ejusmodi
1066 5051 1327 5105 rapaces,
1418 5038 1763 5093 mediocriter
1822 5039 2034 5109 punire.

468 5124 833 5190 Quamobrem
878 5139 943 5177 ex
997 5124 1081 5178 his
1129 5126 1195 5179 de
1256 5126 1567 5196 bujusmodi
1628 5129 1809 5183 causis
1872 5130 2039 5185 laicos

469 5232 687 5286 quoque
726 5216 962 5285 episcopi
1002 5216 1101 5269 rite
1132 5217 1392 5286 judicent.
1441 5218 1723 5284 Quomodo
1766 5222 1909 5275 enim
1945 5237 2040 5275 eos

468 5311 729 5379 punient,
776 5310 823 5363 si
864 5324 973 5362 non
1004 5309 1155 5377 prius
1200 5310 1396 5364 veritas
1429 5313 1777 5380 apparuerit?
1814 5312 2041 5381 Propter

470 5402 752 5454 avaritiam
767 5408 949 5454 autem
981 5414 1012 5451 a
1037 5399 1271 5454 ﬁdelium
1294 5403 1677 5457 communione
1692 5404 1926 5473 aliquem
1944 5405 2041 5460 ab—

472 5494 661 5557 dicari,
692 5509 945 5563 magnum
977 5504 1079 5557 est,
1113 5502 1167 5548 et
1193 5509 1274 5548 va:
1306 5496 1514 5549 avaris!
1551 5494 1658 5549 Lex
1689 5512 1816 5552 vero
1845 5496 2039 5559 civilis,

470 5597 596 5638 eum
639 5586 734 5654 qui
784 5585 924 5655 rapit
968 5600 1034 5639 ex
1074 5585 1325 5640 incendio
1370 5586 1453 5641 vel
1501 5602 1565 5641 ex
1608 5587 1768 5641 ruina
1811 5589 2038 5657 aedium,

556 5778 557 5781 η
594 5744 727 5801 Gen.
763 5762 912 5813 xvtn,
939 5746 1028 5816 23,
1058 5747 1147 5804 25.
1228 5749 1270 5779 ὀ
1300 5747 1497 5819 Ephes.
1532 5766 1584 5815 ν,
1615 5750 1765 5806 345.

2142 4581 2312 4652 ὀργὴν
2335 4580 2427 4633 τοῦ
2467 4580 2601 4633 Θεοῦ
2646 4581 2963 4650 ἐφέλκουσιν
2989 4621 3002 4644 ,
3042 4580 3177 4633 ἀλλὰ
3214 4583 3308 4634 καί
3344 4579 3488 4633 κατὰ
3526 4578 3726 4640 παντὸς

2143 4670 2237 4723 τοῦ
2263 4670 2415 4724 λαοῦ.
2460 4670 2676 4723 Τούτων
2720 4669 2891 4733 οὕτως
2936 4670 3166 4740 ἐχόντων
3241 4670 3582 4741 σημείωσαι,
3646 4672 3725 4723 ὅτι

2143 4764 2237 4816 καὶ
2258 4763 2365 4816 ἀπὸ
2402 4762 2503 4831 τῆς
2532 4762 2813 4833 παρούσης
2852 4762 3139 4832 ἐπιστολῆς
3194 4765 3404 4831 ἐφεῖται
3448 4767 3565 4826 τοῖς
3609 4765 3727 4814 ἐπι-

2142 4854 2363 4915 σκόποις
2384 4854 2481 4917 τάς
2512 4853 2617 4906 τῶν
2642 4853 2977 4907 πλεονεκτῶν
3013 4854 3330 4917 δυναστείας
3377 4852 3727 4906 ἀναστέλλειν

2138 4944 2223 4997 διὰ
2246 4946 2534 5015 ἐπιτιμίων
2554 4962 2567 4975 °
2604 4946 2845 5009 καὶτοὺς
2875 4947 2971 5016 μὲν
3004 4945 3349 5017 ἁρπάζοντας
3392 4946 3459 4998 τὰ
3490 4947 3605 4998 ἀπὸ
3635 4946 3730 5013 τῆς

2138 5038 2509 5107 αἰχμαλωσίας
2528 5038 2941 5109 περιλειφθέντα
2973 5039 3274 5110 πράγματα
3296 5039 3404 5092 τῶν
3427 5039 3727 5110 ὁρθοδὸξων

2142 5128 2230 5180 διὰ
2267 5127 2512 5197 μεγάλων
2539 5129 3004 5200 ἐκκλησιαστικῶν
3041 5130 3393 5201 σωφρονίζειν
3424 5130 3726 5183 κολάσεωνο

2142 5220 2267 5281 τοὺς
2291 5218 2347 5270 δὲ
2376 5219 2449 5289 μὴ
2470 5219 2741 5284 τοιούτους
2764 5221 3016 5291 ἅρπαγας
3034 5224 3412 5293 μετριωτέρως
3441 5224 3726 5292 ἐπιτιμᾷ-δ’

2144 5309 2283 5361 ὥστε
2324 5311 2431 5363 ἀπὸ
2480 5310 2734 5363 τοιούτων
2793 5313 2921 5381 περὶ
2976 5312 3227 5365 τοιούτων
3277 5313 3589 5367 ὑποθέσεων
3638 5313 3731 5365 καὶ

2144 5402 2364 5465 λαῖκοὺς
2385 5402 2695 5472 ὲνδυνάμως
2724 5403 2810 5455 ἵνα
2846 5402 3138 5457 δικάσωσιν
3168 5406 3217 5457 οἰ
3247 5405 3559 5457 ἐπίσκοποι.
3604 5404 3733 5464 Πῶς

2146 5496 2255 5567 γὰρ
2284 5497 2665 5567 ἐπιτιμήσουσι
2710 5494 2932 5560 τούτους
2975 5497 3072 5567 τῆς
3104 5496 3359 5566 ἀληθείας
3392 5498 3465 5567 μὴ
3510 5500 3733 5565 ἀναφα-

2146 5589 2330 5659 νείσης
2351 5590 2613 5659 πρότερον
2639 5604 2653 5655 ;
2684 5587 2840 5649 mea
2873 5588 2961 5642 διὰ
2994 5588 3305 5652 πλεονεξίαν
3340 5589 3735 5660 ἀποκηρύσσε-
