  <div class='ocr_page' id='page_1' title='image "/cluster/home/n/w/nwhite01/storage/ocr_20150623/10/hvd.32044019207620/522.png"; bbox 0 0 3876 6512; ppageno 0'>
   <div class='ocr_carea' id='block_1_1' title="bbox 226 348 368 403">
    <p class='ocr_par' dir='ltr' id='par_1_1' title="bbox 226 348 368 403">
     <span class='ocr_line' id='line_1_1' title="bbox 226 348 368 403; baseline -0.021 0"><span class='ocrx_word' id='word_1_1' title='bbox 226 348 252 403; x_wconf 74' lang='grc' dir='ltr'><strong>Ι</strong></span> <span class='ocrx_word' id='word_1_2' title='bbox 262 349 368 401; x_wconf 69' lang='grc'>029</span> 
     </span>
    </p>
   </div>
   <div class='ocr_carea' id='block_1_2' title="bbox 1485 345 2232 403">
    <p class='ocr_par' dir='ltr' id='par_1_2' title="bbox 1485 345 2232 403">
     <span class='ocr_line' id='line_1_2' title="bbox 1485 345 2232 403; baseline 0 -2"><span class='ocrx_word' id='word_1_3' title='bbox 1485 345 1822 403; x_wconf 79' lang='lat' dir='ltr'><strong>EPISTULA</strong></span> <span class='ocrx_word' id='word_1_4' title='bbox 1860 347 2232 403; x_wconf 75' lang='lat' dir='ltr'><strong>CANONICA.</strong></span> 
     </span>
    </p>
   </div>
   <div class='ocr_carea' id='block_1_3' title="bbox 3333 350 3475 409">
    <p class='ocr_par' dir='ltr' id='par_1_3' title="bbox 3333 350 3475 409">
     <span class='ocr_line' id='line_1_3' title="bbox 3333 350 3475 409; baseline 0.021 -3"><span class='ocrx_word' id='word_1_5' title='bbox 3333 350 3475 409; x_wconf 67' lang='grc' dir='ltr'>ιοπο</span> 
     </span>
    </p>
   </div>
   <div class='ocr_carea' id='block_1_4' title="bbox 227 461 1804 537">
    <p class='ocr_par' dir='ltr' id='par_1_4' title="bbox 227 461 1795 534">
     <span class='ocr_line' id='line_1_4' title="bbox 227 461 1795 534; baseline -0.003 -16"><span class='ocrx_word' id='word_1_6' title='bbox 227 465 353 518; x_wconf 87' lang='grc' dir='ltr'>σθαί</span> <span class='ocrx_word' id='word_1_7' title='bbox 375 480 496 517; x_wconf 87' lang='grc' dir='ltr'>τινα</span> <span class='ocrx_word' id='word_1_8' title='bbox 525 463 588 516; x_wconf 85' lang='grc' dir='ltr'><strong>ἐκ</strong></span> <span class='ocrx_word' id='word_1_9' title='bbox 627 463 725 534; x_wconf 81' lang='grc' dir='ltr'>τῆς</span> <span class='ocrx_word' id='word_1_10' title='bbox 756 462 1040 526; x_wconf 74' lang='grc' dir='ltr'><strong>κοινωνίας</strong></span> <span class='ocrx_word' id='word_1_11' title='bbox 1069 463 1173 516; x_wconf 91' lang='grc' dir='ltr'><strong>τῶν</strong></span> <span class='ocrx_word' id='word_1_12' title='bbox 1222 461 1428 516; x_wconf 85' lang='grc' dir='ltr'>πιστῶν</span> <span class='ocrx_word' id='word_1_13' title='bbox 1476 462 1617 533; x_wconf 89' lang='grc' dir='ltr'>μέγα</span> <span class='ocrx_word' id='word_1_14' title='bbox 1657 463 1795 523; x_wconf 67' lang='grc' dir='ltr'>ἐστὶ,</span> 
     </span>
    </p>
   </div>
   <div class='ocr_carea' id='block_1_5' title="bbox 1909 461 3473 537">
    <p class='ocr_par' dir='ltr' id='par_1_5' title="bbox 1909 461 3473 537">
     <span class='ocr_line' id='line_1_5' title="bbox 1909 461 3473 537; baseline 0.003 -22"><span class='ocrx_word' id='word_1_15' title='bbox 1909 461 2042 516; x_wconf 87' lang='lat' dir='ltr'><strong>intra</strong></span> <span class='ocrx_word' id='word_1_16' title='bbox 2095 479 2298 518; x_wconf 85' lang='lat' dir='ltr'><strong>annum</strong></span> <span class='ocrx_word' id='word_1_17' title='bbox 2332 464 2548 534; x_wconf 83' lang='lat' dir='ltr'><strong>quidem</strong></span> <span class='ocrx_word' id='word_1_18' title='bbox 2600 466 2652 519; x_wconf 93' lang='lat' dir='ltr'><strong>in</strong></span> <span class='ocrx_word' id='word_1_19' title='bbox 2695 463 3060 537; x_wconf 83' lang='lat' dir='ltr'><strong>quadruplum</strong></span> <span class='ocrx_word' id='word_1_20' title='bbox 3107 465 3473 522; x_wconf 84' lang='lat' dir='ltr'><strong>condemnat:</strong></span> 
     </span>
    </p>
   </div>
   <div class='ocr_carea' id='block_1_6' title="bbox 222 552 1800 627">
    <p class='ocr_par' dir='ltr' id='par_1_6' title="bbox 222 552 1800 627">
     <span class='ocr_line' id='line_1_6' title="bbox 222 552 1800 627; baseline -0.004 -16"><span class='ocrx_word' id='word_1_21' title='bbox 222 559 320 611; x_wconf 69' lang='grc' dir='ltr'><strong>καὶ</strong></span> <span class='ocrx_word' id='word_1_22' title='bbox 344 556 468 610; x_wconf 81' lang='grc' dir='ltr'><strong>οὐαὶ</strong></span> <span class='ocrx_word' id='word_1_23' title='bbox 495 558 604 620; x_wconf 80' lang='grc' dir='ltr'>τοῖς</span> <span class='ocrx_word' id='word_1_24' title='bbox 632 556 1058 611; x_wconf 75' lang='grc' dir='ltr'><strong>πλεονεκτοῦσιν.</strong></span> <span class='ocrx_word' id='word_1_25' title='bbox 1103 555 1160 608; x_wconf 90' lang='lat'><strong>&#39;0</strong></span> <span class='ocrx_word' id='word_1_26' title='bbox 1191 555 1374 627; x_wconf 85' lang='grc' dir='ltr'>μέντοι</span> <span class='ocrx_word' id='word_1_27' title='bbox 1413 554 1687 618; x_wconf 81' lang='grc' dir='ltr'>πολιτικὸς</span> <span class='ocrx_word' id='word_1_28' title='bbox 1715 552 1800 606; x_wconf 86' lang='grc' dir='ltr'>νό-</span> 
     </span>
    </p>
   </div>
   <div class='ocr_carea' id='block_1_7' title="bbox 228 647 1802 722">
    <p class='ocr_par' dir='ltr' id='par_1_7' title="bbox 228 647 1802 722">
     <span class='ocr_line' id='line_1_7' title="bbox 228 647 1802 722; baseline -0.003 -18"><span class='ocrx_word' id='word_1_29' title='bbox 228 668 329 720; x_wconf 85' lang='grc' dir='ltr'><strong>μος</strong></span> <span class='ocrx_word' id='word_1_30' title='bbox 349 652 441 704; x_wconf 80' lang='grc' dir='ltr'>τὸν</span> <span class='ocrx_word' id='word_1_31' title='bbox 465 651 778 722; x_wconf 78' lang='grc' dir='ltr'><strong>ἁρπάζοντα</strong></span> <span class='ocrx_word' id='word_1_32' title='bbox 806 650 913 704; x_wconf 84' lang='grc' dir='ltr'>ἀπὸ</span> <span class='ocrx_word' id='word_1_33' title='bbox 948 647 1275 722; x_wconf 87' lang='grc' dir='ltr'>ἐμπρησμοῦ</span> <span class='ocrx_word' id='word_1_34' title='bbox 1315 649 1348 720; x_wconf 77' lang='grc' dir='ltr'>ἢ</span> <span class='ocrx_word' id='word_1_35' title='bbox 1386 651 1802 718; x_wconf 80' lang='grc' dir='ltr'><strong>καταπεσούσης</strong></span> 
     </span>
    </p>
   </div>
   <div class='ocr_carea' id='block_1_8' title="bbox 222 737 1799 812">
    <p class='ocr_par' dir='ltr' id='par_1_8' title="bbox 222 737 1799 812">
     <span class='ocr_line' id='line_1_8' title="bbox 222 737 1799 812; baseline -0.003 -18"><span class='ocrx_word' id='word_1_36' title='bbox 222 738 402 804; x_wconf 88' lang='grc' dir='ltr'>οἰκίας</span> <span class='ocrx_word' id='word_1_37' title='bbox 429 741 558 794; x_wconf 88' lang='grc' dir='ltr'>είσω</span> <span class='ocrx_word' id='word_1_38' title='bbox 595 742 690 812; x_wconf 88' lang='grc' dir='ltr'><strong>μέν</strong></span> <span class='ocrx_word' id='word_1_39' title='bbox 717 741 961 795; x_wconf 80' lang='grc' dir='ltr'>ἐνιαυτοῦ</span> <span class='ocrx_word' id='word_1_40' title='bbox 996 743 1075 805; x_wconf 91' lang='grc' dir='ltr'><strong>εἰς</strong></span> <span class='ocrx_word' id='word_1_41' title='bbox 1107 740 1169 793; x_wconf 82' lang='grc' dir='ltr'>τὸ</span> <span class='ocrx_word' id='word_1_42' title='bbox 1201 737 1538 810; x_wconf 78' lang='grc' dir='ltr'>τετραπλοῦν</span> <span class='ocrx_word' id='word_1_43' title='bbox 1576 737 1799 791; x_wconf 89' lang='grc' dir='ltr'>καταδι-</span> 
     </span>
    </p>
   </div>
   <div class='ocr_carea' id='block_1_9' title="bbox 224 828 1796 902">
    <p class='ocr_par' dir='ltr' id='par_1_9' title="bbox 224 828 1796 902">
     <span class='ocr_line' id='line_1_9' title="bbox 224 828 1796 902; baseline -0.002 -17"><span class='ocrx_word' id='word_1_44' title='bbox 224 832 411 896; x_wconf 76' lang='grc' dir='ltr'>κάζει·</span> <span class='ocrx_word' id='word_1_45' title='bbox 449 832 584 902; x_wconf 87' lang='grc' dir='ltr'><strong>μετά</strong></span> <span class='ocrx_word' id='word_1_46' title='bbox 605 832 660 885; x_wconf 84' lang='grc' dir='ltr'>δὲ</span> <span class='ocrx_word' id='word_1_47' title='bbox 683 833 774 887; x_wconf 81' lang='grc' dir='ltr'>τὸν</span> <span class='ocrx_word' id='word_1_48' title='bbox 803 832 1046 886; x_wconf 82' lang='grc' dir='ltr'>ἐνιαυτὸν</span> <span class='ocrx_word' id='word_1_49' title='bbox 1073 833 1152 895; x_wconf 87' lang='grc' dir='ltr'><strong>εἰς</strong></span> <span class='ocrx_word' id='word_1_50' title='bbox 1183 830 1244 884; x_wconf 83' lang='grc' dir='ltr'>τὸ</span> <span class='ocrx_word' id='word_1_51' title='bbox 1278 829 1502 883; x_wconf 80' lang='grc' dir='ltr'>ἁπλοῦν.</span> <span class='ocrx_word' id='word_1_52' title='bbox 1537 829 1646 882; x_wconf 73' lang='grc' dir='ltr'>Καὶ</span> <span class='ocrx_word' id='word_1_53' title='bbox 1662 828 1796 882; x_wconf 88' lang='grc' dir='ltr'>ἀνά-</span> 
     </span>
    </p>
   </div>
   <div class='ocr_carea' id='block_1_10' title="bbox 222 919 1792 998">
    <p class='ocr_par' dir='ltr' id='par_1_10' title="bbox 222 919 1792 998">
     <span class='ocr_line' id='line_1_10' title="bbox 222 919 1792 998; baseline -0.005 -18"><span class='ocrx_word' id='word_1_54' title='bbox 222 926 392 995; x_wconf 88' lang='grc' dir='ltr'>γνωθι</span> <span class='ocrx_word' id='word_1_55' title='bbox 413 927 473 980; x_wconf 81' lang='grc' dir='ltr'>τὸ</span> <span class='ocrx_word' id='word_1_56' title='bbox 494 925 706 998; x_wconf 86' lang='grc' dir='ltr'>πρῶτον</span> <span class='ocrx_word' id='word_1_57' title='bbox 729 925 920 994; x_wconf 77' lang='grc' dir='ltr'>κεφάλ.</span> <span class='ocrx_word' id='word_1_58' title='bbox 948 923 1042 978; x_wconf 89' lang='grc' dir='ltr'><strong>τοῦ</strong></span> <span class='ocrx_word' id='word_1_59' title='bbox 1085 929 1133 977; x_wconf 82' lang='grc' dir='ltr'>κ’</span> <span class='ocrx_word' id='word_1_60' title='bbox 1177 923 1354 975; x_wconf 91' lang='grc' dir='ltr'>τίτλου</span> <span class='ocrx_word' id='word_1_61' title='bbox 1381 921 1474 974; x_wconf 88' lang='grc' dir='ltr'><strong>τοῦ</strong></span> <span class='ocrx_word' id='word_1_62' title='bbox 1502 920 1542 986; x_wconf 84' lang='grc' dir='ltr'>ξ’</span> <span class='ocrx_word' id='word_1_63' title='bbox 1572 919 1792 990; x_wconf 77' lang='grc' dir='ltr'>βιϐλίου.</span> 
     </span>
    </p>
   </div>
   <div class='ocr_carea' id='block_1_11' title="bbox 222 1011 1798 1088">
    <p class='ocr_par' dir='ltr' id='par_1_11' title="bbox 222 1011 1798 1088">
     <span class='ocr_line' id='line_1_11' title="bbox 222 1011 1798 1088; baseline -0.004 -18"><span class='ocrx_word' id='word_1_64' title='bbox 222 1017 547 1088; x_wconf 73' lang='grc' dir='ltr'>Παρομοίως</span> <span class='ocrx_word' id='word_1_65' title='bbox 575 1016 630 1070; x_wconf 84' lang='grc' dir='ltr'><strong>δέ</strong></span> <span class='ocrx_word' id='word_1_66' title='bbox 656 1015 971 1080; x_wconf 82' lang='grc' dir='ltr'>κολάζονται</span> <span class='ocrx_word' id='word_1_67' title='bbox 997 1015 1138 1068; x_wconf 89' lang='grc' dir='ltr'><strong>κατά</strong></span> <span class='ocrx_word' id='word_1_68' title='bbox 1164 1013 1261 1085; x_wconf 84' lang='grc' dir='ltr'>τὴν</span> <span class='ocrx_word' id='word_1_69' title='bbox 1290 1011 1637 1085; x_wconf 79' lang='grc' dir='ltr'>χρηματικὴν</span> <span class='ocrx_word' id='word_1_70' title='bbox 1677 1029 1798 1064; x_wconf 87' lang='grc' dir='ltr'>ποι-</span> 
     </span>
    </p>
   </div>
   <div class='ocr_carea' id='block_1_12' title="bbox 1899 557 3477 629">
    <p class='ocr_par' dir='ltr' id='par_1_12' title="bbox 1899 557 3477 629">
     <span class='ocr_line' id='line_1_12' title="bbox 1899 557 3477 629; baseline 0.001 -20"><span class='ocrx_word' id='word_1_71' title='bbox 1899 565 2022 624; x_wconf 87' lang='lat' dir='ltr'><strong>post</strong></span> <span class='ocrx_word' id='word_1_72' title='bbox 2069 569 2270 609; x_wconf 83' lang='lat' dir='ltr'><strong>annum</strong></span> <span class='ocrx_word' id='word_1_73' title='bbox 2313 567 2492 612; x_wconf 90' lang='lat' dir='ltr'><strong>autem</strong></span> <span class='ocrx_word' id='word_1_74' title='bbox 2542 559 2594 612; x_wconf 92' lang='lat' dir='ltr'><strong>in</strong></span> <span class='ocrx_word' id='word_1_75' title='bbox 2635 560 2911 629; x_wconf 82' lang='lat' dir='ltr'><strong>simplum.</strong></span> <span class='ocrx_word' id='word_1_76' title='bbox 2963 557 3030 612; x_wconf 90' lang='lat' dir='ltr'><strong>Et</strong></span> <span class='ocrx_word' id='word_1_77' title='bbox 3077 560 3195 629; x_wconf 89' lang='lat' dir='ltr'><strong>lege</strong></span> <span class='ocrx_word' id='word_1_78' title='bbox 3235 559 3477 628; x_wconf 88' lang='lat' dir='ltr'><strong>primum</strong></span> 
     </span>
    </p>
   </div>
   <div class='ocr_carea' id='block_1_13' title="bbox 1900 647 3476 720">
    <p class='ocr_par' dir='ltr' id='par_1_13' title="bbox 1900 647 3476 720">
     <span class='ocr_line' id='line_1_13' title="bbox 1900 647 3476 720; baseline 0 -20"><span class='ocrx_word' id='word_1_79' title='bbox 1900 660 2022 716; x_wconf 86' lang='lat' dir='ltr'><strong>cap.</strong></span> <span class='ocrx_word' id='word_1_80' title='bbox 2081 648 2169 704; x_wconf 90' lang='lat' dir='ltr'><strong>tit.</strong></span> <span class='ocrx_word' id='word_1_81' title='bbox 2194 647 2265 705; x_wconf 77' lang='lat'><strong>20</strong></span> <span class='ocrx_word' id='word_1_82' title='bbox 2299 649 2392 704; x_wconf 87' lang='lat' dir='ltr'><strong>lib.</strong></span> <span class='ocrx_word' id='word_1_83' title='bbox 2431 663 2498 702; x_wconf 69' lang='grc' dir='ltr'>ιι</span> <span class='ocrx_word' id='word_1_84' title='bbox 2569 647 2830 705; x_wconf 78' lang='lat' dir='ltr'><strong>Similiter</strong></span> <span class='ocrx_word' id='word_1_85' title='bbox 2871 659 3048 704; x_wconf 89' lang='lat' dir='ltr'><strong>autem</strong></span> <span class='ocrx_word' id='word_1_86' title='bbox 3086 651 3389 720; x_wconf 89' lang='lat' dir='ltr'><strong>puniuntur</strong></span> <span class='ocrx_word' id='word_1_87' title='bbox 3422 647 3476 701; x_wconf 91' lang='lat' dir='ltr'><strong>in</strong></span> 
     </span>
    </p>
   </div>
   <div class='ocr_carea' id='block_1_14' title="bbox 1902 739 3473 811">
    <p class='ocr_par' dir='ltr' id='par_1_14' title="bbox 1902 739 3473 811">
     <span class='ocr_line' id='line_1_14' title="bbox 1902 739 3473 811; baseline 0.002 -19"><span class='ocrx_word' id='word_1_88' title='bbox 1902 751 2065 808; x_wconf 72' lang='lat' dir='ltr'><strong>poena</strong></span> <span class='ocrx_word' id='word_1_89' title='bbox 2091 739 2427 808; x_wconf 83' lang='lat' dir='ltr'><strong>pecuniaria,</strong></span> <span class='ocrx_word' id='word_1_90' title='bbox 2462 741 2555 810; x_wconf 87' lang='lat' dir='ltr'><strong>qui</strong></span> <span class='ocrx_word' id='word_1_91' title='bbox 2594 741 2662 795; x_wconf 90' lang='lat' dir='ltr'><strong>ab</strong></span> <span class='ocrx_word' id='word_1_92' title='bbox 2695 751 3003 811; x_wconf 75' lang='lat' dir='ltr'><strong>eXpugnata</strong></span> <span class='ocrx_word' id='word_1_93' title='bbox 3043 741 3207 796; x_wconf 91' lang='lat' dir='ltr'><strong>domo</strong></span> <span class='ocrx_word' id='word_1_94' title='bbox 3233 742 3473 810; x_wconf 88' lang='lat' dir='ltr'><strong>rapiunt.</strong></span> 
     </span>
    </p>
   </div>
   <div class='ocr_carea' id='block_1_15' title="bbox 1903 829 3477 904">
    <p class='ocr_par' dir='ltr' id='par_1_15' title="bbox 1903 829 3477 904">
     <span class='ocr_line' id='line_1_15' title="bbox 1903 829 3477 904; baseline 0.002 -22"><span class='ocrx_word' id='word_1_95' title='bbox 1903 829 2044 886; x_wconf 91' lang='lat' dir='ltr'><strong>Dicit</strong></span> <span class='ocrx_word' id='word_1_96' title='bbox 2087 831 2233 885; x_wconf 89' lang='lat' dir='ltr'><strong>enim</strong></span> <span class='ocrx_word' id='word_1_97' title='bbox 2283 833 2580 888; x_wconf 89' lang='lat' dir='ltr'><strong>secundum</strong></span> <span class='ocrx_word' id='word_1_98' title='bbox 2613 835 2792 890; x_wconf 91' lang='lat' dir='ltr'><strong>thema</strong></span> <span class='ocrx_word' id='word_1_99' title='bbox 2822 850 2940 904; x_wconf 88' lang='lat' dir='ltr'><strong>cap.</strong></span> <span class='ocrx_word' id='word_1_100' title='bbox 2973 835 3007 887; x_wconf 78' lang='grc'><strong>5</strong></span> <span class='ocrx_word' id='word_1_101' title='bbox 3039 835 3283 904; x_wconf 77' lang='lat' dir='ltr'><strong>ejusdem</strong></span> <span class='ocrx_word' id='word_1_102' title='bbox 3335 832 3477 886; x_wconf 81' lang='lat' dir='ltr'><strong>tituli</strong></span> 
     </span>
    </p>
   </div>
   <div class='ocr_carea' id='block_1_16' title="bbox 1901 922 3476 997">
    <p class='ocr_par' dir='ltr' id='par_1_16' title="bbox 1901 922 3476 997">
     <span class='ocr_line' id='line_1_16' title="bbox 1901 922 3476 997; baseline 0.003 -22"><span class='ocrx_word' id='word_1_103' title='bbox 1901 930 1954 976; x_wconf 91' lang='lat' dir='ltr'><strong>et</strong></span> <span class='ocrx_word' id='word_1_104' title='bbox 1982 922 2106 977; x_wconf 89' lang='lat' dir='ltr'><strong>libri</strong></span> <span class='ocrx_word' id='word_1_105' title='bbox 2136 923 2252 979; x_wconf 68' lang='lat' dir='ltr'><strong>haec</strong></span> <span class='ocrx_word' id='word_1_106' title='bbox 2281 939 2567 994; x_wconf 78' lang='lat' dir='ltr'><strong>expresse:</strong></span> <span class='ocrx_word' id='word_1_107' title='bbox 2601 926 2658 981; x_wconf 88' lang='lat' dir='ltr'><strong>Si</strong></span> <span class='ocrx_word' id='word_1_108' title='bbox 2700 943 2730 982; x_wconf 90' lang='lat' dir='ltr'><strong>a</strong></span> <span class='ocrx_word' id='word_1_109' title='bbox 2763 929 2926 982; x_wconf 85' lang='lat' dir='ltr'><strong>domo</strong></span> <span class='ocrx_word' id='word_1_110' title='bbox 2954 928 3036 981; x_wconf 92' lang='lat' dir='ltr'><strong>vel</strong></span> <span class='ocrx_word' id='word_1_111' title='bbox 3079 927 3202 982; x_wconf 86' lang='lat' dir='ltr'><strong>vico</strong></span> <span class='ocrx_word' id='word_1_112' title='bbox 3243 926 3336 997; x_wconf 89' lang='lat' dir='ltr'><strong>qui</strong></span> <span class='ocrx_word' id='word_1_113' title='bbox 3379 941 3476 995; x_wconf 87' lang='lat' dir='ltr'><strong>op-</strong></span> 
     </span>
    </p>
   </div>
   <div class='ocr_carea' id='block_1_17' title="bbox 1901 1019 3224 1091">
    <p class='ocr_par' dir='ltr' id='par_1_17' title="bbox 1901 1019 3224 1091">
     <span class='ocr_line' id='line_1_17' title="bbox 1901 1019 3224 1091; baseline 0.005 -25"><span class='ocrx_word' id='word_1_114' title='bbox 1901 1024 2173 1083; x_wconf 83' lang='lat' dir='ltr'><strong>pugnatur</strong></span> <span class='ocrx_word' id='word_1_115' title='bbox 2199 1031 2408 1084; x_wconf 87' lang='lat' dir='ltr'><strong>rapturn</strong></span> <span class='ocrx_word' id='word_1_116' title='bbox 2435 1019 2564 1088; x_wconf 91' lang='lat' dir='ltr'><strong>quid</strong></span> <span class='ocrx_word' id='word_1_117' title='bbox 2597 1019 2777 1084; x_wconf 88' lang='lat' dir='ltr'><strong>fuerit,</strong></span> <span class='ocrx_word' id='word_1_118' title='bbox 2809 1020 2907 1091; x_wconf 89' lang='lat' dir='ltr'><strong>legi</strong></span> <span class='ocrx_word' id='word_1_119' title='bbox 2939 1021 3091 1074; x_wconf 80' lang='lat' dir='ltr'><strong>locus</strong></span> <span class='ocrx_word' id='word_1_120' title='bbox 3123 1029 3224 1074; x_wconf 89' lang='lat' dir='ltr'><strong>est.</strong></span> 
     </span>
    </p>
   </div>
   <div class='ocr_carea' id='block_1_18' title="bbox 224 1107 3475 1185">
    <p class='ocr_par' dir='ltr' id='par_1_18' title="bbox 224 1107 3475 1185">
     <span class='ocr_line' id='line_1_18' title="bbox 224 1107 3475 1185; baseline 0 -20"><span class='ocrx_word' id='word_1_121' title='bbox 224 1114 328 1185; x_wconf 75' lang='grc' dir='ltr'>νὴν</span> <span class='ocrx_word' id='word_1_122' title='bbox 351 1115 442 1167; x_wconf 69' lang='grc' dir='ltr'>καὶ</span> <span class='ocrx_word' id='word_1_123' title='bbox 465 1115 514 1168; x_wconf 86' lang='grc' dir='ltr'><strong>οἰ</strong></span> <span class='ocrx_word' id='word_1_124' title='bbox 545 1113 652 1167; x_wconf 80' lang='grc' dir='ltr'><strong>ἀπὺ</strong></span> <span class='ocrx_word' id='word_1_125' title='bbox 671 1114 846 1176; x_wconf 91' lang='grc' dir='ltr'>οἰκίας</span> <span class='ocrx_word' id='word_1_126' title='bbox 870 1109 1408 1182; x_wconf 85' lang='grc' dir='ltr'>καταπολεμηθείσης</span> <span class='ocrx_word' id='word_1_127' title='bbox 1439 1107 1794 1179; x_wconf 74' lang='grc' dir='ltr'>ἁρπάζοντες.</span> <span class='ocrx_word' id='word_1_128' title='bbox 1821 1107 1960 1177; x_wconf 74' lang='grc' dir='ltr'>Φησί</span> <span class='ocrx_word' id='word_1_129' title='bbox 1989 1108 2099 1180; x_wconf 86' lang='grc' dir='ltr'>γὰρ</span> <span class='ocrx_word' id='word_1_130' title='bbox 2137 1109 2198 1162; x_wconf 79' lang='grc' dir='ltr'>τὸ</span> <span class='ocrx_word' id='word_1_131' title='bbox 2242 1111 2491 1184; x_wconf 87' lang='grc' dir='ltr'>δεύτερον</span> <span class='ocrx_word' id='word_1_132' title='bbox 2525 1112 2665 1184; x_wconf 88' lang='grc' dir='ltr'><strong>θέμα</strong></span> <span class='ocrx_word' id='word_1_133' title='bbox 2692 1113 2784 1166; x_wconf 85' lang='grc' dir='ltr'><strong>τοῦ</strong></span> <span class='ocrx_word' id='word_1_134' title='bbox 2832 1121 2880 1182; x_wconf 83' lang='grc' dir='ltr'>γ’</span> <span class='ocrx_word' id='word_1_135' title='bbox 2956 1113 3147 1184; x_wconf 80' lang='grc' dir='ltr'>κεφάλ.</span> <span class='ocrx_word' id='word_1_136' title='bbox 3169 1111 3263 1166; x_wconf 87' lang='grc' dir='ltr'><strong>τοῦ</strong></span> <span class='ocrx_word' id='word_1_137' title='bbox 3311 1111 3475 1166; x_wconf 82' lang='grc' dir='ltr'>αὐτοῦ</span> 
     </span>
    </p>
   </div>
   <div class='ocr_carea' id='block_1_19' title="bbox 222 1200 3474 1279">
    <p class='ocr_par' dir='ltr' id='par_1_19' title="bbox 222 1200 3474 1279">
     <span class='ocr_line' id='line_1_19' title="bbox 222 1200 3474 1279; baseline -0.001 -19"><span class='ocrx_word' id='word_1_138' title='bbox 222 1209 405 1262; x_wconf 88' lang='grc' dir='ltr'>τίτλου</span> <span class='ocrx_word' id='word_1_139' title='bbox 437 1209 530 1262; x_wconf 76' lang='grc' dir='ltr'>καὶ</span> <span class='ocrx_word' id='word_1_140' title='bbox 571 1207 774 1278; x_wconf 76' lang='grc' dir='ltr'>βιϐλίου</span> <span class='ocrx_word' id='word_1_141' title='bbox 806 1205 976 1260; x_wconf 88' lang='grc' dir='ltr'>ταῦτα</span> <span class='ocrx_word' id='word_1_142' title='bbox 1012 1206 1189 1278; x_wconf 79' lang='grc' dir='ltr'>ῥητῶς</span> <span class='ocrx_word' id='word_1_143' title='bbox 1213 1221 1226 1234; x_wconf 89' lang='grc'>·</span> <span class='ocrx_word' id='word_1_144' title='bbox 1259 1205 1379 1258; x_wconf 81' lang='grc' dir='ltr'>Κᾶν</span> <span class='ocrx_word' id='word_1_145' title='bbox 1417 1203 1525 1256; x_wconf 77' lang='grc' dir='ltr'>ἀπὸ</span> <span class='ocrx_word' id='word_1_146' title='bbox 1556 1201 1732 1264; x_wconf 89' lang='grc' dir='ltr'>οἰκίας</span> <span class='ocrx_word' id='word_1_147' title='bbox 1767 1201 1801 1273; x_wconf 76' lang='grc' dir='ltr'>ἢ</span> <span class='ocrx_word' id='word_1_148' title='bbox 1835 1200 2026 1273; x_wconf 86' lang='grc' dir='ltr'>κώμης</span> <span class='ocrx_word' id='word_1_149' title='bbox 2075 1203 2629 1276; x_wconf 83' lang='grc' dir='ltr'>καταπολεμουμένης</span> <span class='ocrx_word' id='word_1_150' title='bbox 2672 1207 2896 1279; x_wconf 78' lang='grc' dir='ltr'><strong>ἁρπαγῇ</strong></span> <span class='ocrx_word' id='word_1_151' title='bbox 2934 1223 3005 1269; x_wconf 87' lang='grc' dir='ltr'><strong>τι,</strong></span> <span class='ocrx_word' id='word_1_152' title='bbox 3031 1204 3182 1277; x_wconf 80' lang='grc' dir='ltr'><strong>χώρα</strong></span> <span class='ocrx_word' id='word_1_153' title='bbox 3207 1205 3284 1275; x_wconf 81' lang='grc' dir='ltr'>τῷ</span> <span class='ocrx_word' id='word_1_154' title='bbox 3305 1204 3474 1275; x_wconf 80' lang='grc' dir='ltr'>νόμῳ.</span> 
     </span>
    </p>
   </div>
   <div class='ocr_carea' id='block_1_20' title="bbox 294 1296 1801 1374">
    <p class='ocr_par' dir='ltr' id='par_1_20' title="bbox 294 1296 1801 1374">
     <span class='ocr_line' id='line_1_20' title="bbox 294 1296 1801 1374; baseline -0.007 -16"><span class='ocrx_word' id='word_1_155' title='bbox 294 1305 538 1358; x_wconf 81' lang='grc' dir='ltr'><strong>ΖΩΝΔΡ.</strong></span> <span class='ocrx_word' id='word_1_156' title='bbox 581 1305 670 1358; x_wconf 85' lang='grc' dir='ltr'>Ἐν</span> <span class='ocrx_word' id='word_1_157' title='bbox 692 1303 768 1374; x_wconf 84' lang='grc' dir='ltr'>τῷ</span> <span class='ocrx_word' id='word_1_158' title='bbox 800 1303 976 1374; x_wconf 85' lang='grc' dir='ltr'>καιρῷ</span> <span class='ocrx_word' id='word_1_159' title='bbox 1001 1301 1101 1371; x_wconf 79' lang='grc' dir='ltr'>τῆς</span> <span class='ocrx_word' id='word_1_160' title='bbox 1129 1299 1238 1354; x_wconf 87' lang='grc' dir='ltr'><strong>τῶν</strong></span> <span class='ocrx_word' id='word_1_161' title='bbox 1281 1298 1572 1372; x_wconf 88' lang='grc' dir='ltr'>μαρτύρων</span> <span class='ocrx_word' id='word_1_162' title='bbox 1607 1296 1801 1368; x_wconf 90' lang='grc' dir='ltr'>λεηλα-</span> 
     </span>
    </p>
   </div>
   <div class='ocr_carea' id='block_1_21' title="bbox 227 1387 1800 1466">
    <p class='ocr_par' dir='ltr' id='par_1_21' title="bbox 227 1387 1800 1466">
     <span class='ocr_line' id='line_1_21' title="bbox 227 1387 1800 1466; baseline -0.008 -15"><span class='ocrx_word' id='word_1_163' title='bbox 227 1397 372 1464; x_wconf 87' lang='grc' dir='ltr'>σίας,</span> <span class='ocrx_word' id='word_1_164' title='bbox 393 1398 536 1462; x_wconf 85' lang='grc' dir='ltr'>τινὲς</span> <span class='ocrx_word' id='word_1_165' title='bbox 557 1397 665 1451; x_wconf 88' lang='grc' dir='ltr'><strong>τῶν</strong></span> <span class='ocrx_word' id='word_1_166' title='bbox 681 1397 1049 1466; x_wconf 71' lang='grc' dir='ltr'>διαφυγόντων</span> <span class='ocrx_word' id='word_1_167' title='bbox 1073 1393 1302 1464; x_wconf 83' lang='grc' dir='ltr'>ἐπῆλθον</span> <span class='ocrx_word' id='word_1_168' title='bbox 1317 1395 1438 1454; x_wconf 78' lang='grc' dir='ltr'>ταῖς</span> <span class='ocrx_word' id='word_1_169' title='bbox 1465 1391 1665 1453; x_wconf 84' lang='grc' dir='ltr'>οἰκίαις</span> <span class='ocrx_word' id='word_1_170' title='bbox 1693 1387 1800 1440; x_wconf 89' lang='grc' dir='ltr'><strong>τῶν</strong></span> 
     </span>
    </p>
   </div>
   <div class='ocr_carea' id='block_1_22' title="bbox 222 1484 1804 1564">
    <p class='ocr_par' dir='ltr' id='par_1_22' title="bbox 222 1484 1804 1564">
     <span class='ocr_line' id='line_1_22' title="bbox 222 1484 1804 1564; baseline -0.005 -18"><span class='ocrx_word' id='word_1_171' title='bbox 222 1491 785 1564; x_wconf 82' lang='grc' dir='ltr'>αἰχμαλωτισθέντων,</span> <span class='ocrx_word' id='word_1_172' title='bbox 810 1493 902 1544; x_wconf 73' lang='grc' dir='ltr'>καὶ</span> <span class='ocrx_word' id='word_1_173' title='bbox 930 1492 1186 1561; x_wconf 69' lang='grc' dir='ltr'>ἥρπασαν</span> <span class='ocrx_word' id='word_1_174' title='bbox 1210 1488 1277 1541; x_wconf 87' lang='grc' dir='ltr'><strong>τά</strong></span> <span class='ocrx_word' id='word_1_175' title='bbox 1305 1486 1454 1558; x_wconf 88' lang='grc' dir='ltr'><strong>παρά</strong></span> <span class='ocrx_word' id='word_1_176' title='bbox 1473 1485 1580 1538; x_wconf 91' lang='grc' dir='ltr'><strong>τῶν</strong></span> <span class='ocrx_word' id='word_1_177' title='bbox 1607 1484 1804 1557; x_wconf 75' lang='grc' dir='ltr'>βαρϐά-</span> 
     </span>
    </p>
   </div>
   <div class='ocr_carea' id='block_1_23' title="bbox 225 1573 1801 1656">
    <p class='ocr_par' dir='ltr' id='par_1_23' title="bbox 225 1573 1801 1656">
     <span class='ocr_line' id='line_1_23' title="bbox 225 1573 1801 1656; baseline -0.008 -18"><span class='ocrx_word' id='word_1_178' title='bbox 225 1601 338 1656; x_wconf 91' lang='grc' dir='ltr'><strong>ρων</strong></span> <span class='ocrx_word' id='word_1_179' title='bbox 382 1583 824 1653; x_wconf 80' lang='grc' dir='ltr'>καταλειφθέντα.</span> <span class='ocrx_word' id='word_1_180' title='bbox 867 1582 1002 1652; x_wconf 84' lang='grc' dir='ltr'><strong>Περί</strong></span> <span class='ocrx_word' id='word_1_181' title='bbox 1055 1579 1260 1632; x_wconf 86' lang='grc' dir='ltr'>τούτων</span> <span class='ocrx_word' id='word_1_182' title='bbox 1317 1573 1408 1630; x_wconf 78' lang='grc' dir='ltr'>οὖν</span> <span class='ocrx_word' id='word_1_183' title='bbox 1457 1575 1801 1646; x_wconf 72' lang='grc' dir='ltr'>ἐρωτηθεὶς-ό</span> 
     </span>
    </p>
   </div>
   <div class='ocr_carea' id='block_1_24' title="bbox 226 1666 1798 1747">
    <p class='ocr_par' dir='ltr' id='par_1_24' title="bbox 226 1666 1798 1747">
     <span class='ocr_line' id='line_1_24' title="bbox 226 1666 1798 1747; baseline -0.007 -17"><span class='ocrx_word' id='word_1_184' title='bbox 226 1677 402 1747; x_wconf 79' lang='grc' dir='ltr'>μέγας</span> <span class='ocrx_word' id='word_1_185' title='bbox 431 1668 586 1739; x_wconf 71' lang='grc' dir='ltr'>οὗτος</span> <span class='ocrx_word' id='word_1_186' title='bbox 627 1675 848 1746; x_wconf 75' lang='grc' dir='ltr'>Πατὴρ,</span> <span class='ocrx_word' id='word_1_187' title='bbox 879 1675 1072 1745; x_wconf 67' lang='grc' dir='ltr'>φησὶν,</span> <span class='ocrx_word' id='word_1_188' title='bbox 1115 1673 1195 1726; x_wconf 80' lang='grc' dir='ltr'>ὅτι</span> <span class='ocrx_word' id='word_1_189' title='bbox 1229 1671 1379 1724; x_wconf 78' lang='grc' dir='ltr'>πᾶσα</span> <span class='ocrx_word' id='word_1_190' title='bbox 1419 1666 1699 1732; x_wconf 84' lang='grc' dir='ltr'>πλεονεξία</span> <span class='ocrx_word' id='word_1_191' title='bbox 1733 1669 1798 1738; x_wconf 81' lang='grc' dir='ltr'>τῇ</span> 
     </span>
    </p>
   </div>
   <div class='ocr_carea' id='block_1_25' title="bbox 222 1759 1801 1838">
    <p class='ocr_par' dir='ltr' id='par_1_25' title="bbox 222 1759 1801 1838">
     <span class='ocr_line' id='line_1_25' title="bbox 222 1759 1801 1838; baseline -0.004 -20"><span class='ocrx_word' id='word_1_192' title='bbox 222 1765 346 1837; x_wconf 72' lang='grc' dir='ltr'>θείᾳ</span> <span class='ocrx_word' id='word_1_193' title='bbox 376 1767 562 1838; x_wconf 76' lang='grc' dir='ltr'>Γραφῇ</span> <span class='ocrx_word' id='word_1_194' title='bbox 596 1766 988 1837; x_wconf 82' lang='grc' dir='ltr'>ἀπηγόρευται,</span> <span class='ocrx_word' id='word_1_195' title='bbox 1019 1763 1114 1817; x_wconf 75' lang='grc' dir='ltr'><strong>καὶ</strong></span> <span class='ocrx_word' id='word_1_196' title='bbox 1137 1764 1197 1816; x_wconf 84' lang='grc' dir='ltr'>οὐ</span> <span class='ocrx_word' id='word_1_197' title='bbox 1227 1761 1446 1816; x_wconf 81' lang='grc' dir='ltr'>δυνατὸν</span> <span class='ocrx_word' id='word_1_198' title='bbox 1476 1764 1532 1814; x_wconf 88' lang='grc' dir='ltr'><strong>ἐν</strong></span> <span class='ocrx_word' id='word_1_199' title='bbox 1557 1762 1654 1832; x_wconf 81' lang='grc' dir='ltr'><strong>μιᾷ</strong></span> <span class='ocrx_word' id='word_1_200' title='bbox 1680 1759 1801 1813; x_wconf 84' lang='grc' dir='ltr'>ἐπι-</span> 
     </span>
    </p>
   </div>
   <div class='ocr_carea' id='block_1_26' title="bbox 223 1849 1806 1928">
    <p class='ocr_par' dir='ltr' id='par_1_26' title="bbox 223 1849 1806 1928">
     <span class='ocr_line' id='line_1_26' title="bbox 223 1849 1806 1928; baseline -0.004 -20"><span class='ocrx_word' id='word_1_201' title='bbox 223 1856 386 1928; x_wconf 79' lang='grc' dir='ltr'>στολῇ</span> <span class='ocrx_word' id='word_1_202' title='bbox 420 1855 732 1927; x_wconf 73' lang='grc' dir='ltr'>περιλαϐεῖν</span> <span class='ocrx_word' id='word_1_203' title='bbox 767 1856 864 1908; x_wconf 85' lang='grc' dir='ltr'>ὅσα</span> <span class='ocrx_word' id='word_1_204' title='bbox 897 1855 1021 1926; x_wconf 76' lang='grc' dir='ltr'>περὶ</span> <span class='ocrx_word' id='word_1_205' title='bbox 1055 1853 1364 1920; x_wconf 81' lang='grc' dir='ltr'>πλεονεξίας</span> <span class='ocrx_word' id='word_1_206' title='bbox 1395 1853 1427 1923; x_wconf 82' lang='grc' dir='ltr'>ὴ</span> <span class='ocrx_word' id='word_1_207' title='bbox 1453 1852 1643 1922; x_wconf 74' lang='grc' dir='ltr'>Γραφὴ</span> <span class='ocrx_word' id='word_1_208' title='bbox 1666 1849 1806 1914; x_wconf 86' lang='grc' dir='ltr'>διέξ-</span> 
     </span>
    </p>
   </div>
   <div class='ocr_carea' id='block_1_27' title="bbox 221 1943 1804 2020">
    <p class='ocr_par' dir='ltr' id='par_1_27' title="bbox 221 1943 1804 2020">
     <span class='ocr_line' id='line_1_27' title="bbox 221 1943 1804 2020; baseline -0.004 -19"><span class='ocrx_word' id='word_1_209' title='bbox 221 1965 362 2001; x_wconf 78' lang='grc' dir='ltr'>εισιο</span> <span class='ocrx_word' id='word_1_210' title='bbox 431 1948 709 2020; x_wconf 82' lang='grc' dir='ltr'>συντόμως</span> <span class='ocrx_word' id='word_1_211' title='bbox 735 1947 790 2000; x_wconf 88' lang='grc' dir='ltr'><strong>δέ</strong></span> <span class='ocrx_word' id='word_1_212' title='bbox 827 1964 1009 2019; x_wconf 76' lang='grc' dir='ltr'>φησιν,</span> <span class='ocrx_word' id='word_1_213' title='bbox 1045 1949 1126 2001; x_wconf 84' lang='grc' dir='ltr'>ὅτι</span> <span class='ocrx_word' id='word_1_214' title='bbox 1151 1947 1256 2009; x_wconf 77' lang='grc' dir='ltr'><strong>πᾶς</strong></span> <span class='ocrx_word' id='word_1_215' title='bbox 1290 1945 1616 2014; x_wconf 73' lang='grc' dir='ltr'>πλεονέκτης</span> <span class='ocrx_word' id='word_1_216' title='bbox 1646 1943 1804 2014; x_wconf 84' lang='grc' dir='ltr'>ἐκκή-</span> 
     </span>
    </p>
   </div>
   <div class='ocr_carea' id='block_1_28' title="bbox 223 2038 1804 2114">
    <p class='ocr_par' dir='ltr' id='par_1_28' title="bbox 223 2038 1804 2114">
     <span class='ocr_line' id='line_1_28' title="bbox 223 2038 1804 2114; baseline -0.003 -20"><span class='ocrx_word' id='word_1_217' title='bbox 223 2060 424 2114; x_wconf 88' lang='grc' dir='ltr'>ρυκτος</span> <span class='ocrx_word' id='word_1_218' title='bbox 471 2042 572 2111; x_wconf 82' lang='grc' dir='ltr'>τῆς</span> <span class='ocrx_word' id='word_1_219' title='bbox 617 2041 941 2112; x_wconf 83' lang='grc' dir='ltr'>Ἐκκλησίας</span> <span class='ocrx_word' id='word_1_220' title='bbox 970 2042 1117 2096; x_wconf 87' lang='grc' dir='ltr'>ἐστίν</span> <span class='ocrx_word' id='word_1_221' title='bbox 1141 2059 1155 2072; x_wconf 74' lang='grc' dir='ltr'><strong><em>ο</em></strong></span> <span class='ocrx_word' id='word_1_222' title='bbox 1186 2041 1308 2095; x_wconf 75' lang='grc' dir='ltr'>ἀντὶ</span> <span class='ocrx_word' id='word_1_223' title='bbox 1339 2040 1456 2106; x_wconf 87' lang='grc' dir='ltr'>τοῦ,</span> <span class='ocrx_word' id='word_1_224' title='bbox 1498 2038 1804 2109; x_wconf 76' lang='grc' dir='ltr'>ἀπόϐλητος</span> 
     </span>
    </p>
   </div>
   <div class='ocr_carea' id='block_1_29' title="bbox 221 2131 1802 2206">
    <p class='ocr_par' dir='ltr' id='par_1_29' title="bbox 221 2131 1802 2206">
     <span class='ocr_line' id='line_1_29' title="bbox 221 2131 1802 2206; baseline -0.003 -20"><span class='ocrx_word' id='word_1_225' title='bbox 221 2135 319 2186; x_wconf 74' lang='grc' dir='ltr'>καὶ</span> <span class='ocrx_word' id='word_1_226' title='bbox 343 2133 640 2206; x_wconf 86' lang='grc' dir='ltr'>ἀλλότριος.</span> <span class='ocrx_word' id='word_1_227' title='bbox 683 2133 1187 2206; x_wconf 82' lang='grc' dir='ltr'>’Δποκηρύσσεσθαι</span> <span class='ocrx_word' id='word_1_228' title='bbox 1213 2133 1320 2204; x_wconf 80' lang='grc' dir='ltr'><strong>γὰρ</strong></span> <span class='ocrx_word' id='word_1_229' title='bbox 1337 2131 1582 2200; x_wconf 85' lang='grc' dir='ltr'>λέγονται</span> <span class='ocrx_word' id='word_1_230' title='bbox 1609 2131 1656 2183; x_wconf 92' lang='grc' dir='ltr'>οἱ</span> <span class='ocrx_word' id='word_1_231' title='bbox 1677 2132 1802 2194; x_wconf 75' lang='grc' dir='ltr'>υἱοὶ,</span> 
     </span>
    </p>
   </div>
   <div class='ocr_carea' id='block_1_30' title="bbox 219 2221 1804 2297">
    <p class='ocr_par' dir='ltr' id='par_1_30' title="bbox 219 2221 1804 2297">
     <span class='ocr_line' id='line_1_30' title="bbox 219 2221 1804 2297; baseline -0.004 -17"><span class='ocrx_word' id='word_1_232' title='bbox 219 2229 355 2280; x_wconf 83' lang='grc' dir='ltr'>ὅταν</span> <span class='ocrx_word' id='word_1_233' title='bbox 385 2227 450 2280; x_wconf 81' lang='grc' dir='ltr'><strong>δι’</strong></span> <span class='ocrx_word' id='word_1_234' title='bbox 479 2226 707 2296; x_wconf 85' lang='grc' dir='ltr'>αἰτίαμα</span> <span class='ocrx_word' id='word_1_235' title='bbox 739 2227 838 2297; x_wconf 81' lang='grc' dir='ltr'>τῆς</span> <span class='ocrx_word' id='word_1_236' title='bbox 868 2229 1088 2297; x_wconf 81' lang='grc' dir='ltr'>γονικῆς</span> <span class='ocrx_word' id='word_1_237' title='bbox 1105 2224 1467 2297; x_wconf 85' lang='grc' dir='ltr'>κληρονομίας</span> <span class='ocrx_word' id='word_1_238' title='bbox 1501 2221 1804 2276; x_wconf 74' lang='grc' dir='ltr'>ἐκϐάλλων·-</span> 
     </span>
    </p>
   </div>
   <div class='ocr_carea' id='block_1_31' title="bbox 218 2314 1806 2391">
    <p class='ocr_par' dir='ltr' id='par_1_31' title="bbox 218 2314 1806 2391">
     <span class='ocr_line' id='line_1_31' title="bbox 218 2314 1806 2391; baseline -0.004 -17"><span class='ocrx_word' id='word_1_239' title='bbox 218 2338 334 2383; x_wconf 81' lang='grc' dir='ltr'>ται,</span> <span class='ocrx_word' id='word_1_240' title='bbox 358 2321 456 2384; x_wconf 48' lang='grc' dir='ltr'>καὶ,</span> <span class='ocrx_word' id='word_1_241' title='bbox 479 2319 862 2390; x_wconf 83' lang='grc' dir='ltr'>ἀλλοτριῶνται</span> <span class='ocrx_word' id='word_1_242' title='bbox 879 2320 977 2391; x_wconf 78' lang='grc' dir='ltr'><strong>τῆς</strong></span> <span class='ocrx_word' id='word_1_243' title='bbox 1001 2320 1337 2388; x_wconf 83' lang='grc' dir='ltr'>συγγενείας.</span> <span class='ocrx_word' id='word_1_244' title='bbox 1355 2319 1428 2371; x_wconf 84' lang='grc' dir='ltr'><strong>Τὸ</strong></span> <span class='ocrx_word' id='word_1_245' title='bbox 1443 2318 1520 2383; x_wconf 84' lang='grc' dir='ltr'>δὲ,</span> <span class='ocrx_word' id='word_1_246' title='bbox 1543 2319 1599 2370; x_wconf 83' lang='grc' dir='ltr'><strong>ἐν</strong></span> <span class='ocrx_word' id='word_1_247' title='bbox 1630 2314 1806 2386; x_wconf 82' lang='grc' dir='ltr'>καιρῷ</span> 
     </span>
    </p>
   </div>
   <div class='ocr_carea' id='block_1_32' title="bbox 220 2411 1808 2485">
    <p class='ocr_par' dir='ltr' id='par_1_32' title="bbox 220 2411 1808 2485">
     <span class='ocr_line' id='line_1_32' title="bbox 220 2411 1808 2485; baseline -0.003 -19"><span class='ocrx_word' id='word_1_248' title='bbox 220 2415 532 2483; x_wconf 74' lang='grc' dir='ltr'>συμφορᾶς,</span> <span class='ocrx_word' id='word_1_249' title='bbox 561 2413 688 2465; x_wconf 85' lang='grc' dir='ltr'>ὅταν</span> <span class='ocrx_word' id='word_1_250' title='bbox 717 2411 975 2483; x_wconf 80' lang='grc' dir='ltr'>ἐθρήνουν</span> <span class='ocrx_word' id='word_1_251' title='bbox 997 2413 1045 2466; x_wconf 82' lang='grc' dir='ltr'>οἱ</span> <span class='ocrx_word' id='word_1_252' title='bbox 1076 2411 1350 2485; x_wconf 80' lang='grc' dir='ltr'>ἄνθρωποι</span> <span class='ocrx_word' id='word_1_253' title='bbox 1369 2453 1382 2477; x_wconf 98' lang='grc'><strong>,</strong></span> <span class='ocrx_word' id='word_1_254' title='bbox 1409 2413 1459 2466; x_wconf 91' lang='grc' dir='ltr'>οἱ</span> <span class='ocrx_word' id='word_1_255' title='bbox 1487 2411 1584 2482; x_wconf 92' lang='grc' dir='ltr'><strong>μέν</strong></span> <span class='ocrx_word' id='word_1_256' title='bbox 1613 2412 1808 2480; x_wconf 84' lang='grc' dir='ltr'>αἰχμα-</span> 
     </span>
    </p>
   </div>
   <div class='ocr_carea' id='block_1_33' title="bbox 218 2501 1808 2569">
    <p class='ocr_par' dir='ltr' id='par_1_33' title="bbox 218 2501 1808 2569">
     <span class='ocr_line' id='line_1_33' title="bbox 218 2501 1808 2569; baseline -0.002 -13"><span class='ocrx_word' id='word_1_257' title='bbox 218 2503 594 2566; x_wconf 81' lang='grc' dir='ltr'>λωτισθέντες,</span> <span class='ocrx_word' id='word_1_258' title='bbox 620 2504 670 2554; x_wconf 83' lang='grc' dir='ltr'>οἱ</span> <span class='ocrx_word' id='word_1_259' title='bbox 705 2502 760 2555; x_wconf 87' lang='grc' dir='ltr'><strong>δέ</strong></span> <span class='ocrx_word' id='word_1_260' title='bbox 787 2502 875 2556; x_wconf 76' lang='grc' dir='ltr'><strong>διὰ</strong></span> <span class='ocrx_word' id='word_1_261' title='bbox 905 2502 1032 2566; x_wconf 70' lang='grc' dir='ltr'>τοὺς</span> <span class='ocrx_word' id='word_1_262' title='bbox 1052 2504 1284 2566; x_wconf 84' lang='grc' dir='ltr'>οἰκείους</span> <span class='ocrx_word' id='word_1_263' title='bbox 1308 2504 1386 2566; x_wconf 89' lang='grc' dir='ltr'><strong>εἰς</strong></span> <span class='ocrx_word' id='word_1_264' title='bbox 1413 2501 1655 2554; x_wconf 86' lang='grc' dir='ltr'>δουλείαν</span> <span class='ocrx_word' id='word_1_265' title='bbox 1686 2501 1808 2569; x_wconf 72' lang='grc' dir='ltr'>ἀγοο</span> 
     </span>
    </p>
   </div>
   <div class='ocr_carea' id='block_1_34' title="bbox 222 2591 1808 2666">
    <p class='ocr_par' dir='ltr' id='par_1_34' title="bbox 222 2591 1808 2666">
     <span class='ocr_line' id='line_1_34' title="bbox 222 2591 1808 2666; baseline -0.003 -18"><span class='ocrx_word' id='word_1_266' title='bbox 222 2595 442 2666; x_wconf 80' lang='grc' dir='ltr'>μένους,</span> <span class='ocrx_word' id='word_1_267' title='bbox 476 2595 524 2648; x_wconf 85' lang='grc' dir='ltr'><strong>οἰ</strong></span> <span class='ocrx_word' id='word_1_268' title='bbox 551 2594 714 2648; x_wconf 82' lang='grc' dir='ltr'>δὲδιά</span> <span class='ocrx_word' id='word_1_269' title='bbox 732 2594 829 2665; x_wconf 78' lang='grc' dir='ltr'>τὴν</span> <span class='ocrx_word' id='word_1_270' title='bbox 864 2595 1118 2666; x_wconf 74' lang='grc' dir='ltr'>στέρησιν</span> <span class='ocrx_word' id='word_1_271' title='bbox 1145 2594 1510 2665; x_wconf 82' lang='grc' dir='ltr'>πραγμάτων’</span> <span class='ocrx_word' id='word_1_272' title='bbox 1543 2591 1808 2665; x_wconf 77' lang='grc' dir='ltr'>τολμῆσαί</span> 
     </span>
    </p>
   </div>
   <div class='ocr_carea' id='block_1_35' title="bbox 220 2685 1804 2758">
    <p class='ocr_par' dir='ltr' id='par_1_35' title="bbox 220 2685 1804 2758">
     <span class='ocr_line' id='line_1_35' title="bbox 220 2685 1804 2758; baseline -0.001 -20"><span class='ocrx_word' id='word_1_273' title='bbox 220 2703 380 2748; x_wconf 88' lang='grc' dir='ltr'>τινας</span> <span class='ocrx_word' id='word_1_274' title='bbox 406 2685 498 2738; x_wconf 83' lang='grc' dir='ltr'><strong>τὸν</strong></span> <span class='ocrx_word' id='word_1_275' title='bbox 531 2685 768 2739; x_wconf 88' lang='grc' dir='ltr'>τοιοῦτον</span> <span class='ocrx_word' id='word_1_276' title='bbox 799 2686 989 2758; x_wconf 83' lang='grc' dir='ltr'>καιρὸν</span> <span class='ocrx_word' id='word_1_277' title='bbox 1019 2685 1334 2755; x_wconf 86' lang='grc' dir='ltr'>λογίσασθαι</span> <span class='ocrx_word' id='word_1_278' title='bbox 1359 2685 1580 2757; x_wconf 82' lang='grc' dir='ltr'>κέρδους</span> <span class='ocrx_word' id='word_1_279' title='bbox 1595 2685 1804 2756; x_wconf 77' lang='grc' dir='ltr'>καιρὸν,</span> 
     </span>
    </p>
   </div>
   <div class='ocr_carea' id='block_1_36' title="bbox 218 2775 1808 2848">
    <p class='ocr_par' dir='ltr' id='par_1_36' title="bbox 218 2775 1808 2848">
     <span class='ocr_line' id='line_1_36' title="bbox 218 2775 1808 2848; baseline 0.001 -17"><span class='ocrx_word' id='word_1_280' title='bbox 218 2775 438 2831; x_wconf 79' lang='grc' dir='ltr'>ἀσεϐῶν</span> <span class='ocrx_word' id='word_1_281' title='bbox 469 2780 614 2830; x_wconf 85' lang='grc' dir='ltr'>ἐστιν</span> <span class='ocrx_word' id='word_1_282' title='bbox 646 2777 945 2848; x_wconf 85' lang='grc' dir='ltr'>ἀνθρώπων</span> <span class='ocrx_word' id='word_1_283' title='bbox 984 2779 1077 2831; x_wconf 78' lang='grc' dir='ltr'>καὶ</span> <span class='ocrx_word' id='word_1_284' title='bbox 1113 2777 1448 2848; x_wconf 85' lang='grc' dir='ltr'>θεοστυγῶν,</span> <span class='ocrx_word' id='word_1_285' title='bbox 1486 2778 1650 2848; x_wconf 71' lang='grc' dir='ltr'>ἤγουν</span> <span class='ocrx_word' id='word_1_286' title='bbox 1705 2778 1808 2832; x_wconf 75' lang='grc' dir='ltr'><strong>ὑπὸ</strong></span> 
     </span>
    </p>
   </div>
   <div class='ocr_carea' id='block_1_37' title="bbox 217 2869 1808 2940">
    <p class='ocr_par' dir='ltr' id='par_1_37' title="bbox 217 2869 1808 2940">
     <span class='ocr_line' id='line_1_37' title="bbox 217 2869 1808 2940; baseline 0.002 -19"><span class='ocrx_word' id='word_1_287' title='bbox 217 2869 360 2922; x_wconf 83' lang='grc' dir='ltr'>Θεοῦ</span> <span class='ocrx_word' id='word_1_288' title='bbox 405 2869 742 2940; x_wconf 81' lang='grc' dir='ltr'>μισουμένων</span> <span class='ocrx_word' id='word_1_289' title='bbox 765 2871 856 2924; x_wconf 73' lang='grc' dir='ltr'>καὶ</span> <span class='ocrx_word' id='word_1_290' title='bbox 880 2869 1056 2940; x_wconf 81' lang='grc' dir='ltr'>πάσης</span> <span class='ocrx_word' id='word_1_291' title='bbox 1079 2870 1306 2934; x_wconf 86' lang='grc' dir='ltr'>ἀτοπίας</span> <span class='ocrx_word' id='word_1_292' title='bbox 1335 2871 1614 2924; x_wconf 85' lang='grc' dir='ltr'>ἐπέκεινα.</span> <span class='ocrx_word' id='word_1_293' title='bbox 1648 2870 1808 2924; x_wconf 87' lang='grc' dir='ltr'>Ὅθεν</span> 
     </span>
    </p>
   </div>
   <div class='ocr_carea' id='block_1_38' title="bbox 217 2960 1807 3034">
    <p class='ocr_par' dir='ltr' id='par_1_38' title="bbox 217 2960 1807 3034">
     <span class='ocr_line' id='line_1_38' title="bbox 217 2960 1807 3034; baseline 0.002 -21"><span class='ocrx_word' id='word_1_294' title='bbox 217 2960 370 3028; x_wconf 65' lang='grc' dir='ltr'>ἔὼξε</span> <span class='ocrx_word' id='word_1_295' title='bbox 404 2963 529 3024; x_wconf 67' lang='grc' dir='ltr'>τοὺς</span> <span class='ocrx_word' id='word_1_296' title='bbox 566 2961 837 3024; x_wconf 74' lang='grc' dir='ltr'>τοιούτους</span> <span class='ocrx_word' id='word_1_297' title='bbox 879 2962 1180 3034; x_wconf 82' lang='grc' dir='ltr'>ἐκκηρύξαι</span> <span class='ocrx_word' id='word_1_298' title='bbox 1204 3004 1219 3028; x_wconf 95' lang='grc'><strong>,</strong></span> <span class='ocrx_word' id='word_1_299' title='bbox 1270 2963 1390 3016; x_wconf 70' lang='grc' dir='ltr'>ἀντὶ</span> <span class='ocrx_word' id='word_1_300' title='bbox 1425 2963 1540 3029; x_wconf 88' lang='grc' dir='ltr'>τοῦ,</span> <span class='ocrx_word' id='word_1_301' title='bbox 1562 2961 1807 3034; x_wconf 81' lang='grc' dir='ltr'>φανερῶς</span> 
     </span>
    </p>
   </div>
   <div class='ocr_carea' id='block_1_39' title="bbox 217 3053 1810 3127">
    <p class='ocr_par' dir='ltr' id='par_1_39' title="bbox 217 3053 1810 3127">
     <span class='ocr_line' id='line_1_39' title="bbox 217 3053 1810 3127; baseline 0.001 -20"><span class='ocrx_word' id='word_1_302' title='bbox 217 3053 476 3118; x_wconf 78' lang='grc' dir='ltr'>ἐκδιῶξαι</span> <span class='ocrx_word' id='word_1_303' title='bbox 499 3054 598 3125; x_wconf 81' lang='grc' dir='ltr'>τῆς</span> <span class='ocrx_word' id='word_1_304' title='bbox 638 3055 982 3127; x_wconf 87' lang='grc' dir='ltr'>Ἐκκλησίας,</span> <span class='ocrx_word' id='word_1_305' title='bbox 1010 3057 1102 3109; x_wconf 70' lang='grc' dir='ltr'>καὶ</span> <span class='ocrx_word' id='word_1_306' title='bbox 1132 3056 1361 3127; x_wconf 84' lang='grc' dir='ltr'>χωρίσαι</span> <span class='ocrx_word' id='word_1_307' title='bbox 1384 3055 1478 3109; x_wconf 85' lang='grc' dir='ltr'><strong>τοῦ</strong></span> <span class='ocrx_word' id='word_1_308' title='bbox 1512 3055 1810 3127; x_wconf 82' lang='grc' dir='ltr'>πληρώμα-</span> 
     </span>
    </p>
   </div>
   <div class='ocr_carea' id='block_1_40' title="bbox 216 3145 1807 3220">
    <p class='ocr_par' dir='ltr' id='par_1_40' title="bbox 216 3145 1807 3220">
     <span class='ocr_line' id='line_1_40' title="bbox 216 3145 1807 3220; baseline 0 -20"><span class='ocrx_word' id='word_1_309' title='bbox 216 3163 316 3210; x_wconf 87' lang='grc' dir='ltr'><strong>τος</strong></span> <span class='ocrx_word' id='word_1_310' title='bbox 343 3145 450 3198; x_wconf 91' lang='grc' dir='ltr'><strong>τῶν</strong></span> <span class='ocrx_word' id='word_1_311' title='bbox 474 3145 700 3212; x_wconf 88' lang='grc' dir='ltr'>πιστῶν,</span> <span class='ocrx_word' id='word_1_312' title='bbox 727 3147 811 3200; x_wconf 83' lang='grc' dir='ltr'><strong>ἵνα</strong></span> <span class='ocrx_word' id='word_1_313' title='bbox 839 3147 912 3218; x_wconf 81' lang='grc' dir='ltr'>μὴ</span> <span class='ocrx_word' id='word_1_314' title='bbox 939 3146 1005 3200; x_wconf 90' lang='grc' dir='ltr'><strong>δι’</strong></span> <span class='ocrx_word' id='word_1_315' title='bbox 1034 3149 1230 3211; x_wconf 73' lang='grc' dir='ltr'>αὐτοὺς</span> <span class='ocrx_word' id='word_1_316' title='bbox 1274 3149 1306 3220; x_wconf 82' lang='grc' dir='ltr'>ἡ</span> <span class='ocrx_word' id='word_1_317' title='bbox 1346 3147 1482 3220; x_wconf 76' lang='grc' dir='ltr'><strong>ὀργὴ</strong></span> <span class='ocrx_word' id='word_1_318' title='bbox 1536 3146 1631 3200; x_wconf 89' lang='grc' dir='ltr'><strong>τοῦ</strong></span> <span class='ocrx_word' id='word_1_319' title='bbox 1673 3147 1807 3200; x_wconf 83' lang='grc' dir='ltr'>Θεοῦ</span> 
     </span>
    </p>
   </div>
   <div class='ocr_carea' id='block_1_41' title="bbox 217 3219 1872 3312">
    <p class='ocr_par' dir='ltr' id='par_1_41' title="bbox 217 3219 1872 3312">
     <span class='ocr_line' id='line_1_41' title="bbox 217 3219 1872 3312; baseline 0.001 -21"><span class='ocrx_word' id='word_1_320' title='bbox 217 3238 352 3309; x_wconf 77' lang='grc' dir='ltr'>ἔλθῃ</span> <span class='ocrx_word' id='word_1_321' title='bbox 379 3239 471 3291; x_wconf 68' lang='grc' dir='ltr'>ἐπὶ</span> <span class='ocrx_word' id='word_1_322' title='bbox 500 3238 726 3302; x_wconf 76' lang='grc' dir='ltr'>πάντας,</span> <span class='ocrx_word' id='word_1_323' title='bbox 754 3238 846 3292; x_wconf 75' lang='grc' dir='ltr'>καὶ</span> <span class='ocrx_word' id='word_1_324' title='bbox 885 3239 991 3309; x_wconf 83' lang='grc' dir='ltr'><strong>πρὸ</strong></span> <span class='ocrx_word' id='word_1_325' title='bbox 1013 3239 1120 3292; x_wconf 91' lang='grc' dir='ltr'><strong>τῶν</strong></span> <span class='ocrx_word' id='word_1_326' title='bbox 1151 3219 1323 3293; x_wconf 86' lang='grc' dir='ltr'>ἀλλων</span> <span class='ocrx_word' id='word_1_327' title='bbox 1353 3241 1445 3292; x_wconf 76' lang='grc' dir='ltr'>ἐπὶ</span> <span class='ocrx_word' id='word_1_328' title='bbox 1475 3219 1605 3304; x_wconf 76' lang='grc' dir='ltr'>τοὺς</span> <span class='ocrx_word' id='word_1_329' title='bbox 1645 3258 1804 3312; x_wconf 91' lang='grc' dir='ltr'>προε-</span> <span class='ocrx_word' id='word_1_330' title='bbox 1829 3219 1872 3279; x_wconf 77' lang='lat' dir='ltr'><strong>C</strong></span> 
     </span>
    </p>
   </div>
   <div class='ocr_carea' id='block_1_42' title="bbox 218 3331 1807 3403">
    <p class='ocr_par' dir='ltr' id='par_1_42' title="bbox 218 3331 1807 3403">
     <span class='ocr_line' id='line_1_42' title="bbox 218 3331 1807 3403; baseline -0.001 -16"><span class='ocrx_word' id='word_1_331' title='bbox 218 3334 458 3396; x_wconf 85' lang='grc' dir='ltr'>στῶτας,</span> <span class='ocrx_word' id='word_1_332' title='bbox 491 3334 565 3402; x_wconf 83' lang='grc' dir='ltr'>μὴ</span> <span class='ocrx_word' id='word_1_333' title='bbox 599 3331 986 3403; x_wconf 76' lang='grc' dir='ltr'>ἐπιζητοῦντας</span> <span class='ocrx_word' id='word_1_334' title='bbox 1012 3333 1100 3386; x_wconf 81' lang='grc' dir='ltr'><strong>κα)</strong></span> <span class='ocrx_word' id='word_1_335' title='bbox 1123 3332 1473 3398; x_wconf 77' lang='grc' dir='ltr'>ἐξετάζοντας</span> <span class='ocrx_word' id='word_1_336' title='bbox 1492 3335 1618 3396; x_wconf 76' lang='grc' dir='ltr'>τοὺς</span> <span class='ocrx_word' id='word_1_337' title='bbox 1636 3333 1807 3386; x_wconf 86' lang='grc' dir='ltr'>τοιού-</span> 
     </span>
    </p>
   </div>
   <div class='ocr_carea' id='block_1_43' title="bbox 216 3421 1801 3498">
    <p class='ocr_par' dir='ltr' id='par_1_43' title="bbox 216 3421 1801 3498">
     <span class='ocr_line' id='line_1_43' title="bbox 216 3421 1801 3498; baseline 0 -17"><span class='ocrx_word' id='word_1_338' title='bbox 216 3444 367 3490; x_wconf 84' lang='grc' dir='ltr'>τους.</span> <span class='ocrx_word' id='word_1_339' title='bbox 400 3425 509 3478; x_wconf 65' lang='grc' dir='ltr'><strong>Καὶ</strong></span> <span class='ocrx_word' id='word_1_340' title='bbox 531 3424 813 3496; x_wconf 75' lang='grc' dir='ltr'>Γραφικάς</span> <span class='ocrx_word' id='word_1_341' title='bbox 845 3425 1150 3496; x_wconf 88' lang='grc' dir='ltr'>μαρτυρίας</span> <span class='ocrx_word' id='word_1_342' title='bbox 1173 3428 1428 3498; x_wconf 83' lang='grc' dir='ltr'>παράγει,</span> <span class='ocrx_word' id='word_1_343' title='bbox 1449 3421 1565 3479; x_wconf 77' lang='grc' dir='ltr'>εἶτα</span> <span class='ocrx_word' id='word_1_344' title='bbox 1589 3427 1801 3496; x_wconf 84' lang='grc' dir='ltr'>ἐπάγει·</span> 
     </span>
    </p>
   </div>
   <div class='ocr_carea' id='block_1_44' title="bbox 215 3517 1806 3591">
    <p class='ocr_par' dir='ltr' id='par_1_44' title="bbox 215 3517 1806 3591">
     <span class='ocr_line' id='line_1_44' title="bbox 215 3517 1806 3591; baseline -0.001 -17"><span class='ocrx_word' id='word_1_345' title='bbox 215 3522 328 3584; x_wconf 84' lang='grc' dir='ltr'>ὅτι,</span> <span class='ocrx_word' id='word_1_346' title='bbox 372 3518 497 3571; x_wconf 85' lang='grc' dir='ltr'>Ἐάν</span> <span class='ocrx_word' id='word_1_347' title='bbox 539 3535 712 3581; x_wconf 87' lang='grc' dir='ltr'>τινες,</span> <span class='ocrx_word' id='word_1_348' title='bbox 767 3517 856 3571; x_wconf 89' lang='grc' dir='ltr'><strong>διά</strong></span> <span class='ocrx_word' id='word_1_349' title='bbox 895 3518 1208 3583; x_wconf 80' lang='grc' dir='ltr'>πλεονεξίαν</span> <span class='ocrx_word' id='word_1_350' title='bbox 1247 3519 1626 3591; x_wconf 73' lang='grc' dir='ltr'>προλαϐοῦσαν</span> <span class='ocrx_word' id='word_1_351' title='bbox 1656 3562 1670 3585; x_wconf 97' lang='grc'><strong>,</strong></span> <span class='ocrx_word' id='word_1_352' title='bbox 1714 3522 1806 3574; x_wconf 81' lang='grc' dir='ltr'>καὶ</span> 
     </span>
    </p>
   </div>
   <div class='ocr_carea' id='block_1_45' title="bbox 217 3608 1806 3684">
    <p class='ocr_par' dir='ltr' id='par_1_45' title="bbox 217 3608 1806 3684">
     <span class='ocr_line' id='line_1_45' title="bbox 217 3608 1806 3684; baseline 0.001 -20"><span class='ocrx_word' id='word_1_353' title='bbox 217 3612 332 3682; x_wconf 81' lang='grc' dir='ltr'>πρὸ</span> <span class='ocrx_word' id='word_1_354' title='bbox 351 3610 451 3680; x_wconf 78' lang='grc' dir='ltr'>τῆς</span> <span class='ocrx_word' id='word_1_355' title='bbox 482 3608 591 3662; x_wconf 88' lang='grc' dir='ltr'><strong>τῶν</strong></span> <span class='ocrx_word' id='word_1_356' title='bbox 618 3609 907 3681; x_wconf 75' lang='grc' dir='ltr'>βαρόάρων</span> <span class='ocrx_word' id='word_1_357' title='bbox 941 3609 1238 3681; x_wconf 77' lang='grc' dir='ltr'>ἐπιδρομῆς</span> <span class='ocrx_word' id='word_1_358' title='bbox 1266 3613 1564 3684; x_wconf 72' lang='grc' dir='ltr'>γενομένην</span> <span class='ocrx_word' id='word_1_359' title='bbox 1591 3653 1604 3675; x_wconf 96' lang='grc'><strong>,</strong></span> <span class='ocrx_word' id='word_1_360' title='bbox 1651 3614 1806 3682; x_wconf 85' lang='grc' dir='ltr'>δίκην</span> 
     </span>
    </p>
   </div>
   <div class='ocr_carea' id='block_1_46' title="bbox 216 3702 1804 3774">
    <p class='ocr_par' dir='ltr' id='par_1_46' title="bbox 216 3702 1804 3774">
     <span class='ocr_line' id='line_1_46' title="bbox 216 3702 1804 3774; baseline 0.001 -18"><span class='ocrx_word' id='word_1_361' title='bbox 216 3703 532 3767; x_wconf 88' lang='grc' dir='ltr'>τιννύντες,</span> <span class='ocrx_word' id='word_1_362' title='bbox 583 3702 645 3754; x_wconf 83' lang='grc' dir='ltr'><strong>ού</strong></span> <span class='ocrx_word' id='word_1_363' title='bbox 677 3703 835 3773; x_wconf 89' lang='grc' dir='ltr'>μόνον</span> <span class='ocrx_word' id='word_1_364' title='bbox 867 3702 966 3755; x_wconf 84' lang='grc' dir='ltr'><strong>ούκ</strong></span> <span class='ocrx_word' id='word_1_365' title='bbox 996 3703 1470 3774; x_wconf 71' lang='grc' dir='ltr'>ὲσωςρρονίσθησαν</span> <span class='ocrx_word' id='word_1_366' title='bbox 1513 3705 1702 3774; x_wconf 82' lang='grc' dir='ltr'>(τοῦτο</span> <span class='ocrx_word' id='word_1_367' title='bbox 1747 3705 1804 3758; x_wconf 84' lang='grc' dir='ltr'>δὲ</span> 
     </span>
    </p>
   </div>
   <div class='ocr_carea' id='block_1_47' title="bbox 217 3794 1806 3868">
    <p class='ocr_par' dir='ltr' id='par_1_47' title="bbox 217 3794 1806 3868">
     <span class='ocr_line' id='line_1_47' title="bbox 217 3794 1806 3868; baseline 0 -18"><span class='ocrx_word' id='word_1_368' title='bbox 217 3795 410 3866; x_wconf 78' lang='grc' dir='ltr'>διττὴν</span> <span class='ocrx_word' id='word_1_369' title='bbox 441 3795 648 3848; x_wconf 76' lang='grc' dir='ltr'>ἔννοιαν</span> <span class='ocrx_word' id='word_1_370' title='bbox 703 3794 1022 3848; x_wconf 75' lang='grc' dir='ltr'>ὑποϐάλλειο</span> <span class='ocrx_word' id='word_1_371' title='bbox 1075 3797 1108 3868; x_wconf 80' lang='grc' dir='ltr'>ἢ</span> <span class='ocrx_word' id='word_1_372' title='bbox 1149 3795 1256 3866; x_wconf 81' lang='grc' dir='ltr'><strong>γάρ</strong></span> <span class='ocrx_word' id='word_1_373' title='bbox 1289 3794 1463 3864; x_wconf 75' lang='grc' dir='ltr'>δίκην</span> <span class='ocrx_word' id='word_1_374' title='bbox 1499 3799 1806 3864; x_wconf 71' lang='grc' dir='ltr'>τιννύντες</span> 
     </span>
    </p>
   </div>
   <div class='ocr_carea' id='block_1_48' title="bbox 217 3887 1806 3960">
    <p class='ocr_par' dir='ltr' id='par_1_48' title="bbox 217 3887 1806 3960">
     <span class='ocr_line' id='line_1_48' title="bbox 217 3887 1806 3960; baseline 0 -17"><span class='ocrx_word' id='word_1_375' title='bbox 217 3891 374 3958; x_wconf 85' lang='grc' dir='ltr'>λέγει</span> <span class='ocrx_word' id='word_1_376' title='bbox 403 3890 524 3943; x_wconf 76' lang='grc' dir='ltr'>ἀντὶ</span> <span class='ocrx_word' id='word_1_377' title='bbox 565 3889 694 3955; x_wconf 89' lang='grc' dir='ltr'>τοῦ,</span> <span class='ocrx_word' id='word_1_378' title='bbox 741 3888 1143 3960; x_wconf 80' lang='grc' dir='ltr'>τιμωρούμενοι</span> <span class='ocrx_word' id='word_1_379' title='bbox 1189 3887 1338 3959; x_wconf 88' lang='grc' dir='ltr'><strong>παρά</strong></span> <span class='ocrx_word' id='word_1_380' title='bbox 1367 3887 1462 3941; x_wconf 88' lang='grc' dir='ltr'><strong>τοῦ</strong></span> <span class='ocrx_word' id='word_1_381' title='bbox 1501 3889 1635 3942; x_wconf 84' lang='grc' dir='ltr'>Θεοῦ</span> <span class='ocrx_word' id='word_1_382' title='bbox 1660 3931 1674 3952; x_wconf 93' lang='grc'><strong>,</strong></span> <span class='ocrx_word' id='word_1_383' title='bbox 1718 3889 1806 3944; x_wconf 80' lang='grc' dir='ltr'>διὰ</span> 
     </span>
    </p>
   </div>
   <div class='ocr_carea' id='block_1_49' title="bbox 216 3981 1804 4055">
    <p class='ocr_par' dir='ltr' id='par_1_49' title="bbox 216 3981 1804 4055">
     <span class='ocr_line' id='line_1_49' title="bbox 216 3981 1804 4055; baseline -0.001 -17"><span class='ocrx_word' id='word_1_384' title='bbox 216 3983 443 4046; x_wconf 84' lang='grc' dir='ltr'>ἀδικίας</span> <span class='ocrx_word' id='word_1_385' title='bbox 485 3981 862 4053; x_wconf 76' lang='grc' dir='ltr'>προλαόούσας</span> <span class='ocrx_word' id='word_1_386' title='bbox 913 3983 1038 4045; x_wconf 80' lang='grc' dir='ltr'>τοὺς</span> <span class='ocrx_word' id='word_1_387' title='bbox 1083 3981 1388 4053; x_wconf 79' lang='grc' dir='ltr'>β-αρῦἀρους</span> <span class='ocrx_word' id='word_1_388' title='bbox 1431 3984 1510 4046; x_wconf 89' lang='grc' dir='ltr'><strong>εἰς</strong></span> <span class='ocrx_word' id='word_1_389' title='bbox 1538 3985 1804 4055; x_wconf 89' lang='grc' dir='ltr'>τιμωρίαν</span> 
     </span>
    </p>
   </div>
   <div class='ocr_carea' id='block_1_50' title="bbox 216 4074 1804 4147">
    <p class='ocr_par' dir='ltr' id='par_1_50' title="bbox 216 4074 1804 4147">
     <span class='ocr_line' id='line_1_50' title="bbox 216 4074 1804 4147; baseline -0.001 -17"><span class='ocrx_word' id='word_1_390' title='bbox 216 4079 547 4147; x_wconf 80' lang='grc' dir='ltr'>κινήσαντος</span> <span class='ocrx_word' id='word_1_391' title='bbox 569 4091 581 4104; x_wconf 92' lang='grc'><strong>·</strong></span> <span class='ocrx_word' id='word_1_392' title='bbox 612 4075 644 4146; x_wconf 76' lang='grc' dir='ltr'>ἢ</span> <span class='ocrx_word' id='word_1_393' title='bbox 669 4074 845 4143; x_wconf 78' lang='grc' dir='ltr'>δίκην</span> <span class='ocrx_word' id='word_1_394' title='bbox 870 4075 1181 4140; x_wconf 78' lang='grc' dir='ltr'>τιννύντες</span> <span class='ocrx_word' id='word_1_395' title='bbox 1209 4075 1331 4128; x_wconf 76' lang='grc' dir='ltr'>ἀντὶ</span> <span class='ocrx_word' id='word_1_396' title='bbox 1369 4074 1460 4128; x_wconf 90' lang='grc' dir='ltr'><strong>τοῦ</strong></span> <span class='ocrx_word' id='word_1_397' title='bbox 1482 4115 1496 4139; x_wconf 93' lang='grc'><strong>,</strong></span> <span class='ocrx_word' id='word_1_398' title='bbox 1529 4075 1594 4128; x_wconf 87' lang='grc' dir='ltr'>δι’</span> <span class='ocrx_word' id='word_1_399' title='bbox 1629 4077 1804 4128; x_wconf 83' lang='grc' dir='ltr'>ἐπιτι-</span> 
     </span>
    </p>
   </div>
   <div class='ocr_carea' id='block_1_51' title="bbox 218 4165 1806 4241">
    <p class='ocr_par' dir='ltr' id='par_1_51' title="bbox 218 4165 1806 4241">
     <span class='ocr_line' id='line_1_51' title="bbox 218 4165 1806 4241; baseline 0 -19"><span class='ocrx_word' id='word_1_400' title='bbox 218 4169 497 4241; x_wconf 78' lang='grc' dir='ltr'>μημάτων</span> <span class='ocrx_word' id='word_1_401' title='bbox 547 4168 860 4222; x_wconf 87' lang='grc' dir='ltr'>ἐπισκόπων</span> <span class='ocrx_word' id='word_1_402' title='bbox 911 4165 1263 4237; x_wconf 77' lang='grc' dir='ltr'>κολαζόμενοι</span> <span class='ocrx_word' id='word_1_403' title='bbox 1300 4166 1387 4220; x_wconf 81' lang='grc' dir='ltr'><strong>διὰ</strong></span> <span class='ocrx_word' id='word_1_404' title='bbox 1429 4167 1806 4238; x_wconf 72' lang='grc' dir='ltr'>προλαϐοῦσας</span> 
     </span>
    </p>
   </div>
   <div class='ocr_carea' id='block_1_52' title="bbox 214 4257 1806 4333">
    <p class='ocr_par' dir='ltr' id='par_1_52' title="bbox 214 4257 1806 4333">
     <span class='ocr_line' id='line_1_52' title="bbox 214 4257 1806 4333; baseline 0 -19"><span class='ocrx_word' id='word_1_405' title='bbox 214 4260 538 4327; x_wconf 77' lang='grc' dir='ltr'>πλεονεξίας</span> <span class='ocrx_word' id='word_1_406' title='bbox 577 4260 677 4313; x_wconf 83' lang='grc' dir='ltr'><strong>ούκ</strong></span> <span class='ocrx_word' id='word_1_407' title='bbox 729 4257 1265 4330; x_wconf 72' lang='grc' dir='ltr'>ἐσωφρονίσοησαν)ο</span> <span class='ocrx_word' id='word_1_408' title='bbox 1315 4259 1450 4313; x_wconf 86' lang='grc' dir='ltr'><strong>ἀλλά</strong></span> <span class='ocrx_word' id='word_1_409' title='bbox 1493 4261 1586 4314; x_wconf 73' lang='grc' dir='ltr'><strong>καὶ</strong></span> <span class='ocrx_word' id='word_1_410' title='bbox 1627 4261 1684 4314; x_wconf 88' lang='grc' dir='ltr'><strong>ἐν</strong></span> <span class='ocrx_word' id='word_1_411' title='bbox 1729 4261 1806 4333; x_wconf 80' lang='grc' dir='ltr'>τῷ</span> 
     </span>
    </p>
   </div>
   <div class='ocr_carea' id='block_1_53' title="bbox 215 4351 1806 4426">
    <p class='ocr_par' dir='ltr' id='par_1_53' title="bbox 215 4351 1806 4426">
     <span class='ocr_line' id='line_1_53' title="bbox 215 4351 1806 4426; baseline -0.001 -16"><span class='ocrx_word' id='word_1_412' title='bbox 215 4353 407 4426; x_wconf 85' lang='grc' dir='ltr'>καιρῷ</span> <span class='ocrx_word' id='word_1_413' title='bbox 440 4353 539 4423; x_wconf 80' lang='grc' dir='ltr'>τῆς</span> <span class='ocrx_word' id='word_1_414' title='bbox 564 4354 732 4424; x_wconf 80' lang='grc' dir='ltr'>ὀργῆς</span> <span class='ocrx_word' id='word_1_415' title='bbox 759 4352 854 4405; x_wconf 86' lang='grc' dir='ltr'><strong>τοῦ</strong></span> <span class='ocrx_word' id='word_1_416' title='bbox 885 4351 1040 4415; x_wconf 87' lang='grc' dir='ltr'>Θεοῦ,</span> <span class='ocrx_word' id='word_1_417' title='bbox 1068 4351 1134 4404; x_wconf 82' lang='grc' dir='ltr'><strong>δι’</strong></span> <span class='ocrx_word' id='word_1_418' title='bbox 1163 4353 1229 4424; x_wconf 79' lang='grc' dir='ltr'>ἢν</span> <span class='ocrx_word' id='word_1_419' title='bbox 1260 4351 1488 4424; x_wconf 81' lang='grc' dir='ltr'>ἐπῆλθον</span> <span class='ocrx_word' id='word_1_420' title='bbox 1517 4354 1565 4406; x_wconf 91' lang='grc' dir='ltr'><strong>οἰ</strong></span> <span class='ocrx_word' id='word_1_421' title='bbox 1601 4353 1806 4426; x_wconf 79' lang='grc' dir='ltr'>βάρϐα-</span> 
     </span>
    </p>
   </div>
   <div class='ocr_carea' id='block_1_54' title="bbox 217 4445 1806 4521">
    <p class='ocr_par' dir='ltr' id='par_1_54' title="bbox 217 4445 1806 4521">
     <span class='ocr_line' id='line_1_54' title="bbox 217 4445 1806 4521; baseline 0.001 -21"><span class='ocrx_word' id='word_1_422' title='bbox 217 4467 332 4521; x_wconf 85' lang='grc' dir='ltr'>ροι,</span> <span class='ocrx_word' id='word_1_423' title='bbox 363 4446 556 4517; x_wconf 72' lang='grc' dir='ltr'>αὐτῆς·</span> <span class='ocrx_word' id='word_1_424' title='bbox 576 4447 654 4510; x_wconf 92' lang='grc' dir='ltr'><strong>εἰς</strong></span> <span class='ocrx_word' id='word_1_425' title='bbox 679 4445 986 4509; x_wconf 77' lang='grc' dir='ltr'>πλεονεξίαν</span> <span class='ocrx_word' id='word_1_426' title='bbox 1013 4445 1324 4515; x_wconf 84' lang='grc' dir='ltr'>ἐκτραπῶσι</span> <span class='ocrx_word' id='word_1_427' title='bbox 1351 4445 1722 4518; x_wconf 85' lang='grc' dir='ltr'>κερδαίνοντες</span> <span class='ocrx_word' id='word_1_428' title='bbox 1748 4449 1806 4517; x_wconf 84' lang='grc' dir='ltr'><strong>ἐξ</strong></span> 
     </span>
    </p>
   </div>
   <div class='ocr_carea' id='block_1_55' title="bbox 215 4537 1800 4614">
    <p class='ocr_par' dir='ltr' id='par_1_55' title="bbox 215 4537 1800 4614">
     <span class='ocr_line' id='line_1_55' title="bbox 215 4537 1800 4614; baseline 0.002 -22"><span class='ocrx_word' id='word_1_429' title='bbox 215 4542 458 4612; x_wconf 77' lang='grc' dir='ltr'>αἵματος</span> <span class='ocrx_word' id='word_1_430' title='bbox 486 4538 706 4610; x_wconf 80' lang='grc' dir='ltr'>ὀλέθρου</span> <span class='ocrx_word' id='word_1_431' title='bbox 730 4537 1027 4610; x_wconf 80' lang='grc' dir='ltr'>ἀνθρώπων</span> <span class='ocrx_word' id='word_1_432' title='bbox 1062 4537 1378 4592; x_wconf 87' lang='grc' dir='ltr'>ἀναστάτων</span> <span class='ocrx_word' id='word_1_433' title='bbox 1407 4542 1734 4610; x_wconf 82' lang='grc' dir='ltr'>γενομένων,</span> <span class='ocrx_word' id='word_1_434' title='bbox 1770 4544 1800 4614; x_wconf 84' lang='grc' dir='ltr'>ἢ</span> 
     </span>
    </p>
   </div>
   <div class='ocr_carea' id='block_1_56' title="bbox 214 4629 1809 4703">
    <p class='ocr_par' dir='ltr' id='par_1_56' title="bbox 214 4629 1809 4703">
     <span class='ocr_line' id='line_1_56' title="bbox 214 4629 1809 4703; baseline -0.001 -17"><span class='ocrx_word' id='word_1_435' title='bbox 214 4631 586 4703; x_wconf 85' lang='grc' dir='ltr'>αἰχμαλώτων</span> <span class='ocrx_word' id='word_1_436' title='bbox 630 4629 1042 4700; x_wconf 70' lang='grc' dir='ltr'>πειρονευμὲνων</span> <span class='ocrx_word' id='word_1_437' title='bbox 1063 4647 1076 4659; x_wconf 88' lang='grc'><strong>·</strong></span> <span class='ocrx_word' id='word_1_438' title='bbox 1111 4629 1172 4681; x_wconf 76' lang='grc' dir='ltr'>τὸ</span> <span class='ocrx_word' id='word_1_439' title='bbox 1207 4629 1262 4682; x_wconf 89' lang='grc' dir='ltr'><strong>δέ</strong></span> <span class='ocrx_word' id='word_1_440' title='bbox 1293 4629 1362 4693; x_wconf 80' lang='grc' dir='ltr'><strong>ἐξ</strong></span> <span class='ocrx_word' id='word_1_441' title='bbox 1387 4631 1632 4698; x_wconf 78' lang='grc' dir='ltr'>αἵματος</span> <span class='ocrx_word' id='word_1_442' title='bbox 1673 4649 1809 4700; x_wconf 66' lang='grc' dir='ltr'>κερ.</span> 
     </span>
    </p>
   </div>
   <div class='ocr_carea' id='block_1_57' title="bbox 215 4719 1807 4796">
    <p class='ocr_par' dir='ltr' id='par_1_57' title="bbox 215 4719 1807 4796">
     <span class='ocr_line' id='line_1_57' title="bbox 215 4719 1807 4796; baseline 0 -19"><span class='ocrx_word' id='word_1_443' title='bbox 215 4723 544 4788; x_wconf 80' lang='grc' dir='ltr'>δαίνοντες</span> <span class='ocrx_word' id='word_1_444' title='bbox 591 4720 908 4793; x_wconf 78' lang='grc' dir='ltr'>ἑρμηνεύων</span> <span class='ocrx_word' id='word_1_445' title='bbox 930 4761 945 4784; x_wconf 93' lang='grc'><strong>,</strong></span> <span class='ocrx_word' id='word_1_446' title='bbox 981 4721 1227 4791; x_wconf 77' lang='grc' dir='ltr'>ἐπήγαγε</span> <span class='ocrx_word' id='word_1_447' title='bbox 1253 4720 1322 4773; x_wconf 81' lang='grc' dir='ltr'><strong>τά</strong></span> <span class='ocrx_word' id='word_1_448' title='bbox 1363 4719 1519 4792; x_wconf 79' lang='grc' dir='ltr'>ἑξῆς·</span> <span class='ocrx_word' id='word_1_449' title='bbox 1578 4723 1648 4774; x_wconf 88' lang='grc' dir='ltr'><em>Ἢ</em></span> <span class='ocrx_word' id='word_1_450' title='bbox 1677 4725 1807 4796; x_wconf 81' lang='grc' dir='ltr'>γάρ,</span> 
     </span>
    </p>
   </div>
   <div class='ocr_carea' id='block_1_58' title="bbox 217 4812 1811 4888">
    <p class='ocr_par' dir='ltr' id='par_1_58' title="bbox 217 4812 1811 4888">
     <span class='ocr_line' id='line_1_58' title="bbox 217 4812 1811 4888; baseline 0.001 -22"><span class='ocrx_word' id='word_1_451' title='bbox 217 4816 420 4887; x_wconf 70' lang='grc' dir='ltr'>φησὶν,</span> <span class='ocrx_word' id='word_1_452' title='bbox 450 4814 750 4886; x_wconf 81' lang='grc' dir='ltr'>ἀνθρώπων</span> <span class='ocrx_word' id='word_1_453' title='bbox 766 4817 844 4879; x_wconf 91' lang='grc' dir='ltr'><strong>εἰς</strong></span> <span class='ocrx_word' id='word_1_454' title='bbox 868 4813 1242 4884; x_wconf 86' lang='grc' dir='ltr'>αἰχμαλωσίαν</span> <span class='ocrx_word' id='word_1_455' title='bbox 1271 4812 1654 4883; x_wconf 86' lang='grc' dir='ltr'>ἀπαγομένων,</span> <span class='ocrx_word' id='word_1_456' title='bbox 1676 4816 1811 4888; x_wconf 82' lang='grc' dir='ltr'>ὅπερ</span> 
     </span>
    </p>
   </div>
   <div class='ocr_carea' id='block_1_59' title="bbox 215 4904 1810 4978">
    <p class='ocr_par' dir='ltr' id='par_1_59' title="bbox 215 4904 1810 4978">
     <span class='ocr_line' id='line_1_59' title="bbox 215 4904 1810 4978; baseline 0.001 -18"><span class='ocrx_word' id='word_1_457' title='bbox 215 4906 450 4978; x_wconf 71' lang='grc' dir='ltr'>ὀλεθρός</span> <span class='ocrx_word' id='word_1_458' title='bbox 480 4907 705 4977; x_wconf 77' lang='grc' dir='ltr'>ἐστιν,ἢ</span> <span class='ocrx_word' id='word_1_459' title='bbox 743 4906 1130 4978; x_wconf 84' lang='grc' dir='ltr'>ἀναιρεθέντων</span> <span class='ocrx_word' id='word_1_460' title='bbox 1173 4904 1473 4978; x_wconf 82' lang='grc' dir='ltr'>ἀνθρώπων</span> <span class='ocrx_word' id='word_1_461' title='bbox 1509 4906 1810 4976; x_wconf 87' lang='grc' dir='ltr'>πράγματα</span> 
     </span>
    </p>
   </div>
   <div class='ocr_carea' id='block_1_60' title="bbox 214 4997 1811 5070">
    <p class='ocr_par' dir='ltr' id='par_1_60' title="bbox 214 4997 1811 5070">
     <span class='ocr_line' id='line_1_60' title="bbox 214 4997 1811 5070; baseline 0.001 -20"><span class='ocrx_word' id='word_1_462' title='bbox 214 4998 590 5069; x_wconf 75' lang='grc' dir='ltr'>διαρπάζουσι</span> <span class='ocrx_word' id='word_1_463' title='bbox 610 5017 623 5028; x_wconf 79' lang='grc'><em>’</em></span> <span class='ocrx_word' id='word_1_464' title='bbox 652 4999 705 5051; x_wconf 91' lang='grc' dir='ltr'><strong>τί</strong></span> <span class='ocrx_word' id='word_1_465' title='bbox 739 4997 864 5051; x_wconf 76' lang='grc' dir='ltr'>ἄλλο</span> <span class='ocrx_word' id='word_1_466' title='bbox 893 4999 998 5070; x_wconf 81' lang='grc' dir='ltr'><strong>χρὴ</strong></span> <span class='ocrx_word' id='word_1_467' title='bbox 1029 4997 1288 5061; x_wconf 75' lang='grc' dir='ltr'>ἐλπίζειν,</span> <span class='ocrx_word' id='word_1_468' title='bbox 1313 4999 1345 5070; x_wconf 80' lang='grc' dir='ltr'><strong>ἥ</strong></span> <span class='ocrx_word' id='word_1_469' title='bbox 1371 4997 1458 5051; x_wconf 73' lang='grc' dir='ltr'><strong>διὰ</strong></span> <span class='ocrx_word' id='word_1_470' title='bbox 1491 4998 1590 5069; x_wconf 81' lang='grc' dir='ltr'>τὴν</span> <span class='ocrx_word' id='word_1_471' title='bbox 1625 4998 1811 5052; x_wconf 88' lang='grc' dir='ltr'>πλεον-</span> 
     </span>
    </p>
   </div>
   <div class='ocr_carea' id='block_1_61' title="bbox 217 5088 1806 5161">
    <p class='ocr_par' dir='ltr' id='par_1_61' title="bbox 217 5088 1806 5161">
     <span class='ocr_line' id='line_1_61' title="bbox 217 5088 1806 5161; baseline -0.001 -19"><span class='ocrx_word' id='word_1_472' title='bbox 217 5089 380 5153; x_wconf 83' lang='grc' dir='ltr'>εξίαν</span> <span class='ocrx_word' id='word_1_473' title='bbox 406 5088 775 5161; x_wconf 84' lang='grc' dir='ltr'>ἐπισωρεῦσαι</span> <span class='ocrx_word' id='word_1_474' title='bbox 795 5090 963 5161; x_wconf 79' lang='grc' dir='ltr'>ὀργὴν</span> <span class='ocrx_word' id='word_1_475' title='bbox 986 5091 1196 5152; x_wconf 78' lang='grc' dir='ltr'>ἑαυτοῖς</span> <span class='ocrx_word' id='word_1_476' title='bbox 1231 5091 1326 5142; x_wconf 75' lang='grc' dir='ltr'><strong>καί</strong></span> <span class='ocrx_word' id='word_1_477' title='bbox 1362 5088 1524 5142; x_wconf 77' lang='grc' dir='ltr'>παντὶ</span> <span class='ocrx_word' id='word_1_478' title='bbox 1558 5088 1637 5160; x_wconf 82' lang='grc' dir='ltr'>τῷ</span> <span class='ocrx_word' id='word_1_479' title='bbox 1660 5088 1773 5160; x_wconf 84' lang='grc' dir='ltr'>λαῷ</span> <span class='ocrx_word' id='word_1_480' title='bbox 1791 5131 1806 5155; x_wconf 95' lang='grc'><strong>,</strong></span> 
     </span>
    </p>
   </div>
   <div class='ocr_carea' id='block_1_62' title="bbox 215 5180 1808 5253">
    <p class='ocr_par' dir='ltr' id='par_1_62' title="bbox 215 5180 1808 5253">
     <span class='ocr_line' id='line_1_62' title="bbox 215 5180 1808 5253; baseline 0.002 -21"><span class='ocrx_word' id='word_1_481' title='bbox 215 5183 398 5253; x_wconf 70' lang='grc' dir='ltr'>ἧγουν</span> <span class='ocrx_word' id='word_1_482' title='bbox 424 5180 644 5234; x_wconf 79' lang='grc' dir='ltr'>ἑλκύσαι</span> <span class='ocrx_word' id='word_1_483' title='bbox 672 5182 774 5252; x_wconf 81' lang='grc' dir='ltr'>τὴν</span> <span class='ocrx_word' id='word_1_484' title='bbox 800 5181 894 5234; x_wconf 85' lang='grc' dir='ltr'><strong>τοῦ</strong></span> <span class='ocrx_word' id='word_1_485' title='bbox 919 5182 1052 5235; x_wconf 81' lang='grc' dir='ltr'>θεοῦ</span> <span class='ocrx_word' id='word_1_486' title='bbox 1082 5181 1166 5252; x_wconf 80' lang='grc' dir='ltr'>ἐφ’</span> <span class='ocrx_word' id='word_1_487' title='bbox 1211 5182 1435 5245; x_wconf 79' lang='grc' dir='ltr'>ἑαυτοὺς</span> <span class='ocrx_word' id='word_1_488' title='bbox 1469 5183 1562 5234; x_wconf 74' lang='grc' dir='ltr'>καὶ</span> <span class='ocrx_word' id='word_1_489' title='bbox 1600 5181 1694 5235; x_wconf 74' lang='grc' dir='ltr'>ἐπὶ</span> <span class='ocrx_word' id='word_1_490' title='bbox 1718 5181 1808 5235; x_wconf 79' lang='grc' dir='ltr'>τὸν</span> 
     </span>
    </p>
   </div>
   <div class='ocr_carea' id='block_1_63' title="bbox 215 5273 1808 5347">
    <p class='ocr_par' dir='ltr' id='par_1_63' title="bbox 215 5273 1808 5347">
     <span class='ocr_line' id='line_1_63' title="bbox 215 5273 1808 5347; baseline 0 -20"><span class='ocrx_word' id='word_1_491' title='bbox 215 5274 389 5336; x_wconf 77' lang='grc' dir='ltr'>λαόνς</span> <span class='ocrx_word' id='word_1_492' title='bbox 424 5273 533 5327; x_wconf 74' lang='grc' dir='ltr'><strong>Καὶ</strong></span> <span class='ocrx_word' id='word_1_493' title='bbox 575 5274 634 5338; x_wconf 82' lang='grc' dir='ltr'><strong>ἐξ</strong></span> <span class='ocrx_word' id='word_1_494' title='bbox 669 5274 910 5346; x_wconf 79' lang='grc' dir='ltr'>ἱστορίας</span> <span class='ocrx_word' id='word_1_495' title='bbox 937 5275 992 5328; x_wconf 88' lang='grc' dir='ltr'><strong>δέ</strong></span> <span class='ocrx_word' id='word_1_496' title='bbox 1022 5275 1254 5339; x_wconf 84' lang='grc' dir='ltr'>παλαιᾶς</span> <span class='ocrx_word' id='word_1_497' title='bbox 1292 5275 1593 5346; x_wconf 80' lang='grc' dir='ltr'>ὑπόδειγμα</span> <span class='ocrx_word' id='word_1_498' title='bbox 1627 5291 1808 5347; x_wconf 89' lang='grc' dir='ltr'>παρα-</span> 
     </span>
    </p>
   </div>
   <div class='ocr_carea' id='block_1_64' title="bbox 212 5365 1802 5439">
    <p class='ocr_par' dir='ltr' id='par_1_64' title="bbox 212 5365 1802 5439">
     <span class='ocr_line' id='line_1_64' title="bbox 212 5365 1802 5439; baseline -0.001 -19"><span class='ocrx_word' id='word_1_499' title='bbox 212 5367 443 5436; x_wconf 84' lang='grc' dir='ltr'>τίθησιν</span> <span class='ocrx_word' id='word_1_500' title='bbox 466 5406 482 5432; x_wconf 93' lang='grc'><strong>,</strong></span> <span class='ocrx_word' id='word_1_501' title='bbox 509 5367 589 5420; x_wconf 83' lang='grc' dir='ltr'>ὅτι</span> <span class='ocrx_word' id='word_1_502' title='bbox 611 5367 728 5430; x_wconf 84' lang='grc' dir='ltr'>ἐνὸς</span> <span class='ocrx_word' id='word_1_503' title='bbox 759 5367 1171 5439; x_wconf 79' lang='grc' dir='ltr'>ἁμαρτήσαντος</span> <span class='ocrx_word' id='word_1_504' title='bbox 1199 5365 1384 5420; x_wconf 78' lang='grc' dir='ltr'>πολλοὶ</span> <span class='ocrx_word' id='word_1_505' title='bbox 1415 5366 1802 5438; x_wconf 77' lang='grc' dir='ltr'>ἐκολάσθησαν.</span> 
     </span>
    </p>
   </div>
   <div class='ocr_carea' id='block_1_65' title="bbox 1973 1297 3478 1374">
    <p class='ocr_par' dir='ltr' id='par_1_65' title="bbox 1973 1297 3478 1374">
     <span class='ocr_line' id='line_1_65' title="bbox 1973 1297 3478 1374; baseline 0.002 -23"><span class='ocrx_word' id='word_1_506' title='bbox 1973 1297 2174 1352; x_wconf 69' lang='grc' dir='ltr'>ΖοΜιι.</span> <span class='ocrx_word' id='word_1_507' title='bbox 2230 1301 2347 1366; x_wconf 78' lang='lat' dir='ltr'><strong>Qua</strong></span> <span class='ocrx_word' id='word_1_508' title='bbox 2397 1310 2718 1370; x_wconf 87' lang='lat' dir='ltr'><strong>tempestate</strong></span> <span class='ocrx_word' id='word_1_509' title='bbox 2772 1303 2824 1356; x_wconf 93' lang='lat' dir='ltr'><strong>in</strong></span> <span class='ocrx_word' id='word_1_510' title='bbox 2888 1313 3154 1374; x_wconf 84' lang='lat' dir='ltr'><strong>martyres</strong></span> <span class='ocrx_word' id='word_1_511' title='bbox 3199 1300 3478 1371; x_wconf 81' lang='lat' dir='ltr'><strong>populatio</strong></span> 
     </span>
    </p>
   </div>
   <div class='ocr_carea' id='block_1_66' title="bbox 1899 1391 3478 1464">
    <p class='ocr_par' dir='ltr' id='par_1_66' title="bbox 1899 1391 3478 1464">
     <span class='ocr_line' id='line_1_66' title="bbox 1899 1391 3478 1464; baseline 0.001 -22"><span class='ocrx_word' id='word_1_512' title='bbox 1899 1391 2286 1458; x_wconf 81' lang='lat' dir='ltr'><strong>exercebatur,</strong></span> <span class='ocrx_word' id='word_1_513' title='bbox 2320 1393 2567 1445; x_wconf 92' lang='lat' dir='ltr'><strong>nonnulli</strong></span> <span class='ocrx_word' id='word_1_514' title='bbox 2599 1408 2666 1446; x_wconf 80' lang='lat' dir='ltr'><strong>ex</strong></span> <span class='ocrx_word' id='word_1_515' title='bbox 2710 1394 2776 1448; x_wconf 91' lang='lat' dir='ltr'><strong>iis</strong></span> <span class='ocrx_word' id='word_1_516' title='bbox 2810 1393 2904 1464; x_wconf 92' lang='lat' dir='ltr'><strong>qui</strong></span> <span class='ocrx_word' id='word_1_517' title='bbox 2947 1394 3265 1462; x_wconf 77' lang='lat' dir='ltr'><strong>eﬂ‘ugerant,</strong></span> <span class='ocrx_word' id='word_1_518' title='bbox 3303 1391 3478 1460; x_wconf 85' lang='lat' dir='ltr'><strong>capti-</strong></span> 
     </span>
    </p>
   </div>
   <div class='ocr_carea' id='block_1_67' title="bbox 1899 1485 3477 1556">
    <p class='ocr_par' dir='ltr' id='par_1_67' title="bbox 1899 1485 3477 1556">
     <span class='ocr_line' id='line_1_67' title="bbox 1899 1485 3477 1556; baseline 0.003 -21"><span class='ocrx_word' id='word_1_519' title='bbox 1899 1497 2093 1537; x_wconf 79' lang='lat' dir='ltr'><strong>vorum</strong></span> <span class='ocrx_word' id='word_1_520' title='bbox 2125 1485 2372 1540; x_wconf 82' lang='lat' dir='ltr'><strong>invasere</strong></span> <span class='ocrx_word' id='word_1_521' title='bbox 2409 1486 2622 1551; x_wconf 86' lang='lat' dir='ltr'><strong>domos,</strong></span> <span class='ocrx_word' id='word_1_522' title='bbox 2653 1503 2882 1556; x_wconf 77' lang='lat' dir='ltr'><strong>Quaeque</strong></span> <span class='ocrx_word' id='word_1_523' title='bbox 2929 1504 2958 1541; x_wconf 92' lang='lat' dir='ltr'><strong>a</strong></span> <span class='ocrx_word' id='word_1_524' title='bbox 3001 1487 3250 1541; x_wconf 88' lang='lat' dir='ltr'><strong>barbaris</strong></span> <span class='ocrx_word' id='word_1_525' title='bbox 3292 1486 3477 1540; x_wconf 85' lang='lat' dir='ltr'><strong>relicta</strong></span> 
     </span>
    </p>
   </div>
   <div class='ocr_carea' id='block_1_68' title="bbox 1902 1575 3481 1650">
    <p class='ocr_par' dir='ltr' id='par_1_68' title="bbox 1902 1575 3481 1650">
     <span class='ocr_line' id='line_1_68' title="bbox 1902 1575 3481 1650; baseline 0 -20"><span class='ocrx_word' id='word_1_526' title='bbox 1902 1575 2151 1644; x_wconf 82' lang='lat' dir='ltr'><strong>fuerant,</strong></span> <span class='ocrx_word' id='word_1_527' title='bbox 2187 1577 2478 1648; x_wconf 88' lang='lat' dir='ltr'><strong>diripuere.</strong></span> <span class='ocrx_word' id='word_1_528' title='bbox 2529 1578 2606 1633; x_wconf 86' lang='lat' dir='ltr'><strong>De</strong></span> <span class='ocrx_word' id='word_1_529' title='bbox 2647 1578 2732 1632; x_wconf 90' lang='lat' dir='ltr'><strong>his</strong></span> <span class='ocrx_word' id='word_1_530' title='bbox 2763 1580 2944 1647; x_wconf 85' lang='lat' dir='ltr'><strong>itaque</strong></span> <span class='ocrx_word' id='word_1_531' title='bbox 2987 1587 3210 1650; x_wconf 86' lang='lat' dir='ltr'><strong>regatus</strong></span> <span class='ocrx_word' id='word_1_532' title='bbox 3242 1579 3330 1633; x_wconf 91' lang='lat' dir='ltr'><strong>hic</strong></span> <span class='ocrx_word' id='word_1_533' title='bbox 3361 1593 3481 1631; x_wconf 85' lang='lat' dir='ltr'><strong>ma-</strong></span> 
     </span>
    </p>
   </div>
   <div class='ocr_carea' id='block_1_69' title="bbox 1907 1666 3481 1736">
    <p class='ocr_par' dir='ltr' id='par_1_69' title="bbox 1907 1666 3481 1736">
     <span class='ocr_line' id='line_1_69' title="bbox 1907 1666 3481 1736; baseline 0.001 -16"><span class='ocrx_word' id='word_1_534' title='bbox 1907 1683 2047 1736; x_wconf 85' lang='lat' dir='ltr'><strong>gnus</strong></span> <span class='ocrx_word' id='word_1_535' title='bbox 2072 1666 2251 1734; x_wconf 88' lang='lat' dir='ltr'><strong>Pater,</strong></span> <span class='ocrx_word' id='word_1_536' title='bbox 2276 1684 2491 1724; x_wconf 91' lang='lat' dir='ltr'><strong>omnem</strong></span> <span class='ocrx_word' id='word_1_537' title='bbox 2524 1669 2807 1723; x_wconf 78' lang='lat' dir='ltr'><strong>avaritiam</strong></span> <span class='ocrx_word' id='word_1_538' title='bbox 2839 1669 3033 1724; x_wconf 83' lang='lat' dir='ltr'><strong>asserit</strong></span> <span class='ocrx_word' id='word_1_539' title='bbox 3059 1670 3254 1724; x_wconf 89' lang='lat' dir='ltr'><strong>divinis</strong></span> <span class='ocrx_word' id='word_1_540' title='bbox 3288 1667 3481 1722; x_wconf 83' lang='lat' dir='ltr'><strong>litteris</strong></span> 
     </span>
    </p>
   </div>
   <div class='ocr_carea' id='block_1_70' title="bbox 1909 1759 3482 1831">
    <p class='ocr_par' dir='ltr' id='par_1_70' title="bbox 1909 1759 3482 1831">
     <span class='ocr_line' id='line_1_70' title="bbox 1909 1759 3482 1831; baseline -0.001 -18"><span class='ocrx_word' id='word_1_541' title='bbox 1909 1759 2284 1826; x_wconf 87' lang='lat' dir='ltr'><strong>interdictam,</strong></span> <span class='ocrx_word' id='word_1_542' title='bbox 2317 1777 2418 1815; x_wconf 87' lang='lat' dir='ltr'><strong>nec</strong></span> <span class='ocrx_word' id='word_1_543' title='bbox 2459 1761 2575 1815; x_wconf 87' lang='lat' dir='ltr'><strong>fieri</strong></span> <span class='ocrx_word' id='word_1_544' title='bbox 2606 1775 2768 1831; x_wconf 84' lang='lat' dir='ltr'><strong>posse</strong></span> <span class='ocrx_word' id='word_1_545' title='bbox 2837 1770 2898 1814; x_wconf 93' lang='lat' dir='ltr'><strong>ut</strong></span> <span class='ocrx_word' id='word_1_546' title='bbox 2941 1776 3277 1829; x_wconf 68' lang='lat' dir='ltr'><strong>qumcunque</strong></span> <span class='ocrx_word' id='word_1_547' title='bbox 3311 1775 3482 1814; x_wconf 65' lang='lat' dir='ltr'><strong>sacrae</strong></span> 
     </span>
    </p>
   </div>
   <div class='ocr_carea' id='block_1_71' title="bbox 1837 1851 3480 1926">
    <p class='ocr_par' dir='ltr' id='par_1_71' title="bbox 1837 1851 3480 1926">
     <span class='ocr_line' id='line_1_71' title="bbox 1837 1851 3480 1926; baseline 0.001 -24"><span class='ocrx_word' id='word_1_548' title='bbox 1837 1871 1879 1926; x_wconf 77' lang='grc' dir='ltr'><strong><em>Β</em></strong></span> <span class='ocrx_word' id='word_1_549' title='bbox 1907 1851 2116 1920; x_wconf 72' lang='lat' dir='ltr'><strong>pagina:</strong></span> <span class='ocrx_word' id='word_1_550' title='bbox 2143 1851 2210 1906; x_wconf 92' lang='lat' dir='ltr'><strong>de</strong></span> <span class='ocrx_word' id='word_1_551' title='bbox 2239 1852 2466 1906; x_wconf 74' lang='lat' dir='ltr'><strong>avaritia</strong></span> <span class='ocrx_word' id='word_1_552' title='bbox 2499 1853 2804 1920; x_wconf 89' lang='lat' dir='ltr'><strong>disserunt,</strong></span> <span class='ocrx_word' id='word_1_553' title='bbox 2841 1868 2948 1906; x_wconf 89' lang='lat' dir='ltr'><strong>una</strong></span> <span class='ocrx_word' id='word_1_554' title='bbox 2976 1851 3201 1921; x_wconf 89' lang='lat' dir='ltr'><strong>epistola</strong></span> <span class='ocrx_word' id='word_1_555' title='bbox 3228 1865 3480 1920; x_wconf 89' lang='lat' dir='ltr'><strong>compre-</strong></span> 
     </span>
    </p>
   </div>
   <div class='ocr_carea' id='block_1_72' title="bbox 1905 1942 3482 2012">
    <p class='ocr_par' dir='ltr' id='par_1_72' title="bbox 1905 1942 3482 2012">
     <span class='ocr_line' id='line_1_72' title="bbox 1905 1942 3482 2012; baseline -0.001 -16"><span class='ocrx_word' id='word_1_556' title='bbox 1905 1943 2231 1997; x_wconf 86' lang='lat' dir='ltr'><strong>hendantur.</strong></span> <span class='ocrx_word' id='word_1_557' title='bbox 2279 1943 2520 1998; x_wconf 86' lang='lat' dir='ltr'><strong>Breviter</strong></span> <span class='ocrx_word' id='word_1_558' title='bbox 2557 1954 2738 1998; x_wconf 90' lang='lat' dir='ltr'><strong>autem</strong></span> <span class='ocrx_word' id='word_1_559' title='bbox 2799 1946 2874 1997; x_wconf 89' lang='lat' dir='ltr'><strong>ait</strong></span> <span class='ocrx_word' id='word_1_560' title='bbox 2919 1959 3143 1998; x_wconf 87' lang='lat' dir='ltr'><strong>avarum</strong></span> <span class='ocrx_word' id='word_1_561' title='bbox 3185 1942 3482 2012; x_wconf 81' lang='lat' dir='ltr'><strong>quemlibet</strong></span> 
     </span>
    </p>
   </div>
   <div class='ocr_carea' id='block_1_73' title="bbox 1901 2033 3482 2102">
    <p class='ocr_par' dir='ltr' id='par_1_73' title="bbox 1901 2033 3482 2102">
     <span class='ocr_line' id='line_1_73' title="bbox 1901 2033 3482 2102; baseline -0.001 -13"><span class='ocrx_word' id='word_1_562' title='bbox 1901 2050 2024 2090; x_wconf 88' lang='lat' dir='ltr'><strong>esse</strong></span> <span class='ocrx_word' id='word_1_563' title='bbox 2058 2037 2126 2090; x_wconf 87' lang='lat' dir='ltr'><strong>ah</strong></span> <span class='ocrx_word' id='word_1_564' title='bbox 2153 2035 2394 2090; x_wconf 89' lang='lat' dir='ltr'><strong>Ecclesia</strong></span> <span class='ocrx_word' id='word_1_565' title='bbox 2421 2035 2762 2102; x_wconf 82' lang='lat' dir='ltr'><strong>abdicatum,</strong></span> <span class='ocrx_word' id='word_1_566' title='bbox 2801 2036 2904 2089; x_wconf 91' lang='lat' dir='ltr'><strong>hoc</strong></span> <span class='ocrx_word' id='word_1_567' title='bbox 2928 2043 3042 2098; x_wconf 89' lang='lat' dir='ltr'><strong>est,</strong></span> <span class='ocrx_word' id='word_1_568' title='bbox 3071 2033 3302 2102; x_wconf 84' lang='lat' dir='ltr'><strong>ejectum</strong></span> <span class='ocrx_word' id='word_1_569' title='bbox 3336 2043 3389 2088; x_wconf 93' lang='lat' dir='ltr'><strong>et</strong></span> <span class='ocrx_word' id='word_1_570' title='bbox 3419 2049 3482 2087; x_wconf 88' lang='lat' dir='ltr'><strong>a-</strong></span> 
     </span>
    </p>
   </div>
   <div class='ocr_carea' id='block_1_74' title="bbox 1902 2122 3484 2195">
    <p class='ocr_par' dir='ltr' id='par_1_74' title="bbox 1902 2122 3484 2195">
     <span class='ocr_line' id='line_1_74' title="bbox 1902 2122 3484 2195; baseline -0.004 -13"><span class='ocrx_word' id='word_1_571' title='bbox 1902 2127 2129 2184; x_wconf 85' lang='lat' dir='ltr'><strong>lienum.</strong></span> <span class='ocrx_word' id='word_1_572' title='bbox 2157 2126 2410 2181; x_wconf 82' lang='lat' dir='ltr'><strong>Abdicari</strong></span> <span class='ocrx_word' id='word_1_573' title='bbox 2448 2141 2684 2195; x_wconf 85' lang='lat' dir='ltr'><strong>namque</strong></span> <span class='ocrx_word' id='word_1_574' title='bbox 2706 2125 2962 2179; x_wconf 88' lang='lat' dir='ltr'><strong>dicuntur</strong></span> <span class='ocrx_word' id='word_1_575' title='bbox 2993 2124 3110 2185; x_wconf 89' lang='lat' dir='ltr'><strong>filii,</strong></span> <span class='ocrx_word' id='word_1_576' title='bbox 3138 2139 3261 2177; x_wconf 91' lang='lat' dir='ltr'><strong>cum</strong></span> <span class='ocrx_word' id='word_1_577' title='bbox 3289 2123 3358 2177; x_wconf 91' lang='lat' dir='ltr'><strong>ob</strong></span> <span class='ocrx_word' id='word_1_578' title='bbox 3382 2122 3484 2176; x_wconf 84' lang='lat' dir='ltr'><strong>ali-</strong></span> 
     </span>
    </p>
   </div>
   <div class='ocr_carea' id='block_1_75' title="bbox 1902 2213 3483 2290">
    <p class='ocr_par' dir='ltr' id='par_1_75' title="bbox 1902 2213 3483 2290">
     <span class='ocr_line' id='line_1_75' title="bbox 1902 2213 3483 2290; baseline -0.005 -16"><span class='ocrx_word' id='word_1_579' title='bbox 1902 2221 2046 2290; x_wconf 89' lang='lat' dir='ltr'><strong>quod</strong></span> <span class='ocrx_word' id='word_1_580' title='bbox 2070 2220 2274 2275; x_wconf 88' lang='lat' dir='ltr'><strong>crimen</strong></span> <span class='ocrx_word' id='word_1_581' title='bbox 2308 2234 2338 2272; x_wconf 88' lang='lat' dir='ltr'><strong>a</strong></span> <span class='ocrx_word' id='word_1_582' title='bbox 2359 2227 2581 2287; x_wconf 88' lang='lat' dir='ltr'><strong>paterna</strong></span> <span class='ocrx_word' id='word_1_583' title='bbox 2618 2216 2930 2270; x_wconf 69' lang='lat' dir='ltr'><strong>haereditate</strong></span> <span class='ocrx_word' id='word_1_584' title='bbox 2954 2215 3268 2284; x_wconf 88' lang='lat' dir='ltr'><strong>ejiciuntur,</strong></span> <span class='ocrx_word' id='word_1_585' title='bbox 3302 2213 3483 2268; x_wconf 91' lang='lat' dir='ltr'><strong>omni-</strong></span> 
     </span>
    </p>
   </div>
   <div class='ocr_carea' id='block_1_76' title="bbox 1903 2306 3484 2383">
    <p class='ocr_par' dir='ltr' id='par_1_76' title="bbox 1903 2306 3484 2383">
     <span class='ocr_line' id='line_1_76' title="bbox 1903 2306 3484 2383; baseline -0.004 -18"><span class='ocrx_word' id='word_1_586' title='bbox 1903 2327 2008 2382; x_wconf 89' lang='lat' dir='ltr'><strong>que</strong></span> <span class='ocrx_word' id='word_1_587' title='bbox 2043 2312 2382 2383; x_wconf 77' lang='lat' dir='ltr'><strong>cognationis</strong></span> <span class='ocrx_word' id='word_1_588' title='bbox 2414 2313 2536 2382; x_wconf 88' lang='lat' dir='ltr'><strong>jure</strong></span> <span class='ocrx_word' id='word_1_589' title='bbox 2564 2311 2756 2382; x_wconf 87' lang='lat' dir='ltr'><strong>privati</strong></span> <span class='ocrx_word' id='word_1_590' title='bbox 2793 2321 3100 2363; x_wconf 87' lang='lat' dir='ltr'><strong>censentur.</strong></span> <span class='ocrx_word' id='word_1_591' title='bbox 3143 2306 3312 2362; x_wconf 90' lang='lat' dir='ltr'><strong>Porro</strong></span> <span class='ocrx_word' id='word_1_592' title='bbox 3337 2307 3484 2362; x_wconf 84' lang='lat' dir='ltr'><strong>cala-</strong></span> 
     </span>
    </p>
   </div>
   <div class='ocr_carea' id='block_1_77' title="bbox 1905 2401 3481 2474">
    <p class='ocr_par' dir='ltr' id='par_1_77' title="bbox 1905 2401 3481 2474">
     <span class='ocr_line' id='line_1_77' title="bbox 1905 2401 3481 2474; baseline -0.004 -16"><span class='ocrx_word' id='word_1_593' title='bbox 1905 2404 2110 2458; x_wconf 82' lang='lat' dir='ltr'><strong>mitatis</strong></span> <span class='ocrx_word' id='word_1_594' title='bbox 2154 2413 2430 2474; x_wconf 89' lang='lat' dir='ltr'><strong>terupore,</strong></span> <span class='ocrx_word' id='word_1_595' title='bbox 2466 2420 2589 2457; x_wconf 91' lang='lat' dir='ltr'><strong>cum</strong></span> <span class='ocrx_word' id='word_1_596' title='bbox 2625 2403 2678 2456; x_wconf 92' lang='lat' dir='ltr'><strong>in</strong></span> <span class='ocrx_word' id='word_1_597' title='bbox 2723 2403 2868 2456; x_wconf 91' lang='lat' dir='ltr'><strong>luctu</strong></span> <span class='ocrx_word' id='word_1_598' title='bbox 2916 2401 3165 2455; x_wconf 83' lang='lat' dir='ltr'><strong>homines</strong></span> <span class='ocrx_word' id='word_1_599' title='bbox 3193 2415 3481 2454; x_wconf 86' lang='lat' dir='ltr'><strong>versaren-</strong></span> 
     </span>
    </p>
   </div>
   <div class='ocr_carea' id='block_1_78' title="bbox 1905 2491 3483 2567">
    <p class='ocr_par' dir='ltr' id='par_1_78' title="bbox 1905 2491 3483 2567">
     <span class='ocr_line' id='line_1_78' title="bbox 1905 2491 3483 2567; baseline -0.004 -15"><span class='ocrx_word' id='word_1_600' title='bbox 1905 2511 2029 2562; x_wconf 86' lang='lat' dir='ltr'><strong>tur,</strong></span> <span class='ocrx_word' id='word_1_601' title='bbox 2063 2498 2154 2551; x_wconf 87' lang='lat' dir='ltr'><strong>alii</strong></span> <span class='ocrx_word' id='word_1_602' title='bbox 2191 2497 2410 2567; x_wconf 82' lang='lat' dir='ltr'><strong>quidem</strong></span> <span class='ocrx_word' id='word_1_603' title='bbox 2443 2497 2639 2566; x_wconf 83' lang='lat' dir='ltr'><strong>captivi</strong></span> <span class='ocrx_word' id='word_1_604' title='bbox 2679 2497 2893 2566; x_wconf 88' lang='lat' dir='ltr'><strong>ipsimet</strong></span> <span class='ocrx_word' id='word_1_605' title='bbox 2929 2494 3094 2561; x_wconf 90' lang='lat' dir='ltr'><strong>facti,</strong></span> <span class='ocrx_word' id='word_1_606' title='bbox 3124 2493 3214 2547; x_wconf 81' lang='lat' dir='ltr'><strong>alii</strong></span> <span class='ocrx_word' id='word_1_607' title='bbox 3243 2508 3374 2546; x_wconf 87' lang='lat' dir='ltr'><strong>vero</strong></span> <span class='ocrx_word' id='word_1_608' title='bbox 3412 2491 3483 2547; x_wconf 89' lang='lat' dir='ltr'><strong>ob</strong></span> 
     </span>
    </p>
   </div>
   <div class='ocr_carea' id='block_1_79' title="bbox 1906 2585 3486 2660">
    <p class='ocr_par' dir='ltr' id='par_1_79' title="bbox 1906 2585 3486 2660">
     <span class='ocr_line' id='line_1_79' title="bbox 1906 2585 3486 2660; baseline -0.003 -16"><span class='ocrx_word' id='word_1_609' title='bbox 1906 2589 2344 2660; x_wconf 85' lang='lat' dir='ltr'><strong>consanguineos</strong></span> <span class='ocrx_word' id='word_1_610' title='bbox 2372 2589 2426 2644; x_wconf 89' lang='lat' dir='ltr'><strong>iu</strong></span> <span class='ocrx_word' id='word_1_611' title='bbox 2456 2589 2772 2643; x_wconf 70' lang='lat' dir='ltr'><strong>servitutem</strong></span> <span class='ocrx_word' id='word_1_612' title='bbox 2807 2587 3103 2654; x_wconf 88' lang='lat' dir='ltr'><strong>abductos,</strong></span> <span class='ocrx_word' id='word_1_613' title='bbox 3134 2586 3226 2640; x_wconf 91' lang='lat' dir='ltr'><strong>alii</strong></span> <span class='ocrx_word' id='word_1_614' title='bbox 3251 2585 3486 2655; x_wconf 82' lang='lat' dir='ltr'><strong>denique</strong></span> 
     </span>
    </p>
   </div>
   <div class='ocr_carea' id='block_1_80' title="bbox 1906 2681 3482 2753">
    <p class='ocr_par' dir='ltr' id='par_1_80' title="bbox 1906 2681 3482 2753">
     <span class='ocr_line' id='line_1_80' title="bbox 1906 2681 3482 2753; baseline -0.002 -16"><span class='ocrx_word' id='word_1_615' title='bbox 1906 2685 1977 2737; x_wconf 83' lang='lat' dir='ltr'><strong>ob</strong></span> <span class='ocrx_word' id='word_1_616' title='bbox 2004 2700 2184 2738; x_wconf 77' lang='lat' dir='ltr'><strong>rerum</strong></span> <span class='ocrx_word' id='word_1_617' title='bbox 2226 2700 2448 2739; x_wconf 89' lang='lat' dir='ltr'><strong>suarum</strong></span> <span class='ocrx_word' id='word_1_618' title='bbox 2477 2686 2782 2753; x_wconf 69' lang='lat' dir='ltr'><strong>jactur-am;</strong></span> <span class='ocrx_word' id='word_1_619' title='bbox 2817 2698 2980 2737; x_wconf 91' lang='lat' dir='ltr'><strong>ausos</strong></span> <span class='ocrx_word' id='word_1_620' title='bbox 3016 2681 3187 2736; x_wconf 88' lang='lat' dir='ltr'><strong>fuisse</strong></span> <span class='ocrx_word' id='word_1_621' title='bbox 3214 2681 3482 2751; x_wconf 86' lang='lat' dir='ltr'><strong>quosdam</strong></span> 
     </span>
    </p>
   </div>
   <div class='ocr_carea' id='block_1_81' title="bbox 1906 2775 3486 2848">
    <p class='ocr_par' dir='ltr' id='par_1_81' title="bbox 1906 2775 3486 2848">
     <span class='ocr_line' id='line_1_81' title="bbox 1906 2775 3486 2848; baseline -0.003 -17"><span class='ocrx_word' id='word_1_622' title='bbox 1906 2777 2177 2846; x_wconf 80' lang='lat' dir='ltr'><strong>ejusmodi</strong></span> <span class='ocrx_word' id='word_1_623' title='bbox 2208 2788 2441 2848; x_wconf 89' lang='lat' dir='ltr'><strong>tempus.</strong></span> <span class='ocrx_word' id='word_1_624' title='bbox 2468 2777 2602 2830; x_wconf 82' lang='lat' dir='ltr'><strong>lucri</strong></span> <span class='ocrx_word' id='word_1_625' title='bbox 2628 2777 2730 2830; x_wconf 86' lang='lat' dir='ltr'><strong>sibi</strong></span> <span class='ocrx_word' id='word_1_626' title='bbox 2756 2775 3095 2830; x_wconf 85' lang='lat' dir='ltr'><strong>occasionem</strong></span> <span class='ocrx_word' id='word_1_627' title='bbox 3134 2775 3352 2840; x_wconf 89' lang='lat' dir='ltr'><strong>ducere,</strong></span> <span class='ocrx_word' id='word_1_628' title='bbox 3385 2775 3486 2828; x_wconf 83' lang='lat' dir='ltr'><strong>ho-</strong></span> 
     </span>
    </p>
   </div>
   <div class='ocr_carea' id='block_1_82' title="bbox 1908 2867 3486 2940">
    <p class='ocr_par' dir='ltr' id='par_1_82' title="bbox 1908 2867 3486 2940">
     <span class='ocr_line' id='line_1_82' title="bbox 1908 2867 3486 2940; baseline -0.001 -17"><span class='ocrx_word' id='word_1_629' title='bbox 1908 2870 2116 2924; x_wconf 90' lang='lat' dir='ltr'><strong>minum</strong></span> <span class='ocrx_word' id='word_1_630' title='bbox 2147 2878 2230 2924; x_wconf 91' lang='lat' dir='ltr'><strong>est</strong></span> <span class='ocrx_word' id='word_1_631' title='bbox 2265 2871 2593 2940; x_wconf 90' lang='lat' dir='ltr'><strong>impiorum,</strong></span> <span class='ocrx_word' id='word_1_632' title='bbox 2630 2877 2684 2923; x_wconf 90' lang='lat' dir='ltr'><strong>et</strong></span> <span class='ocrx_word' id='word_1_633' title='bbox 2719 2869 2826 2924; x_wconf 88' lang='lat' dir='ltr'><strong>Deo</strong></span> <span class='ocrx_word' id='word_1_634' title='bbox 2859 2868 3157 2924; x_wconf 87' lang='lat' dir='ltr'><strong>invisorum</strong></span> <span class='ocrx_word' id='word_1_635' title='bbox 3179 2911 3194 2934; x_wconf 96' lang='lat'><strong>,</strong></span> <span class='ocrx_word' id='word_1_636' title='bbox 3235 2870 3349 2924; x_wconf 87' lang='lat' dir='ltr'><strong>sive</strong></span> <span class='ocrx_word' id='word_1_637' title='bbox 3376 2867 3486 2922; x_wconf 84' lang='lat' dir='ltr'><strong>Deo</strong></span> 
     </span>
    </p>
   </div>
   <div class='ocr_carea' id='block_1_83' title="bbox 1907 2961 3482 3032">
    <p class='ocr_par' dir='ltr' id='par_1_83' title="bbox 1907 2961 3482 3032">
     <span class='ocr_line' id='line_1_83' title="bbox 1907 2961 3482 3032; baseline -0.001 -17"><span class='ocrx_word' id='word_1_638' title='bbox 1907 2977 2242 3028; x_wconf 82' lang='lat' dir='ltr'><strong>exosorum,</strong></span> <span class='ocrx_word' id='word_1_639' title='bbox 2295 2961 2550 3032; x_wconf 85' lang='lat' dir='ltr'><strong>quodque</strong></span> <span class='ocrx_word' id='word_1_640' title='bbox 2601 2978 2816 3017; x_wconf 86' lang='lat' dir='ltr'><strong>omnem</strong></span> <span class='ocrx_word' id='word_1_641' title='bbox 2873 2973 3093 3032; x_wconf 87' lang='lat' dir='ltr'><strong>superat</strong></span> <span class='ocrx_word' id='word_1_642' title='bbox 3139 2963 3482 3030; x_wconf 75' lang='lat' dir='ltr'><strong>pravitatem.</strong></span> 
     </span>
    </p>
   </div>
   <div class='ocr_carea' id='block_1_84' title="bbox 1909 3053 3484 3124">
    <p class='ocr_par' dir='ltr' id='par_1_84' title="bbox 1909 3053 3484 3124">
     <span class='ocr_line' id='line_1_84' title="bbox 1909 3053 3484 3124; baseline 0.001 -17"><span class='ocrx_word' id='word_1_643' title='bbox 1909 3053 2120 3108; x_wconf 86' lang='lat' dir='ltr'><strong>Placuit</strong></span> <span class='ocrx_word' id='word_1_644' title='bbox 2153 3055 2337 3124; x_wconf 85' lang='lat' dir='ltr'><strong>itaque</strong></span> <span class='ocrx_word' id='word_1_645' title='bbox 2374 3055 2644 3124; x_wconf 85' lang='lat' dir='ltr'><strong>ejusmodi</strong></span> <span class='ocrx_word' id='word_1_646' title='bbox 2680 3056 2928 3110; x_wconf 76' lang='lat' dir='ltr'><strong>homines</strong></span> <span class='ocrx_word' id='word_1_647' title='bbox 2956 3057 3239 3117; x_wconf 78' lang='lat' dir='ltr'><strong>abdicare,</strong></span> <span class='ocrx_word' id='word_1_648' title='bbox 3280 3057 3330 3108; x_wconf 87' lang='lat' dir='ltr'><strong>id</strong></span> <span class='ocrx_word' id='word_1_649' title='bbox 3366 3067 3484 3120; x_wconf 91' lang='lat' dir='ltr'><strong>est,</strong></span> 
     </span>
    </p>
   </div>
   <div class='ocr_carea' id='block_1_85' title="bbox 1910 3147 3487 3217">
    <p class='ocr_par' dir='ltr' id='par_1_85' title="bbox 1910 3147 3487 3217">
     <span class='ocr_line' id='line_1_85' title="bbox 1910 3147 3487 3217; baseline 0.001 -17"><span class='ocrx_word' id='word_1_650' title='bbox 1910 3148 2089 3217; x_wconf 77' lang='lat' dir='ltr'><strong>palam</strong></span> <span class='ocrx_word' id='word_1_651' title='bbox 2120 3148 2407 3202; x_wconf 76' lang='lat' dir='ltr'><strong>extrudere</strong></span> <span class='ocrx_word' id='word_1_652' title='bbox 2428 3147 2494 3200; x_wconf 86' lang='lat' dir='ltr'><strong>ab</strong></span> <span class='ocrx_word' id='word_1_653' title='bbox 2526 3147 2785 3212; x_wconf 55' lang='lat' dir='ltr'><strong>Ecclesia,</strong></span> <span class='ocrx_word' id='word_1_654' title='bbox 2821 3157 2984 3217; x_wconf 87' lang='lat' dir='ltr'><strong>atque</strong></span> <span class='ocrx_word' id='word_1_655' title='bbox 3013 3163 3043 3201; x_wconf 90' lang='lat' dir='ltr'><strong>a</strong></span> <span class='ocrx_word' id='word_1_656' title='bbox 3077 3147 3314 3202; x_wconf 75' lang='lat' dir='ltr'><strong>ﬁdelium</strong></span> <span class='ocrx_word' id='word_1_657' title='bbox 3347 3147 3487 3201; x_wconf 88' lang='lat' dir='ltr'><strong>mul-</strong></span> 
     </span>
    </p>
   </div>
   <div class='ocr_carea' id='block_1_86' title="bbox 1906 3241 3487 3313">
    <p class='ocr_par' dir='ltr' id='par_1_86' title="bbox 1906 3241 3487 3313">
     <span class='ocr_line' id='line_1_86' title="bbox 1906 3241 3487 3313; baseline 0.003 -19"><span class='ocrx_word' id='word_1_658' title='bbox 1906 3241 2134 3296; x_wconf 88' lang='lat' dir='ltr'><strong>titudine</strong></span> <span class='ocrx_word' id='word_1_659' title='bbox 2159 3257 2461 3312; x_wconf 85' lang='lat' dir='ltr'><strong>segregare,</strong></span> <span class='ocrx_word' id='word_1_660' title='bbox 2484 3258 2552 3297; x_wconf 86' lang='lat' dir='ltr'><strong>ne</strong></span> <span class='ocrx_word' id='word_1_661' title='bbox 2573 3252 2790 3312; x_wconf 90' lang='lat' dir='ltr'><strong>propter</strong></span> <span class='ocrx_word' id='word_1_662' title='bbox 2812 3243 2959 3313; x_wconf 90' lang='lat' dir='ltr'><strong>ipsos</strong></span> <span class='ocrx_word' id='word_1_663' title='bbox 2984 3243 3066 3296; x_wconf 87' lang='lat' dir='ltr'><strong>ira</strong></span> <span class='ocrx_word' id='word_1_664' title='bbox 3092 3241 3186 3296; x_wconf 90' lang='lat' dir='ltr'><strong>Dei</strong></span> <span class='ocrx_word' id='word_1_665' title='bbox 3213 3244 3264 3298; x_wconf 92' lang='lat' dir='ltr'><strong>in</strong></span> <span class='ocrx_word' id='word_1_666' title='bbox 3293 3257 3487 3298; x_wconf 81' lang='lat' dir='ltr'><strong>omnes</strong></span> 
     </span>
    </p>
   </div>
   <div class='ocr_carea' id='block_1_87' title="bbox 1906 3331 3486 3404">
    <p class='ocr_par' dir='ltr' id='par_1_87' title="bbox 1906 3331 3486 3404">
     <span class='ocr_line' id='line_1_87' title="bbox 1906 3331 3486 3404; baseline 0.003 -18"><span class='ocrx_word' id='word_1_667' title='bbox 1906 3331 2221 3397; x_wconf 87' lang='lat' dir='ltr'><strong>descendat,</strong></span> <span class='ocrx_word' id='word_1_668' title='bbox 2256 3333 2632 3403; x_wconf 67' lang='lat' dir='ltr'><strong>praecipueque</strong></span> <span class='ocrx_word' id='word_1_669' title='bbox 2670 3333 2720 3387; x_wconf 92' lang='lat' dir='ltr'><strong>in</strong></span> <span class='ocrx_word' id='word_1_670' title='bbox 2744 3349 2838 3389; x_wconf 89' lang='lat' dir='ltr'><strong>eos</strong></span> <span class='ocrx_word' id='word_1_671' title='bbox 2868 3335 2962 3404; x_wconf 91' lang='lat' dir='ltr'><strong>qui</strong></span> <span class='ocrx_word' id='word_1_672' title='bbox 2999 3344 3262 3403; x_wconf 64' lang='lat' dir='ltr'><strong>prmsunt,</strong></span> <span class='ocrx_word' id='word_1_673' title='bbox 3301 3351 3400 3390; x_wconf 86' lang='lat' dir='ltr'><strong>nec</strong></span> <span class='ocrx_word' id='word_1_674' title='bbox 3431 3336 3486 3390; x_wconf 92' lang='lat' dir='ltr'><strong>in</strong></span> 
     </span>
    </p>
   </div>
   <div class='ocr_carea' id='block_1_88' title="bbox 1906 3424 3485 3495">
    <p class='ocr_par' dir='ltr' id='par_1_88' title="bbox 1906 3424 3485 3495">
     <span class='ocr_line' id='line_1_88' title="bbox 1906 3424 3485 3495; baseline 0.002 -15"><span class='ocrx_word' id='word_1_675' title='bbox 1906 3425 2174 3494; x_wconf 88' lang='lat' dir='ltr'><strong>ejusmodi</strong></span> <span class='ocrx_word' id='word_1_676' title='bbox 2227 3424 2477 3479; x_wconf 90' lang='lat' dir='ltr'><strong>homines</strong></span> <span class='ocrx_word' id='word_1_677' title='bbox 2526 3425 2848 3495; x_wconf 88' lang='lat' dir='ltr'><strong>inquirunt,</strong></span> <span class='ocrx_word' id='word_1_678' title='bbox 2896 3435 2990 3480; x_wconf 89' lang='lat' dir='ltr'><strong>aut</strong></span> <span class='ocrx_word' id='word_1_679' title='bbox 3021 3427 3314 3482; x_wconf 81' lang='lat' dir='ltr'><strong>vindicant.</strong></span> <span class='ocrx_word' id='word_1_680' title='bbox 3361 3425 3485 3483; x_wconf 82' lang='lat' dir='ltr'><strong>Mox</strong></span> 
     </span>
    </p>
   </div>
   <div class='ocr_carea' id='block_1_89' title="bbox 1909 3515 3488 3590">
    <p class='ocr_par' dir='ltr' id='par_1_89' title="bbox 1909 3515 3488 3590">
     <span class='ocr_line' id='line_1_89' title="bbox 1909 3515 3488 3590; baseline 0.003 -20"><span class='ocrx_word' id='word_1_681' title='bbox 1909 3515 2204 3586; x_wconf 73' lang='lat' dir='ltr'><strong>Scriptura:</strong></span> <span class='ocrx_word' id='word_1_682' title='bbox 2250 3516 2556 3570; x_wconf 87' lang='lat' dir='ltr'><strong>testimonia</strong></span> <span class='ocrx_word' id='word_1_683' title='bbox 2601 3518 2841 3587; x_wconf 81' lang='lat' dir='ltr'><strong>profert,</strong></span> <span class='ocrx_word' id='word_1_684' title='bbox 2871 3517 3162 3590; x_wconf 80' lang='lat' dir='ltr'><strong>additque:</strong></span> <span class='ocrx_word' id='word_1_685' title='bbox 3200 3518 3258 3573; x_wconf 89' lang='lat' dir='ltr'><strong>Si</strong></span> <span class='ocrx_word' id='word_1_686' title='bbox 3289 3521 3383 3589; x_wconf 92' lang='lat' dir='ltr'><strong>qui</strong></span> <span class='ocrx_word' id='word_1_687' title='bbox 3416 3521 3488 3575; x_wconf 92' lang='lat' dir='ltr'><strong>ob</strong></span> 
     </span>
    </p>
   </div>
   <div class='ocr_carea' id='block_1_90' title="bbox 1904 3608 3490 3681">
    <p class='ocr_par' dir='ltr' id='par_1_90' title="bbox 1904 3608 3490 3681">
     <span class='ocr_line' id='line_1_90' title="bbox 1904 3608 3490 3681; baseline 0.002 -18"><span class='ocrx_word' id='word_1_688' title='bbox 1904 3608 2082 3664; x_wconf 82' lang='lat' dir='ltr'><strong>exacti</strong></span> <span class='ocrx_word' id='word_1_689' title='bbox 2127 3608 2392 3677; x_wconf 90' lang='lat' dir='ltr'><strong>temporis</strong></span> <span class='ocrx_word' id='word_1_690' title='bbox 2427 3609 2732 3676; x_wconf 87' lang='lat' dir='ltr'><strong>avaritiam,</strong></span> <span class='ocrx_word' id='word_1_691' title='bbox 2763 3618 2817 3664; x_wconf 93' lang='lat' dir='ltr'><strong>et</strong></span> <span class='ocrx_word' id='word_1_692' title='bbox 2851 3627 3012 3681; x_wconf 88' lang='lat' dir='ltr'><strong>quam</strong></span> <span class='ocrx_word' id='word_1_693' title='bbox 3044 3619 3172 3665; x_wconf 86' lang='lat' dir='ltr'><strong>ante</strong></span> <span class='ocrx_word' id='word_1_694' title='bbox 3218 3611 3490 3666; x_wconf 87' lang='lat' dir='ltr'><strong>incursio-</strong></span> 
     </span>
    </p>
   </div>
   <div class='ocr_carea' id='block_1_91' title="bbox 1907 3701 3486 3774">
    <p class='ocr_par' dir='ltr' id='par_1_91' title="bbox 1907 3701 3486 3774">
     <span class='ocr_line' id='line_1_91' title="bbox 1907 3701 3486 3774; baseline 0.004 -20"><span class='ocrx_word' id='word_1_695' title='bbox 1907 3717 2029 3756; x_wconf 90' lang='lat' dir='ltr'><strong>nem</strong></span> <span class='ocrx_word' id='word_1_696' title='bbox 2065 3701 2422 3756; x_wconf 88' lang='lat' dir='ltr'><strong>barbarorum</strong></span> <span class='ocrx_word' id='word_1_697' title='bbox 2447 3711 2834 3769; x_wconf 81' lang='lat' dir='ltr'><strong>exercuerant,</strong></span> <span class='ocrx_word' id='word_1_698' title='bbox 2876 3719 3067 3772; x_wconf 77' lang='lat' dir='ltr'><strong>ptenas</strong></span> <span class='ocrx_word' id='word_1_699' title='bbox 3095 3704 3486 3774; x_wconf 87' lang='lat' dir='ltr'><strong>persolventes,</strong></span> 
     </span>
    </p>
   </div>
   <div class='ocr_carea' id='block_1_92' title="bbox 1907 3792 3490 3864">
    <p class='ocr_par' dir='ltr' id='par_1_92' title="bbox 1907 3792 3490 3864">
     <span class='ocr_line' id='line_1_92' title="bbox 1907 3792 3490 3864; baseline 0.003 -20"><span class='ocrx_word' id='word_1_700' title='bbox 1907 3807 2014 3844; x_wconf 88' lang='lat' dir='ltr'><strong>non</strong></span> <span class='ocrx_word' id='word_1_701' title='bbox 2047 3792 2208 3846; x_wconf 92' lang='lat' dir='ltr'><strong>modo</strong></span> <span class='ocrx_word' id='word_1_702' title='bbox 2237 3807 2346 3846; x_wconf 90' lang='lat' dir='ltr'><strong>non</strong></span> <span class='ocrx_word' id='word_1_703' title='bbox 2377 3792 2720 3862; x_wconf 86' lang='lat' dir='ltr'><strong>resipucrunt</strong></span> <span class='ocrx_word' id='word_1_704' title='bbox 2747 3793 2872 3862; x_wconf 89' lang='lat' dir='ltr'><strong>(hoc</strong></span> <span class='ocrx_word' id='word_1_705' title='bbox 2895 3809 3023 3846; x_wconf 90' lang='lat' dir='ltr'><strong>vero</strong></span> <span class='ocrx_word' id='word_1_706' title='bbox 3059 3795 3331 3864; x_wconf 88' lang='lat' dir='ltr'><strong>duplicem</strong></span> <span class='ocrx_word' id='word_1_707' title='bbox 3364 3809 3490 3849; x_wconf 80' lang='lat' dir='ltr'><strong>sen-</strong></span> 
     </span>
    </p>
   </div>
   <div class='ocr_carea' id='block_1_93' title="bbox 1906 3883 3490 3954">
    <p class='ocr_par' dir='ltr' id='par_1_93' title="bbox 1906 3883 3490 3954">
     <span class='ocr_line' id='line_1_93' title="bbox 1906 3883 3490 3954; baseline 0.001 -16"><span class='ocrx_word' id='word_1_708' title='bbox 1906 3899 2027 3938; x_wconf 92' lang='lat' dir='ltr'><strong>sum</strong></span> <span class='ocrx_word' id='word_1_709' title='bbox 2063 3883 2337 3949; x_wconf 89' lang='lat' dir='ltr'><strong>admittit,</strong></span> <span class='ocrx_word' id='word_1_710' title='bbox 2385 3893 2478 3939; x_wconf 89' lang='lat' dir='ltr'><strong>aut</strong></span> <span class='ocrx_word' id='word_1_711' title='bbox 2509 3885 2654 3938; x_wconf 89' lang='lat' dir='ltr'><strong>enim</strong></span> <span class='ocrx_word' id='word_1_712' title='bbox 2695 3901 2874 3954; x_wconf 66' lang='lat' dir='ltr'><strong>pinnas</strong></span> <span class='ocrx_word' id='word_1_713' title='bbox 2907 3885 3251 3954; x_wconf 75' lang='lat' dir='ltr'><strong>prrsolventes</strong></span> <span class='ocrx_word' id='word_1_714' title='bbox 3291 3887 3490 3940; x_wconf 89' lang='lat' dir='ltr'><strong>intelli-</strong></span> 
     </span>
    </p>
   </div>
   <div class='ocr_carea' id='block_1_94' title="bbox 1907 3975 3491 4048">
    <p class='ocr_par' dir='ltr' id='par_1_94' title="bbox 1907 3975 3491 4048">
     <span class='ocr_line' id='line_1_94' title="bbox 1907 3975 3491 4048; baseline 0.002 -18"><span class='ocrx_word' id='word_1_715' title='bbox 1907 3978 1984 4048; x_wconf 87' lang='lat' dir='ltr'><strong>git</strong></span> <span class='ocrx_word' id='word_1_716' title='bbox 2017 3978 2088 4032; x_wconf 88' lang='lat' dir='ltr'><strong>ob</strong></span> <span class='ocrx_word' id='word_1_717' title='bbox 2114 3978 2441 4046; x_wconf 85' lang='lat' dir='ltr'><strong>supplicium</strong></span> <span class='ocrx_word' id='word_1_718' title='bbox 2465 3993 2494 4031; x_wconf 88' lang='lat' dir='ltr'><strong>a</strong></span> <span class='ocrx_word' id='word_1_719' title='bbox 2528 3975 2638 4032; x_wconf 89' lang='lat' dir='ltr'><strong>Deo</strong></span> <span class='ocrx_word' id='word_1_720' title='bbox 2673 3977 2958 4039; x_wconf 84' lang='lat' dir='ltr'><strong>inﬂictum,</strong></span> <span class='ocrx_word' id='word_1_721' title='bbox 2991 3979 3082 4048; x_wconf 93' lang='lat' dir='ltr'><strong>qui</strong></span> <span class='ocrx_word' id='word_1_722' title='bbox 3117 3979 3182 4032; x_wconf 86' lang='lat' dir='ltr'><strong>ad</strong></span> <span class='ocrx_word' id='word_1_723' title='bbox 3214 3979 3491 4033; x_wconf 83' lang='lat' dir='ltr'><strong>vindican-</strong></span> 
     </span>
    </p>
   </div>
   <div class='ocr_carea' id='block_1_95' title="bbox 1907 4072 3489 4143">
    <p class='ocr_par' dir='ltr' id='par_1_95' title="bbox 1907 4072 3489 4143">
     <span class='ocr_line' id='line_1_95' title="bbox 1907 4072 3489 4143; baseline 0.002 -17"><span class='ocrx_word' id='word_1_724' title='bbox 1907 4073 2036 4126; x_wconf 90' lang='lat' dir='ltr'><strong>dum</strong></span> <span class='ocrx_word' id='word_1_725' title='bbox 2063 4072 2366 4140; x_wconf 89' lang='lat' dir='ltr'><strong>superioris</strong></span> <span class='ocrx_word' id='word_1_726' title='bbox 2393 4074 2652 4142; x_wconf 88' lang='lat' dir='ltr'><strong>temporis</strong></span> <span class='ocrx_word' id='word_1_727' title='bbox 2685 4074 2938 4143; x_wconf 87' lang='lat' dir='ltr'><strong>injuriarn</strong></span> <span class='ocrx_word' id='word_1_728' title='bbox 2977 4074 3264 4128; x_wconf 89' lang='lat' dir='ltr'><strong>immiserit</strong></span> <span class='ocrx_word' id='word_1_729' title='bbox 3289 4075 3489 4129; x_wconf 86' lang='lat' dir='ltr'><strong>barba-</strong></span> 
     </span>
    </p>
   </div>
   <div class='ocr_carea' id='block_1_96' title="bbox 1907 4167 3489 4238">
    <p class='ocr_par' dir='ltr' id='par_1_96' title="bbox 1907 4167 3489 4238">
     <span class='ocr_line' id='line_1_96' title="bbox 1907 4167 3489 4238; baseline 0.002 -18"><span class='ocrx_word' id='word_1_730' title='bbox 1907 4183 1999 4221; x_wconf 84' lang='lat' dir='ltr'><strong>ros</strong></span> <span class='ocrx_word' id='word_1_731' title='bbox 2025 4206 2040 4229; x_wconf 92' lang='lat'><strong>,</strong></span> <span class='ocrx_word' id='word_1_732' title='bbox 2087 4178 2181 4222; x_wconf 89' lang='lat' dir='ltr'><strong>aut</strong></span> <span class='ocrx_word' id='word_1_733' title='bbox 2224 4169 2476 4223; x_wconf 71' lang='lat' dir='ltr'><strong>solventes</strong></span> <span class='ocrx_word' id='word_1_734' title='bbox 2517 4184 2696 4238; x_wconf 71' lang='lat' dir='ltr'><strong>poenas</strong></span> <span class='ocrx_word' id='word_1_735' title='bbox 2721 4207 2738 4232; x_wconf 96' lang='lat'><strong>,</strong></span> <span class='ocrx_word' id='word_1_736' title='bbox 2787 4167 2890 4222; x_wconf 91' lang='lat' dir='ltr'><strong>hoc</strong></span> <span class='ocrx_word' id='word_1_737' title='bbox 2921 4177 3041 4231; x_wconf 91' lang='lat' dir='ltr'><strong>est,</strong></span> <span class='ocrx_word' id='word_1_738' title='bbox 3085 4169 3489 4238; x_wconf 84' lang='lat' dir='ltr'><strong>episcopalibus</strong></span> 
     </span>
    </p>
   </div>
   <div class='ocr_carea' id='block_1_97' title="bbox 1909 4261 3489 4333">
    <p class='ocr_par' dir='ltr' id='par_1_97' title="bbox 1909 4261 3489 4333">
     <span class='ocr_line' id='line_1_97' title="bbox 1909 4261 3489 4333; baseline 0.004 -21"><span class='ocrx_word' id='word_1_739' title='bbox 1909 4261 2125 4315; x_wconf 89' lang='lat' dir='ltr'><strong>mulctis</strong></span> <span class='ocrx_word' id='word_1_740' title='bbox 2160 4262 2230 4316; x_wconf 92' lang='lat' dir='ltr'><strong>ob</strong></span> <span class='ocrx_word' id='word_1_741' title='bbox 2264 4263 2601 4331; x_wconf 86' lang='lat' dir='ltr'><strong>superiorem</strong></span> <span class='ocrx_word' id='word_1_742' title='bbox 2649 4263 2931 4316; x_wconf 90' lang='lat' dir='ltr'><strong>avaritiam</strong></span> <span class='ocrx_word' id='word_1_743' title='bbox 2978 4263 3226 4333; x_wconf 69' lang='lat' dir='ltr'><strong>castigati</strong></span> <span class='ocrx_word' id='word_1_744' title='bbox 3263 4263 3489 4318; x_wconf 86' lang='lat' dir='ltr'><strong>minime</strong></span> 
     </span>
    </p>
   </div>
   <div class='ocr_carea' id='block_1_98' title="bbox 1908 4356 3488 4428">
    <p class='ocr_par' dir='ltr' id='par_1_98' title="bbox 1908 4356 3488 4428">
     <span class='ocr_line' id='line_1_98' title="bbox 1908 4356 3488 4428; baseline 0.003 -18"><span class='ocrx_word' id='word_1_745' title='bbox 1908 4356 2306 4427; x_wconf 88' lang='lat' dir='ltr'><strong>resipuerunt),</strong></span> <span class='ocrx_word' id='word_1_746' title='bbox 2341 4357 2472 4428; x_wconf 91' lang='lat' dir='ltr'><strong>quin</strong></span> <span class='ocrx_word' id='word_1_747' title='bbox 2518 4357 2701 4425; x_wconf 87' lang='lat' dir='ltr'><strong>potius</strong></span> <span class='ocrx_word' id='word_1_748' title='bbox 2752 4357 2983 4426; x_wconf 88' lang='lat' dir='ltr'><strong>ipsumet</strong></span> <span class='ocrx_word' id='word_1_749' title='bbox 3025 4367 3262 4428; x_wconf 90' lang='lat' dir='ltr'><strong>tempore</strong></span> <span class='ocrx_word' id='word_1_750' title='bbox 3293 4360 3488 4414; x_wconf 65' lang='lat' dir='ltr'><strong>divinae</strong></span> 
     </span>
    </p>
   </div>
   <div class='ocr_carea' id='block_1_99' title="bbox 1907 4449 3488 4521">
    <p class='ocr_par' dir='ltr' id='par_1_99' title="bbox 1907 4449 3488 4521">
     <span class='ocr_line' id='line_1_99' title="bbox 1907 4449 3488 4521; baseline 0.001 -18"><span class='ocrx_word' id='word_1_751' title='bbox 1907 4449 2222 4514; x_wconf 71' lang='lat' dir='ltr'><strong>iracundize,</strong></span> <span class='ocrx_word' id='word_1_752' title='bbox 2255 4451 2324 4505; x_wconf 90' lang='lat' dir='ltr'><strong>ob</strong></span> <span class='ocrx_word' id='word_1_753' title='bbox 2354 4466 2516 4520; x_wconf 87' lang='lat' dir='ltr'><strong>quam</strong></span> <span class='ocrx_word' id='word_1_754' title='bbox 2542 4451 2749 4504; x_wconf 88' lang='lat' dir='ltr'><strong>irrucre</strong></span> <span class='ocrx_word' id='word_1_755' title='bbox 2777 4451 3013 4512; x_wconf 86' lang='lat' dir='ltr'><strong>barbari,</strong></span> <span class='ocrx_word' id='word_1_756' title='bbox 3044 4452 3145 4521; x_wconf 89' lang='lat' dir='ltr'><strong>ipsi</strong></span> <span class='ocrx_word' id='word_1_757' title='bbox 3175 4467 3234 4506; x_wconf 89' lang='lat' dir='ltr'><strong>se</strong></span> <span class='ocrx_word' id='word_1_758' title='bbox 3267 4452 3333 4505; x_wconf 89' lang='lat' dir='ltr'><strong>ad</strong></span> <span class='ocrx_word' id='word_1_759' title='bbox 3365 4465 3488 4505; x_wconf 52' lang='lat' dir='ltr'><strong>ara.</strong></span> 
     </span>
    </p>
   </div>
   <div class='ocr_carea' id='block_1_100' title="bbox 1839 4541 3488 4617">
    <p class='ocr_par' dir='ltr' id='par_1_100' title="bbox 1839 4541 3488 4617">
     <span class='ocr_line' id='line_1_100' title="bbox 1839 4541 3488 4617; baseline 0.001 -23"><span class='ocrx_word' id='word_1_760' title='bbox 1839 4563 1880 4617; x_wconf 75' lang='grc' dir='ltr'>ο</span> <span class='ocrx_word' id='word_1_761' title='bbox 1910 4541 2088 4594; x_wconf 89' lang='lat' dir='ltr'><strong>ritiam</strong></span> <span class='ocrx_word' id='word_1_762' title='bbox 2139 4551 2554 4606; x_wconf 82' lang='lat' dir='ltr'><strong>converterunt,</strong></span> <span class='ocrx_word' id='word_1_763' title='bbox 2602 4541 2812 4594; x_wconf 81' lang='lat' dir='ltr'><strong>lucrum</strong></span> <span class='ocrx_word' id='word_1_764' title='bbox 2851 4542 2954 4596; x_wconf 81' lang='lat' dir='ltr'><strong>sibi</strong></span> <span class='ocrx_word' id='word_1_765' title='bbox 2999 4554 3363 4612; x_wconf 82' lang='lat' dir='ltr'><strong>comparantes</strong></span> <span class='ocrx_word' id='word_1_766' title='bbox 3421 4557 3488 4596; x_wconf 77' lang='lat' dir='ltr'><strong>ea:</strong></span> 
     </span>
    </p>
   </div>
   <div class='ocr_carea' id='block_1_101' title="bbox 1909 4630 3486 4703">
    <p class='ocr_par' dir='ltr' id='par_1_101' title="bbox 1909 4630 3486 4703">
     <span class='ocr_line' id='line_1_101' title="bbox 1909 4630 3486 4703; baseline -0.001 -17"><span class='ocrx_word' id='word_1_767' title='bbox 1909 4633 2184 4702; x_wconf 70' lang='lat' dir='ltr'><strong>sanguine,</strong></span> <span class='ocrx_word' id='word_1_768' title='bbox 2221 4643 2274 4687; x_wconf 89' lang='lat' dir='ltr'><strong>et</strong></span> <span class='ocrx_word' id='word_1_769' title='bbox 2304 4633 2538 4703; x_wconf 85' lang='lat' dir='ltr'><strong>pernicie</strong></span> <span class='ocrx_word' id='word_1_770' title='bbox 2569 4634 2851 4686; x_wconf 90' lang='lat' dir='ltr'><strong>hominum</strong></span> <span class='ocrx_word' id='word_1_771' title='bbox 2876 4650 3108 4702; x_wconf 89' lang='lat' dir='ltr'><strong>quorum</strong></span> <span class='ocrx_word' id='word_1_772' title='bbox 3137 4649 3338 4688; x_wconf 68' lang='lat' dir='ltr'><strong>eversae</strong></span> <span class='ocrx_word' id='word_1_773' title='bbox 3371 4630 3486 4685; x_wconf 82' lang='lat' dir='ltr'><strong>for-</strong></span> 
     </span>
    </p>
   </div>
   <div class='ocr_carea' id='block_1_102' title="bbox 1910 4724 3487 4795">
    <p class='ocr_par' dir='ltr' id='par_1_102' title="bbox 1910 4724 3487 4795">
     <span class='ocr_line' id='line_1_102' title="bbox 1910 4724 3487 4795; baseline 0 -15"><span class='ocrx_word' id='word_1_774' title='bbox 1910 4733 2055 4780; x_wconf 80' lang='lat' dir='ltr'><strong>tunae</strong></span> <span class='ocrx_word' id='word_1_775' title='bbox 2086 4735 2233 4792; x_wconf 90' lang='lat' dir='ltr'><strong>sunt,</strong></span> <span class='ocrx_word' id='word_1_776' title='bbox 2263 4727 2346 4780; x_wconf 84' lang='lat' dir='ltr'><strong>vel</strong></span> <span class='ocrx_word' id='word_1_777' title='bbox 2377 4727 2714 4795; x_wconf 79' lang='lat' dir='ltr'><strong>captivorum</strong></span> <span class='ocrx_word' id='word_1_778' title='bbox 2751 4725 2845 4793; x_wconf 92' lang='lat' dir='ltr'><strong>qui</strong></span> <span class='ocrx_word' id='word_1_779' title='bbox 2896 4735 3022 4779; x_wconf 88' lang='lat' dir='ltr'><strong>sunt</strong></span> <span class='ocrx_word' id='word_1_780' title='bbox 3072 4724 3374 4791; x_wconf 78' lang='lat' dir='ltr'><strong>interfecti;</strong></span> <span class='ocrx_word' id='word_1_781' title='bbox 3427 4733 3487 4780; x_wconf 89' lang='lat' dir='ltr'><strong>ut</strong></span> 
     </span>
    </p>
   </div>
   <div class='ocr_carea' id='block_1_103' title="bbox 1911 4817 3486 4887">
    <p class='ocr_par' dir='ltr' id='par_1_103' title="bbox 1911 4817 3486 4887">
     <span class='ocr_line' id='line_1_103' title="bbox 1911 4817 3486 4887; baseline 0.003 -19"><span class='ocrx_word' id='word_1_782' title='bbox 1911 4827 2092 4870; x_wconf 86' lang='lat' dir='ltr'><strong>autem</strong></span> <span class='ocrx_word' id='word_1_783' title='bbox 2131 4817 2257 4871; x_wconf 89' lang='lat' dir='ltr'><strong>illud</strong></span> <span class='ocrx_word' id='word_1_784' title='bbox 2290 4817 2604 4882; x_wconf 59' lang='lat' dir='ltr'><strong>explicaret,</strong></span> <span class='ocrx_word' id='word_1_785' title='bbox 2637 4817 2846 4870; x_wconf 90' lang='lat' dir='ltr'><strong>lucrum</strong></span> <span class='ocrx_word' id='word_1_786' title='bbox 2874 4817 2978 4870; x_wconf 87' lang='lat' dir='ltr'><strong>sibi</strong></span> <span class='ocrx_word' id='word_1_787' title='bbox 3008 4827 3389 4887; x_wconf 88' lang='lat' dir='ltr'><strong>comparantes</strong></span> <span class='ocrx_word' id='word_1_788' title='bbox 3418 4832 3486 4872; x_wconf 80' lang='lat' dir='ltr'><strong>ex</strong></span> 
     </span>
    </p>
   </div>
   <div class='ocr_carea' id='block_1_104' title="bbox 1910 4905 3488 4976">
    <p class='ocr_par' dir='ltr' id='par_1_104' title="bbox 1910 4905 3488 4976">
     <span class='ocr_line' id='line_1_104' title="bbox 1910 4905 3488 4976; baseline 0.004 -19"><span class='ocrx_word' id='word_1_789' title='bbox 1910 4906 2210 4975; x_wconf 86' lang='lat' dir='ltr'><strong>sanguine,</strong></span> <span class='ocrx_word' id='word_1_790' title='bbox 2246 4905 2478 4976; x_wconf 87' lang='lat' dir='ltr'><strong>subjecit</strong></span> <span class='ocrx_word' id='word_1_791' title='bbox 2503 4922 2625 4975; x_wconf 71' lang='lat' dir='ltr'><strong>quae</strong></span> <span class='ocrx_word' id='word_1_792' title='bbox 2653 4922 2777 4960; x_wconf 81' lang='lat' dir='ltr'><strong>mox</strong></span> <span class='ocrx_word' id='word_1_793' title='bbox 2819 4917 3153 4975; x_wconf 82' lang='lat' dir='ltr'><strong>sequuntur:</strong></span> <span class='ocrx_word' id='word_1_794' title='bbox 3190 4906 3287 4962; x_wconf 85' lang='lat' dir='ltr'><strong>Vel</strong></span> <span class='ocrx_word' id='word_1_795' title='bbox 3317 4910 3488 4975; x_wconf 90' lang='lat' dir='ltr'><strong>enim,</strong></span> 
     </span>
    </p>
   </div>
   <div class='ocr_carea' id='block_1_105' title="bbox 1911 4996 3490 5067">
    <p class='ocr_par' dir='ltr' id='par_1_105' title="bbox 1911 4996 3490 5067">
     <span class='ocr_line' id='line_1_105' title="bbox 1911 4996 3490 5067; baseline 0.004 -18"><span class='ocrx_word' id='word_1_796' title='bbox 1911 4996 2119 5066; x_wconf 83' lang='lat' dir='ltr'><strong>inquit,</strong></span> <span class='ocrx_word' id='word_1_797' title='bbox 2173 4997 2455 5051; x_wconf 86' lang='lat' dir='ltr'><strong>hominum</strong></span> <span class='ocrx_word' id='word_1_798' title='bbox 2497 4999 2592 5067; x_wconf 91' lang='lat' dir='ltr'><strong>qui</strong></span> <span class='ocrx_word' id='word_1_799' title='bbox 2630 4999 2683 5052; x_wconf 93' lang='lat' dir='ltr'><strong>in</strong></span> <span class='ocrx_word' id='word_1_800' title='bbox 2719 4999 3032 5053; x_wconf 84' lang='lat' dir='ltr'><strong>servitutem</strong></span> <span class='ocrx_word' id='word_1_801' title='bbox 3076 5000 3294 5055; x_wconf 84' lang='lat' dir='ltr'><strong>abducti</strong></span> <span class='ocrx_word' id='word_1_802' title='bbox 3327 5011 3490 5063; x_wconf 89' lang='lat' dir='ltr'><strong>sunt,</strong></span> 
     </span>
    </p>
   </div>
   <div class='ocr_carea' id='block_1_106' title="bbox 1910 5088 3490 5158">
    <p class='ocr_par' dir='ltr' id='par_1_106' title="bbox 1910 5088 3490 5158">
     <span class='ocr_line' id='line_1_106' title="bbox 1910 5088 3490 5158; baseline 0.006 -18"><span class='ocrx_word' id='word_1_803' title='bbox 1910 5088 2055 5158; x_wconf 91' lang='lat' dir='ltr'><strong>quod</strong></span> <span class='ocrx_word' id='word_1_804' title='bbox 2079 5099 2162 5144; x_wconf 88' lang='lat' dir='ltr'><strong>est</strong></span> <span class='ocrx_word' id='word_1_805' title='bbox 2185 5089 2472 5158; x_wconf 89' lang='lat' dir='ltr'><strong>pernicies,</strong></span> <span class='ocrx_word' id='word_1_806' title='bbox 2497 5090 2580 5144; x_wconf 87' lang='lat' dir='ltr'><strong>vel</strong></span> <span class='ocrx_word' id='word_1_807' title='bbox 2610 5090 3018 5144; x_wconf 86' lang='lat' dir='ltr'><strong>interfectorum</strong></span> <span class='ocrx_word' id='word_1_808' title='bbox 3036 5093 3319 5147; x_wconf 89' lang='lat' dir='ltr'><strong>hominum</strong></span> <span class='ocrx_word' id='word_1_809' title='bbox 3345 5093 3490 5150; x_wconf 80' lang='lat' dir='ltr'><strong>bona</strong></span> 
     </span>
    </p>
   </div>
   <div class='ocr_carea' id='block_1_107' title="bbox 1910 5178 3489 5254">
    <p class='ocr_par' dir='ltr' id='par_1_107' title="bbox 1910 5178 3489 5254">
     <span class='ocr_line' id='line_1_107' title="bbox 1910 5178 3489 5254; baseline 0.003 -21"><span class='ocrx_word' id='word_1_810' title='bbox 1910 5178 2205 5250; x_wconf 90' lang='lat' dir='ltr'><strong>diripiunt:</strong></span> <span class='ocrx_word' id='word_1_811' title='bbox 2245 5180 2374 5248; x_wconf 91' lang='lat' dir='ltr'><strong>quid</strong></span> <span class='ocrx_word' id='word_1_812' title='bbox 2409 5179 2556 5234; x_wconf 89' lang='lat' dir='ltr'><strong>aliud</strong></span> <span class='ocrx_word' id='word_1_813' title='bbox 2607 5181 2936 5251; x_wconf 85' lang='lat' dir='ltr'><strong>sperandum</strong></span> <span class='ocrx_word' id='word_1_814' title='bbox 2980 5191 3084 5248; x_wconf 89' lang='lat' dir='ltr'><strong>est,</strong></span> <span class='ocrx_word' id='word_1_815' title='bbox 3119 5185 3224 5238; x_wconf 90' lang='lat' dir='ltr'><strong>nisi</strong></span> <span class='ocrx_word' id='word_1_816' title='bbox 3266 5197 3489 5254; x_wconf 88' lang='lat' dir='ltr'><strong>prepter</strong></span> 
     </span>
    </p>
   </div>
   <div class='ocr_carea' id='block_1_108' title="bbox 1911 5271 3488 5342">
    <p class='ocr_par' dir='ltr' id='par_1_108' title="bbox 1911 5271 3488 5342">
     <span class='ocr_line' id='line_1_108' title="bbox 1911 5271 3488 5342; baseline 0.004 -18"><span class='ocrx_word' id='word_1_817' title='bbox 1911 5271 2214 5336; x_wconf 87' lang='lat' dir='ltr'><strong>avaritiam,</strong></span> <span class='ocrx_word' id='word_1_818' title='bbox 2244 5272 2345 5326; x_wconf 89' lang='lat' dir='ltr'><strong>sibi</strong></span> <span class='ocrx_word' id='word_1_819' title='bbox 2378 5272 2510 5342; x_wconf 78' lang='lat' dir='ltr'><strong>ipsis</strong></span> <span class='ocrx_word' id='word_1_820' title='bbox 2539 5286 2602 5325; x_wconf 87' lang='lat' dir='ltr'><strong>ac</strong></span> <span class='ocrx_word' id='word_1_821' title='bbox 2635 5273 2888 5326; x_wconf 86' lang='lat' dir='ltr'><strong>universo</strong></span> <span class='ocrx_word' id='word_1_822' title='bbox 2919 5274 3120 5342; x_wconf 91' lang='lat' dir='ltr'><strong>populo</strong></span> <span class='ocrx_word' id='word_1_823' title='bbox 3152 5275 3288 5330; x_wconf 88' lang='lat' dir='ltr'><strong>iram</strong></span> <span class='ocrx_word' id='word_1_824' title='bbox 3324 5291 3488 5330; x_wconf 88' lang='lat' dir='ltr'><strong>aecu-</strong></span> 
     </span>
    </p>
   </div>
   <div class='ocr_carea' id='block_1_109' title="bbox 1913 5363 3489 5434">
    <p class='ocr_par' dir='ltr' id='par_1_109' title="bbox 1913 5363 3489 5434">
     <span class='ocr_line' id='line_1_109' title="bbox 1913 5363 3489 5434; baseline 0.004 -17"><span class='ocrx_word' id='word_1_825' title='bbox 1913 5363 2149 5429; x_wconf 86' lang='lat' dir='ltr'><strong>rnulare,</strong></span> <span class='ocrx_word' id='word_1_826' title='bbox 2177 5364 2279 5418; x_wconf 92' lang='lat' dir='ltr'><strong>hoc</strong></span> <span class='ocrx_word' id='word_1_827' title='bbox 2298 5373 2400 5427; x_wconf 89' lang='lat' dir='ltr'><strong>est,</strong></span> <span class='ocrx_word' id='word_1_828' title='bbox 2429 5363 2530 5418; x_wconf 91' lang='lat' dir='ltr'><strong>sibi</strong></span> <span class='ocrx_word' id='word_1_829' title='bbox 2563 5365 2694 5433; x_wconf 91' lang='lat' dir='ltr'><strong>ipsis</strong></span> <span class='ocrx_word' id='word_1_830' title='bbox 2723 5375 2774 5419; x_wconf 90' lang='lat' dir='ltr'><strong>et</strong></span> <span class='ocrx_word' id='word_1_831' title='bbox 2804 5366 3002 5434; x_wconf 92' lang='lat' dir='ltr'><strong>populo</strong></span> <span class='ocrx_word' id='word_1_832' title='bbox 3026 5365 3120 5420; x_wconf 89' lang='lat' dir='ltr'><strong>Dei</strong></span> <span class='ocrx_word' id='word_1_833' title='bbox 3150 5367 3489 5423; x_wconf 77' lang='lat' dir='ltr'><strong>iracundiam</strong></span> 
     </span>
    </p>
   </div>
   <div class='ocr_carea' id='block_1_110' title="bbox 214 5457 3490 5533">
    <p class='ocr_par' dir='ltr' id='par_1_110' title="bbox 214 5457 3490 5533">
     <span class='ocr_line' id='line_1_110' title="bbox 214 5457 3490 5533; baseline 0.002 -22"><span class='ocrx_word' id='word_1_834' title='bbox 214 5457 562 5512; x_wconf 86' lang='lat' dir='ltr'><strong>conciliare?</strong></span> <span class='ocrx_word' id='word_1_835' title='bbox 605 5457 780 5528; x_wconf 89' lang='lat' dir='ltr'><strong>Atque</strong></span> <span class='ocrx_word' id='word_1_836' title='bbox 831 5461 1138 5531; x_wconf 81' lang='lat' dir='ltr'><strong>exemplum</strong></span> <span class='ocrx_word' id='word_1_837' title='bbox 1191 5476 1254 5515; x_wconf 82' lang='lat' dir='ltr'><strong>ex</strong></span> <span class='ocrx_word' id='word_1_838' title='bbox 1302 5459 1522 5530; x_wconf 91' lang='lat' dir='ltr'><strong>antiqua</strong></span> <span class='ocrx_word' id='word_1_839' title='bbox 1585 5460 1812 5514; x_wconf 88' lang='lat' dir='ltr'><strong>historia</strong></span> <span class='ocrx_word' id='word_1_840' title='bbox 1846 5457 2084 5522; x_wconf 89' lang='lat' dir='ltr'><strong>adducit,</strong></span> <span class='ocrx_word' id='word_1_841' title='bbox 2137 5459 2192 5513; x_wconf 90' lang='lat' dir='ltr'><strong>in</strong></span> <span class='ocrx_word' id='word_1_842' title='bbox 2223 5473 2334 5529; x_wconf 92' lang='lat' dir='ltr'><strong>quo</strong></span> <span class='ocrx_word' id='word_1_843' title='bbox 2369 5458 2440 5514; x_wconf 93' lang='lat' dir='ltr'><strong>ob</strong></span> <span class='ocrx_word' id='word_1_844' title='bbox 2470 5457 2634 5513; x_wconf 83' lang='lat' dir='ltr'><strong>unius</strong></span> <span class='ocrx_word' id='word_1_845' title='bbox 2656 5469 2935 5528; x_wconf 85' lang='lat' dir='ltr'><strong>peccatum</strong></span> <span class='ocrx_word' id='word_1_846' title='bbox 2993 5461 3178 5531; x_wconf 86' lang='lat' dir='ltr'><strong>plures</strong></span> <span class='ocrx_word' id='word_1_847' title='bbox 3220 5461 3490 5533; x_wconf 84' lang='lat' dir='ltr'><strong>supplicio</strong></span> 
     </span>
    </p>
   </div>
   <div class='ocr_carea' id='block_1_111' title="bbox 217 5550 584 5606">
    <p class='ocr_par' dir='ltr' id='par_1_111' title="bbox 217 5550 584 5606">
     <span class='ocr_line' id='line_1_111' title="bbox 217 5550 584 5606; baseline 0 0"><span class='ocrx_word' id='word_1_848' title='bbox 217 5550 410 5606; x_wconf 75' lang='lat' dir='ltr'><strong>affecti</strong></span> <span class='ocrx_word' id='word_1_849' title='bbox 437 5561 584 5606; x_wconf 90' lang='lat' dir='ltr'><strong>sunt.</strong></span> 
     </span>
    </p>
   </div>
   <div class='ocr_carea' id='block_1_112' title="bbox 837 5643 1184 5704">
    <p class='ocr_par' dir='ltr' id='par_1_112' title="bbox 837 5643 1184 5704">
     <span class='ocr_line' id='line_1_112' title="bbox 837 5643 1184 5704; baseline -0.006 -7"><span class='ocrx_word' id='word_1_850' title='bbox 837 5643 1074 5697; x_wconf 83' lang='grc' dir='ltr'><strong>ΚΑΝΩΝ</strong></span> <span class='ocrx_word' id='word_1_851' title='bbox 1112 5643 1184 5704; x_wconf 80' lang='grc' dir='ltr'>Γ.</span> 
     </span>
    </p>
   </div>
   <div class='ocr_carea' id='block_1_113' title="bbox 303 5733 1809 5808">
    <p class='ocr_par' dir='ltr' id='par_1_113' title="bbox 303 5733 1809 5808">
     <span class='ocr_line' id='line_1_113' title="bbox 303 5733 1809 5808; baseline 0.001 -23"><span class='ocrx_word' id='word_1_852' title='bbox 303 5754 327 5786; x_wconf 74' lang='lat' dir='ltr'><strong>c</strong></span> <span class='ocrx_word' id='word_1_853' title='bbox 371 5735 486 5787; x_wconf 79' lang='grc' dir='ltr'><strong>Οὐκ</strong></span> <span class='ocrx_word' id='word_1_854' title='bbox 533 5734 639 5788; x_wconf 81' lang='grc' dir='ltr'>ἰδοὺ</span> <span class='ocrx_word' id='word_1_855' title='bbox 681 5735 854 5808; x_wconf 75' lang='grc' dir='ltr'>Ἀχαρ</span> <span class='ocrx_word' id='word_1_856' title='bbox 902 5735 930 5787; x_wconf 89' lang='grc' dir='ltr'>ὁ</span> <span class='ocrx_word' id='word_1_857' title='bbox 962 5735 1111 5806; x_wconf 82' lang='grc' dir='ltr'><strong>Ζαρᾶ</strong></span> <span class='ocrx_word' id='word_1_858' title='bbox 1148 5733 1493 5806; x_wconf 74' lang='grc' dir='ltr'>πλημμελείᾳ</span> <span class='ocrx_word' id='word_1_859' title='bbox 1528 5734 1809 5807; x_wconf 85' lang='grc' dir='ltr'>ἐπλημμέ-</span> 
     </span>
    </p>
   </div>
   <div class='ocr_carea' id='block_1_114' title="bbox 327 5824 654 5880">
    <p class='ocr_par' dir='ltr' id='par_1_114' title="bbox 327 5824 654 5880">
     <span class='ocr_line' id='line_1_114' title="bbox 327 5824 654 5880; baseline -0.003 0"><span class='ocrx_word' id='word_1_860' title='bbox 327 5827 368 5858; x_wconf 79' lang='grc'><strong>⁸¹</strong></span> <span class='ocrx_word' id='word_1_861' title='bbox 397 5824 514 5880; x_wconf 72' lang='lat' dir='ltr'><strong>Jos.</strong></span> <span class='ocrx_word' id='word_1_862' title='bbox 554 5842 654 5880; x_wconf 70' lang='grc' dir='ltr'>νη.</span> 
     </span>
    </p>
   </div>
   <div class='ocr_carea' id='block_1_115' title="bbox 2520 5637 2879 5696">
    <p class='ocr_par' dir='ltr' id='par_1_115' title="bbox 2520 5637 2879 5696">
     <span class='ocr_line' id='line_1_115' title="bbox 2520 5637 2879 5696; baseline 0.008 -3"><span class='ocrx_word' id='word_1_863' title='bbox 2520 5637 2748 5696; x_wconf 82' lang='lat' dir='ltr'><strong>CANON</strong></span> <span class='ocrx_word' id='word_1_864' title='bbox 2787 5639 2879 5696; x_wconf 85' lang='lat' dir='ltr'><strong>Ill.</strong></span> 
     </span>
    </p>
   </div>
   <div class='ocr_carea' id='block_1_116' title="bbox 1985 5731 3482 5804">
    <p class='ocr_par' dir='ltr' id='par_1_116' title="bbox 1985 5731 3482 5804">
     <span class='ocr_line' id='line_1_116' title="bbox 1985 5731 3482 5804; baseline 0.001 -17"><span class='ocrx_word' id='word_1_865' title='bbox 1985 5753 2004 5787; x_wconf 76' lang='grc' dir='ltr'><strong>ι</strong></span> <span class='ocrx_word' id='word_1_866' title='bbox 2041 5733 2237 5789; x_wconf 81' lang='lat' dir='ltr'><strong>Annon</strong></span> <span class='ocrx_word' id='word_1_867' title='bbox 2282 5747 2410 5790; x_wconf 79' lang='lat' dir='ltr'><strong>ecce</strong></span> <span class='ocrx_word' id='word_1_868' title='bbox 2459 5731 2638 5788; x_wconf 76' lang='lat' dir='ltr'><strong>Achar</strong></span> <span class='ocrx_word' id='word_1_869' title='bbox 2689 5731 2826 5789; x_wconf 84' lang='lat' dir='ltr'><strong>Zare</strong></span> <span class='ocrx_word' id='word_1_870' title='bbox 2868 5733 3075 5790; x_wconf 78' lang='lat' dir='ltr'><strong>ﬁlius“</strong></span> <span class='ocrx_word' id='word_1_871' title='bbox 3128 5733 3187 5790; x_wconf 90' lang='lat' dir='ltr'><strong>in</strong></span> <span class='ocrx_word' id='word_1_872' title='bbox 3233 5748 3299 5790; x_wconf 88' lang='lat' dir='ltr'><strong>eo</strong></span> <span class='ocrx_word' id='word_1_873' title='bbox 3337 5732 3482 5804; x_wconf 84' lang='lat' dir='ltr'><strong>quod</strong></span> 
     </span>
    </p>
   </div>
  </div>
