3876 6516
445 314 571 368 1031
1584 312 1643 368 S.
1678 313 2002 370 GREGORII
2043 314 2547 372 THAUMATURGI
3533 324 3670 377 H352

447 448 465 477 ι
504 425 807 480 dedicatum
855 431 989 487 erat,
1044 422 1291 491 peccavit
1334 430 1433 476 :et
1482 422 1535 475 in
1582 437 1798 477 omnem
1842 423 1978 477 lsrae

2168 423 2328 494 λησεν
2361 424 2468 477 ἀπὸ
2497 424 2591 477 τοῦ
2632 423 3001 495 ἀναθέματος,
3043 426 3138 480 καὶ
3185 426 3276 479 ἐπὶ
3324 430 3503 483 πᾶσαν
3546 447 3672 483 συν-

448 540 466 569 (
510 532 840 589 synagogam
891 516 970 570 ira
1019 516 1298 583 pervenit?
1341 508 1513 585 Atque
1552 516 1641 571 hic
1682 532 1823 571 unus
1856 517 1972 571 solu

2168 516 2387 586 ἀγωγὴν
2465 516 2679 587 Ἰσραὴλ
2713 518 2942 588 ἐγενήθη
2983 518 3221 589 ὴόργής
3279 520 3388 573 Καὶ
3432 515 3514 583 εἷς
3575 526 3673 593 μό-

448 632 465 660 ι
512 610 773 679 peccavit,
802 608 895 661 sed
934 622 1042 661 non
1074 607 1223 661 solus
1258 607 1311 659 in
1347 622 1449 661 suo
1479 616 1699 677 peccato
1728 617 1813 663 est
1854 624 1979 663 mor

2164 621 2252 667 νος
2281 598 2434 667 οὗτος
2461 606 2696 676 ἥμαρτε,
2729 607 2802 677 μὴ
2839 607 2997 675 μόνος
3021 606 3287 660 ἀπέθανεν
3317 608 3374 659 ὲν
3402 612 3468 681 τῇ
3493 611 3672 681 ἀμαρ-

449 723 466 753 ι
504 714 649 756 tuus.
701 698 870 753 Nobis
906 707 1086 752 autem
1136 699 1401 767 quidquid
1439 715 1545 753 non
1582 708 1865 765 nostrum,
1908 715 1980 754 set

2166 696 2258 767 τίᾳ
2298 695 2481 749 αὐτοῦ.
2542 696 2700 765 Ἡμῖν
2738 696 2795 748 δὲ
2843 698 2950 749 πᾶν
2980 697 3040 749 τὸ
3076 698 3149 769 μὴ
3186 700 3486 770 ἡμέτερον,
3532 699 3671 752 ἀλλα

447 812 466 843 ι
508 793 743 847 alienum
787 800 888 855 est,
924 793 1027 846 hoc
1070 800 1312 859 tempore
1354 792 1590 855 lucrum,
1638 790 1749 844 Deo
1786 790 1974 845 dedica

2168 789 2458 859 ἀλλότριον,
2492 788 2569 859 τῷ
2596 789 2769 860 καιρῷ
2793 789 2967 859 τούτῳ
3004 789 3211 861 κέρδος,
3245 791 3491 862 ἀνάθεμα
3520 809 3662 845 νενο-

446 905 463 935 ι
508 894 620 939 tum
656 899 777 940 esse
807 884 1224 937 existimandum
1264 892 1364 937 est.
1399 880 1530 935 Nam
1575 892 1627 936 et
1664 883 1752 937 ille
1781 882 1977 952 quiden

2171 883 2355 953 μίσθαι
2398 886 2675 955 προσήκει.
2723 884 2985 946 Κάκεῖνος
3039 885 3138 954 μὲν
3173 884 3280 955 γὰρ
3320 886 3347 937 6
3401 886 3575 955 Ἀχαρ
3604 886 3671 938 ἐκ

449 996 466 1027 ι
509 976 689 1030 Achar
730 990 796 1029 ex
840 974 1021 1044 praeda
1055 974 1283 1044 accepit,
1326 984 1379 1027 et
1420 974 1518 1043 ipsi
1550 990 1694 1028 nunc
1727 990 1792 1028 ex
1821 976 1980 1043 prazd:

2166 974 2266 1044 τῆς
2300 977 2573 1047 προνομῆς
2606 974 2791 1027 ἔλαϐε·
2830 976 2923 1027 καὶ
2954 974 3106 1027 αὐτοὶ
3136 973 3230 1027 νῦν
3261 977 3325 1027 ἐκ
3360 975 3668 1046 προνομῆς·

445 1087 463 1120 ι
505 1068 793 1137 accipiunt.
826 1067 902 1121 Ac
932 1066 1020 1121 ille
1036 1067 1278 1135 quidem,
1303 1082 1365 1121 ea
1395 1083 1515 1136 quae
1539 1076 1695 1121 erant
1722 1068 1959 1121 hostium

2163 1068 2410 1131 κάκεῖνος
2446 1068 2542 1138 μὲν
2571 1066 2640 1119 τὰ
2666 1067 2772 1120 τῶν
2814 1066 3111 1137 πολεμίων,
3147 1067 3194 1119 οἰ
3237 1065 3293 1118 δὲ
3331 1066 3425 1118 νῦν
3453 1066 3523 1119 τά
3560 1066 3670 1119 τῶν

445 1180 463 1209 ι
488 1161 581 1229 qui
598 1174 724 1213 vero
740 1173 885 1213 nunc
910 1166 1057 1217 sunt.
1076 1173 1139 1212 ea
1163 1174 1282 1227 quae
1298 1158 1976 1229 suntlratrum,pernicios«

1858 1160 2002 1215 cioso
2106 1178 2126 1211 ι
2166 1160 2429 1230 ἀδελφῶν,
2464 1160 2835 1232 κερδαίνοντες
2863 1160 3103 1232 ὀλέθριον
3132 1160 3337 1232 κέρδος.
3371 1178 3389 1211 ι

445 1269 464 1301 ι
504 1251 656 1304 lucro
684 1249 1111 1306 lucrifaciautes.
1149 1270 1166 1302 ι

508 1341 666 1397 Βλιε.
703 1343 837 1396 Cum
887 1342 1119 1397 dixisset
1149 1350 1368 1397 sanctus
1415 1358 1444 1396 a
1480 1342 1726 1397 lidelibus
1757 1343 1998 1397 abdicari

2172 1344 2362 1395 ΒΑΛΣ.
2412 1339 2593 1395 Εἰπὼν
2635 1343 2663 1395 6
2719 1341 2873 1410 ἆγιος
2919 1340 3389 1413 ἀποκηρύττεσθαι
3438 1342 3503 1393 ἐκ
3557 1341 3665 1393 τῶν

436 1449 530 1489 eos
559 1434 649 1503 qui
698 1434 917 1503 rapiunt
960 1452 1081 1505 qua:
1110 1437 1175 1489 ad
1208 1438 1453 1505 captivos
1501 1437 1790 1505 pertinent,
1831 1444 1884 1490 et
1929 1452 1967 1491 e:

2134 1437 2305 1489 πιστῶν
2352 1437 2478 1500 τοὺς
2528 1435 2879 1506 ἁρπάσαντας
2929 1436 2997 1489 τὰ
3037 1440 3148 1499 τοῖς
3188 1435 3665 1506 αἰχμαλωτισθείσι

436 1525 719 1580 barbarica
767 1526 947 1595 przeda
995 1528 1178 1581 relicta
1227 1526 1477 1592 fuerunt;
1509 1536 1564 1581 et
1591 1530 1733 1596 quod
1780 1536 1967 1598 propte

2135 1530 2437 1601 ιτφέροντα,
2483 1530 2573 1582 καὶ
2604 1528 2711 1581 ἀπὸ
2739 1529 2836 1599 τῆς
2881 1528 3218 1599 βαρϐαρικῆς
3245 1528 3535 1599 λεηλασίας
3568 1545 3666 1581 πε-

433 1633 529 1672 eos
552 1619 643 1687 qui
685 1618 765 1673 sic
805 1634 945 1687 stupe
974 1618 1109 1688 lapsi
1148 1628 1201 1673 et
1227 1619 1450 1673 minime
1483 1620 1718 1688 correpti
1755 1629 1904 1682 sunt,
1942 1619 1957 1672 i

2137 1621 2459 1690 ιλειφθέντα,
2505 1621 2599 1674 καὶ
2633 1621 2714 1673 ὅτι
2745 1620 2835 1672 διὰ
2872 1622 2996 1682 τοὺς
3028 1621 3169 1672 οὓτω
3206 1619 3463 1683 πολλάκις
3506 1621 3667 1673 πταίε-

436 1711 695 1779 p0pulum
726 1726 942 1780 quoque
971 1712 1049 1764 ira
1080 1711 1172 1764 Dei
1204 1712 1538 1766 aceumulata
1569 1714 1672 1777 sit;
1706 1712 1771 1766 ad
1802 1728 1967 1767 eorun

2132 1731 2293 1777 αντας
2338 1715 2430 1767 καὶ
2478 1713 2551 1784 μὴ
2600 1711 3006 1784 διορθωθέντας,
3059 1713 3151 1764 καὶ
3193 1714 3271 1775 εἰς
3323 1713 3413 1765 τὸν
3454 1713 3582 1765 λαὸν
3625 1717 3660 1785 ἡ

435 1775 905 1857 conﬁrmationem
961 1803 1171 1857 inducit
1211 1804 1390 1857 Achar
1437 1804 1718 1858 historiam
1755 1806 1809 1858 in
1855 1805 1966 1858 libri

2132 1804 2231 1875 ργὴ
2242 1804 2334 1856 τοῦ
2359 1804 2491 1857 Θεοῦ
2515 1803 2875 1874 ἐπισωρευθῇ,
2897 1802 3141 1873 ἐπιφέρει
3170 1804 3302 1875 πρὸς
3322 1806 3663 1875 κατασκευὴν

430 1888 559 1944 Jcsu
589 1888 731 1945 Nave
753 1892 1100 1961 descriptam.
1130 1891 1325 1946 Narrat
1346 1892 1487 1946 enim
1516 1895 1659 1962 quod
1690 1911 1811 1949 cum
1836 1894 1961 1950 Jesu

2129 1894 2296 1946 ούτων
2330 1894 2425 1965 τὴν
2455 1895 2513 1945 ἐν
2552 1896 2616 1963 τῇ
2666 1892 2833 1964 βίϐλῳ
2868 1890 2960 1943 τοῦ
3014 1892 3183 1962 Ἰησοῦ
3226 1894 3320 1946 τοῦ
3364 1894 3523 1963 Ναυῆ
3566 1911 3660 1961 γε-

434 1983 835 2051 pronuntiasset
863 1985 1045 2038 omnia
1082 1984 1190 2039 Deo
1223 2001 1344 2039 esse
1370 1986 1612 2041 dedicata
1642 1988 1837 2057 spolia,
1871 2005 1965 2058 qua

2129 1984 2418 2055 ’ραμμένην
2450 1984 2684 2054 ἱστορίαν
2707 1982 2831 2051 περὶ
2854 1979 2945 2033 τοῦ
2981 1982 3174 2053 Ἀχαρ.
3225 1984 3536 2053 Ἰττορείται
3556 1985 3660 2054 γὰρ

430 2088 494 2127 ex
525 2070 743 2127 Jericho
777 2085 931 2144 capta
964 2087 1165 2137 esseut.
1213 2077 1391 2130 Achar
1426 2087 1713 2146 postquam
1750 2082 1879 2136 urbs
1906 2079 1961 2136 Je

2129 2095 2168 2138 »ς
2194 2075 2287 2128 τοῦ
2324 2074 2494 2145 Ἰησοῦ
2518 2074 2978 2145 ἐπαγγειλαμένου
3007 2074 3395 2146 ἀνατεθειμένα
3426 2071 3660 2144 εἶναιτῷ

430 2163 584 2219 richo
618 2176 772 2233 capta
806 2177 967 2227 esset.
1003 2183 1164 2221 aurea
1198 2169 1379 2239 lingua
1409 2180 1461 2225 et
1489 2173 1668 2242 aliqua
1700 2184 1847 2228 veste
1874 2190 1961 2227 sur

2127 2167 2211 2237 νεῷ
2259 2166 2436 2220 πάντα
2482 2167 2551 2219 τὰ
2600 2168 2706 2220 ἀπὸ
2750 2167 2847 2237 τῆς
2903 2165 3247 2238 Ἱεριχοῦντος
3292 2166 3658 2238 σκυλευθησὸ-

431 2265 602 2326 repta,
637 2272 701 2311 ea
730 2256 922 2312 iul‘odit
954 2260 1008 2313 iu
1033 2276 1134 2314 suo
1169 2264 1420 2317 tentorio.
1457 2263 1595 2318 Cum
1634 2275 1813 2320 autem
1851 2266 1959 2321 Deu

2127 2278 2248 2322 ενα,
2295 2262 2323 2313 6
2359 2261 2533 2331 Ἀχαρ
2568 2259 2706 2329 μετὰ
2742 2259 2838 2330 τὴν
2885 2258 3081 2312 ἅλωσιν
3126 2259 3222 2330 τῆς
3256 2258 3461 2323 πόλεως
3501 2260 3658 2330 Ἱερι-

426 2358 711 2419 propterea
745 2353 1167 2418 succensuissct,
1200 2355 1251 2407 in
1287 2369 1351 2407 eo
1396 2356 1537 2410 bello
1572 2355 1825 2411 Israelita:
1859 2359 1957 2413 vicl

2127 2352 2330 2416 οῦντος,
2379 2351 2622 2419 γλῶτταν
2668 2351 2872 2421 χρυσῆν
2917 2352 3010 2403 καὶ
3041 2349 3266 2421 ὕφασμα
3300 2368 3352 2401 τι
3387 2350 3655 2421 ὑφελόμε-

426 2448 575 2493 sunt.
606 2439 744 2505 Quia
766 2450 945 2495 autem
978 2458 1083 2496 non
1116 2444 1401 2499 manifesta
1427 2455 1545 2499 erat
1578 2448 1667 2500 irae
1688 2448 1779 2501 Dei
1804 2464 1957 2502 causa

2127 2462 2197 2507 ος,
2250 2443 2555 2513 κατέχωσεν
2606 2442 2743 2494 αὐτά
2798 2443 2854 2493 ἐν
2892 2444 2956 2511 τῇ
3012 2445 3183 2512 σκηνῇ
3224 2441 3411 2495 αὑτοῦ.
3482 2442 3658 2511 Ὀργι-

428 2532 597 2587 missa
633 2541 717 2587 est
746 2548 887 2597 sors,
924 2542 978 2585 et
1010 2535 1206 2589 cecidit
1250 2552 1412 2606 super
1443 2536 1641 2592 Achar.
1680 2539 1770 2594 Ille
1810 2549 1959 2596 auter

2126 2536 2305 2599 Οέντος
2344 2535 2399 2587 δὲ
2448 2534 2540 2587 τοῦ
2592 2534 2725 2586 Θεοῦ
2775 2533 2861 2586 διὰ
2894 2534 3069 2598 τοῦτο,
3118 2532 3431 2603 ἡττήθησαν
3488 2534 3543 2585 ἐν
3583 2532 3656 2601 τῷ

428 2619 819 2691 interrogatus,
844 2620 1047 2676 l'urtum
1077 2624 1361 2680 confessus
1387 2635 1489 2690 est,
1525 2638 1577 2682 et
1607 2645 1726 2698 qua:
1744 2640 1957 2701 surrept

2123 2627 2308 2698 τολέμῳ
2353 2630 2399 2680 οἱ
2459 2626 2800 2697 Ἰσραηλῖται.
2850 2627 2967 2678 "Ott
3006 2625 3061 2677 δέ
3099 2624 3289 2694 ἄδηλος
3325 2621 3391 2694 ἦν
3422 2627 3457 2694 ὴ
3514 2625 3654 2677 αἰτία

426 2720 577 2777 sunt,
619 2713 874 2783 protulit;
929 2723 983 2769 et
1021 2716 1291 2785 lapidibus
1344 2719 1573 2775 obrutus
1624 2732 1707 2776 est
1751 2723 1862 2793 ipse
1888 2763 1902 2788 ,
1939 2739 1957 2777 ε

2121 2718 2186 2787 ἧς
2217 2716 2385 2788 ὀργῆς
2418 2716 2507 2773 τοῦ
2535 2716 2691 2778 Θεοῦ,
2723 2716 2911 2785 γέγονε
2945 2714 3163 2786 κλῆρος,
3199 2714 3292 2768 καὶ
3336 2714 3538 2767 ἔπεσεν
3568 2716 3652 2767 ἐπὶ

425 2817 617 2857 omnes
649 2804 753 2867 sui,
781 2815 834 2859 et
863 2806 1139 2873 animalia,
1167 2817 1223 2862 et
1248 2818 1356 2863 tota
1388 2810 1505 2879 ejus
1531 2813 1791 2881 supellex.
1820 2813 1884 2868 Et
1910 2814 1956 2869 di

2122 2809 2178 2860 ὸν
2212 2810 2404 2879 Ἃχαρ.
2437 2809 2718 2871 Κάκεῖνος,
2772 2807 3208 2878 ἀνακρινόμενος,
3250 2805 3570 2876 ὡμολόγησε
3596 2804 3653 2855 τὸ

423 2895 499 2947 cit
534 2911 547 2947 :
572 2893 712 2949 Ecce
741 2911 881 2951 unus
913 2899 1181 2966 peccavit,
1213 2908 1265 2953 et
1283 2916 1348 2954 ex
1377 2917 1443 2955 eo
1472 2903 1614 2971 quod
1649 2902 1758 2959 Deo
1776 2905 1954 2960 dedica

2118 2898 2309 2969 ιλέμμα
2340 2899 2433 2950 καὶ
2462 2898 2530 2951 τὰ
2561 2896 2835 2950 κλαπέντα
2868 2898 3233 2967 προσήνεγκε·
3272 2894 3368 2947 καὶ
3417 2894 3649 2948 ἐλιθοὸοο

422 2996 536 3040 tum
566 2996 668 3052 est,
699 2988 947 3055 sustulit;
977 2998 1031 3043 et
1060 3000 1281 3061 propter
1307 2993 1452 3047 illius
1495 3001 1799 3063 peccatum,
1830 2997 1953 3050 mul:

2117 2990 2225 3062 aer,
2270 2990 2430 3052 αὑτός
2465 3006 2523 3041 τε
2562 2988 2655 3042 καὶ
2696 2988 2896 3050 πάντες
2936 2987 2986 3039 οἱ
3036 2986 3165 3056 περὶ
3203 2984 3401 3049 αὐτὸν,
3450 2987 3545 3039 καὶ
3584 2986 3648 3039 τὰ

421 3078 699 3147 perierunt
727 3080 779 3133 in
805 3080 967 3144 bello,
1001 3095 1065 3134 ex
1094 3098 1363 3155 synagoga
1397 3101 1489 3139 seu
1532 3094 1673 3141 coetu
1716 3088 1952 3141 lsraelita

2115 3082 2223 3143 Ϊῶα,
2254 3083 2345 3135 καί⁵
2371 3083 2517 3134 πᾶσα
2558 3082 2590 3152 ἡ
2619 3081 2890 3153 ὑποσκευὴ
2924 3080 3106 3133 αὑτοῦ.
3148 3080 3253 3132 Καί
3288 3096 3480 3147 φησιν,
3525 3079 3646 3132 Ἰδοὺ

422 3186 545 3223 rum
575 3187 588 3223 :
620 3180 672 3226 et
702 3187 895 3226 rursus
928 3172 1061 3226 ultio
1092 3172 1229 3228 facta
1261 3187 1361 3239 est,
1385 3192 1489 3228 non
1519 3176 1571 3229 in
1604 3178 1755 3231 illum
1787 3178 1953 3232 solum

2119 3169 2166 3236 ἶς
2196 3174 2431 3243 ἥμαρτε,
2485 3172 2577 3225 καὶ
2624 3171 2869 3240 ὑφείλετο
2907 3169 3014 3222 ἀπὸ
3050 3168 3144 3222 τοῦ
3191 3167 3531 3237 ἀναθέματος
3576 3168 3650 3239 τῷ

421 3262 517 3316 sed
548 3265 600 3315 in
634 3277 825 3317 omnes
861 3278 1013 3318 suos.
1059 3263 1150 3318 Eis
1179 3276 1356 3319 autem
1402 3267 1495 3336 qui
1540 3265 1677 3321 forte
1704 3268 1952 3322 dixerant

2119 3264 2221 3335 νεῷ,
2256 3266 2345 3316 καὶ
2378 3264 2464 3317 διὰ
2501 3263 2597 3334 τὴν
2623 3261 2893 3334 ἁμαρτίαν
2931 3262 3136 3314 ἐκείνου
3171 3258 3454 3313 ἀπώλοντο
3496 3260 3552 3311 ἐν
3575 3259 3650 3329 τῷ

419 3368 541 3407 esse
570 3352 926 3407 diﬂ‘ereutiam
956 3371 1143 3409 eorum
1176 3372 1297 3426 qua:
1331 3356 1439 3411 Deo
1469 3358 1713 3413 dedicata
1747 3358 1950 3414 fueranl

2114 3354 2304 3425 πολέμῳ
2338 3354 2519 3407 πολλοὶ
2552 3356 2614 3406 ἐκ
2650 3354 2745 3423 τῆς
2775 3351 3094 3420 συναγωγῆς
3122 3348 3227 3401 τῶν
3269 3346 3645 3419 Ἰσραηλιτῶν·

419 3452 473 3496 et
502 3458 690 3497 eorum
722 3460 842 3514 quae
880 3445 944 3498 ad
979 3447 1217 3514 privatos
1257 3447 1469 3517 aliquos
1506 3449 1809 3517 pertinent,
1845 3452 1950 3504 resi

2115 3446 2177 3497 ιαὶ
2206 3444 2363 3506 αὖθις
2392 3445 2425 3514 ἡ
2454 3443 2725 3513 ἐκδίκησις
2754 3442 2973 3509 γέγονεν
2995 3440 3094 3492 οὐκ
3125 3440 3204 3501 είς
3229 3439 3436 3489 ἐκεῖνον
3472 3439 3646 3507 μόνον,

418 3537 511 3586 stit
538 3546 790 3600 sanctus;
817 3543 871 3588 et
895 3536 1131 3589 ostendit
1156 3538 1295 3591 hanc
1322 3540 1567 3607 rapinam
1596 3555 1718 3594 esse
1748 3540 1837 3594 illa
1862 3556 1949 3593 ava

2116 3536 2217 3588 ,λλὰ
2246 3536 2337 3588 καὶ
2363 3538 2441 3598 εἰς
2476 3535 2677 3596 πάντας
2717 3534 2839 3594 τοὺς
2874 3531 3102 3583 ἐκείνου.
3129 3527 3270 3600 Πρὸς
3307 3528 3365 3582 δὲ
3393 3528 3486 3581 τὸν
3523 3530 3647 3591 ἴσως

419 3624 542 3675 ritia
593 3624 914 3677 deteriorem
947 3643 959 3677 :
997 3632 1051 3676 et
1081 3626 1224 3694 quod
1258 3640 1322 3680 eo
1368 3636 1609 3695 tempore
1639 3644 1748 3697 quo
1792 3628 1950 3696 praad:

2117 3628 2303 3683 ἰπὸντα
2333 3624 2592 3696 διαφορὶν
2626 3621 2761 3676 εἶναι
2796 3622 2904 3675 τῶν
2948 3620 3379 3689 ἀνατεθειμένων
3412 3618 3494 3689 τῷ
3533 3619 3648 3688 Θεῷ

418 3713 488 3765 ab
515 3712 764 3768 hostibus
793 3724 1047 3784 aguntur,
1076 3730 1164 3771 res
1196 3717 1425 3771 fratrum
1460 3720 1681 3784 relictae,
1724 3728 1949 3789 tanquar

2113 3728 2178 3780 :al.
2210 3726 2317 3779 τῶν
2348 3724 2707 3794 διαφερόντων
2745 3722 3000 3785 ἰδιώταις,
3036 3720 3485 3774 ἁντικαθίσταται
3512 3723 3541 3774 6
3584 3724 3644 3773 ἇ-

418 3802 528 3859 Deo
555 3805 815 3860 dedicata:
850 3817 1170 3878 reputantur
1200 3827 1212 3863 :
1237 3818 1291 3863 et
1323 3810 1488 3880 quod,
1531 3812 1781 3880 quamvis
1804 3828 1949 3882 requa

2115 3837 2221 3885 ἰος,
2267 3819 2359 3872 καὶ¹
2394 3816 2786 3880 κατασκευάζει
2829 3814 3046 3885 χείρονα
3085 3813 3299 3882 ἐκείνης
3337 3812 3436 3881 τῆς
3492 3812 3646 3863 πλεο-

418 3897 622 3951 litatem
669 3898 933 3965 habeant,
965 3916 1087 3969 qum
1134 3901 1203 3955 ab
1234 3900 1417 3956 Achar
1455 3903 1665 3971 direpta
1701 3902 1887 3967 fuere,
1931 3919 1949 3958 ί

2116 3913 2260 3978 εξίας
2291 3908 2429 3965 εἶναι
2457 3911 2554 3980 τὴν
2584 3908 2861 3981 παροῦσαν
2881 3907 3161 3978 ἁρπαγήν
3191 3907 3274 3959 ὅτι
3300 3921 3360 3957 τε
3389 3904 3459 3957 τὰ
3494 3908 3551 3958 ἐν
3572 3904 3647 3974 τῷ

416 4005 537 4058 qua:
562 3990 630 4043 ab
661 3992 742 4043 eis
772 4001 920 4058 rapta
958 4001 1085 4045 sunt
1106 4031 1120 4056 ,
1157 4003 1438 4063 propterea
1485 3996 1627 4064 quod
1669 4004 1724 4049 et
1755 4005 1947 4065 utraqu

2120 4004 2257 4077 αιρῷ
2287 4005 2385 4074 τῆς
2424 4002 2711 4072 λεηλασίας
2742 4000 2849 4053 τῶν
2901 3999 3186 4071 βαρϐάρων
3234 3996 3646 4066 περιλειφθέντα

416 4100 481 4136 ex
536 4084 865 4153 prmdatione
930 4085 1012 4139 vel
1062 4087 1371 4155 captivitate
1448 4098 1762 4158 comparata
1823 4100 1947 4143 sunt

2114 4096 2379 4168 τράγματα
2436 4095 2543 4147 τῶν
2604 4093 2844 4161 ἀδελφῶν
2876 4134 2889 4157 ,
2972 4092 3047 4154 ὡς
3114 4090 3508 4160 ἀνατεθειμένα
3569 4090 3645 4159 τῷ

416 4188 606 4227 eorum
658 4184 840 4229 tamen
893 4176 1048 4245 culpa
1104 4177 1282 4247 major
1338 4187 1438 4233 est.
1484 4179 1663 4233 Achar
1708 4182 1851 4235 enim
1897 4197 1947 4234 re

2116 4189 2198 4258 ’εῴ
2230 4188 2528 4256 λογίζονται
2547 4204 2559 4216 ·
2599 4186 2690 4239 καὶ
2719 4187 2799 4237 ὅτι
2828 4186 2929 4238 κᾶν
2962 4184 3180 4254 ἰσότητα
3208 4182 3370 4253 ἔχωσι
3400 4182 3473 4235 τὰ
3497 4184 3647 4253 παρὰ

419 4266 653 4319 hostium
687 4267 949 4321 abstulit:
982 4270 1017 4321 ii
1048 4278 1227 4322 autem
1270 4285 1410 4339 quos
1447 4272 1603 4340 plura
1636 4271 1871 4325 habendi
1912 4272 1946 4325 li

2116 4282 2186 4334 ῶν
2234 4283 2409 4352 ’Λχαρ
2446 4278 2847 4348 ἀποσυληθέντα
2894 4278 2985 4330 καὶ
3022 4276 3090 4329 τὰ
3132 4276 3279 4345 παρὰ
3310 4274 3519 4327 τούτων
3550 4277 3647 4344 ἀρ·

417 4358 543 4412 hido
575 4375 719 4412 nunc
749 4359 966 4425 invasit,
1001 4360 1142 4414 bona
1177 4359 1403 4415 fratrum
1432 4372 1764 4432 rapuerunt;
1789 4379 1948 4417 eorum

2115 4373 2340 4441 ςαγέντα,
2367 4372 2453 4425 διὰ
2488 4370 2549 4423 τὸ
2581 4373 2644 4423 ἐκ
2680 4369 2955 4440 προνομῆς
2991 4370 3107 4439 ἦτοι
3147 4367 3524 4438 αἰχμαλωσίας
3555 4368 3646 4420 καὶ

416 4452 802 4515 calamitatem,
837 4453 1046 4505 lucrum
1090 4454 1455 4521 perniciosum
1490 4456 1614 4510 rati.
1653 4454 1793 4510 Nota
1841 4471 1947 4525 pra:

2115 4466 2362 4537 μφότερα
2410 4462 2890 4534 ἀποκερδανθῆναι,
2937 4461 3047 4514 ἀλλ’
3082 4462 3207 4531 ἡέκ
3255 4459 3458 4512 τούτων
3501 4460 3646 4511 αἰτία

416 4553 623 4597 sentem
663 4558 928 4597 canouem
977 4552 1194 4613 propter
1221 4561 1315 4600 eos
1350 4548 1443 4617 qui
1481 4564 1569 4602 res
1616 4548 1947 4605 Ecclesiaruu

2116 4553 2286 4617 ιείζων
2307 4552 2471 4604 ἐστίν.
2520 4550 2576 4603 '0
2601 4552 2697 4621 μὲν
2724 4551 2830 4620 γὰρ
2862 4552 3036 4621 Ἀχαρ
3064 4549 3171 4602 τῶν
3202 4549 3476 4619 πολεμίων
3499 4549 3647 4616 ὑφεί-

413 4644 469 4688 et
495 4634 952 4688 monasteriorum
984 4636 1222 4705 rapiunt,
1248 4647 1324 4703 et,
1356 4648 1413 4692 ut
1436 4640 1601 4695 semel
1631 4643 1829 4709 dicam,
1852 4660 1944 4714 pro

2116 4660 2232 4696 ετο⁸
2280 4644 2328 4696 oi
2375 4644 2431 4697 δὲ
2478 4643 2571 4697 νῦν
2618 4643 3101 4713 πλεονεκτήσαντες
3147 4642 3216 4693 τὰ
3250 4642 3359 4694 τῶν
3399 4640 3647 4710 ἀδελφῶν

415 4737 534 4795 pter
563 4741 658 4780 eos
688 4726 780 4795 qui
805 4741 925 4794 quae
963 4736 1089 4781 sunt
1120 4726 1231 4784 Deo
1259 4729 1527 4797 dedicata,
1564 4740 1822 4802 tanquam
1850 4751 1946 4804 pro

2122 4733 2346 4807 ρπαζον,
2380 4736 2477 4807 τὴν
2507 4734 2787 4806 συμφορὰν
2808 4734 3007 4787 τούτων
3028 4733 3213 4805 κέρδος
3246 4734 3486 4805 ὀλέθριον
3510 4736 3647 4804 im-

414 4818 531 4886 pria
566 4816 859 4872 vindicant.

2120 4828 2327 4899 άμενοι.
2359 4828 2669 4899 Σημείωσαι
2694 4825 2762 4879 τά
2783 4826 3021 4895 παρόντα
3040 4825 3125 4878 διὰ
3148 4826 3273 4888 τοὺς
3299 4826 3648 4896 ἁρπάζοντας

413 4914 480 4968 τὰ
523 4915 630 4969 τῶν
683 4916 1014 4986 Ἐκκλησιῶν
1064 4918 1156 4971 καὶ
1189 4920 1258 4971 τὰ
1304 4918 1411 4971 τῶν
1453 4922 1855 4994 μοναστηρίων,
1891 4925 1984 4978 καὶ
2008 4924 2193 4989 ἁπλῶς
2216 4924 2301 4978 διὰ
2315 4925 2438 4987 τοὺς
2464 4923 2788 4993 ίδιουμένους
2828 4921 3002 4974 πάντα
3042 4920 3109 4973 τὰ
3139 4920 3531 4991 ἀνατεθειμένα
3564 4920 3648 4990 τῷ

415 5005 550 5076 Θεῷ.

483 5095 683 5151 ZUNAR.
735 5098 1002 5167 Scriptum
1043 5101 1209 5154 estin
1254 5103 1395 5157 libro
1442 5102 1569 5157 Jcsu
1620 5101 1784 5169 Nave,
1826 5106 1972 5173 quod

2151 5102 2390 5154 ΖΩΝΛΡ.
2442 5101 2530 5153 Ἐν
2567 5104 2631 5171 τῇ
2676 5100 2841 5171 βίϐλῳ
2898 5098 3070 5169 Ἰησοῦ
3104 5098 3194 5152 τοῦ
3236 5099 3396 5170 Ναυῆ
3435 5100 3645 5172 γέγρα-

413 5206 536 5243 cutu
595 5192 868 5245 obsideret
909 5193 1071 5246 Jesus
1114 5193 1353 5259 Jericlio,
1397 5213 1734 5265 qmccuuque
1786 5197 1837 5251 in
1884 5198 1944 5251 ill.

2111 5211 2228 5255 παι,
2273 5194 2353 5245 ὅτι
2400 5193 2701 5264 πολιορκῶν
2746 5194 2775 5245 6
2828 5193 3031 5262 Ἰησοῦς
3070 5187 3224 5254 οὗτος
3262 5194 3359 5263 τὴν
3401 5193 3642 5263 Ἱεριχῶ,

412 5291 588 5346 erant,
621 5282 726 5335 Deo
760 5285 1002 5338 dedicata
1031 5288 1418 5353 pronuntiavit.
1455 5288 1767 5357 Expugnata
1792 5300 1943 5343 auten

2109 5287 2251 5339 πάντα
2282 5284 2349 5337 τὰ
2380 5287 2436 5336 ἐν
2474 5285 2607 5356 αὐτῇ
2644 5284 2888 5355 ἀνάθεμα
2932 5284 3291 5354 ἐπηγγείλατο
3330 5281 3465 5337 εἶναι
3497 5284 3640 5354 Θεῷ.

414 5374 566 5433 urbe,
607 5374 789 5426 Achar
824 5375 1038 5427 sublato
1080 5390 1212 5452 auro
1248 5391 1311 5428 ac
1352 5376 1584 5452 quodam
1616 5376 1931 5431 indumento

2112 5378 2417 5440 Εαλωκυίας
2442 5377 2497 5429 δέ
2522 5378 2620 5448 τῆς
2654 5377 2877 5439 πόλεως,
2910 5378 2938 5428 6
2973 5377 3169 5447 Ἀχαρ,
3209 5376 3409 5447 χρυσὸν
3449 5376 3546 5428 καί
3592 5392 3643 5426 τι

414 5462 501 5515 illa
523 5464 575 5515 in
604 5465 1061 5517 suolabernaculo
1077 5449 1475 5530 defodit.Quam
1495 5468 1563 5519 ob
1586 5482 1807 5520 causam
1832 5467 1945 5519 ἰτοιε

2114 5487 2301 5539 φασμα
2352 5468 2709 5539 ἀφελόμενος,
2744 5469 3047 5537 κατέχωσεν
3091 5467 3228 5520 αὐτά
3264 5469 3319 5518 ἐν
3350 5470 3417 5536 τῇ
3464 5469 3642 5535 σκηνῇ

414 5550 541 5613 Deo,
582 5554 705 5606 victi
740 5567 865 5607 sunt
908 5555 960 5607 iu
996 5555 1134 5607 bello
1165 5564 1289 5623 post
1333 5558 1445 5610 haec
1476 5554 1753 5619 lsraelitm,
1788 5557 1939 5611 multi

2110 5560 2261 5613 κὺτοῦ.
2310 5558 2676 5631 Ὀργισθέντος
2698 5559 2754 5611 δὲ
2786 5557 2877 5609 τοῦ
2909 5556 3041 5610 Θεοῦ
3070 5557 3155 5610 διὰ
3188 5556 3363 5619 τοῦτο,
3399 5558 3641 5627 ἡττήθη-

412 5659 518 5708 que
562 5645 821 5697 cecidere.
860 5644 1027 5700 Porro
1079 5662 1202 5700 cum
1240 5646 1437 5699 divinas
1480 5646 1772 5703 iracundia:
1805 5666 1943 5705 caus;

2114 5669 2175 5703 αν
2218 5651 2352 5721 μετὰ
2380 5650 2549 5702 ταῦτα
2578 5653 2636 5701 ἐν
2664 5650 2880 5720 πολέμῳ
2910 5651 2959 5701 οί
3006 5650 3354 5720 Ἰσραηλῖται,
3397 5647 3491 5701 καὶ
3513 5648 3644 5701 ἒπε-

411 5746 760 5806 quaereretur,
780 5738 963 5793 missis
991 5740 1227 5798 sortibus
1249 5739 1426 5795 Achar
1443 5750 1524 5795 est
1540 5741 1849 5814 designatus
1872 5761 1883 5795 :
1907 5758 1942 5796 at

2113 5760 2166 5795 οη)
2200 5742 2400 5795 πολλοί.
2446 5742 2781 5813 Ζητουμὲνου
2822 5743 2875 5794 δὲ
2905 5743 3076 5795 αἰτίου
3108 5743 3204 5812 τῆς
3242 5742 3335 5794 τοῦ
3366 5740 3499 5794 Θεοῦ
3548 5743 3644 5810 ὀρ-
