3876 6506
251 315 381 374 £033

1500 311 1840 370 EPISTOLA
1880 293 2252 368 CANONICA.

3336 315 3475 374 £053

246 437 360 508 γῆς,
375 437 404 489 ὁ
418 434 614 508 κλῆρος
629 435 720 489 ἐπὶ
741 434 834 488 τοῦ
854 436 1028 506 ’Λχαρ
1053 433 1211 488 ἔπεσε
1228 450 1242 464 ·
1263 433 1510 496 κάκεῖνος
1526 432 1803 504 ἀνακρινό-

1910 428 1958 483 is
1976 427 2275 498 quaestione
2290 425 2473 484 habita
2498 424 2702 482 furtum
2727 425 3012 484 confessus
3034 435 3140 496 est,
3164 444 3336 499 eaque
3357 446 3480 500 quae

245 547 401 602 μενος
449 529 762 601 ὡμολόγησε
827 530 889 582 τὸ
947 528 1168 601 κλέμμα
1187 568 1203 592 ,
1263 529 1360 582 καὶ
1410 527 1480 582 τὰ
1536 525 1809 580 κλαπέντα

243 622 604 693 προσήνεγκε’
639 622 733 675 καὶ
764 620 1109 691 ὲλιθοϐολήθη
1140 621 1302 683 αὐτὸς
1333 619 1427 673 καὶ
1454 620 1487 690 ή
1510 618 1646 690 γυνὴ
1666 658 1680 682 ,
1712 618 1809 671 καὶ

241 713 288 764 οἱ
327 711 510 774 παῖδες
557 711 745 775 αὐτοῦ,
777 713 873 765 καὶ
917 714 953 782 ἡ
997 711 1192 782 σκηνὴ,
1244 710 1338 763 καὶ
1389 707 1458 762 τὰ
1483 708 1616 773 ζῶα.
1677 706 1806 760 Ἰδοὺ

240 798 349 867 οὖν,
379 802 532 872 φησὶ,
573 797 654 866 εἷς
690 803 926 874 ἥμαρτε,
953 803 1047 856 καὶ
1079 800 1357 855 ἀπώλοντο
1386 801 1443 852 ὲν
1471 798 1550 870 τῷ
1584 798 1807 869 πολέμῳ

254 894 576 965 Ἰσραηλῖται
596 894 779 947 πολλοί
801 911 815 924 ο
845 894 895 947 οί
925 896 1118 947 ἐκεῖνοι
1145 893 1361 956 πάντες.
1394 887 1524 945 Εἶτα
1549 893 1642 944 καὶ
1663 891 1808 956 ἐξαί-

243 1003 321 1058 ρει
362 988 392 1039 ὁ
427 985 598 1057 μέγας
623 979 778 1049 οὗτος
809 985 998 1057 Πατὴρ
1029 985 1124 1056 τὴν
1165 985 1285 1038 τότε
1328 982 1636 1047 πλεονεξίαν
1657 999 1668 1012 ·
1712 983 1806 1034 καὶ

234 1077 451 1150 χείρονα
483 1075 620 1132 εἶναι
652 1078 1048 1143 κατασκευάζει
1089 1078 1359 1148 ἁμαρτίαν
1399 1076 1550 1148 παρά
1579 1076 1678 1146 τὴν
1709 1073 1804 1128 τοῦ

239 1171 430 1243 Ἀχαρ,
471 1171 774 1242 συγκρίνων
803 1170 989 1241 ἄμφω.
1038 1171 1147 1226 Καὶ
1173 1169 1282 1241 γὰρ
1312 1171 1342 1221 ὁ
1379 1169 1575 1240 Ἀχαρ,
1605 1169 1768 1238 φησὶν
1788 1204 1802 1230 ,

232 1262 296 1315 ὲκ
327 1263 607 1335 προνομῆς
643 1261 831 1316 ἐλαϐεν
863 1261 900 1316 ἃ.
926 1260 1193 1331 ὑφείλετο,
1221 1262 1315 1314 καὶ
1341 1254 1484 1315 οὗτοι
1516 1261 1715 1331 ὁμοίως
1741 1260 1805 1313 ἐκ

233 1357 536 1427 προνομῆς·
583 1355 695 1408 ἀλλ’
740 1355 947 1418 ἐκεῖνος
999 1355 1098 1426 μὲν
1130 1353 1198 1407 τὰ
1228 1353 1337 1407 τῶν
1373 1353 1649 1424 πολεμίων
1683 1352 1805 1406 ἐλα-

231 1448 340 1512 ϐεν,
369 1445 512 1504 οὗτοι
537 1449 594 1503 δὲ
623 1448 692 1502 τὰ
730 1450 837 1502 τῶν
865 1447 1105 1518 ἀδελφῶν
1126 1464 1138 1478 ⁸
1180 1449 1318 1520 ὅπερ
1351 1448 1531 1518 μεῖζον
1567 1447 1714 1500 ποιεῖ
1745 1447 1805 1499 τὸ

231 1541 417 1595 κακόν.
438 1537 571 1595 Εἶτα
593 1541 865 1613 ἐπιφέρει,
894 1539 967 1604 ῶς
989 1557 1148 1593 τινων
1176 1539 1438 1608 λεγόντων
1449 1539 1530 1592 ὅτι
1559 1538 1803 1609 Εὖρομεν

228 1630 399 1685 ταῦτα
419 1631 727 1703 ἐρριμμένα
752 1632 932 1701 τυχὸν,
957 1633 1030 1702 μή
1051 1647 1195 1694 τινος
1237 1629 1681 1700 ἀντιποιουμένου
1709 1629 1805 1682 αὑ-

226 1723 354 1788 τῶν,
372 1724 466 1777 καὶ
489 1725 609 1777 οὐδὲ
637 1724 855 1796 ᾔδειμεν
872 1725 1032 1777 τίνων
1049 1719 1208 1794 ἦσαν,
1243 1725 1336 1776 καὶ
1360 1723 1692 1792 ἀντιτίθησιν
1707 1723 1805 1776 αὐ-

1908 521 2124 579 furatus
2145 519 2325 574 fuerat
2349 519 2597 590 protulit,
2624 521 2849 590 ipseque
2873 537 2997 576 cum
3017 537 3186 576 uxore
3198 521 3480 591 etliberis,

1905 612 2136 682 ejusque
2161 612 2593 677 tabernaculum,
2623 621 2677 666 et
2709 613 2955 682 jumenta
2977 611 3248 683 lapidibus
3279 615 3480 670 obruta

1907 713 2056 759 sunt.
2074 703 2410 773 Eccejgitur,
2439 703 2635 773 inquit,
2654 719 2797 758 unus
2813 705 3075 773 peccavit,
3094 705 3480 776 perieruntquo

1906 795 1960 850 in
1989 795 2128 850 bello
2163 797 2418 850 Israelita:
2457 795 2636 858 multi,
2679 812 2743 849 ac
2790 796 2867 850 illi
2910 812 3120 852 omnes.
3169 797 3480 866 Amplilicat

1906 901 2072 956 porro
2091 888 2179 942 hic
2202 901 2430 957 magnus
2446 886 2608 942 Pater
2629 886 2776 942 illius
2805 888 3068 958 temporis
3089 887 3396 952 avaritiam,
3414 904 3479 944 ac

1905 987 2200 1050 utrumque
2229 993 2590 1049 comparans,
2633 980 2842 1035 crimen
2879 981 2983 1036 hoc
3023 981 3265 1051 gravius,
3310 995 3477 1050 quam

1905 1071 2050 1140 quod
2073 1071 2142 1124 ab
2162 1070 2339 1123 Achar
2367 1069 2666 1124 admissum
2691 1079 2774 1123 est
2807 1070 3164 1124 demonstrat.
3202 1067 3281 1122 Ex
3295 1069 3477 1138 praeda

1905 1161 2198 1232 siquidem,
2229 1161 2427 1231 inquit,
2444 1161 2627 1216 Achar
2651 1175 2714 1215 ea
2737 1161 2959 1216 sustulit
2976 1175 3098 1230 qua:
3114 1159 3328 1214 furatus
3357 1170 3439 1214 est
3457 1200 3474 1218 .

1906 1268 1970 1308 ac
2003 1252 2093 1308 isti
2126 1237 2326 1322 pariter
2356 1266 2424 1306 ex
2453 1253 2632 1322 praeda
2665 1270 2678 1305 :
2723 1261 2979 1306 czeterum
3009 1251 3098 1305 ille
3125 1265 3214 1304 res
3236 1250 3476 1304 hostium

1905 1345 2105 1415 rapuit,
2139 1345 2192 1397 hi
2231 1357 2362 1396 vero
2387 1341 2653 1409 fratrum;
2693 1343 2837 1412 quod
2868 1342 3089 1412 gravius
3128 1342 3331 1396 malum
3370 1341 3457 1396 ei]:

1905 1435 1998 1487 cit.
2033 1430 2202 1487 Infert
2228 1432 2443 1496 deinde,
2479 1432 2678 1502 quippe
2704 1433 3015 1488 dicentibus
3048 1433 3382 1501 quibusdam
3417 1450 3476 1488 so

1905 1525 2024 1578 haec
2065 1522 2339 1578 invenisse
2391 1521 2656 1591 projecta,
2690 1537 2817 1577 cum
2861 1538 3023 1578 nemo
3059 1524 3198 1578 forte
3235 1524 3325 1578 illa
3358 1524 3472 1598 sibi

1903 1623 2192 1680 assereret,
2237 1629 2415 1686 neque
2465 1629 2699 1684 quorum
2729 1624 2914 1670 essent
2955 1615 3204 1682 novisse;
3239 1631 3304 1670 ac
3343 1616 3477 1685 ipsis

1904 1723 2026 1777 qua:
2056 1707 2108 1760 in
2141 1707 2560 1763 Deuteronomio
2596 1716 2650 1762 et
2688 1705 2878 1761 Exodo
2923 1707 3194 1760 habentur
3226 1710 3474 1777 opponit,

225 1814 338 1876 τοῖς
347 1811 415 1865 τὰ
429 1810 523 1864 τοῦ
543 1793 704 1865 Δευτε
711 1793 957 1884 ρονομίου
972 1814 1062 1866 καὶ
1073 1793 1141 1866 τὰ
1152 1813 1249 1884 τῆς
1264 1813 1494 1879 Ἐξόδου·
1509 1813 1600 1866 καί
1616 1828 1776 1883 φησιν
1785 1827 1799 1842 ο

1910 1814 1968 1853 ac
2011 1799 2181 1867 dicit;
2225 1803 2306 1855 eis
2364 1801 2457 1870 qui
2505 1799 2775 1869 ejusmodi
2846 1798 3212 1868 loquebantur
3262 1799 3344 1853 sic
3402 1802 3477 1854 ait

227 1905 366 1977 πρὸς
386 1906 510 1969 τοὺς
532 1905 665 1973 (52⁸)
690 1905 1026 1974 λέγονταςτά
1053 1906 1318 1977 εἰρημένα
1345 1905 1509 1978 φησιν
1528 1907 1556 1959 ὁ
1586 1905 1797 1976 Πατήρ·

849 1998 1087 2051 ΚΑΝΩΝ
1127 2000 1160 2050 Δ
1180 2031 1198 2050 .

299 2105 319 2139 ι
362 2087 569 2160 Μηδεὶς
587 2087 906 2153 ἐξαπατάτω
933 2087 1314 2159 ἑαυτὸν,’μήτε
1339 2087 1414 2150 ὡς
1446 2085 1620 2157 εὑρών
1639 2103 1650 2116 ·
1679 2085 1800 2138 οὔτε

229 2198 249 2231 ι
282 2177 395 2252 γὰρ
419 2179 645 2252 εὑρόντα
673 2180 972 2252 κερδαίνειν
1006 2181 1203 2248 ἔξεστι.
1237 2181 1374 2251 Φησὶ
1402 2181 1509 2252 γάρ
1528 2181 1588 2233 τὸ
1612 2183 1803 2234 Δευτε-

229 2288 247 2320 ι
279 2270 551 2340 ρονὸμιονο
575 2270 694 2338 Μὴ,
714 2270 854 2324 ἰδὼν
882 2270 988 2323 τὸν
993 2273 1235 2340 μόσχον
1264 2269 1368 2324 τοῦ
1395 2269 1659 2338 ἀδελφοῦ
1685 2286 1801 2323 σου

227 2379 246 2410 ι
286 2360 391 2416 καί
439 2361 505 2414 τὸ
553 2363 849 2430 πρόϐατον
901 2361 1256 2430 πλανώμενα
1293 2361 1360 2414 ἐν
1412 2359 1485 2428 τῇ
1525 2358 1662 2425 ὀδῷ,
1694 2374 1800 2414 πε-

229 2468 248 2502 ι
272 2451 476 2520 ριϊδῃς
501 2452 674 2515 αὐτὰ,
693 2453 1047 2524 ἀποστροφῇ
1082 2453 1485 2521 ἀποστρέψεις
1523 2453 1675 2506 αὐτὰ
1720 2450 1802 2517 τῷ

229 2562 247 2596 ι
283 2543 530 2614 ἀδελφῷ
585 2559 724 2600 σου.
794 2546 930 2599 Ἐὰν
995 2545 1063 2598 δὲ
1121 2543 1208 2614 μὴ
1258 2543 1801 2615 ἐγγίξῃὸἀὸελφός
1868 2607 1876 2626 ⁵

229 2655 248 2687 ι
279 2651 402 2690 σου
458 2635 607 2704 πρὸς
674 2637 768 2703 σὲ,
817 2637 974 2706 μηδέ
1023 2637 1348 2691 ἐπίστασαι
1411 2635 1616 2700 αὐτὸν,
1660 2650 1804 2689 avr-

228 2746 248 2779 ι
282 2728 455 2795 άξεις
502 2727 674 2793 αὐτὰ,
705 2730 804 2783 καὶ
862 2730 1033 2784 ἔσται
1079 2729 1228 2798 μετὰ
1281 2728 1417 2794 σοῦ,
1457 2727 1569 2796 ἕως
1599 2727 1676 2782 ἂν
1703 2727 1804 2781 ἐκ·

229 2837 249 2870 ι
281 2817 514 2888 ζητήσῃ
561 2819 713 2874 αὐτὰ
759 2824 791 2874 ὀ
825 2820 1087 2889 ἀδελφός
1128 2835 1268 2887 σου,
1317 2821 1415 2874 καὶ
1464 2817 1801 2884 ἀποδώσεις

228 2929 248 2963 ι
283 2911 462 2966 αὐτά.
500 2913 610 2966 Καὶ
647 2912 799 2965 οὕτω
839 2912 1108 2978 ποιήσεις
1131 2913 1238 2965 τὸν
1279 2913 1424 2965 ὄνον
1446 2911 1670 2976 αὐτοῦ,
1700 2911 1800 2965 και

228 3021 250 3055 ι
278 3003 436 3058 οὕτω
459 3002 733 3069 ποιήσεις
753 3002 819 3056 τὸ
841 3002 1073 3072 Ιμάτιον
1092 3003 1298 3066 αὐτοῦ,
1322 3004 1422 3057 καὶ
1448 3004 1601 3057 οὕτω
1635 3003 1802 3071 ποιή-

1902 1889 2063 1944 Pater
2084 1909 2097 1946 ς

2506 1978 2735 2037 CANON
2775 1978 2866 2034 1V.

1979 2098 1998 2132 ι
2040 2078 2210 2132 Nemo
2258 2077 2498 2146 seipsum
2527 2077 2779 2138 sedueat,
2807 2087 2984 2143 neque
3013 2080 3274 2143 tanquam
3317 2071 3476 2126 inve-

1910 2189 1930 2223 ι
1965 2172 2142 2227 nerit:
2175 2186 2348 2240 neque
2381 2169 2526 2224 enim
2553 2166 2638 2222 fas
2667 2175 2752 2221 est
2789 2167 2838 2219 ei
2869 2165 2962 2236 qui
3005 2166 3212 2220 invenit
3245 2163 3476 2221 lucrifa-

1909 2281 1928 2314 ι
1961 2277 2103 2318 cere.
2157 2260 2300 2316 Dixit
2342 2261 2487 2315 enim
2526 2257 3011 2313 Deuteronomium
3060 2275 3073 2310 :
3125 2254 3242 2309 Viso
3287 2256 3475 2325 fratris

1911 2375 1929 2410 ι
1965 2357 2043 2409 tui
2067 2355 2252 2416 vitulo,
2270 2362 2320 2408 et
2343 2368 2432 2406 ore
2447 2362 2657 2406 errante
2674 2351 2728 2404 in
2755 2352 2868 2415 via,
2891 2367 2951 2404 ea
2970 2366 3031 2403 ne
3051 2348 3474 2418 despexeris,sed

1909 2468 1927 2502 ι
1961 2465 2021 2503 ea
2050 2447 2377 2501 restitutione
2418 2444 2665 2498 restitues
2693 2443 2852 2512 fratri
2881 2451 2991 2498 tuo.
3019 2441 3118 2499 Sin
3150 2453 3329 2494 autent
3361 2440 3476 2508 fru-

1909 2560 1928 2594 ι
1969 2551 2046 2595 ter
2072 2550 2192 2596 tuus
2215 2541 2283 2594 ad
2310 2551 2358 2594 te
2372 2556 2477 2595 non
2500 2538 2847 2610 approximet,
2873 2551 3032 2606 neque
3050 2535 3222 2604 ipsum
3247 2535 3472 2597 noveris,

1909 2652 1929 2686 s
1967 2649 2116 2705 coges
2163 2649 2226 2686 ea
2269 2642 2319 2686 et
2347 2636 2487 2701 apud
2528 2644 2574 2686 te
2613 2639 2788 2692 erunt,
2835 2629 2997 2682 donec
3041 2644 3104 2682 ea
3149 2629 3313 2697 frater
3353 2636 3474 2679 tuus

1909 2743 1928 2777 ι
1964 2725 2251 2796 ᾳιιιειίενὶι,
2277 2735 2326 2779 et
2357 2725 2538 2778 reddes
2567 2739 2664 2786 ea;
2692 2730 2742 2775 et
2767 2723 2843 2774 sic
2872 2720 3034 2790 facies
3065 2719 3130 2773 de
3156 2719 3270 2789 ejus
3301 2720 3476 2784 asino,

1910 2836 1928 2868 ι
1961 2829 2010 2872 et
2036 2819 2112 2874 sic
2143 2818 2306 2888 facies
2328 2818 2392 2871 de
2415 2817 2526 2883 ejus
2551 2826 2721 2879 veste;
2746 2825 2794 2868 et
2819 2815 2896 2868 sic
2922 2814 3086 2882 facies
3119 2823 3237 2882 post
3270 2827 3476 2866 omnem

1907 2928 1927 2962 ι
1965 2909 2308 2980 perditionem
2351 2908 2563 2977 fratris,
2611 2921 2931 2976 quaecunque
2973 2907 3074 2973 ipsi
3107 2905 3390 2974 perierint,
3423 2914 3475 2959 st

1907 3021 1928 3054 ι
1969 3013 2025 3056 ιιι
2049 3018 2112 3056 ea
2156 3002 2414 3055 inveneris
2436 3001 2500 3054 η.
2526 2996 2650 3053 Haec
2673 2997 3175 3052 Deuteronomium.
3197 2998 3254 3050 In
3288 2995 3475 3052 Exodo

227 3117 249 3151 ι
278 3113 416 3164 σεις
461 3097 610 3167 μετὰ
655 3095 864 3151 πᾶσαν
893 3097 1000 3165 (55)
1050 3094 1355 3150 ἀπώλειαν
1380 3097 1487 3151 τοῦ
1531 3096 1798 3165 ἀδελφοῦ

1910 3112 1928 3144 ι
1967 3101 2172 3156 autem,
2210 3105 2318 3145 non
2354 3090 2530 3146 solum
2569 3090 2614 3144 si
2643 3088 2769 3158 quis
2803 3103 2892 3142 res
2934 3087 3144 3152 fratris,
3181 3087 3274 3143 sed
3309 3089 3474 3143 etiam

226 3210 247 3243 ι
282 3205 426 3256 σου,
460 3188 576 3243 ὅσα
605 3188 681 3242 ἂν
724 3189 1025 3256 ἀπόληται
1059 3188 1196 3257 παρ’
1237 3188 1444 3254 αὐτοῦ,
1492 3188 1588 3242 καί
1633 3187 1802 3256 δειρή-

227 3302 247 3336 ι
279 3298 409 3352 om;
453 3282 621 3339 αὐτά.
677 3281 859 3334 Ταῦτα
904 3282 964 3334 τὸ
1008 3281 1448 3352 Δευτερονόμιον.
1511 3280 1596 3333 Ἑν
1641 3281 1694 3335 δὲ
1731 3283 1798 3350 τῇ

227 3395 246 3427 ι
297 3375 520 3445 Ἐξόδῳ,
554 3374 614 3427 οὐ
650 3375 808 3446 μόνον
855 3374 949 3426 ἐὰν
991 3373 1060 3426 τὰ
1105 3372 1198 3426 τοῦ
1243 3371 1470 3442 ἀδελφοῦ
1514 3389 1596 3435 τις
1629 3370 1798 3442 εὕρῃ,

227 3485 245 3516 ι
286 3465 429 3520 ἀλλά
454 3466 548 3519 καὶ
581 3463 800 3535 ἐχθροῦ,
845 3464 1238 3534 Ἀποστροφῇ,
1278 3471 1460 3534 φησὶν,
1512 3467 1726 3531 ἀποστγ
1745 3462 1802 3515 ἐ-

226 3577 246 3608 ι
286 3561 430 3627 graec
462 3557 613 3611 αὐτὰ
648 3559 734 3623 είς
763 3557 868 3609 τὸν
903 3558 1071 3610 οἶκον
1108 3556 1214 3611 τοῦ
1249 3557 1455 3625 κυρίου
1481 3554 1694 3609 αὐτῶν.
1738 3555 1800 3607 Ei

228 3670 247 3704 ι
279 3652 339 3707 δὲ
376 3651 436 3704 ὲν
466 3652 654 3722 εἰρήνῃ
687 3649 1054 3721 ρᾳθυμοῦντος
1093 3650 1186 3704 καὶ
1218 3649 1530 3720 τρυφῶντος
1569 3648 1662 3700 καὶ
1693 3647 1801 3700 τῶν

227 3765 246 3798 ι
289 3746 440 3800 ιδίων
471 3742 797 3816 ἀμελοῦντος
829 3742 1054 3811 ἀδελφοῦ
1085 3743 1117 3814 ἢ
1152 3740 1370 3813 ἐχθροῦ,
1415 3740 1674 3812 κερδᾶναι
1699 3740 1800 3792 οὐκ

229 3857 246 3888 ι
279 3838 513 3903 ἔξεστιν,
563 3836 712 3906 πόσῳ
746 3836 946 3906 μᾶλλον
973 3835 1360 3906 δυστυχοῦντος
1387 3835 1480 3886 καὶ
1509 3832 1800 3902 πολεμίους

229 3950 249 3983 ι
285 3930 606 4000 φεύγοντος,
653 3934 746 3982 καὶ
791 3927 931 3982 κατὰ
969 3928 1210 3999 ἀνάγκην
1249 3928 1316 3979 τὰ
1368 3926 1472 3978 ἴδια
1509 3924 1800 3994 ἐγκαταλι-

230 4041 251 4075 ι
287 4022 518 4096 πόντος;
545 4042 564 4073 ι
666 4051 668 4054 -

296 4115 502 4169 ΒΑΛΣ.
523 4114 681 4177 Εἰκὸς
706 4108 772 4184 ἦν
799 4114 970 4167 εἰπεῖν
991 4112 1142 4176 τινὰς
1160 4111 1242 4165 ὅτι
1259 4110 1368 4180 Οὐχ
1382 4109 1710 4182 ἡρπάσαμεν
1735 4107 1806 4162 τά

223 4209 333 4262 τῶν
353 4205 900 4277 αἰχμαλωτισθέντων
916 4204 1178 4272 ἀδελφῶν,
1197 4202 1308 4256 ἀλλ’
1323 4201 1552 4272 εὕρομεν
1562 4200 1698 4254 αὐτὰ
1715 4202 1804 4271 ιρ-

228 4300 493 4372 ριμμένα.
528 4300 622 4352 καὶ
653 4298 750 4350 οὐκ
777 4297 994 4367 ᾔδειμεν
1021 4295 1181 4348 τίνων
1201 4289 1360 4364 ἦσαν,
1392 4294 1486 4347 καὶ
1514 4292 1601 4346 διὰ
1647 4291 1805 4346 τοῦτο

224 4392 602 4446 ἁκαταιτίατοι
633 4387 980 4460 νομιζόμεθα.
1013 4387 1156 4457 Πρὸς
1195 4384 1326 4454 γοῦν
1353 4384 1574 4447 τούτους
1605 4383 1805 4436 ἀντιτί-

227 4484 389 4555 θησιν
418 4484 449 4535 ὁ
480 4483 630 4551 am;
659 4482 726 4534 τά
747 4480 841 4534 τοῦ
870 4479 1290 4550 Δευτερονομίου
1313 4477 1406 4530 καὶ
1429 4477 1497 4530 τὰ
1522 4477 1620 4546 τῆς
1662 4475 1805 4541 Ἐξό-

224 4579 338 4640 δου,
364 4577 459 4628 καί
503 4592 686 4644 φησιν,
729 4575 803 4633 ὡς
847 4573 948 4628 κᾶν
987 4572 1290 4642 ἐρριμμένα
1317 4573 1410 4624 καὶ¹
1435 4568 1803 4638 ἀνεπιμέλητα

228 4669 324 4722 καὶ
357 4671 417 4720 ἐν
448 4666 624 4737 καιρῷ
669 4681 890 4735 τοιουτῳ
921 4665 1128 4737 εὑρήσῃ
1158 4681 1240 4726 τις
1273 4661 1592 4733 πράγματα,
1637 4661 1802 4729 ἀγνοῇ

225 4763 285 4814 δὲ
321 4759 537 4814 καὶτὸν
565 4759 828 4827 δεσπότην
869 4756 1066 4818 αὐτῶν,
1099 4754 1216 4807 οὐδὲ
1259 4753 1430 4815 οὕτως
1481 4753 1803 4821 ἐκχωρεῖται

224 4849 487 4922 κερδᾶναι
516 4848 674 4901 αὑτά.
717 4847 991 4916 Χρεωστεί
1032 4845 1140 4914 γὰρ
1167 4842 1394 4912 φυλάξαι
1421 4840 1580 4903 αὐτὰ,
1610 4841 1712 4900 ἕως
1737 4839 1802 4890 ἂν

223 4948 252 4997 ὁ
285 4943 480 5014 κύριος
511 4941 687 4994 αὐτῶν
712 4939 823 5009 γνῷ
856 4941 949 4992 καὶ
977 4939 1186 5008 ζητήσῃ
1219 4936 1375 4989 αὐτὰ.
1402 4930 1533 4987 Εἶτα
1563 4946 1806 5002 προσεπ-

223 5039 354 5104 ἀγει
401 5035 503 5092 ὅτι,
539 5032 634 5086 ἐὰν
666 5032 805 5086 κατά
849 5031 950 5101 τὴν
995 5027 1293 5098 MurteaEx-qv
1349 5023 1667 5095 νομοθεσίαν
1705 5021 1805 5073 οὐκ

224 5126 410 5193 ἒξεστί
435 5144 541 5180 τινι
571 5123 828 5178 ἰδιοῦσθαι
849 5122 917 5176 τὰ
946 5121 1152 5192 ἑτέροις
1182 5119 1450 5190 ἀνήκοντα
1483 5114 1804 5185 πράγματα,

226 5220 334 5272 κάν
365 5217 511 5287 φίλοι
555 5209 688 5269 ὦσιν
727 5208 901 5276 οὗτοι,
934 5211 1035 5264 κᾶν
1069 5208 1272 5279 ἐχθροὶ,
1308 5207 1409 5258 κᾶν
1439 5201 1807 5270 ἁνεπιμέλητα

223 5304 356 5375 ὦσι,
387 5309 483 5364 καὶ
509 5306 682 5362 ταῦτα
707 5305 762 5358 ὲν
796 5300 972 5373 καιρῷ
1000 5301 1247 5370 εἰρήνης,
1276 5295 1410 5349 ἀλλά
1442 5290 1808 5359 ἀναγκάζεται

223 5403 608 5473 ἀποκαθιστᾷν
655 5399 796 5452 αὐτά
843 5397 979 5468 πρὸς
1011 5395 1135 5454 τοὺς
1167 5388 1426 5449 δεσπότας
1469 5383 1672 5436 τούτων
1712 5380 1805 5432 καὶ

223 5499 575 5573 τρυφᾷμντας,
605 5496 698 5548 καὶ
726 5490 859 5564 μηδὲ
893 5483 1384 5559 ἐπιστρεφομένους
1404 5478 1501 5550 τῆς
1526 5476 1634 5530 τῶν
1663 5473 1806 5528 ἰδίων

315 5643 361 5671 ¹²
393 5638 548 5692 Deut.
582 5649 715 5698 xxn,
752 5633 803 5697 1,
841 5631 896 5686 5.
973 5628 1016 5660 ’⁸
1049 5624 1222 5682 Exod.
1255 5636 1413 5688 xxm,
1442 5619 1492 5675 4.

1909 3204 1926 3235 ι
1965 3181 2170 3239 inimici
2223 3186 2511 3249 invenerit,
2559 3179 2931 3242 Restitutione,
2980 3179 3178 3250 inquit,
3228 3181 3474 3232 restitues

1910 3295 1929 3328 ι
1966 3278 2080 3346 ipsa
2114 3277 2294 3331 domui
2329 3274 2529 3329 domini
2577 3273 2812 3342 ipsorum
2841 3272 2906 3324 ¹³.
2949 3269 3007 3325 Si
3067 3279 3248 3325 autem
3300 3271 3369 3325 ab
3408 3285 3475 3326 eo

1906 3389 1923 3420 ι
1963 3369 2055 3438 qui
2103 3370 2158 3422 in
2197 3381 2330 3438 pace
2361 3367 2498 3422 etin
2537 3369 2648 3424 otio
2698 3367 2927 3423 delicate
2957 3365 3121 3418 vitam
3158 3364 3464 3435 transfigit,

1907 3480 1924 3513 ι
1961 3475 2060 3515 nec
2087 3459 2153 3514 de
2184 3458 2300 3514 suis
2320 3468 2404 3514 est
2435 3459 2722 3524 sollicitus,
2753 3458 2868 3514 sive
2897 3455 3066 3510 frater
3101 3456 3190 3518 sit,
3225 3455 3340 3510 sive
3366 3455 3471 3510 ini-

1908 3568 1927 3602 ι
1959 3551 2156 3615 micus,
2187 3563 2294 3604 non
2333 3547 2459 3604 licet
2487 3549 2718 3616 lucrari;
2750 3554 2956 3618 quanto
2986 3545 3161 3616 magis
3186 3545 3254 3599 ab
3283 3560 3348 3598 eo
3375 3547 3470 3614 qui

1908 3663 1926 3696 ι
1963 3644 2128 3699 rebus
2156 3643 2398 3697 adversis
2431 3641 2717 3712 premitur,
2762 3648 2816 3695 et
2847 3641 3040 3695 hostes.
3064 3639 3220 3710 fugit,
3267 3647 3323 3694 et
3371 3653 3476 3691 ne-

1909 3756 1930 3790 ι
1969 3735 2222 3792 cessitate
2250 3744 2472 3791 coactus
2497 3732 2716 3805 propria
2751 3730 3042 3802 relinquit?
3073 3749 3093 3782 ι

1976 4093 2136 4148 Βλιε.
2171 4090 2268 4146 Est
2313 4088 2606 4144 verisimile
2645 4086 2848 4141 dixisse
2878 4083 3092 4153 aliquos
3141 4096 3199 4137 se
3228 4094 3337 4134 non
3383 4095 3475 4132 ra—

1903 4190 2092 4259 puisse
2138 4201 2226 4240 t'es
2259 4182 2484 4236 fratrum
2535 4195 2760 4235 suorum
2804 4178 3142 4247 captivorum
3179 4193 3194 4230 :
3225 4173 3318 4230 sed
3350 4188 3476 4240 eas,

1906 4282 2240 4350 iuquiebant,
2267 4276 2524 4344 disjectas
2551 4274 2877 4337 invenimus,
2908 4285 3008 4326 nec
3055 4267 3366 4324 sciebamus
3380 4282 3478 4320 cu-

1902 4373 2122 4442 iusnam
2151 4378 2329 4431 erant,
2375 4380 2429 4422 et
2471 4375 2754 4436 propterea
2789 4363 2940 4416 nulla
2992 4362 3046 4414 in
3075 4375 3173 4414 nos
3205 4359 3351 4413 cadit
3394 4375 3479 4412 re-

1838 4499 1881 4552 ο
1911 4459 2220 4531 prehensio.
2254 4458 2530 4510 Adversus
2554 4469 2648 4508 eos
2675 4467 2804 4521 ergo
2828 4450 3053 4520 opponit
3085 4457 3308 4504 sanctus
3340 4446 3482 4499 Deu-

1912 4551 2277 4609 teronomium
2305 4558 2360 4603 et
2385 4545 2632 4600 Exodum
2661 4561 2675 4598 :
2708 4553 2762 4598 ct
2781 4543 2933 4607 dicit,
2969 4540 3112 4610 quod
3142 4538 3359 4593 etiamsi
3384 4537 3483 4590 ali-

1910 4645 2036 4716 quis
2066 4641 2322 4711 disjectas
2358 4636 2736 4708 neglectuique
2777 4632 2990 4687 habitas
3020 4647 3083 4684 eo
3110 4639 3352 4698 tempore
3395 4643 3484 4682 res

1909 4737 2197 4800 invenerit,
2233 4736 2474 4803 ipsarum
2510 4737 2689 4783 autem
2720 4726 3000 4781 dominum
3033 4720 3382 4792 ignoraverit,
3415 4735 3482 4771 ne

1909 4831 1990 4884 sic
2022 4827 2241 4897 quidem
2274 4840 2367 4882 cas
2398 4825 2597 4877 lucrari
2625 4818 2976 4890 permittitur.
3023 4813 3189 4867 Debet
3218 4811 3361 4866 enim
3389 4825 3484 4864 eas

1911 4938 2152 4986 servare,
2186 4922 2359 4976 donec
2385 4934 2572 4972 earum
2617 4914 2872 4970 dominus
2906 4912 3024 4964 illas
3069 4906 3385 4977 cognoverit
3431 4919 3484 4957 et

1910 5016 2206 5087 qutesierit.
2228 5013 2430 5066 Deinde
2460 5010 2639 5070 infert,
2673 5006 2819 5078 quod
2847 5005 2890 5059 si
2928 5004 3040 5070 lege
3075 4998 3312 5054 Mosaica
3350 4998 3482 5050 nulli
3515 5081 3518 5085 γ

1909 5109 2056 5173 licet,
2091 5120 2153 5160 ea
2187 5119 2308 5172 quae
2349 5105 2415 5156 ad
2447 5103 2582 5155 alios
2613 5099 2905 5168 pertinent,
2952 5103 3209 5161 tanquam
3247 5102 3345 5142 sua
3377 5087 3482 5140 sibi

1910 5199 2132 5268 propria
2181 5193 2476 5257 ascribere,
2509 5188 2621 5244 sive
2651 5188 2685 5240 ii
2728 5185 2836 5240 sint
2874 5182 3054 5244 amici,
3102 5179 3215 5234 sive
3248 5176 3478 5237 inimici,

1913 5264 2126 5342 etiamsi
2155 5293 2398 5352 tempore
2431 5280 2581 5350 pacis
2606 5273 2873 5347 neglectui
2907 5269 3086 5326 habita
3116 5268 3246 5327 sint.
3272 5264 3362 5320 sed
3387 5279 3483 5318 co-

1913 5379 2058 5448 gitur
2085 5391 2148 5430 ea
2177 5373 2415 5429 dominis
2444 5374 2686 5442 ipsorum
2713 5367 3012 5429 restituere,
3047 5357 3300 5430 quamvis
3321 5357 3483 5409 luxu-

1914 5447 2059 5526 riose
2090 5478 2142 5523 et
2185 5467 2415 5521 delicate
2447 5466 2654 5529 vivant,
2683 5473 2783 5515 nec
2817 5453 3070 5528 proprias
3121 5466 3207 5508 res
3239 5447 3482 5504 invenire

304 5755 449 5826 (52')
483 5752 836 5828 Καί-φησιν’
1052 5745 1226 5828 τούς..
1264 5740 1425 5826 Forte
1793 5751 1803 5786 :

1910 5732 1934 5782 .‘v.
1967 5727 2100 5800 πρὸς
2131 5729 2277 5790 τοὺς.
2312 5721 2590 5778 Lamp“
2608 5735 2727 5776 net.

306 5807 862 5894 iﬁﬁfmgza'nﬁcar.
902 5807 1064 5880 LXX,
1102 5807 1240 5868 κατὰ
1278 5813 1456 5865 πᾶσαν
1491 5807 1788 5861 ἀπώλειαν.

493 5920 764 5976 Ριῖιιθι.
805 5913 921 5970 (in.
960 5912 1038 5975 Χτ

3098 5877 3179 5938 83
