  <div class='ocr_page' id='page_1' title='image "/cluster/home/n/w/nwhite01/storage/ocr_20150623/10/hvd.32044019207620/525.png"; bbox 0 0 3876 6518; ppageno 0'>
   <div class='ocr_carea' id='block_1_1' title="bbox 362 312 499 368">
    <p class='ocr_par' dir='ltr' id='par_1_1' title="bbox 362 312 499 368">
     <span class='ocr_line' id='line_1_1' title="bbox 362 312 499 368; baseline 0 0"><span class='ocrx_word' id='word_1_1' title='bbox 362 312 499 368; x_wconf 75' lang='lat' dir='ltr'><strong>i035</strong></span> 
     </span>
    </p>
   </div>
   <div class='ocr_carea' id='block_1_2' title="bbox 1472 271 2459 374">
    <p class='ocr_par' dir='ltr' id='par_1_2' title="bbox 1472 271 2459 374">
     <span class='ocr_line' id='line_1_2' title="bbox 1472 271 2459 374; baseline 0.004 -7"><span class='ocrx_word' id='word_1_2' title='bbox 1472 311 1528 367; x_wconf 90' lang='lat' dir='ltr'><strong>s.</strong></span> <span class='ocrx_word' id='word_1_3' title='bbox 1572 271 1904 369; x_wconf 71' lang='lat' dir='ltr'><strong>unuuonn</strong></span> <span class='ocrx_word' id='word_1_4' title='bbox 1943 311 2459 374; x_wconf 69' lang='lat' dir='ltr'><strong>THAUMATURGI</strong></span> 
     </span>
    </p>
   </div>
   <div class='ocr_carea' id='block_1_3' title="bbox 3471 327 3609 384">
    <p class='ocr_par' dir='ltr' id='par_1_3' title="bbox 3471 327 3609 384">
     <span class='ocr_line' id='line_1_3' title="bbox 3471 327 3609 384; baseline 0 0"><span class='ocrx_word' id='word_1_5' title='bbox 3471 327 3496 384; x_wconf 73' lang='grc'><strong>1</strong></span> <span class='ocrx_word' id='word_1_6' title='bbox 3508 328 3609 384; x_wconf 69' lang='lat'><strong>035</strong></span> 
     </span>
    </p>
   </div>
   <div class='ocr_carea' id='block_1_4' title="bbox 360 429 1927 516">
    <p class='ocr_par' dir='ltr' id='par_1_4' title="bbox 360 429 1927 502">
     <span class='ocr_line' id='line_1_4' title="bbox 360 429 1927 502; baseline 0.001 -16"><span class='ocrx_word' id='word_1_7' title='bbox 360 439 555 487; x_wconf 86' lang='lat' dir='ltr'><strong>curent</strong></span> <span class='ocrx_word' id='word_1_8' title='bbox 585 449 598 486; x_wconf 90' lang='lat'><strong>:</strong></span> <span class='ocrx_word' id='word_1_9' title='bbox 629 438 836 502; x_wconf 77' lang='lat' dir='ltr'><strong>quanto</strong></span> <span class='ocrx_word' id='word_1_10' title='bbox 874 429 1050 500; x_wconf 83' lang='lat' dir='ltr'><strong>magis</strong></span> <span class='ocrx_word' id='word_1_11' title='bbox 1078 430 1240 487; x_wconf 80' lang='lat' dir='ltr'><strong>debet</strong></span> <span class='ocrx_word' id='word_1_12' title='bbox 1272 431 1319 486; x_wconf 90' lang='lat' dir='ltr'><strong>is</strong></span> <span class='ocrx_word' id='word_1_13' title='bbox 1347 432 1441 502; x_wconf 85' lang='lat' dir='ltr'><strong>qui</strong></span> <span class='ocrx_word' id='word_1_14' title='bbox 1480 447 1571 489; x_wconf 80' lang='lat' dir='ltr'><strong>res</strong></span> <span class='ocrx_word' id='word_1_15' title='bbox 1599 433 1804 489; x_wconf 83' lang='lat' dir='ltr'><strong>invenit</strong></span> <span class='ocrx_word' id='word_1_16' title='bbox 1828 432 1927 488; x_wconf 84' lang='lat' dir='ltr'><strong>l&#39;ra-</strong></span> 
     </span>
    </p>
   </div>
   <div class='ocr_carea' id='block_1_5' title="bbox 2030 429 3609 516">
    <p class='ocr_par' dir='ltr' id='par_1_5' title="bbox 2032 435 3609 516">
     <span class='ocr_line' id='line_1_5' title="bbox 2032 435 3609 516; baseline 0.007 -29"><span class='ocrx_word' id='word_1_17' title='bbox 2032 435 2326 508; x_wconf 80' lang='grc' dir='ltr'>εὐρέσεω-ς·</span> <span class='ocrx_word' id='word_1_18' title='bbox 2382 438 2534 508; x_wconf 85' lang='grc' dir='ltr'>πόσῳ</span> <span class='ocrx_word' id='word_1_19' title='bbox 2591 437 2788 510; x_wconf 75' lang='grc' dir='ltr'>μᾶλλον</span> <span class='ocrx_word' id='word_1_20' title='bbox 2841 441 3047 512; x_wconf 74' lang='grc' dir='ltr'>ὀφείλει</span> <span class='ocrx_word' id='word_1_21' title='bbox 3091 444 3121 495; x_wconf 87' lang='grc' dir='ltr'><strong>ό</strong></span> <span class='ocrx_word' id='word_1_22' title='bbox 3161 442 3337 516; x_wconf 75' lang='grc' dir='ltr'>εὑρὼν</span> <span class='ocrx_word' id='word_1_23' title='bbox 3378 443 3609 513; x_wconf 72' lang='grc' dir='ltr'>ἀδελφοῦ</span> 
     </span>
    </p>
   </div>
   <div class='ocr_carea' id='block_1_6' title="bbox 362 523 1942 594">
    <p class='ocr_par' dir='ltr' id='par_1_6' title="bbox 362 523 1942 594">
     <span class='ocr_line' id='line_1_6' title="bbox 362 523 1942 594; baseline 0.002 -16"><span class='ocrx_word' id='word_1_24' title='bbox 362 525 463 579; x_wconf 82' lang='lat' dir='ltr'><strong>tris</strong></span> <span class='ocrx_word' id='word_1_25' title='bbox 493 523 720 579; x_wconf 89' lang='lat' dir='ltr'><strong>adversa</strong></span> <span class='ocrx_word' id='word_1_26' title='bbox 748 523 970 578; x_wconf 76' lang='lat' dir='ltr'><strong>fortuna</strong></span> <span class='ocrx_word' id='word_1_27' title='bbox 1006 523 1234 589; x_wconf 89' lang='lat' dir='ltr'><strong>utentis,</strong></span> <span class='ocrx_word' id='word_1_28' title='bbox 1268 532 1322 578; x_wconf 87' lang='lat' dir='ltr'><strong>et</strong></span> <span class='ocrx_word' id='word_1_29' title='bbox 1349 523 1405 578; x_wconf 89' lang='lat' dir='ltr'><strong>in</strong></span> <span class='ocrx_word' id='word_1_30' title='bbox 1435 525 1808 594; x_wconf 66' lang='lat' dir='ltr'><strong>captivitatem</strong></span> <span class='ocrx_word' id='word_1_31' title='bbox 1849 528 1942 581; x_wconf 89' lang='lat' dir='ltr'><strong>ab-</strong></span> 
     </span>
    </p>
   </div>
   <div class='ocr_carea' id='block_1_7' title="bbox 359 615 1937 694">
    <p class='ocr_par' dir='ltr' id='par_1_7' title="bbox 359 615 1937 694">
     <span class='ocr_line' id='line_1_7' title="bbox 359 615 1937 694; baseline 0 -20"><span class='ocrx_word' id='word_1_32' title='bbox 359 617 529 694; x_wconf 67' lang='lat' dir='ltr'><strong>ducti,</strong></span> <span class='ocrx_word' id='word_1_33' title='bbox 547 618 632 672; x_wconf 86' lang='lat' dir='ltr'><strong>vel</strong></span> <span class='ocrx_word' id='word_1_34' title='bbox 649 617 908 673; x_wconf 89' lang='lat' dir='ltr'><strong>barbaros</strong></span> <span class='ocrx_word' id='word_1_35' title='bbox 927 615 1207 688; x_wconf 81' lang='lat' dir='ltr'><strong>fugientis,</strong></span> <span class='ocrx_word' id='word_1_36' title='bbox 1235 627 1290 674; x_wconf 89' lang='lat' dir='ltr'><strong>et</strong></span> <span class='ocrx_word' id='word_1_37' title='bbox 1317 619 1409 689; x_wconf 90' lang='lat' dir='ltr'><strong>qui</strong></span> <span class='ocrx_word' id='word_1_38' title='bbox 1437 619 1490 673; x_wconf 92' lang='lat' dir='ltr'><strong>in</strong></span> <span class='ocrx_word' id='word_1_39' title='bbox 1523 629 1670 674; x_wconf 82' lang='lat' dir='ltr'><strong>tanta</strong></span> <span class='ocrx_word' id='word_1_40' title='bbox 1708 620 1937 675; x_wconf 90' lang='lat' dir='ltr'><strong>necessi-</strong></span> 
     </span>
    </p>
   </div>
   <div class='ocr_carea' id='block_1_8' title="bbox 359 710 1934 781">
    <p class='ocr_par' dir='ltr' id='par_1_8' title="bbox 359 710 1934 781">
     <span class='ocr_line' id='line_1_8' title="bbox 359 710 1934 781; baseline 0.001 -15"><span class='ocrx_word' id='word_1_41' title='bbox 359 719 470 766; x_wconf 83' lang='lat' dir='ltr'><strong>tate</strong></span> <span class='ocrx_word' id='word_1_42' title='bbox 491 726 590 765; x_wconf 84' lang='lat' dir='ltr'><strong>sua</strong></span> <span class='ocrx_word' id='word_1_43' title='bbox 609 710 850 780; x_wconf 86' lang='lat' dir='ltr'><strong>neglecta</strong></span> <span class='ocrx_word' id='word_1_44' title='bbox 875 710 1113 781; x_wconf 90' lang='lat' dir='ltr'><strong>reliquit,</strong></span> <span class='ocrx_word' id='word_1_45' title='bbox 1129 726 1224 766; x_wconf 83' lang='lat' dir='ltr'><strong>eas</strong></span> <span class='ocrx_word' id='word_1_46' title='bbox 1246 720 1355 765; x_wconf 88' lang='lat' dir='ltr'><strong>tam</strong></span> <span class='ocrx_word' id='word_1_47' title='bbox 1375 711 1711 768; x_wconf 82' lang='lat' dir='ltr'><strong>infortunato</strong></span> <span class='ocrx_word' id='word_1_48' title='bbox 1727 713 1934 768; x_wconf 88' lang='lat' dir='ltr'><strong>homini</strong></span> 
     </span>
    </p>
   </div>
   <div class='ocr_carea' id='block_1_9' title="bbox 358 802 1937 873">
    <p class='ocr_par' dir='ltr' id='par_1_9' title="bbox 358 802 1937 873">
     <span class='ocr_line' id='line_1_9' title="bbox 358 802 1937 873; baseline 0 -15"><span class='ocrx_word' id='word_1_49' title='bbox 358 803 682 858; x_wconf 81' lang='lat' dir='ltr'><strong>restituere?</strong></span> <span class='ocrx_word' id='word_1_50' title='bbox 707 802 886 873; x_wconf 87' lang='lat' dir='ltr'><strong>Atque</strong></span> <span class='ocrx_word' id='word_1_51' title='bbox 912 804 1027 857; x_wconf 62' lang='lat' dir='ltr'><strong>huic</strong></span> <span class='ocrx_word' id='word_1_52' title='bbox 1057 804 1274 873; x_wconf 89' lang='lat' dir='ltr'><strong>quidem</strong></span> <span class='ocrx_word' id='word_1_53' title='bbox 1303 815 1523 859; x_wconf 87' lang='lat' dir='ltr'><strong>sanctus</strong></span> <span class='ocrx_word' id='word_1_54' title='bbox 1550 804 1805 859; x_wconf 85' lang='lat' dir='ltr'><strong>describit</strong></span> <span class='ocrx_word' id='word_1_55' title='bbox 1834 821 1848 857; x_wconf 90' lang='lat'><strong>:</strong></span> <span class='ocrx_word' id='word_1_56' title='bbox 1883 815 1937 858; x_wconf 87' lang='lat' dir='ltr'><strong>et</strong></span> 
     </span>
    </p>
   </div>
   <div class='ocr_carea' id='block_1_10' title="bbox 355 895 1934 965">
    <p class='ocr_par' dir='ltr' id='par_1_10' title="bbox 355 895 1934 965">
     <span class='ocr_line' id='line_1_10' title="bbox 355 895 1934 965; baseline -0.001 -16"><span class='ocrx_word' id='word_1_57' title='bbox 355 898 513 951; x_wconf 88' lang='lat' dir='ltr'><strong>docet</strong></span> <span class='ocrx_word' id='word_1_58' title='bbox 534 895 788 964; x_wconf 86' lang='lat' dir='ltr'><strong>deinceps</strong></span> <span class='ocrx_word' id='word_1_59' title='bbox 802 897 1078 964; x_wconf 77' lang='lat' dir='ltr'><strong>quomodo</strong></span> <span class='ocrx_word' id='word_1_60' title='bbox 1091 895 1270 965; x_wconf 90' lang='lat' dir='ltr'><strong>puniri</strong></span> <span class='ocrx_word' id='word_1_61' title='bbox 1292 895 1541 960; x_wconf 84' lang='lat' dir='ltr'><strong>debeant,</strong></span> <span class='ocrx_word' id='word_1_62' title='bbox 1557 904 1611 950; x_wconf 89' lang='lat' dir='ltr'><strong>et</strong></span> <span class='ocrx_word' id='word_1_63' title='bbox 1631 895 1723 965; x_wconf 90' lang='lat' dir='ltr'><strong>qui</strong></span> <span class='ocrx_word' id='word_1_64' title='bbox 1740 911 1827 950; x_wconf 93' lang='lat' dir='ltr'><strong>res</strong></span> <span class='ocrx_word' id='word_1_65' title='bbox 1841 909 1934 949; x_wconf 84' lang='lat' dir='ltr'><strong>eas</strong></span> 
     </span>
    </p>
   </div>
   <div class='ocr_carea' id='block_1_11' title="bbox 358 986 1935 1056">
    <p class='ocr_par' dir='ltr' id='par_1_11' title="bbox 358 986 1935 1056">
     <span class='ocr_line' id='line_1_11' title="bbox 358 986 1935 1056; baseline 0 -17"><span class='ocrx_word' id='word_1_66' title='bbox 358 995 675 1056; x_wconf 79' lang='lat' dir='ltr'><strong>rapuerunt,</strong></span> <span class='ocrx_word' id='word_1_67' title='bbox 698 996 750 1040; x_wconf 92' lang='lat' dir='ltr'><strong>et</strong></span> <span class='ocrx_word' id='word_1_68' title='bbox 786 986 877 1055; x_wconf 88' lang='lat' dir='ltr'><strong>qui</strong></span> <span class='ocrx_word' id='word_1_69' title='bbox 899 1002 1007 1040; x_wconf 90' lang='lat' dir='ltr'><strong>non</strong></span> <span class='ocrx_word' id='word_1_70' title='bbox 1043 997 1358 1056; x_wconf 86' lang='lat' dir='ltr'><strong>rapuerunt,</strong></span> <span class='ocrx_word' id='word_1_71' title='bbox 1382 987 1473 1042; x_wconf 91' lang='lat' dir='ltr'><strong>sed</strong></span> <span class='ocrx_word' id='word_1_72' title='bbox 1511 987 1854 1051; x_wconf 87' lang='lat' dir='ltr'><strong>invenerunt,</strong></span> <span class='ocrx_word' id='word_1_73' title='bbox 1880 995 1935 1040; x_wconf 92' lang='lat' dir='ltr'><strong>et</strong></span> 
     </span>
    </p>
   </div>
   <div class='ocr_carea' id='block_1_12' title="bbox 359 1077 1932 1150">
    <p class='ocr_par' dir='ltr' id='par_1_12' title="bbox 359 1077 1932 1150">
     <span class='ocr_line' id='line_1_12' title="bbox 359 1077 1932 1150; baseline -0.002 -16"><span class='ocrx_word' id='word_1_74' title='bbox 359 1079 454 1150; x_wconf 91' lang='lat' dir='ltr'><strong>qui</strong></span> <span class='ocrx_word' id='word_1_75' title='bbox 484 1087 772 1148; x_wconf 81' lang='lat' dir='ltr'><strong>postquam</strong></span> <span class='ocrx_word' id='word_1_76' title='bbox 803 1077 1127 1134; x_wconf 89' lang='lat' dir='ltr'><strong>invenerunt</strong></span> <span class='ocrx_word' id='word_1_77' title='bbox 1161 1094 1255 1133; x_wconf 86' lang='lat' dir='ltr'><strong>eas</strong></span> <span class='ocrx_word' id='word_1_78' title='bbox 1279 1094 1386 1132; x_wconf 91' lang='lat' dir='ltr'><strong>non</strong></span> <span class='ocrx_word' id='word_1_79' title='bbox 1415 1079 1790 1133; x_wconf 76' lang='lat' dir='ltr'><strong>restituerunt.</strong></span> <span class='ocrx_word' id='word_1_80' title='bbox 1819 1077 1932 1131; x_wconf 77' lang='lat' dir='ltr'><strong>Lex</strong></span> 
     </span>
    </p>
   </div>
   <div class='ocr_carea' id='block_1_13' title="bbox 353 1169 1928 1239">
    <p class='ocr_par' dir='ltr' id='par_1_13' title="bbox 353 1169 1928 1239">
     <span class='ocr_line' id='line_1_13' title="bbox 353 1169 1928 1239; baseline -0.002 -14"><span class='ocrx_word' id='word_1_81' title='bbox 353 1180 538 1226; x_wconf 90' lang='lat' dir='ltr'><strong>autem</strong></span> <span class='ocrx_word' id='word_1_82' title='bbox 568 1170 746 1224; x_wconf 79' lang='lat' dir='ltr'><strong>civilis</strong></span> <span class='ocrx_word' id='word_1_83' title='bbox 785 1170 900 1224; x_wconf 58' lang='lat' dir='ltr'><strong>haec</strong></span> <span class='ocrx_word' id='word_1_84' title='bbox 931 1185 1192 1239; x_wconf 82' lang='lat' dir='ltr'><strong>expresse</strong></span> <span class='ocrx_word' id='word_1_85' title='bbox 1215 1170 1348 1224; x_wconf 88' lang='lat' dir='ltr'><strong>dicit</strong></span> <span class='ocrx_word' id='word_1_86' title='bbox 1391 1169 1444 1223; x_wconf 91' lang='lat' dir='ltr'><strong>in</strong></span> <span class='ocrx_word' id='word_1_87' title='bbox 1472 1169 1708 1224; x_wconf 89' lang='lat' dir='ltr'><strong>themate</strong></span> <span class='ocrx_word' id='word_1_88' title='bbox 1732 1170 1785 1232; x_wconf 82' lang='lat'><strong>5,</strong></span> <span class='ocrx_word' id='word_1_89' title='bbox 1808 1184 1928 1238; x_wconf 89' lang='lat' dir='ltr'><strong>cap.</strong></span> 
     </span>
    </p>
   </div>
   <div class='ocr_carea' id='block_1_14' title="bbox 351 1261 1930 1333">
    <p class='ocr_par' dir='ltr' id='par_1_14' title="bbox 351 1261 1930 1333">
     <span class='ocr_line' id='line_1_14' title="bbox 351 1261 1930 1333; baseline -0.002 -14"><span class='ocrx_word' id='word_1_90' title='bbox 351 1267 443 1331; x_wconf 77' lang='grc'><strong>45,</strong></span> <span class='ocrx_word' id='word_1_91' title='bbox 480 1265 562 1318; x_wconf 90' lang='lat' dir='ltr'><strong>tit.</strong></span> <span class='ocrx_word' id='word_1_92' title='bbox 598 1263 688 1330; x_wconf 76' lang='grc'><strong>12,</strong></span> <span class='ocrx_word' id='word_1_93' title='bbox 720 1263 818 1318; x_wconf 89' lang='lat' dir='ltr'><strong>lib.</strong></span> <span class='ocrx_word' id='word_1_94' title='bbox 849 1279 920 1317; x_wconf 71' lang='grc' dir='ltr'><strong>ιι</strong></span> <span class='ocrx_word' id='word_1_95' title='bbox 947 1278 960 1314; x_wconf 88' lang='lat'><strong>:</strong></span> <span class='ocrx_word' id='word_1_96' title='bbox 999 1261 1105 1329; x_wconf 87' lang='lat' dir='ltr'><strong>Qui</strong></span> <span class='ocrx_word' id='word_1_97' title='bbox 1133 1278 1246 1317; x_wconf 89' lang='lat' dir='ltr'><strong>rem</strong></span> <span class='ocrx_word' id='word_1_98' title='bbox 1280 1264 1513 1318; x_wconf 89' lang='lat' dir='ltr'><strong>alienam</strong></span> <span class='ocrx_word' id='word_1_99' title='bbox 1543 1263 1807 1333; x_wconf 83' lang='lat' dir='ltr'><strong>abjectnm</strong></span> <span class='ocrx_word' id='word_1_100' title='bbox 1836 1278 1930 1316; x_wconf 86' lang='lat' dir='ltr'><strong>ac-</strong></span> 
     </span>
    </p>
   </div>
   <div class='ocr_carea' id='block_1_15' title="bbox 352 1354 1928 1426">
    <p class='ocr_par' dir='ltr' id='par_1_15' title="bbox 352 1354 1928 1426">
     <span class='ocr_line' id='line_1_15' title="bbox 352 1354 1928 1426; baseline -0.001 -17"><span class='ocrx_word' id='word_1_101' title='bbox 352 1356 504 1425; x_wconf 88' lang='lat' dir='ltr'><strong>cipit,</strong></span> <span class='ocrx_word' id='word_1_102' title='bbox 549 1362 610 1409; x_wconf 92' lang='lat' dir='ltr'><strong>ut</strong></span> <span class='ocrx_word' id='word_1_103' title='bbox 648 1368 770 1408; x_wconf 89' lang='lat' dir='ltr'><strong>eam</strong></span> <span class='ocrx_word' id='word_1_104' title='bbox 810 1354 1073 1418; x_wconf 89' lang='lat' dir='ltr'><strong>lucretur,</strong></span> <span class='ocrx_word' id='word_1_105' title='bbox 1117 1355 1332 1409; x_wconf 80' lang='lat' dir='ltr'><strong>etiamsi</strong></span> <span class='ocrx_word' id='word_1_106' title='bbox 1377 1355 1592 1426; x_wconf 84' lang='lat' dir='ltr'><strong>ignorat</strong></span> <span class='ocrx_word' id='word_1_107' title='bbox 1621 1355 1780 1425; x_wconf 89' lang='lat' dir='ltr'><strong>cujus</strong></span> <span class='ocrx_word' id='word_1_108' title='bbox 1818 1354 1928 1419; x_wconf 91' lang='lat' dir='ltr'><strong>sit,</strong></span> 
     </span>
    </p>
   </div>
   <div class='ocr_carea' id='block_1_16' title="bbox 350 1445 1927 1504">
    <p class='ocr_par' dir='ltr' id='par_1_16' title="bbox 350 1445 1927 1504">
     <span class='ocr_line' id='line_1_16' title="bbox 350 1445 1927 1504; baseline -0.003 -2"><span class='ocrx_word' id='word_1_109' title='bbox 350 1458 435 1504; x_wconf 86' lang='lat' dir='ltr'><strong>cst</strong></span> <span class='ocrx_word' id='word_1_110' title='bbox 461 1447 591 1502; x_wconf 84' lang='lat' dir='ltr'><strong>furti</strong></span> <span class='ocrx_word' id='word_1_111' title='bbox 621 1446 822 1501; x_wconf 86' lang='lat' dir='ltr'><strong>actioni</strong></span> <span class='ocrx_word' id='word_1_112' title='bbox 858 1447 1129 1501; x_wconf 80' lang='lat' dir='ltr'><strong>obnoxius</strong></span> <span class='ocrx_word' id='word_1_113' title='bbox 1158 1465 1170 1500; x_wconf 90' lang='lat'><strong>:</strong></span> <span class='ocrx_word' id='word_1_114' title='bbox 1202 1447 1310 1502; x_wconf 88' lang='lat' dir='ltr'><strong>nisi</strong></span> <span class='ocrx_word' id='word_1_115' title='bbox 1340 1446 1482 1502; x_wconf 81' lang='lat' dir='ltr'><strong>forte</strong></span> <span class='ocrx_word' id='word_1_116' title='bbox 1517 1445 1772 1502; x_wconf 90' lang='lat' dir='ltr'><strong>dominus</strong></span> <span class='ocrx_word' id='word_1_117' title='bbox 1807 1461 1927 1500; x_wconf 88' lang='lat' dir='ltr'><strong>eam</strong></span> 
     </span>
    </p>
   </div>
   <div class='ocr_carea' id='block_1_17' title="bbox 352 1533 1929 1608">
    <p class='ocr_par' dir='ltr' id='par_1_17' title="bbox 352 1533 1929 1608">
     <span class='ocr_line' id='line_1_17' title="bbox 352 1533 1929 1608; baseline -0.002 -16"><span class='ocrx_word' id='word_1_118' title='bbox 352 1541 426 1592; x_wconf 90' lang='lat' dir='ltr'><strong>ita</strong></span> <span class='ocrx_word' id='word_1_119' title='bbox 456 1538 758 1608; x_wconf 83' lang='lat' dir='ltr'><strong>reliquerit,</strong></span> <span class='ocrx_word' id='word_1_120' title='bbox 790 1543 848 1590; x_wconf 93' lang='lat' dir='ltr'><strong>ut</strong></span> <span class='ocrx_word' id='word_1_121' title='bbox 882 1534 1042 1604; x_wconf 87' lang='lat' dir='ltr'><strong>cujus</strong></span> <span class='ocrx_word' id='word_1_122' title='bbox 1074 1536 1279 1590; x_wconf 83' lang='lat' dir='ltr'><strong>nullam</strong></span> <span class='ocrx_word' id='word_1_123' title='bbox 1323 1552 1514 1591; x_wconf 90' lang='lat' dir='ltr'><strong>curam</strong></span> <span class='ocrx_word' id='word_1_124' title='bbox 1558 1548 1728 1606; x_wconf 80' lang='lat' dir='ltr'><strong>gerat.</strong></span> <span class='ocrx_word' id='word_1_125' title='bbox 1775 1533 1929 1589; x_wconf 90' lang='lat' dir='ltr'><strong>Tunc</strong></span> 
     </span>
    </p>
   </div>
   <div class='ocr_carea' id='block_1_18' title="bbox 349 1627 1928 1698">
    <p class='ocr_par' dir='ltr' id='par_1_18' title="bbox 349 1627 1928 1698">
     <span class='ocr_line' id='line_1_18' title="bbox 349 1627 1928 1698; baseline -0.002 -13"><span class='ocrx_word' id='word_1_126' title='bbox 349 1632 494 1685; x_wconf 89' lang='lat' dir='ltr'><strong>enim</strong></span> <span class='ocrx_word' id='word_1_127' title='bbox 537 1630 749 1684; x_wconf 88' lang='lat' dir='ltr'><strong>etiamsi</strong></span> <span class='ocrx_word' id='word_1_128' title='bbox 775 1637 834 1683; x_wconf 93' lang='lat' dir='ltr'><strong>ut</strong></span> <span class='ocrx_word' id='word_1_129' title='bbox 865 1643 927 1682; x_wconf 88' lang='lat' dir='ltr'><strong>ea</strong></span> <span class='ocrx_word' id='word_1_130' title='bbox 968 1631 1156 1682; x_wconf 83' lang='lat' dir='ltr'><strong>lurans</strong></span> <span class='ocrx_word' id='word_1_131' title='bbox 1189 1629 1416 1698; x_wconf 89' lang='lat' dir='ltr'><strong>ceperit,</strong></span> <span class='ocrx_word' id='word_1_132' title='bbox 1460 1629 1720 1698; x_wconf 90' lang='lat' dir='ltr'><strong>quoniam</strong></span> <span class='ocrx_word' id='word_1_133' title='bbox 1756 1627 1928 1697; x_wconf 89' lang='lat' dir='ltr'><strong>ipsius</strong></span> 
     </span>
    </p>
   </div>
   <div class='ocr_carea' id='block_1_19' title="bbox 349 1716 1924 1785">
    <p class='ocr_par' dir='ltr' id='par_1_19' title="bbox 349 1716 1924 1785">
     <span class='ocr_line' id='line_1_19' title="bbox 349 1716 1924 1785; baseline -0.004 -8"><span class='ocrx_word' id='word_1_134' title='bbox 349 1737 472 1777; x_wconf 88' lang='lat' dir='ltr'><strong>esse</strong></span> <span class='ocrx_word' id='word_1_135' title='bbox 503 1720 686 1784; x_wconf 88' lang='lat' dir='ltr'><strong>desiit,</strong></span> <span class='ocrx_word' id='word_1_136' title='bbox 715 1718 844 1773; x_wconf 84' lang='lat' dir='ltr'><strong>furti</strong></span> <span class='ocrx_word' id='word_1_137' title='bbox 872 1734 978 1771; x_wconf 90' lang='lat' dir='ltr'><strong>non</strong></span> <span class='ocrx_word' id='word_1_138' title='bbox 1003 1727 1239 1773; x_wconf 87' lang='lat' dir='ltr'><strong>tenetur.</strong></span> <span class='ocrx_word' id='word_1_139' title='bbox 1273 1716 1392 1772; x_wconf 86' lang='lat' dir='ltr'><strong>Non</strong></span> <span class='ocrx_word' id='word_1_140' title='bbox 1421 1721 1567 1773; x_wconf 90' lang='lat' dir='ltr'><strong>enim</strong></span> <span class='ocrx_word' id='word_1_141' title='bbox 1601 1718 1660 1772; x_wconf 83' lang='lat' dir='ltr'><strong>ﬁt</strong></span> <span class='ocrx_word' id='word_1_142' title='bbox 1698 1717 1924 1785; x_wconf 80' lang='lat' dir='ltr'><strong>furtum,</strong></span> 
     </span>
    </p>
   </div>
   <div class='ocr_carea' id='block_1_20' title="bbox 350 1811 1928 1882">
    <p class='ocr_par' dir='ltr' id='par_1_20' title="bbox 350 1811 1928 1882">
     <span class='ocr_line' id='line_1_20' title="bbox 350 1811 1928 1882; baseline -0.002 -15"><span class='ocrx_word' id='word_1_143' title='bbox 350 1815 458 1869; x_wconf 88' lang='lat' dir='ltr'><strong>nisi</strong></span> <span class='ocrx_word' id='word_1_144' title='bbox 493 1814 566 1868; x_wconf 91' lang='lat' dir='ltr'><strong>sit</strong></span> <span class='ocrx_word' id='word_1_145' title='bbox 593 1813 684 1868; x_wconf 89' lang='lat' dir='ltr'><strong>cui</strong></span> <span class='ocrx_word' id='word_1_146' title='bbox 715 1811 920 1866; x_wconf 82' lang='lat' dir='ltr'><strong>furtum</strong></span> <span class='ocrx_word' id='word_1_147' title='bbox 963 1813 1076 1865; x_wconf 85' lang='lat' dir='ltr'><strong>ﬁat.</strong></span> <span class='ocrx_word' id='word_1_148' title='bbox 1121 1811 1178 1864; x_wconf 93' lang='lat' dir='ltr'><strong>Si</strong></span> <span class='ocrx_word' id='word_1_149' title='bbox 1208 1819 1388 1865; x_wconf 89' lang='lat' dir='ltr'><strong>autem</strong></span> <span class='ocrx_word' id='word_1_150' title='bbox 1420 1811 1564 1881; x_wconf 83' lang='lat' dir='ltr'><strong>quod</strong></span> <span class='ocrx_word' id='word_1_151' title='bbox 1592 1828 1694 1865; x_wconf 91' lang='lat' dir='ltr'><strong>non</strong></span> <span class='ocrx_word' id='word_1_152' title='bbox 1723 1823 1806 1866; x_wconf 90' lang='lat' dir='ltr'><strong>est</strong></span> <span class='ocrx_word' id='word_1_153' title='bbox 1830 1828 1928 1882; x_wconf 88' lang='lat' dir='ltr'><strong>pro</strong></span> 
     </span>
    </p>
   </div>
   <div class='ocr_carea' id='block_1_21' title="bbox 351 1899 1928 1970">
    <p class='ocr_par' dir='ltr' id='par_1_21' title="bbox 351 1899 1928 1970">
     <span class='ocr_line' id='line_1_21' title="bbox 351 1899 1928 1970; baseline -0.003 -12"><span class='ocrx_word' id='word_1_154' title='bbox 351 1904 612 1958; x_wconf 89' lang='lat' dir='ltr'><strong>derelicto</strong></span> <span class='ocrx_word' id='word_1_155' title='bbox 640 1902 912 1965; x_wconf 80' lang='lat' dir='ltr'><strong>habitum,</strong></span> <span class='ocrx_word' id='word_1_156' title='bbox 951 1916 1050 1970; x_wconf 90' lang='lat' dir='ltr'><strong>pro</strong></span> <span class='ocrx_word' id='word_1_157' title='bbox 1095 1899 1354 1954; x_wconf 86' lang='lat' dir='ltr'><strong>derelicto</strong></span> <span class='ocrx_word' id='word_1_158' title='bbox 1392 1916 1512 1956; x_wconf 79' lang='lat' dir='ltr'><strong>esse</strong></span> <span class='ocrx_word' id='word_1_159' title='bbox 1538 1900 1781 1954; x_wconf 90' lang='lat' dir='ltr'><strong>habitum</strong></span> <span class='ocrx_word' id='word_1_160' title='bbox 1809 1901 1928 1955; x_wconf 79' lang='lat' dir='ltr'><strong>exi-</strong></span> 
     </span>
    </p>
   </div>
   <div class='ocr_carea' id='block_1_22' title="bbox 353 1991 1928 2062">
    <p class='ocr_par' dir='ltr' id='par_1_22' title="bbox 353 1991 1928 2062">
     <span class='ocr_line' id='line_1_22' title="bbox 353 1991 1928 2062; baseline -0.006 -9"><span class='ocrx_word' id='word_1_161' title='bbox 353 1997 615 2062; x_wconf 88' lang='lat' dir='ltr'><strong>stimavit,</strong></span> <span class='ocrx_word' id='word_1_162' title='bbox 662 2009 772 2049; x_wconf 91' lang='lat' dir='ltr'><strong>non</strong></span> <span class='ocrx_word' id='word_1_163' title='bbox 819 2005 904 2050; x_wconf 88' lang='lat' dir='ltr'><strong>est</strong></span> <span class='ocrx_word' id='word_1_164' title='bbox 939 1994 1061 2060; x_wconf 81' lang='lat' dir='ltr'><strong>fur;</strong></span> <span class='ocrx_word' id='word_1_165' title='bbox 1097 1993 1346 2046; x_wconf 80' lang='lat' dir='ltr'><strong>siautem</strong></span> <span class='ocrx_word' id='word_1_166' title='bbox 1394 2006 1493 2045; x_wconf 89' lang='lat' dir='ltr'><strong>nec</strong></span> <span class='ocrx_word' id='word_1_167' title='bbox 1536 2006 1634 2061; x_wconf 89' lang='lat' dir='ltr'><strong>pro</strong></span> <span class='ocrx_word' id='word_1_168' title='bbox 1671 1991 1928 2046; x_wconf 89' lang='lat' dir='ltr'><strong>derelicto</strong></span> 
     </span>
    </p>
   </div>
   <div class='ocr_carea' id='block_1_23' title="bbox 351 2082 1924 2156">
    <p class='ocr_par' dir='ltr' id='par_1_23' title="bbox 351 2082 1924 2156">
     <span class='ocr_line' id='line_1_23' title="bbox 351 2082 1924 2156; baseline -0.004 -12"><span class='ocrx_word' id='word_1_169' title='bbox 351 2090 676 2155; x_wconf 88' lang='lat' dir='ltr'><strong>habebatur,</strong></span> <span class='ocrx_word' id='word_1_170' title='bbox 707 2102 808 2142; x_wconf 89' lang='lat' dir='ltr'><strong>nec</strong></span> <span class='ocrx_word' id='word_1_171' title='bbox 831 2101 930 2156; x_wconf 92' lang='lat' dir='ltr'><strong>pro</strong></span> <span class='ocrx_word' id='word_1_172' title='bbox 951 2084 1208 2140; x_wconf 90' lang='lat' dir='ltr'><strong>derelicto</strong></span> <span class='ocrx_word' id='word_1_173' title='bbox 1242 2082 1429 2137; x_wconf 89' lang='lat' dir='ltr'><strong>haberi</strong></span> <span class='ocrx_word' id='word_1_174' title='bbox 1460 2082 1810 2146; x_wconf 81' lang='lat' dir='ltr'><strong>existimavit,</strong></span> <span class='ocrx_word' id='word_1_175' title='bbox 1833 2098 1924 2138; x_wconf 89' lang='lat' dir='ltr'><strong>ac-</strong></span> 
     </span>
    </p>
   </div>
   <div class='ocr_carea' id='block_1_24' title="bbox 352 2171 1928 2251">
    <p class='ocr_par' dir='ltr' id='par_1_24' title="bbox 352 2171 1928 2251">
     <span class='ocr_line' id='line_1_24' title="bbox 352 2171 1928 2251; baseline -0.007 -16"><span class='ocrx_word' id='word_1_176' title='bbox 352 2179 494 2251; x_wconf 91' lang='lat' dir='ltr'><strong>cepit</strong></span> <span class='ocrx_word' id='word_1_177' title='bbox 519 2186 702 2234; x_wconf 88' lang='lat' dir='ltr'><strong>autem</strong></span> <span class='ocrx_word' id='word_1_178' title='bbox 756 2186 816 2230; x_wconf 91' lang='lat' dir='ltr'><strong>ut</strong></span> <span class='ocrx_word' id='word_1_179' title='bbox 858 2176 1083 2230; x_wconf 91' lang='lat' dir='ltr'><strong>domino</strong></span> <span class='ocrx_word' id='word_1_180' title='bbox 1132 2173 1355 2227; x_wconf 90' lang='lat' dir='ltr'><strong>invento</strong></span> <span class='ocrx_word' id='word_1_181' title='bbox 1406 2171 1674 2237; x_wconf 83' lang='lat' dir='ltr'><strong>redderet,</strong></span> <span class='ocrx_word' id='word_1_182' title='bbox 1715 2171 1928 2225; x_wconf 86' lang='lat' dir='ltr'><strong>actione</strong></span> 
     </span>
    </p>
   </div>
   <div class='ocr_carea' id='block_1_25' title="bbox 349 2263 1926 2334">
    <p class='ocr_par' dir='ltr' id='par_1_25' title="bbox 349 2263 1926 2334">
     <span class='ocr_line' id='line_1_25' title="bbox 349 2263 1926 2334; baseline -0.006 -10"><span class='ocrx_word' id='word_1_183' title='bbox 349 2270 480 2326; x_wconf 84' lang='lat' dir='ltr'><strong>furti</strong></span> <span class='ocrx_word' id='word_1_184' title='bbox 527 2285 636 2324; x_wconf 91' lang='lat' dir='ltr'><strong>non</strong></span> <span class='ocrx_word' id='word_1_185' title='bbox 681 2276 921 2333; x_wconf 85' lang='lat' dir='ltr'><strong>tenetur,</strong></span> <span class='ocrx_word' id='word_1_186' title='bbox 953 2265 1169 2321; x_wconf 90' lang='lat' dir='ltr'><strong>etiamsi</strong></span> <span class='ocrx_word' id='word_1_187' title='bbox 1211 2279 1312 2334; x_wconf 90' lang='lat' dir='ltr'><strong>pro</strong></span> <span class='ocrx_word' id='word_1_188' title='bbox 1349 2263 1662 2318; x_wconf 86' lang='lat' dir='ltr'><strong>inventione</strong></span> <span class='ocrx_word' id='word_1_189' title='bbox 1695 2264 1926 2333; x_wconf 87' lang='lat' dir='ltr'><strong>pretium</strong></span> 
     </span>
    </p>
   </div>
   <div class='ocr_carea' id='block_1_26' title="bbox 349 2353 1923 2432">
    <p class='ocr_par' dir='ltr' id='par_1_26' title="bbox 349 2353 1923 2432">
     <span class='ocr_line' id='line_1_26' title="bbox 349 2353 1923 2432; baseline -0.008 -13"><span class='ocrx_word' id='word_1_190' title='bbox 349 2361 640 2432; x_wconf 89' lang='lat' dir='ltr'><strong>acceperit.</strong></span> <span class='ocrx_word' id='word_1_191' title='bbox 661 2357 922 2412; x_wconf 89' lang='lat' dir='ltr'><strong>Similiter</strong></span> <span class='ocrx_word' id='word_1_192' title='bbox 940 2366 995 2410; x_wconf 92' lang='lat' dir='ltr'><strong>et</strong></span> <span class='ocrx_word' id='word_1_193' title='bbox 1015 2355 1077 2410; x_wconf 84' lang='lat'><strong>61</strong></span> <span class='ocrx_word' id='word_1_194' title='bbox 1108 2371 1254 2424; x_wconf 83' lang='lat' dir='ltr'><strong>cap.,</strong></span> <span class='ocrx_word' id='word_1_195' title='bbox 1275 2355 1308 2408; x_wconf 84' lang='lat'><strong>5</strong></span> <span class='ocrx_word' id='word_1_196' title='bbox 1329 2354 1435 2420; x_wconf 83' lang='lat' dir='ltr'><strong>tit.,</strong></span> <span class='ocrx_word' id='word_1_197' title='bbox 1453 2369 1484 2406; x_wconf 77' lang='grc' dir='ltr'><strong>ι</strong></span> <span class='ocrx_word' id='word_1_198' title='bbox 1506 2353 1602 2406; x_wconf 87' lang='lat' dir='ltr'><strong>lib.</strong></span> <span class='ocrx_word' id='word_1_199' title='bbox 1627 2353 1885 2408; x_wconf 89' lang='lat' dir='ltr'><strong>sichabet</strong></span> <span class='ocrx_word' id='word_1_200' title='bbox 1910 2371 1923 2406; x_wconf 92' lang='lat'>:</span> 
     </span>
    </p>
   </div>
   <div class='ocr_carea' id='block_1_27' title="bbox 350 2447 1927 2524">
    <p class='ocr_par' dir='ltr' id='par_1_27' title="bbox 350 2447 1927 2524">
     <span class='ocr_line' id='line_1_27' title="bbox 350 2447 1927 2524; baseline -0.008 -14"><span class='ocrx_word' id='word_1_201' title='bbox 350 2455 407 2510; x_wconf 94' lang='lat' dir='ltr'><strong>Si</strong></span> <span class='ocrx_word' id='word_1_202' title='bbox 447 2454 572 2524; x_wconf 90' lang='lat' dir='ltr'><strong>quis</strong></span> <span class='ocrx_word' id='word_1_203' title='bbox 597 2451 844 2506; x_wconf 87' lang='lat' dir='ltr'><strong>absentis</strong></span> <span class='ocrx_word' id='word_1_204' title='bbox 871 2465 986 2504; x_wconf 92' lang='lat' dir='ltr'><strong>rem</strong></span> <span class='ocrx_word' id='word_1_205' title='bbox 1018 2461 1301 2502; x_wconf 84' lang='lat' dir='ltr'><strong>vacantem</strong></span> <span class='ocrx_word' id='word_1_206' title='bbox 1334 2447 1688 2511; x_wconf 86' lang='lat' dir='ltr'><strong>detinuisset,</strong></span> <span class='ocrx_word' id='word_1_207' title='bbox 1716 2460 1823 2498; x_wconf 90' lang='lat' dir='ltr'><strong>non</strong></span> <span class='ocrx_word' id='word_1_208' title='bbox 1847 2452 1927 2498; x_wconf 83' lang='lat' dir='ltr'><strong>te-</strong></span> 
     </span>
    </p>
   </div>
   <div class='ocr_carea' id='block_1_28' title="bbox 348 2535 1921 2604">
    <p class='ocr_par' dir='ltr' id='par_1_28' title="bbox 348 2535 1921 2604">
     <span class='ocr_line' id='line_1_28' title="bbox 348 2535 1921 2604; baseline -0.008 -2"><span class='ocrx_word' id='word_1_209' title='bbox 348 2549 581 2602; x_wconf 85' lang='lat' dir='ltr'><strong>nebatur</strong></span> <span class='ocrx_word' id='word_1_210' title='bbox 623 2546 754 2601; x_wconf 90' lang='lat' dir='ltr'><strong>olim</strong></span> <span class='ocrx_word' id='word_1_211' title='bbox 806 2545 892 2598; x_wconf 87' lang='lat' dir='ltr'><strong>vel</strong></span> <span class='ocrx_word' id='word_1_212' title='bbox 947 2541 1237 2597; x_wconf 90' lang='lat' dir='ltr'><strong>interdicto</strong></span> <span class='ocrx_word' id='word_1_213' title='bbox 1287 2541 1356 2594; x_wconf 89' lang='lat' dir='ltr'><strong>de</strong></span> <span class='ocrx_word' id='word_1_214' title='bbox 1385 2540 1461 2604; x_wconf 89' lang='lat' dir='ltr'><strong>vi,</strong></span> <span class='ocrx_word' id='word_1_215' title='bbox 1497 2538 1581 2591; x_wconf 88' lang='lat' dir='ltr'><strong>vel</strong></span> <span class='ocrx_word' id='word_1_216' title='bbox 1615 2535 1921 2600; x_wconf 90' lang='lat' dir='ltr'><strong>interdicto,</strong></span> 
     </span>
    </p>
   </div>
   <div class='ocr_carea' id='block_1_29' title="bbox 349 2629 1925 2707">
    <p class='ocr_par' dir='ltr' id='par_1_29' title="bbox 349 2629 1925 2707">
     <span class='ocr_line' id='line_1_29' title="bbox 349 2629 1925 2707; baseline -0.008 -13"><span class='ocrx_word' id='word_1_217' title='bbox 349 2639 509 2707; x_wconf 89' lang='lat' dir='ltr'><strong>Quod</strong></span> <span class='ocrx_word' id='word_1_218' title='bbox 531 2639 582 2692; x_wconf 92' lang='lat' dir='ltr'><strong>vi</strong></span> <span class='ocrx_word' id='word_1_219' title='bbox 605 2646 702 2691; x_wconf 88' lang='lat' dir='ltr'><strong>aut</strong></span> <span class='ocrx_word' id='word_1_220' title='bbox 733 2636 900 2700; x_wconf 87' lang='lat' dir='ltr'><strong>clam,</strong></span> <span class='ocrx_word' id='word_1_221' title='bbox 934 2634 1043 2689; x_wconf 90' lang='lat' dir='ltr'><strong>nisi</strong></span> <span class='ocrx_word' id='word_1_222' title='bbox 1075 2632 1353 2702; x_wconf 86' lang='lat' dir='ltr'><strong>utiqucrci</strong></span> <span class='ocrx_word' id='word_1_223' title='bbox 1383 2629 1762 2690; x_wconf 87' lang='lat' dir='ltr'><strong>vindicatione,</strong></span> <span class='ocrx_word' id='word_1_224' title='bbox 1790 2643 1925 2698; x_wconf 90' lang='lat' dir='ltr'><strong>qua-</strong></span> 
     </span>
    </p>
   </div>
   <div class='ocr_carea' id='block_1_30' title="bbox 349 2719 1922 2790">
    <p class='ocr_par' dir='ltr' id='par_1_30' title="bbox 349 2719 1922 2790">
     <span class='ocr_line' id='line_1_30' title="bbox 349 2719 1922 2790; baseline -0.008 -8"><span class='ocrx_word' id='word_1_225' title='bbox 349 2739 510 2782; x_wconf 85' lang='lat' dir='ltr'><strong>tenus</strong></span> <span class='ocrx_word' id='word_1_226' title='bbox 536 2726 736 2780; x_wconf 88' lang='lat' dir='ltr'><strong>absens</strong></span> <span class='ocrx_word' id='word_1_227' title='bbox 767 2732 884 2777; x_wconf 87' lang='lat' dir='ltr'><strong>erat</strong></span> <span class='ocrx_word' id='word_1_228' title='bbox 909 2723 1186 2778; x_wconf 90' lang='lat' dir='ltr'><strong>dominus.</strong></span> <span class='ocrx_word' id='word_1_229' title='bbox 1231 2719 1341 2774; x_wconf 85' lang='lat' dir='ltr'><strong>Nos</strong></span> <span class='ocrx_word' id='word_1_230' title='bbox 1363 2735 1490 2790; x_wconf 87' lang='lat' dir='ltr'><strong>ergo</strong></span> <span class='ocrx_word' id='word_1_231' title='bbox 1517 2719 1769 2772; x_wconf 87' lang='lat' dir='ltr'><strong>volumus</strong></span> <span class='ocrx_word' id='word_1_232' title='bbox 1799 2732 1922 2771; x_wconf 91' lang='lat' dir='ltr'><strong>eum</strong></span> 
     </span>
    </p>
   </div>
   <div class='ocr_carea' id='block_1_31' title="bbox 349 2809 1920 2885">
    <p class='ocr_par' dir='ltr' id='par_1_31' title="bbox 349 2809 1920 2885">
     <span class='ocr_line' id='line_1_31' title="bbox 349 2809 1920 2885; baseline -0.004 -17"><span class='ocrx_word' id='word_1_233' title='bbox 349 2825 409 2870; x_wconf 90' lang='lat' dir='ltr'><strong>ut</strong></span> <span class='ocrx_word' id='word_1_234' title='bbox 435 2815 529 2885; x_wconf 87' lang='lat' dir='ltr'><strong>qui</strong></span> <span class='ocrx_word' id='word_1_235' title='bbox 555 2815 626 2868; x_wconf 89' lang='lat' dir='ltr'><strong>sit</strong></span> <span class='ocrx_word' id='word_1_236' title='bbox 649 2826 958 2882; x_wconf 90' lang='lat' dir='ltr'><strong>possessor,</strong></span> <span class='ocrx_word' id='word_1_237' title='bbox 985 2811 1222 2882; x_wconf 78' lang='lat' dir='ltr'><strong>generali</strong></span> <span class='ocrx_word' id='word_1_238' title='bbox 1249 2811 1316 2864; x_wconf 90' lang='lat' dir='ltr'><strong>de</strong></span> <span class='ocrx_word' id='word_1_239' title='bbox 1335 2811 1385 2862; x_wconf 79' lang='lat' dir='ltr'><strong>vi</strong></span> <span class='ocrx_word' id='word_1_240' title='bbox 1412 2809 1700 2863; x_wconf 88' lang='lat' dir='ltr'><strong>interdicto</strong></span> <span class='ocrx_word' id='word_1_241' title='bbox 1729 2810 1920 2862; x_wconf 89' lang='lat' dir='ltr'><strong>teneri.</strong></span> 
     </span>
    </p>
   </div>
   <div class='ocr_carea' id='block_1_32' title="bbox 349 2899 1924 2970">
    <p class='ocr_par' dir='ltr' id='par_1_32' title="bbox 349 2899 1924 2970">
     <span class='ocr_line' id='line_1_32' title="bbox 349 2899 1924 2970; baseline -0.004 -11"><span class='ocrx_word' id='word_1_242' title='bbox 349 2905 448 2961; x_wconf 82' lang='lat' dir='ltr'><strong>Est</strong></span> <span class='ocrx_word' id='word_1_243' title='bbox 473 2905 617 2959; x_wconf 90' lang='lat' dir='ltr'><strong>enim</strong></span> <span class='ocrx_word' id='word_1_244' title='bbox 642 2902 932 2956; x_wconf 88' lang='lat' dir='ltr'><strong>ridiculum</strong></span> <span class='ocrx_word' id='word_1_245' title='bbox 959 2901 1140 2955; x_wconf 83' lang='lat' dir='ltr'><strong>dicere</strong></span> <span class='ocrx_word' id='word_1_246' title='bbox 1168 2901 1313 2970; x_wconf 88' lang='lat' dir='ltr'><strong>quod</strong></span> <span class='ocrx_word' id='word_1_247' title='bbox 1341 2902 1620 2970; x_wconf 82' lang='lat' dir='ltr'><strong>preprium</strong></span> <span class='ocrx_word' id='word_1_248' title='bbox 1642 2899 1924 2954; x_wconf 74' lang='lat' dir='ltr'><strong>existinm-</strong></span> 
     </span>
    </p>
   </div>
   <div class='ocr_carea' id='block_1_33' title="bbox 349 2991 1923 3065">
    <p class='ocr_par' dir='ltr' id='par_1_33' title="bbox 349 2991 1923 3065">
     <span class='ocr_line' id='line_1_33' title="bbox 349 2991 1923 3065; baseline -0.006 -11"><span class='ocrx_word' id='word_1_249' title='bbox 349 3001 481 3055; x_wconf 89' lang='lat' dir='ltr'><strong>bant</strong></span> <span class='ocrx_word' id='word_1_250' title='bbox 524 2998 579 3052; x_wconf 89' lang='lat' dir='ltr'><strong>id</strong></span> <span class='ocrx_word' id='word_1_251' title='bbox 623 2996 767 3065; x_wconf 90' lang='lat' dir='ltr'><strong>quod</strong></span> <span class='ocrx_word' id='word_1_252' title='bbox 814 3004 899 3050; x_wconf 87' lang='lat' dir='ltr'><strong>est</strong></span> <span class='ocrx_word' id='word_1_253' title='bbox 943 2995 1180 3048; x_wconf 90' lang='lat' dir='ltr'><strong>alienum</strong></span> <span class='ocrx_word' id='word_1_254' title='bbox 1209 3011 1223 3046; x_wconf 88' lang='lat'><strong>:</strong></span> <span class='ocrx_word' id='word_1_255' title='bbox 1249 2993 1707 3062; x_wconf 81' lang='lat' dir='ltr'><strong>quemadmodum</strong></span> <span class='ocrx_word' id='word_1_256' title='bbox 1755 2999 1809 3046; x_wconf 92' lang='lat' dir='ltr'><strong>et</strong></span> <span class='ocrx_word' id='word_1_257' title='bbox 1857 2991 1923 3046; x_wconf 89' lang='lat' dir='ltr'><strong>de</strong></span> 
     </span>
    </p>
   </div>
   <div class='ocr_carea' id='block_1_34' title="bbox 350 3084 1924 3157">
    <p class='ocr_par' dir='ltr' id='par_1_34' title="bbox 350 3084 1924 3157">
     <span class='ocr_line' id='line_1_34' title="bbox 350 3084 1924 3157; baseline -0.006 -12"><span class='ocrx_word' id='word_1_258' title='bbox 350 3089 484 3145; x_wconf 77' lang='lat' dir='ltr'><strong>furti</strong></span> <span class='ocrx_word' id='word_1_259' title='bbox 514 3089 566 3142; x_wconf 93' lang='lat' dir='ltr'><strong>in</strong></span> <span class='ocrx_word' id='word_1_260' title='bbox 597 3088 823 3157; x_wconf 91' lang='lat' dir='ltr'><strong>duplum</strong></span> <span class='ocrx_word' id='word_1_261' title='bbox 865 3087 1078 3140; x_wconf 84' lang='lat' dir='ltr'><strong>actione</strong></span> <span class='ocrx_word' id='word_1_262' title='bbox 1121 3085 1380 3148; x_wconf 80' lang='lat' dir='ltr'><strong>diximus,</strong></span> <span class='ocrx_word' id='word_1_263' title='bbox 1426 3085 1572 3154; x_wconf 91' lang='lat' dir='ltr'><strong>quod</strong></span> <span class='ocrx_word' id='word_1_264' title='bbox 1611 3084 1703 3153; x_wconf 91' lang='lat' dir='ltr'><strong>qui</strong></span> <span class='ocrx_word' id='word_1_265' title='bbox 1731 3093 1924 3153; x_wconf 77' lang='lat' dir='ltr'><strong>praeter</strong></span> 
     </span>
    </p>
   </div>
   <div class='ocr_carea' id='block_1_35' title="bbox 350 3175 1920 3238">
    <p class='ocr_par' dir='ltr' id='par_1_35' title="bbox 350 3175 1920 3238">
     <span class='ocr_line' id='line_1_35' title="bbox 350 3175 1920 3238; baseline -0.005 -2"><span class='ocrx_word' id='word_1_266' title='bbox 350 3181 558 3238; x_wconf 87' lang='lat' dir='ltr'><strong>domini</strong></span> <span class='ocrx_word' id='word_1_267' title='bbox 590 3179 912 3236; x_wconf 87' lang='lat' dir='ltr'><strong>sententiam</strong></span> <span class='ocrx_word' id='word_1_268' title='bbox 935 3193 999 3232; x_wconf 90' lang='lat' dir='ltr'><strong>ac</strong></span> <span class='ocrx_word' id='word_1_269' title='bbox 1019 3177 1352 3232; x_wconf 88' lang='lat' dir='ltr'><strong>voluntatem</strong></span> <span class='ocrx_word' id='word_1_270' title='bbox 1376 3185 1697 3230; x_wconf 87' lang='lat' dir='ltr'><strong>contrectat.</strong></span> <span class='ocrx_word' id='word_1_271' title='bbox 1719 3175 1920 3229; x_wconf 79' lang='lat' dir='ltr'><strong>furtum</strong></span> 
     </span>
    </p>
   </div>
   <div class='ocr_carea' id='block_1_36' title="bbox 351 3269 1923 3331">
    <p class='ocr_par' dir='ltr' id='par_1_36' title="bbox 351 3269 1923 3331">
     <span class='ocr_line' id='line_1_36' title="bbox 351 3269 1923 3331; baseline -0.006 0"><span class='ocrx_word' id='word_1_272' title='bbox 351 3275 657 3331; x_wconf 86' lang='lat' dir='ltr'><strong>committit.</strong></span> <span class='ocrx_word' id='word_1_273' title='bbox 696 3271 823 3328; x_wconf 80' lang='lat' dir='ltr'><strong>Haec</strong></span> <span class='ocrx_word' id='word_1_274' title='bbox 869 3281 1052 3326; x_wconf 87' lang='lat' dir='ltr'><strong>autem</strong></span> <span class='ocrx_word' id='word_1_275' title='bbox 1091 3270 1328 3324; x_wconf 88' lang='lat' dir='ltr'><strong>dicimus</strong></span> <span class='ocrx_word' id='word_1_276' title='bbox 1357 3269 1466 3323; x_wconf 88' lang='lat' dir='ltr'><strong>nisi</strong></span> <span class='ocrx_word' id='word_1_277' title='bbox 1500 3285 1608 3322; x_wconf 65' lang='lat' dir='ltr'><strong>xu</strong></span> <span class='ocrx_word' id='word_1_278' title='bbox 1655 3283 1923 3322; x_wconf 87' lang='lat' dir='ltr'><strong>annorum</strong></span> 
     </span>
    </p>
   </div>
   <div class='ocr_carea' id='block_1_37' title="bbox 350 3362 1924 3436">
    <p class='ocr_par' dir='ltr' id='par_1_37' title="bbox 350 3362 1924 3436">
     <span class='ocr_line' id='line_1_37' title="bbox 350 3362 1924 3436; baseline -0.006 -14"><span class='ocrx_word' id='word_1_279' title='bbox 350 3367 588 3436; x_wconf 84' lang='lat' dir='ltr'><strong>spatium</strong></span> <span class='ocrx_word' id='word_1_280' title='bbox 633 3363 968 3435; x_wconf 71' lang='lat' dir='ltr'><strong>przeterierit,</strong></span> <span class='ocrx_word' id='word_1_281' title='bbox 1017 3379 1083 3417; x_wconf 80' lang='lat' dir='ltr'><strong>ex</strong></span> <span class='ocrx_word' id='word_1_282' title='bbox 1131 3378 1242 3432; x_wconf 87' lang='lat' dir='ltr'><strong>quo</strong></span> <span class='ocrx_word' id='word_1_283' title='bbox 1282 3362 1683 3432; x_wconf 59' lang='lat' dir='ltr'><strong>possessionem</strong></span> <span class='ocrx_word' id='word_1_284' title='bbox 1732 3377 1924 3431; x_wconf 88' lang='lat' dir='ltr'><strong>appre-</strong></span> 
     </span>
    </p>
   </div>
   <div class='ocr_carea' id='block_1_38' title="bbox 351 3454 1924 3526">
    <p class='ocr_par' dir='ltr' id='par_1_38' title="bbox 351 3454 1924 3526">
     <span class='ocr_line' id='line_1_38' title="bbox 351 3454 1924 3526; baseline -0.004 -13"><span class='ocrx_word' id='word_1_285' title='bbox 351 3459 558 3513; x_wconf 89' lang='lat' dir='ltr'><strong>hendit.</strong></span> <span class='ocrx_word' id='word_1_286' title='bbox 599 3456 738 3511; x_wconf 82' lang='lat' dir='ltr'><strong>Nota</strong></span> <span class='ocrx_word' id='word_1_287' title='bbox 782 3471 904 3526; x_wconf 68' lang='lat' dir='ltr'><strong>quae</strong></span> <span class='ocrx_word' id='word_1_288' title='bbox 945 3455 1031 3510; x_wconf 90' lang='lat' dir='ltr'><strong>hic</strong></span> <span class='ocrx_word' id='word_1_289' title='bbox 1060 3456 1127 3508; x_wconf 89' lang='lat' dir='ltr'><strong>de</strong></span> <span class='ocrx_word' id='word_1_290' title='bbox 1161 3455 1502 3524; x_wconf 86' lang='lat' dir='ltr'><strong>captivorum</strong></span> <span class='ocrx_word' id='word_1_291' title='bbox 1536 3455 1700 3508; x_wconf 86' lang='lat' dir='ltr'><strong>rebus</strong></span> <span class='ocrx_word' id='word_1_292' title='bbox 1725 3454 1924 3522; x_wconf 84' lang='lat' dir='ltr'><strong>scripta</strong></span> 
     </span>
    </p>
   </div>
   <div class='ocr_carea' id='block_1_39' title="bbox 352 3546 1923 3619">
    <p class='ocr_par' dir='ltr' id='par_1_39' title="bbox 352 3546 1923 3619">
     <span class='ocr_line' id='line_1_39' title="bbox 352 3546 1923 3619; baseline -0.002 -16"><span class='ocrx_word' id='word_1_293' title='bbox 352 3559 502 3605; x_wconf 87' lang='lat' dir='ltr'><strong>sunt.</strong></span> <span class='ocrx_word' id='word_1_294' title='bbox 531 3549 672 3619; x_wconf 84' lang='lat' dir='ltr'><strong>Lege</strong></span> <span class='ocrx_word' id='word_1_295' title='bbox 705 3549 864 3603; x_wconf 89' lang='lat' dir='ltr'><strong>etiam</strong></span> <span class='ocrx_word' id='word_1_296' title='bbox 889 3549 982 3602; x_wconf 91' lang='lat' dir='ltr'><strong>lib.</strong></span> <span class='ocrx_word' id='word_1_297' title='bbox 1018 3563 1204 3612; x_wconf 74' lang='lat' dir='ltr'><strong>xxxrv,</strong></span> <span class='ocrx_word' id='word_1_298' title='bbox 1238 3548 1322 3599; x_wconf 85' lang='lat' dir='ltr'><strong>tit.</strong></span> <span class='ocrx_word' id='word_1_299' title='bbox 1350 3547 1399 3610; x_wconf 87' lang='grc'><strong>1,</strong></span> <span class='ocrx_word' id='word_1_300' title='bbox 1429 3562 1549 3616; x_wconf 89' lang='lat' dir='ltr'><strong>cap.</strong></span> <span class='ocrx_word' id='word_1_301' title='bbox 1579 3546 1666 3611; x_wconf 85' lang='lat' dir='ltr'><strong>l7,</strong></span> <span class='ocrx_word' id='word_1_302' title='bbox 1694 3547 1880 3600; x_wconf 90' lang='lat' dir='ltr'><strong>dicens</strong></span> <span class='ocrx_word' id='word_1_303' title='bbox 1907 3562 1923 3600; x_wconf 88' lang='lat'><strong>:</strong></span> 
     </span>
    </p>
   </div>
   <div class='ocr_carea' id='block_1_40' title="bbox 351 3636 1927 3709">
    <p class='ocr_par' dir='ltr' id='par_1_40' title="bbox 351 3636 1927 3709">
     <span class='ocr_line' id='line_1_40' title="bbox 351 3636 1927 3709; baseline -0.005 -14"><span class='ocrx_word' id='word_1_304' title='bbox 351 3638 620 3709; x_wconf 74' lang='lat' dir='ltr'><strong>Receptus</strong></span> <span class='ocrx_word' id='word_1_305' title='bbox 645 3640 712 3692; x_wconf 90' lang='lat' dir='ltr'><strong>ab</strong></span> <span class='ocrx_word' id='word_1_306' title='bbox 743 3639 993 3692; x_wconf 85' lang='lat' dir='ltr'><strong>hostibus</strong></span> <span class='ocrx_word' id='word_1_307' title='bbox 1019 3653 1201 3706; x_wconf 72' lang='lat' dir='ltr'><strong>agt-os,</strong></span> <span class='ocrx_word' id='word_1_308' title='bbox 1231 3637 1323 3706; x_wconf 85' lang='lat' dir='ltr'><strong>qui</strong></span> <span class='ocrx_word' id='word_1_309' title='bbox 1353 3637 1505 3706; x_wconf 88' lang='lat' dir='ltr'><strong>prius</strong></span> <span class='ocrx_word' id='word_1_310' title='bbox 1535 3644 1692 3689; x_wconf 87' lang='lat' dir='ltr'><strong>erant</strong></span> <span class='ocrx_word' id='word_1_311' title='bbox 1721 3636 1927 3690; x_wconf 90' lang='lat' dir='ltr'><strong>domini</strong></span> 
     </span>
    </p>
   </div>
   <div class='ocr_carea' id='block_1_41' title="bbox 352 3727 1929 3801">
    <p class='ocr_par' dir='ltr' id='par_1_41' title="bbox 352 3727 1929 3801">
     <span class='ocr_line' id='line_1_41' title="bbox 352 3727 1929 3801; baseline -0.003 -15"><span class='ocrx_word' id='word_1_312' title='bbox 352 3733 623 3801; x_wconf 88' lang='lat' dir='ltr'><strong>recipiunt</strong></span> <span class='ocrx_word' id='word_1_313' title='bbox 649 3747 664 3795; x_wconf 90' lang='lat'><strong>;</strong></span> <span class='ocrx_word' id='word_1_314' title='bbox 693 3745 799 3784; x_wconf 89' lang='lat' dir='ltr'><strong>non</strong></span> <span class='ocrx_word' id='word_1_315' title='bbox 834 3729 981 3785; x_wconf 89' lang='lat' dir='ltr'><strong>enim</strong></span> <span class='ocrx_word' id='word_1_316' title='bbox 1000 3730 1119 3784; x_wconf 91' lang='lat' dir='ltr'><strong>loco</strong></span> <span class='ocrx_word' id='word_1_317' title='bbox 1147 3728 1342 3798; x_wconf 58' lang='lat' dir='ltr'><strong>praeda:</strong></span> <span class='ocrx_word' id='word_1_318' title='bbox 1371 3739 1517 3794; x_wconf 90' lang='lat' dir='ltr'><strong>sunt,</strong></span> <span class='ocrx_word' id='word_1_319' title='bbox 1549 3743 1726 3798; x_wconf 87' lang='lat' dir='ltr'><strong>neque</strong></span> <span class='ocrx_word' id='word_1_320' title='bbox 1751 3727 1929 3798; x_wconf 58' lang='lat' dir='ltr'><strong>publi-</strong></span> 
     </span>
    </p>
   </div>
   <div class='ocr_carea' id='block_1_42' title="bbox 353 3818 1929 3890">
    <p class='ocr_par' dir='ltr' id='par_1_42' title="bbox 353 3818 1929 3890">
     <span class='ocr_line' id='line_1_42' title="bbox 353 3818 1929 3890; baseline -0.004 -13"><span class='ocrx_word' id='word_1_321' title='bbox 353 3831 569 3878; x_wconf 90' lang='lat' dir='ltr'><strong>cantur.</strong></span> <span class='ocrx_word' id='word_1_322' title='bbox 602 3819 708 3888; x_wconf 89' lang='lat' dir='ltr'><strong>Qui</strong></span> <span class='ocrx_word' id='word_1_323' title='bbox 738 3835 806 3875; x_wconf 78' lang='lat' dir='ltr'><strong>ex</strong></span> <span class='ocrx_word' id='word_1_324' title='bbox 841 3821 1091 3875; x_wconf 89' lang='lat' dir='ltr'><strong>hostibus</strong></span> <span class='ocrx_word' id='word_1_325' title='bbox 1123 3821 1268 3876; x_wconf 90' lang='lat' dir='ltr'><strong>enim</strong></span> <span class='ocrx_word' id='word_1_326' title='bbox 1302 3820 1612 3890; x_wconf 87' lang='lat' dir='ltr'><strong>rapiuntur,</strong></span> <span class='ocrx_word' id='word_1_327' title='bbox 1648 3833 1757 3873; x_wconf 89' lang='lat' dir='ltr'><strong>non</strong></span> <span class='ocrx_word' id='word_1_328' title='bbox 1792 3818 1929 3872; x_wconf 83' lang='lat' dir='ltr'><strong>ﬁunt</strong></span> 
     </span>
    </p>
   </div>
   <div class='ocr_carea' id='block_1_43' title="bbox 351 3910 1928 3984">
    <p class='ocr_par' dir='ltr' id='par_1_43' title="bbox 351 3910 1928 3984">
     <span class='ocr_line' id='line_1_43' title="bbox 351 3910 1928 3984; baseline -0.006 -15"><span class='ocrx_word' id='word_1_329' title='bbox 351 3913 583 3984; x_wconf 89' lang='lat' dir='ltr'><strong>publici.</strong></span> <span class='ocrx_word' id='word_1_330' title='bbox 610 3910 749 3966; x_wconf 86' lang='lat' dir='ltr'><strong>Nota</strong></span> <span class='ocrx_word' id='word_1_331' title='bbox 785 3926 914 3983; x_wconf 86' lang='lat' dir='ltr'><strong>ergo</strong></span> <span class='ocrx_word' id='word_1_332' title='bbox 943 3912 1089 3982; x_wconf 92' lang='lat' dir='ltr'><strong>quod</strong></span> <span class='ocrx_word' id='word_1_333' title='bbox 1113 3912 1278 3966; x_wconf 86' lang='lat' dir='ltr'><strong>etiam</strong></span> <span class='ocrx_word' id='word_1_334' title='bbox 1308 3921 1361 3966; x_wconf 88' lang='lat' dir='ltr'><strong>et</strong></span> <span class='ocrx_word' id='word_1_335' title='bbox 1383 3910 1685 3964; x_wconf 87' lang='lat' dir='ltr'><strong>canonibus</strong></span> <span class='ocrx_word' id='word_1_336' title='bbox 1713 3918 1767 3962; x_wconf 90' lang='lat' dir='ltr'><strong>et</strong></span> <span class='ocrx_word' id='word_1_337' title='bbox 1797 3910 1928 3979; x_wconf 82' lang='lat' dir='ltr'><strong>legi-</strong></span> 
     </span>
    </p>
   </div>
   <div class='ocr_carea' id='block_1_44' title="bbox 351 4004 1930 4075">
    <p class='ocr_par' dir='ltr' id='par_1_44' title="bbox 351 4004 1930 4075">
     <span class='ocr_line' id='line_1_44' title="bbox 351 4004 1930 4075; baseline -0.005 -13"><span class='ocrx_word' id='word_1_338' title='bbox 351 4009 477 4072; x_wconf 89' lang='lat' dir='ltr'><strong>bus,</strong></span> <span class='ocrx_word' id='word_1_339' title='bbox 507 4021 620 4061; x_wconf 91' lang='lat' dir='ltr'><strong>non</strong></span> <span class='ocrx_word' id='word_1_340' title='bbox 653 4005 832 4061; x_wconf 91' lang='lat' dir='ltr'><strong>solum</strong></span> <span class='ocrx_word' id='word_1_341' title='bbox 857 4005 952 4075; x_wconf 93' lang='lat' dir='ltr'><strong>qui</strong></span> <span class='ocrx_word' id='word_1_342' title='bbox 983 4006 1322 4075; x_wconf 87' lang='lat' dir='ltr'><strong>captivorum</strong></span> <span class='ocrx_word' id='word_1_343' title='bbox 1355 4020 1444 4059; x_wconf 87' lang='lat' dir='ltr'><strong>res</strong></span> <span class='ocrx_word' id='word_1_344' title='bbox 1472 4004 1853 4073; x_wconf 62' lang='lat' dir='ltr'><strong>depratdautur</strong></span> <span class='ocrx_word' id='word_1_345' title='bbox 1877 4012 1930 4055; x_wconf 89' lang='lat' dir='ltr'><strong>ct</strong></span> 
     </span>
    </p>
   </div>
   <div class='ocr_carea' id='block_1_45' title="bbox 347 4095 1927 4170">
    <p class='ocr_par' dir='ltr' id='par_1_45' title="bbox 347 4095 1927 4170">
     <span class='ocr_line' id='line_1_45' title="bbox 347 4095 1927 4170; baseline -0.003 -18"><span class='ocrx_word' id='word_1_346' title='bbox 347 4098 640 4170; x_wconf 89' lang='lat' dir='ltr'><strong>diripiunt,</strong></span> <span class='ocrx_word' id='word_1_347' title='bbox 686 4097 988 4168; x_wconf 91' lang='lat' dir='ltr'><strong>puniuntur</strong></span> <span class='ocrx_word' id='word_1_348' title='bbox 1029 4108 1084 4150; x_wconf 86' lang='lat' dir='ltr'><strong>et</strong></span> <span class='ocrx_word' id='word_1_349' title='bbox 1126 4107 1409 4163; x_wconf 87' lang='lat' dir='ltr'><strong>tenentur;</strong></span> <span class='ocrx_word' id='word_1_350' title='bbox 1439 4095 1534 4152; x_wconf 88' lang='lat' dir='ltr'><strong>sed</strong></span> <span class='ocrx_word' id='word_1_351' title='bbox 1569 4096 1733 4150; x_wconf 88' lang='lat' dir='ltr'><strong>etiam</strong></span> <span class='ocrx_word' id='word_1_352' title='bbox 1765 4095 1803 4148; x_wconf 92' lang='lat' dir='ltr'><strong>ii</strong></span> <span class='ocrx_word' id='word_1_353' title='bbox 1834 4095 1927 4164; x_wconf 89' lang='lat' dir='ltr'><strong>qui</strong></span> 
     </span>
    </p>
   </div>
   <div class='ocr_carea' id='block_1_46' title="bbox 351 4189 1929 4253">
    <p class='ocr_par' dir='ltr' id='par_1_46' title="bbox 351 4189 1929 4253">
     <span class='ocr_line' id='line_1_46' title="bbox 351 4189 1929 4253; baseline -0.004 -7"><span class='ocrx_word' id='word_1_354' title='bbox 351 4207 469 4247; x_wconf 84' lang='lat' dir='ltr'><strong>rem</strong></span> <span class='ocrx_word' id='word_1_355' title='bbox 512 4191 847 4246; x_wconf 89' lang='lat' dir='ltr'><strong>immobilem</strong></span> <span class='ocrx_word' id='word_1_356' title='bbox 887 4200 1173 4245; x_wconf 90' lang='lat' dir='ltr'><strong>vacantem</strong></span> <span class='ocrx_word' id='word_1_357' title='bbox 1216 4191 1492 4244; x_wconf 84' lang='lat' dir='ltr'><strong>invenisse</strong></span> <span class='ocrx_word' id='word_1_358' title='bbox 1525 4203 1583 4244; x_wconf 91' lang='lat' dir='ltr'><strong>se</strong></span> <span class='ocrx_word' id='word_1_359' title='bbox 1617 4189 1843 4253; x_wconf 90' lang='lat' dir='ltr'><strong>dicunt,</strong></span> <span class='ocrx_word' id='word_1_360' title='bbox 1875 4197 1929 4241; x_wconf 90' lang='lat' dir='ltr'><strong>et</strong></span> 
     </span>
    </p>
   </div>
   <div class='ocr_carea' id='block_1_47' title="bbox 352 4277 1927 4352">
    <p class='ocr_par' dir='ltr' id='par_1_47' title="bbox 352 4277 1927 4352">
     <span class='ocr_line' id='line_1_47' title="bbox 352 4277 1927 4352; baseline -0.006 -14"><span class='ocrx_word' id='word_1_361' title='bbox 352 4300 460 4338; x_wconf 90' lang='lat' dir='ltr'><strong>non</strong></span> <span class='ocrx_word' id='word_1_362' title='bbox 503 4284 690 4338; x_wconf 88' lang='lat' dir='ltr'><strong>statim</strong></span> <span class='ocrx_word' id='word_1_363' title='bbox 737 4297 853 4336; x_wconf 88' lang='lat' dir='ltr'><strong>rem</strong></span> <span class='ocrx_word' id='word_1_364' title='bbox 899 4282 1172 4352; x_wconf 83' lang='lat' dir='ltr'><strong>aperiunt,</strong></span> <span class='ocrx_word' id='word_1_365' title='bbox 1203 4290 1257 4335; x_wconf 91' lang='lat' dir='ltr'><strong>et</strong></span> <span class='ocrx_word' id='word_1_366' title='bbox 1287 4296 1407 4334; x_wconf 84' lang='lat' dir='ltr'><strong>eam</strong></span> <span class='ocrx_word' id='word_1_367' title='bbox 1456 4281 1678 4334; x_wconf 89' lang='lat' dir='ltr'><strong>nomine</strong></span> <span class='ocrx_word' id='word_1_368' title='bbox 1721 4277 1927 4332; x_wconf 87' lang='lat' dir='ltr'><strong>domini</strong></span> 
     </span>
    </p>
   </div>
   <div class='ocr_carea' id='block_1_48' title="bbox 351 4374 1926 4452">
    <p class='ocr_par' dir='ltr' id='par_1_48' title="bbox 351 4374 1926 4452">
     <span class='ocr_line' id='line_1_48' title="bbox 351 4374 1926 4452; baseline -0.008 -16"><span class='ocrx_word' id='word_1_369' title='bbox 351 4381 662 4452; x_wconf 88' lang='lat' dir='ltr'><strong>possident;</strong></span> <span class='ocrx_word' id='word_1_370' title='bbox 695 4379 1002 4435; x_wconf 90' lang='lat' dir='ltr'><strong>secundum</strong></span> <span class='ocrx_word' id='word_1_371' title='bbox 1037 4377 1207 4448; x_wconf 88' lang='lat' dir='ltr'><strong>legem</strong></span> <span class='ocrx_word' id='word_1_372' title='bbox 1241 4378 1459 4446; x_wconf 86' lang='lat' dir='ltr'><strong>quidem</strong></span> <span class='ocrx_word' id='word_1_373' title='bbox 1498 4374 1926 4430; x_wconf 83' lang='lat' dir='ltr'><strong>ecclesiasticam</strong></span> 
     </span>
    </p>
   </div>
   <div class='ocr_carea' id='block_1_49' title="bbox 2039 525 3612 606">
    <p class='ocr_par' dir='ltr' id='par_1_49' title="bbox 2039 525 3612 606">
     <span class='ocr_line' id='line_1_49' title="bbox 2039 525 3612 606; baseline 0.006 -27"><span class='ocrx_word' id='word_1_374' title='bbox 2039 525 2426 599; x_wconf 77' lang='grc' dir='ltr'><strong>δυστυχοῦντος</strong></span> <span class='ocrx_word' id='word_1_375' title='bbox 2459 531 2552 582; x_wconf 77' lang='grc' dir='ltr'>καὶ</span> <span class='ocrx_word' id='word_1_376' title='bbox 2583 533 3164 606; x_wconf 76' lang='grc' dir='ltr'>αἰχμαλωτισθέντοςῆ</span> <span class='ocrx_word' id='word_1_377' title='bbox 3197 535 3290 587; x_wconf 71' lang='grc' dir='ltr'>καὶ</span> <span class='ocrx_word' id='word_1_378' title='bbox 3320 536 3612 604; x_wconf 70' lang='grc' dir='ltr'><strong>φεύγοντος</strong></span> 
     </span>
    </p>
   </div>
   <div class='ocr_carea' id='block_1_50' title="bbox 2038 619 3609 698">
    <p class='ocr_par' dir='ltr' id='par_1_50' title="bbox 2038 619 3609 698">
     <span class='ocr_line' id='line_1_50' title="bbox 2038 619 3609 698; baseline 0.007 -28"><span class='ocrx_word' id='word_1_379' title='bbox 2038 619 2164 682; x_wconf 78' lang='grc' dir='ltr'>τοὺς</span> <span class='ocrx_word' id='word_1_380' title='bbox 2214 619 2556 692; x_wconf 80' lang='grc' dir='ltr'>βαρϐάρους,</span> <span class='ocrx_word' id='word_1_381' title='bbox 2611 623 2936 694; x_wconf 83' lang='grc' dir='ltr'>πράγματα,</span> <span class='ocrx_word' id='word_1_382' title='bbox 2997 626 3092 679; x_wconf 69' lang='grc' dir='ltr'><strong>καὶ</strong></span> <span class='ocrx_word' id='word_1_383' title='bbox 3148 628 3288 680; x_wconf 82' lang='grc' dir='ltr'>κατᾶ</span> <span class='ocrx_word' id='word_1_384' title='bbox 3343 629 3609 698; x_wconf 77' lang='grc' dir='ltr'>τοσαύτην</span> 
     </span>
    </p>
   </div>
   <div class='ocr_carea' id='block_1_51' title="bbox 2037 708 3599 784">
    <p class='ocr_par' dir='ltr' id='par_1_51' title="bbox 2037 708 3599 784">
     <span class='ocr_line' id='line_1_51' title="bbox 2037 708 3599 784; baseline 0.006 -22"><span class='ocrx_word' id='word_1_385' title='bbox 2037 708 2282 782; x_wconf 84' lang='grc' dir='ltr'>ἀνάγκην</span> <span class='ocrx_word' id='word_1_386' title='bbox 2318 711 2634 784; x_wconf 85' lang='grc' dir='ltr'>άτημὲλητα</span> <span class='ocrx_word' id='word_1_387' title='bbox 2674 715 3062 780; x_wconf 84' lang='grc' dir='ltr'>καταλιπόντος</span> <span class='ocrx_word' id='word_1_388' title='bbox 3112 719 3178 771; x_wconf 72' lang='grc' dir='ltr'>τὰ</span> <span class='ocrx_word' id='word_1_389' title='bbox 3227 720 3423 784; x_wconf 78' lang='grc' dir='ltr'>οἰκεῖα,</span> <span class='ocrx_word' id='word_1_390' title='bbox 3474 721 3599 772; x_wconf 60' lang='grc' dir='ltr'>ἀπο.</span> 
     </span>
    </p>
   </div>
   <div class='ocr_carea' id='block_1_52' title="bbox 2036 799 3612 879">
    <p class='ocr_par' dir='ltr' id='par_1_52' title="bbox 2036 799 3612 879">
     <span class='ocr_line' id='line_1_52' title="bbox 2036 799 3612 879; baseline 0.007 -27"><span class='ocrx_word' id='word_1_391' title='bbox 2036 799 2296 872; x_wconf 80' lang='grc' dir='ltr'>καθιστᾷν</span> <span class='ocrx_word' id='word_1_392' title='bbox 2342 802 2480 856; x_wconf 80' lang='grc' dir='ltr'>αὐτὰ</span> <span class='ocrx_word' id='word_1_393' title='bbox 2524 805 2660 875; x_wconf 76' lang='grc' dir='ltr'>πρὸς</span> <span class='ocrx_word' id='word_1_394' title='bbox 2707 805 2768 858; x_wconf 83' lang='grc' dir='ltr'>τὸ</span> <span class='ocrx_word' id='word_1_395' title='bbox 2821 807 2987 878; x_wconf 78' lang='grc' dir='ltr'>μέρος</span> <span class='ocrx_word' id='word_1_396' title='bbox 3041 808 3134 862; x_wconf 77' lang='grc' dir='ltr'>τοῦ</span> <span class='ocrx_word' id='word_1_397' title='bbox 3187 809 3328 863; x_wconf 76' lang='grc' dir='ltr'>οὕτω</span> <span class='ocrx_word' id='word_1_398' title='bbox 3371 811 3612 879; x_wconf 74' lang='grc' dir='ltr'>δυσπρα-</span> 
     </span>
    </p>
   </div>
   <div class='ocr_carea' id='block_1_53' title="bbox 2035 890 3610 966">
    <p class='ocr_par' dir='ltr' id='par_1_53' title="bbox 2035 890 3610 966">
     <span class='ocr_line' id='line_1_53' title="bbox 2035 890 3610 966; baseline 0.005 -23"><span class='ocrx_word' id='word_1_399' title='bbox 2035 890 2257 959; x_wconf 77' lang='grc' dir='ltr'>γοῦντος</span> <span class='ocrx_word' id='word_1_400' title='bbox 2305 892 2630 964; x_wconf 74' lang='grc' dir='ltr'>ἀνθρώπους</span> <span class='ocrx_word' id='word_1_401' title='bbox 2688 896 2796 949; x_wconf 78' lang='grc' dir='ltr'><strong>Καὶ</strong></span> <span class='ocrx_word' id='word_1_402' title='bbox 2839 899 2867 948; x_wconf 88' lang='grc' dir='ltr'><strong>ό</strong></span> <span class='ocrx_word' id='word_1_403' title='bbox 2919 897 3017 966; x_wconf 81' lang='grc' dir='ltr'>μὲν</span> <span class='ocrx_word' id='word_1_404' title='bbox 3068 898 3223 966; x_wconf 80' lang='grc' dir='ltr'>ἅγιος</span> <span class='ocrx_word' id='word_1_405' title='bbox 3277 900 3448 952; x_wconf 69' lang='grc' dir='ltr'>ταῦτα</span> <span class='ocrx_word' id='word_1_406' title='bbox 3494 899 3610 952; x_wconf 81' lang='grc' dir='ltr'><strong>ἐθέ-</strong></span> 
     </span>
    </p>
   </div>
   <div class='ocr_carea' id='block_1_54' title="bbox 2038 982 3611 1054">
    <p class='ocr_par' dir='ltr' id='par_1_54' title="bbox 2038 982 3611 1054">
     <span class='ocr_line' id='line_1_54' title="bbox 2038 982 3611 1054; baseline 0.005 -22"><span class='ocrx_word' id='word_1_407' title='bbox 2038 996 2224 1032; x_wconf 70' lang='grc' dir='ltr'>σπισεσ</span> <span class='ocrx_word' id='word_1_408' title='bbox 2273 982 2366 1035; x_wconf 80' lang='grc' dir='ltr'>καὶ</span> <span class='ocrx_word' id='word_1_409' title='bbox 2405 982 2602 1052; x_wconf 69' lang='grc' dir='ltr'>ἐφεξῆς</span> <span class='ocrx_word' id='word_1_410' title='bbox 2655 983 2896 1037; x_wconf 78' lang='grc' dir='ltr'><strong>διδάσκει</strong></span> <span class='ocrx_word' id='word_1_411' title='bbox 2939 986 3054 1048; x_wconf 80' lang='grc' dir='ltr'>πῶς</span> <span class='ocrx_word' id='word_1_412' title='bbox 3087 986 3389 1054; x_wconf 68' lang='grc' dir='ltr'><strong>ὀφείλουσιν</strong></span> <span class='ocrx_word' id='word_1_413' title='bbox 3438 990 3611 1040; x_wconf 84' lang='grc' dir='ltr'>ἐπιτι-</span> 
     </span>
    </p>
   </div>
   <div class='ocr_carea' id='block_1_55' title="bbox 2037 1071 3608 1150">
    <p class='ocr_par' dir='ltr' id='par_1_55' title="bbox 2037 1071 3608 1150">
     <span class='ocr_line' id='line_1_55' title="bbox 2037 1071 3608 1150; baseline 0.005 -27"><span class='ocrx_word' id='word_1_414' title='bbox 2037 1071 2238 1142; x_wconf 83' lang='grc' dir='ltr'>μᾶσθαι</span> <span class='ocrx_word' id='word_1_415' title='bbox 2277 1072 2330 1124; x_wconf 79' lang='grc' dir='ltr'>οἵ</span> <span class='ocrx_word' id='word_1_416' title='bbox 2369 1087 2428 1123; x_wconf 85' lang='grc' dir='ltr'><strong>τε</strong></span> <span class='ocrx_word' id='word_1_417' title='bbox 2483 1073 2828 1143; x_wconf 83' lang='grc' dir='ltr'>ἁρπάσαντες</span> <span class='ocrx_word' id='word_1_418' title='bbox 2880 1074 2948 1127; x_wconf 78' lang='grc' dir='ltr'><strong>τά</strong></span> <span class='ocrx_word' id='word_1_419' title='bbox 2995 1077 3222 1130; x_wconf 72' lang='grc' dir='ltr'>τοιαῦτα</span> <span class='ocrx_word' id='word_1_420' title='bbox 3281 1079 3608 1150; x_wconf 77' lang='grc' dir='ltr'>πράγματα,</span> 
     </span>
    </p>
   </div>
   <div class='ocr_carea' id='block_1_56' title="bbox 2034 1163 3609 1239">
    <p class='ocr_par' dir='ltr' id='par_1_56' title="bbox 2034 1163 3609 1239">
     <span class='ocr_line' id='line_1_56' title="bbox 2034 1163 3609 1239; baseline 0.004 -24"><span class='ocrx_word' id='word_1_421' title='bbox 2034 1163 2128 1215; x_wconf 72' lang='grc' dir='ltr'>καὶ</span> <span class='ocrx_word' id='word_1_422' title='bbox 2153 1163 2203 1215; x_wconf 85' lang='grc' dir='ltr'>οἱ</span> <span class='ocrx_word' id='word_1_423' title='bbox 2231 1163 2303 1233; x_wconf 82' lang='grc' dir='ltr'>μὴ</span> <span class='ocrx_word' id='word_1_424' title='bbox 2339 1163 2695 1234; x_wconf 78' lang='grc' dir='ltr'>ἁρπάζοντες,</span> <span class='ocrx_word' id='word_1_425' title='bbox 2737 1165 2872 1219; x_wconf 78' lang='grc' dir='ltr'>ἀλλὰ</span> <span class='ocrx_word' id='word_1_426' title='bbox 2915 1167 3192 1238; x_wconf 83' lang='grc' dir='ltr'>εὑρόντες·</span> <span class='ocrx_word' id='word_1_427' title='bbox 3236 1169 3372 1239; x_wconf 76' lang='grc' dir='ltr'>πρὸς</span> <span class='ocrx_word' id='word_1_428' title='bbox 3411 1169 3467 1222; x_wconf 78' lang='grc' dir='ltr'>δὲ</span> <span class='ocrx_word' id='word_1_429' title='bbox 3516 1172 3609 1224; x_wconf 70' lang='grc' dir='ltr'>καὶ</span> 
     </span>
    </p>
   </div>
   <div class='ocr_carea' id='block_1_57' title="bbox 2032 1257 3603 1331">
    <p class='ocr_par' dir='ltr' id='par_1_57' title="bbox 2032 1257 3603 1331">
     <span class='ocr_line' id='line_1_57' title="bbox 2032 1257 3603 1331; baseline 0.003 -21"><span class='ocrx_word' id='word_1_430' title='bbox 2032 1258 2081 1310; x_wconf 88' lang='grc' dir='ltr'>οἱ</span> <span class='ocrx_word' id='word_1_431' title='bbox 2143 1257 2282 1328; x_wconf 75' lang='grc' dir='ltr'>μετὰ</span> <span class='ocrx_word' id='word_1_432' title='bbox 2343 1259 2442 1329; x_wconf 83' lang='grc' dir='ltr'>τὴν</span> <span class='ocrx_word' id='word_1_433' title='bbox 2501 1257 2719 1331; x_wconf 80' lang='grc' dir='ltr'>εὕρεσιν</span> <span class='ocrx_word' id='word_1_434' title='bbox 2783 1260 2858 1330; x_wconf 83' lang='grc' dir='ltr'>μὴ</span> <span class='ocrx_word' id='word_1_435' title='bbox 2911 1260 3388 1324; x_wconf 83' lang='grc' dir='ltr'>ἀποκαθιστῶντες</span> <span class='ocrx_word' id='word_1_436' title='bbox 3447 1263 3603 1315; x_wconf 75' lang='grc' dir='ltr'>αὑτά.</span> 
     </span>
    </p>
   </div>
   <div class='ocr_carea' id='block_1_58' title="bbox 2045 1349 3608 1424">
    <p class='ocr_par' dir='ltr' id='par_1_58' title="bbox 2045 1349 3608 1424">
     <span class='ocr_line' id='line_1_58' title="bbox 2045 1349 3608 1424; baseline 0.004 -22"><span class='ocrx_word' id='word_1_437' title='bbox 2045 1349 2101 1402; x_wconf 86' lang='lat'><strong>&#39;0</strong></span> <span class='ocrx_word' id='word_1_438' title='bbox 2141 1349 2196 1402; x_wconf 84' lang='grc' dir='ltr'>δὲ</span> <span class='ocrx_word' id='word_1_439' title='bbox 2248 1349 2522 1414; x_wconf 81' lang='grc' dir='ltr'>πολιτικὸς</span> <span class='ocrx_word' id='word_1_440' title='bbox 2557 1351 2722 1421; x_wconf 89' lang='grc' dir='ltr'>νόμος</span> <span class='ocrx_word' id='word_1_441' title='bbox 2765 1353 2929 1424; x_wconf 65' lang='grc' dir='ltr'>φησιν</span> <span class='ocrx_word' id='word_1_442' title='bbox 2962 1354 3017 1404; x_wconf 73' lang='grc' dir='ltr'>ἐν</span> <span class='ocrx_word' id='word_1_443' title='bbox 3048 1352 3241 1423; x_wconf 78' lang='grc' dir='ltr'>θέματι</span> <span class='ocrx_word' id='word_1_444' title='bbox 3266 1353 3327 1414; x_wconf 89' lang='grc' dir='ltr'>ε’,</span> <span class='ocrx_word' id='word_1_445' title='bbox 3375 1351 3470 1406; x_wconf 81' lang='grc' dir='ltr'><strong>τοῦ</strong></span> <span class='ocrx_word' id='word_1_446' title='bbox 3519 1356 3608 1422; x_wconf 62' lang='lat' dir='ltr'><strong>pr,&quot;</strong></span> 
     </span>
    </p>
   </div>
   <div class='ocr_carea' id='block_1_59' title="bbox 2031 1440 3606 1513">
    <p class='ocr_par' dir='ltr' id='par_1_59' title="bbox 2031 1440 3606 1513">
     <span class='ocr_line' id='line_1_59' title="bbox 2031 1440 3606 1513; baseline 0.001 -21"><span class='ocrx_word' id='word_1_447' title='bbox 2031 1441 2350 1509; x_wconf 71' lang='grc' dir='ltr'><strong>κεφαλαίου,</strong></span> <span class='ocrx_word' id='word_1_448' title='bbox 2400 1441 2494 1494; x_wconf 79' lang='grc' dir='ltr'>τοῦ</span> <span class='ocrx_word' id='word_1_449' title='bbox 2532 1442 2608 1513; x_wconf 84' lang='grc' dir='ltr'>ιβ’</span> <span class='ocrx_word' id='word_1_450' title='bbox 2656 1440 2858 1507; x_wconf 82' lang='grc' dir='ltr'>τίτλου,</span> <span class='ocrx_word' id='word_1_451' title='bbox 2906 1441 3000 1494; x_wconf 79' lang='grc' dir='ltr'>τοῦ</span> <span class='ocrx_word' id='word_1_452' title='bbox 3055 1441 3098 1507; x_wconf 83' lang='grc' dir='ltr'><strong>ξ’</strong></span> <span class='ocrx_word' id='word_1_453' title='bbox 3153 1441 3380 1512; x_wconf 80' lang='grc' dir='ltr'>βιϐλίου,</span> <span class='ocrx_word' id='word_1_454' title='bbox 3433 1443 3606 1494; x_wconf 73' lang='grc' dir='ltr'>ταῦτα</span> 
     </span>
    </p>
   </div>
   <div class='ocr_carea' id='block_1_60' title="bbox 2032 1533 3612 1606">
    <p class='ocr_par' dir='ltr' id='par_1_60' title="bbox 2032 1533 3612 1606">
     <span class='ocr_line' id='line_1_60' title="bbox 2032 1533 3612 1606; baseline -0.002 -20"><span class='ocrx_word' id='word_1_455' title='bbox 2032 1535 2241 1603; x_wconf 71' lang='grc' dir='ltr'>ρητῶςο</span> <span class='ocrx_word' id='word_1_456' title='bbox 2281 1534 2338 1586; x_wconf 89' lang='lat'><strong>&#39;0</strong></span> <span class='ocrx_word' id='word_1_457' title='bbox 2359 1533 2421 1586; x_wconf 81' lang='grc' dir='ltr'>τὸ</span> <span class='ocrx_word' id='word_1_458' title='bbox 2454 1533 2734 1605; x_wconf 81' lang='grc' dir='ltr'>ἀλλότριον</span> <span class='ocrx_word' id='word_1_459' title='bbox 2775 1535 3006 1606; x_wconf 82' lang='grc' dir='ltr'>πρᾶγμα</span> <span class='ocrx_word' id='word_1_460' title='bbox 3034 1535 3362 1605; x_wconf 74' lang='grc' dir='ltr'><strong>ἐρριμμένον</strong></span> <span class='ocrx_word' id='word_1_461' title='bbox 3398 1533 3612 1603; x_wconf 63' lang='grc' dir='ltr'>λαμϐάι</span> 
     </span>
    </p>
   </div>
   <div class='ocr_carea' id='block_1_61' title="bbox 2030 1624 3603 1696">
    <p class='ocr_par' dir='ltr' id='par_1_61' title="bbox 2030 1624 3603 1696">
     <span class='ocr_line' id='line_1_61' title="bbox 2030 1624 3603 1696; baseline 0 -20"><span class='ocrx_word' id='word_1_462' title='bbox 2030 1641 2135 1676; x_wconf 89' lang='grc' dir='ltr'>νων</span> <span class='ocrx_word' id='word_1_463' title='bbox 2157 1626 2248 1677; x_wconf 73' lang='grc' dir='ltr'><strong>ἐπὶ</strong></span> <span class='ocrx_word' id='word_1_464' title='bbox 2262 1625 2338 1696; x_wconf 84' lang='grc' dir='ltr'>τῷ</span> <span class='ocrx_word' id='word_1_465' title='bbox 2355 1625 2632 1695; x_wconf 76' lang='grc' dir='ltr'>κερδᾶναι,</span> <span class='ocrx_word' id='word_1_466' title='bbox 2654 1624 2759 1678; x_wconf 76' lang='grc' dir='ltr'>κᾶν</span> <span class='ocrx_word' id='word_1_467' title='bbox 2781 1625 2948 1696; x_wconf 80' lang='grc' dir='ltr'>ἀγνοῇ</span> <span class='ocrx_word' id='word_1_468' title='bbox 2979 1625 3119 1689; x_wconf 87' lang='grc' dir='ltr'>τίνος</span> <span class='ocrx_word' id='word_1_469' title='bbox 3137 1626 3302 1687; x_wconf 75' lang='grc' dir='ltr'>ἐστὶν,</span> <span class='ocrx_word' id='word_1_470' title='bbox 3322 1626 3603 1678; x_wconf 69' lang='grc' dir='ltr'>ὑπόκειται</span> 
     </span>
    </p>
   </div>
   <div class='ocr_carea' id='block_1_62' title="bbox 2028 1716 3600 1788">
    <p class='ocr_par' dir='ltr' id='par_1_62' title="bbox 2028 1716 3600 1788">
     <span class='ocr_line' id='line_1_62' title="bbox 2028 1716 3600 1788; baseline 0 -20"><span class='ocrx_word' id='word_1_471' title='bbox 2028 1720 2095 1788; x_wconf 81' lang='grc' dir='ltr'>τῇ</span> <span class='ocrx_word' id='word_1_472' title='bbox 2147 1718 2275 1788; x_wconf 64' lang='grc' dir='ltr'><strong>περ)⁵</strong></span> <span class='ocrx_word' id='word_1_473' title='bbox 2331 1717 2538 1786; x_wconf 74' lang='grc' dir='ltr'>κλοπῆς</span> <span class='ocrx_word' id='word_1_474' title='bbox 2580 1719 2792 1788; x_wconf 81' lang='grc' dir='ltr'><strong>ἀγωγῇ·</strong></span> <span class='ocrx_word' id='word_1_475' title='bbox 2853 1722 2900 1769; x_wconf 80' lang='grc' dir='ltr'>ει</span> <span class='ocrx_word' id='word_1_476' title='bbox 2957 1717 3032 1788; x_wconf 80' lang='grc' dir='ltr'>μὴ</span> <span class='ocrx_word' id='word_1_477' title='bbox 3061 1717 3168 1786; x_wconf 83' lang='grc' dir='ltr'>ἄρα</span> <span class='ocrx_word' id='word_1_478' title='bbox 3201 1716 3539 1786; x_wconf 77' lang='grc' dir='ltr'>ἀπρονόητον</span> <span class='ocrx_word' id='word_1_479' title='bbox 3571 1719 3600 1768; x_wconf 82' lang='grc' dir='ltr'>ὁ</span> 
     </span>
    </p>
   </div>
   <div class='ocr_carea' id='block_1_63' title="bbox 1961 1799 3605 1878">
    <p class='ocr_par' dir='ltr' id='par_1_63' title="bbox 1961 1799 3605 1878">
     <span class='ocr_line' id='line_1_63' title="bbox 1961 1799 3605 1878; baseline -0.001 -18"><span class='ocrx_word' id='word_1_480' title='bbox 1961 1799 2002 1853; x_wconf 84' lang='grc' dir='ltr'><strong><em>Β</em></strong></span> <span class='ocrx_word' id='word_1_481' title='bbox 2030 1807 2293 1878; x_wconf 76' lang='grc' dir='ltr'><strong>δεσπότης</strong></span> <span class='ocrx_word' id='word_1_482' title='bbox 2325 1805 2506 1860; x_wconf 71' lang='grc' dir='ltr'>εἴασεν</span> <span class='ocrx_word' id='word_1_483' title='bbox 2555 1808 2718 1860; x_wconf 75' lang='grc' dir='ltr'>αὐτό·</span> <span class='ocrx_word' id='word_1_484' title='bbox 2779 1807 2898 1859; x_wconf 81' lang='grc' dir='ltr'>τότε</span> <span class='ocrx_word' id='word_1_485' title='bbox 2938 1808 3049 1878; x_wconf 82' lang='grc' dir='ltr'>γὰρ</span> <span class='ocrx_word' id='word_1_486' title='bbox 3090 1808 3193 1860; x_wconf 77' lang='grc' dir='ltr'>κᾶν</span> <span class='ocrx_word' id='word_1_487' title='bbox 3239 1808 3314 1872; x_wconf 85' lang='grc' dir='ltr'>ὼς</span> <span class='ocrx_word' id='word_1_488' title='bbox 3360 1808 3605 1860; x_wconf 80' lang='grc' dir='ltr'>κλέπτων</span> 
     </span>
    </p>
   </div>
   <div class='ocr_carea' id='block_1_64' title="bbox 2030 1895 3608 1969">
    <p class='ocr_par' dir='ltr' id='par_1_64' title="bbox 2030 1895 3608 1969">
     <span class='ocr_line' id='line_1_64' title="bbox 2030 1895 3608 1969; baseline 0 -19"><span class='ocrx_word' id='word_1_489' title='bbox 2030 1899 2161 1950; x_wconf 75' lang='grc' dir='ltr'>αὐτὸ</span> <span class='ocrx_word' id='word_1_490' title='bbox 2180 1897 2390 1962; x_wconf 77' lang='grc' dir='ltr'>ἔλαϐεν,</span> <span class='ocrx_word' id='word_1_491' title='bbox 2427 1897 2612 1969; x_wconf 78' lang='grc' dir='ltr'>ἐπειδὴ</span> <span class='ocrx_word' id='word_1_492' title='bbox 2662 1899 2936 1951; x_wconf 72' lang='grc' dir='ltr'>ἐπαύσατο</span> <span class='ocrx_word' id='word_1_493' title='bbox 2958 1897 3122 1952; x_wconf 74' lang='grc' dir='ltr'>αὑτοῦ</span> <span class='ocrx_word' id='word_1_494' title='bbox 3155 1895 3313 1960; x_wconf 79' lang='grc' dir='ltr'>εἶναι,</span> <span class='ocrx_word' id='word_1_495' title='bbox 3343 1899 3442 1969; x_wconf 77' lang='grc' dir='ltr'>οὐχ</span> <span class='ocrx_word' id='word_1_496' title='bbox 3476 1900 3608 1952; x_wconf 79' lang='grc' dir='ltr'>ὑπό-</span> 
     </span>
    </p>
   </div>
   <div class='ocr_carea' id='block_1_65' title="bbox 2029 1990 3608 2064">
    <p class='ocr_par' dir='ltr' id='par_1_65' title="bbox 2029 1990 3608 2064">
     <span class='ocr_line' id='line_1_65' title="bbox 2029 1990 3608 2064; baseline 0.001 -21"><span class='ocrx_word' id='word_1_497' title='bbox 2029 2006 2227 2043; x_wconf 87' lang='grc' dir='ltr'>κειται.</span> <span class='ocrx_word' id='word_1_498' title='bbox 2262 1990 2452 2062; x_wconf 82' lang='grc' dir='ltr'>Κλοπὴ</span> <span class='ocrx_word' id='word_1_499' title='bbox 2482 1991 2592 2062; x_wconf 85' lang='grc' dir='ltr'><strong>γὰρ</strong></span> <span class='ocrx_word' id='word_1_500' title='bbox 2632 1993 2692 2044; x_wconf 78' lang='grc' dir='ltr'>οὺ</span> <span class='ocrx_word' id='word_1_501' title='bbox 2727 1993 2935 2060; x_wconf 89' lang='grc' dir='ltr'>γίνεται</span> <span class='ocrx_word' id='word_1_502' title='bbox 2974 1991 3048 2063; x_wconf 83' lang='grc' dir='ltr'>μὴ</span> <span class='ocrx_word' id='word_1_503' title='bbox 3080 1991 3230 2055; x_wconf 75' lang='grc' dir='ltr'>ὄντος</span> <span class='ocrx_word' id='word_1_504' title='bbox 3273 1993 3366 2045; x_wconf 82' lang='grc' dir='ltr'>τοῦ</span> <span class='ocrx_word' id='word_1_505' title='bbox 3400 1993 3608 2064; x_wconf 82' lang='grc' dir='ltr'>κλοπὴν</span> 
     </span>
    </p>
   </div>
   <div class='ocr_carea' id='block_1_66' title="bbox 2031 2081 3608 2154">
    <p class='ocr_par' dir='ltr' id='par_1_66' title="bbox 2031 2081 3608 2154">
     <span class='ocr_line' id='line_1_66' title="bbox 2031 2081 3608 2154; baseline 0.002 -21"><span class='ocrx_word' id='word_1_506' title='bbox 2031 2082 2418 2151; x_wconf 65' lang='grc' dir='ltr'>ὑφισταμένου.</span> <span class='ocrx_word' id='word_1_507' title='bbox 2471 2083 2533 2134; x_wconf 86' lang='grc' dir='ltr'><strong>Εἰ</strong></span> <span class='ocrx_word' id='word_1_508' title='bbox 2575 2082 2630 2134; x_wconf 83' lang='grc' dir='ltr'>δὲ</span> <span class='ocrx_word' id='word_1_509' title='bbox 2676 2081 2738 2135; x_wconf 73' lang='grc' dir='ltr'>τὸ</span> <span class='ocrx_word' id='word_1_510' title='bbox 2774 2083 2847 2154; x_wconf 80' lang='grc' dir='ltr'>μὴ</span> <span class='ocrx_word' id='word_1_511' title='bbox 2889 2083 2948 2136; x_wconf 77' lang='grc' dir='ltr'>ὃν</span> <span class='ocrx_word' id='word_1_512' title='bbox 2977 2085 3308 2154; x_wconf 74' lang='grc' dir='ltr'>ἀπρονόητον</span> <span class='ocrx_word' id='word_1_513' title='bbox 3357 2084 3608 2154; x_wconf 74' lang='grc' dir='ltr'>ἐνόμισεν</span> 
     </span>
    </p>
   </div>
   <div class='ocr_carea' id='block_1_67' title="bbox 2027 2171 3609 2248">
    <p class='ocr_par' dir='ltr' id='par_1_67' title="bbox 2027 2171 3609 2248">
     <span class='ocr_line' id='line_1_67' title="bbox 2027 2171 3609 2248; baseline 0.002 -23"><span class='ocrx_word' id='word_1_514' title='bbox 2027 2173 2379 2244; x_wconf 80' lang='grc' dir='ltr'>ἀπρονόητον,</span> <span class='ocrx_word' id='word_1_515' title='bbox 2429 2174 2529 2226; x_wconf 76' lang='grc' dir='ltr'>οὐκ</span> <span class='ocrx_word' id='word_1_516' title='bbox 2573 2173 2686 2226; x_wconf 72' lang='grc' dir='ltr'>ἐστι</span> <span class='ocrx_word' id='word_1_517' title='bbox 2743 2175 3002 2246; x_wconf 85' lang='grc' dir='ltr'>κλέπτης·</span> <span class='ocrx_word' id='word_1_518' title='bbox 3035 2178 3081 2227; x_wconf 84' lang='grc' dir='ltr'>εἰ</span> <span class='ocrx_word' id='word_1_519' title='bbox 3129 2175 3184 2228; x_wconf 74' lang='grc' dir='ltr'>δὲ</span> <span class='ocrx_word' id='word_1_520' title='bbox 3223 2176 3295 2246; x_wconf 78' lang='grc' dir='ltr'>μὴ</span> <span class='ocrx_word' id='word_1_521' title='bbox 3319 2171 3386 2245; x_wconf 76' lang='grc' dir='ltr'>ἦν</span> <span class='ocrx_word' id='word_1_522' title='bbox 3430 2177 3609 2248; x_wconf 84' lang='grc' dir='ltr'>ἀπρο-</span> 
     </span>
    </p>
   </div>
   <div class='ocr_carea' id='block_1_68' title="bbox 2027 2265 3608 2338">
    <p class='ocr_par' dir='ltr' id='par_1_68' title="bbox 2027 2265 3608 2338">
     <span class='ocr_line' id='line_1_68' title="bbox 2027 2265 3608 2338; baseline 0.004 -23"><span class='ocrx_word' id='word_1_523' title='bbox 2027 2265 2234 2336; x_wconf 86' lang='grc' dir='ltr'>νόητον,</span> <span class='ocrx_word' id='word_1_524' title='bbox 2296 2267 2432 2334; x_wconf 84' lang='grc' dir='ltr'>μήτε</span> <span class='ocrx_word' id='word_1_525' title='bbox 2477 2265 2746 2335; x_wconf 79' lang='grc' dir='ltr'>ἐνόμισεν,</span> <span class='ocrx_word' id='word_1_526' title='bbox 2779 2266 2937 2319; x_wconf 79' lang='grc' dir='ltr'>ἔλαϐε</span> <span class='ocrx_word' id='word_1_527' title='bbox 2968 2267 3048 2329; x_wconf 78' lang='grc' dir='ltr'>δὲ,</span> <span class='ocrx_word' id='word_1_528' title='bbox 3080 2268 3171 2319; x_wconf 76' lang='grc' dir='ltr'><strong>ἐπὶ</strong></span> <span class='ocrx_word' id='word_1_529' title='bbox 3193 2267 3272 2336; x_wconf 83' lang='grc' dir='ltr'>τῷ</span> <span class='ocrx_word' id='word_1_530' title='bbox 3311 2267 3496 2321; x_wconf 79' lang='grc' dir='ltr'>δοῦναι</span> <span class='ocrx_word' id='word_1_531' title='bbox 3527 2269 3608 2338; x_wconf 78' lang='grc' dir='ltr'>τῷ</span> 
     </span>
    </p>
   </div>
   <div class='ocr_carea' id='block_1_69' title="bbox 2028 2356 3600 2431">
    <p class='ocr_par' dir='ltr' id='par_1_69' title="bbox 2028 2356 3600 2431">
     <span class='ocr_line' id='line_1_69' title="bbox 2028 2356 3600 2431; baseline 0.011 -26"><span class='ocrx_word' id='word_1_532' title='bbox 2028 2357 2400 2428; x_wconf 72' lang='grc' dir='ltr'>εὑρισκομὲνῳ</span> <span class='ocrx_word' id='word_1_533' title='bbox 2449 2356 2701 2428; x_wconf 75' lang='grc' dir='ltr'>δεσπότῃ,</span> <span class='ocrx_word' id='word_1_534' title='bbox 2737 2359 2836 2428; x_wconf 64' lang='grc' dir='ltr'>οὐχ</span> <span class='ocrx_word' id='word_1_535' title='bbox 2892 2359 3173 2411; x_wconf 81' lang='grc' dir='ltr'>ὑπόκειται</span> <span class='ocrx_word' id='word_1_536' title='bbox 3212 2361 3276 2430; x_wconf 85' lang='grc' dir='ltr'>τῇ</span> <span class='ocrx_word' id='word_1_537' title='bbox 3311 2361 3440 2431; x_wconf 75' lang='grc' dir='ltr'>περὶ</span> <span class='ocrx_word' id='word_1_538' title='bbox 3475 2361 3600 2413; x_wconf 73' lang='grc' dir='ltr'>κλο-</span> 
     </span>
    </p>
   </div>
   <div class='ocr_carea' id='block_1_70' title="bbox 2029 2446 3594 2522">
    <p class='ocr_par' dir='ltr' id='par_1_70' title="bbox 2029 2446 3594 2522">
     <span class='ocr_line' id='line_1_70' title="bbox 2029 2446 3594 2522; baseline -0.003 -18"><span class='ocrx_word' id='word_1_539' title='bbox 2029 2451 2133 2518; x_wconf 82' lang='grc' dir='ltr'>πῆς</span> <span class='ocrx_word' id='word_1_540' title='bbox 2161 2452 2372 2521; x_wconf 79' lang='grc' dir='ltr'>ἀγωγῇ,</span> <span class='ocrx_word' id='word_1_541' title='bbox 2406 2450 2508 2503; x_wconf 67' lang='grc' dir='ltr'>κᾶν</span> <span class='ocrx_word' id='word_1_542' title='bbox 2533 2450 2763 2522; x_wconf 83' lang='grc' dir='ltr'>εὖρετρα</span> <span class='ocrx_word' id='word_1_543' title='bbox 2790 2450 2948 2522; x_wconf 78' lang='grc' dir='ltr'>λάϐῃ.</span> <span class='ocrx_word' id='word_1_544' title='bbox 2982 2451 3255 2513; x_wconf 79' lang='grc' dir='ltr'>Ὡσαύτως</span> <span class='ocrx_word' id='word_1_545' title='bbox 3284 2452 3378 2504; x_wconf 78' lang='grc' dir='ltr'>καὶ</span> <span class='ocrx_word' id='word_1_546' title='bbox 3424 2447 3488 2500; x_wconf 80' lang='grc' dir='ltr'>τὸ</span> <span class='ocrx_word' id='word_1_547' title='bbox 3514 2446 3594 2514; x_wconf 80' lang='grc' dir='ltr'><strong>ξα¹</strong></span> 
     </span>
    </p>
   </div>
   <div class='ocr_carea' id='block_1_71' title="bbox 2026 2540 3598 2613">
    <p class='ocr_par' dir='ltr' id='par_1_71' title="bbox 2026 2540 3598 2613">
     <span class='ocr_line' id='line_1_71' title="bbox 2026 2540 3598 2613; baseline 0.002 -21"><span class='ocrx_word' id='word_1_548' title='bbox 2026 2560 2150 2613; x_wconf 78' lang='grc' dir='ltr'>κεφ.</span> <span class='ocrx_word' id='word_1_549' title='bbox 2177 2542 2271 2594; x_wconf 84' lang='grc' dir='ltr'>τοῦ</span> <span class='ocrx_word' id='word_1_550' title='bbox 2316 2548 2364 2610; x_wconf 83' lang='grc' dir='ltr'>γ’</span> <span class='ocrx_word' id='word_1_551' title='bbox 2399 2543 2576 2594; x_wconf 88' lang='grc' dir='ltr'>τίτλου</span> <span class='ocrx_word' id='word_1_552' title='bbox 2624 2541 2716 2594; x_wconf 80' lang='grc' dir='ltr'>τοῦ</span> <span class='ocrx_word' id='word_1_553' title='bbox 2755 2546 2797 2594; x_wconf 85' lang='grc' dir='ltr'>ν’</span> <span class='ocrx_word' id='word_1_554' title='bbox 2825 2540 3028 2612; x_wconf 79' lang='grc' dir='ltr'>βιϐλίου</span> <span class='ocrx_word' id='word_1_555' title='bbox 3051 2541 3190 2595; x_wconf 75' lang='grc' dir='ltr'>οὕτω</span> <span class='ocrx_word' id='word_1_556' title='bbox 3222 2541 3598 2612; x_wconf 74' lang='grc' dir='ltr'>διαλαμϐάνει·</span> 
     </span>
    </p>
   </div>
   <div class='ocr_carea' id='block_1_72' title="bbox 2038 2630 3601 2703">
    <p class='ocr_par' dir='ltr' id='par_1_72' title="bbox 2038 2630 3601 2703">
     <span class='ocr_line' id='line_1_72' title="bbox 2038 2630 3601 2703; baseline 0.001 -20"><span class='ocrx_word' id='word_1_557' title='bbox 2038 2630 2164 2683; x_wconf 85' lang='grc' dir='ltr'>Ἐάν</span> <span class='ocrx_word' id='word_1_558' title='bbox 2194 2647 2276 2694; x_wconf 87' lang='grc' dir='ltr'><strong>τις</strong></span> <span class='ocrx_word' id='word_1_559' title='bbox 2326 2631 2556 2694; x_wconf 82' lang='grc' dir='ltr'>ἀπόντος</span> <span class='ocrx_word' id='word_1_560' title='bbox 2609 2633 2841 2703; x_wconf 81' lang='grc' dir='ltr'>πρᾶγμα</span> <span class='ocrx_word' id='word_1_561' title='bbox 2888 2631 3118 2702; x_wconf 82' lang='grc' dir='ltr'>κατέσχε</span> <span class='ocrx_word' id='word_1_562' title='bbox 3175 2632 3457 2701; x_wconf 75' lang='grc' dir='ltr'>σχολάζον,</span> <span class='ocrx_word' id='word_1_563' title='bbox 3503 2633 3601 2684; x_wconf 65' lang='grc' dir='ltr'>οὐκ</span> 
     </span>
    </p>
   </div>
   <div class='ocr_carea' id='block_1_73' title="bbox 2026 2719 3598 2794">
    <p class='ocr_par' dir='ltr' id='par_1_73' title="bbox 2026 2719 3598 2794">
     <span class='ocr_line' id='line_1_73' title="bbox 2026 2719 3598 2794; baseline 0.003 -23"><span class='ocrx_word' id='word_1_564' title='bbox 2026 2723 2249 2790; x_wconf 81' lang='grc' dir='ltr'>ὲνήγετο</span> <span class='ocrx_word' id='word_1_565' title='bbox 2277 2719 2337 2772; x_wconf 83' lang='grc' dir='ltr'>τὸ</span> <span class='ocrx_word' id='word_1_566' title='bbox 2359 2721 2587 2773; x_wconf 80' lang='grc' dir='ltr'>παλαιὸν</span> <span class='ocrx_word' id='word_1_567' title='bbox 2617 2722 2649 2792; x_wconf 79' lang='grc' dir='ltr'>ἢ</span> <span class='ocrx_word' id='word_1_568' title='bbox 2681 2721 2758 2793; x_wconf 81' lang='grc' dir='ltr'>τῷ</span> <span class='ocrx_word' id='word_1_569' title='bbox 2787 2724 2912 2794; x_wconf 74' lang='grc' dir='ltr'>περὶ</span> <span class='ocrx_word' id='word_1_570' title='bbox 2941 2723 3060 2792; x_wconf 81' lang='grc' dir='ltr'>βίας</span> <span class='ocrx_word' id='word_1_571' title='bbox 3094 2723 3540 2794; x_wconf 75' lang='grc' dir='ltr'>παραγγέλματι,</span> <span class='ocrx_word' id='word_1_572' title='bbox 3567 2726 3598 2794; x_wconf 73' lang='grc' dir='ltr'><strong>ἢ</strong></span> 
     </span>
    </p>
   </div>
   <div class='ocr_carea' id='block_1_74' title="bbox 2025 2811 3599 2888">
    <p class='ocr_par' dir='ltr' id='par_1_74' title="bbox 2025 2811 3599 2888">
     <span class='ocr_line' id='line_1_74' title="bbox 2025 2811 3599 2888; baseline 0.003 -25"><span class='ocrx_word' id='word_1_573' title='bbox 2025 2811 2121 2883; x_wconf 77' lang='grc' dir='ltr'><strong>τῷ,</strong></span> <span class='ocrx_word' id='word_1_574' title='bbox 2158 2814 2334 2883; x_wconf 83' lang='grc' dir='ltr'>Ὅπερ</span> <span class='ocrx_word' id='word_1_575' title='bbox 2379 2812 2469 2883; x_wconf 77' lang='grc' dir='ltr'><strong>βία</strong></span> <span class='ocrx_word' id='word_1_576' title='bbox 2497 2813 2529 2884; x_wconf 84' lang='grc' dir='ltr'>ἢ</span> <span class='ocrx_word' id='word_1_577' title='bbox 2567 2813 2761 2885; x_wconf 83' lang='grc' dir='ltr'>λάθρα,</span> <span class='ocrx_word' id='word_1_578' title='bbox 2793 2817 2841 2868; x_wconf 86' lang='grc' dir='ltr'><strong>εί</strong></span> <span class='ocrx_word' id='word_1_579' title='bbox 2873 2817 2947 2886; x_wconf 83' lang='grc' dir='ltr'>μὴ</span> <span class='ocrx_word' id='word_1_580' title='bbox 2978 2815 3087 2888; x_wconf 82' lang='grc' dir='ltr'>ἄρα</span> <span class='ocrx_word' id='word_1_581' title='bbox 3116 2817 3180 2884; x_wconf 81' lang='grc' dir='ltr'><strong>τῇ</strong></span> <span class='ocrx_word' id='word_1_582' title='bbox 3208 2815 3276 2866; x_wconf 79' lang='grc' dir='ltr'><strong>τά</strong></span> <span class='ocrx_word' id='word_1_583' title='bbox 3311 2816 3418 2869; x_wconf 81' lang='grc' dir='ltr'>ἴδια</span> <span class='ocrx_word' id='word_1_584' title='bbox 3461 2817 3599 2868; x_wconf 67' lang='lat' dir='ltr'><strong>sxa-t-</strong></span> 
     </span>
    </p>
   </div>
   <div class='ocr_carea' id='block_1_75' title="bbox 2025 2900 3598 2979">
    <p class='ocr_par' dir='ltr' id='par_1_75' title="bbox 2025 2900 3598 2979">
     <span class='ocr_line' id='line_1_75' title="bbox 2025 2900 3598 2979; baseline 0.002 -21"><span class='ocrx_word' id='word_1_585' title='bbox 2025 2904 2196 2979; x_wconf 73' lang='grc' dir='ltr'><strong>κοὺσῃ</strong></span> <span class='ocrx_word' id='word_1_586' title='bbox 2216 2908 2428 2976; x_wconf 79' lang='grc' dir='ltr'>ἀγωγῇ,</span> <span class='ocrx_word' id='word_1_587' title='bbox 2464 2908 2521 2958; x_wconf 85' lang='grc' dir='ltr'>ὲν</span> <span class='ocrx_word' id='word_1_588' title='bbox 2549 2900 2592 2972; x_wconf 72' lang='grc' dir='ltr'>ᾧ</span> <span class='ocrx_word' id='word_1_589' title='bbox 2625 2907 2889 2977; x_wconf 75' lang='grc' dir='ltr'>δεσπότης</span> <span class='ocrx_word' id='word_1_590' title='bbox 2912 2904 2978 2978; x_wconf 81' lang='grc' dir='ltr'>ἦν</span> <span class='ocrx_word' id='word_1_591' title='bbox 3003 2913 3030 2960; x_wconf 83' lang='grc' dir='ltr'><strong>ό</strong></span> <span class='ocrx_word' id='word_1_592' title='bbox 3055 2906 3225 2959; x_wconf 82' lang='grc' dir='ltr'>ἀπών.</span> <span class='ocrx_word' id='word_1_593' title='bbox 3273 2907 3467 2977; x_wconf 80' lang='grc' dir='ltr'>Ἡμεῖς</span> <span class='ocrx_word' id='word_1_594' title='bbox 3489 2904 3598 2972; x_wconf 78' lang='grc' dir='ltr'>οὖν,</span> 
     </span>
    </p>
   </div>
   <div class='ocr_carea' id='block_1_76' title="bbox 2024 2999 3599 3074">
    <p class='ocr_par' dir='ltr' id='par_1_76' title="bbox 2024 2999 3599 3074">
     <span class='ocr_line' id='line_1_76' title="bbox 2024 2999 3599 3074; baseline 0.004 -24"><span class='ocrx_word' id='word_1_595' title='bbox 2024 2999 2098 3062; x_wconf 85' lang='grc' dir='ltr'>ὡς</span> <span class='ocrx_word' id='word_1_596' title='bbox 2121 2999 2289 3071; x_wconf 78' lang='grc' dir='ltr'>νομέα</span> <span class='ocrx_word' id='word_1_597' title='bbox 2323 3000 2470 3064; x_wconf 76' lang='grc' dir='ltr'>ὄντα,</span> <span class='ocrx_word' id='word_1_598' title='bbox 2527 3000 2826 3071; x_wconf 82' lang='grc' dir='ltr'>βουλόμεθα</span> <span class='ocrx_word' id='word_1_599' title='bbox 2862 3003 3179 3072; x_wconf 80' lang='grc' dir='ltr'>κρατεῖσθαι</span> <span class='ocrx_word' id='word_1_600' title='bbox 3211 3002 3288 3072; x_wconf 80' lang='grc' dir='ltr'>τῷ</span> <span class='ocrx_word' id='word_1_601' title='bbox 3326 3005 3456 3074; x_wconf 72' lang='grc' dir='ltr'>περὶ</span> <span class='ocrx_word' id='word_1_602' title='bbox 3485 3003 3599 3072; x_wconf 82' lang='grc' dir='ltr'>βίας</span> 
     </span>
    </p>
   </div>
   <div class='ocr_carea' id='block_1_77' title="bbox 2026 3093 3597 3166">
    <p class='ocr_par' dir='ltr' id='par_1_77' title="bbox 2026 3093 3597 3166">
     <span class='ocr_line' id='line_1_77' title="bbox 2026 3093 3597 3166; baseline 0.001 -22"><span class='ocrx_word' id='word_1_603' title='bbox 2026 3093 2225 3162; x_wconf 84' lang='grc' dir='ltr'>γενικῴ</span> <span class='ocrx_word' id='word_1_604' title='bbox 2261 3093 2702 3162; x_wconf 67' lang='grc' dir='ltr'>παραγγέλματν</span> <span class='ocrx_word' id='word_1_605' title='bbox 2737 3093 2943 3161; x_wconf 86' lang='grc' dir='ltr'>γελοῖον</span> <span class='ocrx_word' id='word_1_606' title='bbox 2983 3095 3090 3166; x_wconf 83' lang='grc' dir='ltr'><strong>γάρ</strong></span> <span class='ocrx_word' id='word_1_607' title='bbox 3135 3098 3250 3147; x_wconf 85' lang='grc' dir='ltr'>ἐστι</span> <span class='ocrx_word' id='word_1_608' title='bbox 3303 3096 3366 3147; x_wconf 78' lang='grc' dir='ltr'>τὸ</span> <span class='ocrx_word' id='word_1_609' title='bbox 3399 3097 3597 3164; x_wconf 78' lang='grc' dir='ltr'>λέγειν,</span> 
     </span>
    </p>
   </div>
   <div class='ocr_carea' id='block_1_78' title="bbox 2027 3183 3597 3257">
    <p class='ocr_par' dir='ltr' id='par_1_78' title="bbox 2027 3183 3597 3257">
     <span class='ocr_line' id='line_1_78' title="bbox 2027 3183 3597 3257; baseline 0.003 -22"><span class='ocrx_word' id='word_1_610' title='bbox 2027 3185 2107 3236; x_wconf 83' lang='grc' dir='ltr'>ὅτι</span> <span class='ocrx_word' id='word_1_611' title='bbox 2140 3184 2386 3254; x_wconf 72' lang='grc' dir='ltr'>ἐνόμιζον</span> <span class='ocrx_word' id='word_1_612' title='bbox 2415 3185 2541 3238; x_wconf 74' lang='grc' dir='ltr'>ἴδιον</span> <span class='ocrx_word' id='word_1_613' title='bbox 2592 3186 2653 3237; x_wconf 80' lang='grc' dir='ltr'>τὸ</span> <span class='ocrx_word' id='word_1_614' title='bbox 2682 3185 2977 3255; x_wconf 52' lang='grc' dir='ltr'>ἀλλότριον</span> <span class='ocrx_word' id='word_1_615' title='bbox 3013 3184 3200 3257; x_wconf 81' lang='grc' dir='ltr'>ὥσπερ</span> <span class='ocrx_word' id='word_1_616' title='bbox 3232 3183 3325 3239; x_wconf 75' lang='grc' dir='ltr'>οὖν</span> <span class='ocrx_word' id='word_1_617' title='bbox 3357 3188 3453 3240; x_wconf 73' lang='grc' dir='ltr'>καὶ</span> <span class='ocrx_word' id='word_1_618' title='bbox 3513 3191 3597 3239; x_wconf 72' lang='grc' dir='ltr'><strong>ἐπὶ</strong></span> 
     </span>
    </p>
   </div>
   <div class='ocr_carea' id='block_1_79' title="bbox 2025 3276 3598 3350">
    <p class='ocr_par' dir='ltr' id='par_1_79' title="bbox 2025 3276 3598 3350">
     <span class='ocr_line' id='line_1_79' title="bbox 2025 3276 3598 3350; baseline 0.003 -23"><span class='ocrx_word' id='word_1_619' title='bbox 2025 3276 2122 3345; x_wconf 80' lang='grc' dir='ltr'>τῆς</span> <span class='ocrx_word' id='word_1_620' title='bbox 2150 3277 2272 3346; x_wconf 78' lang='grc' dir='ltr'>περὶ</span> <span class='ocrx_word' id='word_1_621' title='bbox 2299 3276 2504 3347; x_wconf 77' lang='grc' dir='ltr'>κλοπῆς</span> <span class='ocrx_word' id='word_1_622' title='bbox 2547 3279 2626 3339; x_wconf 80' lang='grc' dir='ltr'><strong>είς</strong></span> <span class='ocrx_word' id='word_1_623' title='bbox 2675 3278 2735 3330; x_wconf 82' lang='grc' dir='ltr'>τὸ</span> <span class='ocrx_word' id='word_1_624' title='bbox 2773 3277 3052 3330; x_wconf 86' lang='grc' dir='ltr'>διπλάσιον</span> <span class='ocrx_word' id='word_1_625' title='bbox 3100 3279 3321 3348; x_wconf 72' lang='grc' dir='ltr'>ἀγωγῆς</span> <span class='ocrx_word' id='word_1_626' title='bbox 3353 3281 3598 3350; x_wconf 78' lang='grc' dir='ltr'>εἴπομεν,</span> 
     </span>
    </p>
   </div>
   <div class='ocr_carea' id='block_1_80' title="bbox 2026 3368 3601 3443">
    <p class='ocr_par' dir='ltr' id='par_1_80' title="bbox 2026 3368 3601 3443">
     <span class='ocr_line' id='line_1_80' title="bbox 2026 3368 3601 3443; baseline 0.004 -25"><span class='ocrx_word' id='word_1_627' title='bbox 2026 3368 2105 3418; x_wconf 77' lang='grc' dir='ltr'>ὅτι</span> <span class='ocrx_word' id='word_1_628' title='bbox 2130 3369 2157 3420; x_wconf 83' lang='grc' dir='ltr'>ὁ</span> <span class='ocrx_word' id='word_1_629' title='bbox 2205 3370 2353 3439; x_wconf 72' lang='grc' dir='ltr'>παρὰ</span> <span class='ocrx_word' id='word_1_630' title='bbox 2385 3368 2608 3440; x_wconf 71' lang='grc' dir='ltr'>γνώμην</span> <span class='ocrx_word' id='word_1_631' title='bbox 2637 3369 2732 3422; x_wconf 80' lang='grc' dir='ltr'>τοῦ</span> <span class='ocrx_word' id='word_1_632' title='bbox 2766 3371 3022 3423; x_wconf 84' lang='grc' dir='ltr'>δεσπότου</span> <span class='ocrx_word' id='word_1_633' title='bbox 3081 3371 3344 3441; x_wconf 67' lang='grc' dir='ltr'>ψηλαφῶν</span> <span class='ocrx_word' id='word_1_634' title='bbox 3398 3372 3601 3443; x_wconf 63' lang='grc' dir='ltr'>κλοπὴν</span> 
     </span>
    </p>
   </div>
   <div class='ocr_carea' id='block_1_81' title="bbox 2027 3461 3601 3533">
    <p class='ocr_par' dir='ltr' id='par_1_81' title="bbox 2027 3461 3601 3533">
     <span class='ocr_line' id='line_1_81' title="bbox 2027 3461 3601 3533; baseline 0.003 -22"><span class='ocrx_word' id='word_1_635' title='bbox 2027 3461 2351 3530; x_wconf 76' lang='grc' dir='ltr'>ἁμαρτάνει.</span> <span class='ocrx_word' id='word_1_636' title='bbox 2403 3461 2588 3513; x_wconf 76' lang='grc' dir='ltr'>Ταῦτα</span> <span class='ocrx_word' id='word_1_637' title='bbox 2631 3462 2688 3513; x_wconf 83' lang='grc' dir='ltr'><em>δέ</em></span> <span class='ocrx_word' id='word_1_638' title='bbox 2721 3479 2919 3532; x_wconf 74' lang='grc' dir='ltr'>φαμεν,</span> <span class='ocrx_word' id='word_1_639' title='bbox 2956 3463 3047 3514; x_wconf 79' lang='grc' dir='ltr'>ἐὰν</span> <span class='ocrx_word' id='word_1_640' title='bbox 3081 3465 3153 3533; x_wconf 79' lang='grc' dir='ltr'>μὴ</span> <span class='ocrx_word' id='word_1_641' title='bbox 3188 3466 3601 3533; x_wconf 80' lang='grc' dir='ltr'>τριακονταετία</span> 
     </span>
    </p>
   </div>
   <div class='ocr_carea' id='block_1_82' title="bbox 2027 3547 3604 3625">
    <p class='ocr_par' dir='ltr' id='par_1_82' title="bbox 2027 3547 3604 3625">
     <span class='ocr_line' id='line_1_82' title="bbox 2027 3547 3604 3625; baseline 0.003 -20"><span class='ocrx_word' id='word_1_642' title='bbox 2027 3554 2299 3624; x_wconf 74' lang='grc' dir='ltr'>παρῆλθεν</span> <span class='ocrx_word' id='word_1_643' title='bbox 2331 3553 2390 3618; x_wconf 79' lang='grc' dir='ltr'>ἐξ</span> <span class='ocrx_word' id='word_1_644' title='bbox 2423 3547 2482 3606; x_wconf 69' lang='grc' dir='ltr'><strong>οὗ</strong></span> <span class='ocrx_word' id='word_1_645' title='bbox 2516 3555 2613 3625; x_wconf 76' lang='grc' dir='ltr'>τῆς</span> <span class='ocrx_word' id='word_1_646' title='bbox 2645 3556 2814 3625; x_wconf 76' lang='grc' dir='ltr'>νομῆς</span> <span class='ocrx_word' id='word_1_647' title='bbox 2854 3555 3162 3607; x_wconf 79' lang='grc' dir='ltr'>ἐπελάϐετο.</span> <span class='ocrx_word' id='word_1_648' title='bbox 3194 3557 3511 3625; x_wconf 79' lang='grc' dir='ltr'>Σημείωσαι</span> <span class='ocrx_word' id='word_1_649' title='bbox 3538 3559 3604 3610; x_wconf 74' lang='grc' dir='ltr'><strong>τα</strong></span> 
     </span>
    </p>
   </div>
   <div class='ocr_carea' id='block_1_83' title="bbox 2026 3646 3603 3719">
    <p class='ocr_par' dir='ltr' id='par_1_83' title="bbox 2026 3646 3603 3719">
     <span class='ocr_line' id='line_1_83' title="bbox 2026 3646 3603 3719; baseline 0.002 -22"><span class='ocrx_word' id='word_1_650' title='bbox 2026 3646 2258 3698; x_wconf 71' lang='grc' dir='ltr'>ἐνταῦθα</span> <span class='ocrx_word' id='word_1_651' title='bbox 2316 3647 2674 3718; x_wconf 76' lang='grc' dir='ltr'>γεγραμμένα</span> <span class='ocrx_word' id='word_1_652' title='bbox 2732 3649 2860 3718; x_wconf 70' lang='grc' dir='ltr'>περὶ</span> <span class='ocrx_word' id='word_1_653' title='bbox 2918 3647 3026 3699; x_wconf 79' lang='grc' dir='ltr'>τῶν</span> <span class='ocrx_word' id='word_1_654' title='bbox 3087 3649 3432 3719; x_wconf 78' lang='grc' dir='ltr'>πραγμάτιον</span> <span class='ocrx_word' id='word_1_655' title='bbox 3496 3651 3603 3702; x_wconf 80' lang='grc' dir='ltr'>τῶν</span> 
     </span>
    </p>
   </div>
   <div class='ocr_carea' id='block_1_84' title="bbox 2026 3739 3594 3810">
    <p class='ocr_par' dir='ltr' id='par_1_84' title="bbox 2026 3739 3594 3810">
     <span class='ocr_line' id='line_1_84' title="bbox 2026 3739 3594 3810; baseline -0.004 -18"><span class='ocrx_word' id='word_1_656' title='bbox 2026 3739 2398 3810; x_wconf 81' lang='grc' dir='ltr'>αἰχμαλώτων.</span> <span class='ocrx_word' id='word_1_657' title='bbox 2445 3739 2737 3807; x_wconf 81' lang='grc' dir='ltr'>Ἀνάγνωθι</span> <span class='ocrx_word' id='word_1_658' title='bbox 2767 3741 2858 3792; x_wconf 79' lang='grc' dir='ltr'>καὶ</span> <span class='ocrx_word' id='word_1_659' title='bbox 2886 3740 3021 3809; x_wconf 82' lang='grc' dir='ltr'>βιϐλ.</span> <span class='ocrx_word' id='word_1_660' title='bbox 3051 3739 3142 3805; x_wconf 70' lang='grc' dir='ltr'><strong>λδ,</strong></span> <span class='ocrx_word' id='word_1_661' title='bbox 3193 3758 3294 3792; x_wconf 90' lang='grc' dir='ltr'>τιτ.</span> <span class='ocrx_word' id='word_1_662' title='bbox 3344 3748 3414 3804; x_wconf 87' lang='grc' dir='ltr'><strong>α’,</strong></span> <span class='ocrx_word' id='word_1_663' title='bbox 3472 3759 3594 3809; x_wconf 49' lang='grc' dir='ltr'>κερ,</span> 
     </span>
    </p>
   </div>
   <div class='ocr_carea' id='block_1_85' title="bbox 2031 3829 3602 3903">
    <p class='ocr_par' dir='ltr' id='par_1_85' title="bbox 2031 3829 3602 3903">
     <span class='ocr_line' id='line_1_85' title="bbox 2031 3829 3602 3903; baseline 0.003 -21"><span class='ocrx_word' id='word_1_664' title='bbox 2031 3829 2117 3894; x_wconf 77' lang='grc' dir='ltr'>ιζ’,</span> <span class='ocrx_word' id='word_1_665' title='bbox 2154 3831 2330 3899; x_wconf 81' lang='grc' dir='ltr'>λέγον·</span> <span class='ocrx_word' id='word_1_666' title='bbox 2380 3831 2516 3892; x_wconf 76' lang='grc' dir='ltr'>Τοὺς</span> <span class='ocrx_word' id='word_1_667' title='bbox 2551 3831 2954 3901; x_wconf 64' lang='grc' dir='ltr'>ἁναληφθέντας</span> <span class='ocrx_word' id='word_1_668' title='bbox 2986 3831 3132 3903; x_wconf 75' lang='grc' dir='ltr'>παρὰ</span> <span class='ocrx_word' id='word_1_669' title='bbox 3184 3833 3289 3884; x_wconf 80' lang='grc' dir='ltr'>τῶν</span> <span class='ocrx_word' id='word_1_670' title='bbox 3328 3833 3602 3903; x_wconf 77' lang='grc' dir='ltr'>πολεμίων</span> 
     </span>
    </p>
   </div>
   <div class='ocr_carea' id='block_1_86' title="bbox 2027 3921 3604 3996">
    <p class='ocr_par' dir='ltr' id='par_1_86' title="bbox 2027 3921 3604 3996">
     <span class='ocr_line' id='line_1_86' title="bbox 2027 3921 3604 3996; baseline 0 -20"><span class='ocrx_word' id='word_1_671' title='bbox 2027 3923 2229 3993; x_wconf 69' lang='grc' dir='ltr'>ἀγροὺς</span> <span class='ocrx_word' id='word_1_672' title='bbox 2260 3924 2309 3975; x_wconf 82' lang='grc' dir='ltr'>οἱ</span> <span class='ocrx_word' id='word_1_673' title='bbox 2343 3922 2532 3994; x_wconf 82' lang='grc' dir='ltr'>πρώην</span> <span class='ocrx_word' id='word_1_674' title='bbox 2561 3921 3001 3992; x_wconf 84' lang='grc' dir='ltr'>ἀναλαμϐάνουσι</span> <span class='ocrx_word' id='word_1_675' title='bbox 3027 3923 3300 3978; x_wconf 82' lang='grc' dir='ltr'>δεσπόται·</span> <span class='ocrx_word' id='word_1_676' title='bbox 3325 3927 3386 3978; x_wconf 72' lang='grc' dir='ltr'>οὗ</span> <span class='ocrx_word' id='word_1_677' title='bbox 3409 3928 3523 3996; x_wconf 80' lang='grc' dir='ltr'>γὰρ</span> <span class='ocrx_word' id='word_1_678' title='bbox 3549 3928 3604 3976; x_wconf 79' lang='grc' dir='ltr'>ἐν</span> 
     </span>
    </p>
   </div>
   <div class='ocr_carea' id='block_1_87' title="bbox 2027 4015 3602 4090">
    <p class='ocr_par' dir='ltr' id='par_1_87' title="bbox 2027 4015 3602 4090">
     <span class='ocr_line' id='line_1_87' title="bbox 2027 4015 3602 4090; baseline -0.003 -19"><span class='ocrx_word' id='word_1_679' title='bbox 2027 4018 2174 4082; x_wconf 79' lang='grc' dir='ltr'>τάξει</span> <span class='ocrx_word' id='word_1_680' title='bbox 2208 4017 2438 4088; x_wconf 79' lang='grc' dir='ltr'>πραίδας</span> <span class='ocrx_word' id='word_1_681' title='bbox 2465 4017 2602 4068; x_wconf 66' lang='grc' dir='ltr'>εἰσὶν</span> <span class='ocrx_word' id='word_1_682' title='bbox 2639 4015 2759 4068; x_wconf 63' lang='grc' dir='ltr'>οὐδὲ</span> <span class='ocrx_word' id='word_1_683' title='bbox 2802 4015 3046 4085; x_wconf 75' lang='grc' dir='ltr'>δημόσιοι</span> <span class='ocrx_word' id='word_1_684' title='bbox 3094 4017 3349 4083; x_wconf 86' lang='grc' dir='ltr'>γίνονται.</span> <span class='ocrx_word' id='word_1_685' title='bbox 3382 4019 3458 4070; x_wconf 75' lang='grc' dir='ltr'><strong>(Ιὺ</strong></span> <span class='ocrx_word' id='word_1_686' title='bbox 3496 4020 3602 4090; x_wconf 65' lang='grc' dir='ltr'><strong>γὰρ</strong></span> 
     </span>
    </p>
   </div>
   <div class='ocr_carea' id='block_1_88' title="bbox 2026 4106 3638 4179">
    <p class='ocr_par' dir='ltr' id='par_1_88' title="bbox 2026 4106 3638 4179">
     <span class='ocr_line' id='line_1_88' title="bbox 2026 4106 3638 4179; baseline 0.001 -19"><span class='ocrx_word' id='word_1_687' title='bbox 2026 4109 2133 4160; x_wconf 82' lang='grc' dir='ltr'>τῶν</span> <span class='ocrx_word' id='word_1_688' title='bbox 2166 4108 2439 4178; x_wconf 83' lang='grc' dir='ltr'>πολεμίων</span> <span class='ocrx_word' id='word_1_689' title='bbox 2465 4106 2885 4176; x_wconf 81' lang='grc' dir='ltr'>λαμϐανόμενοι,</span> <span class='ocrx_word' id='word_1_690' title='bbox 2923 4109 3157 4174; x_wconf 85' lang='grc' dir='ltr'>γίνονται</span> <span class='ocrx_word' id='word_1_691' title='bbox 3196 4109 3463 4179; x_wconf 76' lang='grc' dir='ltr'>δημόσιοι.</span> <span class='ocrx_word' id='word_1_692' title='bbox 3503 4112 3604 4179; x_wconf 74' lang='grc' dir='ltr'><strong>Ση-</strong></span> <span class='ocrx_word' id='word_1_693' title='bbox 3625 4137 3638 4147; x_wconf 87' lang='lat'><strong>-</strong></span> 
     </span>
    </p>
   </div>
   <div class='ocr_carea' id='block_1_89' title="bbox 2030 4196 3606 4272">
    <p class='ocr_par' dir='ltr' id='par_1_89' title="bbox 2030 4196 3606 4272">
     <span class='ocr_line' id='line_1_89' title="bbox 2030 4196 3606 4272; baseline 0.001 -19"><span class='ocrx_word' id='word_1_694' title='bbox 2030 4201 2257 4272; x_wconf 89' lang='grc' dir='ltr'>μείωσαι</span> <span class='ocrx_word' id='word_1_695' title='bbox 2283 4196 2398 4262; x_wconf 77' lang='grc' dir='ltr'>οὖν,</span> <span class='ocrx_word' id='word_1_696' title='bbox 2434 4199 2512 4252; x_wconf 77' lang='grc' dir='ltr'>ὅτι</span> <span class='ocrx_word' id='word_1_697' title='bbox 2547 4199 2642 4251; x_wconf 73' lang='grc' dir='ltr'>καὶ</span> <span class='ocrx_word' id='word_1_698' title='bbox 2670 4199 2778 4251; x_wconf 77' lang='grc' dir='ltr'>άπὸ</span> <span class='ocrx_word' id='word_1_699' title='bbox 2810 4200 2918 4252; x_wconf 85' lang='grc' dir='ltr'>τῶν</span> <span class='ocrx_word' id='word_1_700' title='bbox 2952 4200 3190 4252; x_wconf 81' lang='grc' dir='ltr'>κανόνων</span> <span class='ocrx_word' id='word_1_701' title='bbox 3232 4202 3323 4253; x_wconf 71' lang='grc' dir='ltr'>καὶ</span> <span class='ocrx_word' id='word_1_702' title='bbox 3355 4202 3463 4254; x_wconf 70' lang='grc' dir='ltr'><strong>ἀπὸ</strong></span> <span class='ocrx_word' id='word_1_703' title='bbox 3497 4203 3606 4254; x_wconf 78' lang='grc' dir='ltr'>τῶν</span> 
     </span>
    </p>
   </div>
   <div class='ocr_carea' id='block_1_90' title="bbox 2027 4291 3608 4365">
    <p class='ocr_par' dir='ltr' id='par_1_90' title="bbox 2027 4291 3608 4365">
     <span class='ocr_line' id='line_1_90' title="bbox 2027 4291 3608 4365; baseline 0.001 -18"><span class='ocrx_word' id='word_1_704' title='bbox 2027 4294 2204 4365; x_wconf 89' lang='grc' dir='ltr'>νόμων</span> <span class='ocrx_word' id='word_1_705' title='bbox 2230 4294 2291 4346; x_wconf 81' lang='grc' dir='ltr'>οὐ</span> <span class='ocrx_word' id='word_1_706' title='bbox 2327 4292 2475 4364; x_wconf 86' lang='grc' dir='ltr'>μόνοι</span> <span class='ocrx_word' id='word_1_707' title='bbox 2508 4293 2558 4343; x_wconf 86' lang='grc' dir='ltr'>οἱ</span> <span class='ocrx_word' id='word_1_708' title='bbox 2588 4291 2656 4344; x_wconf 80' lang='grc' dir='ltr'><strong>τά</strong></span> <span class='ocrx_word' id='word_1_709' title='bbox 2709 4292 2817 4344; x_wconf 83' lang='grc' dir='ltr'>τῶν</span> <span class='ocrx_word' id='word_1_710' title='bbox 2871 4293 3414 4361; x_wconf 70' lang='grc' dir='ltr'>αἰχμαλωτισθέντων</span> <span class='ocrx_word' id='word_1_711' title='bbox 3465 4297 3608 4349; x_wconf 82' lang='grc' dir='ltr'>ἀπο-</span> 
     </span>
    </p>
   </div>
   <div class='ocr_carea' id='block_1_91' title="bbox 2029 4384 3607 4457">
    <p class='ocr_par' dir='ltr' id='par_1_91' title="bbox 2029 4384 3607 4457">
     <span class='ocr_line' id='line_1_91' title="bbox 2029 4384 3607 4457; baseline 0.001 -18"><span class='ocrx_word' id='word_1_712' title='bbox 2029 4386 2295 4448; x_wconf 84' lang='grc' dir='ltr'>συλῶντες</span> <span class='ocrx_word' id='word_1_713' title='bbox 2340 4385 2372 4456; x_wconf 82' lang='grc' dir='ltr'>ἢ</span> <span class='ocrx_word' id='word_1_714' title='bbox 2416 4384 2751 4456; x_wconf 80' lang='grc' dir='ltr'>ἁρπάζοντες</span> <span class='ocrx_word' id='word_1_715' title='bbox 2800 4385 3115 4450; x_wconf 78' lang='grc' dir='ltr'>κολάζονται</span> <span class='ocrx_word' id='word_1_716' title='bbox 3161 4387 3253 4439; x_wconf 74' lang='grc' dir='ltr'>καὶ</span> <span class='ocrx_word' id='word_1_717' title='bbox 3307 4387 3607 4457; x_wconf 77' lang='grc' dir='ltr'>ἐνέχονται,</span> 
     </span>
    </p>
   </div>
   <div class='ocr_carea' id='block_1_92' title="bbox 352 4467 1927 4548">
    <p class='ocr_par' dir='ltr' id='par_1_92' title="bbox 352 4467 1922 4543">
     <span class='ocr_line' id='line_1_92' title="bbox 352 4467 1922 4543; baseline -0.006 -16"><span class='ocrx_word' id='word_1_718' title='bbox 352 4473 432 4528; x_wconf 88' lang='lat' dir='ltr'><strong>eis</strong></span> <span class='ocrx_word' id='word_1_719' title='bbox 453 4471 770 4543; x_wconf 61' lang='lat' dir='ltr'><strong>paenitentia</strong></span> <span class='ocrx_word' id='word_1_720' title='bbox 788 4469 1136 4540; x_wconf 83' lang='lat' dir='ltr'><strong>injungetur;</strong></span> <span class='ocrx_word' id='word_1_721' title='bbox 1163 4470 1462 4524; x_wconf 88' lang='lat' dir='ltr'><strong>secundum</strong></span> <span class='ocrx_word' id='word_1_722' title='bbox 1485 4467 1698 4522; x_wconf 86' lang='lat' dir='ltr'><strong>civilem</strong></span> <span class='ocrx_word' id='word_1_723' title='bbox 1720 4475 1922 4530; x_wconf 86' lang='lat' dir='ltr'><strong>autem,</strong></span> 
     </span>
    </p>
   </div>
   <div class='ocr_carea' id='block_1_93' title="bbox 2030 4467 3608 4548">
    <p class='ocr_par' dir='ltr' id='par_1_93' title="bbox 2030 4476 3608 4548">
     <span class='ocr_line' id='line_1_93' title="bbox 2030 4476 3608 4548; baseline 0.001 -17"><span class='ocrx_word' id='word_1_724' title='bbox 2030 4477 2162 4532; x_wconf 72' lang='grc' dir='ltr'>ἀλλὰ</span> <span class='ocrx_word' id='word_1_725' title='bbox 2197 4478 2290 4530; x_wconf 72' lang='grc' dir='ltr'>καὶ</span> <span class='ocrx_word' id='word_1_726' title='bbox 2320 4479 2366 4528; x_wconf 82' lang='grc' dir='ltr'>οἱ</span> <span class='ocrx_word' id='word_1_727' title='bbox 2400 4476 2608 4547; x_wconf 75' lang='grc' dir='ltr'>εὖρεμά</span> <span class='ocrx_word' id='word_1_728' title='bbox 2635 4493 2686 4528; x_wconf 88' lang='grc' dir='ltr'><strong>τι</strong></span> <span class='ocrx_word' id='word_1_729' title='bbox 2710 4476 2742 4546; x_wconf 78' lang='grc' dir='ltr'><strong>ἧ</strong></span> <span class='ocrx_word' id='word_1_730' title='bbox 2767 4477 3020 4548; x_wconf 82' lang='grc' dir='ltr'>ἀκίνητον</span> <span class='ocrx_word' id='word_1_731' title='bbox 3063 4477 3318 4548; x_wconf 74' lang='grc' dir='ltr'>σχολάζον</span> <span class='ocrx_word' id='word_1_732' title='bbox 3357 4479 3608 4548; x_wconf 80' lang='grc' dir='ltr'>λέγοντες</span> 
     </span>
    </p>
   </div>
   <div class='ocr_carea' id='block_1_94' title="bbox 355 4558 1926 4634">
    <p class='ocr_par' dir='ltr' id='par_1_94' title="bbox 355 4558 1926 4634">
     <span class='ocr_line' id='line_1_94' title="bbox 355 4558 1926 4634; baseline -0.006 -14"><span class='ocrx_word' id='word_1_733' title='bbox 355 4567 441 4622; x_wconf 88' lang='lat' dir='ltr'><strong>vel</strong></span> <span class='ocrx_word' id='word_1_734' title='bbox 479 4575 539 4620; x_wconf 91' lang='lat' dir='ltr'><strong>ut</strong></span> <span class='ocrx_word' id='word_1_735' title='bbox 573 4563 725 4626; x_wconf 73' lang='lat' dir='ltr'><strong>fures</strong></span> <span class='ocrx_word' id='word_1_736' title='bbox 758 4563 1082 4634; x_wconf 87' lang='lat' dir='ltr'><strong>puniuntur,</strong></span> <span class='ocrx_word' id='word_1_737' title='bbox 1131 4563 1176 4617; x_wconf 92' lang='lat' dir='ltr'><strong>si</strong></span> <span class='ocrx_word' id='word_1_738' title='bbox 1206 4578 1294 4616; x_wconf 84' lang='lat' dir='ltr'><strong>res</strong></span> <span class='ocrx_word' id='word_1_739' title='bbox 1324 4562 1427 4615; x_wconf 92' lang='lat' dir='ltr'><strong>erit</strong></span> <span class='ocrx_word' id='word_1_740' title='bbox 1463 4560 1704 4624; x_wconf 91' lang='lat' dir='ltr'><strong>mobilis,</strong></span> <span class='ocrx_word' id='word_1_741' title='bbox 1731 4559 1816 4612; x_wconf 88' lang='lat' dir='ltr'><strong>vel</strong></span> <span class='ocrx_word' id='word_1_742' title='bbox 1838 4558 1926 4611; x_wconf 91' lang='lat' dir='ltr'><strong>in-</strong></span> 
     </span>
    </p>
   </div>
   <div class='ocr_carea' id='block_1_95' title="bbox 357 4653 1926 4721">
    <p class='ocr_par' dir='ltr' id='par_1_95' title="bbox 357 4653 1926 4721">
     <span class='ocr_line' id='line_1_95' title="bbox 357 4653 1926 4721; baseline -0.005 -8"><span class='ocrx_word' id='word_1_743' title='bbox 357 4658 588 4714; x_wconf 85' lang='lat' dir='ltr'><strong>terdicto</strong></span> <span class='ocrx_word' id='word_1_744' title='bbox 617 4658 685 4712; x_wconf 90' lang='lat' dir='ltr'><strong>de</strong></span> <span class='ocrx_word' id='word_1_745' title='bbox 716 4657 792 4721; x_wconf 85' lang='lat' dir='ltr'><strong>vi,</strong></span> <span class='ocrx_word' id='word_1_746' title='bbox 838 4656 885 4712; x_wconf 86' lang='lat' dir='ltr'><strong>si</strong></span> <span class='ocrx_word' id='word_1_747' title='bbox 934 4656 1037 4710; x_wconf 85' lang='lat' dir='ltr'><strong>erit</strong></span> <span class='ocrx_word' id='word_1_748' title='bbox 1089 4655 1406 4710; x_wconf 89' lang='lat' dir='ltr'><strong>immobilis.</strong></span> <span class='ocrx_word' id='word_1_749' title='bbox 1450 4653 1679 4720; x_wconf 89' lang='lat' dir='ltr'><strong>Quando</strong></span> <span class='ocrx_word' id='word_1_750' title='bbox 1721 4661 1926 4715; x_wconf 88' lang='lat' dir='ltr'><strong>autem,</strong></span> 
     </span>
    </p>
   </div>
   <div class='ocr_carea' id='block_1_96' title="bbox 351 4748 1928 4822">
    <p class='ocr_par' dir='ltr' id='par_1_96' title="bbox 351 4748 1928 4822">
     <span class='ocr_line' id='line_1_96' title="bbox 351 4748 1928 4822; baseline -0.002 -16"><span class='ocrx_word' id='word_1_751' title='bbox 351 4751 499 4822; x_wconf 91' lang='lat' dir='ltr'><strong>quod</strong></span> <span class='ocrx_word' id='word_1_752' title='bbox 533 4751 814 4804; x_wconf 85' lang='lat' dir='ltr'><strong>inventum</strong></span> <span class='ocrx_word' id='word_1_753' title='bbox 847 4750 1151 4820; x_wconf 85' lang='lat' dir='ltr'><strong>neglectum</strong></span> <span class='ocrx_word' id='word_1_754' title='bbox 1183 4759 1288 4812; x_wconf 87' lang='lat' dir='ltr'><strong>est,</strong></span> <span class='ocrx_word' id='word_1_755' title='bbox 1318 4749 1463 4817; x_wconf 88' lang='lat' dir='ltr'><strong>quod</strong></span> <span class='ocrx_word' id='word_1_756' title='bbox 1494 4765 1524 4802; x_wconf 87' lang='lat' dir='ltr'><strong>a</strong></span> <span class='ocrx_word' id='word_1_757' title='bbox 1558 4748 1767 4819; x_wconf 80' lang='lat' dir='ltr'><strong>legibus</strong></span> <span class='ocrx_word' id='word_1_758' title='bbox 1799 4765 1928 4819; x_wconf 85' lang='lat' dir='ltr'><strong>pro-</strong></span> 
     </span>
    </p>
   </div>
   <div class='ocr_carea' id='block_1_97' title="bbox 353 4842 1927 4913">
    <p class='ocr_par' dir='ltr' id='par_1_97' title="bbox 353 4842 1927 4913">
     <span class='ocr_line' id='line_1_97' title="bbox 353 4842 1927 4913; baseline -0.001 -15"><span class='ocrx_word' id='word_1_759' title='bbox 353 4843 671 4899; x_wconf 88' lang='lat' dir='ltr'><strong>derelictum</strong></span> <span class='ocrx_word' id='word_1_760' title='bbox 720 4852 1091 4913; x_wconf 90' lang='lat' dir='ltr'><strong>nuncupatur,</strong></span> <span class='ocrx_word' id='word_1_761' title='bbox 1138 4857 1247 4896; x_wconf 92' lang='lat' dir='ltr'><strong>non</strong></span> <span class='ocrx_word' id='word_1_762' title='bbox 1279 4842 1527 4896; x_wconf 89' lang='lat' dir='ltr'><strong>similiter</strong></span> <span class='ocrx_word' id='word_1_763' title='bbox 1559 4843 1800 4910; x_wconf 82' lang='lat' dir='ltr'><strong>punitur,</strong></span> <span class='ocrx_word' id='word_1_764' title='bbox 1834 4844 1927 4912; x_wconf 85' lang='lat' dir='ltr'><strong>qui</strong></span> 
     </span>
    </p>
   </div>
   <div class='ocr_carea' id='block_1_98' title="bbox 356 4934 1930 5005">
    <p class='ocr_par' dir='ltr' id='par_1_98' title="bbox 356 4934 1930 5005">
     <span class='ocr_line' id='line_1_98' title="bbox 356 4934 1930 5005; baseline -0.001 -15"><span class='ocrx_word' id='word_1_765' title='bbox 356 4937 409 4990; x_wconf 93' lang='lat' dir='ltr'><strong>id</strong></span> <span class='ocrx_word' id='word_1_766' title='bbox 435 4935 690 4994; x_wconf 89' lang='lat' dir='ltr'><strong>detinuit.</strong></span> <span class='ocrx_word' id='word_1_767' title='bbox 721 4934 828 4990; x_wconf 87' lang='lat' dir='ltr'><strong>Sed</strong></span> <span class='ocrx_word' id='word_1_768' title='bbox 863 4937 909 4990; x_wconf 88' lang='lat' dir='ltr'><strong>si</strong></span> <span class='ocrx_word' id='word_1_769' title='bbox 943 4935 1014 4989; x_wconf 87' lang='lat' dir='ltr'><strong>sit</strong></span> <span class='ocrx_word' id='word_1_770' title='bbox 1043 4935 1260 5005; x_wconf 89' lang='lat' dir='ltr'><strong>quidem</strong></span> <span class='ocrx_word' id='word_1_771' title='bbox 1309 4950 1395 4988; x_wconf 89' lang='lat' dir='ltr'><strong>res</strong></span> <span class='ocrx_word' id='word_1_772' title='bbox 1443 4935 1680 4999; x_wconf 88' lang='lat' dir='ltr'><strong>mobilis,</strong></span> <span class='ocrx_word' id='word_1_773' title='bbox 1715 4937 1930 5004; x_wconf 84' lang='lat' dir='ltr'><strong>cogitur</strong></span> 
     </span>
    </p>
   </div>
   <div class='ocr_carea' id='block_1_99' title="bbox 356 5026 1929 5094">
    <p class='ocr_par' dir='ltr' id='par_1_99' title="bbox 356 5026 1929 5094">
     <span class='ocr_line' id='line_1_99' title="bbox 356 5026 1929 5094; baseline 0 -14"><span class='ocrx_word' id='word_1_774' title='bbox 356 5043 476 5080; x_wconf 86' lang='lat' dir='ltr'><strong>eam</strong></span> <span class='ocrx_word' id='word_1_775' title='bbox 519 5026 750 5081; x_wconf 80' lang='lat' dir='ltr'><strong>domino</strong></span> <span class='ocrx_word' id='word_1_776' title='bbox 773 5027 1082 5090; x_wconf 85' lang='lat' dir='ltr'><strong>restituere,</strong></span> <span class='ocrx_word' id='word_1_777' title='bbox 1132 5037 1186 5080; x_wconf 89' lang='lat' dir='ltr'><strong>et</strong></span> <span class='ocrx_word' id='word_1_778' title='bbox 1227 5026 1406 5081; x_wconf 90' lang='lat' dir='ltr'><strong>solum</strong></span> <span class='ocrx_word' id='word_1_779' title='bbox 1453 5026 1557 5080; x_wconf 91' lang='lat' dir='ltr'><strong>nisi</strong></span> <span class='ocrx_word' id='word_1_780' title='bbox 1589 5026 1707 5094; x_wconf 85' lang='lat' dir='ltr'><strong>ejus</strong></span> <span class='ocrx_word' id='word_1_781' title='bbox 1751 5027 1929 5080; x_wconf 87' lang='lat' dir='ltr'><strong>domi-</strong></span> 
     </span>
    </p>
   </div>
   <div class='ocr_carea' id='block_1_100' title="bbox 353 5117 1928 5187">
    <p class='ocr_par' dir='ltr' id='par_1_100' title="bbox 353 5117 1928 5187">
     <span class='ocr_line' id='line_1_100' title="bbox 353 5117 1928 5187; baseline 0 -14"><span class='ocrx_word' id='word_1_782' title='bbox 353 5119 507 5173; x_wconf 87' lang='lat' dir='ltr'><strong>nium</strong></span> <span class='ocrx_word' id='word_1_783' title='bbox 544 5129 828 5173; x_wconf 89' lang='lat' dir='ltr'><strong>assecutus</strong></span> <span class='ocrx_word' id='word_1_784' title='bbox 858 5119 948 5182; x_wconf 89' lang='lat' dir='ltr'><strong>sit,</strong></span> <span class='ocrx_word' id='word_1_785' title='bbox 979 5126 1040 5172; x_wconf 93' lang='lat' dir='ltr'><strong>ut</strong></span> <span class='ocrx_word' id='word_1_786' title='bbox 1081 5117 1238 5172; x_wconf 73' lang='lat' dir='ltr'><strong>bonae</strong></span> <span class='ocrx_word' id='word_1_787' title='bbox 1281 5119 1403 5172; x_wconf 85' lang='lat' dir='ltr'><strong>tldei</strong></span> <span class='ocrx_word' id='word_1_788' title='bbox 1444 5133 1750 5187; x_wconf 83' lang='lat' dir='ltr'><strong>possessor,</strong></span> <span class='ocrx_word' id='word_1_789' title='bbox 1785 5119 1928 5173; x_wconf 88' lang='lat' dir='ltr'><strong>intra</strong></span> 
     </span>
    </p>
   </div>
   <div class='ocr_carea' id='block_1_101' title="bbox 353 5210 1930 5280">
    <p class='ocr_par' dir='ltr' id='par_1_101' title="bbox 353 5210 1930 5280">
     <span class='ocr_line' id='line_1_101' title="bbox 353 5210 1930 5280; baseline 0 -15"><span class='ocrx_word' id='word_1_790' title='bbox 353 5211 681 5280; x_wconf 77' lang='lat' dir='ltr'><strong>triennium;</strong></span> <span class='ocrx_word' id='word_1_791' title='bbox 736 5210 783 5265; x_wconf 90' lang='lat' dir='ltr'><strong>si</strong></span> <span class='ocrx_word' id='word_1_792' title='bbox 823 5220 1002 5265; x_wconf 89' lang='lat' dir='ltr'><strong>autem</strong></span> <span class='ocrx_word' id='word_1_793' title='bbox 1040 5210 1172 5264; x_wconf 90' lang='lat' dir='ltr'><strong>illud</strong></span> <span class='ocrx_word' id='word_1_794' title='bbox 1207 5211 1502 5272; x_wconf 85' lang='lat' dir='ltr'><strong>immobile,</strong></span> <span class='ocrx_word' id='word_1_795' title='bbox 1533 5211 1677 5280; x_wconf 90' lang='lat' dir='ltr'><strong>quod</strong></span> <span class='ocrx_word' id='word_1_796' title='bbox 1709 5226 1807 5280; x_wconf 85' lang='lat' dir='ltr'><strong>pro</strong></span> <span class='ocrx_word' id='word_1_797' title='bbox 1836 5211 1930 5266; x_wconf 85' lang='lat' dir='ltr'><strong>dc-</strong></span> 
     </span>
    </p>
   </div>
   <div class='ocr_carea' id='block_1_102' title="bbox 356 5275 1928 5370">
    <p class='ocr_par' dir='ltr' id='par_1_102' title="bbox 356 5275 1928 5370">
     <span class='ocr_line' id='line_1_102' title="bbox 356 5275 1928 5370; baseline 0.001 -15"><span class='ocrx_word' id='word_1_798' title='bbox 356 5275 853 5357; x_wconf 52' lang='lat' dir='ltr'><strong>relicto‘detentum</strong></span> <span class='ocrx_word' id='word_1_799' title='bbox 904 5310 1007 5364; x_wconf 88' lang='lat' dir='ltr'><strong>est,</strong></span> <span class='ocrx_word' id='word_1_800' title='bbox 1061 5301 1164 5355; x_wconf 87' lang='lat' dir='ltr'><strong>nisi</strong></span> <span class='ocrx_word' id='word_1_801' title='bbox 1207 5301 1324 5370; x_wconf 89' lang='lat' dir='ltr'><strong>ejus</strong></span> <span class='ocrx_word' id='word_1_802' title='bbox 1347 5301 1523 5355; x_wconf 79' lang='lat' dir='ltr'><strong>factus</strong></span> <span class='ocrx_word' id='word_1_803' title='bbox 1553 5302 1623 5355; x_wconf 91' lang='lat' dir='ltr'><strong>sit</strong></span> <span class='ocrx_word' id='word_1_804' title='bbox 1651 5302 1928 5367; x_wconf 89' lang='lat' dir='ltr'><strong>dominus,</strong></span> 
     </span>
    </p>
   </div>
   <div class='ocr_carea' id='block_1_103' title="bbox 357 5391 1932 5463">
    <p class='ocr_par' dir='ltr' id='par_1_103' title="bbox 357 5391 1932 5463">
     <span class='ocr_line' id='line_1_103' title="bbox 357 5391 1932 5463; baseline 0.001 -16"><span class='ocrx_word' id='word_1_805' title='bbox 357 5394 499 5447; x_wconf 72' lang='lat' dir='ltr'><strong>intra</strong></span> <span class='ocrx_word' id='word_1_806' title='bbox 525 5392 870 5447; x_wconf 87' lang='lat' dir='ltr'><strong>decennium.</strong></span> <span class='ocrx_word' id='word_1_807' title='bbox 917 5391 1174 5446; x_wconf 82' lang='lat' dir='ltr'><strong>Vacantis</strong></span> <span class='ocrx_word' id='word_1_808' title='bbox 1199 5402 1403 5460; x_wconf 89' lang='lat' dir='ltr'><strong>autem,</strong></span> <span class='ocrx_word' id='word_1_809' title='bbox 1433 5402 1486 5446; x_wconf 92' lang='lat' dir='ltr'><strong>et</strong></span> <span class='ocrx_word' id='word_1_810' title='bbox 1513 5392 1632 5462; x_wconf 90' lang='lat' dir='ltr'><strong>ejus</strong></span> <span class='ocrx_word' id='word_1_811' title='bbox 1661 5393 1807 5463; x_wconf 90' lang='lat' dir='ltr'><strong>quod</strong></span> <span class='ocrx_word' id='word_1_812' title='bbox 1831 5409 1932 5463; x_wconf 92' lang='lat' dir='ltr'><strong>pro</strong></span> 
     </span>
    </p>
   </div>
   <div class='ocr_carea' id='block_1_104' title="bbox 357 5483 1929 5553">
    <p class='ocr_par' dir='ltr' id='par_1_104' title="bbox 357 5483 1929 5553">
     <span class='ocr_line' id='line_1_104' title="bbox 357 5483 1929 5553; baseline 0 -14"><span class='ocrx_word' id='word_1_813' title='bbox 357 5483 617 5540; x_wconf 88' lang='lat' dir='ltr'><strong>derelicto</strong></span> <span class='ocrx_word' id='word_1_814' title='bbox 649 5486 897 5547; x_wconf 84' lang='lat' dir='ltr'><strong>habetur,</strong></span> <span class='ocrx_word' id='word_1_815' title='bbox 928 5499 1120 5553; x_wconf 88' lang='lat' dir='ltr'><strong>magna</strong></span> <span class='ocrx_word' id='word_1_816' title='bbox 1149 5492 1232 5538; x_wconf 89' lang='lat' dir='ltr'><strong>est</strong></span> <span class='ocrx_word' id='word_1_817' title='bbox 1256 5483 1578 5539; x_wconf 74' lang='lat' dir='ltr'><strong>dill‘erenlin.</strong></span> <span class='ocrx_word' id='word_1_818' title='bbox 1604 5485 1760 5552; x_wconf 90' lang='lat' dir='ltr'><strong>Quod</strong></span> <span class='ocrx_word' id='word_1_819' title='bbox 1786 5487 1929 5540; x_wconf 91' lang='lat' dir='ltr'><strong>enim</strong></span> 
     </span>
    </p>
   </div>
   <div class='ocr_carea' id='block_1_105' title="bbox 362 5577 1932 5646">
    <p class='ocr_par' dir='ltr' id='par_1_105' title="bbox 362 5577 1932 5646">
     <span class='ocr_line' id='line_1_105' title="bbox 362 5577 1932 5646; baseline 0.001 -16"><span class='ocrx_word' id='word_1_820' title='bbox 362 5587 540 5638; x_wconf 75' lang='lat' dir='ltr'><strong>vacat,</strong></span> <span class='ocrx_word' id='word_1_821' title='bbox 603 5579 786 5632; x_wconf 88' lang='lat' dir='ltr'><strong>animo</strong></span> <span class='ocrx_word' id='word_1_822' title='bbox 843 5577 1208 5646; x_wconf 86' lang='lat' dir='ltr'><strong>possidemus,</strong></span> <span class='ocrx_word' id='word_1_823' title='bbox 1262 5578 1476 5632; x_wconf 87' lang='lat' dir='ltr'><strong>etiamsi</strong></span> <span class='ocrx_word' id='word_1_824' title='bbox 1526 5578 1579 5632; x_wconf 92' lang='lat' dir='ltr'><strong>id</strong></span> <span class='ocrx_word' id='word_1_825' title='bbox 1614 5579 1932 5633; x_wconf 86' lang='lat' dir='ltr'><strong>naturaliter</strong></span> 
     </span>
    </p>
   </div>
   <div class='ocr_carea' id='block_1_106' title="bbox 359 5670 1933 5743">
    <p class='ocr_par' dir='ltr' id='par_1_106' title="bbox 359 5670 1933 5743">
     <span class='ocr_line' id='line_1_106' title="bbox 359 5670 1933 5743; baseline 0 -18"><span class='ocrx_word' id='word_1_826' title='bbox 359 5684 470 5725; x_wconf 82' lang='lat' dir='ltr'><strong>non</strong></span> <span class='ocrx_word' id='word_1_827' title='bbox 505 5671 881 5738; x_wconf 83' lang='lat' dir='ltr'><strong>possidemus;</strong></span> <span class='ocrx_word' id='word_1_828' title='bbox 917 5670 1061 5738; x_wconf 90' lang='lat' dir='ltr'><strong>quod</strong></span> <span class='ocrx_word' id='word_1_829' title='bbox 1090 5680 1271 5725; x_wconf 81' lang='lat' dir='ltr'><strong>autem</strong></span> <span class='ocrx_word' id='word_1_830' title='bbox 1304 5687 1401 5743; x_wconf 89' lang='lat' dir='ltr'><strong>pro</strong></span> <span class='ocrx_word' id='word_1_831' title='bbox 1429 5673 1706 5735; x_wconf 88' lang='lat' dir='ltr'><strong>derelicto,</strong></span> <span class='ocrx_word' id='word_1_832' title='bbox 1732 5688 1831 5726; x_wconf 89' lang='lat' dir='ltr'><strong>nec</strong></span> <span class='ocrx_word' id='word_1_833' title='bbox 1855 5673 1933 5727; x_wconf 91' lang='lat' dir='ltr'><strong>ci-</strong></span> 
     </span>
    </p>
   </div>
   <div class='ocr_carea' id='block_1_107' title="bbox 359 5761 1931 5835">
    <p class='ocr_par' dir='ltr' id='par_1_107' title="bbox 359 5761 1931 5835">
     <span class='ocr_line' id='line_1_107' title="bbox 359 5761 1931 5835; baseline 0.002 -19"><span class='ocrx_word' id='word_1_834' title='bbox 359 5761 560 5830; x_wconf 77' lang='lat' dir='ltr'><strong>vditer,</strong></span> <span class='ocrx_word' id='word_1_835' title='bbox 586 5776 686 5817; x_wconf 88' lang='lat' dir='ltr'><strong>nec</strong></span> <span class='ocrx_word' id='word_1_836' title='bbox 719 5763 1038 5819; x_wconf 84' lang='lat' dir='ltr'><strong>naturaliter</strong></span> <span class='ocrx_word' id='word_1_837' title='bbox 1069 5763 1445 5835; x_wconf 86' lang='lat' dir='ltr'><strong>possidemus;</strong></span> <span class='ocrx_word' id='word_1_838' title='bbox 1474 5775 1527 5821; x_wconf 84' lang='lat' dir='ltr'><strong>et</strong></span> <span class='ocrx_word' id='word_1_839' title='bbox 1559 5765 1681 5820; x_wconf 84' lang='lat' dir='ltr'><strong>ideo</strong></span> <span class='ocrx_word' id='word_1_840' title='bbox 1716 5780 1747 5819; x_wconf 90' lang='lat' dir='ltr'><strong>a</strong></span> <span class='ocrx_word' id='word_1_841' title='bbox 1773 5765 1931 5819; x_wconf 80' lang='lat' dir='ltr'><strong>bonae</strong></span> 
     </span>
    </p>
   </div>
   <div class='ocr_carea' id='block_1_108' title="bbox 189 6507 474 6518">
    <p class='ocr_par' dir='ltr' id='par_1_108' title="bbox 189 6507 474 6518">
     <span class='ocr_line' id='line_1_108' title="bbox 189 6507 474 6518; baseline -0.007 -4"><span class='ocrx_word' id='word_1_842' title='bbox 189 6507 474 6518; x_wconf 78' lang='lat'>__.——</span> 
     </span>
    </p>
   </div>
   <div class='ocr_carea' id='block_1_109' title="bbox 2028 4569 3609 4642">
    <p class='ocr_par' dir='ltr' id='par_1_109' title="bbox 2028 4569 3609 4642">
     <span class='ocr_line' id='line_1_109' title="bbox 2028 4569 3609 4642; baseline 0.003 -19"><span class='ocrx_word' id='word_1_843' title='bbox 2028 4573 2298 4642; x_wconf 71' lang='grc' dir='ltr'>ὲερευρεῖν,</span> <span class='ocrx_word' id='word_1_844' title='bbox 2321 4571 2414 4622; x_wconf 71' lang='grc' dir='ltr'>καὶ</span> <span class='ocrx_word' id='word_1_845' title='bbox 2440 4571 2513 4640; x_wconf 80' lang='grc' dir='ltr'>μὴ</span> <span class='ocrx_word' id='word_1_846' title='bbox 2540 4569 2738 4623; x_wconf 72' lang='grc' dir='ltr'>αὐτίκα</span> <span class='ocrx_word' id='word_1_847' title='bbox 2757 4569 2818 4622; x_wconf 84' lang='grc' dir='ltr'>τὸ</span> <span class='ocrx_word' id='word_1_848' title='bbox 2845 4573 3075 4640; x_wconf 79' lang='grc' dir='ltr'>πρᾶγμα</span> <span class='ocrx_word' id='word_1_849' title='bbox 3097 4572 3393 4642; x_wconf 83' lang='grc' dir='ltr'>κατάδηλον</span> <span class='ocrx_word' id='word_1_850' title='bbox 3423 4574 3609 4627; x_wconf 64' lang='grc' dir='ltr'>ποιού-</span> 
     </span>
    </p>
   </div>
   <div class='ocr_carea' id='block_1_110' title="bbox 2032 4661 3605 4734">
    <p class='ocr_par' dir='ltr' id='par_1_110' title="bbox 2032 4661 3605 4734">
     <span class='ocr_line' id='line_1_110' title="bbox 2032 4661 3605 4734; baseline 0.002 -19"><span class='ocrx_word' id='word_1_851' title='bbox 2032 4680 2202 4734; x_wconf 75' lang='grc' dir='ltr'>μενοι,</span> <span class='ocrx_word' id='word_1_852' title='bbox 2231 4661 2325 4714; x_wconf 80' lang='grc' dir='ltr'>καὶ</span> <span class='ocrx_word' id='word_1_853' title='bbox 2360 4661 2716 4729; x_wconf 72' lang='grc' dir='ltr'>φυλάττοντες</span> <span class='ocrx_word' id='word_1_854' title='bbox 2747 4663 2875 4714; x_wconf 82' lang='grc' dir='ltr'>αὐτὸ</span> <span class='ocrx_word' id='word_1_855' title='bbox 2905 4665 2985 4726; x_wconf 87' lang='grc' dir='ltr'><strong>εἰς</strong></span> <span class='ocrx_word' id='word_1_856' title='bbox 3011 4662 3178 4733; x_wconf 74' lang='grc' dir='ltr'>ὄνομα</span> <span class='ocrx_word' id='word_1_857' title='bbox 3203 4664 3297 4716; x_wconf 77' lang='grc' dir='ltr'>τοῦ</span> <span class='ocrx_word' id='word_1_858' title='bbox 3319 4665 3605 4728; x_wconf 78' lang='grc' dir='ltr'>δεσπότου,</span> 
     </span>
    </p>
   </div>
   <div class='ocr_carea' id='block_1_111' title="bbox 2028 4754 3610 4829">
    <p class='ocr_par' dir='ltr' id='par_1_111' title="bbox 2028 4754 3610 4829">
     <span class='ocr_line' id='line_1_111' title="bbox 2028 4754 3610 4829; baseline 0.001 -21"><span class='ocrx_word' id='word_1_859' title='bbox 2028 4755 2168 4808; x_wconf 77' lang='grc' dir='ltr'>κατὰ</span> <span class='ocrx_word' id='word_1_860' title='bbox 2209 4755 2307 4824; x_wconf 84' lang='grc' dir='ltr'>μὲν</span> <span class='ocrx_word' id='word_1_861' title='bbox 2349 4755 2443 4807; x_wconf 82' lang='grc' dir='ltr'>τὸν</span> <span class='ocrx_word' id='word_1_862' title='bbox 2499 4754 2950 4825; x_wconf 74' lang='grc' dir='ltr'>ἐκκλησιαστικὸν</span> <span class='ocrx_word' id='word_1_863' title='bbox 2995 4757 3154 4827; x_wconf 88' lang='grc' dir='ltr'>νόμον</span> <span class='ocrx_word' id='word_1_864' title='bbox 3179 4757 3610 4829; x_wconf 73' lang='grc' dir='ltr'>ὲπιτιμηθήσονο</span> 
     </span>
    </p>
   </div>
   <div class='ocr_carea' id='block_1_112' title="bbox 2027 4846 3608 4921">
    <p class='ocr_par' dir='ltr' id='par_1_112' title="bbox 2027 4846 3608 4921">
     <span class='ocr_line' id='line_1_112' title="bbox 2027 4846 3608 4921; baseline 0.001 -21"><span class='ocrx_word' id='word_1_865' title='bbox 2027 4866 2135 4910; x_wconf 85' lang='grc' dir='ltr'>ται,</span> <span class='ocrx_word' id='word_1_866' title='bbox 2164 4847 2302 4900; x_wconf 75' lang='grc' dir='ltr'>κατὰ</span> <span class='ocrx_word' id='word_1_867' title='bbox 2332 4846 2387 4899; x_wconf 80' lang='grc' dir='ltr'>δὲ</span> <span class='ocrx_word' id='word_1_868' title='bbox 2417 4846 2508 4898; x_wconf 75' lang='grc' dir='ltr'>τὸν</span> <span class='ocrx_word' id='word_1_869' title='bbox 2537 4846 2810 4899; x_wconf 77' lang='grc' dir='ltr'>πολιτικὸν</span> <span class='ocrx_word' id='word_1_870' title='bbox 2839 4847 2872 4917; x_wconf 82' lang='grc' dir='ltr'>ἢ</span> <span class='ocrx_word' id='word_1_871' title='bbox 2902 4847 2977 4910; x_wconf 88' lang='grc' dir='ltr'>ὠς</span> <span class='ocrx_word' id='word_1_872' title='bbox 3027 4846 3258 4901; x_wconf 79' lang='grc' dir='ltr'>κλέπται</span> <span class='ocrx_word' id='word_1_873' title='bbox 3290 4851 3608 4921; x_wconf 72' lang='grc' dir='ltr'>τιμωρηθή-</span> 
     </span>
    </p>
   </div>
   <div class='ocr_carea' id='block_1_113' title="bbox 2030 4937 3608 5011">
    <p class='ocr_par' dir='ltr' id='par_1_113' title="bbox 2030 4937 3608 5011">
     <span class='ocr_line' id='line_1_113' title="bbox 2030 4937 3608 5011; baseline -0.003 -17"><span class='ocrx_word' id='word_1_874' title='bbox 2030 4957 2234 5003; x_wconf 85' lang='grc' dir='ltr'>σονται,</span> <span class='ocrx_word' id='word_1_875' title='bbox 2267 4939 2362 4993; x_wconf 81' lang='grc' dir='ltr'>ἐάν</span> <span class='ocrx_word' id='word_1_876' title='bbox 2386 4941 2501 4990; x_wconf 78' lang='grc' dir='ltr'>ἐστι</span> <span class='ocrx_word' id='word_1_877' title='bbox 2529 4938 2590 4989; x_wconf 72' lang='grc' dir='ltr'>τὸ</span> <span class='ocrx_word' id='word_1_878' title='bbox 2621 4940 2851 5008; x_wconf 79' lang='grc' dir='ltr'>πρᾶγμα</span> <span class='ocrx_word' id='word_1_879' title='bbox 2873 4937 3108 5007; x_wconf 74' lang='grc' dir='ltr'>κινητὸν,</span> <span class='ocrx_word' id='word_1_880' title='bbox 3142 4939 3176 5008; x_wconf 80' lang='grc' dir='ltr'><strong>ἥ</strong></span> <span class='ocrx_word' id='word_1_881' title='bbox 3209 4939 3285 5008; x_wconf 78' lang='grc' dir='ltr'><strong>τῷ</strong></span> <span class='ocrx_word' id='word_1_882' title='bbox 3319 4941 3447 5011; x_wconf 72' lang='grc' dir='ltr'>περὶ</span> <span class='ocrx_word' id='word_1_883' title='bbox 3488 4941 3608 5010; x_wconf 76' lang='grc' dir='ltr'>βίας</span> 
     </span>
    </p>
   </div>
   <div class='ocr_carea' id='block_1_114' title="bbox 2031 5029 3614 5102">
    <p class='ocr_par' dir='ltr' id='par_1_114' title="bbox 2031 5029 3614 5102">
     <span class='ocr_line' id='line_1_114' title="bbox 2031 5029 3614 5102; baseline -0.001 -18"><span class='ocrx_word' id='word_1_884' title='bbox 2031 5029 2474 5102; x_wconf 79' lang='grc' dir='ltr'>παραγγέλματι,</span> <span class='ocrx_word' id='word_1_885' title='bbox 2521 5029 2616 5082; x_wconf 85' lang='grc' dir='ltr'>ὲὰν</span> <span class='ocrx_word' id='word_1_886' title='bbox 2647 5029 2795 5081; x_wconf 75' lang='grc' dir='ltr'>ἐστιν</span> <span class='ocrx_word' id='word_1_887' title='bbox 2829 5029 3104 5100; x_wconf 78' lang='grc' dir='ltr'>ἀκίνητον.</span> <span class='ocrx_word' id='word_1_888' title='bbox 3145 5031 3313 5083; x_wconf 88' lang='grc' dir='ltr'>Ὅταν</span> <span class='ocrx_word' id='word_1_889' title='bbox 3351 5031 3406 5084; x_wconf 85' lang='grc' dir='ltr'>δὲ</span> <span class='ocrx_word' id='word_1_890' title='bbox 3436 5033 3614 5102; x_wconf 78' lang='grc' dir='ltr'>άπρο.</span> 
     </span>
    </p>
   </div>
   <div class='ocr_carea' id='block_1_115' title="bbox 2032 5117 3612 5190">
    <p class='ocr_par' dir='ltr' id='par_1_115' title="bbox 2032 5117 3612 5190">
     <span class='ocr_line' id='line_1_115' title="bbox 2032 5117 3612 5190; baseline 0 -17"><span class='ocrx_word' id='word_1_891' title='bbox 2032 5120 2217 5190; x_wconf 83' lang='grc' dir='ltr'>νόητόν</span> <span class='ocrx_word' id='word_1_892' title='bbox 2255 5120 2370 5170; x_wconf 77' lang='grc' dir='ltr'>ἐστι</span> <span class='ocrx_word' id='word_1_893' title='bbox 2391 5118 2452 5170; x_wconf 78' lang='grc' dir='ltr'>τὸ</span> <span class='ocrx_word' id='word_1_894' title='bbox 2477 5117 2716 5188; x_wconf 74' lang='grc' dir='ltr'>εὑρεθὲν,</span> <span class='ocrx_word' id='word_1_895' title='bbox 2752 5117 2813 5170; x_wconf 74' lang='grc' dir='ltr'>τὸ</span> <span class='ocrx_word' id='word_1_896' title='bbox 2847 5119 3000 5189; x_wconf 82' lang='grc' dir='ltr'>παρὰ</span> <span class='ocrx_word' id='word_1_897' title='bbox 3045 5121 3158 5181; x_wconf 78' lang='grc' dir='ltr'>τοῖς</span> <span class='ocrx_word' id='word_1_898' title='bbox 3189 5121 3376 5190; x_wconf 78' lang='grc' dir='ltr'>νόμοις</span> <span class='ocrx_word' id='word_1_899' title='bbox 3415 5123 3612 5175; x_wconf 62' lang='grc' dir='ltr'>καλού-</span> 
     </span>
    </p>
   </div>
   <div class='ocr_carea' id='block_1_116' title="bbox 2035 5208 3616 5281">
    <p class='ocr_par' dir='ltr' id='par_1_116' title="bbox 2035 5208 3616 5281">
     <span class='ocr_line' id='line_1_116' title="bbox 2035 5208 3616 5281; baseline 0 -19"><span class='ocrx_word' id='word_1_900' title='bbox 2035 5227 2193 5280; x_wconf 90' lang='grc' dir='ltr'>μενον</span> <span class='ocrx_word' id='word_1_901' title='bbox 2222 5208 2656 5280; x_wconf 84' lang='grc' dir='ltr'>προδερέλικτον,</span> <span class='ocrx_word' id='word_1_902' title='bbox 2673 5209 2734 5261; x_wconf 84' lang='grc' dir='ltr'>οὐ</span> <span class='ocrx_word' id='word_1_903' title='bbox 2754 5209 3036 5272; x_wconf 77' lang='grc' dir='ltr'>κολάζεται</span> <span class='ocrx_word' id='word_1_904' title='bbox 3058 5212 3376 5281; x_wconf 84' lang='grc' dir='ltr'>παρομοίως</span> <span class='ocrx_word' id='word_1_905' title='bbox 3402 5215 3431 5264; x_wconf 89' lang='grc' dir='ltr'><strong>ό</strong></span> <span class='ocrx_word' id='word_1_906' title='bbox 3451 5210 3616 5264; x_wconf 79' lang='grc' dir='ltr'>τοῦτο</span> 
     </span>
    </p>
   </div>
   <div class='ocr_carea' id='block_1_117' title="bbox 2033 5298 3616 5370">
    <p class='ocr_par' dir='ltr' id='par_1_117' title="bbox 2033 5298 3616 5370">
     <span class='ocr_line' id='line_1_117' title="bbox 2033 5298 3616 5370; baseline 0.003 -17"><span class='ocrx_word' id='word_1_907' title='bbox 2033 5299 2338 5370; x_wconf 80' lang='grc' dir='ltr'>κατασχών·</span> <span class='ocrx_word' id='word_1_908' title='bbox 2384 5298 2497 5352; x_wconf 83' lang='grc' dir='ltr'>ἀλλ’</span> <span class='ocrx_word' id='word_1_909' title='bbox 2527 5299 2576 5351; x_wconf 74' lang='grc' dir='ltr'>εἰ</span> <span class='ocrx_word' id='word_1_910' title='bbox 2614 5301 2712 5369; x_wconf 80' lang='grc' dir='ltr'>μὲν</span> <span class='ocrx_word' id='word_1_911' title='bbox 2753 5300 2971 5370; x_wconf 85' lang='grc' dir='ltr'>κινητόν</span> <span class='ocrx_word' id='word_1_912' title='bbox 3024 5300 3193 5364; x_wconf 84' lang='grc' dir='ltr'>ἐστιν,</span> <span class='ocrx_word' id='word_1_913' title='bbox 3240 5301 3616 5370; x_wconf 72' lang='grc' dir='ltr'>ἀναγκάζεται</span> 
     </span>
    </p>
   </div>
   <div class='ocr_carea' id='block_1_118' title="bbox 2033 5392 3612 5463">
    <p class='ocr_par' dir='ltr' id='par_1_118' title="bbox 2033 5392 3612 5463">
     <span class='ocr_line' id='line_1_118' title="bbox 2033 5392 3612 5463; baseline 0.001 -17"><span class='ocrx_word' id='word_1_914' title='bbox 2033 5393 2164 5446; x_wconf 83' lang='grc' dir='ltr'>αὐτὸ</span> <span class='ocrx_word' id='word_1_915' title='bbox 2189 5392 2500 5454; x_wconf 75' lang='grc' dir='ltr'>ἀποδοῦναι,</span> <span class='ocrx_word' id='word_1_916' title='bbox 2529 5393 2624 5444; x_wconf 77' lang='grc' dir='ltr'>καὶ</span> <span class='ocrx_word' id='word_1_917' title='bbox 2656 5392 2834 5462; x_wconf 84' lang='grc' dir='ltr'>μόνον,</span> <span class='ocrx_word' id='word_1_918' title='bbox 2862 5393 2909 5444; x_wconf 77' lang='grc' dir='ltr'>εἰ</span> <span class='ocrx_word' id='word_1_919' title='bbox 2935 5392 3008 5463; x_wconf 80' lang='grc' dir='ltr'>μὴ</span> <span class='ocrx_word' id='word_1_920' title='bbox 3035 5392 3328 5446; x_wconf 83' lang='grc' dir='ltr'>ὲδέσποσεν</span> <span class='ocrx_word' id='word_1_921' title='bbox 3354 5393 3504 5456; x_wconf 77' lang='grc' dir='ltr'>αὐτὸ,</span> <span class='ocrx_word' id='word_1_922' title='bbox 3529 5396 3612 5447; x_wconf 81' lang='grc' dir='ltr'><strong>ὡς</strong></span> 
     </span>
    </p>
   </div>
   <div class='ocr_carea' id='block_1_119' title="bbox 2033 5484 3610 5556">
    <p class='ocr_par' dir='ltr' id='par_1_119' title="bbox 2033 5484 3610 5556">
     <span class='ocr_line' id='line_1_119' title="bbox 2033 5484 3610 5556; baseline 0 -17"><span class='ocrx_word' id='word_1_923' title='bbox 2033 5485 2170 5556; x_wconf 80' lang='grc' dir='ltr'>καλῇ</span> <span class='ocrx_word' id='word_1_924' title='bbox 2197 5484 2376 5538; x_wconf 84' lang='grc' dir='ltr'>πίστει</span> <span class='ocrx_word' id='word_1_925' title='bbox 2426 5484 2643 5552; x_wconf 76' lang='grc' dir='ltr'>νομεὺς,</span> <span class='ocrx_word' id='word_1_926' title='bbox 2692 5485 2840 5548; x_wconf 79' lang='grc' dir='ltr'>ἐντὸς</span> <span class='ocrx_word' id='word_1_927' title='bbox 2861 5485 3122 5556; x_wconf 81' lang='grc' dir='ltr'>τριετίας’</span> <span class='ocrx_word' id='word_1_928' title='bbox 3155 5484 3284 5537; x_wconf 79' lang='grc' dir='ltr'>εἰδὲ</span> <span class='ocrx_word' id='word_1_929' title='bbox 3333 5486 3610 5556; x_wconf 80' lang='grc' dir='ltr'>ἀκίνητον.</span> 
     </span>
    </p>
   </div>
   <div class='ocr_carea' id='block_1_120' title="bbox 2034 5577 3610 5652">
    <p class='ocr_par' dir='ltr' id='par_1_120' title="bbox 2034 5577 3610 5652">
     <span class='ocr_line' id='line_1_120' title="bbox 2034 5577 3610 5652; baseline -0.002 -20"><span class='ocrx_word' id='word_1_930' title='bbox 2034 5579 2166 5632; x_wconf 75' lang='grc' dir='ltr'>αὐτὸ</span> <span class='ocrx_word' id='word_1_931' title='bbox 2194 5580 2370 5632; x_wconf 82' lang='grc' dir='ltr'>ἐκεῖνο</span> <span class='ocrx_word' id='word_1_932' title='bbox 2393 5580 2453 5632; x_wconf 79' lang='grc' dir='ltr'>τὸ</span> <span class='ocrx_word' id='word_1_933' title='bbox 2484 5577 2815 5648; x_wconf 79' lang='grc' dir='ltr'>κατασχεθὲν</span> <span class='ocrx_word' id='word_1_934' title='bbox 2849 5577 2924 5639; x_wconf 86' lang='grc' dir='ltr'>ὼς</span> <span class='ocrx_word' id='word_1_935' title='bbox 2971 5577 3410 5649; x_wconf 79' lang='grc' dir='ltr'>προδερέλικτον,</span> <span class='ocrx_word' id='word_1_936' title='bbox 3454 5581 3499 5629; x_wconf 83' lang='grc' dir='ltr'>εἰ</span> <span class='ocrx_word' id='word_1_937' title='bbox 3531 5583 3610 5652; x_wconf 69' lang='grc' dir='ltr'>μὴ</span> 
     </span>
    </p>
   </div>
   <div class='ocr_carea' id='block_1_121' title="bbox 2035 5669 3586 5741">
    <p class='ocr_par' dir='ltr' id='par_1_121' title="bbox 2035 5669 3586 5741">
     <span class='ocr_line' id='line_1_121' title="bbox 2035 5669 3586 5741; baseline -0.001 -19"><span class='ocrx_word' id='word_1_938' title='bbox 2035 5671 2228 5738; x_wconf 76' lang='grc' dir='ltr'>γέγονε</span> <span class='ocrx_word' id='word_1_939' title='bbox 2256 5671 2445 5723; x_wconf 76' lang='grc' dir='ltr'>τούτου</span> <span class='ocrx_word' id='word_1_940' title='bbox 2473 5671 2758 5740; x_wconf 82' lang='grc' dir='ltr'>δεσπότης,</span> <span class='ocrx_word' id='word_1_941' title='bbox 2794 5670 2948 5732; x_wconf 76' lang='grc' dir='ltr'>ἐντὸς</span> <span class='ocrx_word' id='word_1_942' title='bbox 2979 5670 3278 5737; x_wconf 64' lang='grc' dir='ltr'>δεκαετίας,</span> <span class='ocrx_word' id='word_1_943' title='bbox 3317 5669 3586 5741; x_wconf 76' lang='grc' dir='ltr'>Σχολάζον</span> 
     </span>
    </p>
   </div>
   <div class='ocr_carea' id='block_1_122' title="bbox 2033 5758 3608 5836">
    <p class='ocr_par' dir='ltr' id='par_1_122' title="bbox 2033 5758 3608 5836">
     <span class='ocr_line' id='line_1_122' title="bbox 2033 5758 3608 5836; baseline -0.003 -18"><span class='ocrx_word' id='word_1_944' title='bbox 2033 5781 2124 5829; x_wconf 87' lang='grc' dir='ltr'><strong>τος</strong></span> <span class='ocrx_word' id='word_1_945' title='bbox 2147 5763 2202 5816; x_wconf 78' lang='grc' dir='ltr'>δὲ</span> <span class='ocrx_word' id='word_1_946' title='bbox 2234 5763 2328 5818; x_wconf 71' lang='grc' dir='ltr'>καὶ</span> <span class='ocrx_word' id='word_1_947' title='bbox 2376 5758 2708 5834; x_wconf 72' lang='grc' dir='ltr'>άπρονοῆτου</span> <span class='ocrx_word' id='word_1_948' title='bbox 2737 5761 2946 5832; x_wconf 78' lang='grc' dir='ltr'>μεγάλη</span> <span class='ocrx_word' id='word_1_949' title='bbox 2979 5762 3230 5834; x_wconf 63' lang='grc' dir='ltr'>διαφορά.</span> <span class='ocrx_word' id='word_1_950' title='bbox 3272 5762 3346 5814; x_wconf 74' lang='grc' dir='ltr'>Τὸ</span> <span class='ocrx_word' id='word_1_951' title='bbox 3380 5762 3608 5836; x_wconf 74' lang='grc' dir='ltr'>μὲνγὰρ</span> 
     </span>
    </p>
   </div>
  </div>
