3876 6510
198 411 329 465 ἰθῆτ

1446 408 1780 466 EPISTULA
1813 409 2178 466 castorum.
2224 367 2231 376 ’

3294 413 3431 466 1058

191 522 441 594 σχολάζον
469 523 612 596 ψυχῇ
640 526 934 597 νεμόμεθα,
965 526 1068 580 κᾶν
1103 526 1342 596 φυσικῶς
1370 526 1502 580 αὐτὸ
1532 526 1593 578 ού
1628 543 1747 578 κατ-

1865 527 1984 582 fidei
2011 541 2323 596 possessore
2359 525 2477 594 ejus
2504 524 2805 579 dominium
2829 524 3148 593 acquiritur.
3183 523 3309 580 ilaae
3333 542 3430 579 au-

191 617 381 688 ἑχομεν
405 635 416 646 ·
465 617 525 670 τὸ
557 618 613 671 δὲ
641 620 1052 691 προδερέλικτον
1084 620 1208 673 οὐδὲ
1236 621 1481 691 νομίμως
1508 619 1628 672 οὐδὲ
1657 637 1754 687 φυ-

193 708 353 771 σικῶς
380 709 714 780 κατέχομεν’
774 712 867 764 καὶ
917 711 1004 764 διὰ
1048 711 1204 764 τοῦτο
1248 711 1566 774 δεσπόζεται
1604 710 1753 780 παρά

187 799 279 852 τοῦ
305 799 439 871 καλῇ
467 802 646 854 πίστει
693 803 1021 873 νεμηθέντος
1053 803 1203 857 αὑτό.
1253 803 1437 857 Ταῦτα
1485 803 1542 856 δὲ
1571 802 1755 873 χώραν

186 891 285 944 οὐκ
312 892 521 962 ἔχουσιν
549 893 641 945 ἐπὶ
664 895 770 946 τῶν
799 895 1105 966 ἀνηκόντων
1125 899 1234 959 τοῖς
1253 893 1751 965 αἰχμαλωτισθεῖσι·

1862 628 1970 673 tem
2013 621 2194 674 locum
2223 635 2329 672 non
2363 619 2562 672 habent
2596 617 2650 671 in
2688 618 2756 671 iis
2785 634 2906 687 quae
2931 618 2997 671 ad
3029 618 3274 687 captivos
3303 635 3428 686 per-

1861 711 2065 776 tinent;
2103 720 2158 762 et
2194 710 2317 763 ideo
2345 709 2438 778 qui
2482 723 2546 762 ea
2574 708 2849 775 detinent,
2893 717 2948 763 et
2976 724 3084 764 non
3115 710 3426 774 restituunt,

1863 809 1925 855 ut
1956 802 2209 871 superius
2245 802 2473 866 dictum,
2526 801 2664 854 citra
2694 801 2861 854 ullam
2913 799 3345 864 distinctionem,
3376 811 3431 856 et.

1861 901 2135 955 tenentur,
2165 903 2219 946 et
2247 893 2563 960 puniuntur.

189 989 280 1040 καὶ
327 989 414 1042 διὰ
464 989 622 1043 τοῦτο
654 992 702 1044 οἱ
768 994 1090 1063 κατέχοντες
1140 993 1277 1047 αὐτὰ
1332 994 1426 1047 καὶ
1476 992 1549 1064 μὴ
1594 990 2089 1054 ἀποκαθιστῶντες,
2145 991 2221 1054 ὡς
2246 989 2451 1044 ἀνωθεν
2496 989 2726 1061 εἰρηται,
2767 991 3122 1054 ἀδιαστίκτως
3175 993 3268 1046 καὶ
3317 991 3430 1046 ἐνέ-

189 1099 369 1150 χονται
400 1083 494 1136 καὶ
525 1084 862 1148 κολάζονται.

255 1177 492 1230 ΖΩΝΑΡ.
525 1181 645 1233 Ὅτι
670 1182 742 1252 μὴ
779 1182 1101 1248 ἐξαπατάτω
1121 1185 1205 1247 τὶς
1229 1185 1438 1246 ἐαυτὸν,
1469 1185 1544 1247 ὡς
1575 1182 1751 1254 εύρὼν

186 1269 245 1321 τὸ
269 1269 358 1322 τοῦ
396 1271 622 1340 ἀδελφοῦ
659 1276 888 1345 πρᾶγμα
931 1277 1258 1347 ἐρριμμένον
1291 1279 1418 1340 ἴσως
1449 1279 1541 1330 καὶ
1568 1279 1753 1330 ἐνεπι-

187 1361 418 1432 μέλητον
448 1366 716 1434 κείμενον.
751 1368 868 1421 Κᾶν
919 1369 1027 1440 γὰρ
1059 1370 1231 1434 οὕτως
1263 1371 1398 1444 εὕρῃ
1441 1371 1591 1433 αὐτὸ,
1651 1372 1749 1424 ούκ

183 1451 358 1516 ἔξεστι
387 1455 645 1525 κερδῆσαι
677 1459 808 1510 αὐτὸ
837 1459 930 1512 καὶ
959 1459 1342 1513 οἰκειώσασθαι
1369 1460 1428 1512 τὸ
1452 1459 1746 1530 άλλότριονσ

184 1547 284 1600 κᾶν
325 1548 455 1612 ἴσως
480 1551 645 1621 ἀγνοῇ
691 1552 781 1604 τὸν
801 1553 1066 1624 δεσπότην
1093 1554 1186 1606 τοῦ
1212 1553 1554 1625 πράγματος*
1583 1570 1752 1624 χρεω-

184 1642 298 1691 στεῖ
323 1639 431 1711 γὰρ
460 1641 642 1695 λαϐεῖν
665 1644 816 1705 αὐτὸ,
843 1646 935 1697 καὶ
965 1644 1193 1714 φυλάξαι
1231 1646 1334 1708 ἓως
1359 1649 1387 1699 ό
1432 1645 1617 1717 κύριος
1654 1647 1752 1697 αύ-

183 1731 272 1785 τοῦ
300 1732 414 1802 γνῷ
448 1735 539 1786 καὶ
564 1734 774 1810 ζητήσῃ
811 1738 960 1791 αὐτό.
988 1739 1097 1790 Καὶ
1125 1738 1194 1790 τὰ
1221 1739 1312 1790 τοῦ
1339 1739 1750 1808 Δευτερονομίου

182 1823 273 1876 καὶ
297 1824 367 1877 τὰ
411 1825 511 1894 τῆς
549 1826 760 1892 Ἐξόδου
791 1829 982 1897 ἐπάγει
1016 1829 1188 1896 λέγων
1217 1830 1318 1891 ὃτι,
1351 1830 1476 1882 Ἐἀν
1501 1832 1556 1882 ἐν
1579 1829 1752 1901 καιρῷ

1929 1181 2129 1236 ΖοΝΑιι.
2168 1179 2246 1235 Ne
2273 1180 2540 1250 quispiam
2573 1197 2631 1236 se
2656 1165 2835 1249 ipsum
2864 1181 3108 1244 seducat,
3133 1184 3286 1250 quasi
3314 1197 3427 1234 rem

1860 1273 2046 1328 fratris
2073 1273 2364 1342 projectam
2401 1272 2632 1326 fortasse
2663 1273 2926 1342 planeque
2952 1273 3250 1342 neglectam
3280 1274 3429 1326 inve-

1857 1365 2016 1420 nerit.
2053 1365 2184 1420 bam
2205 1364 2311 1417 etsi
2337 1365 2412 1417 ita
2443 1364 2682 1417 inveniat
2716 1366 2908 1432 ipsam,
2940 1365 3140 1419 lucrari
3179 1365 3318 1419 haud
3346 1364 3430 1418 fas

1859 1466 1962 1520 est,
2015 1456 2229 1525 sibique
2275 1470 2387 1508 rem
2439 1455 2672 1508 alienam
2716 1455 3013 1518 vindicare,
3044 1455 3258 1510 etiamsi
3291 1456 3430 1510 forte

1860 1549 2075 1617 ignoret
2116 1547 2432 1611 dominum;
2481 1547 2573 1602 sed
2625 1547 2770 1600 illam
2814 1563 3030 1603 sumere
3074 1557 3310 1618 oportet,
3363 1564 3428 1602 ac

1859 1654 2030 1707 usque
2083 1639 2229 1692 iiEam
2278 1639 2534 1692 dominus
2580 1639 2725 1692 norit
2771 1655 2834 1690 ac
2873 1639 3146 1708 requirat,
3187 1655 3426 1695 scrvare.

1859 1729 1998 1784 Tum
2041 1729 2441 1783 Deutcronomii
2477 1746 2539 1784 ac
2572 1731 2741 1784 Exodi
2769 1731 2915 1785 locos
2947 1732 3169 1800 profert,
3206 1733 3277 1787 ita
3312 1734 3429 1787 dis-

1858 1837 2048 1877 serens
2081 1841 2093 1874 :
2123 1819 2177 1875 Si
2210 1821 2358 1890 pacis
2391 1830 2631 1890 tempore
2669 1822 2834 1875 frater
2862 1832 3007 1886 tuus,
3047 1833 3141 1877 aut
3175 1824 3430 1879 inimicus

181 1913 405 1983 εἰρήνης
431 1917 459 1968 ὁ
491 1915 716 1984 ἀδελφός
742 1934 833 1970 σου
863 1919 895 1989 ἢ
941 1922 970 1972 ό
1023 1919 1212 1990 ἐχθρός
1246 1936 1338 1971 σου
1380 1921 1444 1972 ἐκ
1485 1920 1747 1991 ῥᾳθυμίας

1861 1922 1988 1968 tuus
2017 1929 2084 1967 ex
2112 1913 2433 1982 negligentia
2463 1928 2574 1966 rem
2616 1928 2770 1966 suam
2802 1915 3011 1983 perdat,
3034 1915 3176 1969 haud
3202 1915 3284 1969 fas
3321 1925 3424 1975 est.

181 2004 425 2078 ἀπολέσῃ
472 2007 531 2058 τὸ
570 2008 718 2072 ἴδιον,
752 2011 851 2063 οὐκ
886 2009 1061 2074 ἔξεστί
1115 2028 1193 2064 σοι
1225 2011 1437 2082 εὑρόντι
1466 2012 1594 2064 αὐτὸ
1623 2013 1751 2084 κέρ-

179 2096 266 2160 δος
297 2097 429 2150 ἴδιον
476 2101 825 2170 ποιήσασθαι,
855 2101 992 2155 ἀλλά
1037 2102 1386 2156 ἐπανασῶσαι
1439 2104 1515 2174 τῷ
1561 2103 1754 2156 ἀπολεα-

182 2205 337 2244 σαντι
384 2191 514 2242 αύτὶ)
565 2193 766 2264 ἀπαιτῇ
817 2194 959 2248 κατά
1010 2196 1098 2248 τὸν
1147 2196 1310 2266 νόμον
1354 2195 1444 2248 τὸν
1498 2196 1750 2250 παλαιόν’

182 2281 332 2351 πόσῳ
377 2283 594 2351 μᾶλλον,
635 2285 729 2338 ἐὰν
753 2286 845 2339 τοῦ
881 2288 1170 2356 φεύγοντος
1202 2287 1428 2356 ἀδελφοῦ
1471 2305 1562 2340 σου
1592 2289 1624 2359 ἢ
1657 2288 1752 2342 τοῦ

180 2374 708 2442 αἰχμαλωτισθέντος
746 2379 996 2450 εὑρήσεις
1048 2381 1344 2452 πράγματα
1393 2382 1520 2451 παρ’
1577 2381 1753 2433 αὐτῶν

177 2462 699 2536 ἐγκαταλειφθέντα,
732 2471 834 2540 χρή
868 2486 926 2521 σε
969 2470 1199 2538 φυλάξαι
1232 2471 1369 2524 αύτά
1398 2471 1491 2524 καὶ
1524 2470 1750 2523 ἀποδοῦ-

178 2568 260 2604 ναι
288 2554 373 2624 τῷ
410 2555 802 2628 δυσπραγοῦντι
822 2576 836 2622 ;

811 2653 1048 2706 ΚΑΝΩΝ
1081 2653 1156 2705 E'.

249 2755 268 2786 ι
298 2735 483 2790 Ἀλλοι
507 2738 564 2792 δὲ
604 2740 829 2805 ἑαυτοὺς
876 2743 1238 2808 ἐξαπατῶσιν,
1284 2747 1402 2798 αντὶ
1447 2747 1555 2799 τῶν
1607 2747 1751 2800 ἰδίων

182 2845 201 2878 ι
237 2827 352 2880 τῶν
381 2829 728 2901 ἀπολομένων
753 2833 788 2888 ἃ
819 2828 975 2906 εὗρον
1013 2835 1265 2907 ἀλλότρια
1295 2839 1632 2908 κατέχοντες·
1668 2840 1753 2891 ἵνα

182 2935 201 2969 ι
245 2919 440 2990 ἐπειδὴ
490 2922 675 2986 αὐτοῖς
715 2925 937 2996 Βοράδοι
972 2928 1064 2979 καὶ
1089 2927 1273 2980 Γότθοι
1301 2929 1367 2982 τὰ
1397 2929 1490 2981 τοῦ
1515 2929 1752 2999 πολέμου

180 3028 198 3060 ι
237 3013 587 3082 εἰργάσαντο,
639 3017 793 3070 αὐτοὶ
838 3017 1016 3080 ἄλλοις
1070 3020 1291 3090 Βοράδοι
1325 3021 1418 3073 καὶ
1446 3020 1630 3074 Γότθοι
1664 3021 1751 3088 γί-

181 3119 198 3152 ι
237 3121 462 3157 νωνται.
500 3105 920 3178 ’Λπεστείλαμεν
949 3106 1040 3162 οὖν
1059 3110 1148 3162 τὸν
1173 3111 1399 3181 ἀδελφὸν
1428 3113 1519 3165 καὶ
1555 3113 1750 3180 συγγέ-

181 3212 199 3244 c
239 3212 411 3265 ροντα
460 3197 798 3268 Εύςρρόσυνον
825 3200 913 3253 διὰ
942 3201 1114 3254 ταῦτα
1168 3203 1304 3273 πρὸς
1337 3204 1500 3274 ὑμᾶς,
1542 3205 1626 3257 ἵνα
1655 3223 1754 3258 κα-

180 3306 198 3339 ι
236 3291 304 3343 τὰ
335 3289 431 3342 τὸν
469 3291 654 3344 ἐνθάδε
683 3291 852 3346 τύπον
906 3295 998 3346 καὶ
1040 3295 1201 3358 αὐτὸς
1245 3293 1355 3366 δώῃ
1408 3298 1609 3366 ὁμοίως
1656 3300 1750 3351 καὶ

181 3399 198 3430 ι
235 3374 310 3434 ὧν
341 3381 427 3434 δεῖ
454 3382 552 3445 τὰς
593 3385 922 3456 κατηγορίας
947 3387 1288 3457 προσίεσθαι,
1313 3390 1405 3441 καὶ
1432 3389 1527 3453 οὓς
1556 3390 1635 3443 δεῖ
1661 3393 1752 3444 ἐκ·

182 3489 200 3523 ‹
231 3472 472 3545 κηρύξαι
503 3475 610 3528 τῶν
641 3476 868 3546 εὐχῶν.»

244 3565 448 3617 ΒᾹΛΣ.
496 3565 997 3637 Ἀπολογησάμενος
1047 3567 1075 3619 ό
1102 3568 1254 3636 ἅγιος
1289 3568 1358 3621 τὰ
1396 3570 1578 3624 είκότα
1618 3572 1752 3643 πρὸς

172 3658 294 3720 τοὺς
319 3657 604 3724 λέγοντας,
638 3657 712 3722 ὡς
757 3659 1063 3730 ἐρριμμένα
1111 3660 1202 3713 καὶ
1234 3661 1330 3731 ἀτη
1342 3661 1545 3733 μέλητα
1573 3663 1750 3733 εὑρεῖν

170 3750 235 3802 τά
260 3749 380 3804 τῶν
407 3749 948 3820 αἰχμαλωτισθέντων
1005 3752 1324 3822 πράγματα,
1351 3753 1445 3807 καὶ
1475 3755 1562 3806 διὰ
1593 3755 1750 3808 τοῦτο

175 3841 492 3896 ἰδιώσασθαι
519 3843 674 3896 αύτά’
730 3844 853 3914 ἄρτι
883 3844 1222 3912 ἀπολογεῖται
1255 3847 1388 3918 πρὸς
1432 3849 1556 3910 τοὺς
1600 3849 1748 3901 ἀντι-

172 3934 532 4005 ποιουμένους
561 3934 668 3989 τῶν
701 3935 1064 4005 διαφερόντων
1101 3939 1211 3999 τοῖς
1240 3938 1748 4008 αἰχμαλωτισθεῖσαν

168 4025 286 4080 ἀντὶ
311 4027 426 4079 τῶν
449 4025 766 4096 φθασάντων
785 4025 934 4097 παρά
955 4027 1062 4079 τῶν
1092 4029 1365 4098 πολεμίων
1387 4031 1750 4101 ἀφαιρεθῆναι

168 4119 518 4190 πραγμάτων
542 4118 738 4170 αὐτῶν.
791 4119 928 4187 Φησὶ
982 4118 1090 4189 γὰρ
1130 4119 1205 4182 ὡς
1245 4121 1336 4172 καὶ
1382 4122 1538 4175 τοῦτο
1562 4124 1742 4196 ἀπάτη

167 4209 284 4261 ἐστὶ
307 4209 410 4262 καὶ
467 4210 670 4278 ματαία
716 4210 1008 4280 πρόφασις.
1039 4209 1171 4261 Oti-8%.
1224 4209 1332 4280 γὰρ
1379 4211 1585 4265 δίκαιόν
1628 4215 1746 4268 ἐστι

163 4300 394 4363 τούτους
422 4301 711 4369 γεγονότας
733 4301 1106 4370 παρανάλωμα
1133 4300 1388 4372 πολεμίου
1413 4304 1742 4376 βαρϐαρικοῦ

168 4393 242 4464 μὴ
297 4393 663 4463 καρτερῆσαι,
709 4392 842 4445 ἀλλὰ
887 4391 1136 4461 γενέσθαι
1204 4394 1400 4457 αὐτοὺς
1454 4397 1742 4467 πολεμίους

165 4483 271 4537 τῶν
298 4483 584 4552 ἀδελφῶν,
633 4487 725 4538 καὶ
765 4487 1104 4557 χρηματίσαι
1154 4488 1231 4548 εἰς
1277 4487 1496 4550 τούτους
1552 4489 1742 4552 ἄλλους

165 4574 499 4647 βαρϐάρους.
529 4577 625 4629 Διά
647 4577 819 4632 ταῦτα
845 4581 1260 4652 ἀπεστείλαμεν,
1286 4581 1452 4649 λέγει,
1480 4581 1570 4634 τὸν
1589 4580 1739 4633 ἀδελο
1776 4600 1816 4654 ο

164 4667 260 4734 φὺν
288 4669 642 4738 Εύφρόσυνον
673 4670 808 4741 πρὸς
845 4671 1007 4742 ὑμᾶς,
1052 4673 1141 4726 ἵνα
1172 4673 1311 4726 κατά
1366 4672 1458 4726 τὸν
1507 4673 1740 4728 ἐνταῦθα

162 4759 357 4822 τύπον,
401 4759 590 4828 ἤγουν,
641 4761 822 4824 καθὼς
878 4765 1040 4832 ἡμεῖς
1097 4763 1331 4818 ἐνταῦθα
1385 4765 1738 4835 ἐποιήσαμεν,

160 4849 270 4922 δώῃ
293 4850 468 4903 τύπον
506 4853 596 4903 καὶ
633 4852 815 4905 αὐτόθι
852 4852 992 4907 ῶστε
1031 4855 1173 4908 οὓτω
1201 4859 1374 4909 ποιεῖν
1407 4859 1568 4927 ὑμᾶς.
1609 4854 1743 4912 Εἶτά

160 4958 329 5012 φησιν
371 4942 450 5004 ὡς
488 4944 516 4994 ό
547 4943 707 5006 αὐτὸς
755 4944 1098 5014 Εύφρόσυνος
1130 4947 1430 5012 ἀναδιδάξει
1468 4950 1618 5012 τίνας
1660 4950 1742 5002 δεῖ

161 5033 563 5103 προσδέχεσθαι
596 5035 1034 5107 κατηγοροῦντας
1076 5039 1218 5091 κατά
1257 5055 1438 5100 τινων,
1469 5040 1562 5092 καί
1593 5040 1742 5103 τίνας

158 5125 264 5194 χρὴ
290 5124 700 5195 ἀποκηρύττειν
731 5126 832 5196 τῆς
869 5127 1192 5197 Ἐκκλησίας
1215 5130 1308 5182 καὶ
1334 5130 1433 5200 τῆς
1461 5129 1742 5193 κοινωνίας

154 5215 264 5268 τῶν
295 5215 528 5268 πιστῶν.

222 5307 478 5359 ΖΩΝΑΡ.
510 5307 688 5368 Τινὲς,
711 5301 919 5377 φησιν,
954 5307 1317 5371 ἀπολέσαντες
1362 5310 1533 5361 οἰκεῖα
1571 5310 1742 5380 πράγ-

158 5416 330 5467 ματα,
356 5399 452 5451 καὶ
474 5398 726 5469 εὑρόντες
759 5399 1036 5470 ἀλλότρια,
1071 5400 1286 5468 λέγουσι
1315 5401 1562 5471 κατέχειν
1578 5401 1737 5463 αὐτὰ,

152 5490 266 5543 ἀνθ’
289 5483 372 5543 ὧν
403 5489 710 5558 ἀπώλεσαν,
737 5491 1114 5556 ἐξαπατῶντες
1137 5492 1382 5554 ἑαυτούς.
1413 5493 1587 5564 Ὅπερ
1608 5494 1735 5564 γὰρ,

154 5585 347 5652 φησὶν,
370 5584 616 5651 ἐγένοντο
646 5585 878 5647 ἐκείνοις
904 5586 953 5637 οἰ
981 5585 1229 5654 πολέμιοι
1264 5583 1550 5656 βάρϐαροι,
1583 5585 1740 5638 τοῦτο

152 5674 404 5742 γίνονται
439 5675 593 5726 αὐτοὶ
617 5679 730 5738 τοῖς
763 5675 1031 5744 ἀδελφοῖς.
1067 5677 1359 5744 Ἥρπασαν
1391 5678 1440 5729 οἰ
1475 5676 1738 5748 βάρϐαροι

151 5769 217 5822 τὰ
268 5769 524 5830 ἐκείνων,
578 5769 820 5823 κάκεῖνοι
852 5768 921 5822 τὰ
981 5768 1090 5822 τῶν
1144 5768 1404 5838 ἀδελφῶν.
1440 5769 1538 5823 Διά
1565 5769 1738 5824 ταῦτα

151 5857 585 5932 ἀπεστείλαμεν,
620 5859 790 5929 λέγει,
818 5859 903 5912 ἵνα
958 5859 1100 5913 κατὰ
1146 5860 1235 5915 τὸν
1279 5859 1514 5916 ἐνταῦθα
1546 5861 1735 5927 τύπον,

1856 2003 1902 2058 si
1948 2019 2069 2057 eam
2115 2002 2404 2068 inveneris,
2451 2002 2544 2056 tibi
2593 2003 2866 2071 propriam
2914 2004 3207 2070 vindicare,
3252 2005 3345 2060 sed
3375 2006 3425 2058 ei

1855 2097 1945 2167 qui
1976 2097 2208 2166 perdidit
2241 2097 2445 2150 servari
2477 2097 2696 2166 antiqua
2717 2097 2815 2151 .iex
2843 2098 3030 2166 jubet;
3069 2108 3276 2169 quanto
3305 2115 3425 2154 nta-

1856 2188 1938 2257 gis
1969 2188 2013 2242 si
2051 2204 2138 2241 res
2182 2187 2455 2243 inveneris
2498 2189 2683 2243 fratris
2715 2191 2790 2242 tui
2827 2191 2917 2259 qui
2963 2190 3194 2261 aufugit,
3241 2202 3334 2246 aut
3370 2193 3424 2245 in

1857 2280 2173 2334 servitutem
2221 2281 2487 2336 abductus
2533 2293 2636 2346 est,
2670 2284 2737 2337 ab
2766 2285 2886 2352 ipso
2927 2286 3166 2350 relictas,
3207 2299 3426 2340 servare

1858 2371 1977 2425 illas
2006 2387 2068 2424 ac
2103 2370 2416 2426 infortuniis
2442 2388 2630 2442 presso
2657 2376 2879 2428 reddere
2909 2377 3218 2444 Oportebit?

2447 2645 2679 2701 CANON
2720 2647 2783 2700 γ.

1934 2751 1952 2782 ι
1993 2731 2096 2788 Alii
2147 2745 2324 2790 autem
2358 2736 2568 2805 seipsos
2604 2739 2889 2804 seducunt,
2923 2755 3022 2810 pro
3046 2744 3281 2811 propriis
3303 2760 3426 2814 quae

1862 2841 1880 2873 ι
1921 2827 2218 2893 perierunt,
2271 2827 2446 2882 aliena
2498 2846 2618 2898 quae
2678 2832 3020 2900 invenerunt,
3072 2835 3419 2892 detinentes:

1860 2933 1880 2963 ι
1922 2924 1982 2969 ut
2010 2917 2268 2985 quoniam
2298 2917 2490 2973 Boradi
2521 2929 2575 2974 et
2613 2920 2776 2975 Gothi
2809 2924 2888 2977 eis
2915 2923 3132 2979 hostilia
3159 2927 3423 2992 fecerunt,

1862 3026 1880 3059 ι
1922 3008 2026 3076 ipsi
2069 3010 2179 3064 sint
2211 3012 2334 3065 aliis
2371 3011 2566 3065 Boradi
2623 3024 2675 3065 et
2729 3013 2911 3068 Gothi.
2958 3015 3248 3086 Propterea
3293 3035 3424 3091 ergo

1862 3119 1880 3151 ι
1923 3099 2143 3156 fratrem
2175 3111 2226 3156 et
2267 3119 2557 3158 consenem
2601 3115 2848 3159 nostrum
2894 3105 3311 3178 Euphrosynum
3355 3115 3424 3166 ad

1863 3209 1882 3242 ι
1922 3208 2020 3246 vos
2056 3194 2328 3259 misimus,
2361 3205 2419 3249 ut
2446 3199 2742 3250 secundum
2780 3197 3008 3252 formam
3043 3215 3164 3268 qua:
3199 3202 3288 3256 hic
3317 3214 3420 3268 est,

1861 3302 1883 3336 ι
1925 3293 1978 3337 et
2005 3285 2118 3352 ipse
2148 3287 2239 3340 det
2267 3287 2535 3350 similiter,
2567 3299 2620 3342 et
2657 3306 2890 3358 quorum
2925 3295 3298 3350 accusationes
3326 3299 3424 3352 ad-

1860 3396 1877 3426 l
1921 3378 2134 3431 mittere
2165 3388 2429 3448 oporteat,
2461 3390 2513 3434 et
2544 3397 2684 3450 quos
2714 3399 2741 3435 a
2769 3384 3018 3452 precibus
3052 3386 3321 3441 abdicare.
3362 3406 3380 3438 ι

1921 3557 2082 3612 lius.
2115 3558 2411 3631 Postquam
2445 3575 2691 3626 sanctus,
2721 3582 2839 3634 qua:
2865 3577 3022 3620 erant
3056 3580 3420 3625 consentanea

1849 3653 2134 3720 respondit
2167 3654 2234 3708 iis
2274 3656 2365 3724 qui
2408 3657 2656 3710 dicebant
2682 3673 2740 3712 se
2774 3668 2831 3712 ut
2863 3657 3122 3728 disjectas
3147 3670 3201 3715 et
3235 3661 3422 3730 negle—

1850 3745 1959 3797 ctui
1990 3745 2209 3799 habitas
2244 3764 2329 3802 res
2363 3750 2700 3818 captivorum
2732 3751 3005 3805 invenisse
3043 3762 3095 3806 et
3137 3763 3418 3822 propterea

1849 3849 1913 3887 ea
1941 3833 2042 3889 sibi
2071 3837 2377 3891 vindicasse
2403 3855 2416 3901 ;
2447 3855 2590 3892 nunc
2623 3840 2688 3893 iis
2719 3843 3025 3909 respondet,
3061 3845 3174 3912 qui,
3204 3862 3324 3914 qua:
3352 3848 3420 3902 ad

1851 3925 2094 3993 captivos
2125 3927 2490 3995 pertinebant,
2540 3945 2638 3998 pro
2669 3931 2735 3985 iis
2772 3948 2894 4000 qum
2927 3933 3027 3986 sibi
3061 3935 3129 3987 ab
3170 3935 3418 3990 hostibus

1847 4016 2001 4084 prius
2028 4018 2204 4072 ablata
2236 4018 2468 4085 fuerant,
2496 4022 2860 4079 vindicabant.
2896 4023 3036 4080 Dicit
3065 4027 3209 4081 enim
3234 4038 3288 4083 et
3317 4030 3420 4084 hoc

1848 4122 1968 4162 esse
2007 4108 2252 4163 fraudem
2301 4120 2354 4164 et
2401 4113 2614 4167 inanem
2665 4126 3008 4184 prmtextum.
3052 4117 3238 4188 Neque
3269 4123 3414 4178 enim

1848 4213 2062 4266 aequum
2093 4209 2197 4261 est,
2227 4211 2285 4254 ut
2321 4204 2412 4270 qui
2452 4220 2516 4257 ex
2553 4206 2692 4259 bello
2718 4207 3001 4264 barbarico
3029 4211 3414 4268 detrimentum

1847 4289 2174 4359 acceperint,
2204 4308 2308 4345 non
2333 4297 2624 4350 toleranter
2647 4295 2839 4363 ferant,
2862 4300 2953 4353 sed
2977 4303 3087 4355 sint
3111 4304 3209 4371 ipsi
3231 4306 3416 4362 hostes

1848 4379 2099 4446 fratrum,
2137 4394 2190 4437 et
2228 4385 2318 4439 alii
2358 4386 2409 4438 in
2454 4387 2601 4456 ipsos
2627 4390 2843 4443 barbari
2892 4394 3246 4461 appellentur.
3283 4397 3417 4451 Pro-

1848 4481 2052 4542 pterea,
2089 4477 2285 4546 inquit,
2323 4479 2570 4534 misimus
2621 4481 2687 4534 ad
2719 4497 2817 4537 vos
2847 4482 3066 4539 fratrem
3104 4485 3416 4560 Euphrosy-

1849 4582 2004 4631 num,
2038 4578 2095 4622 ut
2122 4569 2275 4637 juxta
2313 4572 2539 4624 formam
2572 4573 2659 4626 hic
2693 4575 2966 4640 traditam,
3013 4593 3108 4632 seu
3149 4581 3415 4648 quemad-

1847 4659 2065 4713 modum
2103 4660 2190 4716 hic
2233 4660 2491 4728 fecimus,
2528 4664 2686 4719 isthic
2721 4681 2939 4736 quoque
2969 4669 3058 4722 det
3090 4669 3320 4726 formam
3356 4681 3416 4726 ut

1845 4751 1923 4804 sic
1953 4765 2050 4805 vos
2080 4751 2312 4807 faciatis.
2345 4753 2540 4808 Deinde
2565 4756 2697 4809 dicit
2725 4776 2738 4809 :
2771 4757 3165 4830 Euphrosynus
3193 4778 3288 4817 vos
3311 4763 3411 4816 do-

1845 4843 1986 4896 cebit
2013 4860 2280 4912 quosnam
2316 4855 2369 4900 et
2399 4848 2658 4902 adversus
2691 4864 2831 4917 quos
2858 4863 3183 4908 accusantes
3214 4855 3412 4910 admit-

1846 4945 1979 4999 tere,
2011 4946 2064 4989 et
2096 4952 2363 5005 quosnam
2406 4939 2474 4992 ab
2511 4937 2750 4994 Ecclesia
2790 4950 2845 4994 et
2891 4942 3128 4998 ﬁdelium
3163 4960 3412 5004 commu-

1846 5027 2008 5080 nione
2030 5029 2281 5083 abdicare
2313 5041 2580 5099 oporteat.

1915 5301 2119 5356 Zona.
2163 5301 2439 5372 Nonnulli,
2489 5308 2684 5378 inquit,
2735 5311 2956 5367 amissis
2985 5313 3150 5368 rebus
3175 5315 3312 5382 suis,
3348 5331 3414 5372 ac

1844 5395 2018 5448 aliena
2065 5396 2424 5462 invenientes,
2455 5416 2552 5468 pro
2584 5403 2652 5456 iis
2687 5419 2807 5474 quae
2849 5406 3151 5460 amiserunt
3181 5423 3243 5461 ea
3273 5408 3414 5463 deti-

1842 5503 1972 5541 nere
2003 5501 2062 5541 se
2087 5499 2360 5554 asserunt,
2423 5495 2632 5562 seipsos
2661 5495 3013 5564 decipientes.
3050 5497 3210 5564 Quod
3239 5499 3412 5566 enim,

1825 5584 1939 5646 .ait,
1971 5582 2077 5636 illis
2108 5576 2266 5638 fuere
2305 5585 2490 5640 hostes
2521 5587 2758 5648 barbari,
2788 5588 2888 5641 hoc
2923 5588 3020 5657 ipsi
3061 5591 3198 5643 fiunt
3227 5588 3416 5645 fratri-

1841 5677 1965 5733 bus.
1989 5677 2212 5734 Barbari
2255 5694 2343 5734 res
2375 5679 2589 5734 illorum
2617 5690 2934 5749 rapuerunt,
2959 5696 3024 5735 ac
3053 5680 3128 5736 illi
3157 5680 3409 5737 fratrum.

1841 5768 2152 5840 Propterea,
2188 5771 2385 5842 inquit,
2421 5770 2891 5845 [Euphrosynum]
2918 5774 2982 5828 ad
3013 5789 3110 5828 vos
3143 5775 3416 5838 misimus,

1843 5873 1898 5916 ut
1936 5864 2233 5918 secundum
2285 5863 2520 5918 formam
2564 5864 2652 5919 hic
2690 5864 3032 5920 observatam
3069 5882 3166 5921 vos
3199 5880 3418 5936 quoque
