3876 6488
438 365 462 422 1
473 367 576 424 059

1568 363 1625 416 S.
1668 359 1997 418 GREGORII
2039 359 2552 416 TIIAUMATIFRGI

3555 359 3700 416 1040

435 487 549 542 illic
573 483 804 548 faciatis,
834 489 890 536 et
905 495 1140 551 quorum
1167 480 1551 536 accusationes
1575 491 1630 536 et
1649 489 1840 536 contra
1866 495 2006 551 quos

2117 481 2202 532 καὶ
2235 480 2426 533 αὐτόοι
2475 481 2618 532 ὥστε
2651 478 2824 542 οὕτως
2853 480 2997 550 ὑμᾶς
3047 481 3240 542 ποιεῖν,
3295 479 3391 534 καὶ
3437 478 3590 542 τίνας
3615 479 3706 536 δεῖ

433 586 681 649 oporteat
701 575 1022 640 admittatis,
1045 585 1100 630 et
1125 589 1266 646 quos
1291 574 1445 629 decet
1463 572 1728 630 abdicetis
1748 611 1764 634 .
1790 573 1897 628 hoc
1934 581 2018 626 est

433 671 670 740 ejiciatis
693 668 764 723 ab
791 667 1053 734 Ecclesia,
1081 677 1244 736 atque
1271 681 1304 720 ιι
1331 665 1582 720 ﬁdelibus
1609 664 1926 734 segregetis,
1951 681 2018 720 ne

435 775 561 816 cum
591 759 726 829 ipsis
765 775 875 812 una
907 766 1220 828 precentur.
1255 754 1426 810 Porro
1457 769 1822 824 quorumnam
1851 771 2018 810 accu-

434 853 680 907 sationes
705 850 1057 905 admittendaa
1087 850 1218 913 sint,
1245 857 1460 904 sextum
1492 847 1746 902 secunda:
1771 863 2016 902 ineunte—

433 947 571 1000 nicae
617 943 808 1015 synodi
842 951 1008 1014 caput
1037 943 1216 998 docet.
1273 940 1548 1010 Legautur
1589 939 1754 993 etiam
1785 954 1908 1010 qua:
1941 939 2014 993 ibi

433 1037 776 1106 scripsimus.

1038 1123 1266 1180 CANON
1325 1122 1412 1176 Vl.

509 1239 528 1270 ι
569 1219 645 1275 De
673 1221 742 1274 iis
765 1219 858 1288 qui
877 1218 1125 1288 captivos
1140 1232 1206 1272 ex
1229 1215 1478 1270 barbaris
1500 1213 1771 1284 fugientes
1803 1214 1853 1268 vi
1880 1214 2016 1268 deti-

439 1331 460 1363 ι
503 1321 654 1365 nent.
685 1311 1078 1366 Denuntiatum
1109 1317 1288 1366 autem
1315 1315 1398 1362 est
1428 1307 1589 1361 nobis
1616 1306 1896 1376 quidpiam
1927 1306 2016 1360 in-

435 1422 456 1454 ‹
499 1401 758 1456 credibile
801 1403 854 1454 in
879 1411 1060 1456 vestra
1107 1400 1330 1470 regione
1369 1397 1746 1464 factumesse,
1789 1397 2015 1452 omnino

435 1513 454 1544 ι
495 1499 563 1546 ab
597 1493 910 1548 inﬁdelibus
939 1501 992 1546 et
1021 1492 1224 1560 impiis,
1249 1501 1302 1545 et
1331 1491 1422 1560 qui
1453 1506 1518 1544 ne
1555 1505 1750 1544 nomen
1791 1489 2014 1559 quidem

435 1603 454 1634 ι
497 1582 716 1638 Domini
745 1597 981 1648 novere;
1038 1581 1186 1651 quod
1227 1581 1476 1636 nonnulli
1504 1595 1570 1634 eo
1601 1580 2016 1636 inhumanitatis

436 1695 456 1727 ι
495 1676 946 1744 crudelitatisque
975 1687 1310 1742 processere,
1333 1681 1395 1725 ut
1420 1671 1662 1740 captivos
1681 1670 1896 1740 aliquos
1919 1671 2014 1740 qui

437 1788 456 1820 ι
499 1763 826 1838 effugerunt,
867 1767 920 1820 vi
976 1765 1267 1821 retineant.
1321 1763 1516 1817 Mittite
1571 1763 1786 1834 aliquos
1833 1765 1886 1818 in
1927 1780 2016 1819 re-

418 1871 454 1914 α
496 1834 737 1930 gionem,
791 1875 860 1914 ne
914 1857 1000 1912 vel
1045 1857 1272 1912 fulmina
1309 1857 1362 1909 in
1403 1872 1498 1911 eos
1529 1855 1728 1910 cadant
1761 1857 1856 1927 qui
1897 1857 2016 1912 haec
2045 1834 2087 1888 Β

437 1971 454 2004 ι
497 1961 688 2022 agunt.
729 1970 748 2002 r

499 2042 666 2098 BALS.
699 2042 921 2112 Accepit
949 2051 1174 2108 sanctus
1197 2041 1340 2112 quod
1373 2040 1594 2110 quidam
1617 2041 1810 2112 captivi
1837 2042 2016 2097 ortho-

427 2136 576 2204 doxi,
603 2145 900 2207 postquam
932 2151 1128 2190 manus
1155 2134 1471 2189 barbaricas
1497 2149 1740 2198 evasere,
1767 2134 1818 2186 vi
1846 2148 1876 2188 a
1897 2133 2017 2202 qui.

427 2229 658 2285 busdam
689 2229 1026 2293 detinentur,
1063 2242 1164 2282 nec
1209 2227 1436 2281 domum
1483 2227 1681 2281 reverti
1727 2225 2008 2281 sinuntur.

423 2321 570 2376 Dicit
609 2335 740 2391 ergo
767 2320 854 2386 iis,
883 2319 952 2374 ad
984 2334 1124 2390 quos
1149 2318 1412 2388 scriptum
1440 2317 1544 2376 hoc
1567 2317 1858 2388 epistolare
1879 2317 2013 2373 mis-

425 2427 548 2468 sum
594 2419 701 2474 est,
739 2409 888 2482 quod
937 2411 1042 2466 hoc
1073 2409 1122 2465 ei
1175 2407 1494 2464 incredibile
1542 2409 1718 2462 visum
1771 2419 1891 2464 est:
1931 2417 2013 2465 est

427 2506 574 2559 enim
621 2503 922 2558 inﬁdelium
953 2510 1010 2557 et
1037 2501 1328 2570 impiorum
1371 2513 1532 2568 opus.
1566 2499 1660 2554 Sin
1702 2508 1886 2554 autem
1921 2500 2006 2554 fa-

426 2604 576 2648 ctum
600 2602 704 2658 est,
739 2608 848 2647 non
877 2593 1179 2646 remanebit
1201 2592 1551 2662 impunitum.
1581 2591 1646 2646 Et
1668 2593 1789 2646 ideo
1813 2591 2010 2647 debent

428 2689 543 2742 hinc
569 2685 858 2756 diligenter
879 2684 1105 2754 inquiri,
1131 2692 1186 2739 et
1218 2684 1362 2738 mitti
1393 2685 1444 2740 in
1471 2687 1748 2756 regionem
1773 2685 1868 2754 qui
1896 2686 2010 2741 haec

425 2784 863 2845 perscrutentur.
895 2775 1188 2831 Existimat
1209 2777 1377 2840 enim,
1417 2779 1561 2847 quod
1598 2777 1760 2832 etiam
1803 2777 2008 2833 fulmen

424 2883 522 2921 seu
567 2867 712 2938 ignis
759 2869 830 2922 sit
877 2881 1128 2934 casurus,
1173 2878 1228 2922 et
1269 2883 1366 2924 eos
1409 2871 1503 2938 qui
1545 2871 1657 2925 haec
1691 2879 1860 2942 agunt
1883 2887 2012 2927 exu-

423 2971 634 3016 cturus.
1591 2971 1594 2976 ’

492 3049 694 3108 lorus.
735 3049 1016 3116 Nonnulli,
1051 3051 1252 3121 inquit,
1309 3063 1370 3108 ut
1401 3054 1724 3115 didicimus.
1768 3057 2009 3126 captivos

419 3160 488 3199 ex
521 3144 772 3198 hostibus
801 3141 1144 3212 dill'ugientes
1173 3145 1224 3198 vi
1261 3145 1499 3200 retinent
1545 3165 1558 3200 :

421 3239 554 3292 nino
597 3235 844 3292 inﬁdeles
891 3244 947 3290 et
999 3235 1174 3305 impii,
1233 3251 1409 3307 neque
1437 3239 1521 3293 vel
1565 3237 1738 3294 Deum
1781 3252 2002 3298 norunt.

419 3327 908 3386 Proinde-sanctus
935 3328 1018 3383 vir
1041 3329 1111 3384 ab
1149 3329 1216 3384 iis
1257 3331 1326 3386 ad
1355 3346 1495 3400 quos
1525 3332 1736 3396 scribit,
1769 3335 2008 3402 postulat

419 3423 563 3478 mitti
597 3423 652 3476 in
675 3423 952 3492 regionem
981 3421 1230 3478 homines
1258 3423 1350 3494 qui
1373 3423 1440 3479 de
1471 3425 1574 3480 hac
1599 3439 1659 3480 re
1694 3425 2002 3496 inquirant;

419 3529 528 3580 ne,
565 3513 784 3582 inquit,
833 3513 973 3584 ignis
1021 3513 1182 3570 cadat
1229 3515 1486 3580 coalitus,
1527 3531 1592 3570 ac
1635 3531 1730 3572 eos
1765 3518 1864 3586 qui
1892 3517 2007 3572 haec

420 3613 590 3674 agunt
617 3604 892 3658 absumat.
936 3602 1051 3662 Hoc
1083 3613 1262 3660 autem
1293 3607 1450 3672 dixit,
1481 3605 1743 3662 facinoris
1770 3609 2006 3676 gravita-

421 3705 530 3764 tem
563 3694 836 3750 indicans.

1022 3785 1253 3842 CANON
1287 3786 1328 3842 ι’
1338 3785 1398 3840 ιι.

495 3899 514 3934 ι
559 3880 636 3936 De
669 3881 737 3936 iis
765 3879 860 3950 qui
893 3880 1034 3935 inter
1065 3880 1330 3936 barbaros
1363 3879 1704 3935 annumerati
1741 3887 1904 3946 sunt,
1951 3889 2006 3936 et

423 3992 443 4024 ι
485 3973 727 4029 absurda
753 3971 1002 4042 quaedam
1036 3971 1090 4026 in
1119 3987 1214 4026 eos
1241 3971 1334 4040 qui
1362 3981 1490 4026 sunt
1511 3971 1594 4026 sui
1626 3971 1842 4041 generis
1871 3969 2009 4026 fece-

427 4084 444 4112 ι
491 4071 642 4117 runt.
697 4061 806 4117 Eos
850 4063 1152 4132 itaque‘qui
1201 4062 1340 4116 inter
1391 4061 1656 4116 barbaros
1701 4063 2006 4116 enumerati

425 4173 444 4206 ι
488 4163 650 4218 sunt,
679 4163 880 4210 etcum
909 4155 990 4210 eis
1018 4154 1074 4208 in
1121 4153 1431 4224 captivitate
1461 4153 1813 4220 invaserunt,
1850 4153 2004 4208 obliti

423 4267 442 4297 ι
489 4262 550 4303 se
594 4261 716 4302 esse
753 4245 1006 4300 Ponticos
1051 4255 1106 4300 et
1149 4245 1529 4311 Christianos,
1571 4243 1778 4300 eﬁerati
1821 4253 2003 4300 autem

421 4358 442 4391 ‹
487 4339 814 4409 barbarique
839 4339 1056 4404 redditi,
1087 4347 1146 4393 ut
1174 4346 1228 4394 et
1253 4353 1348 4394 eos
1373 4338 1468 4408 qui
1499 4337 1584 4392 sui
1610 4345 1738 4392 sunt
1764 4337 2002 4407 generis,

422 4451 441 4482 ι
489 4433 572 4486 vel
611 4431 757 4502 ligno
787 4433 870 4487 vel
895 4431 1252 4487 suffocatione
1282 4431 1644 4494 interﬁciant,
1671 4430 1788 4486 vias
1820 4438 2001 4486 autem

1606 3149 1699 3216 qui
1734 3159 1861 3204 sunt
1889 3165 2008 3204 om-
2035 3177 2076 3233 ε

2119 569 2560 640 κατηγοροῦντάς
2599 587 2760 622 τινων
2799 569 3210 640 προσδέχεσθαι,
3271 571 3363 624 καὶ
3389 570 3483 635 οὓς
3529 572 3706 643 ἐκκη-

2121 661 2300 732 ρύξαι,
2335 663 2498 732 ἤγουν
2527 661 2679 724 τίνας
2708 661 2808 732 τῆς
2846 661 3170 732 Ἑκκλησίας
3207 662 3428 728 ἐξῶσαι,
3475 665 3706 718 καὶτῶν

2117 755 2330 808 πιστῶν
2389 755 2644 827 χωρίσαι,
2679 754 2820 808 ὥστε
2853 755 2928 826 μὴ
2965 756 3316 826 συνεύχεσθαι
3373 758 3574 822 αὐτοῖς.
3603 752 3710 812 Τέο,

2117 865 2215 912 νας
2245 847 2302 900 δὲ
2343 847 2423 900 δεῖ
2477 847 2922 920 κατηγοροῦντας
2974 849 3388 920 προσδέχεσθαι,
3435 851 3496 903 τὸ
3541 851 3704 905 ἕκτον

2115 939 2408 1008 κεφάλαιον
2454 940 2555 1010 τῆς
2609 939 2869 1010 δευτέρας
2931 939 3314 1010 οἱκουμενικῆς
3367 940 3584 994 συνόδου
3617 941 3704 995 δι-

2115 1032 2324 1087 δάσκει.
2386 1034 2783 1102 Ἀναγνωστέον
2809 1037 2903 1088 καὶ⁵
2931 1037 3000 1090 τὰ
3031 1036 3148 1089 ἐκεῖ
3173 1034 3556 1106 γεγραμμένα.

2716 1127 2955 1180 ΚΛΝΩΝ
2987 1131 3078 1196 ς’.

2193 1235 2211 1268 ι
2243 1217 2380 1288 Περὶ
2399 1216 2507 1270 τῶν
2531 1217 2622 1290 βία
2655 1219 2992 1289 κατεχόντων
3025 1220 3152 1282 τοὺς
3183 1220 3246 1272 ἐκ
3274 1219 3380 1272 τῶν
3405 1218 3704 1290 βαρϐάρων

2123 1329 2140 1362 ι
2180 1309 2580 1380 αἰχμαλώτους.
2631 1309 2976 1382 Ἀπηγγέλθη
3007 1311 3064 1364 δέ
3091 1329 3143 1364 τι
3170 1313 3300 1381 ἡμῖν
3329 1312 3422 1364 καὶ
3469 1311 3702 1364 ἄπιστον

2123 1421 2140 1454 ι
2185 1406 2240 1456 ἐν
2275 1406 2340 1474 τῇ
2389 1403 2541 1475 χώρᾳ
2599 1403 2752 1474 ὑμῶν
2799 1405 3110 1474 γενόμενον,
3171 1403 3384 1468 πάντως
3441 1420 3540 1456 που
3593 1403 3703 1457 ὑπὸ

2123 1514 2140 1546 ι
2185 1495 2428 1547 ἀπίστων
2481 1497 2574 1548 καὶ
2627 1495 2839 1548 ἀσεϐῶν
2869 1496 2962 1549 καὶ
3005 1495 3078 1566 μὴ
3109 1495 3324 1548 εἰδότων
3357 1496 3488 1566 μηδὲ
3524 1495 3700 1567 ὄνομα

2123 1607 2140 1636 ι
2179 1589 2406 1659 Κυρίου,
2443 1590 2524 1642 ὅτι
2583 1589 2689 1662 ἄρα
2719 1592 2798 1652 εἰς
2835 1589 3086 1642 τοσοῦτόν
3127 1607 3270 1653 τινες
3295 1589 3582 1660 ὠμότητος
3607 1589 3702 1643 καὶ

2123 1697 2140 1728 ι
2185 1680 2581 1750 ἀπανθρωπίας
2617 1677 3034 1750 προεχώρησαν,
3062 1679 3201 1732 ὥστε
3231 1680 3383 1743 τινας
3427 1683 3555 1743 τοὺς
3581 1680 3702 1734 δια-

2123 1791 2140 1822 ι
2179 1773 2444 1840 φυγόντας
2477 1773 2854 1844 αἰχμαλώτους
2885 1772 2974 1844 βίᾳ
2999 1772 3272 1843 κατέχειν.
3314 1773 3700 1826 Ἀποστείλατέ

2123 1885 2139 1915 ι
2177 1883 2326 1929 τινας
2353 1867 2431 1928 εἰς
2459 1865 2557 1935 τὴν
2585 1863 2788 1934 χώραν,
2825 1865 2900 1935 μὴ
2931 1866 3024 1917 καὶ
3069 1865 3300 1934 σκηπτοὶ
3335 1865 3578 1918 πέσωσιν
3605 1867 3698 1918 ἐπὶ

2123 1973 2141 2006 ι
2180 1957 2306 2018 τοὺς
2335 1955 2404 2008 τὰ
2430 1957 2654 2008 τοιαῦτα
2688 1956 3049 2026 πράσσοντας.
3069 1973 3085 2004 ι

2188 2048 2363 2100 ΒΛΛΣ
2421 2046 2661 2116 ἜμαΟεν
2685 2048 2713 2098 ὁ
2762 2046 2912 2114 ἕιγιος
2937 2045 3010 2110 ῶς
3031 2065 3174 2110 τινες
3195 2045 3462 2118 όροόδοξοι
3503 2047 3698 2117 αίχμά-

2115 2141 2294 2202 λωτοι,
2347 2139 2442 2202 τὰς
2502 2137 2842 2210 βαρϐαρικὰς
2895 2141 3082 2210 χεῖρας
3135 2139 3510 2208 διαφυγόντες,
3549 2137 3698 2190 κατέ-

2115 2247 2298 2301 χονται
2322 2229 2425 2282 ὑπό
2453 2245 2612 2282 τινων
2644 2229 2780 2282 κατὰ
2807 2229 2971 2300 βίαν,’
2999 2231 3096 2284 καὶ
3147 2232 3207 2284 ού
3243 2229 3699 2304 παραχωροῦνται

2113 2321 2294 2375 οἴκαδε
2327 2320 2686 2392 ὑποστρέψαι.
2709 2323 2876 2391 Φησὶν
2906 2317 2996 2374 οὖν
3033 2322 3167 2394 πρὸς
3197 2321 3289 2386 οὓς
3319 2323 3610 2392 ἀπεστάλη
3639 2321 3698 2375 τὸ

2113 2411 2520 2483 ἐπιστολιμαῖον
2555 2411 2710 2464 τοῦτο
2741 2411 2996 2484 γράμμα,
3027 2412 3100 2476 ὡς
3159 2413 3315 2468 τοῦτο
3345 2413 3439 2466 καὶ
3467 2415 3696 2468 ἄπιστον

2113 2505 2364 2575 ἐλογίσθη
2416 2503 2584 2576 αὐτῷ·
2623 2501 2782 2576 ἔργον
2831 2507 2939 2576 γάρ
2971 2507 3116 2560 ἐστιν
3171 2507 3415 2561 ἀπίστων
3451 2509 3550 2562 καὶ
3577 2509 3696 2560 ἀσε-

2112 2597 2242 2649 ϐῶν.
2277 2598 2338 2649 Ei
2367 2597 2424 2650 δὲ
2455 2597 2701 2666 γέγονεν,
2732 2597 3084 2668 ἀνεκδίκητον
3111 2599 3210 2651 οὐκ
3239 2597 3414 2652 ἔσται.
3473 2598 3573 2652 Διὸ
3607 2598 3695 2652 καὶ

2111 2686 2381 2754 ὀφείλουσι
2405 2686 2474 2739 τὰ
2505 2687 2632 2758 περὶ
2687 2686 2874 2740 τούτου
2930 2687 3554 2760 πολυπραγμονηθῆναι,
3607 2691 3696 2744 καὶ

2111 2777 2426 2832 ἀποστεῖλαι
2488 2780 2568 2840 είς
2595 2778 2692 2848 τὴν
2724 2777 2905 2850 χώραν
2965 2781 3060 2833 καὶ
3115 2780 3430 2853 ἐρευνῆσαι.
3465 2783 3694 2854 Νομίζει

2110 2870 2219 2941 γὰρ
2247 2869 2322 2932 ὼς
2356 2869 2449 2922 καὶ
2505 2870 2766 2940 σκηπτὸς,
2819 2870 2988 2940 ἤγουν
3045 2871 3176 2942 πῦρ,
3209 2873 3274 2925 ἐκ
3321 2871 3418 2926 τοῦ
3469 2873 3694 2946 ούρανοῦ

2109 2960 2293 3024 ἔπεσε,
2320 2961 2412 3013 καὶ
2439 2957 2731 3029 κατέφλεξε
2765 2961 2890 3024 τοὺς
2921 2961 3491 3034 ταῦταλπράσσονταςο

2179 3050 2422 3102 ΖΩΝΑΡ.
2452 3050 2626 3114 Τινὲς,
2658 3053 2844 3122 φησὶν,
2877 3053 2951 3117 ὼς
2985 3054 3280 3126 ἐμάθομεν,
3314 3057 3696 3126 αἰχμαλώτοκ

2107 3141 2466 3210 διαφυγόντας
2493 3144 2619 3206 τοὺς
2646 3143 2960 3214 πολεμίους,
2995 3145 3084 3217 βίᾳ
3113 3147 3440 3216 κατέχουσιν
3463 3165 3476 3177 ·
3507 3149 3696 3210 οἵτινες

2110 3234 2327 3297 πάντως
2358 3233 2573 3288 ἄπιστοί
2600 3236 2706 3287 εἱσι
2737 3237 2831 3290 καὶ
2866 3237 3104 3302 ἀσεϐεῖς,
3140 3239 3232 3291 καὶ
3261 3238 3386 3291 οὐδὲ
3419 3239 3554 3292 Θεοῦ
3579 3239 3696 3292 ἐπί-

2107 3343 2305 3394 γνωσιν
2332 3326 2562 3396 ἔχουσιν.
2609 3327 2856 3381 Ἀπαιτεί
2885 3325 2978 3382 οὖν
3007 3331 3035 3382 ό
3063 3330 3214 3397 ἅγιος
3251 3331 3376 3394 τοὺς
3423 3332 3562 3402 πρὸς
3601 3331 3694 3394 οὓς

2107 3420 2341 3490 γράφει,
2385 3419 2704 3474 ἀποστεῖλαι
2753 3423 2832 3485 είς
2877 3421 2974 3491 τὴν
3035 3421 3216 3494 χώραν
3263 3423 3360 3474 καὶ
3401 3423 3694 3493 ἐρευνῆσαι

2108 3511 2238 3583 περὶ
2264 3512 2356 3565 τοῦ
2389 3513 2730 3584 πράγματος,
2761 3515 2848 3568 ἵνα
2883 3513 2957 3586 μὴ
2981 3513 3112 3585 πῦρ,
3145 3514 3332 3586 φησὶν,
3370 3515 3433 3580 ἐξ
3461 3514 3690 3586 ούρανοῦ

2107 3605 2250 3674 πέσῃ
2279 3604 2372 3656 καὶ
2395 3605 2708 3679 καταφλέξῃ
2741 3607 2862 3669 τοὺς
2901 3606 3070 3660 ταῦτα
3111 3606 3478 3678 πράσσοντας.
3527 3608 3694 3662 Τοῦτο

2105 3695 2162 3748 δέ
2195 3692 2335 3758 εἷπε,
2366 3695 2461 3768 τὴν
2491 3697 2720 3751 ἀτοπίαν
2750 3697 3006 3752 δεικνύων
3040 3699 3136 3768 τῆς
3164 3699 3435 3772 πράξεως.

2729 3793 2966 3845 ΚΛΝΩΝ
3001 3795 3074 3846 Ζ’.

2186 3900 2204 3932 ι
2245 3883 2377 3952 Περὶ
2409 3882 2516 3936 τῶν
2543 3881 3050 3956 ἐγκαταλεχοέντων
3084 3888 3195 3949 τοῖς
3221 3885 3556 3958 βαρϐάροις,
3601 3891 3694 3942 καὶ

2112 3989 2130 4020 ι
2173 3971 2348 4024 ἄτοπά
2371 3989 2491 4024 τινα
2515 3972 2656 4025 κατά
2672 3973 2779 4026 τῶν
2796 3974 3082 4044 ὁμοφύλων
3113 3975 3527 4046 τολμησάντων.
3553 3979 3692 4042 Τοίς

2113 4083 2131 4114 ι
2175 4063 2272 4134 μέν
2301 4059 2393 4116 οὖν
2425 4063 2924 4134 ἐγκαταλεχοέντας
2951 4069 3063 4130 τοῖς
3113 4065 3406 4138 βαρϐάροις
3443 4070 3540 4122 καὶ
3575 4071 3691 4140 μετ’

2111 4173 2130 4207 ι
2166 4155 2344 4209 αὐτῶν
2375 4159 2432 4208 ὲν
2469 4155 2816 4228 αἰχμαλωσίᾳ
2849 4157 3205 4222 ἐπελθόντας,
3239 4159 3692 4232 ἐπιλαθομένους,

2111 4265 2130 4296 ι
2171 4248 2252 4299 ὅτι
2278 4242 2417 4318 ἦσαν
2453 4246 2702 4298 Ποντικοὶ
2739 4247 2828 4306 καὶ
2861 4247 3202 4318 Χριστιανοὶ,
3235 4249 3696 4322 ἐκϐαρϐαρωθὲν.

2111 4359 2128 4390 ι
2163 4355 2262 4402 τας
2295 4338 2350 4392 δὲ
2377 4339 2452 4400 ὡς
2479 4337 2571 4390 καὶ
2607 4337 2856 4406 φονεύειν
2885 4339 3010 4402 τοὺς
3051 4337 3353 4409 ὁμοφύλους
3395 4337 3426 4410 ἢ
3481 4341 3632 4412 ξύλῳ
3663 4341 3692 4412 ἦ

2110 4449 2129 4482 ι
2165 4429 2389 4504 ἀγχόνῃ,
2425 4429 2804 4484 ὑποδεικνύναι
2828 4430 2884 4482 δὲ
2919 4430 2950 4500 ἧ
2981 4431 3179 4502 ὁδοὺςῆ
3219 4432 3394 4494 οἰκίας
3429 4433 3694 4502 ἀγνοοῦσι

421 4546 440 4578 ι
487 4527 572 4580 vel
601 4527 794 4580 domos
819 4525 1186 4581 nescientibus
1207 4525 1454 4579 barbaris
1479 4524 1800 4588 ostendant;
1834 4523 1998 4580 etiam

2117 4539 2130 4570 ι
2167 4523 2278 4583 τοῖς
2321 4519 2644 4590 βαρϐάροις·
2679 4521 2771 4572 καὶ
2803 4521 2898 4590 τῆς
2939 4521 3254 4590 ἀκροάσεως
3291 4521 3552 4592 ἁπείρξαι
3595 4525 3696 4592 δεῖ,

421 4639 440 4671 ι
485 4619 556 4674 ab
589 4616 869 4672 auditione
910 4631 1096 4672 arcere
1143 4623 1387 4685 oportet,
1433 4615 1606 4670 donec
1653 4615 1720 4670 de
1755 4615 1823 4678 iis
1865 4630 1998 4671 con-

420 4727 438 4760 ι
487 4709 724 4779 gregatis
749 4707 955 4764 sanctis
983 4706 1188 4776 aliquid
1216 4705 1580 4760 communiter
1609 4706 1784 4762 visum
1809 4704 1994 4768 fuerit,

419 4821 438 4854 ι
485 4811 538 4854 et
563 4809 689 4854 ante
719 4815 816 4855 eos
847 4809 1036 4854 sancto
1067 4797 1314 4867 Spiritui.
1357 4815 1376 4848 ι

495 4892 656 4946 Βιιε.
699 4889 807 4946 Eos
865 4891 1082 4960 quidem
1134 4889 1228 4959 qui
1272 4897 1558 4958 postquam
1611 4888 1808 4958 captivi
1866 4887 1996 4941 facti

411 4993 577 5048 sunt,
625 4982 872 5037 barbaris
918 4991 1357 5044 consenserunt,
1405 4989 1458 5034 et
1519 4995 1645 5034 cum
1703 4981 1784 5033 eis
1827 4979 1991 5034 veluti

409 5063 634 5132 barbari
665 5073 842 5129 effecti
875 5081 1035 5138 sunt,
1073 5082 1128 5127 et
1167 5072 1252 5128 sui
1278 5071 1492 5142 generis
1531 5069 1875 5124 Christianos
1910 5070 1996 5123 in-

409 5166 745 5224 terfecerunt
767 5205 782 5230 ,
817 5167 902 5221 vel
940 5166 1057 5220 vias
1094 5166 1342 5221 barbaris
1387 5167 1602 5234 ignotas
1633 5171 1688 5218 et
1719 5163 1786 5217 ad
1836 5161 1996 5218 Chri-

411 5259 622 5314 stianos
665 5257 930 5312 ducentes
974 5257 1347 5320 ostenderunt,
1373 5255 1456 5309 vel
1497 5269 1687 5308 eorum
1723 5254 1866 5309 aedes
1896 5253 1994 5306 ho-

411 5351 588 5406 stibus
611 5349 930 5406 manifestas
961 5347 1224 5412 fecerunt,
1254 5363 1322 5402 ne
1343 5347 1410 5402 ad
1440 5347 1746 5402 divinarum
1775 5344 1992 5414 quidem

411 5443 632 5498 laudum
667 5441 1000 5498 auditionem
1033 5439 1396 5494 admittendos
1435 5453 1556 5494 esse
1589 5437 1863 5490 decernit:
1897 5435 1992 5489 sed

411 5549 508 5594 eos
534 5537 760 5592 omnino
804 5543 956 5590 extra
1015 5532 1304 5587 ecclesiam
1336 5530 1500 5585 statui
1542 5531 1598 5582 in
1637 5528 1759 5583 loco
1793 5523 1994 5580 deﬂen-

410 5633 546 5684 tium
567 5669 584 5694 ,
639 5639 763 5700 post
791 5631 1194 5686 confessionem
1225 5627 1432 5682 scilicet
1461 5625 1544 5680 vel
1585 5623 1994 5682 condemnatio-

409 5735 534 5776 nem
559 5759 576 5787 ,
627 5723 802 5776 donec
841 5721 1015 5776 sancti
1059 5719 1226 5774 simul
1269 5717 1580 5788 congregati
1631 5716 1698 5770 de
1737 5713 1804 5768 iis
1843 5727 1994 5767 com-

411 5815 649 5870 inaniter
673 5813 979 5870 statuerint.
1017 5809 1248 5870 Sanctus
1282 5819 1460 5868 autem
1491 5809 1779 5878 episcopos
1811 5804 1988 5876 appel-

2105 4631 2118 4660 ι
2166 4609 2356 4680 μέχρις
2382 4609 2446 4662 ἂν
2479 4613 2629 4680 κοινῇ
2648 4610 2777 4680 περὶ
2793 4609 2972 4662 αὐτῶν
2999 4627 3050 4660 τι
3079 4609 3204 4680 δόξῃ
3237 4609 3556 4663 συνελθοῦσι
3585 4616 3698 4674 τοῖς

2104 4722 2119 4750 ι
2158 4701 2353 4768 ἁγίοις,
2390 4701 2482 4754 καὶ
2510 4701 2614 4772 πρὸ
2645 4701 2823 4754 αὐτῶν
2855 4701 2931 4772 τῷ
2955 4703 3092 4772 ἁγίῳ
3125 4701 3420 4774 Πνεύματι.
3467 4723 3488 4755 ι

2167 4885 2358 4936 ΒΛΛΣ.
2397 4885 2536 4948 Τοὺς
2566 4883 2746 4952 μέντοι
2785 4884 2922 4954 μετὰ
2949 4883 3007 4937 τὸ
3028 4885 3536 4956 αἰχμαλωτισθῆναι
3583 4891 3694 4952 τοῖς

2099 4977 2393 5047 βαρϐάροις
2413 4979 2914 5048 ὁμοφρονήσαντας,
2947 4977 3037 5028 καὶ
3073 4979 3190 5046 μετ’
3212 4977 3390 5030 αὐτῶν
3415 4973 3536 5030 οἷον
3569 4979 3696 5048 βαρρ

2097 5068 2461 5138 ϐαρωοέντας,
2493 5069 2587 5122 καὶ
2618 5070 2744 5130 τοὺς
2781 5067 3082 5137 ὁμοφύλους
3103 5069 3464 5139 Χριστιανοὺς
3493 5071 3696 5138 φονεύς

2099 5177 2317 5222 σαντας,
2352 5159 2384 5230 ἢ
2440 5159 2592 5222 ὁδοὺς
2634 5159 3000 5228 ἀγνοουμένας
3038 5161 3150 5222 τοῖς
3204 5159 3500 5232 βαρϐάροις
3527 5203 3546 5226 ,
3601 5163 3690 5214 καῖ

2095 5250 2412 5320 ἀπαγούσας
2445 5253 2524 5314 εἰς
2567 5249 2922 5320 Χριστιανοὺς
2968 5249 3386 5314 ὑποδείξαντας,
3429 5250 3464 5320 ἢ
3507 5251 3694 5314 οἰκίας

2095 5342 2295 5395 τούτων
2323 5341 2654 5414 καταδήλους
2680 5345 2790 5405 τοῖς
2821 5341 3096 5411 πολεμίοις
3141 5344 3508 5414 ποιήσαντας,
3551 5343 3694 5412 me:

2097 5435 2172 5496 εἰς
2205 5435 2465 5505 ἀκρόασιν
2495 5433 2600 5488 τῶν
2619 5433 2778 5486 ὑείων
2805 5432 3119 5501 δοξολογιῶν
3147 5431 3566 5503 παραδεχθῆναι
3585 5434 3692 5488 διο-

2099 5527 2330 5598 ρίζεται·
2369 5526 2502 5580 ἀλλὰ
2563 5527 2665 5592 ἔξω
2705 5525 2984 5588 παντελῶς
3043 5525 3142 5594 τῆς
3183 5523 3477 5592 ἐκκλησίας
3535 5526 3686 5580 ἵσταο

2098 5617 2220 5670 σθαι
2268 5619 2464 5680 αὐτοὺς
2513 5621 2568 5670 ὲν
2609 5619 2756 5688 τόπῳ
2796 5617 3231 5689 προσκλαιόντων
3279 5617 3498 5678 πάντως
3549 5615 3692 5686 μετᾶ

2095 5711 2192 5781 τήν
2221 5709 2608 5782 ἐξομολόγησιν
2638 5711 2670 5780 ἢ
2697 5709 2792 5778 τὴν
2821 5710 3142 5780 καταδίκην,
3175 5709 3282 5772 ἕως
3307 5707 3374 5760 ἂν
3393 5709 3690 5778 σκοπήαω-

2099 5820 2180 5856 σιν
2199 5804 2247 5856 οἱ
2281 5804 2424 5872 ἅγιοι
2459 5803 2584 5872 περὶ
2615 5800 2793 5854 αὐτῶν
2839 5803 2991 5872 κοινῇ
3039 5801 3402 5864 συνελθόντες.
3461 5800 3688 5870 Ἀγίοιυς
