3876 6512
197 339 326 394 ιοιι

1459 342 1794 398 EPISTULA
1835 343 2202 400 CANONICA.

3322 342 3455 396 illi!

191 459 246 512 δὲ
268 457 391 520 τοὺς
419 458 745 522 ἐπισκόπους
765 458 935 514 καλεῖ.
962 459 1034 512 Τὸ
1049 460 1126 521 δὲ,
1154 460 1266 529 πρὸ
1293 461 1490 515 αὐτῶν
1513 462 1591 527 τῷ
1619 463 1764 532 ἁγίῳ

1874 463 1963 517 lat.
2013 464 2148 517 Illud
2198 470 2397 524 autem,
2430 474 2554 516 ante
2607 462 2751 530 ipsos
2797 471 2980 514 sancto
3034 455 3285 529 Spiritui.
3324 461 3456 512 sub-

191 546 506 614 Πνεύματι,
533 549 803 617 ἐπήγαγε,
823 549 1054 612 δεικνὺς,
1075 551 1154 604 ὅτι
1183 553 1279 604 ὅσα
1299 553 1356 604 ἐν
1381 556 1532 624 κοινῇ
1550 553 1767 606 διασκέ-

189 639 280 706 det
321 638 724 709 οἰκονομοῦνται
774 639 924 710 παρά
971 641 1078 695 τῶν
1131 645 1460 709 ἐπισκόπων,
1510 643 1573 697 τὺ
1618 645 1771 714 ἅγιον

190 727 408 800 Πνεῦμα
438 729 756 802 ὑποτίθησιν
784 733 943 786 αὑτά.
974 735 1084 787 Καὶ
1106 737 1135 788 ὁ
1183 736 1280 806 μὲν
1319 736 1771 808 ὲκκλησιαστικὸς

188 821 350 893 νόμος
372 822 515 876 οὕτω
540 825 760 890 τούτους
804 827 1053 892 κολάζει·
1085 832 1112 882 ὁ
1153 830 1210 882 δὲ
1239 829 1514 895 πολιτικὸς
1539 832 1615 902 τῷ
1641 834 1770 906 περὶ

188 911 566 977 καθοσιώσεως
581 914 886 986 ἐγκλήματι
914 917 1310 972 καθυποὸάλλει
1330 921 1456 985 τοὺς
1473 922 1765 986 τοιούτους.

184 1003 321 1074 Φησὶ
345 1004 454 1075 γὰρ
483 1005 678 1074 κεφὰλ.
715 1012 764 1060 α’
796 1007 888 1060 τοῦ
941 1008 1029 1074 λς’
1073 1009 1256 1064 τίτλου
1300 1011 1393 1065 τοῦ
1430 1012 1469 1078 ξ’
1519 1013 1724 1083 βιϐλίου
1749 1032 1762 1044 ·

197 1097 253 1148 Ὀ
285 1096 414 1166 περὶ
440 1096 550 1150 τῶν
595 1097 894 1152 ἐπιϐούλων
923 1100 1089 1170 νόμος
1132 1101 1314 1172 ὅμοιός
1361 1105 1474 1157 ἐστι
1514 1104 1592 1174 τῷ
1641 1105 1768 1176 περὶ

187 1188 506 1260 ἱεροσυλίας.
533 1191 643 1244 Καὶ
672 1192 913 1262 ἐνέχεται
939 1194 1088 1264 αὑτῷ
1109 1197 1136 1248 ὁ
1164 1196 1304 1250 κατὰ
1334 1197 1424 1250 τοῦ
1459 1197 1767 1268 Ῥωμαϊκοῦ

183 1280 243 1350 δή
253 1297 356 1349 μου
383 1280 808 1355 πλημμελήσας,
832 1287 924 1338 καὶ
949 1287 1254 1353 σπουδάσας
1284 1291 1422 1344 κατά
1449 1292 1598 1346 δόλον
1619 1292 1768 1364 παρὰ

185 1372 431 1427 κέλευσιν
449 1375 724 1444 βασιλέως
751 1377 1106 1450 ἀναιρεθῆναι
1135 1384 1260 1445 τοὺς
1300 1384 1572 1454 ὁμήρουςσ
1617 1385 1768 1456 ῆιῖνα

182 1467 394 1521 ενοπλοι
421 1469 694 1541 ἄνθρωποι
727 1472 784 1523 ἐν
814 1472 964 1524 πόλει
994 1473 1133 1526 κατά
1159 1473 1258 1544 τῆς
1306 1475 1579 1540 πολιτείας
1612 1472 1764 1544 ὦσιν,

181 1559 211 1630 ἢ
242 1559 335 1614 ἴνα
365 1559 528 1626 τόπος
559 1562 592 1633 ἢ
629 1563 749 1635 ἰερὰ
775 1564 1206 1636 κατασχεθῶσιν,
1247 1567 1280 1638 ἢ
1334 1567 1632 1639 στασιώδης
1673 1570 1766 1638 γέν

180 1667 340 1722 νηται
373 1651 611 1718 σύνοδος,
641 1655 673 1725 ἢ
707 1654 795 1707 ἵνα
829 1656 1058 1728 φονευθῇ
1100 1658 1128 1709 ὁ
1168 1658 1349 1728 ἅρχων
1371 1676 1382 1687 ·
1428 1661 1520 1712 καὶ
1559 1662 1586 1711 ό
1632 1662 1767 1732 πρὸς

179 1745 304 1808 τοὺς
339 1745 631 1816 πολεμίους
657 1746 942 1819 γράμμαῆ
967 1749 1194 1818 ἄγγελον
1224 1751 1444 1821 πέμψας
1473 1752 1504 1823 ἦ
1543 1756 1766 1824 σημεῖον

179 1835 370 1899 αὐτοῖς
399 1835 725 1909 δεδωκὼς,ἢ
758 1838 931 1905 ἄλλως
968 1841 1241 1913 βοηθήσας
1269 1845 1473 1907 αὐτοῖς.
1509 1847 1603 1898 καὶ
1636 1847 1766 1899 ὑπο-

179 1926 440 1991 νοθεύσας
484 1927 819 2000 στρατιώτας
868 1931 1003 2003 πρὸς
1047 1934 1232 1987 στάσιν
1273 1935 1303 2005 ἢ
1369 1935 1596 2008 θόρυϐον
1627 1939 1768 1992 κατά

178 2016 275 2086 τῆς
306 2017 602 2083 πολιτείας.
643 2019 752 2072 Καὶ
780 2020 974 2088 κεφάλ.
1010 2028 1079 2090 γ’,
1126 2023 1220 2076 τοῦ
1254 2025 1419 2078 αὑτοῦ
1463 2026 1638 2080 τίτλου
1675 2029 1768 2080 καὶ

179 2106 386 2178 βιϐλίου
407 2126 422 2138 ·
464 2110 520 2164 Ὀ
548 2111 674 2174 τοὺς
703 2111 992 2184 πολεμίους
1014 2115 1285 2185 ἐρεθίσας,
1310 2117 1341 2186 ἦ
1369 2119 1642 2190 παραδοὺς
1667 2120 1766 2174 αύ-

177 2203 286 2266 τοῖς
315 2200 580 2272 πολίτην,
626 2205 705 2267 εἰς
748 2205 987 2276 κεφαλὴν
1040 2210 1380 2277 τιμωρεῖται.
1418 2211 1528 2262 Καὶ
1572 2213 1767 2284 ἐφεξῆς

177 2293 484 2364 διαλέγεται
518 2297 579 2349 τὸ
615 2298 906 2366 κεφάλαιον
953 2301 1080 2371 περ)⁸
1126 2301 1302 2356 ἄλλων
1337 2304 1498 2358 τινῶν
1547 2307 1764 2377 ὁμοίων.

179 2383 287 2436 Καὶ
313 2384 490 2438 ταῦτα
519 2387 618 2456 μὲν
647 2389 777 2459 περὶ
803 2388 910 2441 τῶν
945 2390 1486 2459 αἰχμαλωτισθέντων
1515 2395 1608 2446 καὶ
1635 2398 1767 2465 ὁμο-

178 2477 544 2546 φωνησάντων
577 2482 687 2542 τοῖς
723 2479 1024 2550 πολεμίοις,
1055 2482 1149 2535 καὶ
1180 2483 1309 2552 περὶ
1341 2483 1449 2536 τῶν
1476 2485 1548 2556 μὴ
1575 2488 1771 2557 αἰχμα-

176 2566 570 2634 λωτισθέντων,
605 2570 756 2640 ὅμως
792 2572 972 2641 μέντοι
1001 2575 1111 2636 τοῖς
1146 2573 1421 2644 πολεμίοις
1449 2578 1770 2649 ὁμογνωμο-

177 2660 498 2729 νησάντων,
543 2662 636 2716 καὶ
687 2663 1070 2734 φρονησάντων
1113 2666 1254 2718 κατά
1303 2667 1400 2736 τῆς
1455 2669 1769 2740 Ῥωμαῖκῆς

178 2752 450 2819 ἐξουσίας.
484 2758 545 2808 υί
585 2756 642 2809 δὲ
673 2759 784 2820 τοῖς
814 2757 954 2810 κατὰ
995 2757 1186 2828 χέρσον
1231 2759 1322 2812 καὶ
1367 2759 1632 2815 θάλατταν
1676 2763 1770 2835 λῃ-

180 2846 430 2899 στεύουσι
456 2847 970 2919 συλλῃστεύσαντες,
1012 2849 1291 2917 πλειόνως,
1324 2852 1398 2916 ὡς
1439 2854 1560 2924 ἐμοὶ
1601 2854 1766 2921 δοκεῖ,

178 2935 632 3006 κολασθήσονται’
658 2937 738 2989 ὅτι
771 2937 864 2990 καὶ
892 2937 1090 3007 μείζων
1124 2939 1239 2991 ἐστὶ
1277 2941 1481 2993 τούτων
1515 2943 1546 3010 ἡ
1580 2941 1764 2994 κακία.

177 3029 238 3081 Οί
264 3028 374 3098 μὲν
399 3027 508 3099 γὰρ
541 3027 786 3098 πολέμιοι
831 3028 970 3081 κατά
1002 3029 1290 3101 πρόσωπον
1334 3033 1423 3084 καὶ
1451 3036 1629 3104 γυμνῇ
1674 3050 1767 3086 κεε

1868 553 2083 623 junxit,
2128 553 2450 619 ostendens,
2503 552 2651 622 quod
2689 562 3028 620 quaecunque
3074 551 3129 603 in
3177 549 3454 604 communi

1871 643 2310 698 consideratione
2337 643 2405 697 ab
2429 640 2700 712 episcopis
2719 641 3104 710 dispensantur
3132 650 3185 695 et
3212 649 3458 696 statuun-

1873 745 1996 801 tur,
2031 734 2270 805 Spiritus
2317 746 2540 791 sanctus
2577 750 2648 789 ea
2695 735 2953 804 suggerit.
3007 732 3072 788 Et
3115 734 3200 788 lex
3233 733 3456 803 quidem

1870 829 2243 886 ecclesiastica
2287 831 2435 899 ipsos
2478 830 2558 884 sic
2604 831 2780 897 punit.
2823 827 2933 883 Lex
2980 842 3111 882 vero
3151 827 3326 883 civilis
3361 842 3455 881 eos

1871 925 2176 994 majestatis
2215 923 2430 978 crimini
2463 923 2702 994 subjicit.
2740 921 2880 976 Dicit
2909 921 3054 978 enim
3094 919 3326 990 primum
3361 935 3455 974 ea-

1872 1026 1988 1088 put,
2032 1017 2100 1073 56
2129 1017 2236 1081 tit.,
2271 1033 2339 1070 ιιι
2372 1015 2466 1070 lib.
2505 1035 2518 1070 :
2557 1014 2667 1070 Lex
2695 1013 2994 1084 majestatis
3019 1012 3214 1067 similis
3243 1021 3326 1066 est
3353 1012 3459 1088 legi

1870 1086 1938 1164 de
1963 1109 2270 1179 sacrilegio.
2301 1106 2368 1161 Et
2403 1115 2618 1163 tenetur
2642 1122 2726 1172 ea,
2751 1107 2844 1177 qui
2878 1105 3141 1160 adversus
3194 1086 3456 1174 populum

1870 1199 2180 1254 Romanum
2225 1198 2541 1260 commisit,
2604 1206 2657 1252 et
2695 1197 2790 1266 qui
2856 1195 2984 1251 dolo
3046 1193 3192 1248 malo
3248 1194 3460 1249 curavit

1869 1291 2080 1361 injussu
2120 1288 2380 1360 principis
2431 1289 2648 1344 obsides
2691 1287 2967 1352 interimi;
3023 1285 3104 1340 vel
3159 1293 3216 1340 ut
3262 1287 3455 1341 armati

1870 1383 2122 1438 homines
2153 1382 2206 1435 in
2238 1382 2371 1435 urbe
2399 1382 2509 1435 sint
2533 1380 2794 1435 adversus
2828 1377 3254 1448 rempublicam,
3287 1377 3372 1431 vel
3399 1385 3459 1431 ut

1869 1475 1989 1530 loca
2024 1484 2118 1529 aut
2143 1473 2338 1543 templa
2371 1481 2726 1542 occupentur,
2759 1471 2842 1524 vel
2877 1469 3170 1525 seditiosus
3203 1468 3295 1522 llat
3327 1483 3459 1523 con—

1869 1578 2085 1632 ventus,
2122 1567 2204 1621 vel
2247 1576 2304 1620 ut
2345 1564 2625 1624 occidatur
2657 1564 3009 1635 magistratus
3030 1603 3045 1629 ,
3077 1571 3131 1618 et
3162 1563 3228 1616 ad
3270 1561 3459 1615 hostes

1872 1661 2120 1715 nuntium
2147 1660 2230 1713 vel
2247 1660 2466 1713 litteras
2489 1658 2658 1720 misit,
2688 1657 2769 1710 vel
2799 1658 2952 1728 signa
2983 1656 3063 1710 eis
3086 1656 3252 1720 dedit,
3282 1655 3458 1709 aliove

1873 1752 2036 1806 modo
2069 1751 2148 1805 eis
2177 1751 2300 1804 tulit
2325 1750 2587 1806 auxilium
2612 1791 2626 1815 ,
2663 1759 2716 1803 et
2743 1749 2838 1819 qui
2870 1747 3181 1803 sollicitavit
3212 1746 3294 1802 vel
3327 1762 3461 1800 con-

1869 1844 2057 1900 citavit
2110 1843 2310 1898 milites
2360 1844 2424 1897 ad
2471 1843 2798 1897 seditionem
2849 1842 2932 1896 vel
2999 1842 3212 1896 turbam
3263 1848 3458 1894 contra

1873 1936 2281 2006 retnpublicam.
2337 1935 2401 1988 Et
2445 1952 2564 2007 cap.
2613 1936 2646 1989 5
2690 1934 2934 2004 ejusdem
2966 1935 3047 1988 tit.
3094 1943 3145 1988 et
3183 1933 3276 1989 lib.
3307 1950 3320 1986 :
3352 1930 3459 1998 Qui

1871 2024 2056 2078 hostes
2082 2024 2423 2089 sollicitavit,
2450 2033 2501 2077 et
2529 2025 2608 2078 eis
2643 2023 3030 2093 rempublicam
3063 2023 3281 2081 tradidit
3304 2063 3319 2086 ,
3361 2037 3458 2076 ca-

1870 2113 1979 2187 pite
2026 2113 2270 2183 punitur.
2328 2111 2394 2167 Et
2435 2112 2691 2180 deinceps
2739 2110 2961 2166 disserit
3003 2119 3170 2186 caput
3216 2109 3283 2164 de
3335 2109 3460 2163 aliis

1869 2201 2200 2272 quibusdam
2235 2202 2526 2258 similibus.
2578 2202 2643 2256 Et
2675 2202 2788 2256 haac
2817 2201 3037 2272 quidem
3077 2202 3144 2256 de
3179 2201 3246 2256 iis
3274 2202 3369 2271 qui
3400 2202 3457 2257 in

1869 2297 2238 2367 captivitatem
2267 2296 2484 2351 abducti
2515 2307 2664 2358 sunt,
2693 2304 2746 2350 et
2769 2296 3014 2350 hostibus
3038 2303 3456 2366 consenserunt,

1868 2399 1922 2445 et
1947 2391 2015 2445 de
2065 2391 2131 2446 iis
2179 2391 2361 2445 itidem
2419 2392 2512 2460 qui
2554 2406 2661 2443 non
2705 2389 2757 2442 in
2810 2388 3177 2458 captivitatem
3235 2387 3457 2444 abducti

1871 2492 2021 2546 sunt,
2051 2499 2176 2538 curn
2214 2485 2457 2540 hostibus
2494 2493 2671 2540 tamen
2699 2492 3120 2544 consenserunt,
3162 2488 3218 2534 et
3266 2479 3460 2533 adver-

1872 2592 1968 2630 sus
2012 2575 2318 2631 Romanum
2366 2576 2654 2645 imperium
2689 2574 3092 2644 conspiraruut.
3139 2571 3243 2637 Qui
3273 2580 3457 2625 autem

1871 2681 1996 2720 cum
2041 2666 2109 2721 iis
2159 2667 2251 2736 qui
2309 2676 2508 2721 terram
2561 2680 2817 2735 mareque
2868 2662 3302 2733 depopulantur,
3349 2676 3458 2716 una

1870 2757 2160 2828 deprmdati
2193 2767 2320 2813 sunt
2340 2799 2355 2824 ,
2384 2756 2588 2828 magis,
2625 2766 2684 2811 ut
2714 2756 2847 2810 mihi
2874 2755 3102 2820 videtur,
3131 2753 3456 2824 punientur,

1871 2851 2000 2921 quia
2045 2850 2220 2919 major
2251 2859 2334 2904 est
2375 2865 2564 2903 eorum
2603 2849 2945 2918 improbitas.
2983 2847 3175 2903 Hostes
3213 2847 3357 2902 enim
3399 2863 3460 2902 a-

1872 2951 2023 3012 perta
2058 2942 2256 3003 fronte,
2291 2951 2344 2997 et
2375 2942 2545 3007 nudo,
2578 2952 2635 2995 ut
2670 2941 2841 3006 aiunt,
2879 2942 3052 3010 capite
3073 2939 3272 2994 bellum
3302 2954 3456 2993 com-

1873 3042 2100 3104 parant;
2133 3034 2370 3087 latrones
2398 3042 2576 3087 autem
2616 3033 2754 3087 clam
2785 3042 2838 3085 et
2873 3031 3084 3086 occulte
3120 3029 3456 3100 inopinatam

178 3119 345 3191 φαλῇ,
381 3120 444 3172 τὸ
471 3120 782 3190 λεγόμενον,
810 3120 899 3173 τὸν
929 3121 1162 3192 πόλεμον
1217 3123 1535 3176 συνιστῶσιν
1559 3141 1572 3154 ·
1621 3127 1668 3177 οἰ
1712 3127 1766 3179 δὲ

1874 3127 2072 3182 caedent
2123 3126 2443 3179 moliuntur.
2503 3123 2720 3189 Quanto
2770 3139 2899 3193 ergo
2966 3121 3181 3192 praevisi
3230 3122 3456 3192 periculi

178 3208 376 3282 λῃσταὶ
407 3209 654 3279 ἀοράτως
689 3211 782 3262 καὶ
816 3211 1036 3279 ἀφανῶς
1067 3213 1472 3284 ἀπροσδόκητον
1503 3215 1767 3286 μελετῶσι

178 3299 359 3368 φόνον.
392 3300 554 3354 Ὅσον
579 3296 672 3354 οὖν
697 3301 791 3354 τοῦ
828 3303 1185 3373 προκειμένου
1216 3304 1338 3357 κατ’
1371 3304 1494 3374 ὄψιν
1522 3308 1765 3362 κινδύνου

1877 3233 2054 3290 pugna
2087 3216 2258 3270 levior
2289 3224 2374 3270 cst
2405 3215 2684 3284 inopinato
2711 3215 2873 3279 malo,
2911 3221 3064 3268 tanto
3095 3212 3334 3268 hostium
3369 3213 3459 3267 in-

1875 3309 2050 3366 sultus
2079 3317 2160 3362 est
2190 3306 2521 3361 tolerabilior
2551 3306 2820 3360 latronum
2856 3303 3089 3362 insidiis.

177 3395 210 3466 ὴ
260 3395 417 3468 μάχη
465 3397 770 3468 κουφοτέρα
807 3400 924 3450 ἐστὶ
960 3397 1053 3450 τοῦ
1106 3400 1515 3471 ἀπροσδοκήτου
1564 3405 1766 3472 κακοῦ,
1821 3406 2071 3460 τοσοῦτον
2100 3406 2190 3458 ml
2222 3407 2255 3475 ἡ
2285 3404 2389 3456 τῶν
2426 3403 2694 3473 πολεμίων
2740 3403 2926 3471 ἔφοδος
2982 3401 3310 3474 ἀνεκτοτέρα
3339 3401 3457 3454 ἐστὶ

176 3488 274 3560 τῆς
297 3489 411 3542 τῶν
437 3489 808 3562 λῃστευόντων
843 3491 1154 3564 ἐπιϐουλῆς.

244 3583 494 3636 ΖΩΝΑΡ.
533 3584 688 3637 Ὅσοι
725 3585 823 3656 μὲν
855 3582 969 3648 οὖν,
999 3589 1164 3657 φησιν
1185 3630 1198 3652 ,
1243 3589 1770 3662 αἰχμαλωτισθέντες

176 3677 328 3738 ποτὲ,
365 3678 854 3746 συγκατετόυίησαν
886 3681 994 3746 τοῖς
1042 3679 1368 3751 βαρϐάροις,
1406 3684 1497 3735 καὶ
1529 3686 1646 3755 μετ’
1675 3688 1774 3740 αὑ-

174 3769 282 3824 τῶν
314 3767 556 3839 ἐπῆλθον
587 3769 1032 3841 βαρϐαρωθέντες
1061 3773 1126 3825 τὰ
1155 3773 1249 3844 ἔθη
1272 3791 1284 3802 ·
1319 3777 1409 3827 καὶ
1438 3775 1626 3849 ὥσπερ
1655 3779 1772 3832 ἐπι-

175 3859 488 3931 λαθόμενοι,
519 3862 601 3915 ὅτι
630 3863 694 3915 ἐκ
716 3863 810 3922 τοῦ
844 3863 1048 3916 Πόντου
1083 3861 1224 3934 ἦσαν
1253 3867 1600 3938 Χριστιανοὶ.
1638 3871 1770 3940 ὁμο-

175 3949 380 4019 φύλους
397 3952 762 4025 ἐφόνευσαν,ἢ
791 3955 942 4018 ὁδοὺς
965 3956 1312 4010 ὑπεδείκνυον
1343 3962 1452 4023 τοῖς
1475 3959 1770 4034 βαρϐάροις

173 4044 372 4111 ἀγνοου
381 4044 550 4115 μένας
571 4046 818 4116 αὑτοῖς,ἢ
847 4048 1023 4112 οἰκίας
1047 4047 1410 4114 λανθανούσας
1430 4052 1645 4122 αὐτούς·
1680 4047 1771 4106 οὗ·

174 4150 254 4190 τοι
287 4137 427 4209 μηδὲ
455 4140 535 4201 εἰς
551 4139 812 4210 ἀκρόασιν
830 4141 1327 4213 παραδεχθήτωσαν
1349 4145 1760 4215 μετανοοῦντες·

173 4229 460 4282 τουτέστιν
498 4228 603 4293 ἔξω
653 4229 928 4295 παντελῶς
977 4233 1078 4302 τῆς
1116 4235 1411 4306 ἐκκλησίας
1464 4237 1767 4308 ὲπηκέτωο

175 4338 296 4384 σαν,
334 4323 397 4374 ἐν
430 4321 581 4392 τόπῳ
609 4321 808 4393 δηλαδὴ
838 4324 1292 4394 προσκλαιόντων,
1323 4326 1428 4390 ἕως
1455 4327 1520 4382 ἂν
1557 4331 1768 4401 σκοπή-

176 4429 343 4466 σωσιν
374 4415 426 4465 oi
451 4412 594 4482 ἅγιοι
624 4414 750 4484 περὶ
777 4415 956 4467 αὐτῶν
974 4419 1125 4487 κοινῇ
1153 4418 1514 4484 συνελθόντες.
1551 4421 1764 4488 Ἀγίους

1947 3595 2150 3651 Ζοιιλι.
2191 3593 2515 3664 Quicunque
2560 3593 2817 3664 quidem,
2868 3591 2987 3657 ait,
3049 3591 3348 3662 aliquando
3399 3591 3456 3646 in

1876 3690 2190 3744 servitutem
2218 3685 2438 3742 abducti
2477 3702 2536 3740 se
2567 3685 2816 3740 barbaris
2848 3684 3233 3754 adjunxerunt,
3269 3689 3322 3737 et
3348 3697 3458 3738 una

1874 3793 2000 3832 cum
2036 3777 2104 3832 iis
2147 3775 2382 3848 grassati
2431 3785 2560 3832 sunt
2607 3790 2820 3830 morum
2870 3773 3176 3831 barbariem
3227 3773 3458 3832 induen-

1875 3880 1953 3924 tes
1977 3910 1991 3935 ,
2034 3884 2098 3923 ac
2127 3868 2274 3922 velut
2306 3867 2458 3926 obliti
2500 3882 2557 3922 se
2599 3882 2666 3921 ex
2715 3865 2888 3921 Ponto
2913 3864 3258 3924 Christianos
3298 3879 3454 3934 esse,

1871 3976 1967 4016 eos
2005 3961 2096 4030 qui
2125 3959 2370 4029 ejusdem
2402 3967 2530 4014 sunt
2563 3959 2779 4028 generis
2808 3955 3162 4022 interfecere,
3212 3955 3298 4010 vel
3332 3956 3458 4011 bar-

1874 4051 2021 4106 baris
2057 4053 2268 4122 ignotas
2312 4060 2687 4105 monstravere
2729 4051 2865 4114 vias,
2901 4049 3162 4103 domosve
3202 4047 3338 4119 ipsis
3371 4062 3459 4102 oc-

1873 4142 2082 4206 cultas;
2129 4141 2184 4196 hi
2223 4157 2291 4196 ne
2329 4141 2395 4196 ad
2429 4141 2764 4212 auditionem
2797 4139 3017 4216 quidem
3053 4138 3412 4193 admittantur
3437 4177 3454 4202 ,

1873 4234 2244 4304 paenitentiam
2289 4244 2547 4304 agentes;
2601 4235 2705 4288 hoc
2767 4241 2890 4296 est,
2950 4240 3106 4286 extra
3165 4229 3457 4284 ecclesiam

1873 4328 2100 4383 omnino
2129 4327 2466 4393 consistant,
2517 4326 2573 4380 in
2605 4327 2725 4382 loco
2750 4325 3000 4384 videlicet
3039 4322 3283 4380 ﬂentium
3305 4362 3320 4387 ,
3359 4321 3458 4375 do-

1871 4435 1972 4474 nec
1996 4420 2049 4472 in
2079 4420 2357 4474 communi
2401 4427 2669 4474 conventu
2718 4417 2891 4472 sancti
2926 4415 2994 4471 de
3039 4415 3212 4486 ipsius
3250 4413 3458 4470 delibe-

173 4503 229 4558 δὲ
260 4505 292 4576 ἢ
329 4505 459 4568 τοὺς
491 4507 820 4570 ἐπισκόπους
852 4507 1044 4572 καλεῖ,
1077 4509 1108 4580 ἦ
1149 4511 1276 4574 τοὺς
1314 4511 1538 4574 πιστοὺς
1582 4511 1766 4582 ἁπλῶς

1875 4520 2012 4565 rent.
2065 4510 2297 4566 Sanctus
2333 4527 2495 4581 porro
2525 4521 2618 4565 aut
2650 4511 2939 4579 episcopos
2973 4519 3163 4571 vocat,
3197 4516 3292 4561 aut
3324 4505 3460 4561 sim-

175 4599 318 4653 κατά
352 4599 444 4651 τὸν
479 4599 650 4669 μέγαν
685 4601 982 4654 ἀπόστολον
1014 4601 1246 4658 Παῦλον.
1286 4603 1358 4654 Τὸ
1385 4603 1462 4667 δὲ,
1496 4603 1610 4672 πρὸ
1661 4606 1766 4658 ain.

175 4691 294 4747 τῶν
316 4689 396 4756 τῷ
429 4692 574 4761 ἁγίῳ
601 4695 939 4763 Πνεύματι,.
972 4697 1244 4767 ἐπήγαγε,
1278 4697 1491 4761 δεικνὺς
1510 4737 1524 4761 ,
1553 4699 1635 4751 ὅτι
1665 4700 1766 4754 ὅσα

177 4782 234 4835 ὲν
264 4787 424 4856 κοινῇ
463 4785 745 4857 διασκέψει
785 4787 1192 4859 οἰκονομοῦνται
1242 4789 1392 4860 παρά
1429 4789 1762 4852 ἐπισκόπων,

174 4876 209 4946 ἢ
245 4879 340 4930 καὶ
370 4878 557 4942 ἀπλῶς
583 4879 692 4933 τῶν
715 4879 942 4943 πιστῶν,
978 4881 1038 4932 τὸ
1059 4880 1210 4950 ἅγιον
1242 4881 1468 4952 Πνεῦμα
1511 4882 1765 4953 ὑποτίθη-

175 4985 260 5024 σιν
290 4969 437 5026 αὐτὰ
467 4974 580 5036 τοῖς
609 4972 736 5044 περὶ
769 4973 947 5027 αὐτῶν
977 4973 1479 5044 διασκεπτομένοις.

799 5157 1040 5213 ΚΑΝΩΝ
1074 5159 1154 5213 H’.

249 5265 272 5300 ι
313 5247 455 5320 Περὶ
484 5246 591 5301 τῶν
621 5248 789 5313 οἴκοις
828 5249 1126 5320 ἀλλοτρίοις
1169 5249 1415 5303 ἐπελθεῖν
1461 5251 1762 5323 τολμησάν-

177 5359 197 5390 ι
233 5358 347 5393 των
386 5343 444 5395 ἐν
475 5343 539 5411 τῇ
571 5341 678 5394 τῶν
711 5341 1000 5414 βαρϐάρων
1021 5342 1308 5414 ἐπιδρομῇ.
1338 5344 1477 5406 Τοὺς
1508 5343 1564 5396 δὲ
1596 5343 1764 5406 οἴκοις

178 5452 199 5485 ι
236 5433 543 5506 ἀλλοτρίοις
575 5433 820 5488 ἐπελθεῖν
847 5435 1224 5506 τολμήσαντας
1248 5476 1262 5499 ,
1313 5436 1407 5488 ἐὰν
1451 5435 1554 5506 μὲν
1597 5453 1764 5506 κατη-

179 5545 198 5582 t
239 5523 572 5599 γορηθέντες
603 5526 922 5599 ἐλεγχθῶσι,
952 5527 1086 5598 μηδέ
1111 5527 1212 5598 τῆς
1239 5527 1556 5600 ἀκροάσεως
1597 5526 1762 5594 ἀξιῶ-

179 5636 198 5668 ι
240 5635 365 5671 σαι·
396 5617 490 5670 ἐὰν
536 5617 592 5671 δὲ
619 5619 817 5681 αὑτοὺς
851 5615 1106 5682 ἐξείπωσι
1140 5617 1234 5671 καὶ
1268 5617 1538 5674 ἀποδῶσιν
1559 5658 1572 5684 ,
1607 5620 1663 5672 ἐν
1696 5620 1762 5690 τῇ

180 5730 200 5762 ι
236 5710 351 5768 τῶν
377 5711 823 5787 ὑποστρεψάντων
852 5711 1001 5780 τάξει
1034 5713 1377 5768 ὑποπίπτειν.
1420 5732 1439 5766 ι

1869 4603 2080 4673 pliciter
2142 4604 2367 4668 ﬁdeles,
2437 4604 2618 4674 magni
2683 4601 2836 4655 Pauli
2889 4601 3120 4670 apostoli
3182 4599 3452 4671 exemplo.

1870 4695 1962 4749 Illa
2005 4706 2186 4751 autem
2233 4696 2432 4759 verba,
2482 4709 2605 4748 ante
2649 4695 2792 4763 ipso:
2823 4693 3050 4764 Spiritui
3076 4706 3294 4758 sancto,
3330 4692 3456 4746 ideo

1869 4785 2149 4855 adjunxit,
2197 4794 2255 4839 ut
2298 4800 2636 4854 qmecunque
2687 4785 2741 4837 in
2797 4783 3076 4839 communi
3115 4783 3342 4840 oonsilio
3385 4781 3455 4836 ab

1867 4881 2160 4952 episcopis,
2192 4880 2272 4934 vel
2295 4879 2457 4933 etiam
2485 4894 2514 4932 a
2544 4878 2966 4948 quibuscunque
2989 4875 3238 4932 lidelibus
3261 4876 3455 4932 decer-

1871 4984 2095 5038 nuntur,
2127 4972 2390 5041 Spiritum
2414 4981 2662 5026 sanctum
2709 4985 2773 5023 ea
2796 4967 3221 5025 deliberantibus
3259 4983 3454 5040 sugge-

1870 5077 1992 5118 rere
2019 5061 2374 5117 demonstret.

2454 5147 2684 5206 CANON
2719 5148 2851 5203 Vlll.

1945 5265 1965 5298 ι
2013 5245 2088 5302 De
2129 5247 2197 5302 iis
2229 5245 2324 5316 qui
2352 5244 2558 5300 alienas
2587 5244 2778 5298 domos
2802 5243 3070 5298 hostiliter
3099 5242 3304 5313 ingredi
3331 5241 3451 5300 ausi

1875 5353 1893 5386 ι
1942 5349 2073 5390 sunt
2120 5336 2174 5388 in
2225 5335 2584 5390 barbarorum
2620 5333 2951 5387 incursione.
2995 5331 3104 5388 Eos
3148 5343 3327 5386 autem
3358 5331 3454 5401 qui

1877 5448 1894 5479 ι
1942 5428 2150 5482 alienas
2185 5426 2377 5482 domos
2420 5424 2678 5479 invadere
2705 5423 2825 5479 ausi
2857 5423 3092 5490 fuerint,
3133 5423 3177 5478 si
3212 5422 3454 5480 accusati

1876 5539 1894 5574 ι
1941 5520 2162 5590 quidem
2205 5518 2440 5574 convicti
2492 5516 2732 5582 fuerint,
2800 5532 2900 5571 nec
2941 5516 3219 5570 auditione
3256 5516 3453 5586 dignos

1874 5633 1893 5665 ι
1940 5612 2271 5667 existimare.
2302 5609 2397 5665 Sin
2427 5619 2609 5664 autem
2648 5609 2938 5664 iudicarint
2969 5623 3028 5664 se
3060 5607 3208 5678 ipsus
3239 5624 3303 5662 ac
3333 5608 3453 5662 red-

1873 5726 1892 5758 ι
1939 5705 2216 5768 dideriut,
2286 5705 2339 5759 in
2389 5719 2576 5760 eorum
2625 5705 2716 5776 qui
2767 5712 3154 5760 convertuntur
3205 5700 3452 5762 ordinem

1879 5820 1896 5854 ι
1943 5800 2234 5858 substerni.
2268 5819 2286 5852 ι
