3876 6516
392 283 535 350 1013

1523 284 1578 340 S.
1621 283 1952 341 GllEGORll
1992 281 2374 341 THAUMATL’
2388 281 2500 339 RGI

3510 287 3645 344 10h

464 411 623 462 BALS.
661 401 957 472 Postquam
999 411 1220 456 sanctus
1250 400 1427 456 fusius
1461 401 1770 455 tractaverit
1799 399 1867 454 de
1905 400 1972 454 iis

2145 401 2336 452 ΒΑΛΣ.
2369 400 2705 472 Παχυμερῶς
2735 395 3001 455 διαλαϐὼν
3022 403 3051 454 6
3071 401 3222 470 ἅγιος
3256 402 3384 473 περὶ
3419 403 3527 456 τῶν
3556 406 3649 476 ἀρ-

386 503 484 571 qui
527 507 840 560 rapuerunt.
884 496 964 548 vel
1011 493 1370 564 quorumdam
1401 493 1735 562 captivorum
1766 507 1852 545 res
1887 491 1970 544 in-

389 597 699 652 venerunt,
752 586 894 657 quod
960 586 1024 638 ad
1082 599 1365 652 pinnarum
1419 583 1683 637 rationem
1732 582 1968 647 attinet;

391 699 538 737 nunc
566 693 787 750 quoque
814 677 1024 746 species
1052 675 1398 745 poenitentiae,
1433 673 1547 728 sive
1579 673 1974 728 ecclesiastica-

397 789 520 828 rutn
562 787 845 842 pinnarum
892 769 1080 838 incipit
1115 768 1315 822 dicere.
1366 766 1431 819 Et
1492 766 1676 820 statim
1728 764 1971 818 decernit

392 876 456 921 ut
499 880 600 920 nec
646 873 790 919 stent
823 878 944 916 cum
980 861 1366 924 audientibus,
1417 860 1508 913 sed
1556 873 1679 911 cum
1730 856 1974 910 deﬂenti-

394 959 519 1020 bus,
555 965 707 1009 extra
739 953 1056 1016 ecclesiam,
1101 952 1192 1021 qui
1239 966 1351 1004 rem
1400 949 1598 1018 captivi
1636 957 1969 1018 rapuerunt,

390 1057 450 1104 et
480 1063 599 1102 eam
629 1061 736 1100 non
781 1050 1154 1105 restituerunt.
1185 1043 1279 1096 sed
1311 1042 1712 1095 accusationem
1756 1050 1808 1094 et
1847 1056 1975 1109 pro-

395 1141 670 1196 bationem
710 1146 1091 1206 exspectarent
1138 1143 1354 1203 propter
1417 1132 1816 1185 infitiationem.
1869 1131 1975 1184 Eos

394 1243 576 1286 autem
617 1231 709 1299 qui
754 1246 812 1283 se
858 1229 1007 1298 ipsos
1033 1227 1358 1289 detulerunt,
1389 1232 1443 1277 et
1481 1238 1579 1277 sua
1624 1232 1816 1292 sponte
1855 1238 1976 1290 qua:

393 1321 692 1383 abstulere,
735 1326 859 1374 ante
891 1319 1162 1372 actionem
1213 1316 1500 1380 dederunt,
1535 1315 1725 1368 statuit
1756 1323 1814 1367 ut
1846 1329 1974 1383 pro-

397 1423 519 1484 pter
542 1411 910 1482 pmnitentiam
938 1419 1371 1477 compreceutur,
1405 1423 1498 1461 seu
1525 1409 1824 1462 consistant
1852 1423 1973 1460 cum

398 1503 678 1567 ﬁdelibus;
712 1500 1130 1556 substernantur
1185 1507 1365 1552 autem
1414 1497 1553 1560 illis,
1601 1513 1666 1550 eo
1705 1497 1847 1565 quod
1879 1512 1974 1549 eo-

398 1605 603 1665 guntur
645 1593 827 1663 egredi
864 1609 986 1646 cum
1029 1591 1455 1646 catechumenis.
1501 1590 1577 1643 Ac
1623 1590 1703 1642 lex
1755 1588 1973 1657 quidem

396 1685 763 1741 ecclesiastica
801 1699 894 1738 eos
934 1684 1013 1737 sic
1046 1685 1221 1752 punit.
1266 1679 1376 1734 Lex
1415 1695 1544 1734 vero
1589 1679 1764 1734 civilis
1796 1688 1979 1747 rapto-

399 1795 490 1833 res
519 1777 661 1847 quod
687 1776 753 1829 ab
782 1775 914 1844 ipsis
948 1786 1158 1842 raptum
1193 1783 1275 1826 est
1301 1773 1460 1826 etiam
1493 1780 1614 1824 ante
1646 1771 1976 1825 condemna-

399 1872 604 1924 tionem
652 1870 979 1932 offerentes,
1041 1883 1145 1919 non
1182 1865 1458 1926 admittit,
1508 1863 1600 1917 sed
1658 1863 1980 1918 condemnat

399 1961 457 2015 in
505 1961 888 2032 quadruplum.
961 1959 1098 2011 Dicit
1140 1957 1283 2009 enim
1331 1972 1453 2024 cap.
1505 1955 1558 2018 6,
1618 1954 1685 2007 l7
1740 1956 1860 2016 tit.,
1911 1970 1978 2007 ιι

400 2048 497 2107 lib.
532 2071 545 2108 :
581 2051 789 2122 Raptor
828 2066 987 2121 poena
1021 2066 1125 2102 non
1151 2049 1411 2102 liberatur
1443 2048 1710 2102 oblatione
1735 2050 1807 2102 rei
1855 2058 1980 2104 ante

399 2146 571 2200 litem.
633 2144 694 2198 Et
741 2144 916 2197 thema
969 2142 998 2194 7
1027 2182 1041 2205 ,
1087 2157 1204 2210 cap.
1247 2140 1283 2195 2
1327 2141 1568 2211 ejusdem
1636 2140 1725 2193 lib.
1760 2150 1814 2194 et
1845 2141 1924 2194 tit.
1962 2155 1977 2193 :

399 2231 544 2292 Intra
591 2253 793 2292 annum
850 2252 1037 2289 verum
1088 2234 1318 2303 pretium
1385 2233 1820 2302 quadruplatur,
1874 2248 1978 2285 non

398 2341 579 2383 autem
632 2329 684 2382 id
740 2327 884 2397 quod
950 2327 1194 2380 interest.
1263 2325 1418 2390 Quod
1463 2334 1643 2378 autem
1708 2324 1796 2378 hic
1851 2324 1981 2377 dicit

397 2436 624 2476 sanetus
655 2419 723 2473 de
764 2419 832 2472 iis
875 2420 968 2487 qui
1020 2430 1145 2472 ante
1181 2417 1689 2471 condemnationem
1734 2425 1788 2469 et
1821 2431 1983 2469 accu-

400 2512 664 2566 sationem
717 2527 827 2564 rem
869 2513 1192 2576 restituunt,
1237 2511 1321 2564 lex
1368 2511 1520 2580 jubet
1551 2511 1601 2564 id
1636 2509 1749 2564 fieri
1793 2509 1844 2562 in
1890 2525 1982 2565 eos

399 2603 495 2671 qui
556 2603 757 2670 aliquid
827 2620 890 2656 ex
960 2605 1143 2672 aliquo
1211 2613 1357 2658 metu
1435 2614 1776 2673 acceperunt.
1846 2605 1984 2660 Dicit

397 2694 546 2747 enim
582 2693 614 2746 5
654 2694 870 2760 thema,
920 2695 987 2748 l5
1028 2693 1230 2764 cap.,2
1274 2697 1380 2764 tit.,
1405 2713 1438 2750 κ
1484 2696 1613 2750 lib.:
1648 2697 1803 2752 Actio
1827 2698 1984 2767 cujus

401 2795 582 2839 metus
617 2802 813 2852 causa,
858 2797 940 2840 est
967 2787 1174 2850 libera;
1210 2796 1264 2842 et
1302 2788 1424 2842 licet
1459 2789 1508 2843 ei
1537 2789 1797 2844 adversus
1822 2805 1982 2858 quem

401 2877 608 2948 agitur,
638 2877 702 2930 ad
739 2879 1058 2931 sententiam
1093 2894 1264 2947 usque
1293 2895 1406 2933 rem
1448 2880 1755 2940 restituere.
1791 2889 1845 2934 et
1875 2896 1981 2933 non

403 2975 536 3026 dare
585 2971 971 3041 quadruplum.
1030 2971 1122 3023 Est
1186 2981 1366 3024 autem
1423 2979 1478 3024 et
1529 2971 1629 3024 alia
1683 2970 1983 3025 differentia

2075 491 2366 544 πασάντων
2395 492 2428 562 ἢ
2463 491 2770 563 εὑρηκότων
2805 493 3102 564 πράγματά
3129 510 3288 546 τινων
3317 495 3649 564 αίχμαλωτι-

2075 583 2346 644 σθέντων,
2397 583 2516 636 ὅσον
2560 584 2697 646 τέως
2726 587 2804 646 είς
2845 584 2936 635 τὸν
2964 584 3120 651 λόγον
3173 585 3282 638 τῶν
3330 587 3646 656 ἐπιτιμίων·

2073 675 2200 747 ἄρτι
2228 674 2321 726 καὶ
2347 673 2412 727 τά
2447 674 2560 746 εἴδη
2601 675 2702 744 τῆς
2739 675 3023 746 μετανοίας
3057 679 3173 748 ἦτοι
3207 677 3318 730 τῶν
3360 679 3647 750 ἐκκλησιαο

2075 765 2273 818 στικῶν
2307 767 2595 836 ἐπιτιμίων
2620 766 2844 838 ἄρχεται
2868 767 3062 834 λέγειν.
3107 769 3217 821 Καὶ
3250 769 3448 822 αὐτίκα
3490 771 3652 842 διορί-

2077 856 2251 921 ζεται,
2306 857 2392 909 ἴνα
2453 857 2582 928 μηδὲ
2637 856 2774 926 μετά
2811 857 2918 910 τῶν
2952 859 3317 929 ἀκροωμένων
3368 860 3640 922 ἱστῶνται,

2074 948 2208 1002 ἀλλὰ
2256 949 2391 1020 μετὰ
2433 949 2542 1003 τῶν
2583 950 3016 1022 προσκλαιόντων
3074 950 3270 1016 ἔξωθεν
3306 953 3408 1023 τῆς
3458 955 3652 1024 ἐκκλη-

2078 1043 2197 1105 σίας
2219 1082 2234 1105 ,
2251 1043 2302 1094 οί
2332 1042 2674 1112 ἁρπάσαντες
2699 1041 2938 1095 τοιοῦτόν
2953 1060 3004 1094 τι
3032 1046 3260 1115 πρᾶγμα
3279 1044 3645 1114 αἰχμαλώτου,

2077 1135 2170 1187 καὶ⁹
2205 1135 2278 1205 μὴ
2306 1136 2419 1186 ἀντι
2431 1133 2756 1204 στρέψαντες
2772 1134 2922 1197 αὑτὸ,
2949 1135 3082 1188 ἀλλὰ
3098 1135 3492 1207 ἀναμείναντες
3509 1155 3646 1191 κατ-

2082 1225 2314 1297 ηγορίαν
2361 1227 2453 1279 καὶ
2478 1225 2694 1296 ἔλεγχον
2714 1225 2802 1278 διὰ
2829 1225 2926 1297 τὴν
2970 1227 3216 1298 ἄρνησιν.
3255 1229 3395 1293 Τοὺς
3438 1229 3495 1280 δὲ
3525 1231 3647 1283 ἑαυ-

2076 1319 2200 1383 τοὺς
2232 1318 2725 1390 προσαγγείλαντας
2751 1320 2845 1372 καὶ
2870 1318 3058 1383 δόντας
3086 1320 3388 1384 καλοθελῶς
3408 1321 3514 1392 πρὸ
3533 1323 3649 1374 ἀνα·

2075 1407 2260 1476 γωγῆς
2295 1407 2329 1459 ἀ
2364 1407 2675 1474 ἀφείλοντο,
2719 1407 3011 1478 διορίζεται
3040 1408 3129 1461 διὰ
3161 1409 3256 1479 τὴν
3289 1411 3649 1480 μεταμέλειαν

2080 1496 2450 1567 συνεύχεσθαι,
2480 1497 2644 1567 ἤγουν
2677 1499 3055 1564 συνίστασθαι,
3096 1500 3232 1569 μετὰ
3261 1500 3368 1553 τῶν
3410 1502 3648 1554 πιστῶνο

2079 1589 2404 1641 ὑποπίπτειν
2432 1587 2488 1640 δὲ
2515 1588 2691 1640 αὑτῶν
2713 1588 2799 1640 διά
2826 1589 2887 1641 τὸ
2911 1591 3312 1658 ἀναγκάζεσθαι
3334 1593 3652 1664 ὲξέρχεσθαι

2082 1697 2218 1752 μετα
2246 1680 2353 1733 τῶν
2387 1681 2826 1751 κατηχουμένων.
2863 1683 2973 1734 Καὶ
3013 1685 3040 1735 6
3067 1683 3162 1753 μὲν
3198 1685 3650 1755 ἐκκλησιαστικὸς

2081 1773 2244 1843 νόμος
2266 1773 2406 1826 οὕτω
2436 1773 2658 1834 τούτους
2687 1772 2902 1837 κολάζει
2921 1791 2934 1803 '
2963 1775 2990 1826 6
3019 1775 3076 1827 δὲ
3106 1776 3377 1840 πολιτικὸς
3405 1780 3533 1841 τοὺς
3561 1781 3655 1850 ἆρ-

2079 1881 2260 1932 παγας
2289 1865 2381 1918 καὶ
2414 1866 2518 1936 πρὸ
2543 1865 2836 1936 καταδίκης
2869 1867 3238 1937 προσάγοντας
3267 1867 3327 1920 τὸ
3353 1869 3448 1922 ὑπ’
3475 1870 3654 1922 αὑτῶν

2081 1957 2327 2028 ἁρπαγὲν
2359 1957 2417 2010 οὑ
2452 1957 2837 2028 προσδέχεται.
2887 1958 2999 2010 ἀλλ’
3048 1961 3128 2021 είς
3166 1959 3225 2011 τὺ
3261 1961 3656 2030 τετραπλάσιον

2081 2048 2446 2112 καταδικάζει.
2476 2050 2612 2118 Φησὶ
2639 2050 2745 2118 γάρ
2770 2067 2895 2118 κεφ.
2923 2057 2996 2114 ς’,
3028 2050 3119 2103 τοὺ
3148 2051 3211 2115 ιζ’
3260 2050 3460 2115 τίτλου,
3496 2053 3592 2105 τοῦ
3613 2056 3652 2120 ξ’

2084 2142 2285 2213 βιϐλίου
2306 2161 2318 2172 ·
2364 2144 2419 2195 ’0
2450 2143 2632 2215 ἀρπαξ
2663 2145 2762 2196 οὑκ
2789 2144 3300 2215 ἀπαλλάττεταιτῆς
3333 2147 3529 2216 ποινῆς
3554 2147 3657 2218 πρὸ

2081 2236 2178 2306 τῆς
2205 2235 2360 2305 δίκης
2390 2236 2678 2307 προσάγων
2721 2236 2781 2288 τὸ
2829 2240 3081 2308 πρᾶγμα.
3123 2239 3231 2290 Καὶ
3273 2239 3416 2308 θεμα
3465 2239 3533 2303 ζ’,
3566 2239 3657 2292 τού

2086 2325 2128 2396 β’
2177 2327 2366 2394 κεφαλ.
2409 2325 2503 2378 τοῦ
2539 2325 2701 2380 αὑτοῦ
2730 2325 2934 2397 βιϐλίου
2951 2328 3044 2381 καὶ
3061 2328 3235 2381 τίτλου
3256 2346 3268 2358 ·
3296 2329 3447 2382 Εῖσω
3479 2332 3657 2382 ἐνιαυ-

2083 2418 2175 2470 τοῦ
2206 2417 2266 2470 τὸ
2297 2415 2494 2487 ἀληθὲς
2541 2417 2634 2470 τού
2671 2419 2991 2488 πράγματος
3027 2419 3237 2489 τίμημα
3260 2420 3660 2491 τετραπλασιάο

2086 2509 2255 2574 ζεται,
2278 2510 2338 2563 οὑ
2366 2511 2471 2581 μὴν
2494 2511 2555 2562 τὸ
2583 2509 2858 2582 διαφέρον.
2890 2511 3063 2581 Ὅπερ
3083 2511 3139 2563 δέ
3167 2528 3332 2582 φησιν
3368 2512 3606 2566 ἐνταῦθα
3631 2516 3660 2566 6

2087 2601 2239 2668 ἆγιος
2263 2599 2418 2672 χάριν
2457 2599 2565 2652 τῶν
2599 2599 2704 2669 πρὸ
2735 2599 3030 2670 καταδίκης
3063 2599 3157 2652 καὶ
3203 2601 3541 2671 κατηγορίας
3584 2602 3660 2653 δι-

2085 2693 2278 2747 δόντων
2302 2693 2364 2746 τὸ
2393 2692 2715 2762 ἀφαιρεθὲν,
2749 2691 2907 2745 τοῦτο
2943 2693 2972 2743 6
3013 2691 3177 2762 νόμος
3223 2692 3657 2762 παρακελεύεται

2087 2783 2332 2852 γίνεσθαι
2359 2785 2438 2846 είς
2469 2783 2594 2847 τοὺς
2628 2783 2767 2836 κατά
2800 2784 2964 2852 φόϐον
2993 2781 3252 2845 λαϐόντας
3293 2802 3347 2836 τι
3387 2786 3456 2836 ἐκ
3502 2784 3657 2846 τινός.

2086 2877 2220 2948 Φησὶ
2252 2875 2360 2948 γὰρ
2383 2876 2442 2928 τὸ
2474 2881 2511 2927 ε’
2541 2874 2700 2945 θέμα,
2747 2874 2841 2927 τοῦ
2873 2881 2938 2942 ιγ’
2981 2874 3195 2943 κεφαλ.,
3233 2874 3328 2928 τοῦ
3455 2875 3652 2936 τίτλον,

2087 2969 2181 3023 τοῦ
2214 2969 2438 3023 δεκάτου
2471 2968 2703 3039 βιϐλίου*
2769 2969 2834 3022 Ἦ
2872 2968 2960 3022 διὰ
3003 2968 3165 3038 φόϐον
3194 2969 3434 3032 αἰτίασις
3471 2970 3658 3038 αἱρετή

404 3079 596 3116 eorum
631 3063 722 3132 qui
764 3064 815 3115 vi
874 3079 960 3116 res
1010 3063 1286 3123 auferunt,
1335 3070 1390 3116 et
1433 3077 1623 3116 eorum
1657 3063 1749 3132 qui
1780 3063 1982 3132 aliquid

2093 3063 2202 3116 ἐστι
2221 3079 2234 3093 ο
2265 3063 2359 3116 καὶ
2386 3060 2561 3126 ἔξεστι
2586 3061 2662 3132 τῷ
2695 3060 3007 3132 ὲναγομένῳ
3039 3061 3198 3132 μέχρι
3228 3061 3409 3131 ψήφου
3453 3062 3662 3114 ἀποκα-

406 3155 479 3210 ab
505 3156 690 3224 aliquo
716 3164 862 3210 metu
890 3155 1182 3224 accipiunt.
1241 3155 1499 3223 Raptores
1546 3155 1687 3208 enim
1721 3171 1826 3210 una
1856 3171 1980 3210 cum

404 3247 697 3316 quadrupli
725 3247 1080 3301 retributione
1103 3246 1262 3300 etiam
1289 3245 1649 3311 infamantur;
1685 3247 1776 3316 qui
1803 3257 1981 3300 autem

407 3348 612 3392 metum
656 3338 976 3402 intulerunt,
1029 3337 1081 3390 in
1116 3338 1516 3391 existimatione
1561 3347 1768 3392 tantum
1809 3339 1983 3392 labem

405 3427 651 3497 aliquam
679 3430 1030 3483 contrahunt.

485 3709 686 3764 Zomn.
718 3709 820 3776 Qui
845 3726 970 3765 vero
991 3707 1194 3765 alienas
1221 3711 1414 3765 domos
1447 3711 1760 3764 invaserunt
1794 3724 1990 3780 resque

412 3805 541 3860 inde
574 3805 907 3874 surripuere,
957 3805 1055 3869 illi,
1093 3805 1287 3874 inquit,
1321 3806 1367 3858 si
1395 3805 1614 3874 quidem
1642 3805 1880 3858 accusati
1926 3820 1992 3858 ac

414 3905 774 3967 pernegantes
817 3897 1048 3951 convicti
1093 3896 1312 3963 fuerint,
1344 3913 1468 3954 eum
1515 3896 1582 3950 iis
1625 3897 1828 3965 pariter
1853 3911 1992 3964 quos

415 4005 582 4060 supra
617 3989 856 4045 diximus
893 3993 960 4045 ab
999 3991 1277 4046 auditione
1312 4007 1528 4061 quoque
1567 3989 1990 4059 prohibeantur,

413 4091 580 4151 atque
605 4083 657 4136 in
683 4083 924 4136 tlentium
953 4085 1198 4138 ordinem
1231 4085 1571 4153 relegentur;
1603 4084 1686 4138 sin
1720 4094 1898 4138 autem
1936 4097 1994 4138 sc

417 4169 570 4242 ipsos
598 4173 931 4239 detexerint,
971 4184 1067 4228 aut
1109 4186 1236 4230 ante
1277 4176 1679 4231 accusationem
1718 4176 1993 4230 occultum

415 4263 626 4318 crimen
657 4263 892 4319 confessi
925 4265 1146 4329 fuerint,
1172 4282 1369 4336 resque
1394 4267 1600 4321 ablatas
1631 4266 1990 4331 reddiderint,

415 4354 824 4408 constituantur
872 4357 924 4409 in
973 4372 1162 4409 eorum
1193 4357 1382 4411 ordine
1415 4358 1506 4427 qui
1539 4373 1567 4411 a
1605 4366 1825 4426 peccato
1872 4373 1996 4410 con-

2084 3153 2347 3223 ταστῆσαι
2374 3152 2433 3204 τὸ
2459 3153 2708 3221 πρᾶγμα,
2739 3152 2832 3203 καὶ
2864 3152 2938 3221 μὴ
2979 3149 3162 3204 δοῦναι
3197 3151 3257 3202 τὸ
3301 3150 3658 3222 τετραπλοῦν.

2089 3245 2244 3296 Ἔστι
2271 3243 2327 3296 δὲ
2352 3245 2446 3296 καὶ
2471 3243 2630 3312 ἑτέρα
2658 3242 2888 3314 διαφορὰ
2907 3243 3012 3295 τῶν
3034 3242 3216 3312 βιαίως
3243 3242 3663 3312 ἀφαιρουμένων

2088 3338 2384 3408 πράγματα
2407 3335 2628 3389 καὶτῶν
2669 3337 2809 3389 κατά
2841 3336 3001 3405 φόϐον
3034 3336 3412 3407 λαμϐανόντων
3458 3354 3510 3389 τι
3551 3337 3663 3388 ἀπό

2086 3445 2228 3492 τινος
2252 3445 2265 3458 °
2290 3429 2341 3480 οί
2372 3429 2468 3498 μὲν
2491 3429 2599 3497 γὰρ
2624 3429 2870 3498 ἅρπαγες
2915 3429 3011 3480 σὺν
3051 3431 3116 3498 τῇ
3154 3428 3404 3480 ἀποδόσει
3445 3427 3540 3480 τού
3571 3445 3664 3481 τε·

2087 3518 2326 3590 τραπλοῦ
2365 3519 2459 3571 καὶ
2503 3518 2850 3589 ἀτιμοῦνται’
2897 3520 2945 3571 οί
2983 3519 3040 3571 δὲ
3086 3518 3245 3587 φόϐον
3269 3520 3665 3587 ἐπαγαγόντες,

2092 3609 2402 3663 σπιλοῦνται
2434 3611 2590 3680 μόνον
2616 3609 2756 3663 κατά
2781 3610 2876 3681 τὴν
2906 3610 3190 3679 ὑπόληψιν.

2163 3701 2405 3752 ΖΩΝᾹΡ.
2435 3701 2502 3752 Οἵ
2528 3718 2670 3763 τινες
2698 3700 2753 3754 δὲ
2781 3700 3014 3770 ἐπῆλθον
3041 3701 3209 3764 οἴκοις
3233 3698 3529 3772 ἀλλοτρίοις
3576 3703 3670 3754 καὶ

2091 3792 2341 3862 ἥρπασαν
2370 3791 2574 3846 ἐκεῖθεν
2607 3794 2878 3863 χρήματα,
2920 3786 3084 3856 οὗτοι,
3117 3795 3298 3862 φησιν,
3321 3795 3367 3846 εί
3387 3799 3507 3864 μὲν,
3527 3813 3668 3848 κατ-

2093 3882 2452 3954 ηγορηθέντες
2514 3884 2606 3936 καὶ
2649 3883 3001 3956 ἀρνούμενοι,
3056 3884 3420 3955 ἐλεγχθῶσιν,
3461 3888 3670 3956 ὁμοίως

2092 3979 2204 4040 τοῖς
2237 3978 2650 4048 προειρημένοις
2669 3979 2763 4031 καὶ
2791 3978 2890 4048 τῆς
2916 3979 3229 4050 ἀκροάσεως
3253 3979 3672 4042 κωλυέσθωσαν,

2095 4070 2186 4122 καὶ
2223 4069 2360 4140 μετὰ
2392 4070 2500 4121 τῶν
2529 4070 2964 4141 προσκλαιόντων
2991 4070 3359 4140 τετάχθωσαν·
3390 4073 3438 4122 εί
3461 4070 3517 4124 δὲ
3544 4072 3674 4123 ἑαυ-

2094 4160 2221 4222 τοὺς
2252 4159 2560 4224 ἐξείπωσιν,
2587 4161 2618 4231 ἢ
2649 4160 2752 4232 πρὸ
2784 4159 2876 4213 τοῦ
2923 4161 3362 4233 κατηγορηθῆναι
3410 4161 3679 4232 ὁμολογή-

2097 4267 2262 4304 σωσιν
2290 4251 2645 4321 ἀγνοούμενον
2667 4251 2726 4303 τὸ
2748 4253 3069 4322 ἁμάρτημα,
3089 4253 3182 4305 καὶ
3202 4252 3444 4305 ἀποδοῖεν
3459 4253 3493 4306 ἃ
3516 4255 3679 4321 issei—

2095 4344 2264 4405 λοντο,
2293 4345 2532 4398 ἔστωσαν
2559 4346 2616 4398 ὲν
2648 4348 2759 4408 τοῖς
2787 4346 3219 4416 ὑποστρέφουσιν
3248 4346 3355 4399 ἀπὺ
3373 4347 3678 4416 ἁμαρτίας,

418 4452 727 4508 vertuntur,
773 4445 875 4500 hoc
915 4456 1019 4513 est,
1062 4447 1249 4502 ordine
1294 4447 1715 4513 substratorum,
1745 4447 1838 4518 qui
1873 4463 1986 4502 cum

2102 4438 2343 4490 τουτέστι
2368 4439 2464 4508 τῆς
2501 4438 2704 4504 τάξεως
2728 4438 2834 4491 τῶν
2857 4439 3288 4501 ὑποπιπτόντων,
3314 4439 3504 4501 οἵτινες
3537 4439 3682 4491 ὑπο-

419 4536 674 4592 ﬁdelibus
717 4538 932 4606 quidem
967 4547 1255 4608 precantur
1289 4541 1545 4608 templum
1577 4542 1859 4605 intrantes,
1897 4555 1999 4594 cae-

419 4637 600 4683 terum
627 4645 776 4684 more
801 4633 1315 4704 catechumenorunt
1349 4633 1718 4702 egrediuntur.

1032 4723 1258 4779 CANON
1306 4724 1396 4779 ΙΧ.

503 4833 523 4867 ι
561 4815 632 4870 De
665 4816 732 4870 iis
756 4817 925 4886 quiin
958 4832 1088 4885 agro
1122 4818 1202 4871 vel
1230 4819 1282 4871 in
1306 4818 1512 4871 uadibus
1541 4819 1656 4872 suis
1697 4834 1782 4876 ea.
1814 4834 1935 4886 quae
1967 4833 1997 4870 a
2069 4882 2071 4884 _

429 4924 453 4959 ι
499 4906 748 4962 barbaris
778 4909 958 4962 relicta
985 4919 1133 4972 sunt,
1174 4911 1517 4963 invenerunt.
1555 4909 1664 4963 Eos
1699 4920 1876 4962 autem
1906 4909 1998 4977 qui

430 5017 454 5051 ι
499 4999 553 5054 in
591 5017 782 5070 campo
820 5001 1024 5070 aliquid
1076 5003 1420 5064 invenerunt,
1447 5003 1531 5056 vel
1574 5003 1626 5056 in
1657 5002 1773 5056 suis
1795 5002 2001 5055 uadibus

427 5111 450 5144 1
500 5109 529 5145 a
562 5093 807 5151 barbaris
844 5096 1116 5158 relictum,
1153 5096 1197 5149 si
1232 5097 1473 5149 accusati
1503 5095 1721 5163 quidem
1770 5096 1999 5149 convicti

428 5203 453 5236 ί
500 5185 720 5252 fuerint,
751 5189 861 5242 sint
885 5189 1136 5242 similiter
1164 5191 1303 5242 inter
1319 5204 1414 5243 eos
1436 5189 1528 5257 qui
1552 5188 1999 5253 substernuntur;

428 5299 452 5330 ι
499 5280 581 5333 sin
612 5290 792 5334 autem
824 5296 880 5335 se
905 5282 1051 5351 ipsos
1081 5280 1442 5335 detulerintet
1464 5279 1815 5343 reddiderint,
1840 5280 2002 5334 etiam

431 5388 451 5418 ι
500 5369 754 5439 precibus
780 5370 930 5440 digiti
971 5369 1294 5423 habeantur.
1345 5389 1363 5420 ι

500 5456 661 5513 Βλιε.
709 5458 922 5512 Dictum
965 5471 1048 5513 est
1096 5459 1346 5527 superius
1373 5459 1439 5512 de
1468 5459 1536 5513 iis
1573 5459 1664 5527 qui
1719 5458 1908 5511 dicunt
1945 5472 2005 5511 se

429 5549 704 5603 invenisse
720 5566 804 5604 res
817 5551 1156 5619 captivorum
1183 5548 1452 5618 neglectui
1475 5550 1713 5614 habitas,
1736 5558 1790 5602 et
1815 5563 2003 5602 earum

430 5639 533 5691 sibi
580 5640 961 5709 pr0prietatem
989 5640 1318 5695 vindicasse.
1350 5639 1505 5695 Nunc
1554 5651 1732 5694 autem
1763 5639 2007 5693 decernit

425 5742 675 5799 sanctus,
698 5748 790 5788 eos
815 5733 906 5803 qui
928 5749 1014 5788 res
1048 5735 1388 5802 captivorum
1417 5733 1471 5786 in
1497 5733 1750 5789 domibus
1772 5732 2001 5786 invene-

2107 4529 2449 4600 συνεύχονται
2485 4531 2581 4600 μὲν
2605 4535 2715 4593 τοῖς
2744 4533 2950 4593 πιστοῖς
2996 4532 3252 4596 εἰσιόντες
3281 4533 3359 4595 είς
3394 4531 3484 4584 τὸν
3523 4535 3681 4597 ναὸν,

2101 4624 2410 4695 ἐξέρχονται
2432 4623 2487 4676 δὲ
2517 4625 2592 4687 ὡς
2613 4626 2662 4677 οἱ
2696 4625 3107 4695 κατηχούμενοι.

2702 4719 2940 4771 ΚΛΝΩΝ
2992 4717 3067 4771 6'.

2179 4830 2196 4861 ι
2235 4811 2369 4882 Περὶ
2411 4811 2519 4863 τῶν
2567 4811 2623 4862 ὲν
2651 4810 2728 4881 τῷ
2773 4810 3000 4882 πεδίῳῆ
3048 4812 3106 4863 ὲν
3143 4812 3257 4872 τοῖς
3310 4809 3459 4870 ἰδίοις
3508 4811 3685 4872 οἴκοις

2107 4921 2125 4952 ι
2163 4901 2426 4972 εὑρόντων
2471 4901 2540 4955 τά
2589 4903 2694 4954 ὑπὸ
2745 4902 2852 4954 τῶν
2893 4903 3178 4974 βαρϐάρων
3226 4899 3681 4968 καταλειφθέντα.

2109 5014 2128 5045 ι
2163 4996 2301 5058 Τοὺς
2327 4995 2382 5048 δὲ
2427 4997 2484 5047 ὲν
2533 4996 2697 5065 πεδίῳ
2727 4995 2984 5066 εὑρόντας
3029 5013 3081 5047 τι
3123 4994 3157 5065 ἢ
3199 4995 3257 5045 ἐν
3300 4997 3419 5056 ταῖς
3467 4994 3686 5046 ἑαυτῶν

2110 5102 2127 5136 ι
2164 5086 2364 5148 οἰκίαις
2391 5085 2745 5153 καταλειφθὲν
2786 5086 2889 5138 ὑπὸ
2933 5085 3042 5138 τῶν
3084 5083 3401 5154 βαρϐάρων,
3431 5084 3534 5136 ἐὰν
3584 5085 3686 5154 μὲν

2111 5195 2129 5225 ‹
2167 5175 2633 5247 κατηγορηθέντες
2679 5175 3005 5245 ἐλεγχθῶσιν
3027 5215 3041 5237 ,
3070 5176 3271 5244 ὁμοίως
3300 5175 3359 5226 ἒν
3398 5177 3514 5238 τοῖς
3547 5176 3687 5228 ὑπο-

2111 5285 2128 5316 ι
2171 5267 2488 5318 πίπτουσιν’
2523 5263 2615 5318 ἐὰν
2655 5265 2711 5317 δὲ
2745 5265 2969 5327 ἑαυτοὺς
2995 5263 3252 5330 ἒξείπωσι
3281 5264 3374 5315 καλ⁸
3400 5263 3648 5316 ἀποδῶσι
3668 5302 3684 5324 ,

2110 5377 2128 5409 ι
2169 5360 2262 5411 καὶ
2289 5359 2385 5429 τῆς
2417 5359 2580 5428 εὑχης
2608 5357 2854 5420 ἀξιῶσαι.
2889 5377 2906 5408 ι

2181 5453 2369 5504 ΒΛΛΣ.
2401 5451 2627 5521 Εἴρηται
2657 5449 2875 5501 ὄπισθεν
2904 5449 3030 5519 περὶ
3060 5446 3168 5498 τῶν
3209 5445 3472 5514 λεγόντων
3503 5444 3689 5515 εὑρεῖν

2103 5543 2474 5614 ἀνεπιμέλητα
2504 5541 2573 5594 τά
2604 5540 2711 5593 τῶν
2756 5539 3298 5610 αἰχμαλωτισθέντων
3355 5537 3689 5609 πράγματα..

2109 5638 2199 5690 καὶ
2229 5633 2540 5688 ἰδιώσασθαι
2571 5633 2726 5686 αὑτά.
2761 5633 2871 5690 Καὶ
2911 5629 3006 5684 νῦθ
3034 5631 3090 5685 δὲ
3133 5631 3424 5702 διορίζεται
3465 5633 3496 5683 ὁ
3527 5631 3691 5696 ἅγιος

2107 5730 2232 5791 τοὺς
2264 5731 2320 5781 ἐν
2348 5729 2466 5789 ταῖς
2493 5726 2690 5788 οἰκίαις
2715 5724 2822 5778 τῶν
2851 5722 3390 5794 αἰχμαλωτισθέντων
3419 5721 3690 5792 εὑρόντες
