3876 6498
1571 315 1626 369 S.
1671 308 1995 371 GREGORII
2036 309 2541 370 THAUMATURGI
3543 307 3679 365 5M8

453 435 753 492 constituit.
803 432 1005 487 Verum
1051 446 1119 487 ne
1165 430 1547 487 denuntiantes
1588 430 1758 500 pretia
1804 432 1873 486 ob
1907 446 2020 484 rem

2146 427 2415 493 ῐιετάξατο.
2459 430 2577 481 Ἵνα
2629 427 2686 480 δὲ
2740 426 2813 498 μὴ
2852 429 2899 481 οἱ
2953 424 3334 499 ὁμολογοῦντες
3382 425 3685 479 ἀπαιτῶσιν

453 526 752 591 inventam,
786 525 869 579 vel
898 524 1045 579 aliud
1088 537 1415 592 quocunque
1444 522 1575 578 illud
1618 522 1837 577 nomine
1874 522 2022 576 voci-

2151 516 2373 589 ῢρετρα,
2405 518 2440 587 ἦ
2468 535 2521 569 τι
2552 515 2790 570 τοιοῦτον
2812 517 2888 581 ὡς
2914 517 2981 570 ἂν
3002 512 3246 581 καλοῖτο,
3287 515 3566 585 ἐπήγαγεν
3603 517 3685 568 ὅτι

451 625 619 680 tatur,
650 619 887 685 exigant,
923 613 1176 683 subjecit,
1207 627 1315 667 non
1344 627 1467 667 esse
1488 610 1783 681 quidquam
1806 611 2025 680 exigen-

2146 611 2181 663 ιὺ
2212 610 2291 662 δεῖ
2330 626 2383 663 τι
2430 611 2678 664 ἀπαιτεῖν
2719 607 2811 662 τὸν
2855 608 3171 661 ἀποδιδόντα
3216 607 3572 676 εὐγνωμόνως
3618 608 3687 661 τὰ

454 708 585 762 dum
620 706 688 760 ab
725 719 791 759 eo
822 704 914 774 qui
952 704 1129 759 aliena
1160 703 1391 773 benigne
1429 703 1625 765 reddit,
1660 702 1757 757 sed
1799 702 2025 755 manda-

2146 702 2405 771 ιλλότρια,
2432 702 2567 755 ἀλλὰ
2608 701 2773 773 χωρὶς
2806 700 3030 772 αἰσχροῦ
3063 700 3290 771 κέρδους
3326 700 3428 770 τὴν
3473 699 3687 770 ἐντολὴν

456 806 574 851 tum
600 798 807 865 absque
835 797 978 865 turpi
1011 796 1165 850 lucro
1191 794 1544 863 implendum.
1569 791 1750 861 Turpe
1791 807 2027 861 namque

2146 792 2449 864 ,xrqupoﬁv.
2487 792 2719 863 Αἰσχρὸν
2746 792 2854 861 γάρ
2873 791 3038 857 ὅντως
3062 792 3255 863 κέρδος
3282 792 3399 843 ἐστὶ
3428 789 3494 844 τὸ
3525 791 3687 843 ἀπαι-

455 888 670 945 lucrum
707 896 792 941 est
833 900 1022 941 revera
1068 886 1343 956 quidpiam
1375 886 1444 940 ab
1486 900 1552 941 eo
1583 886 1795 954 exigere
1818 885 1910 954 qui
1941 899 2026 938 res

2146 887 2234 937 ξεῖν
2280 900 2332 937 τι
2380 884 2487 937 ἀπὸ
2539 884 2631 937 τοῦ
2686 883 3047 948 ἀπολέσαντος
3088 883 3157 936 τὰ
3200 885 3375 937 οἰκεῖα
3422 883 3482 936 ὲν
3514 881 3689 954 καιρῷ

455 318 594 375 10L?

456 993 587 1035 suas
616 978 946 1034 turbulentis
982 976 1320 1047 temporibus
1345 975 1603 1046 perdidit,
1629 990 1730 1030 nec
1753 975 1873 1028 illas
1901 989 2025 1043 gra-

455 1070 597 1124 tuito
627 1069 873 1124 reddere.

1066 1155 1291 1212 CANON
1330 1156 1423 1210 XI.

533 1264 555 1299 ι
584 1246 770 1303 Fletus
813 1263 911 1304 seu
955 1248 1158 1314 luctus,
1202 1258 1284 1303 est
1325 1257 1482 1303 extra
1522 1255 1734 1319 portam
1770 1246 2027 1313 oratorii,

464 1358 485 1390 ι
515 1338 607 1394 ubi
639 1349 980 1408 peccatorem
1010 1348 1241 1395 stantem
1270 1348 1481 1409 oportet
1515 1338 1699 1397 ﬁdeles
1724 1338 2031 1419 ingredien-

465 1449 485 1481 ι
518 1439 599 1487 tes
627 1446 806 1497 orare,
844 1440 906 1487 ut
948 1447 1049 1501 pro
1085 1448 1143 1487 se
1170 1439 1479 1502 precentur.
1522 1431 1745 1486 Auditio
1775 1440 1858 1486 est
1890 1430 2031 1484 intra

467 1540 486 1571 ι
518 1531 729 1592 portam
758 1523 811 1577 in
839 1524 1072 1593 porticu,
1098 1524 1191 1578 ubi
1226 1530 1443 1593 oportet
1470 1538 1592 1578 eum
1633 1524 1727 1593 qui
1767 1527 2032 1594 peccavit,

462 1628 489 1666 c
518 1621 684 1679 stare,
729 1629 904 1684 usque
938 1615 1006 1669 ad
1053 1615 1498 1679 catechumenos,
1538 1624 1592 1669 et
1641 1616 1791 1671 illinc
1828 1619 2028 1686 egredi.

468 1723 488 1756 ι
519 1703 763 1761 Audiens
795 1706 974 1772 enim,
1023 1706 1231 1775 inquit,
1267 1706 1580 1776 Scripturas
1620 1717 1674 1761 et
1706 1708 2031 1776 doctrinam,

2127 976 2522 1044 περιστάσεως,
2550 976 2643 1028 καί
2678 976 2751 1047 μὴ
2782 975 3089 1029 ἀποδιδόναι
3116 975 3255 1029 αὐτὰ
3286 975 3501 1047 ἀμισθί.

2717 1159 2954 1211 ΚᾹΝΩΝ
2989 1160 3109 1211 1Δ¹.ι

2205 1268 2223 1302 ι
2273 1250 2336 1303 Ἦ
2379 1249 2741 1320 πρόσκλαυσις
2779 1249 2883 1315 ἔξω
2924 1251 3023 1321 τῆς
3060 1251 3235 1323 πύλης
3271 1250 3365 1305 τοῦ
3404 1252 3687 1324 εὐκτηρὶου

2136 1360 2154 1392 ι
2194 1342 2371 1395 ἐστίν·
2424 1342 2549 1395 ἔνθα
2599 1341 2807 1395 ἑστῶτα
2856 1342 2947 1407 τὸν
3008 1344 3387 1414 ἁμαρτάνοντα
3437 1345 3544 1415 χρὴ
3589 1344 3687 1396 τῶν

2137 1454 2155 1485 ι
2192 1437 2465 1489 εἰσιόντων
2507 1435 2710 1488 δεῖσθαι
2756 1435 2997 1500 πιστῶν,
3042 1437 3184 1506 ὑπὲρ
3212 1436 3374 1490 αὐτοῦ
3420 1435 3686 1507 εῠχεσθαι.

2137 1545 2156 1577 ι
2208 1528 2270 1579 Ἡ
2320 1527 2579 1598 ἀκρόασις
2624 1526 2792 1580 ἔνδοθι
2836 1526 2936 1597 τῆς
2983 1526 3159 1598 πύλης
3204 1529 3262 1581 ὲν
3306 1527 3385 1598 τῷ
3428 1527 3687 1599 νάρθηκι,

2138 1638 2156 1671 ι
2194 1618 2321 1673 ἔνθα
2346 1620 2562 1674 ἑστάναι
2591 1621 2695 1692 χρὴ
2738 1620 2829 1674 τὸν
2854 1620 3210 1693 ἡμαρτηκότα
3245 1620 3351 1683 ἕως
3381 1620 3491 1675 τῶν
3530 1637 3691 1691 κατη-

2139 1730 2157 1762 ι
2195 1711 2490 1791 χουμὲνων,
2525 1714 2617 1766 καὶ
2643 1711 2891 1767 ἐντεῦθεν
2922 1711 3254 1784 ἐξέρχεσθαι.
3291 1711 3527 1765 Ἀκούων
3568 1712 3687 1779 γὰρ,

468 1815 490 1849 ‹
520 1796 791 1867 ejiciatur,
824 1808 879 1854 et
906 1799 1217 1868 precatione
1254 1797 1510 1869 indignus
1540 1808 1847 1854 censeatur.
1893 1800 2030 1855 Sub-

2146 1822 2163 1856 (
2201 1805 2352 1873 φησὶ,
2381 1804 2488 1858 τῶν
2520 1804 2752 1875 Γραφῶν
2775 1805 2870 1859 καὶ
2908 1806 3007 1875 τῆς
3041 1804 3406 1867 διδασκαλίας,
3446 1803 3691 1857 ἐκϐαλλέ-

468 1906 490 1941 ‹
515 1889 680 1959 jectio
718 1898 900 1946 autem
943 1906 1037 1946 seu
1078 1889 1377 1946 substratio
1416 1901 1533 1956 est,
1559 1901 1618 1945 ut
1659 1892 1801 1946 intra
1847 1894 2031 1964 templi

470 1999 491 2033 ι
525 1990 735 2050 portam
761 1989 933 2050 stans,
955 1997 1080 2038 cum
1109 1981 1511 2039 catechumenis
1540 1983 1864 2053 egrediatur.
1889 1983 2033 2040 Con-

472 2092 492 2124 ι
523 2074 763 2144 gregatio
788 2089 886 2130 seu
909 2073 1261 2130 consistentia
1283 2082 1389 2142 est,
1411 2083 1470 2127 ut
1492 2089 1615 2129 cum
1637 2074 1883 2132 ﬁdelibus
1908 2092 2032 2133 con-

469 2180 492 2215 α
523 2164 707 2232 sistat,
741 2173 795 2219 et
822 2179 947 2220 cum
974 2165 1382 2223 catechumenis
1411 2180 1519 2221 non
1552 2165 1892 2236 egrediatur;
1932 2182 2030 2238 po-

470 2273 491 2307 ε
523 2264 725 2312 stremo
750 2264 834 2311 est
862 2256 1207 2327 participatio
1230 2266 1713 2314 sacramentorum.
1742 2276 1762 2309 ι

533 2437 695 2494 ΒΑιε.
735 2436 983 2495 Praesens
1020 2438 1237 2509 quidem
1278 2449 1520 2506 sanctus,
1550 2441 1836 2498 declaratis
1871 2442 2031 2513 quin-

464 2544 573 2599 que
600 2530 736 2586 locis
757 2544 947 2586 eorum
969 2531 1063 2600 qui
1094 2540 1264 2600 agunt
1286 2532 1679 2601 paenitentiam,
1717 2549 1818 2590 nec
1837 2549 2026 2590 eorum

464 2619 717 2674 exercitii
761 2629 1005 2691 tempora
1050 2622 1364 2691 declaravit,
1398 2637 1500 2678 nec
1546 2632 1768 2694 peccata
1813 2634 2031 2696 propter

465 2727 592 2782 qua:
624 2713 947 2783 poenitentia
974 2714 1195 2771 deﬁnita
1229 2723 1335 2773 est.
1393 2716 1618 2788 Magnus
1657 2728 1837 2775 autem
1881 2718 2033 2776 Basi-

468 2802 599 2870 lius,
631 2804 688 2859 in
726 2806 842 2862 suis
873 2808 1155 2863 canonicis
1184 2808 1451 2877 epistolis,
1481 2811 1595 2865 haec
1616 2810 1799 2867 omnia
1843 2824 2033 2870 exacte

469 2894 711 2951 tradidit.
760 2895 962 2954 Verum
1025 2898 1115 2954 hic
1162 2915 1379 2971 quoque
1429 2916 1714 2973 poenarum
1766 2905 2031 2963 medelam

468 2987 764 3060 episcopali
798 2991 1022 3047 arbitrio
1062 2991 1296 3063 reliquit.

2143 1912 2163 1945 ‹
2205 1893 2334 1958 σθω,
2376 1895 2468 1948 καὶ
2506 1894 2579 1965 μὴ
2601 1894 2866 1959 ἀξιούσθω
2889 1895 3214 1966 προσευχῆς.
3250 1894 3312 1947 Ἡ
3353 1893 3409 1947 δὲ
3449 1893 3691 1947 ὑπόπτω-

2142 2004 2159 2037 ι
2201 2002 2303 2049 σις,
2347 1984 2465 2051 ἴνα,
2512 1984 2709 2037 ἔσωθεν
2740 1983 2841 2053 τῆς
2887 1982 3060 2054 πύλης
3088 1982 3182 2036 τοῦ
3211 1981 3343 2036 ναοῦ
3390 1980 3689 2051 ἱστάμενος,

2142 2096 2160 2129 ι
2201 2076 2340 2148 μετά
2377 2076 2484 2131 τῶν
2514 2077 2934 2148 κατηχουμένων
2977 2076 3283 2148 ἐξέρχηται.
3323 2075 3389 2127 Ἦ
3419 2074 3689 2136 σύστασις,

2141 2188 2159 2221 ι
2199 2170 2287 2224 ἵνα
2339 2171 2651 2223 συνιστᾶται
2696 2171 2806 2233 τοῖς
2854 2171 3065 2234 πιστοῖς
3091 2207 3106 2232 ,
3141 2166 3233 2221 καὶ
3284 2166 3358 2238 μὴ
3411 2165 3691 2237 ἐξέρχηται

2141 2283 2160 2316 ι
2203 2265 2340 2336 μετά
2387 2264 2494 2318 τῶν
2544 2262 2992 2334 κατηχουμένων·
3038 2262 3345 2315 τελευταῖον
3392 2262 3428 2330 ἡ
3491 2256 3691 2330 μέθεξις

2138 2372 2158 2406 ι
2196 2354 2305 2409 τῶν
2333 2352 2708 2424 ἁγιασμάτων.
2742 2371 2760 2405 ι

2206 2446 2400 2501 ΒΑΛΣ.
2449 2446 2508 2499 Ὁ
2545 2446 2641 2517 μὲν
2676 2442 2863 2516 παρὼν
2896 2443 3079 2511 ἅγιος,
3112 2441 3272 2495 πέντε
3306 2440 3509 2502 τόπους
3542 2454 3689 2508 μετα-

2135 2536 2397 2590 νοούντων
2428 2532 2803 2599 ὑποτυπώσας,
2846 2532 2906 2586 οὐ
2945 2531 3297 2604 παρεδήλωσε
3319 2530 3448 2592 τοὺς
3481 2528 3688 2599 καιροὺς

2136 2627 2234 2696 τῆς
2260 2624 2519 2696 ἐργασίας
2546 2621 2747 2687 αὐτῶν,
2779 2621 2903 2676 οὔτε
2932 2622 3036 2694 μὴν
3062 2621 3129 2675 τὰ
3164 2620 3542 2690 ἁμαρτήματα
3577 2617 3638 2669 δι’
3656 2616 3689 2669 ἀ

2139 2719 2173 2789 ή
2206 2717 2459 2787 μετάνοια
2495 2714 2726 2787 ὡρίσθη.
2770 2714 2827 2768 ὐ
2862 2713 2917 2766 δὲ
2960 2712 3129 2784 μέγας
3168 2709 3449 2772 Βασίλειος
3485 2710 3545 2761 ὲν
3581 2707 3686 2767 ταῖς

2138 2809 2447 2872 κανονικαῖς
2486 2806 2792 2869 ἐπιστολαῖς
2814 2804 2999 2879 αὑτοῦ
3037 2803 3208 2857 ταῦτα
3241 2800 3383 2872 μετά
3417 2798 3687 2870 ἀκριϐείας

2138 2900 2442 2973 παρέδωκε.
2466 2898 2611 2970 Πλὴν
2646 2899 2739 2953 καὶ
2780 2891 2932 2961 οὗτος
2957 2897 3038 2960 εἰς
3071 2894 3170 2966 τὴν
3196 2892 3563 2964 ὲπισκοπικὴν
3589 2889 3689 2943 διὰ·

2139 3010 2319 3066 κρισιν
2358 2992 2459 3064 τὴν
2490 2991 2578 3046 διὰ
2609 2991 2717 3045 τῶν
2749 2990 3038 3062 ἐπιτιμίων
3061 2986 3352 3060 θεραπείαν
3377 2987 3685 3058 ἀνήρτησεν.
