3876 6508
202 333 343 390 1055

1200 337 1264 392 IN
1289 335 1650 392 OlllGENEM
1695 335 1952 392 ORATIO
1981 334 2433 391 PANECYRICA.

3306 332 3444 389 1054

196 447 322 504 οὔτε
360 449 457 503 καὶ
496 450 956 522 ἑκμανθανόμενοι
1002 452 1397 524 ἀταλαιπωρως
1418 470 1430 482 ·
1477 452 1627 516 ὄντες
1673 453 1766 524 μὲν

1877 467 1995 506 rum
2047 453 2354 521 sapientum
2386 463 2698 505 nostrorum
2750 432 2937 521 lcges,’
2956 451 3160 522 quibus
3197 451 3443 506 omnium

198 543 354 595 αὐτοὶ
401 543 553 612 σοφοί
598 560 658 596 τε
702 544 796 597 καὶ
839 545 1088 614 ἀκριϐεῖς
1139 546 1252 618 (41)
1281 547 1374 599 καὶ
1408 545 1639 598 ποικίλοι
1683 547 1775 598 καὶ

199 633 525 703 θαυμαστοὶ,
577 635 672 687 καὶ
713 634 984 688 συνελόντι
1031 637 1226 699 εἰπεῖν,
1287 634 1770 706 Ἑλληνικώτατον

199 727 306 793 ὲκφ
315 726 601 796 ρασθέντες
619 725 674 779 δὲ
695 726 790 778 καὶ
806 727 1196 796 παραδοθέντες
1207 730 1273 799 τῇ
1303 727 1586 798 Ῥωμαίων
1600 728 1772 796 φωνῇ,

199 815 615 886 καταπληκτικῇ
672 818 769 887 μὲν
815 819 908 870 καὶ
951 818 1190 882 ἀλαζόνι,
1239 819 1332 871 καὶ
1375 816 1773 888 συσχηματιζο-

199 907 344 979 μένη
371 910 436 978 τῇ
464 907 678 979 ἐξουσία
700 911 766 980 τῇ
805 909 1075 980 βασιλικῇ,
1103 912 1333 981 φορτικῇ
1367 909 1421 961 δὲ
1442 909 1590 979 ὅμως
1615 907 1736 977 ἐμοί
1757 924 1770 936 ⁸

196 1000 262 1052 οὐ
297 999 402 1071 μὴν
429 999 600 1063 ἄλλως
634 1017 748 1063 πως
779 999 902 1053 οὐτε
927 1000 1150 1054 δυνατὸν
1179 996 1268 1072 ἦν,
1303 1002 1352 1052 εἰ
1386 1001 1480 1052 καὶ
1519 997 1774 1069 βουλητὸν

195 1089 342 1145 εἷναί
374 1108 464 1162 μοι
495 1091 698 1161 εἴποιμ’
721 1091 785 1144 ἄν
816 1109 946 1145 ποτε
973 1092 1104 1164 (42).
1145 1091 1361 1162 Ἐπειδὴ
1392 1091 1446 1144 δὲ
1470 1091 1622 1144 οὐδὲν
1661 1090 1775 1142 ἕτε-

199 1199 298 1253 ρον
327 1182 360 1254 ἦ
391 1183 595 1245 εἰκόνες
621 1183 766 1247 τινές
798 1185 903 1236 εἰσι
931 1184 1038 1237 τῶν
1068 1185 1167 1255 τῆς
1204 1184 1380 1255 ψυχῆς
1410 1184 1565 1254 ἡμῶν
1595 1183 1772 1254 παθη-

199 1276 392 1345 μάτων
417 1277 468 1328 αἱ
500 1273 670 1339 λέξεις
697 1275 872 1346 ήμῶνο
899 1278 1012 1339 τοῖς
1044 1277 1142 1346 μὲν
1172 1276 1414 1339 δυνατοῖς
1443 1276 1636 1341 εἰπεῖν,
1667 1273 1775 1327 ῶσ-

194 1384 309 1438 περ
333 1367 473 1419 τισὶν
497 1367 722 1435 ἀγαθοῖς
749 1367 1077 1439 ζωγράφοις,
1108 1369 1200 1420 κα)⁹
1225 1367 1391 1440 τέχνῃ
1419 1367 1516 1436 μὲν
1543 1367 1623 1418 ὅτι
1648 1382 1771 1436 τεχ-

191 1456 536 1520 νικωτάτοις,
573 1456 847 1520 πλουσίοις
882 1457 938 1512 δὲ
972 1459 1066 1512 καὶ
1091 1461 1156 1528 τῇ
1186 1457 1293 1511 τῶν
1319 1456 1623 1528 χρωμάτων
1649 1454 1770 1527 ὐλῃ,

190 1551 298 1620 οὐχ
324 1549 515 1620 ὁμοίας
540 1549 717 1620 μόνον,
735 1549 869 1604 ἀλλά
893 1552 987 1604 καὶ
1010 1551 1280 1614 ποικίλας,
1307 1551 1400 1603 καὶ
1425 1547 1772 1620 περικαλλεῖς

190 1640 276 1712 τῷ
313 1639 602 1711 πολυμιγεῖ
647 1640 756 1694 τῶν
789 1641 986 1707 ἀνθῶν,
1020 1643 1250 1713 γράφειν
1289 1641 1488 1708 ἐξεῖναι
1533 1641 1644 1712 (45)
1673 1641 1772 1703 τάς

188 1733 420 1804 γραφάς
467 1731 607 1785 κατά
661 1732 824 1803 μηδὲν
880 1733 1346 1805 ὲμποδιζομένοις,
1404 1733 1767 1804 ὁμολογήσαι-

188 1839 321 1893 μεν.

1877 545 2146 612 nuncqui
2191 543 2558 596 Romanorum
2607 543 2832 611 imperio
2879 552 3092 612 parent,
3133 557 3220 597 res
3249 541 3446 612 guber-

1875 644 2106 698 nantur;
2139 651 2260 704 qua:
2295 635 2512 703 quidem
2551 650 2724 703 neque
2752 635 3081 700 conduntur,
3120 649 3295 704 neque
3325 649 3448 704 per-

1875 730 2148 798 cipiuntur
2199 729 2318 782 sine
2370 729 2556 783 lahore
2609 744 2672 785 ac
2727 729 2996 782 molestia.
3061 725 3128 780 Et
3177 728 3447 798 sapientes

1872 821 2091 888 quidem
2141 819 2264 885 illaz,
2298 831 2674 888 accuratchue
2723 829 2852 874 sunt
2894 829 2948 874 et
2989 821 3152 873 variae
3189 831 3242 874 et
3271 822 3446 890 suspi-

1875 912 2102 976 ciendze,
2132 920 2318 979 atque,
2361 918 2420 964 ut
2455 927 2567 964 uno
2601 911 2764 964 verbo
2814 911 3012 974 dicam,
3057 904 3444 976 Gimcissimaz;

1875 1012 2128 1059 caeterum
2164 1001 2411 1056 Romano
2439 1002 2692 1072 expositzn
2716 1001 3031 1070 traditaeque
3055 1015 3327 1066 sermone,
3355 1002 3447 1054 ad-

1875 1095 2110 1150 mirabili
2138 1109 2270 1148 sane
2293 1103 2457 1163 atque
2486 1093 2773 1162 magniﬁco
2797 1102 2849 1146 et
2872 1094 2936 1145 ad
2962 1092 3171 1160 imperii
3195 1092 3449 1159 majesta-

1875 1196 1981 1241 tem
2032 1185 2405 1250 coniormato,
2460 1186 2552 1240 sed
2606 1186 2738 1240 mihi
2787 1183 2935 1255 gravi
2983 1183 3337 1237 nihilominus
3385 1198 3450 1236 ac

1873 1278 2075 1333 diilicili
2103 1297 2116 1331 :
2146 1293 2252 1331 non
2295 1277 2438 1331 enim
2470 1278 2626 1330 aliter
2667 1279 2867 1330 sentire
2893 1283 2986 1328 aut
3014 1289 3173 1344 posse
3199 1283 3293 1326 aut
3314 1271 3449 1325 velle

1875 1386 1960 1424 me
1985 1385 2225 1439 unquam
2255 1369 2507 1422 dixerim.
2543 1369 2677 1422 Cum
2731 1378 2909 1421 autem
2966 1366 3112 1420 aliud
3159 1365 3294 1418 nihil
3342 1364 3448 1418 sint

1874 1476 2036 1516 voces
2067 1469 2288 1523 nostrae,
2340 1475 2504 1530 quam
2539 1460 2804 1528 imagines
2853 1459 3096 1527 quzedam
3135 1457 3302 1509 animi
3346 1470 3447 1507 no-

1872 1553 1970 1608 stri
1997 1563 2353 1622 conceptuum
2403 1566 2467 1604 ac
2515 1551 2825 1613 notionum;
2880 1551 2946 1603 iis
2976 1549 3192 1618 quidem
3227 1548 3319 1616 qui
3363 1547 3446 1600 di-

1872 1645 2028 1699 cendi
2058 1643 2315 1698 facultate
2339 1646 2553 1710 valent,
2605 1651 2863 1711 tanquam
2895 1642 3193 1710 pictoribus
3221 1640 3442 1710 quihus-

1871 1735 1998 1788 dam
2037 1743 2091 1788 et
2129 1743 2244 1788 arte
2277 1732 2644 1802 peritissimis,
2687 1742 2741 1786 et
2775 1732 3019 1786 colorum
3061 1731 3212 1800 copia
3244 1731 3446 1782 instru-

1800 1815 1841 1868 Β
1872 1825 2168 1891 ctissimis,
2219 1840 2328 1878 non
2373 1824 2580 1878 similes
2622 1823 2816 1889 modo,
2861 1823 2953 1876 sed
2998 1823 3201 1876 variam
3245 1823 3403 1877 etiam
3431 1865 3445 1886 ,

186 1926 245 1970 et
288 1917 360 1971 ad
403 1920 638 1988 speciem
679 1919 869 1976 crebra
912 1918 1110 1974 ﬂorum
1159 1920 1488 1976 admistione
1529 1921 1927 1992 pulcherrimas
1987 1921 2211 1992 pingere
2259 1921 2423 1976 licere
2478 1922 2597 1975 sine
2643 1920 2753 1974 ullo
2814 1920 3228 1990 impedimento,
3283 1921 3449 1972 conti-

184 2009 419 2064 tendum
449 2023 553 2067 est.

267 2105 342 2156 B'.
383 2105 570 2175 Ἡμεῖς
605 2106 682 2171 δὲ,
703 2101 793 2161 οἷά
818 2125 960 2172 τινες
982 2107 1134 2172 ὄντες
1162 2111 1414 2181 πένητες,
1442 2112 1773 2184 ἀποροῦντες

186 2198 304 2250 τῶν
351 2199 609 2254 ποικίλων
643 2199 847 2254 τούτων
875 2201 1200 2272 φαρμάκων,
1229 2205 1324 2256 καὶ
1354 2205 1472 2274 ἦτοι
1498 2204 1618 2257 οὐδὲ
1643 2222 1774 2274 κτη-

185 2290 421 2359 σάμενοι
452 2288 689 2354 πώποτε,
725 2291 756 2361 ἢ
789 2293 882 2344 καὶ
914 2292 1353 2364 ἀποϐεϐληκότες
1398 2295 1547 2359 ἴσως,
1581 2290 1670 2350 οἷα
1712 2295 1773 2360 ea

181 2380 482 2451 ἀνθράκων
511 2381 683 2451 μόνων
712 2383 744 2454 ἢ
781 2383 1062 2454 ὀστράκων
1090 2384 1224 2456 (44),
1243 2385 1350 2438 τῶν
1378 2387 1623 2456 συνήθων
1649 2387 1773 2440 τού-

181 2489 299 2525 των
333 2474 429 2526 καὶ
455 2474 645 2526 κοινῶν
687 2475 964 2546 ὀνομάτων
995 2478 1087 2530 καὶ
1127 2479 1406 2550 ῥημάτων,
1437 2480 1579 2532 κατά
1607 2479 1770 2533 δύνα-

187 2581 286 2634 μιν
337 2564 436 2635 τὴν
479 2567 772 2636 ἡμετέραν,
807 2567 878 2620 τά
924 2570 1256 2640 πρωτότυπα
1297 2571 1404 2624 τῶν
1447 2573 1545 2642 τῆς
1593 2571 1770 2643 ψυχῆς

184 2656 352 2726 ἡμῶν
388 2657 496 2711 τῶν
537 2659 872 2729 παθημάτων
921 2663 1039 2724 ταῖς
1072 2664 1206 2732 ἡμῖν
1239 2663 1491 2732 εὐπόροις
1527 2665 1771 2737 ὑπογρά-

183 2765 387 2818 φοντες
432 2755 634 2820 φωναῖς
668 2754 1114 2826 ἀπομιμούμεθα,
1153 2757 1464 2826 ὑποφαίνειν
1504 2760 1630 2822 τούς
1673 2777 1770 2828 χα-

184 2843 477 2914 ρακτῆρας
504 2844 611 2899 τῶν
634 2847 734 2917 τῆς
753 2847 932 2919 ψυχῆς
958 2849 1163 2916 τύπων,
1191 2853 1239 2903 εί
1275 2853 1368 2904 καὶ
1393 2852 1467 2922 μὴ
1498 2855 1766 2926 ἐναργεῖς,

182 2933 333 3004 μηδὲ
369 2935 935 3009 κεκαλλωπισμένους,
968 2941 1082 2993 ἀλλ’
1103 2941 1177 3003 ὼς
1209 2943 1266 2995 ὲν
1306 2943 1770 3018 ἀνθρακογραφίᾳ

179 3024 324 3093 γοῦν
355 3025 706 3098 πειρώμενοι,
742 3031 791 3082 εί
834 3029 933 3099 μέν
959 3048 1012 3082 τι
1040 3031 1136 3084 καὶ
1174 3033 1376 3095 εὐειδὲς
1416 3036 1508 3088 καὶ
1535 3034 1770 3104 εὐγλωτ-

177 3135 280 3170 τον
329 3119 547 3190 ἀπαντᾷ
595 3120 778 3184 ποθεν,
828 3123 1203 3194 ἀσπασάμενοι
1259 3125 1449 3195 ἡδέως.
1500 3129 1621 3181 ἐπεὶ
1675 3129 1769 3183 καὶ

178 3211 692 3282 περιφρονήσαντες
725 3212 856 3283 (45).
904 3213 1060 3268 Ἀλλά
1101 3213 1210 3288 γὰρ
1261 3217 1325 3269 ὲκ
1367 3219 1565 3288 τρίτων
1611 3215 1767 3284 αὖθις

177 3299 366 3364 ἄλλως
397 3300 509 3373 (46)
541 3303 739 3356 κωλύει
771 3321 830 3357 τε
877 3306 972 3358 καὶ
999 3307 1320 3378 ἀποτρέπει,
1349 3310 1442 3362 καὶ
1477 3311 1609 3364 πολὺ
1656 3311 1765 3364 τῶν

1941 2110 2006 2166 ll.
2044 2109 2155 2167 Nos
2185 2129 2338 2175 vero,
2376 2111 2532 2181 quasi
2563 2126 2827 2181 pauperes
2862 2109 3104 2178 quidam,
3149 2108 3314 2162 variis
3343 2107 3449 2160 hu-

1867 2205 2109 2275 jusmodi
2137 2205 2279 2260 fucis
2312 2215 2580 2268 carentes,
2609 2214 2662 2258 et
2701 2203 2792 2273 qui
2824 2204 2904 2256 vel
2937 2217 3214 2269 nunquam
3247 2216 3343 2254 eos
3392 2201 3446 2256 iu

1871 2302 2139 2365 potestate
2168 2302 2354 2348 nostra
2387 2293 2760 2354 habuerimus,
2789 2294 2868 2346 vel
2901 2309 2994 2346 eos
3030 2290 3263 2345 fortasse
3295 2291 3446 2358 ahje-

1871 2388 2138 2450 cerimus,
2185 2395 2441 2454 tanquam
2490 2385 2622 2440 solis
2667 2385 2995 2438 carbonibus
3047 2392 3140 2436 aut
3196 2382 3444 2444 testulis,

1871 2478 1976 2532 hoc
2010 2484 2093 2531 est
2120 2475 2336 2530 usitatis
2365 2474 2857 2541 communibusque
2889 2471 3202 2526 nominibus
3230 2487 3294 2524 ac
3328 2488 3446 2524 ver-

1870 2569 1976 2631 bis,
2007 2569 2181 2638 prima
2213 2568 2383 2622 animi
2426 2567 2595 2621 nostri
2651 2581 2832 2629 sensa,
2881 2565 2949 2618 iis
2995 2580 3115 2632 quae
3154 2574 3447 2631 suppetunt

1870 2661 2096 2716 vocibus
2157 2660 2506 2729 depingentes
2561 2658 2899 2728 eﬂingimus;
2968 2664 3216 2726 typnrum
3279 2655 3447 2708 animi

1869 2749 2235 2808 characteres,
2271 2746 2316 2802 si
2352 2762 2458 2800 non
2489 2746 2668 2800 claros
2695 2761 2791 2800 nec
2817 2746 2882 2798 ad
2917 2745 3150 2813 speciem
3196 2754 3447 2808 ornatos,

1868 2850 1924 2896 at
1952 2851 2099 2896 certe
2132 2841 2590 2910 quemadmodum
2646 2841 2698 2893 in
2747 2840 3043 2894 carbonum
3082 2838 3290 2907 pictura
3330 2837 3446 2890 ﬁeri

1868 2936 2028 3002 solet,
2065 2951 2289 3006 quoquo
2318 2935 2481 2989 modo
2510 2944 2898 3002 repraesentare
2919 2941 3178 2987 conantes
3203 2949 3218 2985 :
3245 2932 3288 2985 si
3316 2930 3449 2998 quid

1867 3041 1998 3081 vero
2027 3027 2236 3094 uspiam
2264 3033 2553 3080 venustum
2583 3039 2646 3077 ac
2673 3023 2934 3076 disertum
2963 3038 3020 3075 se
3045 3021 3256 3082 oll‘erat,
3275 3021 3450 3074 liben-

1868 3128 1951 3173 ter
1975 3119 2303 3187 accipimus;
2333 3118 2418 3172 sin
2447 3117 2651 3180 minus,
2680 3116 2842 3170 etiam
2869 3115 3213 3186 negligimus.
3243 3112 3444 3168 Verum

1866 3220 1921 3266 et
1945 3210 2162 3266 tertium
2189 3209 2446 3278 quiddam
2479 3223 2694 3264 rursum
2730 3207 2875 3261 aliud
2906 3217 3008 3270 est,
3033 3207 3176 3275 quod
3221 3206 3448 3274 impedit

1867 3309 1920 3355 et
1948 3311 2158 3364 avocat,
2186 3311 2240 3354 et
2266 3299 2438 3353 multo
2471 3299 2645 3368 magis
2667 3313 2830 3367 quam
2877 3304 3069 3351 eaatera
3101 3313 3200 3352 nos
3229 3289 3452 3358 retinet,

177 3391 365 3444 ἄλλων
407 3392 594 3464 ἐπέχει
644 3393 843 3465 μᾶλλον
897 3398 991 3449 κα)⁸
1045 3398 1272 3468 ἡσυχίαν
1329 3401 1482 3467 ἄγειν
1523 3401 1763 3472 ἀτεχνῶς

1874 3393 2189 3460 silentioque
2222 3392 2297 3444 uti
2325 3391 2514 3460 jubet,
2561 3397 2945 3459 argumentum
2990 3403 3182 3456 nempe
3227 3387 3442 3456 ipsum;

175 3485 534 3556 προστάττει,
581 3487 614 3557 ἡ
665 3487 922 3551 ὑπόθεσις
965 3489 1136 3558 αὐτη·
1169 3486 1347 3562 ἧσπερ
1385 3492 1546 3546 ’ἑνεκα
1586 3494 1762 3563 λέγειν

179 3574 578 3648 προεθυμήθην
607 3578 724 3648 μὲν,
762 3579 936 3649 μέλλω
971 3580 1029 3632 δὲ
1059 3583 1152 3634 καὶ
1175 3582 1336 3636 όκνῶ.
1365 3583 1498 3655 Περὶ
1525 3584 1635 3655 γὰρ
1668 3587 1762 3639 ἀν-

174 3669 309 3740 δρὸς
333 3667 646 3738 διανοοῦμαί
669 3685 724 3721 τι
741 3669 938 3738 λέγειν,
957 3673 1284 3743 φαινομένου
1315 3675 1412 3744 μὲν
1437 3676 1530 3728 καὶ
1549 3676 1766 3730 δοκοῦν-

173 3776 277 3822 τος
309 3759 621 3832 ἀνθρώπου,
650 3759 713 3813 τὸ
743 3761 799 3814 δὲ
851 3762 984 3815 πολύ
1029 3764 1130 3832 τῆς
1161 3764 1327 3830 ἕξεως
1371 3769 1482 3829 τοῖς
1528 3768 1764 3840 καθορᾷν

173 3851 508 3924 δυναμένοις
537 3854 1018 3924 ἀπεσκευασμένου
1057 3855 1156 3926 ἤδη
1192 3857 1398 3928 μείζονι
1439 3866 1761 3934 παρασκευῇ

179 3945 641 4016 μεταναστάσεως
679 3946 792 4016 (47)
826 3947 928 4017 τῆς
953 3949 1088 4018 πρὸς
1117 3948 1179 4002 τὺ
1210 3948 1371 4004 θεῖον.
1411 3954 1483 4004 Οὐ
1491 3954 1550 4021 χῖ
1579 3954 1635 4006 δὲ
1669 3956 1762 4022 γέ-

173 4054 278 4101 νος
323 4037 446 4090 om
485 4036 794 4108 ἀνατροφὰς
849 4037 1101 4109 σώματος
1162 4041 1461 4096 ὲπαινέσων
1512 4043 1761 4114 ἔρχομαι,

174 4125 306 4183 εἶτα
333 4129 511 4199 μέλλω
526 4130 620 4184 καὶ
644 4129 1013 4202 ἀναϐάλλομαι
1043 4132 1136 4184 ὐπ’
1161 4133 1452 4197 εὐλαϐείας
1481 4137 1759 4206 περιττῆς·

170 4221 308 4275 οὐδέ
338 4237 401 4289 γε
440 4221 593 4291 ἰσχὺν
621 4221 654 4292 ἢ
688 4221 883 4285 κάλλος
901 4239 914 4253 ·
948 4223 1119 4276 ταῦτα
1147 4223 1210 4294 δὴ
1241 4223 1311 4276 τὰ
1331 4224 1440 4277 τῶν
1467 4225 1764 4296 μειρακίοιν

170 4311 459 4383 ἐγκώμια,
493 4307 569 4367 ὦν
597 4315 774 4384 ἥττων
809 4315 1031 4386 φροντὶς
1067 4316 1190 4368 κατ’
1233 4316 1391 4380 ἀξίαν
1430 4334 1492 4370 τε
1541 4319 1635 4372 καὶ
1668 4319 1762 4388 μὴ,

170 4407 514 4476 λεγομένων.
561 4406 908 4478 Πραγμάτων
933 4407 1042 4478 γὰρ
1069 4409 1128 4461 οὐ
1161 4408 1402 4480 μονίμων
1432 4410 1553 4462 οὐδὲ
1596 4409 1766 4463 ἑστώ-

170 4515 318 4563 των,
364 4497 736 4571 φθειρομένων
779 4497 838 4552 δὲ
883 4499 1141 4563 ποικίλως
1191 4502 1286 4554 καὶ
1331 4501 1566 4575 ταχέως,
1611 4501 1767 4571 λόγον

1861 3485 1928 3539 de
1959 3499 2069 3553 quo
2099 3484 2280 3537 dicere
2308 3481 2533 3535 avebam
2575 3480 2817 3549 quidem,
2865 3479 2960 3534 sed
3005 3480 3251 3533 cunctari
3298 3494 3444 3533 nunc

1863 3591 2050 3646 cogor,
2084 3583 2135 3629 et
2165 3575 2365 3629 haereo.
2399 3570 2475 3626 De
2507 3572 2622 3624 viro
2651 3571 2798 3625 enim
2840 3571 3022 3625 dicere
3068 3570 3301 3634 institui,
3347 3571 3440 3639 qui

1863 3667 2029 3722 homo
2058 3665 2275 3735 quidem
2304 3678 2425 3718 esse
2453 3661 2687 3727 videtur,
2710 3670 2765 3714 et
2795 3661 2918 3716 talis
2947 3670 3198 3730 apparet;
3227 3661 3292 3716 iis
3318 3677 3444 3715 vero

1863 3759 1957 3828 qui
2002 3757 2429 3828 magnitudinem
2472 3757 2592 3826 ejus
2637 3755 2859 3810 habitus
2915 3769 3199 3822 moresque
3242 3753 3441 3808 intueri

1863 3859 2112 3920 possunt,
2142 3849 2444 3917 majoribus
2489 3846 2816 3917 quibusdam
2859 3844 3193 3898 ornamentis
3239 3844 3443 3902 instru—

1864 3952 1984 3996 ctus
2008 3958 2072 3997 ac
2102 3957 2267 4012 pr0pe
2303 3939 2505 3995 divinis
2531 3939 2800 3992 videatur.
2836 3935 2948 3991 Nec
2988 3951 3118 3989 vero
3151 3950 3322 4004 genus
3349 3944 3444 3989 aut

1863 4036 2108 4105 corporis
2146 4034 2520 4090 educationem
2563 4031 2882 4088 laudaturus
2926 4029 3106 4093 venio,
3137 4037 3300 4098 atque
3345 4027 3445 4080 ho-

1865 4141 1986 4180 rum
2039 4139 2204 4179 causa
2251 4122 2496 4176 cunctari
2545 4137 2609 4175 ac
2656 4135 2843 4173 moras
2888 4128 3102 4173 nectere
3152 4133 3264 4187 prae
3298 4128 3441 4173 metu

1867 4215 2102 4285 incipio;
2147 4229 2246 4269 nec
2294 4213 2462 4266 robur
2514 4211 2736 4276 itidem,
2788 4216 2884 4264 aut
2936 4208 3437 4278 pulchritudinem;

1867 4302 1982 4358 haec
2035 4302 2182 4355 enim
2243 4316 2536 4370 puerorum
2587 4308 2716 4355 sunt
2759 4300 3042 4364 cncomia,
3087 4313 3208 4368 quae
3261 4309 3439 4352 utrum

1865 4406 1966 4463 pro
2007 4391 2267 4461 dignitate
2307 4392 2581 4459 dicantur,
2611 4407 2680 4447 an
2713 4408 2892 4460 secus,
2928 4391 3151 4450 minime
3187 4391 3444 4451 laboran-

1867 4483 2017 4537 dum.
2049 4482 2254 4536 lterum
2279 4481 2478 4554 quippe
2507 4498 2615 4537 non
2649 4483 2925 4542 stabilium
2970 4499 3071 4539 nec
3113 4499 3442 4554 permanent-

167 4723 289 4777 rite
326 4718 690 4775 concilientur
733 4718 848 4773 sive
889 4730 1292 4787 componantur.
1342 4717 1407 4772 Et
1450 4721 1766 4788 συγκεῖσθαι
1797 4729 1841 4783 Ι)
1867 4711 2000 4788 fit?"
2039 4708 2271 4788 {if-Villio"
2304 4704 2741 4788 νῖξωτΑροηοιιίί
2768 4705 3116 4788 ᾼιεῖἷθηίξῖίζιί
3165 4720 3438 4788 gnum"?-

168 4801 342 4847 ποιαί
377 4789 858 4862 siv_e_conspirare_:
889 4789 1010 4862 "Qu
1042 4788 1330 4862 σύγκεισθε
1374 4789 1574 4862 πάντες
1608 4791 1764 4862 ὑμεῖς

167 4864 265 4916 ἐπ’
298 4860 422 4932 ἐμέ.
452 4860 471 4914 1
497 4858 627 4932 Reg.
657 4874 794 4932 ult,
823 4859 876 4911 8.
913 4857 1030 4912 Huc
1065 4858 1192 4912 facit
1223 4861 1560 4932 ἀντικεῖσθαι
1595 4857 1764 4932 oppo-

169 4927 377 4992 situm,
413 4938 466 4984 et
501 4928 850 4982 συνίστασθαι
883 4944 1242 4998 synonymon.
1270 4927 1502 4984 BENGEL.

249 5001 372 5074 (4t)
416 4998 720 5074 Ἀκριϐεῖς.
750 4998 873 5074 Ger.
905 4998 1158 5074 _Vossius,
1185 4999 1452 5074 εὐσεϐεῖς.

247 5065 373 5140 (42)
409 5072 477 5142 ει
517 5065 1020 5142 καισβουληζᾴν...
1054 5067 1219 5142 xozé.
1255 5067 1628 5142 llmschelius,
1668 5065 1758 5142 ἦν,

165 5135 305 5200 οὔτε
341 5139 602 5212 βουλητὸν
632 5135 959 5212 εἶναιηενίβ
991 5139 1270 5212 particula:
1304 5139 1432 5212 ποτέ
1472 5157 1580 5194 non
1617 5135 1763 5196 reci-

168 5215 258 5270 dit
289 5205 352 5266 in'
378 5205 794 5280 afﬂatuusedin
828 5205 1086 5280 βουλητὸν
1111 5205 1270 5280 εἶναι.
1304 5208 1535 5280 Beatam,

250 5274 838 5352 (45)-Ἐξὲῖναιηϐρνζ
870 5274 1117 5352 V_os'sius,
1159 5274 1317 5333 εἶναι.
1355 5279 1476 5334 Mox
1505 5278 1764 5335 llteschc-

168 5346 316 5417 lius,
348 5346 439 5404 οἶά
471 5368 612 5414 τινες
642 5350 862 5413 πάντες.
895 5347 1100 5403 ΒειΑιι.

250 5422 371 5493 (44)
417 5421 809 5488 Ἀνθρὰκων...
839 5418 877 5487 ἢ
908 5418 1238 5487 ὀστράκων.
1266 5419 1437 5493 Carbo
1464 5435 1563 5490 pro
1583 5419 1762 5475 colore

166 5491 359 5550 hodie
389 5506 608 5572 quoque
641 5500 975 5572 usurpatur;
1011 5499 1143 5572 testa
1168 5505 1266 5572 pro
1304 5491 1491 5544 charta
1506 5501 1758 5572 .veteres,

166 5557 543 5647 pauperiores
583 5570 748 5647 certe,
776 5557 856 5647 uti
896 5557 1468 5647 solebantfpiogenes
1506 5557 1757 5647 Laertius

170 5627 230 5691 in
297 5627 592 5687 Cleanthe:
625 5627 823 5682 Τοῦτόν
857 5646 1020 5698 φασιν
1069 5631 1148 5692 είς
1205 5627 1444 5699 ὄστρακα
1494 5632 1588 5682 καὶ
1621 5629 1758 5698 βοῶν

168 5701 520 5775 ὠμοπλάτας
542 5700 772 5775 γράφειν
795 5739 809 5762 ,
846 5700 987 5775 ἅπερ
1014 5699 1210 5775 ἦκουεν
1253 5700 1346 5775 ἀπ’
1378 5699 1758 5775 αὐτοϐΖήχω-

171 5767 297 5838 νός,
332 5771 536 5844 ἀπορίᾳ
556 5767 860 5842 ’κερμάτων
887 5767 1370 5842 ὣστέὼνήσασθαι
1403 5767 1624 5838 χαρτία.
1641 5767 1727 5824 Ῥει
1747 5800 1760 5811 ι

1871 4781 2003 4832 tici:
2041 4771 2303 4830 Τοσοῦτον
2347 4776 2405 4828 δὲ
2445 4771 2531 4846 ἦν
2557 4776 2724 4846 πένης
2769 4778 2798 4828 ό
2855 4771 3354 4846 Ἀπολλώνιος,γὼς
3383 4778 3441 4829 ἐν

1869 4849 2122 4920 ὀστράκῳ
2151 4847 2382 4920 γράφειν
2420 4845 2488 4897 τὰ
2525 4845 2720 4920 ἑαυτοῦ
2779 4845 3216 4920 συγγράμματα,
3245 4845 3336 4899 διὰ
3380 4847 3440 4898 τὸ

1871 4919 1948 4990 μὴ
1969 4914 2233 4989 ἐὐπορεῖν
2262 4916 2468 4990 χάρτας
2497 4914 2782 4986 πρίασθαι.
2806 4914 3036 4990 Beatam.

1938 4983 2051 5060 (45)
2099 4983 2595 5054 Ἆσπάσᾶμενοιζ..
2627 4983 3200 5060 περιερέξοτνιήσαντες.Δ
3232 4984 3436 5060 Locum

1867 5054 2118 5114 mutilum
2151 5065 2303 5127 putat
2337 5070 2576 5127 nuperus
2609 5054 3151 5127 editorParisiensis.
3175 5056 3244 5110 At
3284 5057 3434 5110 illiilli

1868 5125 2166 5199 integritati
2197 5142 2310 5181 sum
2337 5126 2696 5199 restituimus,
2727 5125 2968 5199 adhibita
2999 5127 3438 5194 interpunctione

1867 5196 2192 5269 Benéeliana
2220 5207 2274 5251 et
2301 5197 2570 5269 recensita
2597 5196 2870 5269 versione.

1938 5263 2048 5340 (4‘6)
2087 5271 2332 5340 Ἄλλως.
2363 5265 2724 5340 llceschelius,
3049 5263 3253 5340 Locum
3299 5266 3436 5340 inte-

1864 5335 2139 5411 grunrsic
2173 5339 2414 5411 arbitron
2449 5336 2730 5411 legendum
2763 5355 2776 5388 :
2813 5335 3108 5411 Ἀλλριγάρ
3154 5337 3212 5411 ἓν
3254 5337 3436 5407 τρίτον

1861 5405 2020 5474 ater;
2059 5409 2234 5470 ἄλλως
2275 5405 2492 5460 κωλύει.
2520 5406 2792 5461 Daunus.
2823 5438 2890 5447 —
2925 5405 3299 5461 llwsc‘helium'
3344 5423 3432 5461 se-

1862 5481 2051 5552 quitur
2073 5479 2382 5552 Bengclius,
2409 5488 2570 5552 atque
2598 5477 2892 5552 itavertit:
2933 5477 3035 5552 Sed
3064 5494 3298 5544 rursum,
3329 5487 3433 5529 ler-

1861 5548 1937 5606 εἷο
1960 5551 2094 5617 loco,
2123 5549 2273 5602 aliud
2298 5560 2374 5602 est
2407 5551 2544 5618 quod
2571 5548 2805 5616 prohibet
2833 5559 2883 5601 et
2915 5550 3196 5602 absterret.

1935 5622 2048 5693 (47)
2086 5617 2616 5693 Μεταναστάσεως.
2655 5619 2748 5674 Sic
2797 5619 3102 5691 Bengelius.
3163 5617 3427 5685 Vossius,

1869 5691 1984 5768 μετ’
2011 5691 2377 5752 ἀναστάσεως.
