3876 6494
470 314 611 373 1055

1607 315 1665 375 S.
1708 317 2034 376 GREGOllll
2075 317 2581 380 Til:\UMATL'-RGI

3590 339 3717 398 1038

469 431 605 484 tium
632 428 727 484 sed
757 429 1191 501 corruptibilium
1221 432 1498 502 variisque
1521 436 1698 490 modis
1725 447 1778 491 et
1809 437 1917 492 cito
1953 453 2015 507 pe

2149 441 2416 494 ποιεῖσθαί
2461 459 2583 496 τινα
2632 443 2950 514 σεμνοειδῶς
2994 447 3087 500 καὶ
3125 447 3468 521 ἀξιοπρεπῶς
3517 451 3584 524 δὴ
3609 460 3716 521 ταῖς

467 519 747 574 reuntium
780 520 1069 587 rationem,
1104 529 1362 592 tanquam
1394 522 1447 576 in
1481 538 1538 578 re
1579 525 1728 594 gravi
1759 540 1824 581 ac
1864 527 2047 596 digna,

468 607 906 678 pertimescendo
929 617 1024 662 aut
1057 608 1523 680 subterfugiendo,
1559 609 1812 681 frigidum
1843 611 2050 666 scilicet

468 710 534 752 ac
571 697 728 753 futile
761 698 1079 754 videretur:
1112 700 1248 754 mihi
1290 709 1437 755 certe
1480 701 1526 755 si
1567 702 1695 771 quid
1735 702 1928 756 borum
1980 704 2048 758 ad

466 789 763 846 dicendum
794 793 1144 871 propositum
1182 801 1347 859 esset,
1376 795 1648 849 inutilium
1694 804 1748 851 et
1780 797 2044 863 inanium,

468 893 524 937 et
552 884 736 954 qualia
767 901 1046 954 nunquam
1075 885 1255 941 dicere
1290 887 1631 943 instituerem
1654 905 1668 954 ;
1695 889 1742 944 si
1773 889 1922 960 quid,
1963 890 2045 943 in-

467 986 653 1042 quam,
685 974 818 1027 mihi
852 975 1189 1044 propositum
1218 974 1360 1032 ess‘bt
1389 979 1678 1047 ejusmodi,
1720 995 1818 1034 nec
1856 978 2044 1034 formi-

465 1065 650 1119 dinem
683 1065 846 1119 ullam
881 1066 1104 1122 haberet
1136 1069 1333 1133 oratio,
1363 1085 1463 1124 nec
1484 1081 1775 1137 vereretur,
1811 1089 1878 1126 ne
1911 1074 2042 1142 quid

464 1153 681 1224 uspiam
711 1154 898 1210 dicens
925 1155 1068 1211 infra
1085 1157 1401 1229 dignitatem
1429 1162 1608 1232 eloqui
1639 1162 2042 1219 viderer.Nunc

461 1259 595 1302 vero
641 1247 786 1316 quod
835 1247 889 1302 in
935 1264 1000 1304 co
1048 1262 1132 1305 est
1179 1251 1265 1306 vel
1304 1267 1471 1322 prope
1513 1255 1778 1317 divinum,
1809 1256 1891 1310 vel
1931 1254 2041 1310 Deo

461 1352 626 1408 quam
658 1340 1017 1409 simillimum,
1064 1342 1339 1398 inclusum
1386 1347 1605 1416 quidem
1647 1347 1757 1403 hoc
1797 1359 2040 1418 aspecta-

461 1431 556 1486 bili
590 1446 655 1488 ac
685 1434 924 1498 mortali,
957 1434 1050 1489 sed
1079 1437 1146 1490 ad
1180 1436 1274 1493 Dei
1311 1440 1719 1495 similitudinem
1752 1443 2038 1500 studiosis-

461 1523 602 1579 sime
642 1525 981 1581 contendens
1012 1545 1024 1581 :
1063 1529 1226 1599 hujus
1268 1545 1368 1601 ego
1409 1533 1739 1588 mentionem
1775 1533 1952 1591 facere
1984 1546 2038 1590 et

458 1626 547 1668 res
591 1613 830 1683 majores
881 1615 1146 1687 attingere
1193 1633 1429 1688 parans,
1485 1619 1706 1692 Deoque
1751 1633 2034 1696 propterea

458 1703 661 1771 gratias
689 1718 870 1774 agere,
903 1709 1049 1776 quod
1077 1709 1224 1765 hunc
1264 1711 1397 1765 mihi
1428 1713 1603 1766 virum
1631 1715 1873 1770 nancisci
1902 1731 2028 1771 con-

2150 529 2460 598 ἀναϐολαῖς,
2492 530 2566 602 μὴ
2581 533 2674 585 καὶ
2703 533 2910 605 ψυχρὸν
2938 535 2971 606 ἢ
3003 536 3277 610 πὲρπερον
3367 539 3499 612 (48)⁶
3531 546 3632 599 οὐκ
3660 550 3715 602 ἄν

2151 639 2242 693 μοι
2263 621 2464 678 τούτων
2489 623 2646 696 εἴπερ
2672 641 2723 677 τι
2758 625 2935 694 λέγειν
2967 629 3272 699 προῦκειτο,
3309 634 3595 706 ἀχρήστων
3628 640 3715 708 μὲν

2147 710 2314 766 ὄντων
2339 716 2433 768 καὶ
2463 717 2728 786 ματαίων,
2753 719 2845 773 καὶ
2871 721 2996 774 οἴων
3027 723 3126 776 οὐκ
3150 725 3215 777 ἀν
3244 743 3370 779 ποτε
3400 727 3543 783 ἑκὼν
3566 732 3716 802 πρού-

2147 803 2319 877 θέμην
2368 806 2565 876 λέγειν’
2597 811 2666 893 ,οὖ
2704 812 2813 883 μὴν
2858 812 2973 866 ἀλλ’
3008 815 3164 888 εἴπερ
3212 819 3502 889 προῦκειτό
3531 823 3641 893 (49)
3669 843 3712 880 τι

2146 894 2404 962 τοιοῦτον,
2428 897 2537 950 οὐδ’
2564 892 2706 968 εἶχεν
2739 899 2805 954 ἂν
2828 901 3111 956 εὐλάϐειαν
3139 907 3167 958 ὁ
3193 906 3365 976 λόγος,
3399 911 3524 964 οὐδὲ
3545 892 3709 985 ἀφρον-

2145 985 2283 1051 τίδα,
2323 989 2395 1059 μή
2431 990 2505 1060 πή
2536 1007 2585 1042 τι
2615 990 2808 1061 λέγων,
2853 994 3031 1063 ἥττων
3073 996 3173 1067 τῆς
3217 997 3369 1062 ἀξίας
3404 1003 3708 1074 φαινοίμην.

2143 1076 2275 1129 Νυνὶ
2301 1077 2357 1129 δὲ
2385 1079 2413 1131 ὅ
2452 1097 2502 1132 τι
2535 1080 2928 1138 θεοειδέστατον
2961 1085 3146 1151 αὑτοῦ,
3193 1091 3284 1142 καὶ
3309 1092 3445 1164 ὅπερ
3487 1096 3546 1146 ἐν
3574 1095 3711 1168 αὐτῷ

2145 1171 2400 1238 συγγενὲς
2441 1170 2499 1224 ὃν
2539 1175 2794 1244 τυγχάνει
2829 1176 2966 1247 Θεῷ,
3002 1180 3458 1253 ἐγκαθειργμένον
3503 1187 3604 1256 μὲν
3644 1189 3709 1258 τῷ

2142 1260 2449 1331 φαινομένῳ
2502 1263 2593 1316 καὶ
2641 1264 2819 1336 θνητῷ
2865 1267 3022 1337 τῷδε,
3079 1271 3162 1323 ὅτι
3201 1271 3256 1324 δὲ
3310 1273 3707 1342 φιλοπονώτατα

2140 1349 2517 1421 ἐξομοιοῦσθαι
2547 1354 2657 1425 (50)
2693 1357 3011 1428 βιαζόμενον
3053 1363 3129 1432 τῷ
3175 1364 3320 1435 (θεῷ’
3352 1367 3547 1421 τούτου
3582 1389 3705 1440 μνη-

2143 1443 2390 1513 μονεύων
2436 1447 2528 1498 καὶ
2578 1449 2914 1517 ὲφάπτεσθαί
2961 1471 3077 1516 πως
3127 1455 3330 1525 μέλλων
3375 1463 3706 1531 πραγμάτων

2141 1532 2420 1603 μειζόνων,
2464 1538 2554 1590 καί
2579 1555 2721 1603 τινος
2750 1540 2834 1595 διὰ
2859 1543 3051 1597 τούτου
3079 1546 3173 1598 καὶ
3200 1547 3300 1618 τῆς
3329 1551 3408 1613 εἰς
3449 1552 3511 1604 τὸ
3562 1552 3704 1606 Θεῖον

2136 1625 2502 1696 εὐχαριστίας,
2539 1629 2618 1682 ὅτι
2650 1647 2738 1700 μοι
2785 1636 3124 1706 συγκυρῆσαι
3161 1639 3383 1711 τοιούτῳ
3415 1641 3704 1716 δεδώρηται

2133 1716 2288 1803 ἀνδρὶ
2337 1718 2486 1790 παρά
2540 1721 2719 1775 πᾶσάν
2771 1739 2836 1790 γε
2883 1723 2982 1795 τὴν
3035 1726 3334 1798 ἀνθρώπων
3388 1733 3704 1803 προσδοκίαν

456 1805 672 1847 cessum
713 1794 806 1860 sit,
855 1811 1020 1866 supra
1053 1813 1269 1854 omnem
1315 1801 1596 1856 hominum
1645 1805 2017 1875 cogitatione"

2135 1801 2242 1854 τῶν
2270 1821 2327 1855 τε
2369 1804 2541 1859 ἄλλων
2575 1808 2668 1860 καὶ
2703 1809 2800 1880 τὴν
2829 1810 2962 1881 ἐμοῦ
2993 1814 3176 1880 αὐτοῦ,
3225 1818 3346 1871 οὔτε
3374 1821 3701 1893 προθεμένου

456 1892 619 1952 atque
665 1891 1165 1957 exspectationem,
1218 1902 1331 1946 tum
1375 1894 1640 1960 aliorum,
1691 1905 1805 1951 tum
1855 1915 2030 1954 meam

453 1983 638 2041 certe,
684 1979 778 2047 qui
827 1994 927 2036 nec
978 1983 1103 2036 talia
1137 1999 1376 2052 unquam
1419 1986 1551 2040 mihi
1592 1989 1892 2057 proposui,
1931 2004 2032 2047 nec

454 2080 589 2121 sane
616 2070 860 2139 speravi;
910 2086 1036 2127 cum
1083 2074 1216 2140 haec,
1266 2077 1510 2147 inquam,
1556 2094 1757 2149 parvus
1795 2090 1849 2136 et
1880 2084 2029 2138 nullo

453 2155 672 2227 ingenio
719 2163 978 2228 praeditus
1007 2167 1310 2236 aggrediar,
1354 2184 1464 2223 non
1498 2170 1768 2229 immerito
1803 2184 2030 2230 cunctor

452 2263 517 2302 ac
550 2249 736 2317 timeo,
793 2262 848 2307 et
885 2256 1045 2311 silere
1092 2274 1315 2327 prorsus
1362 2262 1528 2317 malo.
1575 2261 1641 2318 Et
1693 2281 1821 2320 vero
1869 2267 2028 2322 silere

449 2339 588 2394 mibi
632 2343 968 2401 tutissimum
1005 2350 1308 2417 videbatur,
1357 2369 1421 2408 ne
1458 2357 1752 2425 gratiarum
1797 2360 2027 2416 actionis

448 2441 736 2501 pratextu,
771 2440 1033 2509 praecipiti
1065 2441 1250 2497 forsan
1284 2444 1540 2502 facilitate
1569 2450 1635 2503 de
1658 2451 1913 2519 gravibus
1939 2469 2027 2508 sa-

447 2525 666 2595 crisque
694 2529 920 2586 minime
948 2534 1157 2603 gravia,
1195 2537 1288 2591 sed
1318 2537 1543 2593 humilia
1588 2549 1750 2610 atque
1795 2543 2025 2612 protrita

447 2611 700 2680 dicendo,
745 2631 853 2671 uon
900 2621 1076 2674 solum
1118 2623 1402 2679 veritatem
1454 2642 1563 2680 non
1607 2611 1887 2698 assequar,
1929 2630 2024 2685 sed

446 2705 650 2775 aliquid
675 2708 838 2764 etiam
863 2712 930 2766 de
955 2727 1041 2779 ea,
1071 2717 1215 2784 quod
1247 2717 1300 2770 in
1330 2733 1418 2772 me
1443 2731 1546 2782 est,
1576 2719 1857 2775 detraham
1880 2723 2022 2792 apud

445 2811 561 2862 eos,
593 2798 687 2868 qui
729 2815 842 2854 rem
885 2802 965 2858 sic
1007 2819 1065 2859 se
1106 2805 1306 2862 habere
1337 2808 1590 2876 credent,
1636 2826 1762 2865 cum
1806 2812 2021 2868 infirma

447 2888 626 2943 oratio
669 2895 1057 2949 contumeliam
1097 2899 1281 2967 potius
1327 2898 1593 2967 inferens,
1645 2918 1809 2972 quam
1857 2920 2020 2974 opera

445 2978 703 3038 facultate
727 2985 1040 3057 adaequatis,
1070 2990 1372 3062 efﬁngetur.
1409 2995 1479 3048 At
1514 3004 1606 3049 tua
1639 2996 1858 3066 quidem
1901 3013 2020 3052 om-

443 3075 535 3128 nia
584 3091 686 3131 nec
733 3079 905 3132 minui
934 3092 1187 3150 possunt,
1237 3099 1335 3139 nec
1379 3087 1763 3142 contumeliam
1803 3089 1939 3158 pati,
1981 3105 2018 3144 ο

441 3165 670 3222 charum
701 3178 895 3240 caput;
933 3173 1017 3227 vel
1055 3173 1239 3229 divina
1272 3177 1471 3244 potius,
1502 3192 1623 3246 qua:
1663 3179 1718 3232 in
1764 3194 1824 3234 se
1862 3179 2014 3250 ipsis,

442 3259 626 3325 qualia
657 3271 803 3327 sunt,
840 3263 1065 3318 immota
1096 3277 1432 3335 permanent,
1461 3269 1704 3339 nihilque
1733 3271 1802 3326 ab
1826 3271 2015 3327 humili

439 3359 496 3405 et
515 3351 735 3423 indigna
766 3357 1013 3410 oratione
1044 3367 1229 3413 nostra
1266 3359 1678 3416 labefactentur.
1721 3360 1832 3418 Nos
1863 3377 2012 3429 vero,

441 3443 628 3498 nescio
662 3459 772 3513 quo
801 3457 958 3516 pacto
984 3450 1222 3505 audaciae
1250 3452 1676 3522 temeritatisque
1703 3465 1888 3508 notam
1915 3455 2012 3509 de-

439 3533 642 3590 clinare
669 3540 966 3606 possimus,
1001 3543 1093 3610 qui
1123 3558 1232 3612 prae
1281 3545 1548 3611 amentia,
1581 3547 1729 3601 tenui
1776 3555 1831 3600 et
1862 3549 2014 3618 inge-

440 3625 534 3680 nio
572 3634 627 3680 et
669 3639 928 3697 apparatu
981 3647 1068 3686 res
1110 3649 1333 3703 magnas
1375 3651 1439 3690 ac
1489 3647 1706 3705 captum
1762 3647 2011 3693 nostrum

438 3717 763 3775 excedentes
811 3722 1142 3778 adoriamur.
1187 3725 1342 3792 Quod
1387 3727 1433 3781 si
1478 3728 1604 3783 alibi
1655 3727 1910 3797 fortasse,
1958 3739 2012 3786 et

440 3809 586 3878 apud
622 3810 781 3875 alios,
823 3812 1002 3867 simile
1034 3815 1312 3884 quidpiam
1338 3817 1565 3886 juvenili
1605 3819 1867 3888 jactantia
1897 3835 2012 3876 cm-

437 3899 730 3969 pissemus,
747 3903 983 3959 audaces
1011 3905 1198 3974 utique
1220 3921 1285 3961 ac
1308 3908 1646 3978 praatidentes
1668 3909 2005 3979 videremur;

437 3991 534 4047 sed
565 3999 744 4048 tamen
776 3993 1124 4064 impudentiae
1146 3997 1434 4053 tribuenda
1461 4001 1738 4057 temeritas
1777 4017 1887 4058 non
1921 4017 2009 4058 es-

435 4095 538 4148 set,
572 4085 716 4154 quod
742 4101 851 4141 non
884 4103 1070 4144 coram
1107 4099 1160 4144 te
1196 4091 1323 4145 talia
1351 4091 1698 4149 auderemus.
1725 4089 1881 4148 Nunc
1909 4109 2008 4148 au-

434 4182 543 4229 tem
573 4192 789 4232 omnem
813 4181 1064 4235 amentiae
1094 4181 1315 4236 modum
1344 4183 1712 4252 implebimus,
1757 4193 1852 4239 aut
1890 4185 2004 4256 jam

433 4265 597 4322 etiam
630 4269 996 4340 implevimus,
1023 4274 1117 4343 qui
1162 4275 1347 4341 illotis,
1389 4277 1538 4346 quod
1575 4277 1747 4342 aiunt,
1776 4278 2003 4347 pedibus

431 4358 498 4413 ad
540 4373 702 4415 aures
733 4361 960 4417 introire
1004 4365 1124 4419 ausi
1174 4381 1396 4431 sumus,
1434 4367 1490 4421 in
1516 4367 1715 4437 quibus
1757 4369 2001 4423 divinum

430 4451 611 4522 ipsum
642 4452 901 4520 Verbum,
929 4471 1038 4512 non
1063 4459 1240 4525 tectis,
1277 4467 1338 4513 ut
1366 4460 1508 4528 apud
1535 4460 1682 4530 vulgi
1721 4461 2000 4516 hominum
2033 4482 2078 4536 ι)

426 4557 624 4608 aures,
680 4545 908 4615 pedibus
954 4556 1211 4619 tanquam
1263 4549 1366 4604 sub
1418 4551 1618 4607 crassis
1673 4552 2000 4621 quibusdam

428 4634 893 4706 acnigmaticarum
931 4647 1306 4711 tectarumque
1349 4656 1544 4696 vocum
1592 4643 1852 4712 pellibus,
1906 4647 2001 4700 sed

428 4729 613 4796 nudis,
645 4739 704 4785 ut
748 4731 893 4790 dicat
937 4734 1211 4803 quispiam
1237 4774 1253 4800 ,
1300 4734 1651 4792 manifestum
1702 4746 1755 4792 et
1794 4739 2002 4808 perspi.

503 4861 616 4933 (48)
647 4862 744 4939 Mil
781 4864 880 4918 καὶ
928 4866 1170 4939 ψυχρὸν
1213 4866 1250 4935 ἢ
1303 4866 1598 4939 πέρπεξρον
1634 4861 1694 4937 ᾗ.
1729 4867 1818 4939 Μή
1860 4868 2003 4939 valet

425 4942 485 5016 ιιι
533 4949 638 4986 non
685 4935 861 5017 dicam
890 4953 908 4990 :
939 4938 1039 5017 ubi
1089 4939 1140 4991 id
1189 4939 1334 5007 quod
1384 4938 1562 5017 majus
1618 4935 1700 4992 εει
1745 4935 2001 5017 quodque

428 5003 609 5078 ipsum
649 5003 917 5078 afﬁrmare
957 5003 1288 5075 poteramus,
1315 5003 1650 5078 omittimus,
1681 5017 1740 5061 ut
1762 5003 1822 5078 id
1853 5003 1999 5078 quod

427 5073 614 5149 minus
641 5083 746 5139 est,
766 5073 1118 5149 affirmemus.
1138 5077 1450 5149 Περπερεία
1473 5078 1738 5132 Clementi
1763 5073 2002 5134 Aleian-

428 5143 590 5221 drino
619 5152 704 5199 est
727 5145 1132 5221 ξαλλωπισμρς,
1163 5143 1545 5221 περιττότητος
1575 5149 1670 5221 καὶ
1712 5149 2000 5221 ἀρχαιότη-

426 5229 518 5277 τος
559 5212 1025 5288 ἔχωνᾷἕμφασινξ
1051 5212 1249 5273 Petrus
1295 5212 1696 5272 Alexandrinus
1745 5212 1996 5288 iti'episi.

427 5298 551 5358 ean.
587 5283 1013 5358 i_0,_de'clericis
1047 5288 1190 5341 ultro
1218 5289 1284 5342 ad
1322 5288 1638 5358 martyrium
1670 5283 1996 5344 ruentibus:

429 5353 559 5406 Ὅτε
583 5353 642 5430 65
670 5355 901 5430 ἔπαισαν
929 5356 1013 5430 ὡς*
1045 5358 1111 5430 ἀν
1143 5353 1663 5430 περπερευσάμενοι.
1701 5358 1798 5430 Ubi
1829 5359 2000 5430 Zona-

428 5438 562 5500 ras;
596 5425 933 5500 Περπερείαν
971 5427 1015 5482 δ’
1050 5425 1280 5500 ἐνταῦθα
1322 5425 1420 5500 τὴν
1463 5425 1778 5500 ἀλαζονείαν
1821 5429 1995 5484 καλεῖ.

428 5491 840 5566 verbum'illud
888 5512 998 5566 quo
1036 5506 1092 5552 et
1139 5491 1463 5554 Sirmondus
1516 5491 1998 5556 etillliodomanus

429 5562 514 5620 usi
533 5573 702 5638 _sunt,
735 5562 921 5636 futile;
944 5568 1071 5622 huic
1115 5568 1235 5624 loco
1283 5569 1465 5622 minus
1509 5585 1672 5638 quam
1714 5570 1836 5624 aliis
1866 5587 1997 5624 cou-

467 5633 575 5710 ruit
610 5650 623 5684 ι
654 5633 869 5710 mallem
905 5639 1151 5692 insolens.
1179 5639 1294 5710 βοά
1323 5640 1497 5710 ipsum
1523 5633 1794 5710 perperum
1829 5640 1996 5695 etiam

467 5650 575 5687 ruit
610 5650 623 5684 :
654 5650 868 5699 mallem
905 5650 1151 5692 insciens.
1189 5650 1294 5693 seu
1323 5655 1497 5708 ipsum
1523 5656 1794 5710 perperam
1829 5650 1995 5695 etiam

427 5650 678 5782 Eatiyum
709 5716 812 5761 est.
837 5706 1067 5782 Benest.
1086 5739 1155 5748 —
1177 5709 1501 5782 l‘lesychium
1529 5711 1750 5765 consule
1772 5726 1824 5764 v.
1858 5711 1995 5782 Περ-

431 5776 572 5848 περᾷ
604 5785 654 5831 et
689 5779 1115 5850 περπερεύεται,
1160 5776 1342 5854 ibique
1388 5780 1640 5836 adnotata
1675 5782 1741 5836 cl.
1788 5776 1994 5838 Aiberti

2133 1895 2263 1947 ποτὲ
2291 1894 2414 1950 οὔτε
2443 1899 2537 1950 καὶ
2562 1899 2899 1966 ἐλπίσαντοςο
2935 1905 3188 1962 τοιούτων
3219 1911 3556 1980 ἐφάπτεσθαι
3590 1918 3703 1988 μὲλ-

2131 1985 2256 2053 λων,
2313 1990 2508 2061 μικρὸς
2557 1990 2631 2044 ὢν
2676 1994 2768 2047 καὶ
2799 1995 2959 2060 ἄνους
3007 1999 3299 2067 παντελῶς,
3331 2005 3432 2057 οὐκ
3476 2008 3700 2078 εὐλόγως

2130 2076 2429 2149 ἀναδύομαι
2457 2097 2515 2132 τε
2544 2082 2638 2134 καὶ
2675 2083 2820 2138 ὀκνῶ
2862 2089 2955 2140 καὶ
2997 2091 3139 2144 ἑκὼν
3173 2089 3310 2147 εἶναι
3358 2099 3571 2152 σιωπῶ.
3599 2101 3697 2165 Καὶ

2130 2166 2263 2236 δῆτα
2287 2167 2386 2238 τὴν
2413 2171 2636 2240 ἡσυχίαν
2676 2173 2829 2241 ἄγειν
2867 2177 3106 2246 ἀσφαλές
3155 2200 3242 2250 μοι
3295 2189 3695 2255 καταφαίνεται,

2134 2257 2205 2328 μή
2232 2277 2305 2330 πη
2338 2264 2605 2332 προφάσει
2635 2266 2733 2336 μὲν
2769 2270 3134 2339 εὐχαριστίας,
3165 2273 3271 2329 ὑπὸ
3293 2274 3348 2327 δὲ
3379 2281 3696 2348 προπετείας

2131 2347 2259 2412 ἴσως
2308 2351 2437 2422 περὶ
2484 2355 2694 2424 σεμνῶν
2727 2357 2821 2410 καὶ
2851 2357 3010 2428 ἱερῶν
3053 2359 3266 2431 ἄσεμνά
3288 2379 3349 2414 τε
3391 2347 3490 2418 καὶ
3517 2367 3695 2437 εὐτελῆ

2129 2439 2224 2492 καὶ
2260 2457 2619 2518 καταπεπατη
2629 2447 2765 2516 μένα
2801 2449 3012 2514 διεξιὼν
3031 2491 3045 2515 ,
3072 2453 3133 2504 οὐ
3171 2453 3330 2523 μόνον
3352 2456 3454 2510 οὐκ
3475 2458 3695 2527 ἐφικνῶ-

2131 2548 2226 2599 μαι
2259 2531 2361 2600 τῆς
2389 2533 2664 2604 ἀληθείας,
2715 2538 2848 2592 ἀλλά
2883 2541 2976 2593 καὶ¹
3006 2541 3254 2614 καθαιρῶ
3301 2563 3384 2612 τι,
3417 2548 3482 2601 τό
3524 2566 3589 2617 γε
3619 2552 3691 2602 ἐπ’

2125 2622 2266 2693 ἐμοὶ,
2298 2626 2448 2695 παρά
2476 2630 2590 2691 τοῖς
2630 2627 2802 2693 οὕτως
2849 2630 2991 2701 ἔχειν
3031 2637 3396 2702 πιστεύουσιν,
3433 2639 3511 2702 ὡς
3547 2641 3692 2694 ἀσθε-

2125 2712 2220 2783 νὴς
2248 2713 2322 2767 ῶν
2354 2717 2381 2768 ὁ
2409 2716 2581 2786 λόγος,
2619 2722 2982 2793 περιυϐρίζων
3017 2727 3233 2796 μᾶλλον,
3259 2730 3404 2801 ἢπερ
3433 2731 3692 2804 ἐξομοιού-

2127 2822 2286 2876 μενος
2313 2810 2424 2871 τοῖς
2447 2809 2625 2880 ἔργοις
2653 2815 2717 2884 τῇ
2751 2813 3004 2885 δυνάμει,
3041 2819 3482 2876 ύποτυπώσεται.
3513 2825 3690 2878 Καίτοι

2122 2898 2190 2950 τά
2245 2899 2346 2968 μὲν
2393 2901 2460 2954 σὰ
2505 2903 2843 2976 ἀκαθαίρετα
2885 2909 2975 2961 καὶ
3019 2910 3336 2981 ἀνύϐριστα,
3376 2907 3425 2966 ὧ
3456 2915 3582 2986 φίλη
3611 2933 3689 2970 κε·

2124 2985 2289 3058 φαλὴ,
2315 2991 2409 3042 καὶ
2442 2992 2574 3046 πολὺ
2613 2995 2810 3064 μᾶλλον
2847 2997 2915 3052 τὰ
2942 2999 3058 3052 θεῖα
3095 3001 3322 3070 μένοντα
3347 3005 3436 3074 ἐφ’
3473 3006 3686 3072 ἑαυτῶν,

2120 3076 2196 3140 ὡς
2239 3076 2386 3148 ἔχει,
2425 3081 2722 3148 ἀσάλευτα,
2766 3087 2916 3140 οὐδὲν
2960 3089 3299 3162 βλαπτόμενα
3336 3095 3446 3148 ὑπὸ
3474 3096 3582 3149 τῶν
3607 3116 3686 3167 μι-

2119 3169 2268 3256 κρῶν
2314 3173 2407 3226 καὶ
2452 3175 2681 3239 ἀναξίων
2722 3179 3002 3250 ἡμετέρων
3052 3181 3256 3250 λόγων·
3303 3187 3474 3256 ἡμεῖς
3509 3189 3563 3242 δὲ
3600 3192 3686 3242 οὐκ

2118 3255 2214 3314 οἷδ’
2246 3263 2392 3326 ὅπως
2423 3264 2521 3336 τὴν
2558 3266 2657 3330 τῆς
2687 3267 3021 3341 θρασύτητος
3051 3273 3144 3325 καὶ
3175 3255 3512 3344 προπετείας
3545 3280 3684 3346 δόξαν

2115 3351 2535 3424 διαφευξόμεθα,
2568 3357 2999 3429 ἐπιπηδήσαντες
3033 3363 3125 3415 ὑπ’
3159 3365 3365 3433 ἀνοίας,
3398 3371 3582 3442 μικρῷ
3605 3375 3683 3425 καὶ

2114 3441 2190 3512 νῷ
2219 3443 2310 3496 καὶ
2338 3451 2680 3518 παρασκευῇ,
2737 3450 2990 3518 μεγάλοις
3054 3455 3149 3507 καὶ
3202 3457 3344 3528 ὑπὲρ
3379 3441 3533 3530 ἡμᾶς
3559 3441 3686 3526 ἴσως

2115 3534 2422 3605 πράγμασι.
2459 3538 2568 3590 Καὶ
2600 3541 2647 3592 εἰ
2695 3541 2792 3610 μὲν
2821 3541 3074 3613 ἀλλαχόθι
3121 3563 3222 3599 που
3265 3550 3362 3602 καὶ
3405 3553 3499 3604 ἐπ’
3528 3553 3683 3607 ἀλλων

2111 3628 2336 3681 τοιαῦτα
2378 3630 2834 3703 προεθυμήθημεν
2867 3638 3296 3704 νεανιεύσασθαι,
3338 3641 3567 3713 θρασεῖς
3596 3645 3682 3715 μὲν

2113 3721 2206 3773 καὶ
2238 3721 2408 3785 οὕτως
2431 3718 2571 3794 ἦμεν
2599 3727 2689 3778 καὶ
2716 3726 2973 3800 τολμηροί
2995 3748 3156 3795 τινες·
3183 3732 3242 3784 ού
3273 3733 3384 3804 μὴν
3407 3736 3528 3790 ἀλλ’
3547 3738 3683 3792 ἀναί-

2110 3811 2229 3866 δεια
2256 3813 2355 3884 τῆς
2383 3817 2715 3885 προπετείας
2739 3821 2909 3885 αίτία,
2941 3821 3017 3892 τῷ
3046 3823 3119 3894 μὴ
3151 3825 3244 3876 ἐπὶ
3277 3826 3361 3879 σοὶ
3389 3827 3506 3900 (51)
3526 3829 3681 3883 ταῦτα

2111 3901 2490 3973 θρασύνεσθαι.
2544 3907 2682 3961 Νυνὶ
2733 3909 2790 3964 δὲ
2849 3913 2956 3967 πᾶν
2997 3913 3056 3966 τὸ
3113 3915 3309 3986 μέτρον
3358 3919 3464 3990 τῆς
3511 3921 3680 3984 ἀνοίας

2109 3995 2515 4068 ἀποπλὴσομεν,
2552 3999 2584 4069 ἢ
2617 4002 2712 4054 καὶ
2747 4003 3142 4075 ἀπεπλὴσαμεν
3177 4008 3300 4078 ἥδη,
3335 4011 3680 4081 ἐπεμϐαίνειν

2106 4087 2471 4158 τολμήσαντες
2503 4091 2750 4156 ἀνίπτοις
2790 4098 2903 4159 τοῖς
2937 4098 3062 4150 ποσὶ
3099 4098 3277 4169 (τοῦτο
3299 4101 3366 4172 δὴ
3393 4102 3456 4156 τὺ
3486 4105 3574 4157 τοῦ
3602 4104 3681 4157 λόη

2106 4180 2226 4252 γου)
2275 4183 2492 4246 ἀκοαῖς,
2527 4179 2616 4248 αἷς
2649 4186 2807 4249 αὐτὸς
2830 4189 2858 4240 ὁ
2887 4188 3029 4252 θεῖος
3067 4190 3235 4259 Λόγος
3277 4193 3432 4246 οὐδὲν
3455 4196 3681 4248 ἐσκεπα-

2109 4273 2344 4342 σμένοις,
2376 4276 2450 4339 ὡς
2482 4280 2601 4341 ταῖς
2637 4279 2744 4332 τῶν
2773 4280 2982 4334 πολλῶν
3015 4282 3334 4354 ἀνθρώπων,
3367 4290 3484 4351 τοῖς
3509 4290 3677 4351 ποσὶν,

2104 4362 2296 4435 ὥσπερ
2329 4365 2432 4418 ὑπὸ
2459 4367 2679 4436 παχέων
2723 4371 2881 4423 τινῶν
2909 4371 3192 4442 δερμάτων
3221 4374 3330 4427 τῶν
3360 4377 3678 4447 αἰνιγματω-

2104 4455 2210 4509 δῶν
2259 4457 2353 4509 καὶ
2384 4459 2606 4528 ἀσαφῶν
2638 4460 2746 4532 (59.)
2777 4461 2994 4528 λέξεων,
3046 4464 3181 4522 ἀλλά
3204 4470 3434 4536 γυμνοῖς
3470 4469 3572 4538 (ὡς
3617 4469 3678 4523 ἂν

2106 4546 2250 4600 εἴποι
2279 4549 2405 4618 τις),
2443 4551 2619 4621 σαφὴς
2657 4554 2749 4606 καὶ
2785 4553 3050 4625 πρόδηλος
3081 4556 3402 4625 ἐμϐατεύων
3433 4561 3675 4630 ἐνεπιδη-

2106 4643 2213 4711 μεῖ·
2251 4643 2411 4712 ἡμεῖς
2447 4643 2503 4696 δὲ
2534 4644 2721 4716 ὥσπερ
2766 4645 2936 4717 ῥύπον
2968 4648 3000 4718 ἢ
3038 4648 3204 4719 πηλόν
3252 4667 3373 4703 τινα
3423 4653 3548 4716 τοὺς
3589 4655 3674 4706 άν-

2105 4732 2410 4806 θρωπίνόυς
2457 4735 2612 4806 ἡμῶν
2677 4737 2868 4806 λόγους
2921 4739 3175 4808 φέροντες
3225 4742 3514 4798 ἔπαντλείν
3567 4745 3674 4816 (BSt

2101 4877 2234 4924 tom.
2267 4869 2333 4932 ll,
2365 4885 2487 4939 pag.
2525 4871 2650 4926 945.

2679 4942 2967 5021 Bepgelius
2999 4959 3122 5000 cum
3147 4943 3478 5014 Hcescbelio,
3509 4946 3672 5021 προῦο

2098 5009 2275 5085 κειτο,
2445 5013 2689 5085 ἡντινοῦν
2721 5009 2866 5085 εἶχεν
2895 5015 2980 5069 ἄν.

2171 5081 2285 5152 (50)
2328 5081 2806 5158 ’ῌξομοιοῦρ-ᾂαιῖ
2825 5086 3072 5155 Amplius
3110 5087 3315 5158 aliquid
3355 5103 3552 5142 sonare
3587 5089 3669 5141 vi-

2099 5151 2260 5229 detur
2305 5151 2365 5204 τὸ
2403 5151 2800 5229 ἐξομοιοῦσθαι,
2836 5151 3120 5229 qua—piro
3163 5151 3470 5229 μιμεῖσθαι.
3498 5159 3670 5227 inquit

2100 5221 2410 5298 Qatakerus
2429 5221 2735 5298 ιιιΙξΑιιιοηἸ
2768 5221 2890 5294 pag.
2932 5226 3056 5298 36‘0.
3084 5221 3290 5298 Nempe
3318 5229 3547 5282 alterum
3575 5221 3668 5284 ’τιξ-

2098 5293 2269 5347 fertur
2302 5293 2369 5345 ad
2397 5293 2662 5357 habitum,
2687 5293 2914 5348 alterum
2944 5296 3010 5349 ad
3041 5293 3304 5356 actiones.
3331 5299 3561 5352 Bessan.

2170 5362 2446 5434 (51)7‘E:zl
2475 5364 2595 5417 σοί.
2624 5363 2856 5420 Prorsus
2909 5366 3190 5434 legendum
3235 5371 3328 5422 ἐπὶ
3375 5369 3468 5422 σοῦ
3501 5389 3513 5423 ;
3542 5385 3665 5424 nam

2097 5437 2261 5488 modo
2293 5433 2345 5486 in
2379 5435 2640 5488 antitheto
2669 5434 2802 5488 dixit
2826 5435 2911 5487 ἐπ’
2941 5436 3134 5494 ἄλλων.
3170 5437 3244 5493 In.

2193 5503 2282 5577 of?)
2325 5502 2609 5577 Ἀσαφῶν,
2632 5503 2760 5577 Ger.
2787 5505 3036 5577 Vossius,
3066 5509 3348 5577 ἀσφαλῶν.

2193 5561 2281 5642 Βὸδ
2310 5561 2594 5642 Φέροῖιτες
2618 5575 2956 5631 ἐπιιντλεῖν.
2988 5561 3530 5635 Ιάἰοιίὲιιιυεοιιοι-οιί
3565 5593 3664 5632 no-

2098 5652 2227 5720 ξιιόΔ
2250 5644 2532 5720 frequens.
2561 5645 2673 5720 -Sic
2715 5647 2854 5699 intra
2890 5647 3070 5720 φέρων
3108 5650 3349 5720 ἐπιδοίην
3369 5689 3384 5713 ,
3413 5651 3666 5720 φέροντες

2099 5713 3109 5792 ἀναθήσομεν,,φέρωνκατεστὴσατω
3163 5713 3342 5792 φέρων
3409 5713 3664 5792 παριδρυ-

2099 5785 2449 5859 σατο,⁷φὲρων
2478 5785 2822 5858 ἐμφυτεύσει,
2859 5785 3037 5861 φέρων
3069 5785 3406 5859 ἐγκατέθετο.
3429 5785 3658 5845 Βέιςοὲι..
