3876 6520
178 379 318 435 1057

1184 371 1252 427 IN
1292 367 1644 425 ORIGENEM
1673 364 1932 421 ORATIO
1970 361 2432 420 PANEGYBICA.

3298 359 3436 417 1058

173 493 554 567 ιτολμήσαμεν
602 493 793 556 ἀιιοαῖς
852 490 1012 545 Θείων
1072 491 1165 544 καὶ
1231 487 1489 558 καθαρῶν
1544 485 1751 540 ἀκούειν

1865 497 2027 537 cuum
2056 481 2313 536 incedens
2335 479 2651 536 obambulat
2684 497 2696 533 :
2731 487 2783 533 et
2811 493 2912 533 nos
2947 487 3124 532 autem
3151 475 3296 532 velut
3317 494 3440 534 sor-

175 586 631 659 μεμελετηκυίαις
677 584 887 654 φωνῶν.
929 582 1050 655 Ἆρ’
1079 577 1172 635 οὖν
1204 581 1419 652 ἀπόχρη
1451 579 1612 650 μέχρι
1638 575 1758 630 τού-

171 696 270 734 του
322 679 617 750 ἁμαρτεῖν-
676 676 768 730 καὶ
827 678 921 729 νῦν
975 675 1104 744 γοῦν
1149 663 1442 744 σωφρονεῖν
1491 668 1757 742 ἄρξασθαι

171 773 305 844 χρὴ,
343 770 538 842 μηκέτι
576 769 671 840 μὲν
710 769 1021 840 περαιτέρω
1066 766 1456 836 προδαίνοντας
1485 762 1562 833 τῷ
1592 761 1754 831 λόγῳ,

171 861 342 914 αὐτοῦ
385 861 441 914 δὲ
484 859 972 922 καταπαύσαντας,
1027 858 1327 928 ἐϐουλόμην
1362 856 1478 928 μέν.
1527 855 1600 907 Οὐ
1651 855 1756 924 μὴν

171 952 291 1006 ἀλλ’
327 951 473 1016 ἅπαξ
497 971 586 1022 μοι
609 951 992 1022 θρασυνομένῳ
1035 949 1234 1014 ἐξέστω
1278 949 1375 1018 τὴν
1405 945 1579 1000 αἰτίαν
1606 944 1756 1016 πρῶ·-

169 1061 266 1097 τον
315 1045 525 1106 εἰπεῖν,
581 1043 668 1110 ὐφ’
715 1039 783 1115 ἧς
828 1043 1086 1113 ἐπαρθεὶς
1135 1041 1225 1092 ἐπὶ
1273 1039 1456 1092 τοῦτον
1507 1033 1616 1109 ἦκα
1668 1035 1756 1089 τὸν

166 1136 385 1204 ἀγῶνα,
420 1133 471 1186 εί
502 1153 575 1205 πη
603 1135 694 1187 καὶ
742 1133 1037 1205 συγγνώμη
1063 1132 1268 1202 γένοιτό
1300 1147 1387 1201 μοι
1415 1130 1510 1200 τῆς
1556 1144 1757 1200 προπε-

167 1227 326 1292 τείας
356 1226 575 1298 ταύτης.

241 1413 318 1465 Γ’.
357 1413 534 1466 Δεινόν
585 1428 671 1482 μοι
715 1413 747 1482 ἡ
797 1408 1088 1480 ἀχαριστία
1133 1406 1555 1476 καταφαίνεται,
1587 1402 1756 1455 δεινὸν

165 1507 266 1558 καὶ
293 1504 593 1557 πάνδεινον.
624 1503 867 1556 Παθόντα
889 1505 996 1574 γάρ
1026 1519 1078 1554 τι
1111 1499 1288 1562 καλῶς
1307 1540 1320 1562 ,
1361 1497 1435 1568 μὴ
1470 1497 1563 1550 καὶ
1598 1497 1758 1566 ἀμεί-

165 1597 367 1650 ὕεσθαι
399 1595 710 1666 πειρᾶσθαι,
739 1599 785 1648 εί
823 1595 914 1648 καὶ
951 1595 1024 1665 μὴ
1060 1592 1234 1655 άλλως
1261 1591 1509 1654 δυνατὸν,
1540 1589 1757 1659 εὐχαρι-

168 1689 355 1750 στίαις
397 1687 526 1755 γοῦν
569 1688 687 1741 ταῖς
736 1686 822 1738 διὰ
858 1685 1052 1752 λόγων,
1097 1685 1128 1754 ἢ
1177 1683 1402 1752 ἀνοήτου
1456 1682 1629 1750 πάντη
1661 1679 1756 1731 καὶ

165 1779 502 1848 ἀναισθητου
542 1778 651 1830 τῶν
683 1777 1032 1849 εὐεργεσιῶν,
1066 1775 1099 1845 ἢ
1139 1775 1468 1844 ἀμνήμονος·
1508 1773 1613 1842 ὅτῳ
1644 1771 1753 1839 (54)

163 1869 225 1921 δὲ
255 1869 356 1920 καὶ
381 1867 651 1938 αἴσθησις,
678 1868 771 1920 καὶ
803 1867 1000 1935 γνῶσις
1030 1858 1104 1918 ὧν
1139 1864 1304 1917 ἔπαθε
1346 1862 1524 1917 καλῶν
1555 1877 1754 1932 προσε-

165 1960 365 2027 γένετο
387 1959 620 2029 πρῶτον,
652 1962 698 2012 εί
740 1959 814 2028 μὴ
849 1959 942 2010 καὶ
981 1957 1167 2026 μνήμη
1200 1953 1522 2018 διασώζεται
1555 1955 1635 2016 είς
1663 1953 1754 2006 τὸν

166 2052 370 2106 ἔπειτα
403 2051 614 2124 χρόνον,
677 2053 724 2104 εί
760 2051 834 2121 μὴ
886 2050 979 2104 καὶ
1027 2049 1285 2120 ἀναφέροι
1329 2048 1447 2101 τινὰ
1494 2047 1652 2118 χάριν
1679 2045 1755 2116 τῷ

166 2144 398 2215 ἄρξαντι
426 2162 530 2198 των
557 2143 794 2212 ἀγαθῶν,
829 2142 998 2213 ἀργὸς
1039 2136 1191 2203 οὗτος
1221 2142 1314 2194 καὶ
1342 2141 1632 2210 ἀχάριστος
1661 2140 1755 2192 καὶ

165 2238 400 2308 ἀσεϐὴς,
447 2236 840 2307 ἐξαμαρτάνων
893 2235 953 2286 οὐ
998 2231 1320 2300 συγγνωστὰ
1361 2232 1483 2284 οὐτε
1534 2231 1754 2302 μεγάλῳ

163 2325 294 2377 οὒτε
331 2324 530 2396 μικρῷο
558 2325 606 2376 εί
641 2323 738 2393 μὲν
787 2321 956 2392 μέγας
989 2321 1069 2384 τίς
1106 2323 1220 2374 ἐστι
1261 2323 1353 2374 καὶ
1404 2320 1750 2392 μεγαλόνους,

163 2419 270 2470 οὐκ
297 2417 404 2471 ἀνά
435 2417 608 2486 στόμα
635 2416 813 2486 φέρων
840 2415 934 2466 σὺν
969 2413 1120 2486 πάσῃ
1152 2413 1470 2484 εὐχαριστίᾳ
1499 2413 1593 2466 καὶ
1621 2414 1751 2482 τιμῇ

161 2509 268 2571 τὰς
324 2507 566 2578 μεγάλας
618 2507 782 2559 αὐτοῦ
830 2506 1168 2577 εὐεργεσίας·
1223 2508 1272 2558 εί
1318 2505 1372 2558 δὲ
1424 2505 1614 2576 μικρὸς
1661 2505 1754 2558 καὶ

164 2599 670 2670 εὐκαταφρόνητος,
713 2599 811 2651 οὐκ
857 2597 1109 2668 ἀνυμνῶν
1158 2597 1251 2650 καὶ
1295 2596 1555 2667 εὐφημῶν
1603 2596 1751 2668 πάσῃ

162 2695 232 2762 τῇ
265 2689 436 2744 αὐτοῦ
472 2691 696 2759 δυνάμει
743 2691 832 2742 τὸν
871 2691 931 2742 οὐ
985 2689 1233 2760 μεγάλων
1271 2689 1451 2758 μόνον,
1497 2688 1632 2742 ἀλλά
1659 2689 1753 2742 καὶ

167 2783 390 2854 μικρῶν
419 2781 730 2853 εὐεργέτην.
763 2783 888 2846 Τοῖς
935 2783 1034 2853 μὲν
1063 2779 1156 2836 οὖν
1193 2781 1400 2852 μείζοσι
1439 2782 1530 2834 καὶ
1577 2782 1754 2835 διαϐε-

165 2876 367 2947 ϐηκόσι
390 2874 609 2945 δυνάμει
637 2874 831 2944 ψυχῆς,
866 2869 950 2926 οἷα
980 2874 1042 2945 δὴ
1076 2877 1137 2927 ἐκ
1170 2874 1408 2939 πλείονος
1439 2875 1754 2946 περιουσίας

163 2968 262 3020 καὶ
321 2964 559 3036 μεγάλου
611 2964 875 3028 πλούτου,
931 2963 1149 3035 μείζους
1197 2965 1292 3018 καὶ
1342 2965 1753 3036 φιλοτιμοτέρας

163 3058 470 3126 ἀναγκαῖον
504 3056 806 3109 ἀποδιδόναι
853 3060 965 3121 τοῖς
1012 3057 1325 3128 εὐεργέταις
1358 3057 1458 3120 τὰς
1493 3058 1633 3110 κατὰ
1665 3057 1753 3110 δύ-

1859 575 1954 629 des
1979 588 2041 627 ac
2079 588 2294 628 caenum
2330 571 2628 642 quoddam,
2658 570 2906 625 mortalia
2927 569 3041 624 hazc
3066 569 3230 624 verba
3253 579 3438 625 nostra

1858 664 2090 727 inferre,
2143 673 2307 734 atque
2356 664 2410 718 in
2458 679 2620 719 aures
2663 663 2863 718 divinis
2906 661 3166 733 purisque
3211 663 3438 718 vocibus

1858 757 2141 812 audiendis
2182 766 2428 812 assuetas
2465 755 2751 811 infundere
2787 756 3072 810 audemus.
3128 753 3273 811 Satis
3307 770 3436 826 ergo

1858 853 1948 916 sit,
1989 851 2095 905 huc
2137 866 2312 920 usque
2353 866 2632 920 peccasse;
2672 850 2753 903 vel
2796 865 2942 904 nunc
2981 849 3196 903 tandem
3245 864 3438 920 sapere

1859 942 2224 1012 incipiendum
2277 951 2397 1007 est;
2448 958 2547 998 nec
2593 943 2839 996 oratione
2878 942 3094 1013 longius
3135 942 3433 1013 producta,

1857 1038 1947 1092 hic
1974 1038 2354 1095 desinendum.
2402 1037 2604 1092 Vellem
2651 1038 2938 1106 equidem;
2986 1053 3173 1091 verum
3211 1037 3438 1108 pudoris

1857 1131 1992 1184 fines
2016 1129 2183 1184 semel
2213 1144 2434 1200 egresso
2461 1130 2620 1185 liceat
2664 1144 2886 1184 causam
2919 1128 3073 1198 prius
3096 1119 3297 1208 diee're,
3327 1144 3437 1198 qua

1855 1221 2053 1276 ductus
2085 1221 2140 1275 in
2169 1231 2443 1276 certamen
2479 1222 2582 1276 hoc
2624 1222 2768 1287 veni,
2815 1223 2858 1277 si
2911 1236 3018 1291 qua
3067 1221 3201 1276 mihi
3248 1221 3435 1278 forsan

1857 1314 2176 1368 temeritatis
2211 1313 2372 1382 hujus
2405 1315 2559 1368 venia
2590 1315 2942 1368 concedatur.

1927 1405 2012 1460 lll.
2054 1405 2197 1460 Dura
2249 1407 2382 1460 mihi
2431 1407 2721 1477 gravisque
2763 1423 2882 1470 res,
2932 1408 3177 1479 ingratus
3220 1407 3437 1462 animus

1856 1499 2098 1564 videtur;
2143 1498 2353 1564 gravis,
2387 1497 2648 1568 inquam,
2694 1508 2745 1552 et
2796 1498 2975 1567 gravis
3022 1511 3433 1567 usquequaque.

1857 1587 1994 1643 Eum
2027 1590 2171 1642 enim
2216 1589 2308 1658 qui
2360 1587 2620 1642 beneficio
2671 1587 2896 1643 affectus
2945 1590 3037 1656 sit,
3066 1589 3110 1644 si
3138 1589 3298 1643 aliter
3325 1603 3435 1642 non

1856 1690 2054 1750 potest,
2083 1681 2306 1749 agendis
2348 1679 2538 1734 saltem
2571 1679 2739 1735 verbo
2782 1680 2970 1749 gratiis
2997 1680 3290 1749 rependere
3323 1694 3434 1733 non

1858 1770 2069 1836 conari,
2103 1755 2198 1823 aut
2219 1777 2399 1823 mente
2418 1771 2559 1842 capti
2583 1779 2636 1825 et
2659 1785 2879 1825 sensum
2907 1752 3296 1825 beneficiorum
3321 1785 3432 1824 non

1857 1861 2107 1916 habentis
2141 1867 2228 1916 est
2259 1861 2522 1926 hominis,
2556 1869 2650 1915 aut
2677 1861 3013 1916 immemoris
3041 1879 3054 1915 :
3084 1861 3172 1916 cui
3211 1876 3344 1916 vero
3381 1873 3436 1916 et

1855 1969 2050 2008 sensus
2078 1961 2133 2007 et
2158 1953 2399 2023 cognitio
2423 1964 2507 2008 est
2538 1953 2952 2019 beneficiorum,
2980 1954 3084 2009 nisi
3108 1954 3432 2008 memoriam

1855 2058 2139 2102 conservet
2175 2050 2230 2101 in
2265 2056 2565 2120 posterum,
2611 2049 2714 2103 nisi
2767 2050 2994 2119 gratiam
3045 2049 3207 2104 etiam
3250 2049 3435 2120 aliquo

1855 2141 2016 2194 modo
2052 2139 2254 2194 referat
2290 2117 2556 2193 bonorum
2598 2139 2828 2204 auctori,
2859 2140 3005 2193 iners
3032 2139 3121 2194 ille
3147 2149 3230 2194 est
3264 2149 3320 2194 et
3350 2140 3438 2194 in-

1856 2242 2042 2303 gratus
2069 2249 2132 2287 ac
2158 2233 2378 2302 impius,
2409 2232 2528 2301 ejus
2553 2231 2803 2287 criminis
2840 2247 2985 2298 reus,
3013 2233 3158 2303 quod
3190 2247 3289 2288 nec
3317 2247 3436 2287 ma-

1855 2340 2013 2395 gnus,
2063 2339 2164 2379 nec
2203 2339 2404 2393 parvus
2443 2324 2723 2391 ignoscat;
2760 2323 2957 2393 quippe
2988 2326 3104 2394 qui,
3133 2324 3178 2379 si
3213 2325 3433 2393 quidem

1855 2433 2084 2488 magnus
2113 2426 2274 2472 estet
2301 2416 2645 2486 magniﬁcus,
2687 2432 2883 2488 magna
2927 2417 3048 2486 ejus
3083 2416 3342 2472 beneficia
3375 2416 3434 2470 in

1855 2523 1967 2574 ore,
1996 2523 2120 2562 cum
2151 2508 2299 2561 omni
2336 2508 2632 2576 gratiarum
2659 2508 2873 2562 actione
2901 2517 3065 2578 atque
3091 2509 3300 2563 honore
3320 2523 3433 2563 non
3501 2491 3506 2497 ’

1853 2610 2034 2670 gerat;
2065 2600 2149 2655 sin
2193 2614 2394 2668 parvus
2437 2608 2492 2653 et
2534 2599 2902 2670 despicabilis,
2934 2613 3043 2654 non
3067 2600 3214 2653 omni
3249 2605 3434 2654 tamen

1855 2691 2034 2744 studio
2061 2689 2241 2743 laudet
2283 2704 2347 2744 ac
2375 2689 2633 2752 celebret,
2685 2705 2793 2744 non
2844 2706 3166 2758 magnorum
3198 2699 3433 2756 tantum,

1855 2785 1947 2840 sed
2007 2798 2298 2853 parvorum
2348 2783 2512 2836 etiam
2557 2798 2847 2838 munerum
2892 2783 3226 2854 largitorem.
3280 2782 3347 2838 Et
3402 2799 3435 2839 a

1854 2878 2066 2947 magnis
2114 2876 2331 2946 quidem
2384 2875 2661 2946 animique
2711 2873 2966 2930 facultate
3015 2877 3434 2944 praestantibus,

1852 2978 2110 3036 tanquam
2145 2981 2210 3020 ex
2245 2966 2452 3038 majore
2475 2983 2639 3037 opum
2671 2968 2826 3037 copia
2859 2970 3179 3038 magnisque
3201 2969 3432 3039 divitiis,

1854 3060 2091 3128 majores
2157 3069 2322 3128 atque
2374 3059 2701 3114 illustriores
2750 3059 3192 3115 benefactoribus
3243 3062 3434 3119 laudes

163 3167 331 3220 ναμιν
375 3147 670 3220 εὐφημίας·
705 3153 814 3213 τοῖς
846 3149 901 3202 δὲ
934 3153 1147 3220 μικροῖς
1191 3151 1284 3202 καὶ
1315 3150 1372 3201 ὲν
1399 3150 1569 3220 στενῷ
1593 3151 1751 3204 καθε-

1856 3168 1953 3221 pro
1991 3151 2199 3206 viribus
2237 3151 2387 3205 reddi
2432 3167 2653 3205 necesse
2682 3160 2793 3217 est;
2843 3165 3039 3220 parvos
3082 3161 3261 3206 autem
3289 3163 3342 3208 et
3377 3154 3435 3208 in

1806 3228 1821 3248 Δ

165 3241 392 3303 στῶσιν,
411 3240 518 3293 οὐδ’
544 3242 724 3303 αὐτοῖς
745 3240 986 3310 ἀμελεῖν,
1005 3239 1124 3291 οὐδὲ
1161 3238 1421 3310 ῥᾳθυμεῖν
1454 3241 1747 3310 προσῆκον,

160 3333 273 3385 οὐδ’
305 3333 778 3393 ἀναπεπτωκέναι,
799 3331 872 3393 ὡς
905 3331 1055 3382 οὐδὲν
1089 3331 1236 3396 ἀξιον
1269 3329 1482 3401 φέρειν,
1511 3331 1631 3384 οὐδὲ
1665 3332 1750 3384 τέ-

161 3428 308 3479 λειον
339 3425 675 3495 δυναμένοιςο
712 3423 825 3486 ἀλλ’
859 3418 945 3475 οἷα
979 3423 1212 3492 πένητας
1245 3423 1341 3493 μὲν
1361 3464 1375 3487 ,
1405 3421 1752 3493 εὐγνώμονας

160 3519 238 3582 δὲ,
271 3517 333 3571 οὐ
361 3517 460 3588 τὴν
483 3516 576 3569 τοῦ
601 3517 939 3586 τιμωμένου,
974 3514 1071 3584 τὴν
1109 3514 1151 3566 δ’
1185 3515 1360 3566 αὐτῶν
1396 3514 1621 3584 δύναμιν
1658 3531 1752 3583 με-

161 3614 500 3684 τρήσαντας,
545 3611 609 3662 ὲκ
653 3610 750 3677 τῆς
795 3606 1071 3677 παρούσης
1126 3606 1406 3676 δυνάμεως
1461 3606 1752 3676 ἀναφέρειν

160 3701 265 3762 τὰς
294 3699 482 3769 τιμὰς,
518 3697 809 3767 χαριέσσας
835 3696 961 3758 ἴσως
986 3695 1246 3764 ἐσομένας
1272 3696 1362 3747 καὶ
1388 3694 1750 3764 καταθυμίους

160 3791 245 3862 τῷ
275 3790 646 3861 τετιμημένῳ,
680 3791 772 3842 καὶ
803 3789 902 3841 οὐκ
925 3790 982 3840 ἐν
1017 3787 1242 3859 δευτέρᾳ
1269 3787 1421 3858 χώρᾳ
1446 3790 1573 3860 παρ’
1602 3787 1750 3858 αὐτῴ

160 3883 277 3936 τῶν
305 3881 559 3953 μεγάλων
585 3884 678 3935 καὶ
711 3881 937 3944 πολλῶν,
971 3883 1020 3933 εί
1063 3881 1156 3933 σύν
1199 3899 1300 3933 τινι
1334 3880 1608 3950 προθυμίᾳ
1636 3880 1750 3950 μεί-

160 3973 285 4038 ζονι
314 3974 408 4026 καὶ
433 3971 623 4043 γνώμῃ
656 3970 1010 4042 προσφέροιεν
1047 3970 1342 4041 ὁλοκλήρῳ.
1374 3969 1558 4033 Οὐτως
1584 3971 1641 4022 ὲν
1676 3971 1740 4021 ἱε-

164 4069 296 4136 ραῖς
340 4063 551 4126 Βίϐλοις
581 4063 823 4134 φέρεται,
859 4065 944 4116 ὅτι
989 4063 1053 4134 δὴ
1106 4063 1278 4134 μικρά
1307 4080 1388 4126 τις
1422 4063 1514 4116 καὶ
1560 4061 1748 4132 πτωχὴ

158 4157 309 4226 γυνὴ
338 4157 373 4209 ἆ
385 4174 460 4225 μα
494 4155 766 4218 πλουσίοις
798 4156 888 4208 καὶ
917 4154 1184 4217 δυνατοῖς,
1227 4155 1276 4207 οἳ
1309 4155 1643 4225 προσέφερον
1688 4157 1751 4207 ἐκ

158 4249 258 4304 τοῦ
296 4248 524 4301 πλούτου
561 4248 769 4318 μεγάλα
814 4249 906 4300 καὶ
955 4247 1238 4318 πολυτελῆ,
1270 4247 1404 4317 μόνη
1448 4247 1619 4319 μικρά
1651 4248 1748 4317 μὲν

161 4342 263 4395 καὶ
291 4340 573 4409 ἐλάχιστα,
606 4339 782 4392 πάντα
819 4338 874 4390 δὲ
904 4339 1053 4408 ὅμως
1081 4337 1144 4390 τά
1183 4339 1310 4390 ὄντα
1334 4339 1467 4408 αὐτῇ
1505 4339 1747 4409 συμϐαλ-

159 4431 395 4501 λομένη,
421 4430 518 4501 τὴν
544 4429 643 4499 τῆς
679 4429 919 4491 πλείονος
943 4428 1140 4490 δόσεως
1177 4428 1477 4500 μαρτυρίαν
1506 4429 1747 4499 ἀπηνέγ-

1855 3253 2084 3317 angusto
2107 3244 2462 3308 constitutos,
2486 3257 2584 3297 nec
2613 3241 2758 3311 ipsos
2783 3241 3074 3310 negligere,
3100 3252 3194 3296 aut
3216 3243 3436 3313 segnio-

1855 3353 1942 3392 res
1979 3351 2102 3391 esse
2139 3335 2423 3399 convenit,
2466 3349 2566 3388 nec
2599 3333 2800 3387 animis
2825 3333 3058 3400 cadere,
3098 3335 3253 3404 quasi
3296 3335 3436 3390 nihil

1854 3429 2078 3497 dignum
2101 3425 2511 3496 perfectumque
2535 3424 2727 3479 afferre
2750 3424 2996 3493 possint;
3017 3425 3108 3480 sed
3135 3427 3282 3480 velut
3301 3442 3436 3496 pau-

1852 3536 2009 3590 peres
2040 3520 2279 3591 quidem,
2307 3528 2362 3573 at
2387 3527 2571 3573 tamen
2601 3526 2803 3587 gratos,
2836 3533 2944 3571 non
2977 3519 3096 3587 ejus
3121 3534 3282 3588 quem
3327 3520 3432 3574 ho-

1853 3624 2072 3679 norant,
2103 3612 2197 3667 sed
2229 3627 2383 3666 suam
2412 3611 2722 3666 facultatem
2751 3609 3058 3675 metientes,
3087 3627 3153 3664 ex
3180 3611 3434 3681 praesenti

1855 3705 2242 3760 commoditate
2280 3704 2516 3757 honores
2548 3701 2793 3768 deferre;
2828 3711 3013 3772 gratos
3047 3703 3169 3757 illos
3203 3702 3435 3759 fortasse

1854 3809 1907 3854 et
1945 3799 2215 3868 iucundos
2241 3797 2290 3850 ei
2323 3795 2419 3865 qui
2462 3795 2783 3860 honoratur,
2832 3809 2933 3849 nec
2977 3794 3234 3850 inferiore
3289 3795 3432 3859 apud

1854 3907 1977 3946 eum
2026 3891 2183 3956 loco,
2245 3903 2406 3958 quam
2474 3886 2520 3941 si
2582 3901 2777 3955 magna
2843 3900 3073 3956 quaeque
3135 3900 3199 3940 ac
3263 3887 3431 3941 multa

1853 3983 2200 4045 offerrentur,
2238 3981 2482 4045 futuros,
2512 3979 2556 4033 si
2593 3979 2798 4047 majore
2839 3993 2963 4031 cum
3004 3978 3282 4032 alacritate
3319 3978 3433 4032 sin-

1854 4091 2088 4144 ceroque
2127 4083 2180 4127 et
2224 4074 2435 4142 integro
2470 4071 2655 4124 animo
2693 4069 3027 4124 deferantur.
3062 4067 3152 4124 Sic
3189 4069 3335 4122 enim
3376 4069 3432 4122 in

1855 4170 2027 4224 sacris
2070 4167 2288 4220 Litteris
2331 4165 2508 4234 legere
2551 4171 2636 4216 est
2660 4162 2722 4228 ",
2771 4176 2996 4230 parvam
3041 4161 3329 4230 quamdam
3377 4175 3435 4216 et

1852 4275 2143 4331 pauperem
2183 4257 2468 4321 feminam,
2500 4271 2610 4309 una
2642 4270 2766 4308 cum
2807 4253 3067 4307 divitibus
3107 4261 3161 4308 et
3200 4255 3434 4322 potenti-

1852 4351 1956 4405 bus
1985 4350 2078 4418 qui
2111 4365 2177 4402 ex
2217 4346 2567 4401 facultatibus
2611 4345 2728 4399 suis
2771 4358 2966 4413 magna
3001 4352 3055 4397 et
3087 4343 3268 4411 Opima
3299 4342 3434 4398 offe-

1852 4446 2062 4508 rebant,
2100 4443 2270 4498 solam
2315 4441 2534 4511 quidem
2560 4455 2726 4510 parva
2759 4448 2813 4494 et
2844 4438 3089 4501 minima,
3125 4437 3218 4492 sed
3246 4436 3430 4491 omnia

159 4541 328 4580 κατο.
355 4525 429 4576 Οὐ
475 4522 584 4594 γάρ
627 4519 777 4592 οἶμαι
815 4521 893 4592 τῷ
939 4520 1090 4591 ποσῷ
1128 4522 1226 4591 τῆς
1271 4521 1550 4592 διδομένης
1595 4520 1746 4591 ὕλης,

1856 4545 2034 4590 tamen
2059 4550 2181 4604 qua:
2209 4533 2461 4597 trahebat,
2490 4531 2809 4594 contulisse,
2841 4538 2896 4584 et
2928 4529 3154 4599 majoris
3184 4527 3430 4582 muneris

157 4621 337 4690 οὐσης
370 4617 589 4684 ἔξωθεν,
628 4619 748 4679 ταῖς
777 4615 833 4668 δὲ
871 4612 1304 4685 προσφερούςαις
1341 4613 1585 4683 γνώμαις
1618 4614 1755 4683 μᾶλ-

157 4715 254 4767 λον
286 4714 382 4766 καὶ
415 4711 764 4782 προαιρέσεσι
793 4709 890 4781 τὴν
923 4707 1233 4777 φιλοτιμίαν
1263 4707 1356 4758 καὶ
1394 4708 1491 4776 τὴν
1524 4708 1752 4776 μεγαλο-

158 4805 474 4878 πρέπειαν,
527 4805 555 4855 ὁ
600 4803 742 4872 ἱερὸς
783 4802 939 4869 λόγος
985 4799 1382 4868 ὲσταθμήσατο.
1434 4799 1508 4850 Οὐ
1568 4799 1749 4851 τοίνυν

156 4899 288 4952 οὐδὲ
338 4897 488 4966 ἡμᾶς
535 4896 791 4948 ἀποκνεῖν
841 4893 1017 4963 πάντη
1068 4890 1344 4962 προσῆκον
1386 4889 1492 4941 δέει
1543 4889 1635 4941 τοῦ
1673 4890 1748 4961 μὴ

154 4988 596 5057 ἐξισωθήσεσθαι
646 4985 744 5056 τὴν
790 4984 1139 5054 εὐχαριστίαν
1187 4985 1306 5044 ταῖς
1367 4980 1748 5051 εὐεργεσίαις,

154 5081 303 5136 ἀλλὰ
353 5080 462 5131 πᾶν
499 5075 809 5130 τούναντίον
853 5075 1056 5144 τολμᾷν
1098 5074 1192 5126 καὶ
1221 5071 1540 5142 πειρᾶσθαι,
1571 5073 1620 5123 εί
1652 5070 1747 5123 καὶ

158 5175 240 5245 μὴ
286 5174 390 5234 τὰς
438 5171 576 5233 ἴσας,
624 5169 720 5232 τὰς
767 5167 895 5236 γοῦν
944 5166 1174 5228 δυνατὰς
1219 5164 1545 5235 προσφέρειν
1577 5164 1650 5225 ὡς
1689 5163 1746 5214 ἐν

154 5266 373 5338 ἀμοιβῇ
402 5263 583 5333 τιμάς·
606 5262 659 5314 εἴ
678 5278 816 5323 πως,
839 5258 946 5311 τῶν
971 5258 1188 5311 τελείων
1215 5255 1615 5327 διαμαρτάνων,
1641 5255 1746 5306 τῶν

154 5363 254 5414 ἐπὶ
283 5360 488 5429 μέρους
521 5355 651 5424 γοῦν
677 5353 932 5422 τεύξηται
965 5353 1092 5420 ἡμῖν
1113 5351 1142 5402 ὁ
1172 5350 1348 5417 λόγος,
1378 5348 1472 5419 τὴν
1503 5345 1742 5415 παντελῆ

152 5455 258 5523 τῆς
286 5450 618 5522 ἀχαριστίας
649 5447 805 5512 δόξαν
847 5443 1084 5514 διαδράς.
1118 5444 1420 5512 Ἀχρηστον
1464 5441 1570 5511 γὰρ
1613 5439 1745 5509 ἀλη-

133 5548 268 5614 ,θῶς
315 5547 347 5614 ἠ
391 5541 668 5603 παντελῶς
719 5538 896 5609 σιωπὴ
930 5537 1034 5588 ὑπὸ
1080 5534 1289 5606 πιθανῷ
1317 5534 1396 5604 τῷ
1424 5533 1519 5585 τοῦ
1562 5534 1635 5603 μὴ
1660 5533 1746 5584 δυ-

233 5681 282 5711 ⁸δ
320 5677 458 5732 Luc.
493 5692 604 5742 ut,
631 5675 686 5729 2.

232 5816 353 5886 (54)
382 5816 544 5885 Ὅτῳ.
591 5812 669 5869 ita
713 5810 1072 5878 llmschelius,
1121 5810 1406 5882 Bengelius
1453 5826 1515 5866 ac
1546 5809 1721 5866 editor
1745 5805 2089 5862 Parisiensis.
2121 5799 2369 5866 Vossius,
2393 5798 2497 5854 ὅτι.

1853 4627 2223 4682 testimonium
2254 4626 2578 4694 laudemque
2608 4623 2882 4678 retulisse.
2917 4620 3034 4675 Non
3075 4622 3218 4675 enim
3246 4627 3430 4674 exter-

1857 4738 1956 4784 nae,
1994 4720 2206 4790 opinor,
2240 4719 2316 4773 rei
2359 4733 2480 4786 qua:
2518 4717 2642 4771 data
2683 4725 2766 4769 est
2809 4713 3129 4783 quantitate,
3173 4710 3267 4765 sed
3308 4709 3428 4780 ipso

1851 4811 2128 4868 olferentis
2152 4811 2336 4865 animo
2366 4825 2430 4863 ac
2458 4808 2742 4877 proposito
2777 4807 3151 4860 aestimandam
3182 4806 3426 4859 muneris

1851 4903 2165 4973 dignitatem
2201 4899 2770 4969 magnificentiamque
2806 4897 3004 4950 divinae
3043 4894 3257 4950 Littera:
3295 4911 3425 4948 cen-

1851 5001 2099 5048 suerunt.
2140 4989 2257 5043 Non
2303 4990 2464 5058 igitur
2509 4987 2732 5040 omnino
2776 4985 3019 5056 refugere
3060 5002 3160 5040 nos
3191 4993 3424 5054 oportet,

1854 5086 2003 5140 inani
2035 5092 2182 5139 metu
2213 5096 2280 5136 ne
2312 5081 2498 5152 gratia:
2526 5095 2649 5132 eum
2688 5079 2962 5132 beneficiis
2997 5094 3108 5132 non
3139 5078 3427 5146 aquuen-

1853 5188 1942 5233 tur
1968 5196 1984 5231 :
2015 5177 2104 5232 sed
2131 5182 2320 5230 contra
2351 5174 2532 5243 potius
2563 5171 2762 5225 audere
2797 5180 2956 5239 atque
2989 5169 3171 5222 omnia
3201 5168 3422 5232 conari;

1853 5279 1914 5322 ut
1947 5269 1991 5323 si
2032 5285 2138 5321 non
2187 5282 2364 5338 pares,
2417 5279 2556 5333 quos
2606 5261 2795 5315 saltem
2845 5273 3137 5328 possumus
3187 5259 3425 5312 honeres

1854 5361 2234 5431 rependamus.
2264 5356 2420 5423 Quod
2449 5356 2494 5409 si
2533 5354 2676 5408 forte
2707 5369 2814 5406 non
2857 5350 3081 5405 omnino
3124 5365 3234 5403 rem
3275 5365 3426 5404 asse.

1855 5467 2074 5526 quatur,
2100 5463 2306 5522 partem
2331 5459 2472 5504 certe
2493 5449 2727 5517 aliquam
2755 5446 3021 5516 pertingat
3043 5443 3238 5506 oratio,
3263 5452 3425 5508 atque

1857 5545 2225 5601 omnimodam
2251 5543 2448 5614 ingrati
2482 5540 2648 5595 animi
2672 5539 2846 5594 labent
2869 5536 3084 5592 devitet.
3111 5533 3426 5605 Improbum
