3876 6510
113 333 237 389 1061

1129 333 1194 387 IN
1217 332 1378 400 ORIG
1389 330 1572 388 ENEM
1596 327 1858 386 ORATIO
1898 327 2354 386 PANEGYRICA.

3234 329 3375 386 1062

107 448 322 520 νάμεως
343 490 361 515 ,
390 449 424 522 ἢ
461 448 704 520 ἐφίξεται
729 451 847 520 μὲν,
875 448 1018 504 ἑκὼν
1042 449 1099 502 δὲ
1122 450 1171 520 (ὃ
1202 449 1276 522 μὴ
1307 450 1462 521 θέμις
1494 449 1687 519 εἰπεῖν)

1802 456 1853 502 ιιι
1877 457 2200 516 assequatur
2220 448 2464 517 quidem,
2493 447 2680 502 volens
2704 454 2884 501 tamen
2917 444 3083 517 (quod
3107 444 3263 502 nefas
3288 459 3375 503 est

106 541 240 615 ἐάσῃ
269 542 363 595 τὸν
387 541 606 614 Πατέρα
638 543 1051 615 ἀνευφήμητονο
1083 544 1230 615 μόνῳ
1263 543 1437 611 τούτῳ
1465 539 1686 595 δυνατὸν

103 631 161 688 ὃν
193 632 508 688 τελειότατα
547 635 728 686 πᾶσαν
775 635 1170 706 ἀποπληρῶσαι
1219 634 1316 704 τὴν
1369 632 1526 698 ἀξίαν
1578 630 1688 683 τῶν

103 725 254 796 αὐτῷ
283 725 668 797 προσηκόντων
701 727 864 778 αἵνων
887 743 900 757 ο
940 728 999 780 ὃν
1025 744 1145 779 τινα
1169 726 1326 788 αὐτδς
1355 728 1384 778 ὁ
1420 725 1526 778 τῶν
1553 723 1689 776 ὅλων

107 816 302 888 Πατὴρ
343 817 401 868 ἓν
455 816 592 888 πρὸς
636 816 798 870 αὑτὸν
842 817 1204 889 ποιησάμενος
1253 816 1397 886 (60),
1427 815 1494 868 δι’
1523 814 1688 868 αὑτοῦ

109 909 393 981 μονονουχὶ
428 909 590 971 αὐτὸς
624 909 787 961 αὑτὸν
821 908 1093 980 ὲκπεριὼν
1120 908 1226 978 (61)
1247 949 1262 972 ,
1290 910 1356 978 τῇ
1388 907 1474 978 ἴση
1510 907 1685 978 πάντη

103 1001 336 1071 δυνάμει
374 1004 440 1071 τῇ
487 1001 653 1054 αὐτοῦ
683 1001 884 1083 τρόπρν
925 1000 1044 1053 τινά
1095 1000 1270 1072 τιμῴη
1311 1001 1404 1054 καὶ
1453 999 1685 1070 τιμῷτοο

103 1095 240 1165 ὅπερ
270 1094 486 1166 πρῶτος
523 1095 615 1147 καὶ
657 1095 814 1165 μόνος
851 1093 995 1163 ἔχειν
1030 1093 1219 1164 ἔλαχεν
1249 1096 1312 1146 ὲκ
1339 1093 1552 1145 πάντων
1581 1090 1688 1144 τῶν

102 1187 275 1238 ὄντων
307 1187 334 1238 6
370 1186 680 1256 Μονογενὴς
722 1187 906 1249 αὑτοῦ,
952 1188 980 1239 6
1017 1187 1074 1238 ἐν
1126 1186 1274 1257 αὐτῷ
1314 1185 1444 1248 Θεὸς
1484 1180 1686 1254 Λόγοςο

103 1276 209 1329 τῶν
239 1276 419 1330 ἄλλων
458 1277 569 1347 (6‘2)
604 1280 828 1332 πάντων
856 1278 1000 1331 οὕτω
1045 1279 1202 1348 μόνον
1239 1277 1572 1349 εὑχαρίοτων
1598 1276 1690 1330 καὶ

105 1367 346 1422 εὐσεϐῶν
372 1363 510 1421 εἶναι
539 1369 872 1440 δυναμένων,
900 1373 947 1424 εί
973 1371 1060 1424 ἐπ’
1078 1369 1226 1440 αὐτῷ
1254 1368 1514 1440 φέροντες
1547 1370 1691 1439 μόνῳ

106 1461 226 1513 ἀντὶ
281 1463 500 1515 πάντων
539 1463 647 1515 τῶν
702 1463 854 1534 παρὰ
900 1462 994 1516 τοῦ
1039 1463 1252 1534 Πατρὺς
1282 1464 1412 1533 ἡμῖν
1450 1460 1688 1530 ἀγαθῶν,

104 1555 199 1625 τὴν
263 1553 496 1624 δύναμιν
559 1555 658 1626 τῆς
718 1555 875 1621 ἀξίας
943 1555 1290 1627 εὐχαριστίας
1351 1553 1692 1626 ἀναθήσομεν

106 1649 260 1719 (μίαν
287 1649 406 1700 ὁδὸν
431 1649 710 1713 εὐσεϐείας
739 1650 941 1722 ταύτην
980 1647 1116 1704 εἶναι
1143 1649 1572 1722 ὁμολογήσαντες
1596 1649 1693 1720 τὴν

105 1742 166 1794 δι’
200 1740 373 1794 αὐτοῦ
423 1743 602 1794 πᾶσαν
640 1743 886 1814 μνήμην)
935 1743 1013 1814 τῷ
1046 1743 1152 1795 τῶν
1189 1743 1326 1796 ὅλων
1369 1743 1526 1813 αἰτίῳ
1560 1742 1689 1813 (65).

1791 539 1993 610 dicere)
2021 539 2234 595 Patrem
2258 555 2354 595 sua
2384 541 2695 595 laudatione
2723 539 3014 594 destituat:
3042 553 3167 594 cum
3198 540 3246 594 ei
3269 542 3374 595 soli

1793 634 1866 688 sit
1911 634 1966 686 in
2011 641 2267 703 promptu
2298 630 2694 703 perfectissime
2732 645 2926 685 omnes
2955 633 3376 701 congruentium

1794 725 1872 779 illi
1896 725 2117 779 laudum
2147 740 2406 780 numeros
2442 725 2768 796 adimplere;
2797 739 2958 794 quem
2980 725 3095 794 ipse
3125 727 3374 782 omnium

1793 814 1953 872 Pater
1986 832 2154 872 unum
2185 831 2370 872 secum
2405 815 2612 872 faciens
2633 859 2646 882 ,
2683 833 2781 887 per
2810 817 2988 887 ipsum
3020 826 3229 873 tantum
3262 833 3376 876 non

1793 923 1915 964 sese
1947 909 2060 979 ipse
2089 910 2566 976 circumambiens,
2605 911 2797 979 aequali
2826 925 3220 980 usquequaque
3249 927 3378 967 cum

1795 1013 1893 1052 sua
1943 999 2140 1053 virtute
2184 999 2585 1069 quodammodo
2623 999 2887 1066 honoret,
2939 1010 2993 1055 et
3046 1002 3374 1056 honoretur:

1795 1090 1939 1159 quod
1969 1091 2186 1159 quidem
2226 1092 2438 1160 primus
2464 1091 2723 1161 solusque
2754 1108 2822 1146 ex
2853 1093 3111 1148 omnibus
3145 1096 3376 1150 sortitus

1795 1187 1880 1232 est
1905 1176 2231 1247 Unigenitus
2260 1180 2379 1250 ejus
2409 1181 2503 1250 qui
2540 1181 2596 1234 in
2636 1182 2756 1250 ipso
2781 1189 2886 1244 est,
2944 1181 3084 1236 Deus
3111 1180 3374 1237 Verbum.

1796 1268 2012 1341 Reliqui
2043 1281 2221 1326 autem
2254 1288 2445 1328 omnes
2474 1274 2547 1327 ita
2594 1272 2860 1329 duntaxat
2886 1276 3025 1345 grati
3068 1284 3122 1330 et
3151 1276 3221 1345 pii
3257 1291 3378 1332 esse

1795 1375 2111 1430 possumus,
2143 1363 2189 1418 si
2219 1363 2274 1417 in
2306 1380 2372 1419 eo
2405 1358 2522 1420 solo
2545 1381 2644 1436 pro
2671 1366 2928 1422 omnibus
2960 1370 3014 1421 in
3043 1382 3144 1423 nos
3167 1384 3196 1422 a
3217 1367 3378 1423 Patre

1796 1453 2189 1524 proﬂuentihus
2208 1456 2367 1512 bonis
2392 1472 2609 1512 omnem
2629 1457 2805 1529 dignae
2827 1460 3121 1529 gratiarum
3146 1460 3376 1516 actionis

1798 1557 2052 1600 conatum
2085 1547 2412 1603 offeramus:
2455 1565 2622 1604 unam
2652 1552 2871 1621 pietatis
2896 1553 3042 1606 viam
3071 1552 3214 1607 hanc
3255 1568 3378 1608 esse

1799 1638 2135 1703 confitentes,
2167 1641 2213 1695 si
2257 1657 2474 1696 omnem
2502 1644 2819 1698 memoriam
2855 1659 2952 1715 per
2990 1646 3166 1715 ipsum
3192 1647 3379 1702 condi-

1800 1731 1904 1784 tori
1933 1741 2096 1801 atque
2127 1735 2334 1788 auctori
2367 1736 2614 1790 omnium
2640 1735 2975 1794 dedicemus.
3010 1739 3378 1805 Quamobrem

104 1835 192 1887 Διὸ
236 1834 302 1904 δὴ
349 1834 447 1905 τῆς
496 1835 594 1905 μὲν
643 1835 736 1888 ἐπὶ
787 1836 920 1888 πᾶσι
964 1834 1217 1906 διαρκοῦς
1255 1835 1508 1905 προνοίας
1549 1834 1607 1888 ἐν
1639 1853 1694 1888 τε

1802 1834 2058 1894 perpetua
2087 1825 2307 1895 quidem
2339 1826 2448 1892 illa,
2493 1843 2614 1898 quae
2646 1827 2701 1882 in
2730 1831 2986 1887 omnibus
3029 1833 3226 1898 elucet,
3257 1848 3382 1903 quae

106 1928 390 1997 μεγίστοις
432 1929 525 1980 καὶ
572 1928 629 1979 ἐν
673 1930 784 1990 τοῖς
834 1927 1135 1998 ἐλαχίστοις
1181 1926 1485 1997 κηδομένης
1517 1925 1694 1996 ἡμῶν,

104 2021 197 2073 καὶ
227 2022 312 2084 είς
345 2019 503 2074 τοῦτό
533 2037 594 2089 γε
625 2020 1028 2091 προαγομένης,
1064 2021 1268 2082 ἐκεῖνος
1293 2017 1443 2084 ἄξιος
1470 2017 1696 2090 διαρκὴς

103 2107 246 2164 εἶναι
279 2110 442 2180 λόγος
463 2114 541 2174 εἰς
570 2112 919 2182 εὐχαριστίας
954 2112 1046 2164 καὶ
1077 2109 1277 2182 ὕμνους
1308 2110 1695 2180 ὁμολογείσθω,

102 2205 442 2268 τελειότατος
479 2204 553 2258 ὢν
599 2205 694 2258 καὶ
732 2203 840 2268 ζῶν
859 2245 872 2266 ,
915 2207 1010 2258 καὶ
1042 2202 1204 2259 αὐτοῦ
1229 2199 1322 2256 τοῦ
1341 2203 1554 2274 πρώτου
1586 2201 1698 2255 Νοῦ

102 2299 278 2365 Λόγος
315 2296 557 2369 ἔμψυχος
602 2299 678 2351 ὼν
699 2316 712 2328 ·
759 2300 785 2351 ὁ
821 2299 866 2352 δ’
897 2297 1164 2369 ἡμέτερος
1193 2289 1348 2360 οὗτος
1376 2295 1515 2348 ἔστω
1544 2312 1699 2366 χαρι-

103 2393 331 2461 στήριος
362 2387 664 2461 ἀνθρώπων
697 2390 792 2460 μὲν
815 2389 1032 2442 πάντων
1069 2388 1300 2459 μάλιστα
1325 2387 1404 2457 τῷ
1443 2387 1596 2458 ἀνδρὶ
1619 2386 1698 2456 τῷ

105 2484 241 2555 ἱερῷ
276 2482 450 2553 τῷδε·
489 2485 538 2536 εἰ
579 2484 636 2537 δέ
671 2501 722 2536 τι
759 2485 851 2536 καὶ
897 2483 1203 2554 περαιτέρω
1227 2481 1546 2553 μεληγορεῖν
1587 2480 1698 2551 (64)

103 2576 386 2648 ἐθέλοιμι,
429 2577 652 2630 καὶτῶν
686 2577 748 2629 οὐ
778 2576 1114 2648 φαινομένων
1156 2575 1276 2645 μὲν,
1326 2573 1612 2645 θειοτέρων
1642 2573 1700 2627 δὲ

102 2671 195 2724 καὶ
248 2670 565 2741 κηδομένων
612 2669 931 2742 ἀνθρώπων,
987 2669 1160 2738 τούτῳ
1203 2668 1260 2732 ὃς
1298 2685 1364 2738 με
1387 2669 1452 2721 ὲκ
1498 2666 1699 2721 παίδων

100 2763 287 2834 κρίσει
316 2762 424 2816 τινὶ
451 2763 657 2833 μεγάλῃ
687 2764 988 2832 οἰκονομεῖν
1019 2780 1079 2814 τε
1110 2763 1203 2814 καὶ
1236 2761 1569 2832 τιθηνεῖσθαι
1606 2760 1699 2813 καὶ

103 2854 491 2926 ἐπιτροπεύειν
537 2855 908 2928 ἐκληρώσατο,
951 2857 979 2908 6
1016 2855 1155 2927 ἱερὸς
1193 2853 1422 2923 ἄγγελος
1465 2853 1623 2916 Θεοῦ,
1665 2856 1698 2906 ὁ

103 2948 340 3018 τρέφων
375 2965 455 3018 με
491 2948 558 3000 ἐκ
596 2948 879 3016 νεότητός
911 2966 1052 3016 μου,
1109 2949 1268 3018 φησιν
1297 2948 1500 3010 ἐκεῖνος
1525 2949 1554 2999 6
1579 2945 1699 3016 Θεῷ

103 3038 263 3106 φίλος
299 3038 462 3108 ἀνὴρ,
498 3038 586 3090 τὸν
620 3037 783 3090 αὑτοῦ
805 3037 976 3106 λέγων
1005 3037 1201 3107 δηλαδή
1228 3055 1240 3066 '
1274 3037 1385 3089 ἀλλ’
1405 3038 1434 3090 6
1470 3037 1566 3107 μὲν
1599 3037 1697 3107 μέ-

103 3147 207 3196 γας
234 3128 340 3192 ὢν,
380 3129 654 3198 ἀναλόγως
692 3129 943 3200 μέγιστόν
968 3147 1087 3181 τινα
1107 3130 1246 3199 (ἤτοι
1276 3129 1431 3182 ἄλλον
1455 3131 1601 3191 ὅστις
1631 3129 1695 3183 ἂν

1798 1914 1853 1968 in
1902 1917 2156 1972 maximis
2180 1926 2234 1972 et
2262 1918 2504 1974 minimis
2543 1921 2715 1975 nostri
2743 1937 2930 1976 curam
2977 1924 3152 1993 gerit,
3195 1933 3248 1979 et
3274 1925 3382 1980 huc

1799 2023 1972 2077 usque
2003 2018 2260 2078 provecta
2303 2018 2406 2075 est,
2437 2011 2777 2080 providentia
2827 2013 3025 2083 dignus
3055 2015 3174 2080 ille,
3217 2027 3382 2087 atque

1797 2102 1864 2154 ad
1892 2102 2187 2172 gratiarum
2217 2103 2484 2158 actionem
2508 2104 2851 2176 hymnosque
2880 2107 3156 2164 sufﬁciens
3186 2126 3384 2180 peren-

1798 2193 1884 2248 nis
1912 2209 2091 2248 sermo
2119 2197 2486 2264 concedatur;
2542 2206 2601 2251 ut
2628 2198 2721 2268 qui
2746 2199 3176 2268 perfectissimus
3204 2219 3269 2258 ac
3299 2204 3383 2259 vi-

1797 2301 1964 2351 vens,
2014 2295 2070 2340 et
2113 2287 2284 2356 ipsius
2334 2290 2524 2358 primm
2575 2289 2772 2346 Mentis
2802 2292 3103 2349 animatum
3140 2293 3380 2350 Verbum

1798 2375 2026 2431 exsistat
2052 2395 2066 2430 :
2102 2387 2288 2432 noster
2313 2395 2444 2435 vero
2475 2381 2562 2435 hic
2589 2397 2769 2436 sermo
2797 2399 2956 2439 sacro
2981 2385 3107 2441 huic
3133 2388 3252 2443 viro
3286 2393 3379 2446 uni

1799 2467 1942 2523 inter
1993 2483 2184 2524 omnes
2234 2472 2490 2527 mortales
2543 2473 2933 2543 potissimum,
2981 2479 3382 2538 eucharisticus

1802 2568 1920 2613 esto
1949 2577 1963 2614 :
1993 2575 2055 2613 ac
2083 2561 2129 2615 si
2153 2561 2280 2630 quid
2304 2563 2467 2618 altius
2495 2579 2661 2633 porro
2687 2565 2754 2620 de
2783 2566 2850 2621 iis
2881 2568 2973 2636 qui
3000 2585 3111 2624 non
3153 2586 3382 2626 cernun-

1801 2660 1924 2718 tur,
1960 2651 2323 2707 divinioribus
2370 2664 2422 2709 et
2469 2655 2748 2710 hominum
2795 2675 2982 2713 curam
3031 2664 3380 2733 gerentibus,

1800 2746 1950 2816 loqui
1991 2747 2193 2814 velim;
2239 2748 2367 2802 huic
2411 2749 2576 2803 etiam
2609 2750 2700 2818 qui
2740 2765 2827 2805 me
2870 2767 2902 2806 a
2927 2769 3097 2822 puero
3123 2793 3139 2820 ,
3183 2771 3384 2826 magno

1801 2839 2036 2908 quodam
2063 2839 2272 2908 judicio
2303 2842 2609 2908 ircgendum
2653 2843 3105 2916 educandumque
3153 2849 3382 2905 sortitus

1799 2942 1900 2996 est,
1939 2947 2094 2987 sacer
2119 2934 2343 3002 angelus
2377 2934 2469 2988 Dei
2506 2952 2518 2986 :
2549 2935 2640 3004 qui
2664 2937 2834 3004 pascit
2872 2954 2952 2991 me
2981 2939 3045 2991 ab
3083 2941 3384 2996 adolescen-

1803 3026 1875 3077 tia
1915 3042 2028 3079 mea
2062 3027 2126 3089 ³⁸,
2167 3034 2226 3079 ιιι
2257 3027 2332 3080 ait
2363 3027 2450 3080 ille
2481 3025 2592 3080 Deo
2619 3028 2819 3082 charus
2854 3029 2968 3096 vir;
3006 3046 3165 3085 suum
3209 3033 3383 3102 ipsius

1801 3120 2052 3175 videlicet
2076 3119 2411 3189 intelligens:
2445 3135 2626 3174 verum
2654 3121 2742 3174 hic
2774 3123 2991 3190 quidem
3027 3125 3120 3194 qui
3151 3141 3382 3197 magnus

102 3224 315 3284 ἐκεῖνος
346 3216 405 3292 ᾖ,
451 3221 482 3289 ἢ
530 3220 624 3274 καὶ
651 3221 814 3272 αὑτὸν
843 3219 970 3282 ἴσως
995 3218 1102 3271 τὸν
1133 3218 1242 3286 τῆς
1258 3218 1525 3289 μεγάλης
1547 3220 1694 3283 ,ϐου-

1802 3221 1938 3276 erat,
1966 3220 2329 3280 congruenter
2359 3212 2654 3265 maximum
2683 3215 2990 3282 quempiam
3023 3217 3158 3283 (sive
3191 3218 3379 3284 altum,

102 3311 222 3379 λῆς
254 3313 571 3381 Ἄγγελον,
612 3311 702 3364 τὸν
733 3311 905 3364 κοινὸν
944 3311 1161 3364 πάντων
1203 3311 1450 3383 Σώτηρα,
1489 3313 1591 3365 ὑπὸ
1612 3330 1700 3366 τε-

100 3405 388 3474 λειότητος
427 3404 583 3474 μόνον
620 3403 719 3474 ἤδη
752 3403 966 3472 φύλακα
994 3403 1142 3474 αὐτῷ
1182 3399 1318 3456 εἶναι
1350 3404 1701 3476 κληρωσάμε-

101 3516 212 3560 νος,
251 3498 359 3550 οὐκ
389 3491 505 3548 οἶδα
539 3495 696 3548 τοῦτο
731 3497 970 3566 σαφῶς),
1008 3497 1145 3567 πλὴν
1184 3498 1212 3548 6
1257 3498 1352 3566 μὲν
1391 3498 1480 3549 τὸν
1507 3497 1697 3551 ἑαυτοῦ

102 3591 291 3661 μέγαν
332 3588 475 3652 τινα,
505 3589 562 3652 ὃς
595 3589 677 3651 τίς
733 3591 849 3641 ποτ’
873 3589 937 3642 ἂν
964 3585 1021 3660 ᾗ,
1062 3591 1154 3641 καὶ
1181 3588 1461 3656 γινώσκων
1486 3592 1578 3644 καὶ
1607 3592 1698 3644 εὑ-

102 3682 335 3753 φημῶν.
390 3681 580 3750 Ἡμεῖς
607 3679 661 3732 δὲ
697 3679 834 3751 πρὸς
860 3680 938 3750 τῷ
974 3680 1136 3750 κοινῴ
1158 3681 1372 3733 πάντων
1399 3681 1697 3753 ἀνθρώπων

99 3775 446 3847 κυϐερνήτῃ,
495 3773 590 3825 καὶ
630 3772 846 3833 τοῦτον,
883 3773 939 3836 ὅς
971 3773 1052 3835 τίς
1093 3773 1209 3825 ποτ’
1239 3774 1403 3835 ἐστὶν,
1439 3773 1540 3845 ἰδίᾳ
1576 3793 1699 3828 παι-

98 3866 360 3936 δαγωγὸς
397 3865 551 3937 ἡμῶν
582 3865 748 3918 όντων
777 3865 1006 3935 νηπίων.
1054 3865 1152 3927 Ὃς
1176 3865 1242 3917 τά
1270 3882 1327 3916 τε
1357 3865 1489 3918 ἄλλα
1523 3866 1698 3936 πάντη

98 3961 294 4015 πάντα
327 3957 528 4026 ἀγαθὸς
547 3957 621 4009 ὢν
641 3959 872 4027 τροφεὺς
895 3957 983 4008 καὶ⁸
1008 3955 1255 4026 κηδεμὼν
1276 3957 1406 4027 ἐμὸς
1423 3958 1560 4028 (οὐχ).
1580 3961 1703 4030 ἐμοὶ

95 4053 133 4123 ἡ
189 4069 312 4104 τινι
363 4050 471 4103 τῶν
516 4051 640 4119 ἐμοὶ
687 4049 1072 4120 προσηκόντων
1101 4049 1302 4118 φίλων,
1356 4051 1546 4120 τυφλοὶ
1594 4052 1702 4123 γὰρ

94 4146 272 4216 ἡμεῖς
320 4144 416 4194 καὶ
464 4141 626 4211 μηδὲν
678 4139 786 4193 τῶν
819 4139 1122 4210 ἔμπροσθεν
1164 4143 1397 4211 ὁρῶντες
1449 4142 1589 4194 ὥστε
1647 4160 1701 4195 τι

97 4236 196 4287 καὶ
228 4232 449 4303 κρίνειν
478 4229 732 4282 δύνασθαι
759 4228 866 4281 τῶν
903 4229 1149 4294 δεόντων,
1186 4229 1298 4282 ἀλλ’
1337 4230 1367 4300 ἤ
1398 4231 1543 4301 αὐτῷ
1567 4248 1698 4302 προ-

92 4325 378 4397 ορωμένῳ
409 4324 584 4376 πάντα
627 4323 694 4375 τὰ
723 4321 857 4393 πρὸς
877 4320 1143 4389 ὠφέλειαν
1190 4322 1286 4392 τῆς
1323 4321 1498 4392 ψυχῆς
1520 4323 1698 4392 ἡμῶν,

98 4436 165 4471 συ
174 4419 299 4489 μφέ
311 4417 520 4487 ρονμῑὸ)
536 4412 672 4469 εἶναι
686 4416 1125 4485 καταφαίνεται),
1147 4415 1309 4468 πάλαι
1325 4433 1382 4467 τε
1403 4415 1494 4468 καὶ
1511 4415 1605 4469 νῦν
1622 4415 1701 4470 ἔτι

172 4559 221 4589 ⁸³
251 4556 404 4611 Gen.
431 4571 603 4618 vatt,
636 4557 724 4609 15.
799 4556 844 4586 ³⁸
875 4555 981 4609 lsa.
1025 4571 1101 4620 ix,
1132 4555 1183 4608 5.

1803 3307 2052 3376 quisquis
2083 3305 2175 3359 ille
2204 3305 2326 3371 fuit,
2363 3306 2474 3359 sive
2498 3306 2672 3374 ipsum
2707 3305 2938 3362 fortasse
2977 3313 3152 3379 magni
3173 3313 3382 3366 cansilii

1804 3399 2060 3469 Angelum
2091 3399 2153 3462 ³⁸,
2184 3400 2790 3454 communemomnium
2820 3400 3175 3469 Salvator-cm,
3205 3405 3380 3460 solum

1798 3493 1910 3561 jam
1962 3491 2311 3562 perfectionis
2342 3491 2511 3562 gratia
2550 3494 2829 3547 custodem
2869 3495 3134 3564 adeptus;
3183 3497 3286 3552 hoc
3327 3514 3384 3552 e-

1801 3583 2020 3652 quidem
2052 3584 2337 3637 manifeste
2368 3583 2572 3652 nescio)
2602 3626 2615 3646 ,
2665 3595 2902 3641 attamen
2945 3603 3106 3643 suum
3144 3590 3232 3644 ille
3268 3605 3384 3643 ma-

1807 3691 1971 3744 gnum
2009 3677 2333 3745 quemdam,
2381 3678 2693 3746 quicunque
2739 3680 2950 3734 tandem
2983 3691 3162 3748 esset,
3199 3693 3252 3738 et
3291 3698 3383 3737 co—

1807 3768 2103 3838 gnoscebat
2129 3779 2181 3822 et
2207 3769 2554 3838 praedicabat.
2582 3769 2692 3824 Nos
2725 3787 2874 3838 vero,
2910 3784 3109 3842 praeter
3136 3791 3384 3830 commu-

1806 3877 1930 3916 nem
1965 3862 2208 3914 omnium
2245 3862 2688 3930 gubernatorem,
2739 3863 2886 3918 hunc
2927 3867 3090 3919 etiam
3130 3869 3382 3938 quisquis

1803 3963 1886 4008 cst
1912 3953 2168 4022 privatim
2199 3954 2523 4024 ptedagogus
2558 3965 2760 4021 noster,
2792 3957 2883 4026 qui
2910 3973 2968 4012 re
3004 3958 3117 4027 ipsa
3152 3962 3302 4028 pueri
3330 3969 3384 4015 et

1803 4044 2040 4101 infantes
2074 4060 2299 4112 sumus;
2333 4046 2572 4115 quicum
2605 4048 2660 4102 in
2683 4049 2890 4102 cmteris
2923 4051 3180 4104 omnibus
3207 4051 3381 4106 bonus

1803 4152 2016 4207 semper
2050 4140 2287 4193 nutritor
2326 4149 2379 4194 et
2421 4151 2640 4194 curator
2673 4157 2825 4195 meus
2871 4140 3031 4197 fuerit
3074 4143 3196 4214 (nec
3236 4147 3379 4201 enim

1805 4231 1936 4284 mihi
1959 4240 2053 4285 aut
2081 4231 2334 4300 cuiquam
2380 4246 2448 4285 ex
2481 4230 2732 4288 afﬁnibus
2776 4234 2930 4299 meis,
2971 4237 3062 4302 qui
3114 4238 3239 4292 caeci
3286 4254 3381 4293 su-

1807 4338 1952 4386 mus,
1975 4332 2030 4376 et
2057 4323 2189 4376 nihil
2214 4338 2404 4377 eorum
2437 4340 2557 4394 quae
2595 4334 2720 4379 ante
2745 4326 2907 4394 pedes
2934 4339 3080 4393 sunt,
3113 4331 3378 4398 videmus,

1807 4424 1867 4470 ut
1892 4415 2222 4471 conveniens
2243 4415 2449 4485 aliquid
2478 4415 2787 4470 discernere
2811 4419 3115 4487 possimus;
3149 4422 3240 4476 sed
3278 4423 3378 4490 ipsi

167 4677 300 4750 (60)
341 4677 454 4752 "01f
504 4695 703 4752 urar.
740 4677 1001 4752 éerpde
1032 4675 1246 4752 ,αὐτὸνΔ
1267 4679 1692 4752 ποιησάμενος.

1802 4680 2055 4750 Bengelio
2081 4691 2320 4752 accepta.
2355 4683 2426 4736 At
2457 4683 2708 4746 Delarue,
2749 4683 2842 4739 τοῦ
2867 4685 2976 4738 τῶν
3009 4684 3144 4737 ὅλων
3177 4685 3372 4741 αἰτίου.

93 4747 266 4803 Haud
335 4750 597 4816 probatur
631 4748 883 4820 Bengelio
935 4749 1158 4803 verbum
1218 4748 1392 4820 facere
1434 4747 1500 4803 in
1529 4753 1692 4819 hujus

92 4821 205 4874 loci
243 4820 548 4890 versione:
584 4819 828 4887 adeoque
869 4819 1104 4890 ipsemet
1143 4819 1354 4873 reddit:
1392 4837 1542 4888 quem
1583 4824 1693 4890 ipse

88 4891 364 4960 omnium,
397 4888 596 4941 Parens
625 4906 788 4942 unum
818 4906 992 4943 secum
1016 4887 1230 4953 habens,
1269 4887 1539 4960 simulque
1572 4887 1693 4945 nio-

90 4971 192 5016 net
232 4961 310 5012 ad
355 4958 528 5027 ipsam
557 4961 844 5030 όμοουσίαν
877 4960 1285 5030 exprimendam
1323 4958 1470 5015 hunc
1512 4961 1692 5016 locum

95 5033 317 5084 valere.

165 5100 298 5169 (61)
354 5096 694 5165 Ἐκπεριὼν.
714 5096 1080 5170 Scribendum
1101 5099 1393 5170 ἐκπεριῖὼν
1416 5101 1605 5154 statuit
1627 5117 1694 5155 ex

87 5167 453 5226 Casauliono
509 5169 813 5242 lit-ngelius.
868 5167 988 5242 Quo
1019 5167 1256 5238 quidem'
1290 5172 1455 5225 verbo
1488 5173 1698 5242 passim

90 5249 286 5295 utitur
347 5251 555 5315 auctor.
601 5239 740 5315 Infra
771 5255 891 5315 cap.
923 5239 1007 5315 Δ’7,
1040 5243 1130 5315 καὶ
1175 5241 1344 5315 τέχνῃ
1391 5241 1583 5294 ἑαυτοῦ
1625 5245 1694 5315 τῇ

84 5311 402 5382 γεωργικῇ
453 5309 767 5382 ἐκπεριῖών.
816 5309 976 5382 Ειλὶιι
1032 5309 1574 5380 Metaplir.Eccle.,t,
1627 5309 1694 5380 7⁷,

84 5379 185 5438 τὸν
212 5379 512 5451 ἥλισντὴν
540 5380 640 5450 γῆν
664 5379 1030 5451 ἐκπεριῖόντα.

163 5449 299 5524 (6³2)
360 5449 610 5524 Ἀλλίαν.
661 5449 774 5524 Hoc
807 5449 1125 5524 παρέλκει,
1178 5451 1305 5522 quia
1372 5449 1698 5524 subauditur

85 5521 294 5596 ἡμῶν,
322 5531 385 5576 ιιι
404 5523 564 5596 docet
593 5523 816 5596 verbum
839 5521 1202 5594 ἀναθήσομεν.
1221 5524 1394 5577 Aliter
1417 5523 1700 5592 indignum

87 5593 252 5650 esset
282 5596 398 5648 hoc
428 5593 570 5647 loco.
605 5593 834 5647 BENGEL.

164 5667 316 5739 (63)_
357 5662 442 5729 Τῷ
462 5662 584 5716 τῶν
619 5663 777 5739 ἀίων
799 5665 982 5739 αἰτίῳ,
1004 5665 1115 5739 _Sic
1147 5663 1372 5739 Vossius
1404 5662 1693 5739 et_Be__n_ge-

86 5733 226 5791 lius.
270 5733 531 5804 Etprecte
559 5735 816 5802 quidem:
853 5733 1258 5804 ἀναθήσομεν...
1306 5734 1382 5804 τῷ
1415 5734 1520 5786 τῶν
1556 5733 1690 5786 ὅλων

91 5809 287 5878 ιξτίῳ.
352 5802 578 5858 Planam
647 5804 821 5859 reddit
872 5802 1172 5860 orationem
1231 5802 1569 5875 parenthesis
1624 5820 1690 5860 ex

2021 4753 2406 4826 Μεληγορεῖν.
2435 4755 2542 4826 AL,
2574 4755 2986 4826 μεγαληγορεῖν.
3018 4755 3122 4826 Sed
3151 4757 3378 4809 audien-

1799 4822 1902 4878 dus
1929 4822 2222 4896 _Bengelius
2249 4843 2261 4877 :
2297 4843 2315 4875 ι
2354 4822 2711 4896 Μεληγορεῖν,
2744 4822 2940 4896 inquit,
2980 4824 3126 4880 haud
3158 4827 3274 4880 scio
3306 4841 3375 4881 al‘

1801 4894 1942 4962 apud
1985 4894 2121 4949 alios
2155 4904 2409 4948 occurrat
2451 4894 2734 4962 auctures;
2769 4894 2836 4950 et'
2869 4898 2955 4950 hic
2984 4904 3164 4950 tamen
3196 4897 3378 4964 aptius

1800 4974 1919 5036 est:
1950 4967 2158 5036 respice
2190 4963 2374 5035 ὓμνων
2403 4967 2496 5018 καὶ
2525 4966 2690 5019 αἵνων
2717 4983 2879 5036 supra
2909 4968 3011 5020 sub
3043 4967 3203 5020 linem
3234 4963 3283 5020 ἰ).
3316 4966 3372 5021 5.

1800 5034 2041 5107 Accedit
2071 5034 2354 5107 analogia,
2405 5034 2843 5107 χρησμαγορέω,
2897 5036 3241 5107 ὑμναγόραςρ
3287 5049 3373 5100 ριν

1803 5105 1946 5179 quod
1978 5105 2045 5157 ad
2078 5106 2328 5179 prior-ent
2345 5105 2633 5174 compositi
2666 5105 2872 5175 partem
2900 5105 3123 5170 attinet,
3147 5105 3375 5179 μελονρ-

1803 5175 1920 5242 γία,
1951 5178 2094 5247 quod
2125 5175 2248 5245 Cyri
2291 5175 2545 5231 Germani
2581 5180 2805 5232 verbum
2836 5187 2941 5241 est,
2977 5175 3181 5247 pariter
3220 5175 3377 5247 igno-

1803 5253 1915 5298 tum
1945 5245 2149 5300 lexicis.
2183 5264 2200 5296 ι

1876 5315 1988 5382 (65)
2017 5315 2360 5392 ξυμφέρον.
2391 5317 2680 5392 Συμφέρω,
2706 5319 2927 5387 perinde
2955 5327 3015 5392 ut
3044 5318 3374 5392 πρόσφορος,

1803 5395 1885 5439 est
1921 5385 2142 5460 verbum
2189 5386 2371 5460 μέσον,
2398 5385 2542 5460 unde
2568 5385 2862 5460 σύμῴορος,
2895 5385 3156 5455 ηιὶιὶε;ἐι
3195 5385 3375 5444 tamen

1807 5455 2087 5525 συμφορά,
2143 5455 2468 5530 calamitas,
2508 5455 2702 5524 Quare
2755 5455 3052 5530 generatim
3106 5461 3377 5529 signiﬁcat

1795 5539 2053 5599 οοηῳειο,
2093 5529 2330 5596 quadra;
2366 5529 2507 5583 unde
2554 5545 2750 5585 sensus
2792 5531 2954 5598 hujus
2993 5531 3096 5585 loci
3128 5531 3373 5599 liquidus

1796 5597 1914 5651 fluit
1951 5615 1964 5650 :
1997 5613 2100 5650 non
2130 5599 2419 5673 propinquo
2440 5641 2455 5662 ,
2503 5600 2592 5673 sed
2639 5599 2822 5673 angelo
2864 5597 3132 5666 convenit,
3166 5597 3374 5673 scilicet

1797 5683 1994 5789 Semen
2059 5669 2222 5725 modo
2275 5670 2512 5739 positum
2543 5669 2585 5736 ,⁷
2630 5671 2860 5742 τροφεὺς
2926 5673 3020 5726 καὶ
3092 5672 3370 5744 κηδεμών.

1840 5754 2029 5789 sanae.

1840 5754 2029 5794 ENGEL.
