3876 6530
485 321 627 382 1065

1576 325 1635 383 S.
1674 321 1998 382 GREGOBII
2051 322 2556 381 TIIAUMATURGI

3585 324 3727 382 1068

483 440 669 497 omnia
705 441 771 496 ad
823 441 1020 499 animaeI
1067 452 1268 500 nostra:
1314 442 1602 500 utilitatem
1655 442 2042 514 prospicienti,

2149 439 2401 512 ἐκτρέφει
2438 459 2498 494 τε
2543 442 2636 494 καὶ
2680 438 2924 493 παιδεύει
2973 443 3065 495 καὶ
3119 445 3472 514 χειραγωγείο
3520 446 3620 497 καὶ
3668 447 3728 518 δὴ

479 531 628 605 quod
653 531 785 586 utile
810 541 865 587 et
886 531 1088 588 bonum
1127 543 1232 600 est,
1267 534 1452 588 statim
1485 528 1767 604 apparet),
1811 540 1873 587 ut
1919 532 2047 586 olim

483 637 591 689 me,
625 622 700 676 ita
726 637 872 677 nunc
909 636 1128 692 quoque
1161 622 1274 687 alit,
1305 632 1359 676 et
1380 623 1557 677 erudit
1581 637 1645 676 ac
1676 637 1839 676 manu
1867 621 2045 676 ducit:

481 723 596 772 tum
628 723 821 784 praeter
858 714 963 768 alia
993 714 1196 777 omnia,
1231 714 1486 784 conjungi
1514 728 1601 769 me
1629 729 1752 768 cum
1779 714 1882 768 hoc
1909 713 2048 778 viro,

481 805 628 876 quod
650 805 896 860 omnium
922 817 1066 860 certe
1090 818 1364 859 summum
1391 813 1492 870 est,
1521 814 1574 860 et
1600 820 1724 860 cum
1751 819 1816 860 eo
1842 804 2050 860 versari

482 894 608 952 fecit
629 912 643 962 ;
665 897 759 966 qui
787 912 888 951 nec
911 911 1126 967 genere,
1155 912 1254 950 nec
1277 896 1538 964 sanguine
1564 896 1675 951 ullo
1703 896 2048 966 conjunctus,

481 1003 583 1044 nec
612 990 766 1044 aliter
798 989 1141 1044 necessarius
1173 997 1266 1042 aut
1298 987 1512 1043 vicinus
1553 1004 1729 1058 neque
1772 989 2051 1058 p0pularis

480 1082 706 1136 omnino
745 1089 863 1136 erat
887 1080 1031 1152 (quae
1079 1081 1290 1136 scilicet
1319 1081 1520 1136 amoris
1563 1090 1617 1135 et
1655 1081 2049 1150 coniunctionis

478 1172 694 1227 vincula
733 1172 872 1227 inter
898 1172 1038 1226 alios
1076 1186 1196 1225 esse
1229 1171 1464 1242 solent),
1498 1171 1589 1225 sed
1610 1211 1626 1238 ,
1658 1180 1717 1225 ut
1746 1173 1934 1241 paucis
1969 1172 2052 1226 di-

477 1281 622 1328 cam,
652 1265 886 1335 ignotos,
916 1264 1142 1330 alienos,
1167 1264 1500 1335 peregrinos,
1533 1265 1600 1319 ab
1629 1264 1857 1320 invicem
1891 1266 2050 1337 longe

477 1351 803 1422 disjuuctos,
837 1362 1041 1422 quanta
1069 1353 1276 1407 scilicet
1299 1354 1578 1423 regionum
1614 1362 1666 1407 et
1695 1354 1958 1409 montium
1986 1371 2050 1410 ac

476 1443 764 1497 ﬂuminum
790 1443 963 1512 spatia
994 1443 1262 1507 dividunt,
1311 1443 1494 1498 divina
1541 1459 1667 1499 vere
1711 1445 2049 1515 sapientique

476 1540 812 1610 providentia
859 1555 1028 1593 unum
1076 1540 1128 1593 in
1171 1539 1352 1594 locum
1393 1541 1711 1610 perducens,
1756 1541 2044 1597 salutarem

479 1632 612 1687 mihi
663 1647 1014 1702 congressum
1062 1636 1207 1687 hunc
1261 1632 1566 1688 conciliavit
1616 1651 1629 1686 :
1677 1633 1822 1688 hunc
1870 1633 2044 1702 ipsum

480 1722 610 1776 mihi
643 1738 673 1775 a
698 1722 894 1791 primo,
923 1730 984 1776 ut
1013 1737 1155 1786 reor,
1187 1733 1309 1776 ortu
1343 1732 1397 1777 et
1428 1723 1744 1778 educatione
1789 1723 2046 1779 divinitus

2149 531 2286 603 πρὸς
2323 535 2454 585 πᾶσι
2485 535 2596 595 τοῖς
2623 533 2802 597 ἄλλοις
2840 535 2933 586 καὶ
2974 533 3205 602 συνάψαι
3233 551 3298 604 με
3326 534 3403 605 τῷ
3424 535 3579 608 ἀνδρὶ
3614 539 3733 592 τού-

2148 638 2247 693 τῳ,
2276 621 2432 674 τοῦτο
2455 622 2516 693 δὴ
2542 623 2603 675 τὸ
2629 623 3154 692 κεφαλαιωδέστατον
3184 623 3417 689 πάντων,
3435 624 3732 698 ᾠκονομη-

2151 724 2299 771 σατο,
2319 707 2440 761 οὕτε
2469 711 2612 778 γένει
2633 711 2725 764 καὶ
2755 712 2946 782 αἵματί
2961 728 3048 782 μοι
3069 712 3390 783 ἀνθρωπίνῳ
3414 715 3517 767 τινὶ
3543 731 3730 786 προσ-

2149 800 2382 870 ήκοντα,
2425 799 2548 854 οὔτε
2585 801 2757 866 ἄλλως
2786 802 3174 875 προσοικοῦντα
3196 844 3212 868 ,
3245 806 3277 876 ἦ
3318 805 3444 858 ὂντα
3471 806 3601 861 τινὰ
3623 808 3731 861 τῶν

2151 892 2569 964 πλησιοχώρων,
2613 894 2734 948 οὔτε
2779 896 2871 948 καὶ
2907 897 3138 966 ὁμοεθνῆ
3177 896 3311 960 ὅλως
3365 897 3554 968 (ταῦτα
3599 900 3672 970 δὴ
3699 902 3730 955 ἃ

2149 985 2424 1055 πρόφασις
2471 986 2649 1054 φιλίας
2691 989 2784 1041 καὶ
2829 987 3072 1053 ἐνώσεως
3101 992 3213 1052 τοῖς
3246 990 3454 1054 πολλοῖς
3490 991 3609 1046 τῶν
3639 993 3730 1046 ἀν-

2151 1075 2382 1148 θρώπων
2405 1078 2667 1148 γίνεται),
2698 1079 2832 1133 ἀλλά
2862 1080 3128 1133 συνελόντι
3155 1083 3354 1148 εἰπεῖν,
3386 1081 3731 1151 ἀγνώστους,

2148 1167 2476 1240 ἀλλοτρίους,
2527 1170 2966 1242 ἀπεξενωμένους
2989 1211 3004 1235 ,
3058 1172 3296 1243 ἀλλήλων
3348 1174 3732 1244 ἀφεστηκότας

2149 1256 2426 1328 πάμπολυ,
2451 1259 2572 1313 ὅσον
2604 1262 2745 1330 μέσα
2769 1261 2894 1332 ἔθνη
2916 1261 3008 1315 καὶ
3026 1261 3124 1332 ὅρη
3148 1263 3241 1315 καὶ
3263 1263 3530 1332 ποταμοὺς
3555 1263 3731 1333 διείρ-

2148 1366 2235 1418 γει
2267 1352 2432 1420 ήμᾶς,
2468 1350 2572 1404 ὑπὸ
2611 1351 2712 1421 τῆς
2755 1352 2903 1416 Θείας
2943 1352 3110 1416 ὅντως
3159 1353 3252 1405 καὶ
3297 1355 3465 1423 σοφῆς
3509 1371 3731 1425 προμηο

2151 1441 2297 1504 Θείας
2333 1443 2412 1506 εἰς
2450 1443 2640 1495 ταυτὸν
2679 1442 2920 1511 ἀγαγὼν,
2973 1444 3072 1514 τὴν
3129 1445 3388 1516 σωτήριον
3434 1444 3560 1514 ἐμοὶ
3604 1444 3730 1497 σύν-

2147 1531 2263 1585 οδον
2303 1531 2504 1604 ταύτην
2532 1535 2941 1605 ἐμηχανήσατοο
2990 1535 3194 1588 ἄνωθεν
3229 1535 3380 1588 τοῦτο
3407 1537 3730 1607 προμηθού-

2151 1643 2308 1695 μενος
2357 1619 2530 1695 οἶμαι,
2577 1629 2641 1680 ὲκ
2681 1627 2902 1699 πρώτης
2951 1629 3214 1696 γενέσεως
3259 1629 3349 1682 καὶ
3387 1629 3727 1701 ἀνατροφῆς.

2148 1720 2269 1782 Πῶς
2303 1718 2360 1770 δὲ
2382 1758 2394 1778 ,
2429 1720 2634 1790 μακρὸν
2672 1719 2737 1773 ἂν
2772 1722 2854 1792 εἴη
2891 1720 3161 1786 διεξιέναι,
3193 1723 3311 1792 οὐχ).
3340 1721 3727 1794 ἀκριϐολογου-

478 1827 799 1882 procurans.
855 1812 1103 1878 Quonam
1159 1823 1337 1868 autem
1390 1822 1586 1884 pacto,
1639 1814 1856 1884 longum
1904 1823 2044 1870 esset

2153 1811 2296 1881 μένῳ
2343 1812 2497 1882 μόνον
2526 1812 2618 1865 καὶ
2649 1811 2814 1882 μηδὲν
2843 1812 3168 1883 παραλιπεῖν
3206 1791 3563 1884 πειρωμένῳ,
3604 1813 3722 1866 ἀλλ’

477 1919 925 1972 commemorare,
958 1921 1064 1961 non
1095 1906 1272 1960 solum
1300 1906 1344 1960 si
1372 1915 1622 1960 accurate
1654 1905 1838 1959 omnia
1863 1921 2048 1975 perse-

478 1996 573 2065 qui
605 1995 849 2066 nihilque
879 1999 1128 2051 omittere
1152 1996 1436 2065 studeam;
1473 1999 1566 2051 sed
1604 1998 1853 2066 quamvis
1879 1998 2044 2052 multa

478 2086 681 2157 passim
716 2087 1029 2155 prmteriens
1049 2128 1063 2152 ,
1095 2103 1263 2156 pauca
1295 2089 1608 2142 summatim
1638 2088 1838 2144 referre
1862 2090 2044 2144 velim.

545 2177 613 2232 Υ.
653 2177 836 2232 Prima
867 2179 1010 2232 enim
1044 2179 1293 2234 educatio
1323 2179 1392 2234 ab
1418 2188 1540 2234 ortu
1572 2179 1689 2248 ipso
1718 2181 1819 2235 sub
1854 2196 2048 2249 paren-

478 2279 594 2324 tum
623 2286 755 2326 cura
788 2270 892 2324 fuit
917 2312 932 2337 ,
967 2281 1020 2326 et
1050 2271 1209 2340 patrii
1259 2285 1440 2326 mores
1475 2273 1690 2327 erronei
1726 2291 1739 2326 :
1783 2287 1814 2326 a
1846 2273 2046 2342 quibus

476 2359 762 2415 liberatum
797 2359 862 2413 iri
892 2374 1010 2425 me,
1059 2373 1234 2428 neque
1263 2359 1437 2423 alius,
1479 2359 1705 2427 opinor,
1756 2358 2045 2427 quisquam

477 2460 784 2521 sperasset,
819 2466 993 2520 neque
1022 2451 1150 2505 mihi
1179 2466 1302 2520 spes
1334 2451 1438 2505 ulla
1483 2460 1617 2516 erat,
1666 2465 1834 2520 puero
1870 2451 2046 2505 adhuc

476 2551 529 2597 et
578 2541 806 2596 rationis
837 2541 1065 2610 experti,
1095 2541 1197 2595 sub
1227 2550 1378 2610 patre
1410 2539 1808 2608 superstitioso.
1845 2540 2045 2594 Secuta

475 2633 669 2687 deinde
693 2639 776 2687 est
802 2632 972 2701 patris
999 2631 1243 2696 amissio,
1271 2639 1324 2686 et
1351 2631 1556 2685 orbitas
1591 2648 1606 2686 :
1636 2645 1756 2700 quae
1777 2630 1910 2685 mihi
1936 2630 2047 2684 for-

478 2734 626 2777 tasse
661 2722 1022 2793 cognoscendi
1047 2722 1157 2776 veri
1184 2721 1396 2775 initium
1429 2720 1549 2776 fuit.
1577 2721 1732 2776 Tunc
1765 2722 1908 2775 enim
1935 2722 2046 2791 pri-

478 2830 627 2868 mum
659 2813 725 2868 ad
760 2814 995 2868 salutare
1019 2827 1316 2882 verumque
1340 2811 1578 2867 Verbum
1612 2811 1825 2878 transii,
1860 2813 2044 2866 nescio

479 2920 588 2974 quo
627 2914 816 2974 pacto,
865 2913 1155 2960 coactusne
1183 2903 1384 2974 potius,
1417 2919 1485 2958 an
1517 2903 1722 2958 volens.
1759 2901 2044 2968 Quodnam

478 2996 623 3049 enim
651 2994 918 3066 judicium
956 2994 1090 3048 mihi
1118 3003 1257 3056 erat,
1302 2993 1711 3063 quatuordecim
1742 3007 1914 3048 annos
1945 3009 2043 3046 na-

477 3088 572 3143 to?
613 3088 876 3145 Caeterum
902 3103 966 3142 ex
993 3101 1057 3142 eo
1099 3096 1356 3157 tempore,
1383 3085 1638 3140 advenire
1665 3084 1797 3138 mihi
1827 3100 2040 3140 sacrum

479 3179 584 3233 hoc
621 3178 858 3232 Verbum
906 3178 1102 3247 cmpit,
1146 3178 1302 3247 quasi
1336 3176 1569 3247 perfecta
1614 3176 1725 3246 jam
1767 3177 2044 3231 communi

478 3272 720 3326 omnium
757 3270 1036 3324 hominum
1071 3270 1314 3335 ratione;
1354 3268 1573 3322 advenit
1612 3282 1742 3321 sane
1788 3276 1902 3321 tum
1935 3267 2046 3335 pri-

480 3380 651 3420 mum.
684 3362 834 3431 Quod
864 3363 1113 3433 equidem
1155 3377 1262 3416 non
1293 3377 1542 3430 parvum,
1590 3361 1635 3413 si
1685 3360 1864 3414 minus
1891 3360 2043 3427 olim,

479 3471 626 3510 nunc
652 3464 794 3509 certe
826 3454 1177 3516 ratiocinans,
1196 3467 1363 3506 sacra:
1386 3460 1438 3505 et
1463 3451 1790 3505 admirandae
1815 3466 1939 3521 erga
1959 3465 2046 3504 me

477 3545 826 3616 providentiae
848 3544 1060 3614 signum
1085 3542 1224 3597 duco
1251 3562 1263 3597 :
1285 3543 1430 3596 hunc
1451 3558 1628 3596 rerum
1652 3543 1936 3596 decursum
1965 3541 2045 3594 in-

424 3653 428 3664 '
478 3646 656 3701 tuens,
687 3635 844 3690 annis
883 3636 957 3689 ita
987 3634 1302 3689 distinctum
1329 3671 1347 3698 ,
1395 3643 1455 3686 ut
1505 3633 1863 3702 praecedentia
1904 3633 2044 3688 banc

477 3737 691 3784 aetatem
718 3729 920 3790 omnia,
951 3736 1219 3797 quotquot
1248 3725 1486 3790 fuerunt,
1515 3725 1718 3779 erroris
1747 3739 1932 3795 opera,
1964 3725 2043 3778 in-

479 3819 661 3875 fantia:
690 3830 741 3874 et
772 3819 1002 3873 rationis
1029 3818 1224 3886 inopiae
1261 3805 1664 3877 tribuerentur;
1694 3830 1793 3870 nec
1827 3831 2042 3870 sacrum

480 3911 678 3968 frustra
704 3908 937 3966 Verbum
963 3910 1159 3964 anima:
1181 3909 1419 3963 nondum
1442 3907 1664 3961 rationis
1692 3906 1925 3974 compoti
1947 3907 2048 3961 da-

479 4014 664 4071 retur;
710 4002 938 4058 rationis
968 4016 1098 4056 vero
1121 4000 1233 4070 jam
1277 3998 1498 4070 capaci,
1534 3997 1784 4068 quamvis
1817 4014 1926 4052 non
1957 3999 2038 4054 di-

480 4095 619 4149 vina:
642 4108 897 4164 pureque
922 4091 1152 4146 rationis
1172 4132 1189 4160 ,
1234 4099 1289 4144 at
1324 4089 1537 4144 timoris
1569 4099 1713 4144 certe
1745 4089 2041 4143 secundum

481 4184 623 4240 hanc
660 4185 946 4247 rationem,
987 4182 1133 4236 illius
1174 4194 1365 4250 expers
1407 4194 1515 4232 non
1542 4187 1714 4242 esset;
1754 4178 1846 4232 sed
1880 4177 2042 4232 simul

479 4293 604 4332 cum
631 4271 887 4341 humana,
919 4274 1099 4329 divina
1122 4287 1339 4343 quoque
1374 4271 1429 4324 in
1462 4285 1547 4323 me
1576 4270 1839 4339 inciperet
1867 4271 2040 4324 ratio:

480 4369 609 4422 dum
656 4368 771 4421 haec
808 4366 1026 4436 quidem
1078 4364 1369 4428 adjuvabat
1417 4369 1682 4431 potestate
1733 4361 1864 4415 mihi
1912 4376 2044 4415 sane

2150 1903 2199 1953 εἰ
2235 1903 2348 1966 καὶ,
2395 1901 2463 1954 τά
2502 1901 2669 1954 πολλά
2704 1902 2915 1972 παρεὶς,
2955 1901 3163 1974 ἀθρόως
3197 1903 3390 1970 ὀλίγων
3417 1902 3526 1956 τῶν
3550 1920 3728 1972 κεν-ξα-

2149 1991 2548 2064 λαιωδεστέρων
2581 1993 2931 2064 μνημονεύειν
2971 1993 3305 2066 ἐθελήσαιμι.

2228 2179 2300 2232 E'.
2357 2178 2676 2248 'Avarpocpai
2707 2176 2815 2249 γάρ
2845 2179 2898 2231 αἱ
2931 2176 3138 2246 πρῶται
3170 2176 3233 2230 ὲκ
3257 2176 3554 2245 γενέσεως,
3580 2172 3719 2247 ἦσαν

2146 2267 2251 2320 ὑπὸ
2291 2267 2534 2336 γονεῦσι·
2579 2268 2672 2320 καὶ
2719 2267 2921 2338 πάτρια
2954 2265 3049 2336 ἔθη
3072 2264 3140 2318 τά
3175 2265 3603 2335 πεπλανημέναο
3653 2261 3721 2319 ὦν

2147 2360 2291 2430 ἡμᾶς
2323 2357 2847 2430 ὲλευθερωθήσεσθαι
2886 2355 3010 2409 οὔτε
3057 2356 3211 2420 ἄλλος
3251 2352 3410 2426 οἶμαι
3465 2358 3720 2425 upon-5&6-

2146 2468 2334 2520 κησεν,
2385 2449 2507 2504 οῦτε
2557 2449 2649 2503 καὶ
2695 2449 2815 2520 ἐμοὶ
2863 2447 3014 2512 ἐλπίς
3051 2466 3132 2511 τις
3156 2443 3223 2518 ἦν
3255 2447 3455 2518 παιδίῳ
3492 2447 3589 2518 μὲν
3615 2449 3720 2500 ὄντι

2145 2543 2237 2597 καὶ
2288 2543 2485 2613 ἀλόγῳ,
2541 2543 2646 2596 ὑπὸ
2701 2543 2866 2611 πατρὶ
2901 2541 2955 2594 δὲ
3003 2539 3370 2610 δεισιδαίμονι.
3431 2535 3567 2593 Εἶτα
3619 2556 3719 2592 πα-

2145 2632 2270 2706 τρὸς
2317 2631 2552 2704 ἀποϐολὴ
2597 2630 2691 2685 καὶ
2728 2632 2956 2700 ὀρφανία
3001 2633 3036 2702 ἢ
3077 2631 3140 2702 δή
3177 2629 3286 2701 (66)
3327 2647 3420 2701 μοι
3456 2632 3596 2701 τάχα
3634 2631 3721 2684 καὶ

2144 2725 2286 2796 ἀρχὴ
2329 2725 2429 2795 τῆς
2475 2724 2569 2778 τοῦ
2614 2723 2845 2794 ἀληθοῦς
2889 2721 3231 2790 ἐπιγνώσεως
3281 2715 3372 2792 ἦν.
3439 2721 3576 2775 Τότε
3617 2722 3720 2792 γὰρ

2145 2817 2360 2888 πρῶτον
2392 2815 2482 2869 ἐπὶ
2509 2817 2598 2868 τὸν
2624 2817 2883 2886 σωτήριον
2904 2813 2998 2867 καὶ
3016 2812 3186 2884 ἀληθῆ
3219 2812 3527 2884 μετετέθην
3546 2812 3718 2881 λόγον,

2143 2910 2243 2962 οὐκ
2266 2905 2361 2962 οἷδ’
2386 2910 2532 2971 ὅπως
2553 2949 2566 2972 ,
2593 2906 3107 2980 κατηναγκασμένος
3147 2905 3344 2975 μᾶλλον
3378 2905 3532 2977 ἥπερ
3565 2904 3717 2959 ἑκών.

2143 3001 2239 3065 Τίς
2276 3001 2383 3073 γὰρ
2415 3002 2535 3072 ἐμοὶ
2562 3001 2738 3072 κρίσις
2767 2996 2865 3071 ἦν,
2916 2998 3028 3052 ὄντι
3074 2998 3717 3070 τεσσαρεσκαιδεκαετεῖς

2145 3092 2288 3162 Πλὴν
2327 3092 2386 3157 ἐξ
2413 3092 2616 3145 ἐκείνου
2654 3109 2769 3155 πως
2815 3090 3097 3162 ἐπιδημεῖν
3147 3089 3244 3160 μέν
3279 3107 3368 3161 μοι
3393 3092 3424 3144 ό
3470 3090 3616 3160 ἱερὸς
3640 3091 3719 3144 585

2147 3185 2316 3251 Λόγος
2363 3184 2562 3255 ἤρξατο
2609 3183 2767 3246 εὐθὺς
2793 3221 2809 3249 ,
2839 3175 2926 3235 οἷα
2948 3183 3011 3253 δὴ
3055 3182 3176 3250 ἄρτι
3215 3180 3604 3253 πληρουμένου
3631 3180 3719 3234 τοῦ

2147 3275 2324 3328 κοινοῦ
2365 3277 2578 3329 πάντων
2613 3272 2910 3344 ἀνθρώπων
2952 3271 3109 3341 λόγου
3131 3315 3148 3338 ,
3205 3273 3474 3343 ἐπεδήμει
3503 3274 3549 3326 δ’
3581 3273 3719 3342 ὅμως

2145 3369 2264 3420 τότε
2293 3369 2527 3440 πρῶτον.
2581 3368 2644 3419 "0
2680 3367 2742 3437 δὴ
2773 3365 2866 3420 καὶ
2889 3369 2948 3420 οὐ
2976 3367 3194 3438 μικρὸν,
3223 3367 3273 3418 εί
3297 3367 3395 3418 καὶ⁵
3430 3367 3508 3437 μὴ
3537 3367 3718 3427 πάλαι,

2146 3456 2240 3512 νῦν
2292 3459 2421 3528 γοῦν
2476 3457 2924 3528 ἀναλογιζόμενος
2962 3459 3122 3528 ἐγὼ,
3181 3456 3449 3528 σύμϐολον
3508 3458 3719 3527 τίθεμαι

2144 3551 2242 3622 τῆς
2269 3551 2417 3621 ἱερᾶς
2446 3549 2536 3602 καὶ
2559 3548 2872 3620 θαυμαστῆς
2892 3549 3015 3620 περὶ
3036 3548 3132 3618 ἐμὲ
3164 3546 3452 3618 Προνοίας,
3482 3546 3582 3617 τὴν
3598 3563 3718 3598 συν-

2145 3639 2348 3711 δρομὴν
2393 3639 2592 3710 ταύτην
2629 3639 2767 3693 οὕτω
2809 3641 2919 3703 τοῖς
2965 3638 3106 3691 ἔτεσι
3134 3637 3596 3707 διηριθμημένην,
3635 3636 3720 3687 ἵνα

2145 3733 2212 3785 τά
2271 3734 2367 3802 μὲν
2425 3731 2695 3800 φθάνοντα
2747 3731 2923 3785 πάντα
2967 3730 3120 3802 τήνδε
3175 3728 3270 3800 τὴν
3318 3729 3561 3799 ἡλικίαν.
3622 3729 3720 3780 ὅσα

2146 3823 2354 3894 πλάνης
2403 3816 2468 3893 ἦν
2517 3822 2678 3893 ἔργα,
2726 3822 3009 3893 νηπιότητι
3057 3821 3147 3874 καὶ
3191 3819 3380 3891 ἀλογίᾳ
3424 3820 3721 3890 παραδεδο-

2148 3915 2287 3984 μένα
2389 3931 2402 3943 ·
2439 3913 2512 3986 μὴ
2555 3915 2726 3985 μάτην
2757 3913 2811 3967 δὲ
2838 3915 2866 3967 6
2900 3914 3041 3984 ἱερὸς
3068 3911 3341 3983 παραδοθῇ
3376 3912 3553 3978 Λόγος
3574 3911 3720 3980 ψυχῇ

2143 4005 2353 4058 οὐδέπω
2396 4005 2625 4077 λογικῇ·
2686 4007 2871 4076 λογικῇ
2921 4005 2976 4057 δὲ
3035 4004 3136 4074 ἤδη
3186 4004 3450 4072 γενομένη
3502 4003 3636 4072 (67),
3672 4006 3720 4054 εξ

2145 4097 2238 4150 καὶ
2283 4097 2355 4167 μὴ
2405 4095 2560 4165 λόγου
2606 4096 2749 4149 θείου
2805 4095 2897 4148 καὶ
2946 4093 3217 4166 καθαροῦ,
3265 4095 3428 4162 φόϐου
3454 4093 3593 4160 γοῦν
3623 4093 3720 4147 τοῦ

2145 4185 2283 4239 κατὰ
2319 4185 2406 4238 τὸν
2454 4185 2608 4252 λόγον
2654 4185 2823 4246 τόνδε,
2878 4187 2950 4257 μὴ
3003 4184 3205 4255 ἔρημος
3360 4185 3473 4237 ἀλλ’
3521 4187 3658 4256 ὁμοῦ
3694 4189 3726 4239 ὅ

2143 4293 2200 4328 τε
2231 4276 2566 4348 ἀνθρώπινος
2594 4278 2685 4330 καὶ
2714 4280 2742 4330 6
2769 4277 2907 4340 θεῖος
2949 4278 3177 4348 ἄρξηται
3209 4277 3265 4328 ἐν
3301 4277 3423 4346 ἐμοὶ
3450 4276 3618 4346 λόγος
3636 4296 3650 4308 ·
3693 4283 3720 4330 ι

2146 4367 2244 4436 μὲν
2289 4367 2494 4438 βοηθῶν
2525 4369 2590 4438 τῇ
2633 4358 2876 4457 citis-575A?
2915 4366 3010 4436 μὲν
3054 4367 3195 4436 ἐμοὶ,
3248 4366 3422 4436 οἰκείᾳ
3463 4365 3527 4418 δὲ
3574 4368 3724 4435 αὐτῷ

482 4457 877 4528 inexplicabili,
919 4455 1014 4511 sed
1044 4455 1216 4525 ipsius
1251 4454 1503 4524 propria;
1540 4453 1630 4506 illa
1662 4468 1790 4506 vero
1819 4453 2044 4518 adjuva-

2149 4456 2395 4527 δυνάμει-
2424 4458 2452 4509 ὁ
2498 4457 2553 4509 δὲ
2591 4453 2964 4526 βοηθούμενος.
3011 4457 3076 4506 Ὃ
3125 4455 3189 4525 δὴ
3213 4454 3590 4525 λογιζόμενον,
3631 4459 3724 4510 εὖ·

483 4551 661 4605 batur.
704 4549 860 4616 Quod
889 4563 1102 4602 mecum
1142 4546 1270 4600 dum
1305 4558 1516 4614 reputo,
1561 4545 1742 4599 laetitia
1783 4545 1944 4600 simul
1981 4558 2045 4598 ac

485 4645 679 4698 timore
710 4639 1010 4711 perfundor
1034 4655 1049 4691 :
1077 4639 1232 4692 laetus
1273 4636 1476 4691 scilicet
1514 4646 1802 4705 provectu;
1848 4636 2044 4690 timens

483 4746 686 4798 autem,
719 4748 789 4787 ne
829 4731 992 4786 tantis
1019 4728 1294 4784 beneﬁciis
1328 4727 1576 4787 allectus,
1630 4743 1658 4779 a
1697 4728 1798 4779 line
1840 4727 2041 4779 nihilo-

484 4825 667 4879 minus
697 4822 961 4876 aberrem.
995 4819 1101 4874 Sed
1125 4819 1268 4873 enim
1299 4818 1483 4871 nescio
1533 4832 1641 4885 quo
1671 4824 1827 4884 pacto
1857 4814 1908 4867 in
1944 4816 2046 4869 hac

483 4925 664 4986 parte,
710 4914 839 4968 dum
890 4911 1260 4966 admirabilem
1316 4918 1514 4962 nostrm
1561 4908 1628 4960 ad
1677 4908 1820 4961 hunc
1868 4908 2042 4960 virum

484 5006 837 5077 profectionis
881 5004 1339 5073 dispensationem
1383 5015 1603 5054 narrare
1645 5000 1793 5066 libet,
1837 4999 2046 5068 longio-

488 5115 602 5154 rem
636 5112 845 5152 moram
889 5097 1024 5150 mihi
1069 5098 1235 5151 traxit
1271 5098 1446 5151 oratio
1475 5114 1487 5150 :
1521 5109 1642 5164 qua:
1673 5093 1825 5163 prius
1861 5100 2043 5145 tamen

486 5190 570 5244 vel
614 5188 801 5258 paucis
845 5186 1024 5251 dictis,
1071 5185 1140 5240 ad
1187 5187 1302 5241 haec
1355 5185 1637 5256 sequentia
1691 5183 2041 5252 properabat;

560 5319 674 5390 (66)
708 5321 780 5374 Ἣ
827 5317 932 5390 δήἒ
965 5318 1305 5390 Hmschelius
1360 5317 1528 5390 edidit
1580 5318 1613 5386 ἧ
1669 5323 1792 5368 ante
1840 5313 1940 5384 δή,
1973 5321 2044 5390 _et

484 5383 585 5462 ἤδη
613 5383 859 5462 conjecit.
891 5388 1137 5462 Vossius,
1155 5388 1538 5462 ﬁ.UC_onjuugc,
1564 5383 1616 5439 ct
1640 5394 1841 5439 mutata
1860 5383 2042 5462 inedia

487 5453 541 5514 in
568 5453 654 5531 δή,
687 5453 802 5527 lege
830 5461 862 5530 ἢ
889 5460 1018 5530 ἤδη.
1047 5453 1189 5531 Sane
1218 5460 1327 5527 ἥϐη
1352 5453 1544 5526 incipit
1568 5471 1710 5509 anno
1731 5453 2040 5531 artatis_§iv,

488 5521 649 5600 quem
677 5521 862 5597 ipsum.
888 5521 1087 5582 annum
1111 5521 1403 5597 Gregorius
1439 5521 1564 5600 mox
1603 5525 1869 5600 nomina_t._
1907 5521 2042 5575 Paro

489 5594 648 5653 ticula
688 5594 794 5667 γάρ
839 5601 1175 5668 subsequens
1203 5594 1266 5668 et.
1302 5612 1422 5668 quia
1468 5596 1722 5662 deinceps
1770 5594 2044 5668 adduntur

491 5684 662 5736 usque
703 5663 778 5720 ad
821 5663 1035 5720 ossam
1060 5663 1283 5736 λογικῇ,
1315 5663 1548 5734 aliquam
1591 5679 1702 5718 rem
1747 5663 2039 5733 postulant,

491 5747 612 5806 post
641 5737 1022 5806 disjuuctivam
1051 5737 1117 5808 ﬁ;
1168 5754 1285 5807 qtne
1313 5752 1396 5790 res
1433 5736 1633 5806 potius,
1672 5749 1832 5804 quam
1876 5736 2046 5803 69:90:-

2149 4549 2417 4618 φροσύνης
2446 4547 2579 4617 ὁμοῦ
2613 4547 2706 4598 καλ⁸
2733 4546 2882 4608 δέους
2919 4544 3250 4614 ἀναπίπλησί
3289 4562 3376 4614 με,
3407 4547 3722 4614 μεγαλυνιόο

2151 4657 2307 4710 μενον
2336 4639 2430 4708 μὲν
2457 4641 2521 4708 τῇ
2554 4640 2867 4708 προαγωγῇ,
2903 4636 3229 4705 φοϐούμενον
3257 4636 3334 4698 δὲ,
3373 4636 3443 4706 μή
3472 4653 3583 4706 πη,
3623 4639 3724 4690 καὶ

2145 4730 2396 4783 τοιούτων
2438 4729 2686 4794 ἀξιωθεὶς
2719 4727 2814 4780 τοῦ
2858 4728 3041 4789 τέλους
3071 4728 3270 4796 ὁμοίως
3302 4728 3508 4795 σφαλῶ.
3557 4729 3726 4782 Ἀλλά

2145 4824 2253 4891 γὰρ
2281 4822 2376 4874 οὐκ
2425 4817 2520 4874 οἷδ’
2553 4820 2697 4881 ὅπως
2739 4818 3052 4890 ὲνεϐράδυνέ
3104 4835 3191 4888 μοι
3217 4818 3349 4888 τῷδε
3373 4817 3450 4887 τῷ
3492 4821 3660 4890 μέρει
3697 4825 3724 4872 ὁ

2146 4913 2319 4980 λόγος,
2366 4912 2462 4982 τὴν
2509 4910 2826 4981 θαυμαστὴν
2877 4909 3182 4978 οἰκονομίαν
3233 4908 3367 4979 πρὸς
3407 4909 3497 4960 τὸν
3545 4911 3728 4980 ἄνδρα

2145 5001 2291 5054 τόνδε
2317 5001 2419 5071 ὁδῷ
2443 5000 2798 5072 διηγήσασθαι
2833 5000 3018 5062 θέλων,
3055 4997 3297 5053 σπεύδων
3323 4999 3378 5052 δὲ
3401 5001 3555 5069 ὅμως
3585 5004 3726 5072 7:?6‘

2144 5107 2299 5162 τερον
2345 5092 2438 5144 καὶ
2486 5090 2985 5161 βραχυλογούμενος
3015 5090 3108 5141 ἐπὶ
3139 5089 3264 5141 τάδε
3311 5091 3380 5142 τὰ
3421 5087 3580 5157 ἑξῆς,
3617 5094 3726 5161 οὐχ

2145 5183 2220 5245 ὡς
2263 5181 2533 5252 εὐφημίαν
2578 5180 2926 5250 ὀφειλομένην
2966 5178 3042 5249 τῷ
3087 5177 3258 5242 οὕτως
3299 5181 3730 5251 οἰκονομήσαντι

2146 5318 2254 5380 νία,
2277 5315 2533 5383 Gregorio
2559 5317 2801 5371 videatur
2823 5317 3032 5387 initium
3061 5317 3392 5387 agnoscendi
3426 5319 3544 5373 veri
3568 5330 3728 5372 atm-

2146 5387 2273 5439 lisse
2301 5405 2311 5438 :
2357 5387 2531 5458 attulit
2561 5400 2736 5441 autem
2771 5386 2900 5458 ἧϐη.
2941 5385 3137 5458 Neque
3165 5390 3321 5441 obest
3352 5389 3490 5458 τάχα
3512 5427 3529 5449 ,
3566 5388 3730 5457 quad

2146 5459 2196 5508 vi
2222 5457 2382 5524 ctyini
2416 5455 2661 5524 τάχιστα,
2695 5467 2752 5510 ut
2784 5455 2927 5527 μάλα
2955 5455 3307 5527 οιίμάλιστα,
3339 5455 3523 5525 potius
3561 5455 3726 5512 illir-

2146 5535 2278 5585 mat,
2315 5540 2476 5592 quam
2507 5524 2814 5582 addubitat.
2832 5524 3065 5581 BENGELL

2215 5595 2341 5717 (67)é
2380 5595 2604 5663 Λογιικῇ
2660 5598 2964 5665 γενομένῃ.
3012 5597 3159 5666 Legit
3196 5594 3484 5666 Bengelius

2215 5682 2314 5717 νοιι
2345 5681 2431 5717 νη.

2146 5681 2407 5736 γενομενη
2419 5705 2431 5715 .

2887 5849 2969 5859 -δυ
