3876 6512
483 336 504 389 1
517 333 622 389 067

1577 338 1632 391 S.
1674 333 2000 392 GREGORII
2043 333 2542 394 'HIAUMATURGI
2635 364 2638 367 -

3553 341 3665 397 tota

477 459 587 513 huc
619 455 868 513 veniendi
899 463 953 510 et
989 470 1110 510 eum
1159 456 1277 510 viro
1309 458 1693 526 congrediendi
1722 472 1888 514 causa
1914 457 2030 512 adet

2152 459 2449 527 ἀναγκαῖον
2476 455 2544 530 ἦν
2575 461 2697 513 ὅσον
2731 459 2842 531 (76]
2877 460 2966 513 ἐπὶ
2989 463 3098 525 τοῖς
3136 459 3318 530 νόμοις
3343 460 3507 531 ἡμῶν,
3537 463 3666 516 δυνα-

476 551 786 608 necessaria
825 560 963 611 erat,
996 564 1107 621 qua
1150 565 1364 620 possem
1397 566 1492 620 per
1535 552 1676 620 leges
1716 559 1931 606 nostras
1976 551 2043 604 ad

478 644 847 700 Romanorum
879 643 1146 698 civitatem
1170 642 1461 713 proﬁcisci.
1505 641 1626 708 Quo
1660 657 1797 713 ergo
1823 643 2040 697 tandem

467 736 638 796 modo
683 735 735 789 id
771 750 1092 790 concessum
1139 734 1262 790 est?
1310 733 1537 788 AHinem
1597 726 1804 800 meum,
1835 734 2042 789 sororis

464 847 611 893 mea:
683 829 896 895 virum,
953 827 1255 884 Palaestina:
1337 836 1450 882 tum
1501 842 1720 897 praeses,
1756 842 2043 882 assumens

477 929 714 989 repente,
771 920 1061 989 solumque
1096 927 1150 973 et
1185 918 1414 972 invitum
1451 933 1480 971 a
1512 917 1742 987 conjuge
1781 917 2038 981 avellens,

476 1013 584 1067 huc
624 1012 869 1078 adduxit,
911 1010 1114 1065 auxilio
1160 1010 1262 1080 ipsi
1306 1009 1575 1074 futurum,
1610 1009 2040 1064 administratio-

482 1104 680 1173 nisque
732 1104 852 1173 cjus
915 1118 1076 1158 curas
1135 1102 1584 1172 participaturum
1637 1119 1648 1153 :
1690 1101 2041 1172 iurisperitus

473 1197 618 1250 enim
646 1204 782 1260 erat,
814 1204 867 1248 et
893 1193 1126 1248 fortasse
1153 1193 1329 1248 adhuc
1358 1202 1459 1247 est.
1491 1191 1593 1257 Qui
1623 1208 1731 1247 una
1762 1209 1884 1247 cum
1921 1195 2040 1264 ipso

474 1286 770 1357 profectus,
809 1302 1032 1340 uxorem
1067 1301 1097 1339 a
1125 1301 1232 1354 qua
1267 1286 1510 1355 separari
1551 1301 1609 1340 se
1640 1302 1781 1358 atgre
1809 1286 2036 1355 ferebat,

475 1381 618 1434 haud
651 1379 821 1436 multo
856 1387 976 1448 post
1009 1387 1289 1432 evocatam
1329 1386 1666 1447 recepturus,
1700 1389 1752 1432 et
1785 1394 1884 1433 nos
1913 1395 2037 1435 cum

472 1473 564 1527 illa
590 1472 752 1527 simul
777 1469 1413 1534 attracturus,discessit.
1454 1469 1644 1524 Statim
1674 1485 1821 1541 ergo,
1856 1471 2038 1526 nescio

472 1563 749 1634 quomodo
782 1562 937 1617 nobis
972 1563 1302 1634 peregrinari
1331 1561 1573 1631 quidem,
1601 1562 1693 1616 sed
1720 1563 1827 1616 alio
1856 1564 2037 1632 potius

469 1671 634 1726 quam
688 1654 757 1709 ad
809 1655 924 1709 hzec
971 1654 1088 1708 loca
1136 1669 1360 1725 pergere
1412 1653 1821 1730 cogitantibus,
1881 1655 2037 1710 miles

470 1748 644 1802 adfuit
672 1761 797 1800 cum
831 1744 1121 1811 mandatis,
1153 1753 1212 1798 ut
1239 1759 1482 1799 sororem
1509 1744 1724 1812 quidem
1762 1746 1826 1797 ad
1858 1745 2032 1798 virum

469 1845 757 1893 venturam
777 1875 792 1900 ,
825 1852 925 1892 nos
949 1852 1078 1890 vero
1107 1852 1230 1890 cum
1267 1836 1354 1890 illa
1383 1836 1482 1890 via:
1511 1836 1689 1890 socios
1716 1835 2032 1890 deduceret:

468 1931 870 2001 gratilicaturos
898 1927 1085 1997 utique
1112 1927 1277 1992 aiiiui,
1307 1927 1399 1982 sed
1427 1928 1600 1982 multo
1633 1927 1802 1997 magis
1828 1927 2032 1992 sorori,

468 2037 538 2076 ne
579 2029 674 2076 aut
721 2020 903 2074 minus
953 2019 1222 2086 decenter,
1264 2027 1359 2073 aut
1398 2019 1581 2073 minus
1627 2017 1857 2072 libenter
1895 2019 2032 2072 viam

468 2113 676 2169 iniret:
716 2112 1030 2168 domesticis
1069 2112 1200 2181 ipsis
1238 2120 1290 2166 et
1317 2111 1564 2182 cognatis
1592 2111 1955 2173 hortantibus,
1984 2119 2037 2164 et

466 2222 576 2261 non
616 2205 874 2277 exiguum
914 2205 1058 2258 aliud
1099 2204 1370 2274 quoddam
1417 2220 1597 2274 opera).
1638 2205 1872 2271 pretium
1920 2202 2034 2258 fore

465 2298 960 2364 contendentibus,
1009 2297 1053 2352 si
1104 2299 1170 2352 ad
1214 2296 1555 2368 Berytiorum
1610 2298 1795 2350 urbem
1852 2295 2030 2368 legum

464 2389 577 2445 illic
620 2388 800 2444 studia
840 2388 1108 2457 peracturi
1156 2388 1481 2442 veniremus.
1537 2385 1729 2440 Omnia
1768 2401 1899 2456 ergo
1935 2402 2035 2442 nos

465 2481 790 2546 incitabant,
826 2489 942 2533 tum
977 2494 1100 2549 erga
1135 2494 1377 2534 sororem
1413 2478 1670 2544 cilicium,
1701 2486 1815 2531 tum
1849 2488 2031 2532 nostra

465 2574 710 2643 ipsorum
758 2571 1083 2640 disciplina;
1132 2571 1200 2624 ad
1245 2572 1387 2637 haec,
1435 2570 1591 2626 miles
1641 2570 1776 2639 ipse,
1816 2571 2033 2640 quando

465 2665 632 2733 hujus
649 2663 1127 2734 quoquefaeienda
1158 2671 1242 2717 est
1272 2664 1496 2724 mentio,
1517 2661 1827 2716 facultatem
1854 2661 2032 2717 ferens

466 2757 702 2827 plurium
730 2771 892 2826 quam
922 2771 1058 2824 opus
1087 2765 1230 2816 erat,
1265 2755 1603 2823 publicorum
1638 2755 2030 2818 vehiculorum,

462 2858 520 2902 et
551 2849 775 2918 majoris
807 2847 1018 2901 numeri
1063 2846 1304 2917 symbola
1341 2861 1501 2914 quam
1536 2860 1633 2915 pro
1667 2847 1781 2900 sola
1822 2861 2028 2900 sorore.

466 2940 642 3011 Atque
679 2940 795 2994 haec
823 2939 1041 3008 quidem
1084 2940 1137 2991 in
1179 2946 1406 3007 aperto;
1440 2953 1637 2991 arcana
1687 2947 1892 2999 autem,
1937 2937 2031 2992 sed

464 3031 674 3086 veriora
718 3050 731 3085 :
775 3029 1199 3085 communicatio
1240 3044 1364 3082 cum
1409 3029 1511 3083 hoc
1535 3029 1675 3094 viro,
1707 3044 1835 3084 vera
1868 3027 2030 3084 Verbi

461 3139 559 3193 per
593 3122 770 3191 ipsum
813 3121 1050 3191 cognitio
1086 3127 1140 3173 et
1177 3118 1444 3185 doctrina,
1476 3118 1780 3172 animarum
1816 3127 2029 3174 nostra—

463 3229 584 3268 rum
630 3213 876 3278 utilitas,
925 3212 991 3266 ad
1027 3211 1253 3265 salutem
1302 3226 1402 3265 nos
1435 3211 1784 3265 caecutientes
1813 3212 2029 3281 quidem

461 3317 516 3360 et
562 3307 816 3376 ignaros,
868 3303 960 3358 sed
1007 3313 1186 3357 tamen
1233 3300 1456 3356 salutari
1500 3301 1731 3355 consilio
1779 3302 2027 3358 ducebat.

463 3401 644 3466 Quare
693 3413 800 3452 non
850 3396 1028 3460 miles,
1075 3395 1168 3450 sed
1208 3394 1425 3449 divinus
1456 3393 1677 3463 quidam
1711 3393 1811 3448 via:
1848 3409 2031 3450 comes

460 3502 517 3548 et
559 3493 820 3547 deductor
876 3490 1055 3544 bonus
1102 3496 1266 3557 atque
1313 3495 1528 3555 custos,
1583 3487 1676 3558 qui
1724 3503 1818 3557 per
1862 3497 2031 3541 totam

461 3586 604 3639 hanc
644 3583 830 3645 vitam,
864 3590 1121 3650 tauquam
1156 3595 1249 3649 per
1286 3580 1501 3650 longam
1539 3579 2030 3650 peregrinationem

465 3690 568 3730 nos
613 3671 884 3740 custodit;
938 3681 1050 3725 tum
1100 3671 1202 3724 alia
1249 3669 1583 3739 praeteriens,
1626 3678 1737 3724 tum
1778 3669 2031 3741 Berytum

463 3780 629 3834 quam
669 3773 858 3834 optare
917 3761 1155 3817 maxime
1209 3761 1558 3832 putabamur,
1593 3761 1701 3815 huc
1748 3776 1850 3816 nos
1885 3770 2032 3816 recta

459 3857 752 3928 perductos
797 3855 887 3910 hic
930 3853 1261 3910 collocavit:
1299 3854 1478 3908 omnia
1532 3852 1736 3909 faciens
1778 3868 2032 3908 movens-

461 3964 590 4019 que,
621 3946 801 4016 quoad
829 3944 977 3999 omni
1008 3959 1103 3998 nos
1134 3959 1235 4012 upe
1262 3958 1384 3998 cum
1415 3944 1518 3997 hoe
1547 3942 1842 3996 multorum
1875 3941 2031 3996 nobis

463 4043 732 4094 bonorum
779 4046 1003 4094 auctore
1051 4038 1348 4108 colligaret.
1406 4034 1473 4090 Et
1516 4035 1604 4089 ille
1652 4033 1895 4106 quidem,
1937 4036 2030 4104 qui

461 4137 659 4190 horum
689 4150 855 4190 causa
886 4139 1129 4199 venerat,
1167 4145 1355 4186 curam
1397 4129 1524 4183 huic
1564 4127 1784 4182 tradens
1813 4127 2029 4182 divinus

461 4228 708 4297 angelus,
753 4227 844 4281 hic
882 4224 1116 4280 fortasse
1157 4220 1498 4290 conquievit,
1544 4235 1650 4273 non
1695 4219 1878 4273 labore
1922 4219 2031 4273 ullo

463 4321 545 4374 vel
576 4320 823 4374 molestia
873 4318 1079 4373 fractus
1125 4313 1477 4386 (infatigabile
1505 4322 1588 4367 est
1625 4312 1768 4367 enim
1815 4312 2030 4365 divino-

460 4427 583 4465 rum
636 4411 1008 4465 t'ninistrorum
1061 4407 1291 4480 genus);
1349 4406 1443 4459 sed
1490 4405 1616 4474 quia
1658 4403 1879 4459 tradidit
1931 4418 2030 4457 nos

2147 552 2236 604 τὸν
2270 552 2328 605 ὃν
2374 554 2467 606 καὶ
2504 554 2596 606 ἐπὶ
2647 555 2744 624 τὴν
2810 553 3090 623 Ῥωμαίων
3138 552 3476 622 ἀποδημῆσαι
3521 553 3662 606 πόλιν.

2146 644 2269 708 Πῶς
2292 641 2382 698 οὖν
2409 647 2502 699 καὶ
2532 646 2686 699 τοῦτο
2719 646 3068 717 ἐξεπορίσθης
3100 645 3380 716 Κηδεστήν
3413 662 3507 715 μου
3528 646 3668 718 ἄνδρα

2145 735 2377 807 ἀδελφῆς
2409 737 2565 808 ἐμῆς,
2601 739 2628 789 6
2665 737 2784 790 τότε
2821 738 3001 806 ἄρχων
3032 736 3139 789 τῶν
3169 735 3541 800 Παλαιστίνων,
3568 734 3666 788 τοῦ·

2143 845 2233 881 τον
2273 827 2600 899 παραλαϐὼν
2643 828 2899 900 ἐξαίφνης
2933 829 3132 882 ἄκοντα
3178 829 3334 898 μόνον
3368 827 3665 898 κεχωρισμέ-

2143 937 2230 973 νον
2264 923 2361 993 τῆς
2393 922 2697 991 ὀμοκοίτου,
2751 922 2959 990 ἤγαγεν
2999 920 3258 983 ἐνταῦθα,
3321 918 3665 988 συνεπιϐπθή-

2145 1027 2304 1064 σοντα
2361 1012 2452 1064 καὶ
2495 1010 2892 1080 κοινωνήσοντα
2939 1009 3046 1062 τῶν
3081 1009 3174 1062 τοῦ
3221 1009 3404 1072 ἔθνους
3447 1009 3666 1079 ἄρχοντος

2142 1100 2350 1152 πόνων·
2403 1101 2622 1171 νομικὸς
2666 1100 2777 1172 γάρ
2832 1118 2914 1163 τις
2957 1095 3045 1172 ἦν,
3098 1100 3190 1154 καὶ¹
3241 1099 3384 1152 ἔστιν
3445 1101 3561 1162 ἴσως
3584 1099 3664 1152 ἔτι.

2147 1192 2242 1252 Ὃς
2303 1189 2365 1262 δὴ
2425 1189 2592 1244 ἐλθὼν
2660 1193 2773 1262 ἅμα
2849 1190 2997 1260 αὑτῴ
3056 1189 3243 1261 ἔμελλε
3307 1191 3404 1261 μέν
3466 1190 3557 1241 οὐκ
3605 1191 3666 1251 εἰς

2144 1281 2351 1353 μακρὸν
2405 1284 2794 1352 μετάπεμπτον
2852 1281 3223 1352 ἀπολήψεσθαι
3277 1281 3372 1352 τὴν
3440 1285 3664 1350 γυναῖκα,

2141 1371 2392 1442 ἐπαχθῶς
2459 1373 2626 1444 αὐτῆς
2696 1372 2792 1426 καὶ
2866 1373 3016 1426 ἄκων
3096 1373 3528 1444 κεχωρισμένος,
3594 1372 3667 1426 καὶ

2138 1466 2284 1535 ἡμᾶς
2346 1464 2400 1517 δὲ
2461 1466 2576 1536 ἅμα
2635 1466 2771 1536 αὐτῇ
2835 1463 3334 1535 συνεπισπώμενος.
3419 1464 3667 1532 Ἐξαίφνης

2137 1553 2304 1623 γοῦν,
2358 1555 2458 1607 οὐκ
2520 1549 2615 1606 οἶδ’
2667 1551 2845 1617 ὅπως,
2894 1555 3197 1624 ἀποδημεῖν
3245 1555 3362 1625 μὲν,
3417 1553 3524 1606 ἀλλ’
3573 1552 3664 1604 ἐτέ-

2139 1648 2272 1722 ρωθί
2318 1667 2415 1702 ποι
2449 1649 2647 1719 μᾶλλον
2681 1648 2978 1720 ἀποδημεῖν
3025 1651 3168 1720 ᾗπερ
3207 1647 3440 1701 ἐνταῦθα
3472 1647 3669 1699 διανοου-

2142 1739 2322 1809 μένοις
2348 1741 2478 1810 ἡμῖν
2504 1740 2706 1810 ἐπέστη
2742 1737 3077 1810 στρατιώτης
3116 1739 3296 1808 φέρων
3325 1737 3555 1806 ἐντολὴν,
3583 1751 3665 1788 πα·

2139 1831 2446 1904 ραπέμπειν
2481 1833 2580 1903 μὲν
2621 1831 2716 1884 καὶ
2749 1830 3106 1895 διασώζεσθαι
3137 1830 3235 1902 τὴν
3276 1830 3509 1900 ἀδελφὴν
3545 1827 3670 1898 ἡμῶν

2135 1923 2657 1994 καταλαμϐάνουσαν
2685 1924 2774 1976 τὸν
2811 1923 2998 1994 ἄνδρα,
3021 1924 3172 1991 ἄγειν
3191 1922 3247 1975 δὲ
3271 1924 3363 1975 καὶ
3387 1925 3531 1993 ἡμᾶς
3554 1937 3670 1972 συνο-

2133 2013 2412 2086 δοιπόρους
2445 2017 2538 2087 ἀμ’
2573 2016 2707 2087 αὐτῇ
2727 2033 2739 2046 ο
2781 2015 3173 2087 χαριουμένους
3201 2015 3298 2085 μὲν
3325 2015 3422 2067 καὶ
3449 2013 3520 2084 τῷ
3545 2012 3669 2082 κηδε-

2138 2110 2258 2179 στῇ,
2311 2109 2406 2160 καὶ
2442 2108 2675 2179 μάλιστα
2705 2112 2769 2178 τῇ
2816 2108 3016 2178 ἀδελφῇ
3062 2109 3230 2176 (ὅπως
3267 2107 3342 2178 μὴ
3376 2107 3479 2160 οὐκ
3506 2106 3668 2173 εὐσχη-

2138 2218 2253 2270 μων
2274 2219 2333 2254 τε
2356 2201 2388 2271 ἢ
2412 2201 2744 2274 ὀκνηροτέρα
2765 2203 2898 2274 πρὸς
2915 2202 3009 2271 τὴν
3025 2201 3331 2272 ὁδοιπορίαν
3357 2197 3442 2271 ᾖ),
3468 2199 3669 2259 οἰκέταις

2135 2295 2316 2357 αὐτοῖς
2362 2295 2456 2347 καὶ⁹
2483 2298 2595 2359 τοῖς
2635 2295 2921 2364 συγγενέσι
2952 2296 3210 2366 τιμήσασι
3231 2311 3244 2322 '
3289 2294 3381 2346 καὶ
3414 2293 3475 2345 οὐ
3508 2289 3667 2362 μικρόν

2134 2405 2186 2440 τι
2209 2388 2391 2460 ἓτερον
2427 2387 2534 2440 τῶν
2561 2387 2835 2459 προῦργου
2873 2386 3352 2458 διαπραξαμένοις,
3402 2387 3452 2438 εί
3479 2385 3563 2438 ἐπὶ
3593 2383 3670 2453 τὴν

2135 2480 2411 2551 Βηρυτίων
2454 2478 2700 2550 ἔλθοιμεν
2732 2479 2906 2546 πόλιν,
2938 2481 3056 2532 ἐκεῖ
3079 2480 3140 2532 τὸ
3168 2479 3274 2531 τῶν
3309 2478 3490 2549 νόμων
3528 2475 3669 2548 μάθη-

2138 2589 2214 2642 μα
2275 2573 2674 2640 ἐκπονήσαντες
2733 2573 2866 2644 (77).
2946 2571 3129 2626 Πάντα
3183 2569 3474 2644 τοιγαροῦν
3529 2567 3668 2622 ἐκίνει

2135 2665 2299 2734 ἡμᾶς’
2327 2663 2387 2716 τδ
2415 2664 2549 2736 πρὸς
2573 2664 2669 2736 τὴν
2703 2665 2936 2738 ἀδελφὴν
2971 2665 3209 2734 εὔλογον,
3231 2663 3292 2716 τὸ
3320 2663 3574 2734 ἡμέτερον
3593 2659 3671 2712 αὐ-

2133 2753 2240 2807 τῶν
2284 2755 2544 2826 μάθημα·
2575 2755 2710 2826 πρὸς
2748 2756 2806 2808 δὲ
2854 2756 2946 2810 καὶ
2983 2759 3012 2810 6
3061 2754 3403 2828 στρατιώτης
3434 2753 3568 2825 (ἐπεὶ
3596 2750 3669 2803 καὶ

2134 2843 2294 2898 τοῦτο
2343 2847 2711 2918 μνημονεῦσαι
2759 2847 2859 2918 δεῖ)
2914 2846 3095 2917 φέρων
3142 2845 3390 2912 ἐξουσίαν
3448 2843 3668 2896 πλειόνων

2133 2935 2238 2990 τῶν
2275 2938 2545 3009 δημοσίων
2583 2939 2870 3010 ὀχημάτων
2895 2939 2995 3008 τῆς
3027 2939 3291 3010 χρήσεως,
3320 2938 3418 2990 καὶ
3464 2932 3672 3006 σύμϐολα

2136 3031 2372 3094 πλείονος
2406 3031 2640 3102 ἀριθμοῦ
2680 3034 2712 3102 ἡ
2725 3031 2839 3102 μῶν
2876 3031 3072 3102 μᾶλλον
3103 3032 3137 3102 ἢ
3173 3031 3270 3102 τῆς
3323 3029 3554 3100 ἀδελφῆς
3591 3026 3668 3097 μό·

2056 3145 2098 3202 C
2133 3141 2230 3194 νης
2277 3123 2453 3175 ἕνεκα.
2485 3123 2787 3194 Φαινόμενα
2828 3124 2924 3194 μὲν
2957 3123 3154 3177 ταῦτα·
3196 3123 3263 3177 τά
3312 3123 3370 3176 δέ
3416 3123 3490 3194 μὴ
3522 3117 3671 3190 φαινό-

2137 3233 2268 3288 μενα
2301 3215 2419 3286 μὲν,
2453 3215 2788 3288 ἀληθέστερα
2828 3215 2916 3280 δέ,
2951 3217 2983 3287 ἡ
3022 3215 3156 3286 πρὸς
3197 3217 3285 3267 τὸν
3324 3213 3496 3282 ἄνδρα
3517 3211 3672 3264 τοῦτον

2134 3309 2406 3372 κοινωνία,
2439 3309 2534 3381 τὴν
2567 3309 2738 3381 ἀληθῆ
2763 3310 2830 3363 δι’
2853 3309 3018 3362 αὐτοῦ
3045 3308 3154 3379 (78)
3182 3308 3310 3380 περὶ
3335 3307 3406 3360 τὰ
3439 3305 3528 3360 τοῦ
3541 3305 3670 3371 λόγου

2137 3401 2457 3472 μαθήματα,
2488 3403 2521 3471 ή
2571 3401 2678 3454 τῶν
2715 3401 2900 3472 ψυχῶν
2949 3401 3106 3472 ἡμῶν
3137 3400 3373 3470 ὠφέλεια
3405 3401 3487 3462 είς
3531 3411 3674 3465 crum,-

2135 3490 2274 3562 ρίαν,
2324 3485 2458 3562 ἦγεν
2503 3493 2649 3562 ἡμᾶς
2697 3492 2790 3544 ἐπὶ
2823 3492 2970 3554 τάδε,
3025 3489 3433 3560 τυφλώττοντας
3478 3488 3570 3560 μὲν
3597 3481 3672 3537 καὶ

2133 3583 2233 3636 οὐκ
2263 3582 2488 3648 εἰδότας,
2523 3584 2879 3657 σωτηριωδῶς
2920 3584 2978 3636 δέ
3007 3587 3157 3655 ἡμῖν.
3195 3579 3499 3653 Τοιγαροῦν
3538 3579 3622 3647 οὐχ
3651 3573 3675 3627 ὁ

2133 3674 2493 3748 στρατιώτης,
2533 3675 2672 3740 θεῖος
2717 3677 2773 3729 δέ
2810 3695 2894 3740 τις
2941 3675 3316 3744 συνοδοιπόρος
3357 3674 3453 3727 καὶ
3489 3665 3674 3739 πομπὸς

2134 3767 2337 3836 ἀγαθὸς
2384 3769 2477 3821 καὶ
2528 3769 2719 3839 φύλαξ.
2752 3770 2780 3821 6
2825 3769 2911 3822 διὰ
2947 3769 3147 3832 παντὸς
3186 3766 3279 3820 τοῦ
3318 3767 3434 3837 βίου
3478 3765 3674 3818 τούτου.

2133 3857 2320 3932 ὥσπερ
2371 3863 2587 3932 μακρᾶς
2651 3861 2956 3933 ὁδοιπορίας
2998 3860 3271 3924 διασώζων
3308 3862 3489 3931 ἡμᾶς,
3533 3872 3676 3928 παρα·

2137 3951 2468 4023 μειψόιμενος
2493 3953 2563 4006 τά
2583 3970 2640 4006 τε
2665 3953 2818 4017 ἄλλα,
2844 3955 2937 4007 καὶ
2964 3954 3061 4024 τὴν
3086 3952 3349 4024 Βηρυτὸν,
3378 3948 3448 4024 ἧς
3475 3951 3678 4022 μάλιστα

2132 4043 2307 4114 όρμᾷν
2357 4044 2588 4097 ἐνταῦθα
2621 4045 2895 4116 ᾠήθημεν,
2955 4045 3189 4100 ἐνταῦθα
3227 4045 3410 4115 φέρων
3446 4039 3678 4106 κατεστή-

2134 4151 2282 4199 σατο,
2323 4137 2498 4190 πάντα
2532 4137 2698 4191 ποιῶν
2729 4139 2822 4191 καὶ
2844 4139 3029 4203 κινῶν,
3063 4139 3168 4200 ἓως
3205 4136 3355 4208 πάσῃ
3387 4134 3595 4206 μηχανῇ
3617 4129 3680 4197 τῷ

2131 4227 2240 4280 τῶν
2272 4228 2479 4282 πολλῶν
2523 4232 2651 4302 ἡμῖν
2695 4230 2914 4300 ἀγαθῶν
2957 4230 3111 4301 αἰτίῳ
3147 4228 3320 4299 τούτῳ
3361 4229 3675 4298 συνδήσεται.

2132 4319 2242 4370 Καὶ
2267 4320 2294 4372 6
2329 4320 2424 4390 μὲν
2453 4319 2538 4374 διὰ
2560 4321 2826 4375 τοσούτων
2849 4321 3016 4376 ἐλθὼν
3045 4320 3142 4391 τὴν
3175 4320 3490 4390 οἰκονομίαν
3529 4332 3682 4386 παρει-

2131 4410 2305 4475 διδοὺς
2337 4411 2508 4486 τούτῳ
2534 4416 2562 4467 6
2590 4414 2730 4479 θεῖος
2759 4415 3004 4485 ἄγγελος,
3036 4414 3269 4469 ἐνταῦθά
3295 4431 3394 4466 που
3432 4413 3528 4466 καὶ
3571 4412 3682 4466 ἴσως

463 4503 692 4566 homini,
741 4503 834 4572 qui
875 4516 1088 4556 omnem
1134 4514 1256 4568 quie.
1298 4496 1540 4551 adhiberi
1586 4502 1795 4565 poterat
1842 4494 2025 4565 pravi--

2136 4502 2497 4572 ἀνεπαύσατο,
2530 4509 2628 4579 οὐχ
2654 4509 2758 4561 ὑπὸ
2787 4510 3032 4579 καμάτου
3067 4505 3268 4576 τινδςῆ
3311 4505 3512 4577 μόχθου
3549 4499 3683 4570 (ἀκα-

463 4597 703 4652 dentiam
738 4609 1038 4664 curamque
1067 4600 1212 4647 esset
1235 4590 1570 4660 expleturus.

2141 4610 2305 4663 ματον
2336 4597 2442 4669 γὰρ
2467 4599 2526 4652 τὸ
2551 4599 2657 4652 τῶν
2680 4600 2837 4654 θείων
2865 4599 3192 4671 λειτουργῶν
3225 4597 3440 4667 γένος),
3486 4595 3595 4649 ἀλλ’
3613 4594 3684 4646 ὅτι

462 4685 776 4758 παρέδωκεν
814 4684 1103 4757 ἀνθρώπῳ,
1156 4685 1355 4744 πᾶσαν,
1397 4681 1446 4732 εί
1488 4676 1726 4740 δυνατὸν,
1762 4679 2015 4746 πρόνοιαν
2042 4680 2134 4735 καὶ
2165 4683 2478 4754 ἐπιμέλειαν
2511 4691 2898 4763 ἀποπλήσοντι.

534 4780 622 4836 Vl.
672 4780 763 4834 llic
807 4793 936 4833 vero
980 4785 1261 4846 susceptos
1305 4790 1334 4827 a
1375 4773 1550 4842 prima
1604 4773 1693 4827 die
1739 4785 1860 4840 quae
1899 4785 2022 4824 vere

462 4874 596 4931 mihi
629 4875 802 4943 prima
833 4871 1028 4933 illuxit,
1063 4869 1332 4932 omnium,
1365 4868 1410 4922 si
1453 4866 1559 4921 dici
1598 4865 1775 4929 debet,
1814 4862 2026 4916 dierum

463 4966 597 5021 mihi
657 4963 1072 5026 honestissima,
1121 4962 1339 5032 quando
1395 4958 1528 5013 mihi
1583 4957 1819 5027 primum
1867 4969 2029 5008 verus

463 5054 666 5110 exoriri
716 5054 800 5108 sol
843 5051 1047 5122 cmpit,
1100 5049 1367 5120 principio
1411 5063 1509 5100 ceu
1561 5045 1702 5100 feras
1759 5040 2026 5115 quasdam

522 5281 634 5351 (76)
671 5280 862 5336 Οὐδὲν
975 5281 1145 5336 ὅσον.
1168 5282 1330 5336 Ὅσον
1355 5290 1439 5338 est
1461 5281 1750 5351 παρέλκον,
1775 5293 1834 5338 ut
1859 5283 2014 5340 solet.

452 5351 680 5405 BENGEL.
704 5382 774 5392 --
805 5352 1007 5406 Sensus
1033 5361 1133 5413 est,
1168 5353 1221 5404 ni
1247 5353 1419 5415 fallor,
1449 5351 1647 5407 nullam
1679 5355 1725 5408 ei
1755 5356 1909 5423 fuisse
1936 5371 2018 5408 ne-

451 5423 745 5493 crssitatem
794 5423 1204 5493 lmciveniendi,
1247 5423 1475 5493 discendi
1523 5424 1654 5493 luges
1703 5433 1861 5484 causa
1908 5426 2019 5492 (ἐπὶ

451 5495 565 5614 Eos;
582 5492 776 5615 Ιιςόμιοις
806 5492 1004 5563 ἡμῶν),
1036 5493 1290 5562 siquidem
1312 5492 1533 5546 Romam
1554 5492 1719 5563 posset
1743 5495 2014 5564 proﬁcisci.

477 5577 484 5595 ι
540 5599 552 5612 .
626 5578 687 5614 Ατ
730 5601 743 5614 .

531 5632 639 5700 (77)
698 5629 1196 5696 Ἐκπονήσαντες.
1253 5629 1638 5697 Casaubonus,
1701 5636 2016 5704 ἐκποιήσον-

465 5735 642 5854 "iis!
675 5771 791 5854 rip;
819 5770 1044 5854 annos,
1073 5770 1157 5854 ei"
1175 5771 1653 5854 qilto-ﬁ.nEllipsis,
1687 5776 1869 5843 quales
1900 5774 2019 5854 ius,

454 5841 730 5912 τηνάλλως
761 5841 866 5916 (cui
891 5841 1048 5915 plane
1074 5841 1282 5896 videtur
1315 5859 1344 5898 a
1375 5841 1628 5914 Gregorio
1656 5841 1774 5902 esse
1806 5848 2024 5914 opposi-

2205 4777 2292 4842 (τι.
2345 4778 2403 4832 Ὀ
2441 4779 2486 4833 δ’
2531 4779 2925 4852 ὑποδεξάμενος
2965 4781 3022 4847 ἐξ
3063 4780 3276 4852 ἡμέρας
3312 4778 3413 4848 τῆς
3449 4776 3679 4849 πρώτης.

2137 4872 2255 4944 (τῆς
2288 4874 2453 4938 ὅντως
2487 4875 2608 4946 ἐμοὶ
2646 4874 2887 4946 πρώτης,
2920 4875 3018 4944 τῆς
3047 4874 3378 4944 τιμιωτάτης
3411 4870 3620 4930 πασῶν,
3647 4868 3688 4919 εἱ

2136 4969 2216 5021 δεῖ
2246 4967 2442 5035 λέγειν,
2471 4965 2714 5037 ἡμερῶν,
2743 4966 2831 5018 ὅτε
2869 4982 2956 5035 μοι
2987 4965 3197 5036 πρῶτον
3225 4966 3253 5016 ὀ
3284 4961 3538 5031 ἀληθινὸς
3572 4963 3688 5013 dva-

2137 5061 2339 5115 τέλλειν
2394 5061 2540 5133 ἥλιος
2583 5059 2824 5130 ἤρξατο),
2863 5057 3077 5129 πρῶτον
3137 5057 3234 5126 μὲν
3264 5055 3451 5126 ὥσπερ
3531 5049 3688 5125 05,96;

2121 5293 2236 5362 tum
2279 5283 2377 5357 τὴν
2422 5286 2650 5362 ἀληθῆ),
2680 5287 2778 5362 τὴν
2808 5289 3036 5362 ἐαυτοῦ,
3070 5292 3171 5360 τὴν
3218 5290 3356 5362 ἐμὴν
3402 5292 3566 5362 μίαν,
3599 5291 3686 5358 τὴν

2123 5356 2344 5432 πρώτην
2363 5398 2376 5422 ,
2405 5428 2416 5432 _
2430 5358 2534 5432 τῂν
2586 5356 2880 5432 ταχίστηνο
2938 5361 3027 5432 ubi
3087 5356 3413 5416 subauditur
3443 5356 3681 5432 μερίδα,

2122 5425 2364 5500 γνώμην,
2395 5425 2553 5500 ὁδόν,
2578 5425 2693 5483 aut"
2715 5425 2819 5500 tale
2860 5430 3110 5498 quiddam
3144 5450 3156 5483 :
3191 5447 3415 5500 quorum
3448 5425 3684 5486 omnium

2124 5498 2365 5570 exempla
2414 5498 2694 5570 continent
2737 5499 3008 5555 Lamberti
3059 5501 3158 5556 Bos
3207 5498 3426 5570 Ellipses
3477 5502 3683 5556 Graecis.

2123 5566 2441 5640 Casaubono
2469 5569 2712 5640 placebat
2743 5571 2837 5623 καὶ
2865 5571 3056 5640 ἀληθῆ.
3092 5571 3148 5624 Si
3185 5566 3392 5626 mutato
3418 5587 3561 5640 opus
3588 5579 3684 5640 est,

2124 5636 2338 5712 mallem
2367 5637 2436 5712 τά
2468 5636 2674 5712 ἀληθῆ,
2720 5640 2921 5694 scilicet
2953 5636 3286 5712 μαθήματα,
3315 5636 3560 5712 περὶ’τά
3598 5639 3686 5691 τοῦ

2125 5705 2305 5780 λόγου.
2355 5707 2526 5760 Αὐτοῦ
2558 5705 2812 5764 ἰ-(ἑΐθιιιιῐ-
2842 5713 2906 5764 ad
2950 5705 3191 5773 militem,
3222 5712 3312 5780 qui
3356 5705 3562 5764 inscius
3597 5712 3688 5776 τὴν

2128 5776 2320 5852 ἀληθῆ,
2351 5794 2535 5852 verum
2561 5779 2793 5849 (viam),
2827 5782 3004 5847 duxit,
3039 5792 3096 5837 ut
3133 5776 3254 5838 cuni
3295 5780 3526 5852 Origene
3560 5795 3686 5834 con-

2123 5848 2458 5914 iungeretur.
2501 5849 2724 5904 BENGEL.
