3876 6500
211 329 352 386 ιυῦθ

1215 327 1283 383 ΙΝ
1320 326 1673 384 ORIGENEM
1711 325 1968 385 ORATIO
2007 330 2470 393 PANEGYRICA.

3316 336 3459 393 i070

207 461 363 508 τινας
397 444 620 517 ἀγρίους
649 444 682 515 ἢ
726 445 932 516 ίχθύας,
965 447 999 517 ἦ
1033 463 1184 511 τινας
1223 445 1420 519 δρνεις,
1451 446 1787 518 ἐμπεσόντας

1892 457 2150 518 agrestes,
2182 457 2276 503 aut
2299 449 2500 519 pisces,
2531 457 2627 504 aut
2651 465 2800 513 aves,
2833 448 2886 503 in
2929 450 3063 505 retia
3088 450 3172 506 vel
3200 465 3458 523 sagenam

210 538 315 608 μὲν
347 539 428 601 είς
461 542 561 601 τὰς
587 539 759 608 ἄρκυς
787 539 819 611 ἢ
855 540 935 603 είς
974 539 1073 603 τὰς
1102 540 1364 612 σαγήνας,
1400 538 1784 603 ὲξολισθαίνειν

207 629 269 682 δὲ
305 629 400 683 καὶ
420 630 831 702 ἀποδιδράσκειν
853 632 1245 704 πειρωμένους,
1285 633 1588 704 ἀναχωρεῖν
1603 650 1663 686 τε
1688 633 1782 686 ἀπ’

207 722 379 776 αὐτοῦ
434 723 791 793 βουλομένους
855 725 946 777 ἐπὶ
1005 723 1103 796 τὴν
1150 725 1390 797 Βηρυτὸν
1443 727 1476 798 ἢ
1529 725 1624 780 ἐπὶ
1686 724 1785 797 τὴν

211 814 471 886 πατρίδα,
512 816 873 887 συνδήσασθαι
906 816 1083 870 πάντα
1130 819 1328 889 τρόπον
1363 820 1779 889 ἐμηχανήσατο·

209 907 422 970 πάντας
444 907 634 976 λόγους
664 907 933 982 στρέφων,
967 909 1062 962 καὶ
1093 908 1268 962 πάντα
1301 908 1480 962 κάλων
1513 907 1703 980 (τοῦτο
1720 907 1785 980 δὴ

208 997 275 1051 τὸ
305 998 396 1052 τοῦ
431 999 612 1069 λόγου)
663 999 849 1064 κινῶν,
886 1001 980 1053 καὶ
1007 1000 1187 1064 πάσας
1208 1001 1305 1064 τὰς
1332 1000 1588 1071 δυνάμεις
1617 999 1783 1054 αὐτοῦ

209 1093 719 1165 προχειριζόμενος·
757 1093 992 1147 ἐπαινῶν
1031 1093 1128 1164 μὲν
1168 1093 1484 1162 φιλοσοφίας
1531 1091 1783 1164 ἐραστὰς,

213 1187 447 1256 μακροῖς
468 1187 578 1248 τοῖς
593 1185 833 1248 ἐπαίνοις
853 1187 946 1238 καὶ
967 1185 1179 1248 πολλοῖς
1198 1188 1311 1248 τοῖς
1332 1202 1390 1237 τε
1416 1187 1780 1258 προσήκουσι·

207 1276 437 1339 τούτους
469 1276 659 1347 μόνους
689 1277 786 1348 ζῇν
821 1277 990 1341 ὅντως
1018 1278 1110 1331 τὸν
1157 1278 1394 1346 λογικοῖς
1439 1279 1786 1349 προσήκοντα

209 1369 351 1440 βίον,
377 1368 570 1437 λέγων,
595 1371 721 1433 τοὺς
745 1369 920 1441 ὀρθῶς
949 1369 1095 1440 βιοῦν
1109 1369 1542 1440 ἐπιτηδεύοντας,
1561 1369 1787 1433 ἑαυτούς

205 1481 270 1516 τε
289 1461 672 1531 γινώσκοντας,
699 1462 911 1534 πρῶτον
931 1462 1124 1526 οἵτινές
1146 1465 1270 1525 είσι,
1285 1461 1518 1515 κᾶπειτα
1532 1461 1598 1516 τὰ
1620 1462 1788 1524 ὅντως

207 1556 397 1625 ἀγαθά
432 1555 467 1609 ἃ.
503 1555 854 1626 μεταδιώκειν
900 1555 1184 1627 ἄνθρωπον
1209 1555 1315 1628 χρὴ
1341 1556 1434 1609 καὶ
1465 1555 1534 1609 τὰ
1573 1554 1789 1627 ἀληθῶς

209 1640 443 1700 κακὰῶν
457 1644 776 1716 ἀποτρέχειν
786 1644 891 1697 -δεῖο
910 1644 1090 1713 ψέγων
1099 1643 1156 1697 δὲ
1173 1646 1271 1714 τὴν
1287 1644 1646 1715 αμαθίαν,καὶ
1663 1643 1788 1696 πάν-

205 1757 312 1801 τας
322 1739 447 1801 τοὺς
463 1737 711 1808 ἀμαθεῖς·
733 1735 915 1790 πολλοὶ
926 1737 981 1790 δὲ
993 1729 1138 1790 οὗτοι
1155 1736 1270 1788 ὅσοι
1284 1735 1311 1788 θ
1321 1753 1378 1807 ρε
1387 1754 1424 1806 μ
1430 1736 1615 1806 μάτων
1625 1736 1788 1806 δίκην

1886 540 2127 610 illapsos,
2159 541 2297 596 elabi
2327 551 2381 598 et
2412 540 2647 612 eﬂ'ugere
2694 552 2978 609 conantes,
3016 554 3070 597 et
3106 545 3360 600 secedere
3389 545 3458 600 ab

1887 629 2025 700 ipso,
2053 631 2308 704 Berytum
2350 648 2573 700 versus,
2621 642 2715 688 aut
2757 634 2811 688 in
2857 634 3085 703 patr-iam
3134 637 3458 706 cogitantes,

1886 724 2256 795 constringere
2298 727 2526 780 omnino
2573 742 2638 782 ac
2683 727 2919 781 retinere
2962 728 3168 782 studuit
3216 745 3230 782 :
3273 728 3459 784 omnia

1890 818 2176 870 verborum
2197 832 2392 889 genera
2408 819 2651 888 volvens,
2669 833 2884 873 onmem
2908 818 3088 873 funem
3113 819 3280 890 (quod
3298 830 3377 874 est
3403 819 3461 874 in

1886 907 2194 979 proverbio)
2240 925 2494 976 movens,
2530 911 2673 967 vires
2725 927 2855 968 snas
2894 927 3084 968 omnes
3135 928 3201 968 eo
3238 927 3461 967 conver-

1887 1009 2008 1057 tens
2038 1020 2052 1057 :
2081 1001 2211 1058 hinc
2243 1004 2647 1075 philosophiam
2689 1005 2919 1075 ejusque
2959 1014 3233 1061 amatores
3270 1006 3460 1061 multis

1889 1096 2142 1167 aptisque
2189 1096 2445 1153 laudibus
2489 1112 2861 1168 prosequens;
2900 1112 2994 1152 eos
3027 1098 3176 1153 solos
3205 1098 3344 1153 bene
3372 1097 3459 1153 vi-

1886 1203 2033 1254 vere,
2065 1187 2344 1258 vitamque
2388 1189 2617 1246 rationis
2653 1205 2755 1245 usu
2785 1190 3029 1260 praeditis
3068 1199 3461 1261 congruentem

1888 1294 2049 1350 agere
2085 1279 2294 1346 dicens,
2337 1278 2432 1349 qui
2475 1294 2597 1334 eam
2640 1288 2788 1335 recte
2844 1279 3124 1335 instituere
3171 1287 3459 1345 conentur,

1889 1382 1942 1427 et
1981 1387 2042 1427 se
2087 1372 2236 1442 ipsos
2277 1371 2518 1442 primum
2571 1387 2752 1436 nosse,
2806 1373 3029 1442 quinam
3081 1371 3230 1437 sint;
3266 1370 3462 1425 deinde

1888 1479 2018 1519 vera
2060 1463 2202 1518 bona
2252 1478 2373 1534 qua!
2405 1464 2659 1533 persequi
2698 1463 2973 1518 hominem
3026 1462 3200 1526 decet,
3240 1469 3294 1516 et
3332 1475 3462 1515 vera

1890 1557 2031 1611 mala
2067 1571 2096 1610 a
2125 1554 2325 1625 quibus
2357 1554 2610 1627 refugere
2635 1565 2878 1626 oportet;
2908 1555 3056 1609 illinc
3097 1552 3464 1624 ignorantiam

1891 1648 2315 1719 ignorantesque
2352 1663 2563 1711 omnes,
2607 1662 2842 1717 quorum
2891 1646 3128 1700 maxima
3158 1658 3242 1700 est
3280 1643 3460 1708 turba,

1891 1739 2234 1809 vituperans;
2286 1747 2552 1810 quotquot
2572 1738 2838 1810 pecudum
2867 1737 2995 1804 ritu,
3019 1745 3200 1792 mente
3221 1736 3368 1800 caeci,
3394 1750 3464 1791 ne

205 1828 613 1898 τυφλώττοντες
639 1828 728 1882 τὸν
759 1828 907 1892 νοῦν,
941 1828 1050 1881 οὐδ’
1098 1829 1228 1881 αὐτὸ
1271 1827 1430 1881 τοῦτο
1469 1829 1606 1900 ὅπερ
1647 1829 1783 1882 εἰσιν

1892 1827 1995 1884 hoc
2019 1829 2237 1898 quidem
2265 1829 2410 1899 quod
2437 1835 2566 1884 sunt
2613 1826 2944 1895 intelligunt,
2963 1835 3018 1881 et
3041 1827 3196 1896 quasi
3252 1827 3464 1881 ratione

206 1923 540 1991 ἐγνωκότες,
574 1920 762 1994 ὥσπερ
812 1922 995 1990 ἀλογοι
1040 1921 1476 1991 πεπλανημένοι,
1516 1921 1780 1992 ἀγαθὺνῆ

206 2014 382 2068 κακὸν
407 2015 434 2066 ὅ
464 2013 518 2065 τί
548 2015 677 2066 ποτέ
709 2015 876 2077 ἐστιν,
904 2013 1040 2076 ὅλως
1069 2012 1193 2066 οὗτε
1229 2013 1426 2077 εἰδότες
1454 2013 1634 2076 αὐτοὶ,
1660 2012 1784 2066 οὔτε

209 2107 406 2178 μαθεῖν
437 2106 710 2171 θέλοντες,
731 2106 805 2170 ὡς
842 2108 934 2160 ἐπὶ
963 2106 1163 2175 ἀγαθὸν
1187 2106 1402 2178 ᾄττουσι
1435 2107 1528 2160 καὶ
1558 2106 1784 2177 ἐπτόην-

202 2217 322 2261 ται,
357 2199 614 2270 χρήματα
646 2198 754 2268 (79)
788 2199 881 2250 καὶ
903 2196 1061 2260 δόξας
1095 2211 1188 2249 και
1211 2196 1378 2267 τιμὰς
1415 2195 1512 2258 τὰς
1543 2194 1650 2249 ἀπὸ
1674 2195 1783 2248 τῶν

204 2291 424 2344 πολλῶν
451 2291 544 2344 καὶ
571 2291 670 2362 τὴν
705 2290 802 2343 τοῦ
841 2289 1089 2360 σώματος
1121 2288 1332 2355 εὐεξίαν
1358 2305 1370 2318 ·
1406 2288 1546 2343 αὐτά
1573 2305 1630 2341 τε
1659 2287 1786 2359 περὶ

205 2381 409 2436 ¹νεολλοῦ
448 2383 541 2435 καὶ
584 2380 680 2434 τοῦ
718 2381 918 2444 παντὸς
960 2380 1262 2450 τιθέμενοι,
1311 2380 1406 2433 καὶ
1435 2380 1544 2433 τῶν
1580 2379 1784 2450 τεχνῶν

201 2478 336 2530 ὅσαι
384 2475 553 2528 ταῦτα
603 2473 982 2545 ἐκπορίζεσθαι
1035 2473 1327 2533 δύνανται,
1367 2474 1459 2527 καὶ
1498 2473 1607 2525 τῶν
1655 2473 1784 2543 βίων

201 2571 326 2623 ὅσοι
370 2569 542 2622 ταῦτα
567 2568 933 2640 παρέξονται,
969 2569 1227 2640 στρατιὰς
1255 2569 1348 2622 καὶ
1376 2570 1474 2640 τὴν
1505 2567 1784 2639 δικανικὴν

203 2664 308 2716 καὶ
355 2661 659 2732 ὲκμάθησιν
699 2660 798 2733 τὴν
839 2661 944 2714 τῶν
989 2661 1202 2733 νόμων·
1252 2660 1406 2714 ταῦθ’
1451 2660 1592 2732 ἅπερ
1636 2663 1786 2731 ἡμᾶς

203 2754 444 2815 ἀνέσειε,
477 2752 706 2823 μάλιστα
737 2752 910 2819 λέγων
935 2752 1028 2804 καὶ
1060 2751 1204 2821 μάλα
1236 2751 1526 2821 τεχνικῶς,
1558 2753 1652 2805 τοῦ
1689 2769 1786 2804 κυ-

205 2839 674 2911 ριωτάτου,φησὶ,
694 2839 869 2892 τῶνέν
895 2841 1026 2910 ἡμῖν
1055 2839 1214 2908 λόγου
1244 2840 1640 2912 ἀμελήσαντας.
1672 2843 1786 2894 Οὐκ

202 2930 322 3000 ἔχω
369 2929 462 2983 νῦν
498 2930 608 2999 ἐγὼ
653 2930 860 2999 λέγειν,
896 2930 1028 2992 ὅσας
1065 2931 1314 2994 τοιαύτας
1345 2930 1527 3002 ἐξήχει
1563 2931 1746 3001 φωνὰς
1769 2969 1784 2993 ,

204 3021 538 3093 προτρέπων
567 3021 901 3092 φιλοσοφεῖν·
936 3023 996 3074 οὐ
1033 3024 1159 3092 μιᾶς
1191 3023 1400 3094 ἡμέρας
1433 3023 1616 3094 μόνης,
1651 3021 1787 3076 ἀλλά

204 3117 307 3170 καὶ
357 3115 616 3168 πλειόνων
649 3117 788 3169 ὅσων
827 3113 974 3185 αὐτῷ
1012 3116 1345 3187 προσῄειμεν
1380 3115 1488 3167 τῶν
1529 3114 1782 3186 πρώτων,

205 3207 535 3278 βεϐλημένοι
567 3208 662 3278 μὲν
693 3206 878 3277 ὥσπερ
898 3207 1002 3259 τινι¹
1032 3206 1172 3276 βέλει
1196 3207 1272 3277 τῷ
1299 3209 1428 3278 παρ’
1455 3205 1616 3259 αὑτοῦ
1646 3206 1787 3276 λόγῳ

203 3300 303 3354 καὶ
337 3302 404 3352 ἐκ
436 3298 658 3370 πρώτης
689 3297 902 3369 ἡλικίας
937 3300 1048 3368 (80)
1081 3295 1166 3370 (ἦν
1195 3299 1302 3370 γάρ
1346 3316 1462 3362 πως
1497 3297 1591 3352 καὶ
1635 3299 1787 3370 ἡδείᾳ

202 3393 316 3446 τινὶ
346 3391 527 3462 χάριτι
571 3393 662 3444 καὶ
691 3392 868 3445 πειθοῖ
893 3393 984 3446 καί
1013 3409 1116 3444 τινι
1151 3392 1362 3462 ἀνάγκῃ
1397 3392 1783 3461 μεμιγμένος),

206 3485 570 3559 στρεφόμενοι
599 3485 655 3537 δέ
691 3502 808 3548 πως
841 3484 921 3536 ἐτι
963 3484 1058 3537 κα)⁸
1103 3483 1439 3553 λογιζόμενοι
1462 3499 1475 3512 ’
1512 3484 1606 3536 καὶ
1638 3483 1787 3553 φιλο-

206 3579 401 3646 σοφεῖν
444 3576 542 3647 μὲν
582 3577 1160 3647 προσκαρτερήσαντες
1203 3576 1412 3628 οὐδέπω
1458 3576 1632 3646 πάντη
1688 3593 1786 3628 πε-

203 3669 528 3740 πεισμένοι,
563 3668 892 3738 ἀφίστασθαι
921 3669 978 3721 δὲ
1011 3668 1173 3721 πάλιν
1213 3669 1313 3721 οὐκ
1351 3664 1447 3721 οἷδ’
1488 3669 1637 3732 ὅπως
1663 3708 1677 3732 ,
1725 3669 1785 3721 οὑ

202 3764 531 3832 δυνάμενοι·
563 3763 649 3815 ἀεὶ
680 3761 737 3815 δὲ
763 3761 953 3834 ὥσπερ
981 3762 1086 3815 ὑπό
1109 3779 1249 3815 τισιν
1283 3762 1547 3831 ἀνάγκαις
1578 3763 1786 3834 μείζοσι

202 3862 325 3920 τοῖς
364 3855 542 3924 λόγοις
573 3855 737 3910 αὑτοῦ
775 3857 912 3928 πρὸς
947 3857 1107 3910 αὑτὸν
1139 3857 1440 3926 ἑλκόμενοι.
1477 3857 1649 3920 Ὂλως
1682 3857 1786 3928 γὰρ

201 3950 317 4003 οὐδ’
345 3948 591 4001 εὐσεϐεῖν
627 3950 705 4012 είς
732 3948 823 4001 τὸν
851 3948 958 4000 τῶν
985 3949 1120 4002 ὅλων
1147 3949 1419 4020 Δεσπότην
1444 3949 1633 4020 (τοῦτο
1664 3950 1691 4002 ὃ
1723 3951 1785 4021 δὴ

207 4043 381 4111 μόνος
410 4038 519 4092 τῶν
558 4039 649 4091 ἐπὶ
686 4039 790 4109 γῆς
825 4040 1042 4092 πάντων
1080 4037 1233 4102 ζώων
1269 4041 1296 4091 ὁ
1332 4040 1611 4111 ἄνθρωπος
1645 4042 1788 4111 ἔχειν

203 4131 452 4203 ἐτιμήθη
500 4147 559 4183 τε
593 4130 686 4183 καὶ
719 4128 923 4201 ἠξιώθη
945 4171 960 4194 ,
995 4132 1085 4183 καὶ
1116 4131 1340 4195 εἰκότως
1375 4135 1481 4196 πᾶς
1509 4133 1785 4198 ὁστισοῦν,

204 4229 304 4280 καὶ
341 4225 505 4292 σοφὸς
533 4224 626 4277 καὶ
649 4223 864 4300 ἀμαθὴς
888 4264 902 4287 ,
937 4224 1252 4294 περιέχεται
1281 4223 1469 4278 τούτου
1489 4267 1503 4290 ,
1533 4227 1680 4300 ὅστις
1715 4228 1788 4300 μὴ

205 4317 501 4379 παντελῶς
533 4316 630 4378 τὰς
662 4316 872 4378 ἐννοίας
911 4315 1250 4369 ἀπολώλεκεν
1282 4317 1387 4370 ὑπό
1420 4335 1563 4382 τινος
1602 4336 1791 4390 φρενο-

201 4409 477 4472 ϐλαϐείας
496 4408 536 4478 )·
579 4409 638 4461 ού
672 4409 848 4462 τοίνυν
876 4408 996 4462 οὐδὲ
1024 4409 1268 4462 εὐσεϐεῖν
1297 4409 1433 4473 ὅλως
1461 4411 1682 4464 δυνατὸν
1712 4410 1790 4464 εἷ-

199 4523 298 4559 ναι
343 4504 616 4571 ἔφασκεν,
657 4501 832 4574 ὀρθῶς
865 4501 1058 4569 λέγων,
1093 4502 1166 4571 μὴ
1201 4501 1621 4574 φιλοσοφήσαντι
1643 4522 1655 4534 ·
1688 4505 1792 4569 ἓως
1823 4534 1870 4593 D

203 4599 450 4660 πολλοὺς
469 4596 739 4658 τοιούτους
759 4594 948 4657 ἄλλους
975 4596 1058 4648 ἐπ’
1078 4595 1255 4658 ἄλλοις
1281 4596 1560 4650 ἐπαντλῶν
1575 4597 1786 4666 λόγους,

203 4693 412 4762 ὣσπερ
435 4707 585 4752 τινας
616 4689 1238 4757 καταγεγοήτευμένους,
1270 4688 1362 4740 ἐπὶ
1387 4689 1527 4742 τέλει
1556 4694 1673 4754 ταῖς
1697 4691 1793 4743 αὖ-

201 4781 310 4840 τοῦ
355 4783 573 4854 τέχναις
607 4783 895 4850 ἀκινήτους
935 4781 1204 4849 ἀτεχνῶς,
1237 4781 1418 4853 φέρων
1449 4786 1597 4854 ἡμᾶς
1630 4803 1792 4856 παρι-

203 4878 479 4949 δρύσατο,
510 4873 687 4941 λόγοις
719 4876 830 4934 τοῖς
863 4868 1050 4934 αὑτοῦ,
1079 4873 1181 4925 οὐκ
1210 4869 1305 4925 οἶδ’
1340 4873 1492 4937 ὅπως
1511 4915 1525 4939 ,
1558 4874 1653 4927 σύν
1686 4894 1792 4929 τινι

208 4970 342 5039 θείᾳ
394 4966 642 5036 δυνάμει.
703 4965 812 5018 Καὶ
861 4965 970 5036 γὰρ
1013 4965 1106 5018 καὶ⁸
1154 4964 1334 5034 φιλίας
1382 4968 1514 5037 ἡμῖν
1568 4969 1793 5040 κέντρον

204 5058 522 5130 ἐνέσκηψεν
549 5059 649 5111 ούκ
677 5057 1144 5126 εύκαταγώνιστόν
1165 5059 1419 5130 τι,δριμὺ
1451 5059 1508 5112 δὲ
1540 5060 1634 5113 καὶ
1665 5062 1793 5114 ἀνυ-

203 5152 544 5215 τικώτατον,
573 5151 873 5220 δεξιότητος
899 5151 991 5204 καὶ
1017 5151 1308 5215 διαθέσεως
1324 5153 1424 5222 τῆς
1446 5153 1675 5224 ἀγαθῆς,
1695 5157 1792 5227 ὅση

209 5243 515 5314 εὐνοητική
546 5259 628 5305 τις
663 5244 792 5312 ἡμῖν
825 5241 1016 5305 αὐταῖς
1051 5245 1255 5310 φωναῖς
1285 5241 1448 5294 αὐτοῦ
1484 5243 1797 5313 προσφθεγ-

300 5443 412 5574 :79)
449 5444 740 5512 Χρήματα.
774 5443 973 5514 Repete
1005 5445 1094 5498 ὲπί
1126 5460 1157 5499 e
1181 5445 1449 5515 proximo.
1482 5447 1714 5504 BENGEL.

322 5515 414 5574 80)
465 5515 741 5574 Ἠλικίας.
794 5513 918 5570 Htec
953 5531 1057 5570 vox
1109 5526 1292 5574 auerte
1343 5519 1540 5572 aliena.
1573 5519 1714 5574 Vide:

322 5515 414 5582 80)
465 5515 741 5581 Ἠλικίας.
794 5513 918 5570 nec
953 5531 1057 5570 vox
1109 5513 1292 5585 aperte
1343 5519 1540 5572 aliena.
1573 5519 1800 5576 Videtur

211 5585 542 5660 absolutum
564 5585 844 5660 ‘loquendi
875 5601 1078 5660 genus,
1098 5585 1173 5660 ex
1205 5585 1460 5660 1:99qu
1497 5598 1559 5643 ut
1598 5594 1802 5646 subau-

211 5656 490 5726 diendum
531 5654 660 5726 site
694 5656 972 5726 proximn,
1005 5654 1261 5726 ἡμέρας(
1284 5654 1756 5726 εἰς’ΤιιιιονόίιΙοε
1785 5681 1798 5717 :

211 5727 254 5795 ἢ
295 5726 351 5799 εί
383 5719 742 5799 ἀπὸ-πρώτης
774 5719 1095 5799 ἀποθέμενοι
1116 5719 1217 5780 ’τὸν
1247 5728 1428 5799 νόμον,
1462 5719 1804 5787 ῦίοἶῖυεεὶιιε

193 5793 458 5867 .pariter,
494 5793 600 5850 ἀπὸ
632 5793 870 5867 πρώτης.
911 5793 1001 5852 Sic
1032 5799 1094 5850 ὲκ
1119 5793 1345 5870 καινῆς,
1379 5798 1439 5866 ἐξ
1469 5800 1672 5874 αὐτῆς,
1700 5815 1803 5859 stac

1891 1930 2171 1986 carerent,
2207 1922 2555 1987 aberrantes;
2597 1919 2800 1974 bonum
2855 1920 3124 1973 malumve
3176 1919 3304 1988 quid
3357 1921 3465 1986 sit,

1891 2026 1993 2066 nec
2021 2013 2255 2066 scientes
2288 2011 2391 2082 ipsi
2427 2028 2674 2082 prorsus,
2714 2027 2814 2065 nec
2860 2011 3072 2065 discere
3117 2019 3460 2082 satagentes;

1891 2103 1986 2174 qui
2019 2113 2275 2174 tanquam
2311 2104 2379 2158 ad
2410 2104 2635 2168 bonum,
2669 2103 2734 2157 ad
2763 2102 3022 2172 pecunias
3057 2112 3108 2156 et
3138 2104 3363 2171 gloriam
3400 2120 3464 2160 ac

1892 2197 2040 2265 vulgi
2079 2197 2316 2252 honores
2346 2197 2700 2266 corporisque
2732 2194 3095 2248 valetudinem
3142 2196 3464 2264 prosiliunt,

1892 2291 2182 2362 stolidique
2210 2292 2494 2361 rapiuntur
2519 2333 2534 2358 ,
2566 2291 2684 2345 hzec
2705 2290 2975 2356 videlicet,
3005 2289 3186 2360 magni
3217 2299 3312 2344 aut
3346 2305 3466 2344 om—

1891 2380 2042 2434 nium
2073 2381 2256 2450 potius
2284 2381 2458 2435 instar
2487 2381 2780 2444 habentes,
2828 2388 3081 2449 artesque
3126 2395 3220 2436 eas
3265 2379 3465 2450 quibus

1891 2472 2073 2542 parari
2105 2473 2219 2527 haec
2247 2481 2507 2541 possunt,
2538 2481 2592 2527 et
2619 2488 2686 2527 ex
2715 2473 2840 2526 vitae
2879 2472 3167 2543 generibus
3216 2473 3302 2526 illa
3342 2487 3465 2542 qua:

1892 2567 2022 2620 talia
2055 2567 2418 2636 suppeditant,
2454 2566 2766 2632 militarem,
2801 2565 3095 2631 forensem,
3127 2565 3306 2635 legum
3341 2577 3463 2620 stu—

1891 2659 2040 2714 dium
2099 2673 2164 2713 ac
2220 2659 2595 2728 disciplinam;
2653 2659 2768 2714 hth
2828 2667 2988 2726 sunt,
3041 2659 3249 2724 aiebat,
3303 2659 3469 2730 idque

1892 2751 2193 2822 aptissime,
2227 2766 2349 2820 qua:
2380 2766 2482 2806 nos
2515 2751 2718 2807 inertes
2763 2761 2928 2822 atque
2961 2753 3182 2822 ignaros
3227 2753 3468 2808 maxime

1891 2844 2155 2906 reddunt,
2195 2843 2464 2898 rationem
2511 2859 2632 2914 quae
2662 2843 2932 2898 dominari
2980 2845 3032 2898 in
3074 2845 3231 2902 nobis
3273 2846 3464 2912 debet,

1890 2943 2265 3004 aspernantes.
2300 2933 2490 2990 Dicere
2521 2951 2631 2990 non
2665 2936 2888 3005 possim,
2917 2952 3080 3006 quam
3111 2937 3306 2990 multas
3325 2934 3470 3003 ejus-

1888 3025 2037 3080 modi
2076 3037 2240 3080 voees
2288 3025 2490 3092 ederet,
2519 3025 2585 3080 ad
2613 3025 3104 3096 philosOphandum
3138 3041 3238 3081 nos
3263 3028 3464 3082 exhor-

1890 3125 2048 3182 tans;
2081 3130 2258 3185 neque
2287 3115 2340 3169 id
2377 3131 2488 3170 uno
2515 3115 2602 3170 die
2633 3117 2938 3181 duntaxat,
2969 3118 3062 3171 sed
3096 3118 3302 3184 multis,
3328 3135 3467 3188 quo-

1895 3207 1996 3261 ties
2031 3209 2099 3260 ad
2145 3207 2296 3260 illum
2338 3205 2606 3276 principio
2651 3207 3032 3272 veniebamus,
3078 3207 3196 3278 ejus
3245 3210 3464 3277 quidem

1895 3315 2147 3356 sermone
2177 3310 2438 3370 tanquam
2458 3300 2640 3370 jaculo
2657 3303 2890 3370 quodam
2918 3316 2948 3354 a
2971 3301 3144 3371 prima
3171 3301 3286 3370 ipsa
3309 3312 3468 3358 aetate

1895 3391 2093 3446 conﬁxi
2123 3392 2262 3461 (erat
2288 3392 2434 3446 enim
2463 3392 2616 3446 suavi
2645 3393 2816 3460 gratia
2857 3403 2910 3446 et
2949 3392 3167 3446 suadela
3204 3391 3368 3446 simul
3402 3408 3469 3448 ac

1894 3484 2217 3540 necessitate
2253 3484 2485 3554 quadam
2520 3484 2815 3551 conditus),
2861 3493 3112 3555 caeterum
3140 3483 3466 3539 ﬂuctuantes

1895 3578 2072 3632 adhuc
2100 3586 2154 3632 et
2182 3575 2406 3646 ancipiti
2435 3577 2640 3641 animo,
2674 3575 3047 3645 philosophari
3085 3576 3302 3645 quidem
3350 3591 3468 3631 am-

1893 3668 2123 3732 bientes,
2156 3668 2399 3722 nondum
2436 3676 2616 3722 tamen
2646 3667 2870 3722 omnino
2893 3668 3121 3737 permoti
3153 3675 3314 3737 atque
3347 3683 3468 3736 pcr—

1895 3763 2067 3829 suasi,
2097 3760 2376 3816 discedere
2415 3774 2576 3830 porro
2621 3759 2806 3815 nescio
2838 3759 3110 3833 quomodo
3139 3775 3247 3814 non
3278 3761 3468 3814 vafen-

1897 3864 2012 3917 tes,
2060 3861 2121 3907 ut
2166 3851 2262 3921 qui
2303 3867 2537 3921 semper,
2586 3860 2844 3921 tanquam
2895 3849 3116 3920 majoris
3162 3849 3469 3920 cuiuspiam

1895 3947 2237 4002 necessitatis
2284 3946 2555 4016 impulsu,
2609 3946 2674 4000 ad
2729 3945 2905 4014 ipsum
2953 3945 3073 4013 ejus
3123 3945 3470 4000 sermonibus

1895 4039 2261 4108 rapiebamur.
2294 4037 2528 4093 Omnino
2555 4038 2700 4093 enim
2731 4052 2831 4093 nec
2873 4038 3020 4106 pi'um
3052 4053 3180 4108 erga
3216 4053 3469 4092 commu-

1895 4146 2019 4185 nem
2066 4132 2311 4185 omnium
2359 4129 2652 4185 Dominum
2705 4144 2827 4184 esse
2873 4128 3078 4198 absque
3127 4129 3468 4200 philosophia

1896 4239 2226 4294 quemquam
2253 4223 2510 4278 censebat
2535 4224 2666 4293 (quo
2696 4237 2921 4277 munere
2947 4223 3096 4277 solus
3122 4238 3188 4277 ex
3215 4225 3470 4278 omnibus

1898 4322 2056 4368 terrae
2090 4313 2458 4368 animantibus
2486 4314 2650 4368 homo
2685 4312 2976 4368 decoratus
3009 4323 3125 4379 est;
3157 4315 3320 4383 idque
3358 4331 3472 4368 me-

1897 4406 2003 4460 rito
2028 4405 2244 4475 sapiens
2282 4421 2436 4474 aeque
2479 4414 2642 4473 atque
2684 4405 2968 4475 imperitus
3000 4407 3229 4476 quisque
3262 4408 3470 4476 ample-

1899 4501 2084 4566 ctitur,
2115 4501 2209 4570 qui
2241 4501 2404 4554 modo
2435 4515 2656 4553 sensum
2702 4515 2917 4554 omnem
2962 4499 3328 4570 intelligentia:
3361 4517 3472 4569 prae

1896 4593 2128 4662 quadam
2160 4572 2413 4647 amentia
2452 4607 2559 4644 non
2613 4591 2901 4660 omiserit}.
2953 4590 3061 4646 Nec
3105 4593 3253 4661 pium
3307 4593 3473 4660 igitur

1893 4679 2120 4734 omnino
2157 4695 2279 4734 esse
2331 4695 2492 4748 posse
2541 4680 2872 4741 atlirmabat,
2919 4681 3013 4748 qui
3056 4681 3470 4750 philosophatus

1894 4788 2000 4826 non
2025 4780 2204 4836 esset;
2235 4771 2415 4840 quoad
2457 4772 2671 4824 tandem
2708 4772 2906 4826 multos
2934 4772 2984 4825 id
3016 4789 3187 4843 genus
3235 4789 3301 4827 ex
3348 4774 3470 4828 aliis

1895 4861 2032 4916 alios
2056 4875 2336 4915 sermones
2364 4860 2658 4924 instillans,
2684 4877 2782 4916 nos
2808 4863 2952 4918 velut
2975 4861 3182 4918 fascino
3208 4866 3467 4933 quodam,

1896 4956 2107 5009 artibus
2148 4955 2263 5010 suis
2299 4956 2652 5018 nerdomitos,
2701 4956 3045 5012 sermonibus
3097 4957 3233 5024 suis,
3285 4958 3470 5012 nescio

1895 5061 2005 5116 quo
2036 5053 2217 5115 pacto,
2248 5045 2429 5100 divina
2463 5047 2514 5099 vi
2553 5045 2789 5115 quadam
2820 5047 3206 5113 constabilivit,
3237 5056 3289 5103 et
3312 5047 3469 5118 juxta

1899 5153 1957 5194 se
1990 5137 2294 5192 immobiles
2325 5139 2518 5194 tenuit.
2543 5138 2828 5194 Enimvero
2860 5141 3065 5194 amoris
3096 5156 3312 5211 quoque
3339 5157 3470 5195 acu-
3567 5200 3569 5202 ,

1901 5232 2017 5288 leus
2045 5233 2205 5288 nobis
2237 5233 2437 5289 inﬁxus
2468 5243 2572 5301 est,
2607 5249 2714 5288 non
2747 5234 2884 5289 levis
2922 5234 3012 5288 ille
3053 5245 3106 5290 et
3132 5238 3470 5308 expugnabi-
3561 5220 3568 5294 ξ

1904 5459 2038 5513 tim:
2055 5458 2167 5534 ubi
2198 5457 2520 5534 Lambertus
2553 5458 2962 5534 ΗΘΒ-ἐλλείπειν
2995 5460 3215 5534 statuit,
3259 5462 3469 5534 ἀρχῆς,

1903 5528 2241 5602 καταϐολῆς,
2287 5529 2468 5599 ὥρας,
2498 5546 2636 5602 quae
2678 5532 2766 5585 hic
2812 5547 3030 5600 quoque
3064 5528 3308 5602 suppleri
3334 5528 3473 5602 pes-

1905 5607 2052 5672 sunt.
2087 5598 2266 5672 Ipsum
2301 5603 2366 5653 ὲκ
2398 5600 2651 5672 πρώτης,
2680 5598 2924 5657 absolute
2945 5598 3079 5656 dixit
3111 5598 3379 5658 Macarius
3406 5607 3474 5658 de

1905 5643 2161 5733 Caritate,
2182 5671 2236 5723 in
2271 5643 2531 5725 extremo.
2557 5643 2823 5726 (δῖιεῖὖῶ
2856 5643 3474 5730 Casaubonus'e'tllllno:

1905 5739 2174 5795 domanus
2208 5741 2452 5811 legebant
2481 5743 2694 5813 ὁμιλίας
2727 5758 2826 5812 pro
2858 5743 3090 5814 ἡλικίας.
3128 5743 3202 5799 In.
