3876 6508
486 264 631 351 um

1643 295 1701 351 S.
1743 293 2068 352 οιιιῐοοιιιι
2109 293 2291 351 THAU
2303 291 2614 351 MATURGI

3536 301 3642 359 lilii

481 415 570 477 lis,
610 416 705 470 sed
741 431 865 471 acer
898 431 1125 486 prorsus
1168 426 1220 471 et
1250 414 1678 483 efficacissimus,
1723 419 1955 474 solertia!
2000 433 2028 472 e

2155 417 2385 487 γομένου
2435 416 2528 469 καὶ
2566 414 2878 486 ὁμιλοῦντος
2920 412 3251 486 ἐνεφαίνετοο
3303 417 3394 471 οὐκ
3434 420 3646 491 ἐκπεριεῖ-

480 509 851 578 benignitatis,
879 509 1392 580 benevolentiaque,
1421 525 1541 579 qua:
1577 511 1631 564 in
1671 511 1803 580 ipsis
1833 525 1934 565 nos
1969 512 2047 565 al-

480 600 753 669 loquentis
788 610 843 656 et
880 600 1258 657 conversantis
1306 601 1533 657 vocibus
1568 601 1887 672 eﬁ'ulgebat,
1939 617 2047 656 non

477 692 869 748 circumvenire
908 709 1010 749 nos
1056 693 1213 748 aliter
1261 694 1606 749 sermonibus
1644 694 1921 760 conantis;
1953 694 2047 748 sed

477 786 749 854 prudenti,
785 786 1022 841 humana
1072 785 1413 856 benignaque
1446 793 1626 840 mente
1670 802 1887 841 servare
1926 801 2044 852 nos,

476 886 530 931 et
560 876 845 947 participes
873 890 986 931 tum
1019 878 1213 932 horum
1239 877 1596 948 philosophia:
1621 877 1889 932 bonorum
1921 876 2047 931 red-

475 969 622 1034 dere,
654 978 766 1022 tum
798 969 1052 1035 aliorum,
1084 978 1198 1022 tum
1237 984 1426 1023 eorum
1456 969 1710 1033 maxime,
1752 984 1873 1039 qua:
1905 970 2046 1023 Deus

474 1061 552 1115 illi
586 1076 748 1130 supra
781 1062 1056 1117 multosac
1077 1077 1244 1132 supra
1280 1077 1471 1116 omnes
1514 1060 1743 1116 fortasse
1765 1061 1857 1130 qui
1903 1077 2049 1116 nunc

475 1162 603 1206 sunt
645 1153 918 1218 homines,
959 1153 1052 1205 uni
1084 1152 1310 1222 largitus
1332 1163 1451 1206 est:
1480 1152 1695 1221 pietatis
1717 1152 1838 1206 dico
1874 1151 2046 1221 magi-

473 1254 682 1309 strum,
736 1259 1043 1299 sermonem
1102 1244 1428 1310 salutarem,
1466 1245 1531 1299 ad
1581 1245 1785 1299 multos
1827 1243 2044 1313 quidem

472 1348 889 1403 cogismeantem,
918 1352 1110 1391 omnes
1133 1348 1312 1392 autem
1346 1339 1399 1392 in
1436 1354 1575 1408 quos
1624 1340 1895 1404 inciderit,
1940 1337 2045 1391 sibi

473 1428 876 1497 subjugantem.
916 1427 1102 1498 Neque
1128 1429 1271 1483 enim
1310 1439 1393 1485 est
1434 1431 1730 1499 quidquam
1772 1430 1918 1499 quod
1956 1444 2043 1484 re-

472 1521 664 1575 sistere
694 1521 769 1573 illi
798 1520 993 1590 possit,
1021 1523 1115 1591 qui
1141 1538 1233 1577 rex
1259 1522 1503 1577 omnium
1538 1533 1591 1577 et
1629 1531 1712 1577 est
1746 1531 1800 1577 et
1830 1524 2044 1576 futurus

471 1622 586 1679 est;
616 1614 708 1668 sed
742 1614 1040 1678 occultum,
1068 1624 1122 1668 et
1160 1616 1252 1685 qui
1296 1631 1395 1669 nec
1440 1614 1596 1668 facile
1630 1629 1728 1668 nec
1768 1612 1981 1668 dilIicile
2011 1627 2042 1666 a

471 1706 659 1759 multis
687 1707 850 1776 vulgo
875 1716 1254 1777 cognoscatur,
1283 1708 1354 1761 ita
1385 1716 1444 1762 ut
1470 1708 1536 1762 de
1580 1707 1672 1761 illo
1702 1706 2039 1777 interrogati,

470 1797 755 1853 manifeste
795 1800 971 1868 eloqui
1017 1801 1243 1868 possint.
1280 1799 1439 1855 Velut
1470 1815 1600 1868 ergo
1635 1799 1865 1853 scintilla
1891 1814 2039 1869 qna:-

468 1888 591 1940 dam
627 1889 857 1943 mediam
891 1890 1128 1943 animam
1175 1900 1416 1945 nostram
1455 1890 1735 1956 invadens,
1776 1891 2039 1945 accende-

468 1978 631 2032 batur
657 1988 711 2033 et
740 1980 1199 2045 inllammabatur,
1234 1991 1345 2035 tum
1387 1997 1512 2052 erga
1552 1981 1750 2051 ipsum,
1782 1980 2035 2036 ineffabili

466 2072 869 2140 pulchritudine
891 2089 1082 2129 omnes
1100 2074 1363 2141 alliciens,
1390 2090 1605 2129 sacrum
1630 2073 1866 2129 Verbum
1889 2090 2038 2128 ama-

465 2167 826 2231 bilissimum;
859 2175 970 2220 tum
995 2182 1121 2236 erga
1153 2165 1327 2219 virum
1360 2167 1524 2231 hunc,
1561 2166 1678 2235 ejus
1717 2167 1950 2220 amicum
1983 2174 2036 2220 et

466 2262 836 2329 interpretem,
868 2274 1059 2325 amor;
1106 2276 1215 2329 quo
1246 2260 1722 2314 vehementissime
1758 2259 1918 2322 ictus,
1946 2274 2035 2312 res

464 2368 655 2407 omnes
685 2368 748 2407 ac
773 2351 1089 2420 disciplinas
1117 2365 1238 2419 quae
1264 2365 1563 2419 congruere
1594 2350 1749 2404 nobis
1779 2349 2036 2403 videbam-

464 2453 572 2510 tur,
617 2454 729 2498 tum
769 2452 1013 2504 caeteras,
1052 2451 1165 2495 tum
1209 2444 1355 2511 ipsas
1386 2443 1631 2513 egregias
1674 2442 1816 2507 leges
1862 2454 2032 2503 meas,

464 2546 524 2590 ut
557 2550 892 2605 spernerem,
930 2532 1062 2587 mihi
1098 2533 1375 2602 persuasi;
1407 2533 1538 2602 quin
1587 2540 1641 2585 et
1688 2532 1941 2600 patriam,
1980 2539 2034 2584 et

462 2626 822 2696 propinquos,
850 2632 962 2677 tum
997 2634 1293 2692 praesentes
1322 2624 1416 2692 qui
1446 2621 1694 2687 aderant,
1725 2632 1836 2675 tum
1870 2636 1963 2677 eos
2000 2637 2031 2676 a

461 2717 661 2785 quibus
713 2714 1105 2778 discesseram;
1165 2727 1443 2782 unumque
1504 2712 1639 2765 mihi
1691 2711 1927 2781 optabile
1979 2720 2031 2765 et

460 2805 754 2861 amandum
782 2804 1082 2871 videbatur,
1126 2804 1492 2874 philosophia,
1522 2803 1748 2873 ejusque
1776 2803 2031 2874 magister

459 2899 544 2952 vir
592 2897 681 2952 hic
728 2897 967 2953 divinus.
1009 2897 1076 2950 Et
1110 2898 1475 2968 conglutinata
1518 2906 1594 2950 est
1633 2897 1814 2949 anima
1858 2894 2029 2949 Jona-

462 2990 563 3044 tlta:
588 2990 780 3043 animis
811 2988 980 3043 David
1010 2989 1073 3044 ¹⁷.
1107 2987 1222 3042 Hoc
1248 2988 1500 3059 equidem
1527 2988 1583 3042 in
1605 2987 1776 3043 sacris
1808 2986 2030 3042 Litteris

459 3087 643 3150 postea
670 3078 771 3150 legi
800 3098 814 3133 :
843 3078 992 3148 prius
1022 3086 1205 3131 autem
1245 3077 1391 3132 sensi
1438 3077 1553 3147 ipse
1598 3091 1707 3130 non
1750 3077 1932 3132 minus
1959 3077 2028 3130 li-

459 3172 648 3241 quido,
684 3186 845 3240 quam
877 3170 1081 3224 dictum
1118 3180 1221 3232 est,
1248 3168 1556 3224 clarissimo
1579 3170 1785 3225 scilicet
1807 3170 2033 3224 oraculo

458 3263 902 3333 praenuntiatum.
928 3260 1045 3316 Non
1090 3262 1237 3315 enim
1277 3262 1594 3331 simpliciter
1627 3262 2031 3332 conglutinatus

456 3364 537 3410 est
572 3352 834 3409 Jonathas
876 3354 1085 3409 David:
1124 3356 1216 3409 scd
1258 3354 1362 3409 illa:
1402 3355 1534 3424 ipsa:
1565 3370 1688 3423 quae
1731 3355 2027 3426 principem

406 3444 409 3448 ’
457 3449 633 3503 locum
666 3458 873 3515 tenent,
919 3453 1148 3517 anim-.e;
1184 3465 1306 3519 quae
1350 3466 1452 3505 nec
1490 3451 1752 3520 sejunctis
1798 3452 1866 3507 iis
1908 3469 2030 3523 qua:

456 3552 717 3611 apparent
743 3551 797 3597 et
836 3535 1245 3611 conspiciuntur
1272 3544 1323 3596 in
1365 3544 1605 3610 homine,
1656 3545 1898 3614 separari
1944 3558 2027 3601 ta-

457 3650 578 3688 men
612 3636 740 3704 ipsa:
766 3635 813 3687 vi
841 3634 955 3689 ulla
981 3644 1264 3705 cogantur,
1293 3635 1473 3690 invitae
1500 3646 1644 3691 certe
1667 3638 1815 3692 nullo
1843 3639 2023 3694 modo.

455 3727 648 3782 Libera
699 3725 969 3796 siquidem
1022 3742 1109 3781 res
1154 3735 1241 3781 est
1283 3727 1486 3792 anima,
1534 3736 1587 3785 et
1627 3743 1748 3798 qua:
1785 3730 2026 3785 coerceri

454 3820 603 3876 nulla
634 3820 846 3874 ratione
869 3819 1063 3889 possit,
1092 3834 1160 3873 ne
1186 3819 1232 3873 si
1260 3821 1313 3873 in
1348 3820 1606 3889 penetrali
1628 3821 1845 3891 quidem
1868 3821 2026 3876 abdi-

452 3920 563 3965 tam
611 3911 904 3966 custodias.
948 3910 1163 3966 Etenim
1209 3911 1282 3964 ibi
1325 3927 1446 3967 esse
1486 3914 1659 3982 prima
1701 3914 1913 3968 ratione
1961 3930 2026 3970 ac

453 4013 648 4058 natura
682 4019 781 4057 sua
812 4003 1116 4069 consuevit,
1147 4003 1239 4057 ubi
1266 4019 1421 4058 mens
1453 4003 1654 4059 fuerit:
1692 4006 1835 4075 quod
1879 4006 1925 4060 si
1968 4007 2023 4061 in

451 4094 724 4164 ergastulo
758 4094 853 4149 tibi
898 4110 1017 4150 esse
1059 4096 1327 4160 videatur,
1374 4098 1608 4152 secunda
1651 4099 1885 4168 quadam
1930 4115 2021 4154 ra-

456 4186 600 4241 tione
626 4187 736 4241 illic
758 4202 789 4240 a
813 4195 864 4241 te
886 4186 1127 4257 ﬁngitur,
1154 4187 1415 4257 nulloque
1448 4190 1610 4244 modo
1640 4202 1919 4261 propterea
1946 4192 2020 4247 ibi

451 4292 573 4332 esse
600 4277 937 4347 prohibetur,
966 4278 1056 4332 ubi
1094 4294 1214 4333 esse
1252 4279 1513 4346 voluerit;
1538 4282 1668 4351 quin
1696 4284 1805 4338 illic
1839 4285 2018 4339 solum

451 4383 678 4440 prorsus
701 4383 821 4423 esse
848 4377 1048 4438 potest,
1071 4378 1123 4423 et
1148 4370 1272 4438 jure
1297 4372 1553 4439 creditur,
1587 4374 1678 4426 ubi
1712 4373 2017 4445 quibusque

2151 529 2239 564 ναι
2270 510 2382 581 (8!)
2426 510 2573 580 ἡμᾶς
2610 506 2783 570 ἄλλως
2831 506 3007 576 λόγοις
3047 508 3370 580 πειρωμένου
3394 547 3408 573 ,
3443 510 3565 581 δεξιᾷ

2149 604 2243 657 καὶ
2285 598 2647 672 φιλανθρώπῳ
2690 599 2784 651 καὶ
2816 600 3154 671 χρηστοτάτη
3188 599 3366 673 γνώμῃ
3411 601 3572 667 σώζειν
3601 623 3645 659 τε

2147 695 2241 750 καὶ
2270 694 2555 756 κοινωνοὺς
2584 692 2693 745 τῶν
2735 710 2794 745 τε
2842 695 2905 745 ἐκ
2947 689 3255 760 φιλοσοφίας
3295 692 3489 760 ἀγαθῶν
3513 712 3643 746 κατα-

2149 784 2486 854 στήσασθαι,
2514 783 2607 836 καὶ
2652 782 2758 834 τῶν
2802 781 2974 836 ἄλλων
3017 782 3247 853 μάλιστα
3268 822 3284 848 ,
3312 785 3406 837 ὅσα
3442 785 3496 838 τὸ
3530 786 3645 840 Θείον

2148 874 2299 946 παρὰ
2337 878 2461 937 τούς
2494 873 2720 935 πολλοὺς
2752 872 2785 943 ἢ
2817 873 2865 923 εἰ
2896 873 2986 924 καὶ
3014 872 3123 943 ('82)
3154 873 3300 945 παρά
3334 875 3515 939 πάντας
3550 876 3645 940 ίσως

2146 970 2271 1034 τοὺς
2300 970 2392 1023 νῦν
2419 966 2735 1041 ἀνθρώπους
2755 1008 2769 1031 ,
2795 968 2943 1038 αὐτῷ
2972 968 3116 1039 μόνῳ
3144 968 3439 1041 ἐδωρήσατο
3458 987 3470 1000 ο
3496 970 3569 1024 τὸν
3587 972 3645 1024 δι-

2146 1060 2408 1114 δάσκαλον
2442 1061 2718 1124 εὐσεϐείας
2733 1099 2747 1122 ,
2767 1059 2859 1112 τὸν
2896 1062 3157 1129 σωτήριον
3179 1060 3348 1129 λόγον,
3371 1061 3554 1126 πολλοῖς
3572 1064 3646 1133 μὲν

2146 1154 2507 1222 ἐπιφοιτῶντα
2528 1193 2541 1215 ,
2572 1155 2666 1207 καὶ
2713 1152 2916 1215 πάντας
2960 1154 3412 1224 κατεργαζόμενον
3440 1155 3559 1218 ὅσοις
3598 1155 3645 1208 ἂν

2147 1246 2426 1319 προστύχῃ
2487 1246 2581 1317 (οὐ
2628 1248 2738 1319 γάρ
2787 1252 2933 1302 ἐστιν
2997 1249 3025 1302 ὅ
3065 1264 3117 1299 τι
3181 1246 3325 1318 αὐτῴ
3360 1248 3645 1318 ἐνστήσεται,

2146 1338 2362 1391 πάντων
2390 1338 2483 1391 καὶ
2512 1337 2623 1391 ὄντι
2656 1341 2749 1393 καὶ
2779 1340 3019 1411 ἐσομένῳ
3050 1338 3296 1409 βασιλεῖ)·
3334 1339 3647 1409 κρυπτόμενον

2143 1431 2221 1495 δὲ,
2250 1432 2342 1485 καὶ
2365 1432 2426 1483 οὐ
2453 1432 2851 1503 γινωσκόμενον
2877 1431 2999 1486 οὐτε
3038 1429 3235 1502 ῥαδίως
3259 1429 3376 1482 οὔτε
3396 1431 3479 1483 καὶ
3499 1430 3645 1499 δυσχε-

2147 1522 2255 1593 ρῶς
2281 1524 2393 1584 τοῖς
2424 1521 2634 1585 πολλοῖς
2652 1556 2668 1585 ,
2708 1522 2783 1585 ὡς
2806 1521 3174 1593 ἐρωτηθέντας
3218 1520 3357 1590 ἔχειν
3387 1523 3499 1591 περὶ
3520 1522 3645 1574 αὐτοῦ

2126 1615 2315 1686 ’σαφὲς
2358 1618 2551 1670 εἰπεῖν.
2594 1611 2716 1680 υἷος
2749 1612 2842 1670 οὖν
2868 1633 2951 1678 τις
2988 1613 3220 1687 σπινθὴρ
3264 1616 3514 1686 ἐνσκήψας
3543 1616 3647 1686 μέσῃ

2142 1708 2207 1778 τῇ
2234 1707 2376 1777 ψυχῇ
2407 1710 2439 1778 ἡ
2448 1707 2585 1777 μῶν,
2614 1707 2883 1778 ἀνήπτετό
2911 1722 2970 1758 τε
2999 1707 3089 1758 καὶ
3116 1705 3409 1770 ἐξεκαίετο,
3426 1707 3451 1759 ὅ
3475 1723 3525 1757 τε
3546 1706 3646 1777 πρὸς

2143 1798 2232 1851 τὸν
2263 1799 2516 1851 ἁπάντων
2565 1798 2666 1851 ὑπὸ
2715 1798 2941 1861 κάλλους
2988 1798 3225 1868 ἀρρήτου
3272 1796 3647 1851 ἐπακτικώτατον

2143 1891 2304 1943 αὐτὸν
2332 1890 2499 1959 Λόγον
2524 1890 2612 1944 τὸν
2648 1890 2789 1961 ἱερὸν
2820 1892 2910 1945 τὸν
2942 1890 3371 1963 ἐρασμιώτατον,
3392 1890 3475 1943 καὶ
3497 1893 3521 1942 6
3545 1890 3645 1960 πρὸς

2140 1981 2230 2035 τὸν
2272 1982 2439 2052 ἄνδρα
2481 1982 2660 2046 τόνδε,
2708 1982 2800 2036 τὸν
2859 1984 3021 2037 αὐτοῦ
3073 1984 3226 2055 φίλον
3267 1984 3359 2037 καὶ
3403 1985 3646 2054 προήγορον

2140 2072 2277 2145 ἔρως
2295 2091 2308 2105 ⁸
2418 2074 2648 2147 μάλιστα
2671 2077 3010 2149 τετρωμένος
3030 2116 3046 2141 ,
3070 2078 3327 2131 ἁπάντων
3355 2076 3456 2129 τῶν
3476 2076 3645 2128 δοκούν-

2138 2184 2245 2220 των
2277 2168 2406 2239 ήμῖν
2433 2170 2730 2241 προσήκειν
2759 2171 3097 2241 πραγμάτων
3121 2170 3154 2241 ἢ
3192 2170 3539 2241 μαθημάτων,
3566 2166 3645 2218 τῶν

2138 2278 2197 2314 τε
2229 2262 2401 2315 ἄλλων
2433 2264 2526 2315 καὶ
2557 2262 2734 2315 αὐτῶν
2761 2263 2867 2316 τῶν
2900 2262 3077 2317 καλῶν
3114 2282 3216 2335 μου
3254 2264 3443 2335 νόμων,
3473 2261 3644 2332 ἀμελεῖν

2139 2353 2432 2422 ἐπειθόμην
2455 2371 2469 2383 ·
2504 2353 2757 2424 πατρίδος
2784 2371 2843 2407 τε
2871 2357 2963 2408 καί
2988 2355 3223 2422 οἰκείων,
3275 2355 3380 2408 τῶν
3408 2371 3461 2407 τε
3489 2352 3645 2422 παρόν-ρ

2136 2461 2243 2496 των
2290 2444 2557 2509 ἐνταῦθα,
2608 2446 2698 2499 καὶ
2741 2441 2824 2511 οἷς
2871 2447 3307 2519 ἀπεδημήσαμεν
3335 2464 3348 2477 ·
3408 2446 3459 2499 ἓν
3494 2444 3542 2498 δέ
3579 2460 3645 2513 μοι

2138 2536 2288 2606 φίλον
2312 2531 2379 2607 ἦν
2407 2537 2499 2589 καὶ
2527 2536 2908 2609 ἀγαπώμενον,
2934 2539 3219 2608 φιλοσοφία
3249 2556 3307 2591 τε
3332 2537 3420 2591 καὶ
3442 2538 3467 2590 6
3490 2534 3645 2603 ταύτης

2136 2625 2466 2698 καθη’γεμὼν
2496 2622 2649 2693 οὗτος
2677 2631 2705 2682 6
2735 2628 2874 2693 θεῖος
2920 2629 3226 2701 ἄνθρωπος.
3272 2630 3379 2684 Καὶ
3405 2626 3641 2693 συνεὸἐθη

2136 2719 2174 2787 ἡ
2203 2718 2371 2788 ψυχὴ
2398 2718 2676 2773 Ἰωνάθαν
2710 2721 2904 2775 Δαϐίδ.
2950 2722 3121 2775 Τοῦτο
3153 2722 3393 2790 ἀνέγνων
3420 2721 3504 2792 μὲν
3530 2717 3643 2772 ὓστε-

2137 2824 2228 2878 Ιοον
2270 2808 2328 2860 ἐν
2360 2811 2471 2872 τοῖς
2518 2811 2681 2880 ἱεροῖς
2726 2810 3081 2882 Γράμμασιν·
3120 2810 3326 2864 ἔπαθον
3354 2811 3408 2863 δὲ
3438 2809 3642 2880 πρότερον

2135 2901 2231 2971 οὐχ
2248 2897 2408 2973 ἦττον
2425 2902 2746 2973 ἐναργῶς,ἢ
2779 2903 3015 2975 εἴρηται,
3052 2904 3298 2973 καίτοιγε
3337 2902 3643 2974 ἐναργέστατα

2135 2996 2679 3068 κεχρησμῳδημένον.
2702 2996 2779 3051 Οὐ
2800 2998 2909 3070 γὰρ
2942 2998 3194 3069 συνεδέθη
3220 2998 3409 3061 ἁπλῶς
3447 2994 3643 3050 Ἰωνάθαν

2133 3088 2293 3140 Δαϐὶδ
2313 3130 2326 3154 ,
2376 3088 2514 3142 αὐτά
2545 3089 2601 3142 δέ
2632 3089 2702 3143 τὰ
2749 3089 3060 3161 κυριώτατα
3084 3130 3099 3155 ,
3128 3090 3278 3161 ψυχὴ
3298 3131 3313 3155 ,
3346 3088 3483 3143 ταῦθ’
3509 3088 3641 3155 ἅπερ,

2133 3180 2251 3233 οὐδὲ
2284 3181 2655 3252 χωρισθέντων
2704 3182 2815 3235 τῶν
2847 3184 3181 3253 φαινομένων
3216 3184 3314 3237 καὶ
3361 3180 3642 3252 βλεπομένων

2132 3271 2431 3344 ἀνθρώπῳ,
2477 3273 2810 3345 χωρισθῆναι
2843 3276 2938 3327 καὶ
2969 3275 3109 3329 αὐτὰ
3141 3278 3358 3346 μηχανῇ
3390 3291 3484 3327 τινι
3520 3286 3644 3324 κατα·

2128 3364 2601 3436 ναγκασθὴσεται,
2654 3365 2854 3419 ἄκοντα
2908 3367 3007 3437 μὲν
3059 3367 3335 3438 οὐδαμῶς.
3387 3366 3527 3436 Ψυχὴ
3565 3362 3642 3431 γὰρ

2127 3454 2405 3527 ἐλεύθερον
2457 3457 2551 3510 καὶ
2608 3459 2707 3511 οὐκ
2754 3456 3204 3526 ἐγκατάκλειστον
3256 3460 3426 3512 οὐδενὶ
3471 3455 3642 3528 τρόπῳν

2126 3547 2232 3601 οὐδ’
2257 3547 2322 3602 ἂν
2360 3551 2417 3601 ἐν
2455 3550 2682 3620 οἰκίσκῳ
2728 3548 3023 3621 καθείρξας
3054 3552 3251 3622 τηρῇς.
3298 3552 3405 3605 Καὶ
3428 3550 3521 3619 γὰρ
3541 3542 3643 3598 εἶναι

2128 3640 2337 3710 πέφυκε
2361 3642 2451 3695 τόν
2483 3659 2547 3711 γε
2577 3642 2790 3714 πρῶτον
2818 3643 2995 3710 λόγον,
3029 3638 3202 3715 οὗπερ
3234 3643 3303 3697 ἂν
3326 3644 3354 3695 6
3383 3642 3493 3705 νοῦς
3606 3637 3643 3688 εἰ

2125 3732 2182 3784 δὲ
2210 3734 2304 3786 καὶ
2332 3735 2388 3787 ἐν
2409 3733 2488 3805 τῷ
2514 3736 2740 3806 οἰκίσκῳ
2772 3752 2854 3788 σοι
2888 3730 3026 3789 εἶναι
3055 3736 3230 3799 δοκεῖ,
3274 3735 3413 3790 κατὰ
3445 3730 3643 3801 δεύτερόν

2124 3838 2244 3876 τινα
2289 3818 2441 3892 λόγον
2475 3823 2709 3877 ἐνταῦθά
2748 3842 2829 3878 σοι
2863 3825 3222 3895 φαντάζεται·
3264 3825 3502 3897 οὐδαμῶς
3538 3818 3641 3874 εἶναι

2124 3917 2239 3968 ἐκεῖ
2259 3915 2346 3968 διὰ
2368 3915 2524 3969 τοῦτο
2549 3917 2927 3991 κεκωλυμένη,
2959 3913 3130 3990 οὗπερ
3152 3918 3218 3972 ἂν
3247 3915 3386 3973 εἶναι
3419 3912 3610 3987 βουληθῇ
3628 3924 3639 3939 ⁸

2126 4007 2322 4077 μᾶλλον
2362 4007 2417 4060 δὲ
2449 4009 2619 4079 πάντη
2652 4008 2868 4073 πάντως
2907 4011 3021 4062 ἐκεῖ
3054 4010 3211 4080 μόνον
3245 4006 3385 4063 εἶναι
3414 4008 3498 4061 καὶ
3524 4005 3642 4056 δυνα-

2121 4100 2259 4171 μένη
2289 4098 2380 4153 καὶ
2411 4102 2757 4154 πιστευθεῖσα
2774 4101 2839 4155 ἂν
2861 4103 3084 4166 εἰκότως
3103 4141 3120 4167 ,
3149 4092 3325 4175 οὗπερ
3356 4103 3419 4156 ἂν
3439 4102 3520 4155 καὶ
3542 4096 3645 4167 πρὸς

2118 4188 2148 4244 ὃ
2171 4190 2236 4245 ἂν
2268 4191 2334 4244 τά
2361 4191 2524 4263 μόνης
2553 4192 2721 4263 αὐτῆς
2754 4194 2857 4247 ίδια
2891 4194 3007 4246 κατ’
3035 4194 3202 4266 αὐτὴν
3234 4194 3373 4265 ἔργα
3478 4185 3641 4244 Οὐκοῦν

2120 4283 2577 4355 περιφανέστατον
2608 4284 2749 4338 τοῦδ’
2783 4286 2919 4357 ὅπερ
2956 4285 3155 4339 ἔπαθον
3202 4286 3550 4357 βραχυτάταις
3586 4278 3646 4330 λέ-

2120 4373 2264 4438 ξεσιν
2294 4374 2558 4445 ἐδήλωσε,
2597 4376 2695 4447 τὴν
2726 4376 2901 4448 ψυχὴν
2949 4376 3202 4431 Ἰωνάθαν
3253 4374 3569 4430 συνδεδέσθαι
3592 4371 3643 4437 τῇ

450 4461 505 4515 in
547 4460 711 4514 rebus
735 4460 955 4531 propria
978 4460 1097 4531 ejus
1122 4462 1285 4518 unius
1308 4477 1473 4533 opera
1494 4475 1813 4521 cernuntur.
1837 4465 2015 4532 Quare

2133 4465 2257 4538 {nam
2302 4467 2464 4521 Δαὸίδ
2484 4485 2495 4498 ·
2532 4469 2680 4522 ταῦθ’
2716 4470 2859 4541 ἆπερ
2903 4469 3104 4523 ἄκοντα
3137 4470 3235 4540 μὲν
3286 4467 3553 4538 οὐδαμῶς,
3588 4460 3644 4520 ὡς

448 4551 751 4606 clarissime
778 4550 882 4606 hoc
909 4551 1085 4621 ipsum
1112 4553 1256 4622 quod
1289 4555 1420 4608 mihi
1467 4556 1712 4625 contigit,
1756 4558 2018 4627 paucissi-

448 4641 552 4696 mis
575 4641 753 4696 verbis
790 4641 1103 4705 declaravit,
1125 4642 1363 4697 animam
1393 4642 1637 4701 Jonathae
1678 4648 2017 4718 conglutinau

449 4744 558 4788 tam
591 4733 759 4790 fuisse
794 4734 989 4789 animae
1030 4734 1226 4803 David;
1256 4738 1388 4804 haec,
1422 4738 1665 4808 inquam,
1696 4756 1816 4810 quae
1845 4742 2013 4797 invita

445 4825 667 4893 quidem
699 4826 849 4880 nullo
882 4826 1046 4881 modo
1089 4827 1300 4898 sejungi
1350 4838 1587 4898 queant;
1636 4843 1828 4901 sponte
1860 4850 2013 4901 vero,

446 4929 555 4968 non
601 4913 758 4971 facile
797 4919 1185 4977 assentiautur.
1238 4918 1357 4975 Non
1410 4924 1555 4977 enim
1608 4925 1662 4978 in
1709 4926 2010 4992 deteriore,

446 5007 663 5076 Opinor,
708 5009 803 5078 qui
842 5011 1091 5070 moribus
1129 5014 1313 5069 varius
1333 5024 1473 5078 erat,
1496 5024 1551 5070 et
1583 5017 1647 5070 ad
1692 5019 2010 5073 mutandum

445 5099 759 5168 proclivior,
781 5116 1064 5158 sacrorum
1102 5107 1306 5161 amoris
1338 5107 1504 5177 hujus
1538 5109 1880 5164 vinculorum
1922 5126 2015 5165 s0-

444 5188 666 5245 lulionis
713 5203 979 5262 potestas;
1031 5196 1083 5250 in
1135 5212 1245 5266 quo
1291 5198 1410 5253 solo
1453 5214 1554 5255 nec
1602 5202 1889 5271 colligandi
1930 5206 2013 5259 vis

444 5281 599 5337 initio
637 5282 845 5339 fuerat:
883 5287 977 5341 sed
1011 5288 1065 5341 in
1103 5291 1346 5358 meliore,
1380 5294 1472 5362 qui
1508 5304 1765 5350 constans
1796 5306 1911 5351 erat
1944 5312 2009 5351 ac

512 5392 557 5426 "
598 5393 777 5467 IReg.
810 5413 974 5465 xvm,
1010 5399 1060 5453 l.

514 5504 622 5593 ςει)
638 5508 936 5593 ,αὐταῖς-η.
954 5511 1328 5593 ἐκπερςεῖναι.
1352 5516 1504 5593 Saepe
1532 5521 1710 5593 αὐτός,
1734 5522 1834 5576 hoc
1850 5539 2002 5591 casu,

440 5576 727 5663 subaudita
755 5579 850 5663 6'!le
882 5576 1263 5663 praepositione
1298 5576 1534 5663 ponitur.
1568 5576 1835 5663 Quodhic
1862 5576 2003 5663 quo:

441 5660 548 5714 que
568 5651 747 5725 .tnagis
766 5651 968 5772 ἃιθςοι.
983 5670 1146 5722 quant
1176 5651 1378 5724 φωναῖς
1397 5676 1518 5711 cum
1553 5651 1861 5731 ἐνεφαίνετο
1878 5651 2007 5718 con-

443 5715 742 5772 Sll‘Ul.MOX
817 5721 1538 5772 llOdOIIIntius-é21tsnuévat,
1573 5731 1674 5772 Sml
1703 5730 1834 5772 cium
1877 5752 1999 5772 ηιηιι

443 5715 602 5772 Strui.
621 5715 742 5772 Mox
766 5715 1541 5802 ιὶιιοιιοιιίιιιιιιε,ἐκπεριιέναι.
1572 5715 1677 5789 Sed
1703 5730 1859 5803 εἶναι,
1877 5715 2001 5792 cum

2120 4556 2275 4629 ἔφην,
2300 4561 2626 4632 χωρισθῆναι
2648 4562 3088 4633 ἐκνικηοήσεται,
3108 4560 3303 4616 ἑκόντα
3324 4564 3380 4615 δὲ
3404 4562 3459 4614 οὐ
3485 4555 3643 4629 ῥαδίως

2119 4652 2352 4723 θελήσει.
2382 4654 2457 4705 Οὐ
2486 4654 2594 4725 γὰρ
2634 4655 2728 4707 ἐπὶ
2768 4653 2845 4725 τῷ
2879 4655 3114 4726 χείρονι,
3149 4653 3334 4727 οἶμαι,
3381 4656 3487 4708 δντι
3516 4647 3647 4703 πολυι

2117 4746 2301 4817 τρόπῳ
2334 4747 2427 4800 καὶ
2458 4747 2806 4819 εὐκολωτέρῳ
2840 4748 3325 4818 μεταϐουλεύεσθαι
3355 4750 3389 4819 ἡ
3425 4746 3516 4815 τῆς
3544 4744 3644 4795 ἀνι·

2117 4836 2321 4903 λύσεως
2341 4839 2449 4892 τῶν
2477 4838 2635 4911 ἱερῶν
2662 4839 2769 4894 τῶν
2789 4840 2980 4909 φιλίων
3000 4840 3203 4893 τούτων
3216 4839 3429 4911 δεσμῶν
3447 4832 3646 4901 ἐξουσίαν

2117 4930 2200 4999 ἐφ’
2241 4923 2393 5001 ᾧπερ
2424 4931 2543 4983 οὐδὲ
2574 4932 2637 4984 τὸ
2667 4931 3067 5003 καταδήσασθαι
3110 4932 3331 5001 ἐγένετο
3375 4930 3471 5001 τὴν
3502 4923 3645 4993 ἀρχὴν

2118 5022 2291 5094 μόνῳ·
2326 5022 2438 5076 ἀλλ’
2472 5024 2567 5076 ἐπὶ
2593 5024 2670 5095 τῷ
2713 5024 2979 5096 κρείττονι
3022 5024 3134 5077 ὄντι
3185 5022 3424 5095 μονίμῳ,
3455 5020 3539 5074 καὶ
3566 5015 3646 5068 οὐκ

2115 5115 2394 5187 εὐσείστῳ,
2419 5117 2502 5186 ἐφ’
2534 5109 2685 5188 ᾧπερ
2708 5117 2801 5170 καὶ
2833 5118 3270 5190 κατεργάσασθαι
3296 5117 3423 5181 τοὺς
3452 5111 3645 5181 δεσμοὺς

2114 5209 2206 5261 καὶ
2232 5208 2294 5260 τὸ
2340 5209 2481 5280 ἱερὸν
2519 5208 2677 5263 τοῦτο
2708 5210 2867 5281 ἅμμα
2920 5210 3116 5281 μᾶλλον
3147 5206 3233 5281 ἦν.
3266 5206 3519 5275 Συνεδέθη
3540 5197 3667 5271 γοῦν⁶

2117 5301 2209 5353 καὶ
2237 5301 2339 5352 ὑπὸ
2363 5301 2457 5354 τοῦ
2497 5300 2641 5354 θείου
2670 5301 2828 5371 λόγου
2861 5302 2958 5372 οὐχ
2989 5304 3022 5373 ἡ
3048 5302 3194 5372 ψυχὴ
3242 5300 3402 5353 Δαϐὶδ
3431 5301 3495 5368 τῇ
3527 5293 3641 5363 ψυχῇ

2112 5528 2464 5594 compositis,
2496 5527 2752 5599 frequens
2789 5545 2889 5600 pro
2922 5531 3075 5583 ἰέναι.
3121 5528 3211 5586 Sic
3252 5529 3389 5585 infra
3431 5523 3644 5583 invenias

2113 5601 2367 5670 συνεῖναι,
2396 5600 2633 5664 ἀπεῖναι,
2669 5605 2965 5670 προσεῖναι.
3008 5601 3238 5655 ΒΕΝϐι-ῖι.
3590 5662 3598 5670 ,
3631 5658 3641 5670 ,

2187 5668 2295 5737 (82)
2334 5651 2399 5721 Ἦ
2427 5651 2633 5723 εῑκάεέῖ
2674 5651 3514 5727 Τὶῖέί’ῐίίέιίίιρῖιὶἷᾶὲιειιάυωε
3556 5658 3643 5719 nisi

2109 5740 2401 5807 peculiaris
2430 5741 2611 5812 aliqua
2635 5741 2837 5798 locutio
2860 5742 3128 5814 Gregorii.
3162 5742 3395 5798 Casum.
