3876 6540
210 411 328 470 ίθῗὸ

1163 408 1230 463 ΙΝ
1278 407 1633 465 ORIGENEM
1673 408 1931 465 ORATIO
1971 410 2422 469 PANEGYRICA.

3278 408 3413 463 1074

216 523 465 581 ’ῐωνάθανο
507 521 740 592 ἔμπαλιν
778 521 834 576 δὲ
872 525 905 595 ἡ
954 523 1047 576 τοῦ
1090 525 1332 597 χείρονος
1362 525 1507 597 ψυχὴ
1552 526 1740 580 τούτου

1852 527 2072 582 minime
2116 529 2427 595 mutabilis;
2475 543 2571 599 per
2617 542 2776 597 quem
2809 533 2862 581 et
2901 523 3113 579 vincula
3153 537 3413 592 sacerque

205 613 420 671 ’παθοῦσα
449 611 766 681 συνδεομένη
796 612 1013 680 λέγεται
1045 616 1109 684 τῇ
1143 613 1287 686 ψυχῇ
1319 615 1497 668 Δαϐίδ.
1534 617 1608 669 Ob
1634 616 1740 689 γὰρ

204 707 256 760 τὸ
284 706 504 777 κρεῖττον
523 741 538 767 ,
585 701 853 775 αὔταρκες
880 704 938 756 ὃν
957 746 970 769 ,
1003 704 1174 758 ἐλοιτο
1208 705 1273 759 ἂν
1304 706 1383 776 τῷ
1416 705 1578 760 αὑτοῦ
1614 724 1739 760 συν-

204 795 416 852 δεδέσθαι
446 794 645 865 χείρονι
664 812 677 827 ·
707 794 841 849 ἀλλά
862 795 922 847 τὸ
944 799 1124 867 χεῖρον
1151 797 1470 868 ἐπικουρίας
1493 797 1741 867 δεόμενον

202 891 287 960 τῆς
309 887 446 959 παρὰ
466 886 556 938 τοῦ
589 886 880 955 βελτίονος,
912 887 1163 940 συνδεθέν
1183 886 1260 958 τῷ
1283 890 1551 959 κρείττονι
1584 908 1744 962 προσ-

202 979 441 1052 ηρτῆσθαι
468 979 665 1049 ἐχρῆν·
702 979 788 1030 ἵνα
822 979 882 1031 τὸ
915 978 1042 1048 μὲν,
1077 978 1235 1049 μένον
1266 981 1350 1047 ἐφ’
1380 981 1570 1034 ἐαυτοῦ
1590 1024 1605 1048 ,
1642 1000 1745 1055 μη-

200 1071 367 1141 δεμίας
396 1069 638 1139 ἀπολάϐῃ
675 1069 876 1139 βλάϐης
906 1070 971 1122 ἐκ
1010 1068 1110 1137 τῆς
1144 1068 1280 1139 πρὸς
1315 1068 1377 1121 τὸ
1417 1073 1598 1141 χεῖρον
1639 1088 1747 1126 κοι-

203 1164 407 1227 νωνίας⁶
459 1162 520 1215 τὸ
562 1162 606 1213 δ’
651 1161 882 1215 ἄτακτον
936 1158 995 1225 ἐξ
1043 1161 1205 1213 αὑτοῦ
1232 1203 1247 1227 ,
1294 1162 1585 1216 καταδεθὲν
1649 1166 1745 1218 καὶ

202 1250 542 1322 συναρμοσθὲν
561 1250 645 1322 τῷ
665 1251 950 1322 κρείττονι,
984 1252 1148 1321 ρίηδέν
1181 1251 1387 1322 βλάψαν
1420 1256 1540 1317 ταῖς
1578 1255 1746 1323 ἀνάγ-

200 1360 307 1406 καις
336 1343 434 1395 τῶν
457 1342 672 1413 δεσμῶν
712 1342 848 1413 πρὸς
871 1343 932 1395 τὸ
952 1346 1199 1414 κρεῖττον
1222 1344 1506 1415 ἐκνικηθῇ.
1530 1346 1621 1398 Διὸ
1654 1348 1747 1400 καὶ

200 1430 609 1502 κατεργάζεσθαι
645 1432 739 1501 μὲν
770 1432 897 1495 τοὺς
940 1431 1170 1502 δεσμοὺς
1217 1433 1313 1485 τοῦ
1358 1433 1707 1505 διαφέροντος
1730 1473 1746 1499 ,

199 1523 299 1577 ἀλλ’
328 1523 383 1575 οὐ
412 1522 507 1577 τοῦ
541 1523 764 1592 ἥττονος
794 1518 861 1593 ἦν
879 1541 892 1553 ·
931 1523 1233 1579 συνδείσθαι
1260 1524 1317 1577 δὲ
1345 1525 1439 1578 τοῦ
1471 1526 1713 1597 χείρονος
1731 1567 1746 1592 ,

197 1616 263 1678 ὡς
285 1614 398 1686 μηδ’
421 1614 669 1678 ἐξουσίαν
699 1614 842 1685 ἔχειν
869 1634 983 1678 πως
1003 1616 1365 1671 ἀπολελύσθαι
1386 1618 1495 1671 τῶν
1514 1618 1747 1689 δεσμῶν.

198 1705 459 1768 Τοιαύταις
491 1708 630 1758 τισὶν
662 1706 927 1774 ἀνάγκαις
951 1704 1114 1759 Δαϐὶδ
1143 1703 1292 1771 οὗτος
1323 1708 1751 1780 συσφιγξάμενος

198 1794 328 1863 ἡμᾶς
356 1793 487 1865 ἔχει,
522 1795 619 1848 νῦν
649 1813 707 1848 τε
739 1797 833 1850 καὶ
864 1797 922 1863 ἐξ
954 1798 1306 1862 ἐκείνου,ούδ’
1327 1801 1375 1852 εί
1404 1800 1747 1871 βουλοίμεθα,

1849 616 1936 670 hic
1963 632 2134 671 nexus
2163 619 2359 673 confici
2382 618 2734 687 copularique
2779 616 2979 670 rectius
3006 622 3235 683 poterat.
3267 613 3412 668 Con-

1847 708 2113 777 glutinata
2149 718 2234 764 est
2279 709 2446 779 igitur
2483 725 2514 762 a
2567 708 2752 763 divine
2800 722 3050 761 sermone
3092 721 3201 760 non
3229 707 3413 760 anima

1850 800 2015 854 David
2047 801 2243 855 anima:
2272 800 2555 866 Jonathte;
2599 800 2689 855 sed
2718 809 2927 861 contra,
2974 797 3256 852 deterioris
3289 796 3411 850 ani-

1845 905 1933 943 ma
1973 891 2054 944 sic
2089 890 2301 955 affecta,
2340 889 2709 960 conglutinata
2754 888 2950 942 dicitur
2990 887 3182 941 animae
3223 885 3409 947 David.

1845 979 1955 1035 Nec
1978 981 2126 1035 enim
2156 996 2285 1051 pars
2306 982 2503 1050 potior,
2530 997 2653 1035 cum
2682 980 2783 1035 sibi
2812 995 2908 1049 per
2934 994 2991 1033 se
3017 980 3129 1048 ipsa
3161 978 3411 1038 sufficiat,

1846 1071 2102 1126 deteriori
2129 1087 2187 1125 se
2210 1072 2532 1143 agglutinari
2557 1080 2805 1140 cuperet;
2833 1071 2925 1125 sed
2946 1069 3264 1123 deteriorem
3292 1083 3413 1137 qua:

1847 1178 1949 1231 ope
1980 1163 2179 1232 indiget
2221 1164 2483 1228 melioris,
2531 1181 2559 1217 a
2608 1164 2815 1232 potiore
2859 1160 3278 1229 conglutinatam
3320 1160 3415 1212 de-

1853 1252 2087 1321 pendere
2116 1254 2386 1322 oportuit:
2408 1264 2466 1308 ut
2493 1254 2606 1308 haec
2628 1253 2844 1322 quidem
2872 1251 2925 1304 in
2951 1266 3007 1305 se
3030 1252 3143 1320 ipsa
3165 1264 3409 1314 manens,

1847 1346 2113 1399 damnum
2150 1347 2359 1400 nullum
2402 1362 2465 1400 ex
2515 1346 2802 1402 deterioris
2844 1344 3225 1398 communione
3254 1357 3413 1413 cape-

1849 1447 1960 1489 ret:
1999 1451 2123 1508 quge
2156 1447 2335 1491 autem
2364 1453 2428 1491 ex
2459 1452 2518 1491 se
2542 1437 2897 1505 incomposita
2925 1443 3060 1498 erat,
3086 1434 3334 1502 colligata
3360 1442 3414 1487 et

1849 1528 2142 1596 conjuncta
2170 1544 2291 1583 cum
2335 1529 2567 1597 petiere,
2594 1528 2726 1583 nihil
2764 1528 2883 1595 ipsa
2926 1526 3185 1587 olliciens,
3222 1524 3415 1577 vincu-

1849 1615 2025 1669 lorum
2058 1632 2180 1671 eum
2207 1632 2269 1671 ea
2307 1633 2444 1671 nexu
2468 1627 2521 1671 et
2556 1616 2876 1671 necessitate
2898 1614 3221 1669 vinceretur.
3259 1611 3413 1666 Unde

1853 1707 2066 1761 vincula
2098 1707 2319 1774 inferre,
2358 1707 2749 1779 praestantioris
2774 1715 2910 1773 erat,
2952 1720 3060 1759 non
3108 1704 3409 1769 inferioris;

1854 1796 2180 1866 agglutinari
2211 1807 2413 1863 autem,
2446 1796 2764 1862 deterioris;
2798 1796 2869 1850 ita
2902 1795 3144 1865 quidem,
3187 1802 3246 1847 ut
3289 1794 3412 1846 vin-

196 1884 289 1937 τῶν
316 1884 523 1955 δεσμῶν
556 1886 721 1939 αὐτοῦ
765 1886 1016 1941 λελύσθαι
1050 1887 1398 1958 δυναμένους.
1443 1891 1516 1943 Ού
1549 1892 1744 1953 τοίνυν,

1852 1891 1990 1944 culis
2036 1891 2288 1959 expedire
2335 1906 2394 1945 se
2437 1891 2839 1959 quodammodo
2880 1904 2989 1942 non
3040 1895 3243 1957 posset.
3296 1884 3414 1939 Tali

200 1973 280 2025 καὶ
307 1974 353 2026 εί
373 1974 846 2046 ἀποδημήσαιμεν,
878 1977 1067 2047 ἀνήσει
1090 1978 1185 2040 τὰς
1212 1977 1388 2047 ψυχάς
1415 1978 1589 2050 ἡμῶν,
1608 1981 1744 2035 κατὰ

194 2065 246 2118 τὸ
268 2065 399 2118 θεῖον
430 2066 664 2137 γράμμα
696 2067 833 2138 ἔχων
865 2067 1007 2121 οὕτω
1042 2069 1444 2139 συνδεδεμένας.

1849 1981 2086 2052 quedam
2120 1981 2458 2037 necessitatis
2484 1998 2623 2036 nexu
2648 1980 2815 2035 David
2850 1982 2936 2036 hic
2964 1997 3062 2034 nos
3088 1980 3413 2049 astringens,

1848 2087 1915 2126 ex
1953 2088 2019 2127 eo
2060 2082 2302 2143 tempore
2339 2083 2524 2143 captes
2571 2082 2735 2138 tenet,
2781 2088 2879 2127 nec
2925 2073 2973 2126 si
3013 2073 3261 2136 velimus,
3295 2071 3414 2138 ejus

193 2158 403 2213 vinculis
442 2161 681 2214 eximere
720 2176 821 2216 nos
850 2163 1110 2217 valentes.
1142 2162 1251 2218 Nec
1276 2164 1440 2234 igitur
1478 2164 1523 2221 si
1548 2165 1828 2232 abeamus,
1858 2168 2123 2223 relaxabit
2147 2169 2357 2225 animus
2377 2178 2615 2228 nostras.
2639 2185 2797 2239 quas,
2817 2170 2970 2237 juxta
3005 2168 3242 2222 divinam
3268 2165 3416 2220 Scri-

190 2260 404 2323 pturam,
430 2255 830 2323 cenglutinatas
864 2257 943 2311 sic
966 2266 1127 2312 tenet.

250 2348 315 2400 Z’.
356 2348 498 2419 Πλὴν
530 2348 703 2412 οὕτως
735 2351 881 2421 ἡμᾶς
925 2351 983 2418 ἐξ
1015 2354 1188 2424 ἀρχῆς
1224 2352 1357 2406 ἐλὼν
1380 2394 1395 2419 ,
1430 2352 1524 2407 καὶ
1571 2354 1749 2410 πάντα

187 2438 366 2507 τρόπον
397 2440 767 2512 ἐκπεριελθὼν
786 2481 801 2506 ,
828 2444 1013 2515 ἐπειδὴ
1046 2446 1242 2515 ἠνυστο
1272 2445 1421 2516 αὐτῷ
1452 2447 1511 2499 τὸ
1544 2447 1746 2511 πλεῖον,

188 2530 269 2581 καὶ
300 2531 474 2600 μένειν
506 2533 713 2599 ἐδόκει,
747 2535 1060 2590 τούντεῦθεν
1080 2576 1093 2599 ,
1127 2537 1313 2608 ὥσπερ
1352 2538 1406 2590 εἴ
1432 2556 1515 2603 τις
1546 2540 1748 2609 ἀγαθὸς

186 2622 407 2691 γεωργὸς
435 2624 543 2693 γῆν
572 2626 749 2697 ἀργήν
781 2644 900 2679 τινα
920 2667 933 2691 ,
968 2628 1062 2682 καὶ
1095 2629 1212 2699 ἦτοι
1254 2629 1372 2682 οὐδὲ
1404 2628 1614 2699 εὔγειον
1658 2631 1748 2685 ού-

186 2710 387 2780 δαμῶς,
420 2714 558 2770 ἀλλά
590 2733 709 2769 τινα
740 2716 986 2789 ἁλμυρὰν
1016 2720 1108 2772 καὶ
1141 2720 1508 2792 κεκαυμένην,
1542 2722 1748 2774 ὑπόπε-

186 2802 299 2873 τρόν
328 2821 384 2857 τε
415 2807 512 2860 καὶ
556 2806 839 2878 ψαφαρὰν,
867 2808 899 2880 ἢ
930 2809 989 2861 ού
1020 2809 1195 2880 πάντη
1231 2810 1329 2881 μὲν
1359 2811 1560 2883 ἄφορον
1579 2850 1594 2875 ,
1627 2810 1746 2864 οὐδέ

186 2909 241 2959 γε
271 2895 446 2966 ἀφυῆ,
493 2897 632 2955 ἀλλά
663 2900 756 2953 καὶ
798 2900 1041 2973 πολυφυῆ
1092 2902 1221 2973 μὲν,
1269 2902 1460 2973 χέρσον
1496 2902 1551 2955 δὲ
1597 2903 1745 2974 ὅμως

184 2985 270 3037 καὶ
317 2988 708 3061 ἠμελημένην,
769 2992 1029 3055 ἀκάνθαις
1097 2994 1192 3047 καὶ
1256 2993 1482 3065 θάμνοις
1535 2995 1745 3064 ἀγρίοις

184 3075 629 3152 ἐστρυφνωμένην
681 3082 773 3135 καὶ
812 3082 1079 3155 δυσεργῆο
1124 3084 1157 3155 ἢ
1200 3080 1291 3138 οἷά
1329 3103 1413 3149 τις
1446 3086 1746 3158 φυτουργὸς

181 3168 303 3240 ἀνὴρ
326 3173 513 3240 φυτὸν,
545 3174 665 3244 ἦτοι
692 3175 900 3247 ἄγριον,
932 3177 1026 3230 καὶ
1056 3178 1281 3249 καρπῶν
1303 3179 1522 3251 ἡμέρων
1544 3179 1745 3251 ἄφορον

187 3261 290 3329 μὲν,
306 3265 365 3317 ού
390 3267 500 3337 μὴν
520 3267 703 3338 πάντη
728 3270 999 3340 ἄχρηστον
1018 3287 1030 3300 ο
1059 3270 1113 3322 εἴ
1133 3288 1217 3333 τις
1237 3271 1402 3345 τέχνῃ
1419 3275 1483 3343 τῇ
1510 3290 1743 3344 φυτουρ-

180 3356 293 3425 γικῇ
325 3355 508 3426 φέρων
549 3357 779 3427 βλαστὸν
810 3361 1016 3433 ἥμερον
1047 3363 1401 3433 ἐμφυτεύσει,
1434 3366 1593 3436 μέσον
1632 3366 1747 3436 σχί-

182 3460 269 3509 σας
284 3486 298 3511 ,
321 3444 439 3503 εἷτα
471 3450 769 3521 συμϐαλὼν
798 3454 892 3506 καὶ
922 3454 1187 3525 συνδήσας
1207 3494 1221 3517 ,
1243 3454 1401 3528 ἄχρις
1423 3456 1488 3513 ἂν
1512 3474 1573 3509 συ
1582 3456 1747 3527 μϐλύ-

183 3546 337 3588 σαντα
362 3536 459 3601 ὼς
505 3537 620 3609 (85)
657 3539 823 3610 ἄμφω
867 3541 1131 3614 τρέφηται
1166 3542 1326 3609 (οὕτω
1370 3544 1480 3617 γάρ
1520 3546 1583 3599 ἂν
1616 3546 1745 3609 ἴδοις

182 3620 381 3697 δένδρον
418 3647 474 3682 τι
524 3632 833 3700 συμμιγὲς,
878 3634 969 3686 καὶ
1016 3634 1169 3687 νόθον
1213 3636 1343 3705 μὲν,
1378 3636 1649 3707 εὔκαρπον
1688 3638 1743 3691 δὲ

182 3712 518 3790 ξάκάρπου,
538 3724 787 3794 καρποὺς
812 3723 993 3788 ἐλαίας
1018 3724 1116 3795 τῆς
1132 3726 1301 3796 καλῆς
1328 3728 1419 3779 ἐπὶ
1443 3726 1604 3795 ῥιζῶν
1626 3729 1745 3782 ἀνα-

181 3807 329 3878 φέρον
367 3813 617 3884 ἀγρίων·
660 3815 693 3887 ἢ
734 3815 920 3887 ἄγριον
964 3816 1081 3886 μὲν,
1111 3818 1171 3870 ού
1208 3817 1311 3889 μὴν
1350 3819 1617 3890 ἄχρηστον
1649 3822 1743 3874 ἀν-

175 3896 250 3966 δρὶ
272 3903 488 3976 τεχνίτῃ
518 3906 813 3977 φυτουργῷ
833 3923 845 3936 ·
874 3906 906 3978 ἢ
934 3908 1029 3961 καὶ
1057 3908 1263 3979 ἥμερον
1308 3910 1428 3979 μὲν,
1471 3910 1744 3984 εύκαρπον

172 3986 223 4040 δὲ
260 3991 455 4058 άλλως,
505 3996 540 4067 ἦ
587 3996 793 4069 ἀπορίᾳ
837 3997 1033 4069 τέχνης
1079 3999 1238 4055 πάλιν
1280 4000 1603 4056 ἁκλάδευτον
1650 4004 1743 4057 καὶ

173 4080 448 4138 ἀπότιστον
469 4088 571 4140 καὶ
594 4088 699 4157 αύχ
707 4105 779 4159 μη
788 4088 901 4160 ρὸν,
914 4089 1234 4161 πνιγόμενον
1256 4091 1359 4145 ὑπὸ
1378 4092 1485 4147 τῶν
1504 4095 1620 4147 ἐκεῖ
1634 4094 1740 4167 (84)

172 4176 370 4229 πολλῶν
390 4179 491 4232 καὶ
528 4181 803 4251 περιττῶν
830 4183 1178 4253 ἐκφυομένων
1206 4184 1447 4254 βλαστῶν
1466 4202 1481 4217 ⁸
1514 4187 1745 4240 τελειοῦ-

173 4264 285 4319 σθαι
314 4267 370 4322 δὲ
395 4273 466 4341 τῇ
498 4271 731 4343 βλάστῃ,
760 4274 852 4326 καὶ
886 4274 1068 4341 φέρειν
1104 4274 1195 4327 τὸν
1227 4276 1433 4347 καρπὸν
1462 4278 1551 4330 ὑπ’
1585 4279 1745 4349 ἀλλή-

169 4357 267 4410 λων
322 4360 802 4434 ἐμποδιζόμενον)·
854 4364 1124 4430 τοιούτους
1182 4367 1332 4431 τινὰς
1395 4370 1745 4441 παραλαϐὼν,

170 4449 255 4500 καὶ
279 4452 446 4525 τέχνῃ
474 4452 679 4507 ἐαυτοῦ
714 4456 777 4525 τῇ
808 4459 1085 4527 γεωργικῇ
1131 4457 1424 4529 ἐκπεριιὼν
1447 4459 1540 4514 καὶ
1574 4477 1744 4514 κατα-

1927 2355 2037 2411 VII.
2092 2356 2355 2413 Caeterum
2410 2374 2533 2414 cum
2586 2359 2662 2413 ita
2712 2372 2814 2411 nos
2862 2358 2931 2411 ab
2990 2355 3144 2410 initio
3184 2354 3414 2424 cepisset

1854 2449 2113 2519 omnique
2152 2465 2215 2504 ex
2261 2458 2412 2519 parte
2446 2450 2933 2511 circumvallasset,
2975 2445 3411 2516 quandoquidem

1853 2541 1999 2609 quod
2034 2541 2216 2610 potius
2242 2550 2376 2607 erat,
2399 2543 2511 2612 jam
2536 2541 2833 2611 perfectum
2855 2548 2993 2602 erat,
3026 2547 3075 2590 et
3105 2539 3261 2593 nobis
3292 2550 3419 2589 πω-.

1853 2646 1985 2685 nere
2009 2630 2322 2697 collibebat;
2358 2631 2634 2700 deinceps,
2678 2637 2936 2699 tanquam
2982 2628 3027 2681 si
3062 2628 3239 2680 bonus
3260 2621 3407 2692 quis-

1859 2717 2005 2789 piam
2046 2720 2286 2793 agricola
2317 2731 2512 2777 terram
2538 2736 2761 2776 vacuam
2788 2729 2950 2789 atque
2991 2719 3244 2777 otiosam,
3265 2730 3413 2767 cam-

1854 2824 1960 2879 que
1999 2825 2099 2865 nec
2129 2809 2357 2866 fertilem
2386 2827 2632 2882 prorsus,
2661 2812 2752 2867 sed
2778 2811 3170 2879 salsugittosam
3197 2815 3251 2860 et
3279 2808 3414 2859 adu-

1854 2912 2017 2969 stam,
2049 2904 2304 2973 saxisque
2325 2914 2378 2958 et
2399 2920 2563 2959 arena
2584 2904 2846 2969 obsitam;
2872 2911 2963 2956 aut
2986 2917 3093 2955 non
3116 2901 3272 2970 plane
3294 2900 3415 2967 qui-

1853 2994 1973 3048 dem
2003 2994 2264 3062 sterilem,
2307 3010 2407 3050 nec
2453 2996 2698 3061 inertem,
2738 2995 2830 3049 sed
2876 3004 3070 3048 natura
3113 2990 3411 3060 praestanti,
3514 3002 3529 3027 τ

1854 3099 2041 3138 verum
2074 3084 2331 3139 incultam
2365 3095 2525 3155 atque
2552 3086 2873 3157 neglectam,
2914 3085 3086 3154 spinis
3121 3084 3413 3136 haerentem

1852 3175 2298 3246 silvestribusque
2349 3177 2603 3241 dumetis,
2658 3191 2721 3230 ac
2772 3176 2992 3229 minime
3035 3173 3409 3234 tractabilem;

1853 3268 1946 3312 aut
1965 3259 2441 3328 quemadmodum,
2469 3259 2513 3313 si
2540 3271 2689 3315 sator
2712 3259 2909 3328 aliquis
2934 3259 3172 3328 plantam
3198 3258 3311 3311 sive
3331 3270 3414 3308 ar-

1851 3350 2037 3404 borem
2068 3358 2355 3419 agrestem,
2374 3364 2436 3403 ac
2458 3347 2668 3402 fructus
2691 3349 2897 3403 scilicet
2921 3362 3117 3401 suaves
3150 3360 3258 3399 non
3286 3360 3413 3414 pro-

1851 3440 2132 3507 ferentem,
2162 3456 2259 3495 nec
2292 3450 2466 3494 tamen
2497 3455 2719 3511 prorsus
2750 3438 2992 3492 inutilem
3034 3443 3245 3501 nactus,
3275 3434 3411 3488 sati-

1851 3547 1932 3585 vae
1962 3546 2171 3584 ramum
2209 3539 2322 3583 arte
2370 3545 2467 3583 sua
2506 3530 2730 3591 inserat,
2772 3528 3001 3597 mediam
3049 3527 3191 3579 illam
3234 3524 3413 3578 diffin-

1850 3622 2014 3689 dens,
2056 3637 2121 3675 ac
2157 3620 2349 3675 deinde
2389 3619 2733 3675 committens
2788 3628 2841 3672 et
2893 3619 3172 3687 colligans,
3232 3614 3411 3685 quoad

1851 3714 2079 3769 bumore
2100 3714 2435 3769 coalescente
2456 3712 2629 3766 ambae
2648 3711 2811 3766 simul
2825 3710 3134 3765 adolescant
3148 3708 3247 3779 (sic
3266 3708 3411 3763 enim

1851 3808 2071 3864 mistam
2102 3808 2348 3861 arborem
2377 3820 2516 3874 saepe
2548 3805 2751 3866 videas,
2782 3812 2874 3856 aut
2900 3802 3138 3871 spuriam
3165 3800 3409 3869 quidem,

1850 3907 1905 3952 at
1948 3898 2179 3953 fertilem
2226 3914 2293 3954 ex
2340 3895 2675 3951 infructuosa
2716 3895 2914 3949 fectant
2941 3937 2958 3962 ,
2999 3893 3237 3963 pulchrae
3281 3892 3414 3947 olea:

1850 3988 2060 4045 fructus
2089 3988 2142 4042 in
2170 3987 2472 4058 agrestibus
2502 3986 2771 4040 radicibus
2804 3985 3032 4038 alentem
3060 4001 3073 4048 ;
3124 3991 3216 4035 aut
3253 3996 3409 4049 agre-

1850 4090 1985 4135 stem
2015 4094 2231 4149 queque
2257 4093 2364 4133 non
2394 4077 2635 4130 inutilem
2662 4075 2924 4129 redditam
2958 4072 3224 4127 industrie
3258 4071 3415 4125 (ξυιυς

1850 4187 1922 4225 ne
1948 4188 1962 4237 ;
1997 4180 2090 4224 aut
2113 4169 2338 4224 sativam
2367 4168 2618 4237 denique,
2652 4174 2705 4220 et
2732 4164 2959 4220 fertilem
2992 4162 3144 4228 alias,
3172 4160 3263 4215 sed
3289 4176 3411 4229 qua:

1850 4263 1983 4320 artis
2022 4261 2233 4321 defectu
2277 4276 2384 4316 non
2428 4269 2633 4331 putata,
2660 4274 2891 4314 cxsucca
2921 4272 2984 4310 ac
3013 4253 3278 4324 squalida,
3301 4268 3411 4321 pra:

1849 4354 2037 4408 multis
2068 4353 2122 4407 in
2158 4368 2220 4407 ea
2249 4350 2534 4420 superfluis
2566 4349 2778 4404 adnatis
2800 4347 3033 4402 surculis
3058 4344 3417 4416 praefecetur;

1849 4443 2320 4498 deacuminatione
2342 4456 2405 4497 ac
2427 4440 2817 4511 germinatione
2838 4454 2961 4492 mox
2990 4437 3192 4507 perlici,
3222 4446 3276 4489 et
3304 4434 3412 4487 fru-

166 4542 291 4595 νοῶν
333 4544 396 4597 ού
418 4524 517 4598 ίτά
568 4546 736 4599 πᾶσιν
773 4524 1027 4618 ὁρώμενα
1060 4524 1218 4619 μόνον
1252 4524 1344 4602 καὶ
1373 4552 1430 4603 ἐν
1458 4552 1744 4625 ἐπιφανείᾳ

1852 4545 1969 4591 ctus
2007 4536 2157 4601 dare,
2192 4535 2283 4605 qui
2319 4549 2350 4588 a
2395 4532 2712 4587 redundanti
2738 4532 2895 4600 cepia
2925 4524 3406 4598 impediebantur);

168 4631 507 4705 βλεπόμενα·
554 4636 868 4708 ἀνορύττων
907 4638 963 4693 δὲ
1001 4640 1093 4692 καὶ
1135 4640 1243 4695 τῶν
1275 4642 1568 4697 ὲνδοτάτων
1611 4646 1746 4698 ἀπο-

164 4725 524 4798 πειρώμενος,
554 4727 778 4799 ἐρωτῶν
805 4730 896 4781 καὶ
924 4731 1221 4801 προτείνων
1250 4732 1343 4788 καὶ
1374 4734 1745 4806 ἀποκριναμέέ

164 4829 260 4867 νων
302 4818 553 4883 ἀκούων,
585 4817 773 4889 ἐπειδὴ
818 4820 1112 4890 κατενόησέ
1141 4838 1193 4874 τι
1225 4822 1323 4874 οὐκ
1350 4821 1619 4893 ἄχρηστον
1652 4826 1744 4878 καὶ

162 4904 430 4976 ἀνωφελὲς
474 4909 579 4964 καὶ
612 4909 871 4979 ἀνήνυτον
900 4910 956 4961 ἐν
990 4912 1141 4980 ἡμῖν,
1184 4911 1458 4978 ἔσκαλλεν,
1488 4914 1744 4985 ἀνέστρε-

162 5014 273 5064 cev,
312 5001 602 5066 ἐπότιζεν,
642 5001 809 5055 ἐκίνει
853 5001 1049 5064 πάντα,
1098 5002 1315 5057 ἅπασαν
1356 5005 1599 5075 προσῆγε
1646 5005 1745 5078 τὴν

158 5094 283 5163 παρ’
312 5094 493 5148 αὑτοῦ
519 5094 723 5164 τέχνην
756 5094 850 5148 καὶ
873 5094 1207 5164 ἐπιμέλειαν,
1232 5095 1326 5149 καὶ
1352 5098 1746 5170 κατειργάζετο

159 5181 331 5251 ἡμᾶς’
368 5185 630 5249 ἀκάνθας
675 5184 773 5255 μὲν
820 5187 913 5239 καὶ
944 5185 1224 5255 τριϐόλους
1261 5186 1356 5240 καὶ⁹
1397 5190 1504 5241 πᾶν
1544 5190 1604 5241 τὸ
1636 5189 1741 5242 τῶν

158 5274 359 5346 ἀγρίων
404 5278 579 5347 γένος
623 5276 856 5347 βοτανῶν
906 5277 938 5347 ἢ
983 5276 1183 5347 φυτῶν,
1228 5280 1356 5332 ὅσον
1404 5279 1743 5350 ύλομανοῦσα

158 5366 442 5440 ἀνέπεμπε
466 5369 574 5424 καὶ
598 5368 834 5424 ἀνεδίδου
858 5369 1192 5442 σεσοϐημένη
1221 5371 1254 5441 ἡ
1284 5370 1428 5442 ψυχὴ
1453 5371 1608 5442 ἡμῶν
1635 5367 1743 5444 (οἷα

228 5499 816 5573 (§3)L‘1{y_6.ltjoarta
836 5499 915 5566 ὡς
935 5500 1011 5554 ἄν
1031 5500 1172 5573 (εἰς).
1192 5500 1370 5555 Malim
1392 5501 1744 5573 συμφύσαντα

156 5569 230 5640 εἰς
252 5568 330 5633 ἓν,
363 5570 554 5632 νειὼς
591 5568 668 5622 ἓν.
692 5568 1232 5640 Cassam—Optime
1262 5572 1336 5636 ὡς
1350 5573 1406 5626 ἓν
1425 5588 1439 5624 :
1459 5568 1557 5638 sic,
1581 5582 1640 5627 ut
1670 5574 1744 5637 ὡς

158 5639 233 5691 vel
263 5655 363 5711 pro
402 5650 697 5709 tanquam,
724 5640 809 5693 vel
842 5656 936 5708 pro
957 5643 1036 5711 είς
1061 5639 1115 5695 in
1147 5643 1314 5711 accipi
1342 5644 1531 5711 possit.
1560 5641 1745 5711 Neque

158 5709 563 5781 συμϐλύσαντα
602 5724 709 5763 non
751 5710 1070 5781 mutandum
1106 5709 1317 5767 videtur
1343 5709 1365 5766 ﬁ:
1405 5728 1527 5766 nam
1566 5709 1742 5781 βλύζω

156 5778 266 5834 Iive
298 5779 453 5852 βλύω
490 5780 740 5835 alienum
775 5789 874 5837 cst.
931 5780 1037 5837 Sed
1086 5782 1439 5848 συιιφύσαντα
1465 5778 1588 5854 plus
1622 5800 1739 5838 mu-

1850 4627 1983 4681 tales
2015 4626 2104 4679 ille
2158 4640 2256 4679 nos
2284 4639 2598 4687 assumens,
2634 4631 2689 4676 et
2729 4621 2885 4693 quasi
2929 4620 3131 4676 rustica
3174 4618 3408 4687 quadam

1844 4726 1959 4771 arte
1991 4732 2113 4782 sua,
2144 4716 2389 4770 lustrans
2425 4730 2487 4769 ac
2513 4715 2730 4783 penitus
2770 4710 3166 4778 introspiciens,
3199 4724 3303 4761 neu
3345 4722 3414 4763 ea

1843 4810 2016 4865 solum
2037 4825 2157 4879 qua:
2179 4809 2421 4863 omnium
2454 4808 2627 4861 oculis
2658 4814 2838 4875 patent
2858 4813 3019 4872 atque
3044 4803 3097 4855 in
3126 4801 3411 4869 superficie

1840 4910 2156 4965 cernuntur,
2186 4898 2279 4952 sed
2302 4897 2463 4951 altius
2497 4895 2752 4953 effodiens
2780 4904 2831 4948 et
2852 4893 3041 4946 intima
3064 4898 3410 4961 pertentans;

1844 4992 2183 5061 interrogans
2203 4999 2255 5045 et
2276 5004 2605 5059 prepenens,
2632 4986 3121 5055 respondentesque
3151 4982 3405 5045 audiens;

1847 5090 1907 5134 ut
1934 5078 2187 5149 cognovit
2214 5077 2416 5147 aliquid
2444 5090 2551 5129 non
2581 5071 2952 5143 infrugiferutn
2978 5085 3077 5126 nec
3104 5068 3291 5121 inutile
3316 5075 3410 5119 aut

1847 5172 2059 5226 irritum
2090 5171 2145 5224 in
2168 5169 2324 5224 nobis
2353 5182 2474 5221 esse
2495 5206 2510 5231 ,
2549 5174 2663 5220 tum
2699 5165 2967 5235 subigere,
3004 5164 3267 5217 invertere
3287 5200 3302 5225 ,
3344 5159 3410 5211 ir-

1847 5265 2057 5333 rigare,
2098 5263 2281 5317 omnia
2330 5273 2585 5325 mevere,
2637 5273 2852 5311 omnem
2898 5257 3185 5310 admovere
3235 5259 3407 5304 artem

1845 5368 2000 5408 suam
2019 5368 2082 5408 ac
2098 5366 2306 5415 curam,
2344 5348 2642 5418 seduloque
2667 5360 2918 5400 exercere
2944 5359 3042 5397 nos
3073 5340 3263 5408 cmpit;
3301 5336 3404 5406 spi-

1855 5512 1960 5565 tat,
1997 5517 2160 5571 quam
2196 5500 2241 5555 si
2280 5500 2425 5571 legas
2448 5495 2981 5571 pro_qujt6).t5_aatvrat,
3006 5498 3306 5571 permutata
3339 5488 3408 5571 ini:

1850 5560 2048 5641 quida',
2094 5560 2498 5642 συμϐρύσῖιντᾶ.
2556 5568 2609 5621 1d
2647 5560 2977 5642 quadrabit,
3008 5560 3074 5617 'si
3112 5563 3219 5615 vim
3259 5560 3409 5613 verbi

1853 5636 1998 5713 βρύω
2033 5636 2506 5713 ειιιηόόῐῃροςὶιρδ
2533 5639 2868 5713 expenderis,
2912 5636 3142 5713 Benest,
3295 5701 3309 5713 -
3355 5696 3377 5710 ο

1921 5713 2028 5784 (84)
2072 5711 2247 5767 Ἐκεῖ.
2281 5701 2582 5780 Bengelius,
2603 5701 2963 5763 Hmscbelium
2999 5712 3233 5768 secutus,
3263 5701 3407 5773 εικῆ.
