3876 6488
475 356 614 412 4075

1548 415 1553 420 η
1624 350 1682 407 5.
1724 346 2053 405 GREGORII
2093 343 2594 404 THAUMATURGI

3582 338 3723 394 1076

479 491 578 528 nas
617 474 834 545 quidem
879 489 943 530 ac
971 473 1219 541 tribulos,
1254 482 1307 529 et
1332 488 1503 544 genus
1547 487 1708 527 omne
1751 471 2037 542 agrestium

2150 468 2214 540 δὴ
2253 469 2485 531 ἄτακτος
2521 462 2654 520 οὖσα
2691 465 2782 518 καὶ
2819 463 3136 535 προπετὴς),
3175 462 3280 515 πᾶν
3312 458 3600 514 ἐκκόπτων
3631 457 3723 510 καὶ

478 567 766 621 herbarum
797 574 958 636 atque
982 567 1254 636 stirpium,
1279 575 1544 637 quotquot
1562 564 1845 618 luxurians
1869 571 1923 618 et
1952 562 2046 617 sii-

476 673 722 718 vescens,
755 667 938 728 utpote
978 657 1338 727 incomposita
1365 667 1698 728 etpraeceps,
1735 655 1915 710 anima
1956 673 2046 710 no-

475 755 588 804 8tra
621 747 834 801 turbida
883 745 1270 815 profundebat,
1318 748 1532 816 penitus
1579 761 1832 802 resccaas
1863 761 1928 800 ac
1959 746 2046 800 de-

471 839 716 900 trahens,
757 837 1226 907 reprehendendo,
1260 839 1732 908 probibendoque;
1778 853 1921 892 nunc
1953 837 2051 892 So-

473 929 678 983 cratico
706 944 854 984 more
889 929 1129 999 sciteque
1165 931 1456 986 admodum
1497 947 1597 986 nos
1637 933 2042 1003 perstringens;

475 1037 620 1074 nunc
647 1020 811 1074 etiam
861 1021 1106 1078 oratione
1148 1037 1246 1077 sua
1293 1031 1680 1092 prosternens,
1730 1016 1902 1078 Sicubi
1944 1038 2045 1078 nos

474 1109 629 1165 freno
657 1111 1006 1175 reluctantes,
1043 1120 1300 1182 tanquam
1347 1112 1492 1169 feros
1529 1113 1793 1184 quosdam
1829 1129 1999 1184 equos
2025 1156 2041 1180 ,

473 1213 626 1255 extra
669 1203 812 1256 viam
840 1204 1148 1259 exsilientes
1199 1219 1263 1259 ac
1306 1213 1510 1260 temere
1557 1205 2044 1262 circumcursantes

473 1294 722 1362 videbat;
761 1297 938 1366 quoad
965 1299 1316 1366 persuasione
1357 1299 1587 1367 quadam
1617 1307 1780 1368 atque
1817 1299 2050 1353 necessi-

441 1393 583 1461 ὲιηιο
625 1387 772 1442 velut
808 1388 981 1452 freno,
1025 1404 1126 1444 suo
1171 1406 1272 1445 nos
1321 1405 1572 1445 sermone
1598 1392 1812 1460 quietos
1835 1392 2046 1461 sibique

476 1477 845 1547 obsequentes
864 1478 1115 1534 reddidit.
1138 1481 1218 1535 Ac
1248 1481 1534 1536 molestum
1558 1481 1610 1536 id
1631 1481 1847 1551 quidem
1867 1481 2043 1548 nobis,

476 1581 577 1621 nec
605 1567 721 1622 sine
753 1569 940 1623 dolore
971 1569 1239 1638 principio
1269 1571 1495 1636 accidit,
1543 1587 1666 1625 cum
1701 1572 1927 1627 insuetis
1968 1573 2046 1627 n-i-

453 1651 676 1734 ’mirum
706 1659 1014 1730 rationique
1049 1677 1242 1731 parere
1268 1663 1503 1716 nondum
1532 1663 1736 1718 edoctis
1765 1679 2044 1720 sermones

455 1737 604 1802 "suos
627 1748 938 1804 admoveret
969 1760 1023 1806 et
1057 1762 1396 1822 expurgaret.
1444 1751 1511 1810 Ut
1540 1769 1664 1810 vero
1690 1755 1913 1812 idoneos
1941 1771 2043 1812 nos

473 1839 734 1906 reddidit,
781 1841 990 1911 riteque
1013 1845 1079 1898 ad
1107 1845 1450 1915 excipiendos
1478 1847 1725 1903 veritatis
1763 1863 2043 1904 sermones
2079 1842 2119 1896 Β

473 1932 833 1999 praeparavit;
866 1941 981 1985 tum
1008 1949 1136 1988 vero
1165 1943 1420 2004 tanquam
1466 1937 1601 1991 bene
1646 1937 1883 1992 subacta:
1915 1939 2042 1994 mol-

471 2021 620 2092 lique
649 2033 804 2078 terrae
823 2065 838 2089 ,
872 2025 1067 2095 injecta
1097 2028 1302 2083 semina
1331 2030 1555 2084 reddere
1579 2039 1812 2099 paratae,
1840 2047 2042 2102 oppor-

471 2127 658 2170 tunam
689 2115 958 2169 seminum
987 2116 1330 2185 injectionem
1357 2119 1558 2175 affatim
1581 2121 1874 2189 inferebat;
1906 2134 2042 2178 tem-

469 2207 733 2275 pestivam
775 2208 937 2262 simul
981 2208 1244 2279 reliquam
1291 2213 1557 2266 culturam
1606 2229 1820 2269 omnem
1842 2256 1863 2286 ,,
1900 2217 2042 2286 aptis

469 2298 683 2368 singula
743 2300 961 2367 modis,
1014 2317 1313 2370 exercens;
1367 2304 1629 2375 quidquid
1675 2307 1928 2362 obtusum
1976 2324 2040 2364 ac

469 2390 714 2458 spurium
740 2391 794 2445 in
825 2393 1006 2446 anima
1032 2402 1171 2461 erat,
1207 2395 1321 2449 sive
1342 2396 1421 2451 sic
1445 2405 1592 2461 nata,
1616 2397 1730 2453 sive
1753 2399 2040 2468 superfluis

468 2485 714 2552 corporis
738 2484 1011 2538 alimentis
1036 2486 1385 2553 condensata,
1411 2503 1701 2558 exacuens,
1732 2499 2041 2547 attenuans-

469 2585 576 2638 que
617 2571 907 2628 subtilibus
957 2575 1154 2629 rationi
1221 2578 1637 2646 congruentium
1695 2579 2037 2637 aflectionum

470 2663 814 2718 sermonibus
842 2679 904 2718 ac
931 2666 1134 2730 modis;
1167 2667 1260 2734 qui
1299 2683 1361 2722 ex
1401 2668 1590 2737 primis
1619 2670 2039 2741 simplicissimis

468 2755 668 2809 evoluti
696 2755 787 2810 alii
812 2772 878 2810 ex
909 2757 1052 2822 aliis,
1076 2759 1332 2828 varieque
1364 2762 1631 2826 conversi,
1666 2762 1716 2816 in
1748 2764 2038 2819 admirabi-

467 2845 576 2900 lem
624 2847 913 2916 quemdam
966 2849 1508 2922 inexplicabilemque
1557 2856 2039 2924 progrediebantur

469 2947 807 3007 contextum,
842 2955 942 2996 nos
981 2942 1128 2996 velut
1153 2957 1182 2996 e
1211 2958 1404 2998 somno
1431 2945 1750 3011 excitantes,
1785 2956 1945 3017 atque
1981 2949 2037 3002 in

467 3031 752 3100 proposito
788 3047 1000 3101 semper
1049 3033 1335 3098 insistere,
1381 3045 1434 3090 et
1478 3037 1786 3093 nullatenus
1829 3056 1927 3094 nec
1969 3040 2038 3095 ob

466 3124 892 3196 longitudinem,
945 3140 1045 3180 nec
1103 3127 1174 3180 ob
1219 3128 1572 3184 subtilitatem
1616 3131 1722 3186 labi
1761 3132 2033 3189 docentes.

469 3215 740 3287 Quidquid
765 3232 928 3286 porro
950 3217 1136 3287 judicii
1165 3234 1356 3289 expers
1397 3237 1460 3277 ac
1500 3238 1738 3292 praeceps
1780 3224 1833 3278 in
1880 3225 2037 3280 nobis

469 3318 622 3377 erat,
661 3311 745 3365 vel
785 3310 1131 3364 assentiendo
1161 3309 1228 3365 iis
1257 3328 1379 3382 quae
1408 3314 1565 3368 obvia
1614 3314 1770 3380 ﬁunt,
1826 3317 2037 3386 qualia-

470 3417 686 3471 cunque
730 3401 870 3467 sint,
911 3402 1126 3457 etiamsi
1154 3403 1289 3459 falsa
1336 3420 1394 3460 se
1437 3406 1701 3472 offerant;
1750 3407 1833 3462 vel
1876 3424 2037 3479 repu-

469 3495 684 3566 gnando
712 3510 970 3564 persmpe,
1008 3497 1258 3564 quamvis
1287 3513 1412 3551 vera
1455 3499 1702 3567 quaedam
1739 3501 1988 3561 dicantur
2016 3520 2035 3556 :

470 3589 574 3642 hoc
603 3604 819 3642 rursum
844 3588 1140 3656 castigabat
1169 3589 1599 3661 corrigebatque,
1648 3603 1759 3646 tum
1803 3593 1868 3648 iis
1897 3610 2035 3663 quos

468 3680 740 3746 diximus,
785 3689 893 3734 lum
940 3681 1059 3735 aliis
1101 3681 1326 3736 diversis
1361 3686 1703 3740 sermonibus
1735 3686 2035 3757 (multiplex

469 3772 614 3825 enim
643 3781 726 3827 cst
747 3787 812 3826 ac
833 3773 1041 3827 varium
1074 3774 1177 3828 hoc
1214 3774 1570 3845 philosophia
1597 3777 1821 3849 genus);
1855 3795 2036 3835 assue-

466 3862 695 3929 faciens,
726 3880 832 3919 non
860 3873 1059 3920 temere
1100 3879 1199 3920 nec
1223 3873 1284 3919 ut
1321 3882 1482 3922 casus
1520 3869 1721 3934 tulerit,
1751 3885 2033 3926 assensum

466 3956 753 4026 projicere,
787 3966 840 4012 et
864 3966 1049 4026 postea
1079 3957 1341 4024 abnuere;
1385 3960 1478 4013 sed
1516 3961 1800 4030 diligenter
1824 3965 2032 4018 exami-

465 4049 668 4114 nando,
714 4064 822 4104 non
857 4059 1038 4120 aperta
1069 4053 1266 4118 solum,
1291 4051 1383 4106 sed
1429 4060 1482 4105 et
1523 4051 1727 4107 abdita.
1763 4051 1925 4108 Multa
1961 4055 2033 4110 si-

465 4143 708 4211 quidem,
732 4158 830 4196 ceu
854 4143 1082 4198 illustria
1107 4161 1201 4214 per
1223 4162 1281 4201 se
1301 4155 1353 4200 et
1375 4145 1622 4212 honesta,
1651 4146 1752 4201 sub
1774 4147 2032 4216 speciosis

463 4232 690 4286 vocibus
719 4233 772 4285 in
803 4247 961 4289 aurcs
989 4244 1205 4290 nostras
1233 4245 1488 4304 tanquam
1517 4253 1644 4292 vera
1686 4253 1744 4292 se
1783 4238 2033 4292 insinua-

464 4334 613 4386 runt,
651 4340 772 4394 quzc
818 4341 980 4394 prava
1015 4335 1069 4380 et
1115 4325 1248 4381 falsa
1291 4344 1413 4382 cum
1461 4339 1674 4396 essent,
1715 4330 2031 4401 suﬂragium

463 4423 644 4468 tamen
680 4431 706 4468 a
736 4413 894 4467 nobis
927 4426 1309 4485 expresserunt
1370 4419 1718 4490 tuleruntque
1752 4421 2028 4489 veritatis;

464 4522 586 4577 qua:
598 4507 942 4576 postmodum
959 4509 1148 4564 vitiosa
1167 4511 1379 4566 etnulla
1395 4513 1496 4566 fide
1517 4512 1675 4582 digna
1697 4513 2031 4584 deprehensa

460 4608 624 4665 sunt,
657 4599 936 4653 veritatem
975 4599 1248 4657 incassum
1277 4603 1680 4671 assimulantia;
1711 4620 1918 4676 nosque
1955 4605 2033 4661 fa-

463 4695 566 4749 cile
590 4709 654 4750 ac
682 4695 908 4751 ridicule
934 4695 1189 4766 deceptos
1230 4695 1603 4767 prodiderunt,
1645 4705 1697 4752 et
1735 4697 1937 4752 frustra
1967 4714 2030 4754 ea

461 4785 868 4853 conﬁrmantes,
905 4805 1026 4859 quae
1057 4788 1282 4842 minime
1317 4789 1596 4858 oportebat
1624 4808 1637 4843 :
1668 4790 1773 4844 alia
1805 4801 1988 4844 contra
2014 4833 2029 4856 ,

460 4875 692 4932 honesta
729 4895 952 4948 prorsus
981 4896 1044 4934 ac
1071 4881 1293 4935 minime
1320 4881 1580 4948 fallentia,
1610 4883 1702 4936 sed
1731 4883 2031 4951 probabili-

456 4967 564 5022 bus
593 4970 772 5024 verbis
803 4987 912 5026 non
934 4987 1211 5043 expressa,
1236 4973 1509 5042 paradoxa
1535 4983 1588 5027 et
1616 4975 1840 5028 omnino
1867 4975 2034 5028 incre-

409 5091 414 5097 ~
458 5058 647 5113 diltilia
674 5074 770 5130 per
802 5076 861 5117 se
887 5063 1022 5130 visa,
1056 5072 1110 5118 et
1151 5064 1350 5134 rejecta
1402 5079 1498 5134 pro
1526 5063 1698 5131 falsis,
1730 5065 2029 5120 immerito-

458 5165 565 5218 que
591 5165 687 5219 per
717 5154 1102 5207 contumeliam
1135 5155 1384 5224 explosa;
1416 5163 1604 5224 postea
1630 5155 2029 5210 consideranti-

456 5240 561 5296 bus
583 5250 745 5312 atque
767 5243 1216 5316 investigantibus
1243 5246 1571 5313 accuratius,
1597 5248 1840 5301 omnium
1865 5248 2027 5303 veris-

387 5348 392 5354 ‘
455 5333 596 5389 sima
625 5336 884 5406 omnique
907 5337 1221 5406 exceptione
1245 5339 1452 5408 majora
1482 5339 1697 5408 cognita
1725 5348 1880 5404 sunt,
1908 5353 2028 5408 qua:

453 5424 620 5492 paulo
666 5434 790 5481 ante
843 5427 1134 5494 rejicieuda
1179 5437 1233 5483 et
1281 5429 1636 5500 improbanda
1671 5429 2023 5499 putabantur.

454 5511 574 5567 Non
603 5527 784 5585 aperta
813 5519 1028 5585 solum,
1069 5519 1288 5590 inquam
1308 5560 1325 5586 ,
1354 5529 1408 5575 et
1439 5521 1754 5588 eminentia,
1779 5511 1902 5591 quae
1928 5520 2027 5576 fal-

456 5603 595 5658 lacia
628 5606 900 5662 interdum
931 5618 985 5664 et
1009 5609 1190 5665 fucata
1213 5621 1369 5678 sunt;
1410 5611 1505 5667 sed
1535 5611 1791 5665 interiora
1813 5611 2025 5681 singula

454 5693 786 5763 explorando
830 5716 895 5756 ac
937 5703 1287 5770 penetrando,
1319 5718 1387 5758 ne
1425 5703 1553 5790 quid
1599 5702 1898 5759 marcidum
1935 5718 2020 5757 so.
2054 5735 2056 5737 ›

2153 558 2385 628 ἐξαίρων
2425 559 2536 622 τοῖς
2585 556 2824 625 ἐλέγχοις
2871 553 2963 605 καὶ
3009 553 3087 622 τῷ
3133 550 3392 604 κωλύειν·
3439 546 3721 601 καθαπτό-

2154 666 2311 720 μενος
2350 647 2524 718 ήμῶν,
2558 649 2653 700 καὶ
2699 646 2842 716 μάλα
2888 643 3267 717 Σωκρατικῶς,
3312 643 3452 695 ἐστιν
3496 642 3591 694 ὅτε
3627 640 3718 692 καὶ

2151 739 2518 806 ὑποσκελίζων
2557 739 2635 810 τῷ
2680 738 2822 809 λόγῳ
2849 781 2863 805 ,
2917 738 3043 806 εῖπη
3098 735 3274 806 πάντη
3318 731 3718 804 ἀφηνιάζοντες

2149 834 2316 902 ἡμᾶς,
2349 831 2534 902 ὥσπερ
2569 829 2722 893 τινάς
2753 828 2861 881 τῶν
2890 828 3095 899 ἀγρίων
3136 827 3334 888 ἵππων,
3364 822 3530 894 ἑώρα,
3564 839 3720 892 σκιρ-

2150 925 2355 990 τῶντας
2378 925 2482 992 ἐξω
2499 925 2598 994 τῆς
2621 923 2741 977 ὁδοῦ
2766 922 2859 977 καὶ
2879 922 3045 975 πολλά
3063 918 3539 992 ἐκπεριτρέχοντας
3567 915 3716 982 εἰκῆ,

2149 1017 2252 1080 ἕως
2282 1012 2341 1071 οὗ
2390 1017 2568 1070 πειθοῖ
2607 1033 2710 1069 τινι
2754 1016 2846 1068 καὶ
2878 1014 3087 1083 ἀνάγκη
3132 1012 3206 1075 ὡς
3247 1009 3350 1063 ὑπὸ
3392 1007 3606 1080 χαλινῷ
3653 1005 3719 1075 τῷ

2150 1112 2215 1163 ἐκ
2261 1110 2526 1180 στόματος
2575 1107 2731 1179 ἡμῶν
2773 1107 2938 1177 λόγῳ,
2970 1104 3226 1176 ἡσυχίους
3258 1101 3401 1171 αὐτῷ
3446 1099 3719 1168 κατεστή-

2153 1219 2280 1256 σατο
2302 1219 2314 1231 ·
2341 1200 2613 1272 δυσχερῶς
2658 1200 2753 1271 μὲν
2795 1200 2924 1268 ἡμῖν
2957 1197 3049 1249 καὶ
3091 1195 3190 1247 οὐκ
3227 1192 3440 1255 ἀλύπως
3468 1191 3527 1243 τὸ
3554 1189 3715 1260 πρῶ-

2149 1311 2258 1358 τον,
2292 1288 2379 1346 οἷα
2411 1293 2474 1364 δὴ
2522 1291 2715 1363 ἀήθεσι
2760 1291 2854 1343 καὶ
2888 1286 3301 1342 κατακολουθεῖν
3342 1283 3414 1354 τῷ
3443 1282 3594 1351 λόγῳ
3637 1281 3716 1332 οὒ-

2149 1383 2294 1436 δέπω
2333 1382 2746 1453 μεμελετηκόσι,
2772 1380 3062 1452 προσάγων
3097 1377 3223 1440 τοὺς
3253 1375 3378 1447 παρ’
3411 1373 3595 1442 ἐαυτῷ
3643 1373 3716 1424 λό-

2149 1493 2308 1546 γους·
2337 1474 2473 1529 ἀλλά
2511 1475 2620 1546 γὰρ
2655 1472 2996 1546 ἐκκαθαίρων
3033 1472 3200 1542 ὅμως.
3229 1464 3308 1540 ᾝ
3349 1468 3392 1520 δ’
3422 1467 3488 1520 ἂν
3520 1469 3718 1537 ἐπιτη-

2148 1568 2321 1631 δείους
2353 1567 2499 1638 ἡμᾶς
2531 1566 2843 1636 ἐποιήσατο,
2869 1564 2962 1617 καὶ
2986 1560 3490 1633 εύπαρεσκευάσατο
3513 1559 3603 1621 εἰς
3634 1576 3718 1610 παπ

2153 1657 2380 1730 ραδοχὴν
2426 1656 2534 1710 τῶν
2578 1656 2674 1727 τῆς
2706 1655 2961 1726 ἀληθείας
3003 1653 3201 1722 λόγων·
3242 1651 3361 1704 τότε
3401 1649 3465 1721 δὴ
3505 1645 3604 1702 οἷα.
3643 1648 3717 1700 εὐ-

2149 1744 2585 1818 κατειργασμένῃ
2618 1747 2708 1815 γῇ,
2755 1745 2849 1796 καὶ
2882 1743 3082 1814 ἁπαλῇ,
3121 1741 3310 1814 ἑτοίμῃ
3351 1758 3409 1793 τε
3453 1739 3714 1808 ἀναφύειν

2145 1835 2214 1888 τά
2267 1835 2568 1906 ἐπαχθέντα
2617 1835 2723 1888 τῶν
2775 1834 3125 1907 σπερμάτων,
3166 1833 3428 1903 ἐπέφερεν
3477 1828 3715 1900 ἀφειδῶς

2147 1927 2397 1999 εῠκαιρον
2433 1927 2523 1981 καὶ
2555 1926 2652 1998 τὴν
2677 1926 2784 1979 τῶν
2815 1926 3143 1997 σπερμάτων
3183 1923 3482 1992 καταϐολὴν
3525 1919 3711 1974 τοιού·

2150 2036 2324 2089 μενος,
2355 2017 2608 2092 εὔκαιρον
2653 2021 2746 2072 καὶ
2771 2019 2868 2090 τὴν
2893 2018 3086 2088 λοιπὴν
3136 2014 3446 2085 ἐπιμέλειαν
3497 2013 3713 2066 ἃπασαν

2145 2113 2354 2177 οἰκείως
2398 2113 2605 2166 ἕκαστα
2653 2111 3159 2183 κατεργαζόμενος,
3209 2107 3304 2161 καὶ
3344 2108 3456 2168 τοῖς
3497 2105 3710 2166 οἰκείοις

2144 2206 2236 2260 τοῦ
2267 2205 2424 2275 λόγου
2459 2207 2565 2260 πᾶν
2608 2206 2704 2276 μὲν
2738 2205 2860 2257 ὅσον
2891 2202 3068 2274 ἀμϐλὺ
3102 2202 3194 2254 καὶ
3227 2199 3381 2253 νόθον
3411 2199 3522 2268 τῆς
3545 2197 3710 2268 ψυῂς

2147 2299 2199 2372 (ἢ
2233 2297 2538 2368 πεφυκυίας
2587 2297 2843 2368 οὖτως,ἢ
2891 2297 2984 2350 καὶ
3029 2295 3134 2348 ὑπὸ
3188 2292 3401 2364 τροφῶν
3446 2289 3708 2363 περιττῶν

2144 2390 2236 2444 τοῦ
2287 2389 2532 2462 σώματος
2583 2388 3006 2461 παχυνομένης),
3057 2385 3374 2458 παροξύνων
3427 2383 3529 2437 καὶ
3581 2382 3711 2446 ἐξισ-

2145 2483 2372 2555 χναίνων
2416 2486 2529 2547 τοῖς
2577 2482 2790 2547 λεπτοῖς
2832 2483 2938 2535 τῶν
2972 2479 3204 2550 λογικῶν
3248 2477 3594 2548 παθημάτων
3632 2474 3708 2528 λό-

2144 2590 2260 2641 γοις
2304 2575 2397 2627 κοιλ¹
2437 2573 2675 2644 τρόποις,
2722 2573 2771 2626 οἳ
2817 2572 2877 2638 ἐξ
2914 2570 3296 2638 ἁπλουστάτων
3341 2569 3453 2622 τῶν

2143 2663 2506 2735 ἀνειλούμενοι
2543 2664 2851 2735 ἐπάλληλοι,
2889 2664 2981 2717 καὶ
3027 2663 3285 2723 ποικίλως
3327 2660 3704 2731 στρεφόμενοι,

2143 2759 2222 2822 είς
2247 2757 2520 2828 ἀμήχανόν
2557 2774 2678 2809 τινα
2708 2757 2799 2810 καὶ⁵
2832 2755 3199 2820 δυσεξέλικτον
3232 2754 3456 2826 προῖᾶσι
3485 2750 3656 2819 πλοκὴ
3669 2766 3703 2810 ι,

2143 2847 2524 2912 ἐξανιστῶντες
2553 2849 2701 2920 ἡμᾶς
2744 2847 2929 2920 ὥσπερ
2959 2847 3333 2910 καθεύδοντας,
3363 2846 3462 2898 καὶ
3499 2841 3706 2913 ἔχεσθαι

2143 2942 2230 2994 ἀεὶ
2253 2940 2359 2994 τῶν
2383 2944 2774 3013 προκειμένων,
2799 2941 3058 3013 μηδαμῶς
3079 2938 3560 3002 ύπολισθαίνοντας
3580 2937 3704 3007 μήτε

2144 3032 2246 3084 ὑπὸ
2299 3032 2503 3103 μήκους
2554 3035 2688 3103 μήτε
2731 3033 2834 3085 ὑπὸ
2881 3031 3202 3101 λεπτοτητος
3255 3025 3703 3095 ἐκδιδασκόμενοι.

2148 3126 2307 3179 Ὅσον
2324 3124 2381 3178 δέ
2396 3125 2612 3196 ἀκριτον
2646 3124 2739 3177 καὶ
2769 3125 3056 3194 προπετὲς,
3086 3119 3628 3191 συγκατατιθεμένων
3653 3131 3706 3168 τε

2066 3197 2113 3258 C
2142 3220 2253 3283 τοῖς
2286 3219 2648 3290 ἐπιτυχοῦσιν,
2683 3220 2839 3272 ὁποῖά
2868 3219 2983 3271 ποτ’
3013 3219 3077 3272 ἂν
3109 3214 3164 3288 ᾗ,
3195 3217 3299 3271 κᾶν
3327 3215 3503 3286 ψευδῆ
3540 3215 3698 3283 τύχη·

2142 3311 2236 3364 καὶ
2279 3310 2660 3380 ἀντιλεγόντων
2710 3312 2987 3374 πολλάκις,
3039 3311 3142 3364 κᾶν
3188 3309 3360 3380 ἀληθῆ
3409 3326 3532 3361 τινα
3563 3309 3704 3376 εἰρη-

2145 3403 2278 3474 μένα
2359 3420 2371 3432 ·
2400 3403 2494 3457 καὶ
2520 3404 2676 3456 τοῦτο
2704 3404 3035 3457 ἐκπαιδεύων
3064 3403 3270 3464 τούτοις
3296 3419 3354 3454 τε
3383 3403 3500 3462 τοῖς
3531 3413 3707 3470 προει-

2144 3496 2398 3567 ρημένοις
2429 3496 2522 3549 καὶ
2547 3497 2752 3567 ἑτέροις
2784 3496 3043 3559 ποικίλοις
3072 3495 3246 3563 λόγοις
3273 3493 3576 3562 (πολυειδὲς
3603 3489 3708 3560 γάρ

2140 3588 2288 3641 τουτὶ
2315 3588 2374 3641 τὸ
2405 3588 2567 3659 μέρος
2591 3588 2689 3658 τῆς
2729 3586 3090 3658 φιλοσοφίας)·
3126 3584 3419 3650 συνεθίζων
3458 3586 3530 3654 μὴ
3564 3582 3702 3650 είκῆ,

2145 3677 2263 3747 μηδ’
2295 3677 2369 3740 ὡς
2400 3677 2553 3748 ἔτυχε
2586 3677 2794 3748 ῥίπτειν
2823 3695 2882 3730 τε
2921 3677 3020 3741 τὰς
3069 3676 3370 3749 μαρτυρίας
3414 3677 3511 3727 καὶ
3551 3673 3707 3726 πάλιν

2140 3769 2439 3833 ἀνανεύειν,
2467 3771 2577 3824 ἀλλ’
2602 3768 2946 3837 ἐξετάζοντας
2975 3768 3214 3841 ἀκριϐῶς
3251 3769 3329 3840 μὴ
3360 3768 3430 3821 τά
3455 3765 3706 3838 προςανῆ

2145 3860 2322 3929 μόνον,
2353 3859 2486 3914 ἀλλά
2511 3861 2604 3913 καὶ
2632 3861 2986 3931 κεκρυμμένα
3019 3859 3150 3930 (85).
3179 3857 3355 3911 Πολλά
3381 3858 3494 3929 γὰρ
3528 3855 3708 3919 ἔνδοξα

2139 3957 2363 4010 αὐτόθεν
2395 3956 2486 4008 καὶ
2535 3954 2835 4026 σεμνοειδῆ,
2865 3953 2970 4008 ὑπὸ
3003 3952 3300 4021 εύσχήμοσι
3345 3951 3469 4011 ταῖς
3507 3949 3711 4016 φωναῖς

2138 4048 2496 4122 εἰσδραμόντα
2528 4048 2608 4111 εἰς
2647 4047 2743 4109 τὰς
2771 4043 2936 4107 ἀκοὰς
2965 4042 3142 4115 ἡμῶν,
3173 4044 3248 4104 ὡς
3280 4039 3476 4111 ἀληθῆ,
3503 4037 3710 4091 ὕπουλα

2137 4139 2265 4193 ὄντα
2297 4138 2601 4208 καὶψευδῆ,
2632 4137 3049 4210 συναρπάσαντα
3077 4135 3168 4188 καὶ
3197 4132 3432 4187 λαϐόντα
3452 4132 3710 4202 ψήφισμα

2139 4231 2394 4301 ἀληθείας
2441 4233 2570 4302 παρ’
2613 4229 2788 4301 ἡμῶν,
2827 4231 2941 4300 μετ’
2977 4229 3036 4281 οὐ
3081 4227 3213 4280 πολὺ
3257 4225 3435 4297 σαθρά
3475 4225 3572 4277 καὶ
3612 4224 3707 4276 οὐκ

2139 4322 2421 4388 ἀξιόπιστα
2469 4321 2828 4394 κατεφωράθη
2876 4321 3023 4384 ὄντα,
3077 4319 3252 4387 μάτην
3301 4317 3403 4389 τὴν
3449 4316 3709 4386 ἀλήθειαν

2138 4413 2532 4484 ὑποκρινόμενα
2553 4430 2567 4443 ·
2597 4414 2690 4467 καὶ
2734 4414 2876 4484 ὑμᾶς
2906 4411 3138 4474 εὐκόλως
3173 4411 3422 4481 ἀπέφηνε
3467 4423 3705 4476 καταγε-

2136 4503 2344 4568 λάστως
2369 4503 2826 4574 ἐξηπατημένους,
2858 4502 3450 4572 κάπιμαρτυρήσαντας
3475 4499 3608 4567 εξκῆ
3634 4492 3711 4558 οἷς

2135 4595 2333 4665 ἥκιστα
2381 4595 2576 4666 ἐχρῆν·
2624 4594 2783 4648 πάλιν
2833 4611 2890 4648 τε
2935 4590 3000 4647 αὖ
3030 4595 3192 4663 ἕτερα
3238 4591 3411 4661 σεμνά
3462 4589 3592 4659 μὲν,
3625 4589 3713 4641 καὶ

2135 4688 2235 4739 οὐκ
2269 4685 2693 4758 ἀλαζονευόμενα
2725 4687 2843 4757 μὲν,
2871 4687 2903 4759 ἢ
2939 4687 3037 4740 ούκ
3074 4686 3406 4751 ἀξιοπίστοις
3439 4685 3568 4746 ταῖς
3605 4700 3713 4750 gu-

2135 4782 2252 4842 ναῖς
2281 4779 2525 4850 κείμενα,
2575 4779 2850 4850 παράδοξα
2883 4779 2975 4833 καὶ
3004 4779 3220 4832 πάντων
3255 4780 3600 4834 ἀπιστότατα
3628 4775 3710 4827 δο-

2138 4870 2356 4932 κοῦντα,
2389 4869 2610 4924 αὐτόθεν
2641 4888 2699 4922 τε
2731 4869 3232 4940 ἀποδοκιμασθέντα
3273 4869 3350 4933 ὡς
3393 4871 3591 4942 ψευδῆ,
3622 4871 3712 4925 καὶ

2135 4962 2459 5034 ὑϐρισθέντα
2500 4962 2752 5028 ἀναξίως,
2800 4960 2898 5016 εἶθ’
2954 4961 3178 5034 ὕστερον
3222 4962 3570 5032 ἐξιχνεύσασι
3622 4964 3713 5016 καὶ

2132 5057 2529 5128 κατανοήσασιν
2595 5055 2876 5127 ἀκριϐῶς,
2934 5056 3146 5110 πάντων
3210 5057 3561 5128 ἀληθέστατα
3622 5057 3715 5113 καὶ

2132 5150 2321 5220 ἄμαχα
2363 5149 2602 5220 ἀτεχνῶς
2630 5145 2765 5202 εἶναι
2802 5149 3121 5221 κατενοὴθη,
3152 5148 3219 5201 τά
3258 5151 3395 5213 τέως
3421 5150 3713 5221 ἀπόϐλητα

2135 5243 2229 5295 καὶ
2264 5240 2496 5310 ἀδόκιμα
2542 5240 2882 5310 νομισθέντα.
2926 5241 3016 5312 Μὴ
3059 5240 3123 5311 δὴ
3149 5239 3219 5291 τά
3262 5239 3513 5310 προφανῆ
3554 5241 3715 5310 μόνον

2132 5335 2225 5387 καὶ
2284 5333 2684 5404 προκόπτοντα,
2735 5332 2850 5386 ἔστι
2889 5332 2936 5385 δ’
2978 5333 3065 5386 ὅτε
3109 5331 3299 5404 δολερά
3344 5332 3433 5385 καὶ
3488 5349 3717 5401 σεσοφιρ

2134 5428 2305 5499 σμένα
2321 5444 2334 5459 ·
2361 5426 2431 5480 τά
2449 5426 2505 5480 δὲ
2533 5426 2679 5480 ἔνδον
2701 5425 3154 5497 διερευνωμένους
3177 5425 3274 5495 μὲν
3295 5425 3386 5478 καὶ
3405 5441 3474 5476 πε
3483 5424 3715 5496 ρικρού-

2129 5537 2285 5582 οντας
2328 5519 2576 5595 ἕκαστον,
2611 5521 2683 5590 μή
2729 5521 2803 5591 πή
2837 5536 2890 5571 τι
2925 5517 3121 5589 σαθρὸν
3151 5518 3285 5588 ἠχῇ,
3312 5516 3401 5570 καὶ
3426 5517 3494 5568 ἐν
3525 5519 3714 5581 αὐτοῖς

2131 5611 2522 5683 πιστουμένους
2559 5611 2784 5676 ἑαυτοὺς
2821 5611 3055 5682 πρῶτον,
3086 5609 3258 5672 οὕτως
3282 5609 3373 5662 καὶ
3401 5611 3526 5672 τοῖς
3553 5610 3714 5674 ἐκτὸς

2132 5705 2508 5776 συνομολογεῖν
2538 5705 2632 5759 καὶ
2662 5703 3052 5773 ἀποφαίνεσθαι
3093 5703 3219 5774 περὶ
3249 5701 3493 5754 ἑκάστων
3531 5703 3715 5758 ἐδίδα-

530 5788 640 5864 (85)
685 5789 857 5848 Ἀλλὰ
885 5795 978 5850 καὶ
1011 5796 1402 5868 κεκρυμμένα.
1433 5788 1554 5853 llaec
1582 5806 1781 5856 temere
1809 5797 2010 5854 omissa

2142 5801 2448 5859 :ditionibus
2471 5797 2850 5858 Hoescbeliana
2881 5807 2932 5856 et
2964 5796 3305 5868 Bcngcliaua.
