3876 6520
222 342 366 402 1077

1235 335 1300 392 ΙΝ
1339 331 1691 390 ORIGEN‘EM
1728 325 1986 387 ORATIO
2026 319 2482 382 PANEGYRICA.

3337 311 3473 368 1078

218 479 371 518 σκεν.
405 459 588 523 Οῦτως
618 459 712 530 μὲν
754 457 813 510 τὸ
845 456 972 528 περὶ
1004 454 1101 518 τὰς
1124 453 1298 516 λέξεις
1327 451 1422 504 καλ⁵
1444 450 1570 513 τοὺς
1598 448 1782 516 λόγους

1895 452 2004 507 net,
2035 457 2099 497 ac
2133 441 2200 496 de
2241 441 2326 494 his
2357 437 2611 512 primum
2637 432 2808 488 tidem
2825 429 2982 486 nobis
3038 429 3169 500 ipsis
3200 427 3474 497 faciendo,

212 553 463 626 κριτικὸν
509 552 666 624 ἡμῶν
710 551 808 622 τῆς
855 548 1034 620 ψυχῆς
1095 545 1257 617 μέρος
1291 542 1526 611 λογικῶς
1571 538 1790 604 ὲξεπαι-

213 647 403 702 δεύετο
425 663 438 676 ·
472 646 533 699 οὐ
578 643 721 697 κατὰ
765 641 862 705 τὰς
898 639 1073 693 καλῶν
1108 638 1351 710 ρητόρων
1383 634 1614 707 κρίσεις,
1648 631 1701 684 εἴ
1737 647 1792 683 τι

223 737 540 809 Ἑλληνικὸν
586 736 618 807 ἥ
661 734 931 807 βάρϐαρόν
978 734 1092 784 ἐστι
1133 733 1199 800 τῇ
1253 730 1402 798 φωνῇ
1464 725 1544 796 (τὸ
1600 722 1791 794 μικρὸν

211 831 376 885 τοῦτο
400 831 494 883 καὶ
526 830 625 882 οὐκ
649 831 944 896 ἀναγκαῖον
982 824 1256 896 μάθημα),
1291 818 1425 874 ἀλλὰ
1448 817 1605 872 τοῦτο
1627 820 1794 870 πᾶσιν

210 921 641 990 ἀναγκαιότατον
676 918 898 990 Ἕλλησί
933 935 994 970 τε
1025 917 1118 969 καὶ
1164 914 1460 986 βαρϐάροις
1493 911 1585 964 καὶ
1613 911 1793 977 σοφοῖς

210 1016 310 1067 καὶ
338 1013 589 1078 ἰδιώταις,
612 1013 706 1065 καὶ
735 1011 869 1072 ὅλως
897 1009 1006 1079 (ἵνα
1041 1007 1115 1077 μὴ
1152 1007 1358 1077 μακρὸς
1383 1003 1466 1074 εἴη
1499 1019 1587 1073 μοι
1611 1001 1788 1069 λόγος,

210 1109 452 1171 ἑκάστας
493 1106 686 1177 τέχνας
730 1105 825 1158 καὶ
876 1101 1281 1172 ἐπιτηδεύματα
1328 1093 1579 1166 ἐπεξιὼν)
1625 1095 1790 1146 πᾶσιν

209 1200 526 1272 ἀνθρώποις
557 1201 670 1259 τοῖς
708 1195 947 1250 ὁντινοῦν
997 1194 1108 1265 βίον
1144 1190 1444 1262 ἑλομένοιςο
1481 1187 1532 1242 εἴ
1559 1203 1621 1256 γε
1657 1187 1790 1238 πᾶσι

206 1299 328 1358 τοῖς
373 1293 499 1362 περὶ
527 1291 850 1362 ὁτουδήποτε
885 1283 1378 1356 κοινολογουμένοις
1423 1279 1572 1352 μέλει
1607 1294 1667 1331 τε
1697 1277 1788 1332 καὶ

206 1386 635 1441 διεσπούδασται
691 1383 764 1454 μὴ
791 1377 1126 1451 ἠπατῆσθαι.

1893 537 1965 590 ita
1995 534 2215 589 demum
2242 527 2601 585 exterioribus
2629 524 2883 580 assentiri
2912 533 2966 578 et
2998 524 3064 578 de
3098 521 3328 592 singulis
3356 538 3472 591 pro-

1895 626 2146 680 nuntiare
2165 621 2409 678 docebat.
2435 617 2594 673 Hunc
2617 618 2779 686 igitur
2803 616 2857 669 in
2883 616 3104 670 modum
3133 630 3258 684 pars
3279 615 3476 669 anima:

1897 726 2132 779 nostrae,
2180 729 2303 784 qua:
2345 713 2488 768 circa
2537 723 2699 764 voces
2747 722 3163 776 sermonemque
3205 705 3474 774 judicium

1896 819 2130 875 exercet,
2155 806 2454 862 secundum
2483 803 2748 857 rationem
2779 799 3156 863 erudiebatur;
3184 815 3292 853 non
3319 800 3474 868 juxta

1895 901 2234 972 egregiorum
2271 899 2550 952 rhetorum
2577 893 2783 962 judicia
2806 931 2820 954 ,
2859 892 2904 944 si
2935 893 3064 963 quid
3096 893 3471 948 Gracanicum

1897 1006 1990 1049 aut
2020 993 2310 1048 barbarum
2340 989 2457 1044 voci
2483 989 2630 1053 insit,
2665 986 2862 1042 exilem
2899 986 3044 1040 illam
3075 993 3128 1041 et
3152 1001 3260 1039 non
3291 1000 3473 1038 neces-

1895 1087 2096 1142 sariam
2123 1082 2484 1152 disciplinam,
2526 1080 2618 1133 sed
2656 1079 2796 1132 hanc
2820 1076 3074 1131 omnibus
3098 1084 3152 1131 et
3183 1075 3386 1129 Grzrcis
3417 1083 3472 1128 ct

1897 1176 2167 1241 barbaris,
2191 1181 2246 1228 et
2283 1172 2620 1240 sapientibus
2668 1179 2722 1224 et
2749 1168 2951 1231 idiotis,
2993 1176 3048 1222 et
3070 1167 3159 1233 (ne
3187 1176 3330 1220 artes
3356 1166 3470 1219 siu-

1895 1271 2050 1341 gulas
2087 1281 2153 1322 ac
2193 1265 2372 1322 studia
2402 1262 2773 1319 enumerando
2813 1261 2916 1314 sim
2947 1260 3180 1331 longior)
3214 1259 3469 1313 omnibus

1896 1359 2244 1425 hominibus,
2301 1357 2664 1427 quodcunque
2707 1355 2832 1408 vita:
2890 1368 3061 1422 genus
3123 1353 3465 1424 delegerint,

207 1480 457 1550 apprime
517 1449 920 1538 necessariam;
975 1469 1243 1540 siquidem
1291 1462 1544 1520 omnibus
1599 1459 1667 1516 de
1707 1468 2031 1529 quacunque
2081 1465 2141 1507 re
2187 1465 2366 1506 sermo
2427 1449 2761 1517 instituatur,
2839 1465 2984 1505 cura:
3029 1459 3112 1505 est
3157 1465 3224 1505 ac
3262 1449 3465 1515 studio,

212 1587 328 1628 non
361 1571 556 1641 decipi.

283 1667 368 1722 Ην.
398 1667 508 1719 Καὶ
545 1664 619 1736 μὴ
640 1663 787 1718 τοῦθ’
821 1662 956 1733 ὅπερ
986 1655 1125 1721 εἶδος
1147 1652 1458 1723 διαλεκτικὴ
1485 1646 1782 1721 κατορθοῦν

1959 1641 2095 1697 Vlll.
2135 1642 2323 1713 Neque
2361 1641 2502 1696 hanc
2529 1641 2698 1695 solam
2724 1647 2954 1710 partem,
2993 1653 3157 1709 quam
3183 1637 3462 1693 dialectica

210 1763 351 1835 μάνη
393 1730 619 1830 me:
649 1757 710 1809 τδ
749 1754 805 1809 δέ
854 1730 938 1822 γε’
963 1749 1122 1805 πάλιν
1466 1742 1567 1812 τῆς
1610 1739 1782 1835 ire:

1888 1736 2262 1807 corrigendam
2309 1734 2424 1790 sola
2474 1734 2668 1789 sortita
2697 1741 2816 1798 est,
2879 1731 2970 1786 sed
3021 1730 3279 1785 humilem
3333 1744 3466 1783 sane

204 1829 369 1926 ημῶν
394 1829 706 1919 ἐκτεθαμϐη
716 1847 889 1917 μένων
923 1843 1020 1915 μὲν
1048 1844 1114 1911 τῇ
1150 1837 1381 1910 μεγαλου
1392 1835 1518 1907 ργία
1545 1831 1640 1886 καὶ
1662 1829 1784 1882 θαυ-

209 1923 523 2017 ματουργία
555 1941 648 1993 καὶ
691 1936 909 2007 ποικίλῃ
957 1935 1050 1988 καὶ
1085 1929 1342 1999 πανσόφῳ
1366 1923 1688 1997 δημιουργία
1715 1923 1781 1990 τῇ

203 2015 306 2093 τοῦ
343 2037 570 2105 κόσμου,
627 2031 719 2085 καὶ
770 2023 1190 2096 τεθαυμακότων
1246 2022 1340 2091 μὲν
1383 2017 1610 2085 ἀλόγως,
1651 2015 1783 2066 ὑπε-

205 2129 498 2200 πτηχότων
529 2125 588 2178 δὲ
619 2122 721 2177 ὑπὸ
755 2117 1066 2190 ἐκπλήξεως
1089 2134 1100 2146 ·
1135 2114 1351 2167 εἰδότων
1382 2110 1437 2163 δὲ
1471 2108 1584 2162 οὐθ’
1607 2105 1782 2159 ὁτιοῦν

203 2219 645 2290 ἐπιλογίσασθαι,
694 2215 850 2285 δίκην
883 2211 1090 2279 ἀλόγων
1131 2205 1308 2271 ζώων·
1357 2200 1642 2272 ἐξεγείρων
1685 2200 1782 2290 ,καὶ

200 2313 451 2386 ἀνορθῶν
477 2309 789 2383 μαθήμασιν
815 2305 1019 2375 ἑτέροις
1040 2304 1151 2364 τοῖς
1179 2299 1450 2368 φυσικοῖςο
1476 2288 1782 2362 σαφηνίζων

201 2410 417 2462 ἕκαστα
445 2403 554 2457 τῶν
600 2402 767 2455 ὄντων
812 2399 907 2451 καὶ
934 2395 1243 2465 διακρίνων,
1273 2389 1366 2444 καὶ
1415 2387 1558 2458 μάλα
1597 2382 1782 2452 σαφῶς

197 2957 414 3030 ἔμαθεν
445 2949 518 3010 ὧν
543 2972 601 3007 τε
632 2951 905 3022 ὲξεύρετο,
937 2949 1063 3018 περὶ
1100 2945 1200 3016 τῆς
1244 2944 1351 2995 τῶν
1397 2941 1534 2995 ὅλων
1582 2939 1781 2990 οίκονοο

204 3027 346 3123 μίας
391 3049 489 3118 τῆς
539 3047 710 3116 ἱερᾶς,
747 3043 839 3096 καὶ
890 3039 1101 3108 φύσεως
1147 3037 1244 3106 τῆς
1288 3033 1610 3104 ἀμωμήτου,
1660 3027 1778 3081 ἀντὶ

1887 1830 2032 1883 illam
2083 1828 2323 1883 vicissim
2363 1828 2532 1881 animi
2560 1825 2730 1880 nostri
2765 1837 2992 1895 partem,
3019 1839 3126 1893 qua
3161 1823 3227 1877 ad
3257 1822 3466 1890 magni-

1885 1921 2155 1978 ﬁcentiam
2181 1930 2235 1975 et
2265 1920 2565 1975 mirabilem
2597 1927 2951 1983 structuram,
2985 1917 3196 1972 varium
3242 1916 3461 1986 sapien-

1886 2015 2264 2082 tissimumque
2298 2012 2486 2066 mundi
2528 2012 2804 2083 opificium
2844 2009 3306 2080 ohstupescimus,
3357 2008 3454 2061 ωι-

1883 2106 2253 2172 miramurque
2285 2103 2405 2157 sine
2432 2103 2663 2165 ratione,
2695 2118 2758 2156 ac
2787 2116 2897 2170 pra:
2928 2101 3119 2154 timore
3142 2108 3462 2152 consterna-

1883 2212 2027 2260 mur,
2069 2204 2122 2249 et
2157 2195 2248 2264 qui
2300 2194 2604 2248 belluarum
2652 2208 2801 2248 more
2829 2208 2949 2261 quae
2988 2192 3195 2245 ratione
3225 2198 3411 2244 carent
3441 2226 3459 2251 ,

1882 2287 2196 2342 ratiocinari
2228 2286 2361 2340 nihil
2393 2286 2662 2351 novimus,
2694 2286 2965 2340 excitabat
2991 2285 3341 2354 erigebatque
3368 2299 3462 2335 na-

1882 2378 2152 2433 turalibus
2189 2378 2310 2432 aliis
2351 2377 2695 2447 disciplinis;
2743 2377 2957 2445 singula
2981 2416 2995 2440 ,
3028 2391 3148 2446 qua:
3178 2376 3230 2428 in
3274 2389 3456 2427 rerum

1883 2478 2009 2525 sunt
2046 2477 2238 2523 natura
2269 2468 2552 2522 declarans
2583 2483 2648 2522 ac
2680 2467 3042 2534 distinguens,
3073 2475 3127 2520 et
3169 2466 3457 2536 perspicua

1881 2563 2125 2620 oratione
2148 2564 2202 2619 in
2227 2563 2400 2634 prima
2424 2578 2522 2618 sua
2557 2563 2828 2618 elementa
2849 2560 3145 2624 resolvens,
3179 2567 3461 2612 naturaru-

1880 2671 1986 2726 que
2023 2664 2138 2709 tum
2190 2669 2536 2709 communem
2569 2653 2951 2707 universorum
2974 2692 2989 2717 ,
3021 2659 3134 2703 tum
3184 2649 3457 2725 propriam

1881 2747 2174 2816 cujusque;
2205 2745 2590 2801 conversiones
2627 2758 2845 2813 quoque
2892 2758 3072 2795 rerum
3102 2739 3461 2794 multiformes

1881 2850 2042 2908 atque
2080 2839 2408 2893 mutationes
2449 2837 2777 2902 edisserens,
2823 2835 3004 2905 quoad
3047 2833 3308 2887 doctrina:
3348 2844 3462 2886 suae

1881 2932 2265 3001 rationumque
2303 2945 2442 3001 quas
2484 2930 2678 2999 partim
2719 2928 2928 2992 didicit,
2972 2927 3171 2997 partim
3218 2924 3333 2994 ipse
3360 2939 3460 2976 ex-

1882 3022 2168 3093 cogitavit,
2219 3022 2604 3092 perspicuitate
2634 3035 2746 3090 ‘pro
2789 3017 3091 3074 irrationali
3136 3017 3459 3070 rationalem

198 3107 406 3210 ἀλόγου
432 3107 647 3207 λογικδν
673 3107 794 3198 ταῖς
823 3107 1021 3202 ψυχαῖς
1045 3128 1198 3199 ἡμῶν
1225 3124 1544 3195 ἐγκατέθετο
1577 3120 1778 3192 θαῦμα.

1888 3115 2082 3171 animis
2111 3114 2316 3169 nostris
2341 3129 2511 3168 sacrae
2550 3113 2714 3167 totius
2750 3110 2990 3166 universi
3013 3109 3455 3178 dispensationis,

199 3233 372 3288 Τοῦθ’
419 3233 449 3285 ὃ
495 3232 558 3303 δὴ
612 3229 837 3300 μάθημα
870 3223 1069 3294 ὑψηλὸν
1103 3221 1196 3273 καὶ
1226 3219 1404 3271 ἔνθεον
1441 3217 1520 3279 ὃν,
1550 3217 1583 3285 ἡ
1623 3216 1784 3286 ἐρασ-

201 3327 458 3400 μιωτάτη
495 3326 660 3378 πᾶσιν
686 3319 988 3375 ἐκδιδάσκει
1021 3313 1352 3384 φυσιολογία.
1400 3311 1464 3364 Τί
1500 3311 1580 3362 δεῖ
1605 3309 1780 3376 λέγειν

195 3420 270 3472 τὰ
295 3419 411 3472 τῶν
439 3415 599 3486 ἱερῶν
633 3412 986 3486 μαθημάτων,
1013 3403 1354 3476 γεωμετρίαν
1398 3402 1494 3474 μὲν
1522 3401 1618 3470 τὴν
1649 3401 1780 3452 πᾶσι

197 3505 372 3574 φίλην
425 3503 518 3556 καὶ
568 3497 1072 3570 ἀναμφισϐήτητον,
1124 3491 1216 3545 καὶ
1271 3490 1632 3561 ἀστρονομίαν
1682 3487 1780 3557 τὴν

201 3594 654 3668 μετεωροπόρον;
687 3593 721 3646 ἀ
746 3591 810 3662 δὴ
845 3588 1052 3642 ἕκαστα
1079 3588 1198 3647 ταῖς
1227 3583 1424 3653 ψυχαῖς
1467 3579 1624 3651 ἡμῶν
1657 3581 1780 3668 ἔνε-

195 3684 467 3747 τυποῦτο,
511 3682 797 3742 διδάσκων,
839 3678 872 3748 ἢ
923 3672 1434 3746 άναμιμνήσκων,ἢ
1484 3671 1583 3722 οὐκ
1629 3663 1724 3720 οἷδ’
1752 3667 1780 3719 ὃ

193 3798 251 3832 τι
310 3777 420 3850 χρὴ
470 3776 681 3843 λέγειν·
735 3771 834 3842 τὴν
882 3770 1015 3841 μὲν,
1067 3766 1141 3830 ὡς
1194 3763 1507 3836 ὑποϐάθραν
1564 3760 1780 3814 πάντων

196 3871 396 3933 ἁπλῶς
427 3867 790 3937 ποιησάμενος
813 3860 977 3917 οὖσαν
1009 3863 1273 3922 ἄσειστον,
1294 3858 1392 3928 τὴν
1416 3854 1776 3925 γεωμετρίαν,

197 3959 299 4013 καὶ
331 3951 577 4027 κρηπῖδά
601 3970 722 4008 τινα
752 3950 1001 4020 ἀσφαλῆ·
1035 3950 1250 4017 ἀνάγων
1283 3946 1338 3998 δὲ
1364 3944 1456 3998 καὶ
1488 3943 1648 4014 μέχρι
1671 3940 1778 3994 τῶν

198 4048 472 4105 ἀνωτάτω
496 4045 582 4101 διὰ
624 4046 723 4116 τῆς
754 4041 1136 4114 ἀστρονομίας,
1171 4040 1359 4111 ὥσπερ
1400 4036 1488 4090 διὰ
1518 4035 1781 4106 κλίμακός

196 4159 353 4202 τινος
386 4140 818 4210 οὐρανομήκους,
846 4136 1107 4206 ἑκατέρου
1127 4130 1220 4186 τοῦ
1249 4131 1585 4202 μαθήματος,
1621 4127 1786 4181 Βατὸν

197 4237 338 4306 ἡμῖν
369 4232 462 4284 τὸν
485 4229 709 4300 οὐρανὸν
738 4225 1177 4298 παρασκευάσας.

271 4509 356 4563 9'.
395 4509 464 4558 Ἀ
490 4505 546 4558 δὲ
571 4505 823 4559 ἁπάντων
854 4503 969 4556 ἐστὶ
993 4501 1412 4572 κορυφαιότατα,
1446 4500 1540 4553 καὶ
1569 4490 1644 4551 ὧν
1678 4497 1780 4568 μά-

197 4604 366 4656 λιστα
400 4599 560 4652 ’ἑνεκα
588 4599 694 4651 πᾶν
713 4595 820 4667 (86')
851 4596 911 4648 τὸ
937 4595 1222 4664 φιλόσοφον
1252 4592 1582 4646 διαπονεῖται
1603 4591 1781 4660 γένος,

196 4693 398 4762 ὥσπερ
428 4691 494 4743 ὲκ
517 4688 740 4759 φυτείας
779 4687 1029 4757 ποικίλης
1054 4686 1160 4739 τῶν
1187 4685 1358 4739 ἄλλων
1392 4685 1646 4738 ἁπάντων
1678 4700 1782 4754 μα-

197 4784 493 4854 θημάτων,
524 4781 617 4834 καὶ
647 4779 962 4850 φιλοσοφίας
1005 4780 1240 4850 μακρᾶς,
1271 4777 1516 4850 καρποὺς
1546 4775 1781 4842 ἀγαθοὺς

200 4873 588 4944 ἐκδεχόμενον,
640 4872 738 4935 τὰς
780 4871 930 4935 θείας
973 4870 1174 4941 ἀρετὰς
1216 4869 1313 4931 τὰς
1357 4868 1483 4940 περὶ
1527 4864 1677 4938 ἦθος,
1720 4866 1778 4932 ἐξ

197 4961 279 5020 ὧν
309 4969 346 5037 ἡ
393 4965 664 5036 ἁτάραχος
691 4963 784 5016 κα)⁴
818 4961 1082 5032 εὐσταθὴς
1112 4960 1220 5012 τῶν
1261 4959 1447 5030 ὁρμῶν
1473 4957 1573 5027 τῆς
1603 4956 1779 5026 ψυχῆς

199 5057 546 5118 κατάστασις
588 5054 822 5123 γίνεται·
859 5053 953 5106 καὶ
993 5051 1232 5114 ἀλύπους
1278 5050 1374 5120 μὲν
1425 5049 1516 5102 καὶ
1548 5047 1779 5110 ἀπαθεῖς

200 5154 470 5206 ἁπάντων
489 5149 695 5213 κακῶν,
714 5149 1005 5210 εὐτάκτους
1021 5147 1076 5200 δὲ
1097 5147 1190 5200 καὶ
1206 5144 1483 5206 εὐσταθεῖς
1499 5144 1592 5196 καὶ
1613 5141 1779 5194 θεοει-

199 5249 318 5310 δεῖς
349 5244 584 5316 ἧμελλεν
614 5244 760 5313 ἡμᾶς
791 5241 958 5303 ὅντως
985 5241 1078 5292 καὶ
1124 5236 1779 5310 μακαρίους-καταστήσε-

202 5337 371 5389 σθαιο
440 5334 535 5387 καὶ
591 5332 761 5386 ταῦτα
816 5332 871 5384 δὲ
925 5330 1227 5396 ἐξεπονεῖτο
1281 5329 1460 5398 λόγοις
1519 5343 1578 5379 τε
1631 5325 1780 5389 ἰδίοις

201 5427 515 5498 πραΰνουσι
539 5427 632 5478 καὶ
658 5427 859 5494 σοφοῖς,
875 5425 974 5495 οὐχ
993 5424 1193 5494 ἥκιστα
1217 5421 1310 5475 καὶ
1335 5419 1782 5488 ἀναγκαιοτάτοις

199 5519 340 5589 περὶ
363 5515 475 5570 τῶν
507 5514 654 5584 ἠθῶν
684 5514 905 5570 καὶτῶν
932 5515 1146 5587 τρόπων
1177 5513 1332 5584 ἡμῶν
1355 5529 1369 5544 ο
1402 5511 1496 5566 καὶ
1521 5513 1579 5564 οὐ
1603 5511 1780 5581 λόγοις

205 5609 400 5680 μόνον,
427 5605 542 5659 ἀλλ’
568 5607 668 5677 ἢδη
697 5608 790 5660 καὶ
817 5607 992 5677 ἔργοις
1022 5607 1219 5676 τρόπον
1251 5605 1370 5659 τινὰ
1402 5602 1780 5672 διεκυϐερνᾶτο

1886 3207 2410 3276 absolutissimacque
2435 3215 2642 3259 natura:
2664 3202 3075 3258 admirationem
3101 3201 3304 3270 injecit.
3335 3199 3460 3255 llaec

1885 3300 2141 3353 nimirum
2167 3299 2254 3353 illa
2285 3308 2366 3353 est
2390 3297 2639 3352 sublimis
2669 3311 2732 3349 ac
2755 3295 2934 3348 divi-na
2957 3292 3262 3361 disciplina,
3295 3307 3460 3362 quam

1884 3394 2140 3448 onmibus
2164 3392 2555 3447 amabilissima
2577 3390 2736 3445 docet
2757 3386 3110 3458 physiologia.
3141 3384 3280 3450 Quid
3311 3399 3459 3438 mine

1884 3499 2021 3553 opus
2055 3492 2138 3538 est
2166 3499 2351 3539 sacras
2384 3481 2795 3536 mathematicas
2834 3475 3301 3534 commemorare?
3328 3487 3457 3544 geo-

1881 3577 2127 3632 metriam
2179 3575 2433 3629 omnibus
2481 3574 2700 3628 charam
2749 3580 2911 3640 atque
2959 3568 3356 3633 indubitatam,
3401 3575 3457 3620 et

1881 3669 2270 3725 astronomiam
2304 3683 2537 3738 superna
2580 3663 3000 3736 pervagantem?
3045 3676 3182 3731 quas
3215 3660 3459 3732 singulas

1881 3761 2328 3826 animisnostris,
2374 3760 2576 3814 docens
2607 3755 2978 3824 insculpebatr;
3026 3762 3119 3808 aut
3166 3754 3218 3807 in
3253 3767 3459 3806 memo-

1883 3854 2021 3908 riam
2048 3868 2330 3917 revocans,
2361 3861 2456 3905 aut
2496 3851 2680 3904 nescio
2706 3849 2832 3918 quid
2862 3847 2968 3902 dici
3006 3847 3190 3917 potius
3224 3846 3453 3900 debeat:

1884 3943 2040 3998 illam.
2081 3943 2299 4013 quidem
2352 3943 2500 3995 velut
2546 3941 2789 3994 omnium
2840 3939 2998 4006 plane
3043 3937 3457 3991 fundamentum

1887 4043 2150 4100 statuens,
2198 4043 2251 4088 et
2293 4034 2446 4103 quasi
2492 4033 2646 4087 basin
2679 4032 3038 4094 tutissimam,
3073 4029 3454 4083 inconcussam

1883 4128 2275 4198 geometriam;
2323 4141 2419 4196 per
2459 4125 2846 4179 astronomiam
2905 4132 3084 4176 autem
3131 4121 3196 4174 ad
3241 4135 3456 4175 summa

1883 4220 2206 4289 perducens,
2240 4228 2497 4287 tanquam
2527 4232 2622 4286 per
2650 4217 2850 4270 scalam
2884 4214 3174 4284 quamdam
3198 4212 3262 4266 ad
3286 4212 3458 4267 cmlos

1884 4311 2294 4383 pertingeutem,
2320 4309 2558 4379 pervium
2587 4308 2743 4364 nobis
2765 4307 2960 4362 cmlum
2990 4307 3270 4376 utriusque
3290 4305 3456 4359 disci-

1889 4403 2050 4471 plinae
2078 4415 2240 4470 opera
2265 4399 2521 4454 etiiciens.

1957 4491 2046 4547 IX.
2087 4490 2241 4556 Quod
2270 4504 2399 4544 vero
2425 4488 2668 4543 omnium
2696 4497 2780 4543 est
2807 4487 2980 4542 multo
3004 4488 3320 4552 maximum,
3356 4501 3456 4542 cu-

1879 4586 2078 4659 jusque
2097 4585 2268 4656 gratia
2289 4584 2497 4637 laborat
2516 4598 2647 4651 gens
2671 4590 2781 4634 tota
2804 4581 3272 4650 philosophorum,
3295 4578 3459 4648 quasi

1883 4695 1949 4734 ex
1981 4679 2128 4732 varia
2169 4677 2502 4746 reliquarum
2534 4674 2778 4728 omnium
2820 4673 3228 4741 disciplinarum
3268 4670 3452 4724 consi-

1882 4772 2052 4833 tione,
2082 4770 2460 4838 diuturnreque
2485 4766 2842 4836 philosophia:
2875 4763 3087 4828 studio,
3134 4761 3308 4817 bonos
3336 4762 3454 4814 l'ru-

1883 4874 2005 4920 ctus
2042 4863 2323 4932 colligens,
2367 4860 2581 4914 divinas
2626 4872 2839 4912 morum
2875 4857 3122 4917 virtutes,
3157 4869 3222 4908 ex
3253 4853 3453 4923 quibus

1885 4955 2211 5026 tranquillus
2236 4961 2291 5008 et
2311 4959 2568 5008 constans
2595 4951 2760 5005 animi
2785 4949 3086 5004 motionum
3103 4956 3278 5003 status
3309 4946 3455 5001 exsi-

1886 5049 2015 5112 stit;
2059 5056 2113 5104 et
2141 5046 2394 5102 maeroris
2431 5045 2648 5114 quidem
2680 5051 2950 5113 expertes,
2987 5051 3152 5111 atque
3193 5048 3252 5093 ut
3291 5038 3456 5093 nullis

1885 5141 2045 5195 malis
2071 5137 2445 5194 vehementius
2467 5149 2953 5195 commoveremur,
2986 5131 3078 5187 sed
3101 5130 3364 5186 moderati
3390 5144 3457 5186 ac

1888 5231 2081 5294 sedati,
2117 5230 2318 5298 Deique
2339 5229 2543 5283 similes
2565 5242 2686 5280 vere
2716 5242 2780 5281 ac
2805 5225 2968 5291 beati,
2997 5225 3116 5293 ejus
3141 5238 3302 5292 opera
3333 5223 3456 5276 red-

1888 5326 2174 5390 deremur,
2218 5324 2581 5380 annitebatur.
2632 5321 2806 5391 Atque
2845 5321 2958 5375 haec
2991 5319 3213 5374 curabat
3242 5327 3296 5372 et
3325 5332 3456 5387 age-

1887 5417 1980 5471 bat
2011 5416 2119 5480 ille,
2150 5425 2265 5470 tum
2293 5415 2638 5470 sermonibus
2665 5412 2932 5482 propriis,
2981 5407 3458 5465 mansuefacienti—

1885 5509 1987 5564 bus
2016 5523 2078 5563 ac
2105 5507 2299 5574 doctis,
2332 5523 2432 5563 nec
2474 5509 2656 5562 minus
2690 5505 3033 5570 necessariis,
3065 5519 3204 5573 quos
3236 5505 3304 5558 de
3334 5516 3455 5560 m0.

1885 5602 2037 5656 ribus
2065 5601 2292 5671 vitaeque
2321 5610 2518 5657 nostrae
2553 5600 2727 5656 modis
2762 5598 3019 5664 habebat;
3055 5607 3164 5653 tum
3193 5610 3320 5653 vero
3345 5610 3475 5652 ttmL

285 5794 400 5864 (86)
429 5793 648 5848 Ἕνεκα
686 5793 820 5852 πᾶν.
857 5795 1138 5868 Beugelius
1169 5813 1230 5853 cx
1265 5795 1587 5865 llozschelio,
1617 5795 1779 5850 ἕνεκά
1813 5812 1941 5858 πως.
