3876 6556
214 356 366 414 £085

1193 353 1264 409 IN
1303 352 1663 412 ORIGENEM
1696 353 1956 412 ORATIO
1996 353 2454 411 PANEGYRICA.

3327 351 3468 409 1086

205 473 387 526 οπὶσιν
418 469 753 542 ἐμμένοντας
785 471 904 535 ταῖς
933 469 1250 541 εἰρημέναις
1279 470 1675 542 ἐπιτηδεύσεσι,
1701 469 1794 522 καὶ

1905 467 2019 523 Pari
2051 478 2231 523 autem
2261 469 2425 524 modo
2451 475 2506 522 et
2527 474 2890 538 temperanter
2916 467 3116 534 vivere,
3139 476 3192 522 et
3221 465 3467 522 fortiter:

204 563 322 616 οὐκ
380 562 787 626 ἀποπίπτοντας
833 560 944 615 οὐθ’
1008 561 1267 625 ἑκουσίως
1324 559 1437 614 οὐθ’
1496 561 1599 614 ὑπό
1653 577 1796 623 τινος

206 653 486 724 ἀνάγκης,
517 653 885 722 φυλάσσοντας
917 654 974 706 δὲ
1005 654 1096 707 καὶ
1118 656 1404 725 ἐγκρατεῖς
1439 652 1548 705 τῶν
1577 652 1795 724 εἰρημέ-

205 761 328 797 νων
345 761 360 774 ο
395 746 489 798 καὶ⁸
519 743 722 814 ταύτην
749 739 885 796 εἶναι
921 742 1184 812 σώτειράν
1207 760 1325 796 τινα
1350 742 1444 796 καὶ
1474 739 1686 811 φύλακα
1711 739 1798 792 δο-

211 833 502 906 γματίζων
525 832 690 889 οὖσαν
723 835 818 907 τὴν
847 835 1044 908 ἀρετὴν
1074 833 1296 906 ταύτην.

1899 570 2266 632 temperanter
2296 560 2537 630 quidem,
2566 560 2709 615 hanc
2746 561 2917 628 ipsam
2949 559 3145 614 anima:
3187 573 3247 614 se
3293 558 3469 627 ipsam

1897 651 2299 721 cognoscentis,
2323 651 2369 706 si
2394 649 2616 720 quando
2647 649 2697 702 id
2726 649 2773 702 ei
2800 651 3098 718 contingat,
3125 645 3470 716 prudentiam

1896 742 2311 809 conservando;
2336 757 2458 797 eam
2484 741 2630 795 enim
2647 755 2864 793 rursum
2888 755 3010 794 esse
3034 738 3468 808 temperantiam,

1899 851 2022 906 quae
2053 837 2212 905 quasi
2239 834 2610 890 conservatrix
2639 832 2886 903 quaedam
2908 841 2993 886 est
3019 831 3334 902 prudentia;
3359 829 3472 883 for-

207 927 350 990 titer
374 943 501 982 vero
533 929 589 982 in
635 928 907 997 praedictis
953 927 1208 984 omnibus
1253 927 1572 982 muneribus
1621 929 1982 997 persistendo,
2043 944 2144 984 nec
2173 928 2376 984 abillis
2410 928 2494 982 vel
2551 934 2743 996 sponte
2786 927 2870 980 vel
2922 927 2974 978 vi
3030 923 3142 978 ulla
3172 921 3469 978 decidendo

207 1029 317 1076 aut
340 1020 689 1086 deﬂectendo,
721 1021 813 1076 sed
845 1023 1052 1089 omnia,
1083 1030 1142 1077 ut
1170 1021 1312 1077 dicta
1341 1032 1492 1087 sunt,
1540 1023 1815 1078 mordicus
1854 1023 2230 1088 observando;
2260 1022 2403 1078 hanc
2436 1020 2635 1092 quippe
2681 1018 3133 1076 conservatricem
3181 1023 3237 1071 et
3287 1026 3474 1072 custo-

207 1114 344 1166 dem
390 1113 636 1166 virtutem
671 1128 790 1167 esse
821 1114 1043 1169 docens.

287 1202 390 1254 IB'.
431 1202 539 1254 Καὶ
564 1201 701 1271 δῆτα
734 1201 975 1266 δικαίους
1007 1203 1102 1272 μὲν
1127 1203 1219 1256 καὶ
1246 1203 1540 1274 φρονίμους
1572 1206 1664 1257 καὶ
1697 1222 1800 1256 σω-

213 1295 498 1365 φρονας,ἦ
531 1293 805 1365 ἀνδρείους
835 1296 982 1365 ἡμᾶς
1014 1294 1120 1347 ὑπὸ
1160 1295 1432 1367 ἡμετέρας
1477 1296 1802 1368 βραδυτῆτος

207 1386 318 1437 καὶ
363 1384 639 1455 νωχελίας,
683 1385 979 1440 καὶταῦτα
1023 1386 1164 1439 πάνυ
1196 1386 1458 1450 σπεύδων,
1493 1387 1574 1440 ἔτι
1618 1388 1797 1458 μέλλει

213 1474 657 1546 καταστήσεσθαι
687 1474 828 1546 (οὐτε
861 1475 1099 1546 ἔχοντας,
1123 1475 1246 1529 οὐτε
1271 1474 1437 1545 ἐγγύς
1459 1494 1544 1528 πω
1576 1476 1799 1548 γενομέ-

212 1585 369 1633 νους,
387 1569 494 1622 οὐδ’
516 1568 828 1640 ἡστινοσοῦν
847 1569 1045 1640 ἀρετῆς
1071 1567 1391 1640 ἀνθρώπων,
1425 1570 1457 1641 ἢ
1481 1567 1646 1633 θείας,
1671 1571 1799 1624 πολ-

211 1660 312 1715 λοῦ
349 1677 411 1730 γε
441 1661 536 1713 δεῖ·
573 1653 732 1715 αῦται
774 1661 882 1733 γὰρ
919 1661 1168 1732 μέγισται
1204 1661 1298 1714 καὶ
1337 1661 1555 1733 ὑψηλαί·
1588 1664 1682 1715 καὶ
1705 1663 1795 1714 οὐ-

204 1752 415 1824 δετέρα
436 1752 662 1822 ληπτέα,
688 1753 808 1806 οὐδὲ
836 1751 922 1822 τῷ·
940 1755 1123 1823 τυχεῖν
1158 1752 1255 1823 (4),
1303 1753 1410 1824 ὅτῳ
1461 1753 1533 1824 μὴ
1573 1753 1704 1817 Θεός
1731 1771 1794 1822 γε

1979 1204 2093 1260 ΧΠ.
2133 1203 2199 1259 Et
2250 1221 2381 1260 sane
2427 1204 2608 1274 justos
2653 1204 2871 1274 quidem
2921 1213 2972 1258 et
3017 1203 3328 1273 prudentes,
3376 1212 3470 1259 aut

1909 1305 2270 1367 temperantes
2311 1295 2586 1366 fortesque
2615 1309 2719 1348 nos
2746 1310 2857 1364 pra:
2885 1294 3096 1364 ignavia
3128 1309 3192 1349 ac
3217 1295 3471 1349 tarditate

1903 1399 2111 1454 nostra,
2143 1387 2395 1459 quamvis
2421 1401 2639 1442 onmem
2673 1388 2956 1442 adhiberet
2976 1402 3217 1456 operam,
3245 1387 3470 1442 reddere

1904 1480 2146 1534 nondum
2178 1478 2385 1549 potuit;
2415 1477 2508 1547 qui
2533 1492 2633 1532 nec
2663 1477 2948 1538 habemus.
2976 1495 3075 1534 nec
3099 1495 3265 1548 prope
3291 1479 3471 1534 adhuc

1903 1571 2184 1642 attigimus
2210 1571 2377 1624 ullam
2421 1568 2674 1623 virtutem
2725 1561 3029 1634 hominum,
3073 1580 3168 1625 aut
3206 1572 3468 1637 divinam,

1901 1663 2334 1734 longissimeque
2363 1666 2626 1722 absumus
2657 1686 2670 1721 :
2701 1680 2825 1719 nam
2861 1665 3112 1718 maxima:
3141 1674 3268 1720 sunt
3291 1665 3395 1719 illa:
3416 1673 3473 1720 et

1901 1757 2152 1818 excelsze,
2185 1767 2238 1812 et
2280 1767 2477 1813 neutra
2523 1757 2827 1828 comparari
2876 1766 3074 1826 potest,
3115 1758 3356 1827 nullique
3387 1755 3472 1812 fas

217 1846 452 1916 ἐμπνέοι
489 1845 734 1916 δύναμιν.
779 1846 969 1916 Ἡμεῖς
1012 1863 1073 1898 τε
1103 1844 1225 1899 οὐτε
1274 1846 1598 1916 πεφύκαμεν
1631 1846 1798 1910 οὕτως

1905 1859 1987 1902 est
2012 1851 2296 1918 consequi,
2325 1849 2429 1905 nisi
2455 1861 2600 1904 certe
2631 1851 2720 1904 cui
2751 1849 2892 1905 Deus
2916 1849 3255 1918 aspiraverit.
3282 1848 3348 1903 Et
3369 1865 3473 1904 nos

218 1939 564 2009 ἐπιτηδείως,
612 1936 735 1990 οὐτε
781 1938 875 1991 καὶ
917 1938 1054 2004 ἄξιοι
1090 1933 1227 1992 εἶναι
1269 1941 1542 2010 ἐπιτυχεῖν
1590 1939 1801 1992 οὐδέπω

208 2029 610 2100 ὁμολογοῦμεν·
629 2030 689 2081 οὐ
726 2030 1042 2100 ποιήσαντες
1074 2031 1185 2084 ἀπὸ
1218 2030 1486 2101 ῥᾳθυμίας
1519 2035 1611 2084 καὶ
1636 2029 1799 2084 ἀσθε-

211 2123 374 2186 νείας
407 2123 604 2187 πάντα,
650 2121 793 2194 άπερ
839 2122 964 2185 τούς
1012 2121 1120 2175 τῶν
1166 2123 1401 2195 ἀρίστων
1460 2125 1796 2195 ἐφιεμένους,

214 2213 315 2267 καὶ
351 2213 417 2266 τὰ
465 2212 643 2266 τέλεια
683 2212 996 2283 μνωμένους
1042 2214 1192 2285 χρή).
1234 2215 1440 2269 Δίκαιοι
1484 2216 1580 2286 μὲν
1630 2211 1722 2268 οῦν
1763 2214 1796 2285 ἢ

207 2305 519 2377 σώφρονες,
555 2307 588 2377 ἡ
615 2323 735 2359 τινα
758 2303 868 2357 τῶν
891 2304 1064 2359 ἄλλων
1086 2306 1227 2376 ἔχειν
1259 2308 1467 2379 ἀρετῶν
1500 2307 1579 2361 ἔτι
1615 2307 1799 2379 μέλλο-

214 2415 344 2470 per
373 2398 608 2469 ἐραστὰς
642 2399 698 2452 δὲ
738 2401 885 2470 ἡμᾶς
915 2402 998 2454 ὃτι
1023 2400 1349 2472 δριμύτατον
1390 2399 1631 2471 ἐρῶντας
1663 2400 1800 2471 ἔρω-

207 2505 308 2552 τα,
338 2489 476 2558 ὅπερ
505 2489 590 2540 ἐπ’
636 2487 784 2558 αὐτῷ
817 2489 976 2560 μόνον
1007 2487 1154 2553 ἴσως,
1183 2489 1276 2542 καὶ
1327 2489 1492 2544 πάλαι
1539 2492 1800 2561 κατεστή-

208 2596 356 2634 σατο
380 2581 406 2632 ὁ
441 2580 749 2649 θαυμαστὸς
779 2575 951 2645 οὗτος,
997 2583 1091 2634 καὶ
1126 2581 1277 2650 φίλος
1319 2581 1428 2634 τῶν
1468 2582 1675 2653 ἀρετῶν
1705 2584 1798 2636 καὶ

205 2673 547 2744 προήγοροςο
579 2675 886 2744 ἐμποιήσας
908 2673 1086 2746 ἔρωτα
1114 2677 1179 2745 τῇ
1203 2675 1365 2728 αὐτοῦ
1397 2677 1562 2747 ἀρετῇ
1587 2677 1681 2728 καὶ
1704 2675 1799 2729 τοῦ

208 2764 453 2830 κάλλους
485 2765 586 2835 τῆς
613 2765 977 2838 δικαιοσύνης,
1011 2761 1080 2838 ἧς
1104 2767 1167 2819 τὸ
1198 2766 1426 2839 χρύσεον
1460 2767 1630 2831 ὅντως
1662 2766 1798 2821 ἔδει-

204 2856 312 2924 ξεν
348 2860 478 2929 ἡμῖν
509 2859 818 2929 πρόσωπον,
840 2859 934 2913 καὶ
959 2860 1270 2931 φρονήσεως
1300 2860 1400 2930 τῆς
1418 2861 1580 2912 πᾶσιν
1614 2859 1798 2928 ἐφεσί-

215 2967 351 3021 μου,
383 2950 476 3003 καὶ
503 2949 604 3020 τῆς
633 2951 1055 3023 ὲρασμιωτάτης
1083 2950 1399 3022 σοφίας⁶τῆς
1427 2950 1677 3022 ἀληθοῦς,
1704 2951 1797 3006 καὶ

207 3049 575 3119 σωφροσύνης
602 3049 699 3118 τῆς
737 3048 1023 3112 θεοειδοῦς,
1057 3049 1091 3119 ἦ
1133 3051 1250 3102 ἐστι
1280 3047 1456 3118 ψυχῆς
1489 3047 1794 3109 εὐστάθεια,

207 3142 316 3195 καὶ
336 3143 523 3213 εἰρήνη
543 3143 676 3194 πᾶσι
699 3145 812 3209 τοῖς
837 3141 1196 3212 κτησαμένοις
1225 3141 1412 3212 αὐτὴν,
1436 3141 1531 3194 καὶ
1551 3139 1796 3209 ἀνδρείας

1904 1956 2081 2010 neque
2123 1950 2317 1996 natura
2356 1942 2494 1996 adeo
2541 1943 2819 2014 praestanti
2861 1957 3074 2009 sumus,
3127 1957 3228 1996 nec
3277 1941 3472 2012 dignos

1902 2031 2083 2086 adhuc
2132 2047 2254 2088 esse
2293 2033 2389 2103 qui
2441 2048 2862 2104 consequamur,
2896 2034 3256 2100 conﬁtemur;
3288 2043 3348 2088 ut
3376 2033 3471 2103 qui

1900 2138 1997 2191 per
2027 2125 2332 2180 socordiam
2370 2133 2424 2180 et
2453 2126 2876 2180 imbecillitatem
2903 2127 3136 2180 necdum
3166 2126 3348 2181 omnia
3383 2125 3465 2181 fe-

1900 2214 2099 2281 cimus,
2132 2231 2254 2285 quae
2292 2216 2360 2271 ab
2390 2217 2460 2271 iis
2489 2219 2584 2286 qui
2613 2219 2816 2287 optima
2838 2217 3064 2285 cupiunt
3095 2227 3148 2271 et
3185 2217 3253 2270 ad
3295 2215 3471 2284 perfe-

1900 2318 1986 2361 cta
2023 2308 2379 2375 contendunt,
2410 2309 2524 2384 ﬁeri
2554 2317 2785 2378 oportet.
2829 2307 2966 2363 Justi
3004 2323 3134 2378 ergo
3179 2316 3231 2362 et
3266 2316 3471 2376 tempe-

1898 2408 2104 2462 rantes,
2152 2410 2246 2454 aut
2295 2401 2400 2455 alia
2456 2402 2712 2470 quapiam
2763 2401 2959 2454 virtute
2987 2400 3193 2470 praediti
3226 2399 3474 2454 nondum

1901 2508 2124 2558 sumus;
2154 2503 2430 2548 amatores
2454 2502 2636 2548 autem
2664 2509 2766 2548 nos
2793 2509 2956 2564 quam
2987 2492 3476 2548 vehementissimo

1900 2591 2149 2638 amantes
2187 2598 2393 2649 amore,
2449 2583 2595 2653 quod
2633 2599 2803 2637 unum
2851 2583 3084 2638 fortasse
3127 2583 3372 2652 praestari
3401 2582 3478 2636 ab

1899 2690 1965 2730 eo
2000 2683 2235 2746 poterat,
2258 2675 2372 2745 jam
2401 2676 2609 2730 dudum
2643 2675 2771 2730 fecit
2804 2675 3158 2731 admirandus
3187 2675 3274 2730 hic
3301 2674 3474 2730 virtu-

1898 2775 2014 2821 tum
2043 2768 2256 2823 amicus
2301 2776 2356 2823 et
2403 2783 2636 2838 prazses;
2693 2783 2936 2824 amorem
2977 2768 3136 2824 nobis
3173 2783 3270 2823 sua
3301 2767 3472 2837 ipsius

1900 2860 2099 2915 virtute
2139 2861 2486 2932 ingenerans,
2523 2871 2635 2916 tum
2665 2862 3087 2932 pulchritudinis
3113 2861 3340 2930 jusﬁtia:
3371 2877 3470 2915 cu—

1896 2953 1988 3022 jus
2017 2969 2239 3009 auream
2291 2955 2451 3024 plane
2495 2957 2653 3010 nobis
2682 2955 2876 3010 faciem
2904 2954 3173 3020 ostendit;
3203 2964 3315 3008 tum
3345 2967 3480 3023 pru-

1901 3048 2099 3102 dentia:
2141 3049 2397 3104 omnibus
2435 3048 2748 3118 expetendze
2781 3057 2835 3104 et
2876 3046 3283 3102 amabilissimte
3330 3060 3473 3099 vera:

1903 3142 2214 3211 sapientiae;
2266 3151 2378 3195 tum
2429 3141 2801 3210 temperantia:
2837 3138 3317 3209 prtestantissimte,
3352 3152 3475 3205 qua:

203 3229 319 3299 1τῆς
375 3207 846 3302 θαυμασιωτάτής·
903 3207 1181 3301 ὐνπομονῆς
1225 3207 1381 3301 ἡμῶν
1578 3207 1671 3282 καλ.
1710 3231 1798 3283 ἐπὶ

1905 3207 1985 3289 est
2011 3235 2180 3287 animi
2211 3207 2621 3297 constantia,—et
2650 3249 2755 3302 pax
2785 3207 3040 3286 omnibus
3069 3227 3474 3299 possidentibus

210 3323 410 3383 πᾶσιν,
439 3321 739 3386 εὐσεϐείας,
761 3323 826 3393 ἢν
855 3324 1062 3396 μητέρα
1095 3323 1228 3392 φασὶ
1257 3322 1364 3376 τῶν
1397 3321 1605 3393 ἀρετῶν
1627 3321 1801 3391 ὀρθῶς

207 3415 488 3484 λέγοντες
525 3415 670 3488 Λύτη
720 3417 825 3488 γάρ
861 3419 1006 3469 ἐστιν
1035 3415 1176 3487 ἀρχὴ
1210 3416 1304 3468 καὶ
1343 3414 1567 3491 τελευτὴ
1617 3414 1802 3467 πασῶν

203 3507 328 3561 τῶν
354 3508 580 3576 ἀρετῶψ
607 3507 714 3562 ἀπὸ
745 3507 946 3576 ταύτης
976 3523 1036 3560 τε
1083 3505 1192 3578 γὰρ
1232 3506 1588 3576 ὁρμωμένοις,
1631 3507 1802 3578 ῥᾷστα

209 3598 289 3654 ἂν
318 3601 449 3670 ἡμῖν
485 3599 815 3667 ἐπιγένοιντο
844 3599 938 3652 καὶ
983 3599 1039 3651 αἱ
1085 3597 1270 3651 λοιπαὶ
1311 3597 1522 3668 ἀρεταί·
1566 3600 1613 3650 εί
1656 3597 1801 3650 τοῦθ’

206 3688 242 3742 ὃ
264 3688 332 3760 δὴ
357 3687 431 3760 (6)
467 3689 642 3742 πάντα
674 3687 976 3760 ἄνθρωπον,
1001 3690 1092 3743 τόν
1116 3707 1179 3759 γε
1217 3690 1290 3761 μὴ
1338 3689 1494 3744 ἀθεον
1528 3689 1560 3760 ἢ
1591 3689 1802 3761 φιλήδο-

209 3799 332 3845 νον,
360 3781 421 3832 τδ
454 3781 604 3849 φίλον
633 3781 883 3849 γενέσθαι
922 3782 1013 3834 καὶ
1047 3784 1350 3853 προήγορον
1382 3781 1503 3852 Θεῷ
1534 3782 1631 3852 (7),
1676 3786 1803 3854 κτή-

207 3870 420 3926 σασθαι
472 3874 680 3936 ἑαυτοῖς
727 3872 1116 3944 ἐπιθυμοῦντες
1169 3873 1262 3926 καὶ
1311 3871 1649 3938 σπεύδοντες,
1692 3875 1802 3929 τῶν

207 3962 423 4018 λοιπῶν
453 3964 661 4036 ἀρετῶν
710 3964 1118 4036 ὲπιμελοίμεθα’
1163 3965 1310 4028 ὅπως
1346 3964 1419 4036 μὴ
1467 3965 1670 4031 ἀνάξιοι
1709 3966 1802 4019 καὶ

209 4055 522 4128 ρυπῶντες,
562 4056 698 4126 μετά
717 4057 774 4110 δὲ
816 4056 995 4130 πάσης
1023 4056 1224 4128 ἀρετῆς
1261 4057 1354 4110 καὶ
1389 4056 1578 4124 σοφίας
1617 4056 1803 4128 ὥσπερ

205 4166 365 4214 τινος
398 4147 600 4217 ἀγαθοῦ
631 4148 848 4218 πομποῦ
881 4150 972 4202 καὶ
1007 4148 1196 4220 ἱερέως
1224 4148 1535 4218 σοφωτάτου
1565 4151 1804 4219 προσίοι-

211 4258 323 4312 μεν
356 4240 438 4311 τῷ
470 4240 606 4310 Θεῷ.
627 4241 700 4293 Τό
740 4257 804 4310 γε
837 4241 1053 4296 πάντων
1084 4241 1238 4305 τέλος
1273 4241 1370 4311 οὐχ
1403 4239 1586 4314 ἕτερόν
1630 4259 1682 4294 τι
1723 4239 1802 4294 οἶ-

212 4350 341 4404 μαι,
375 4332 433 4403 ἢ,
462 4333 702 4405 Καθαρῷ
741 4331 818 4403 τῷ
845 4332 920 4403 νῷ
968 4331 1322 4404 ἐξομοιώθητι
1365 4331 1440 4403 (8)
1488 4332 1803 4405 προσελθεῖν

207 4422 298 4494 τῷ
323 4423 467 4495 Θεῷ,
503 4425 596 4478 καὶ
629 4425 808 4496 μένειν
834 4428 891 4479 ὲν
912 4425 1079 4496 αὐτῷ.

214 4751 438 4822 Ὀνομα
480 4748 684 4822 ταύτης
734 4748 862 4822 ἴδιον
905 4749 1001 4821 τῆς
1045 4750 1234 4818 ὑγείας
1286 4751 1398 4804 ἐστὶ
1443 4751 1797 4822 σωφροσύνη,

211 4797 1110 4956 ἔειπξὶτρίανΑίτῷἸφρονοῦντιητῶν
1152 4797 1269 4893 (τῶ)
1301 4824 1357 4874 ὲν
1390 4797 1801 4893 ’ίῃιι.ῖν’<ίιττεεργέι-ἶ

249 4908 452 4956 ομενη.
570 4931 581 4942 .
613 4907 642 4944 a
669 4908 740 4944 ta.

249 4907 452 4944 ομενη.
497 4907 581 4943 ΑΙ.
613 4907 740 4944 ana.

290 4908 452 4961 μενη.
497 4908 581 4943 At.
613 4908 740 4944 ana.

290 4961 373 5034 (σί)
416 4960 568 5034 οὐδὲ
593 4960 674 5026 τῷ
696 4961 929 5034 τυχεῖν)
964 4963 1068 5034 An,
1093 4963 1212 5034 οὐδέ
1237 4981 1312 5034 τῳ
1348 4963 1506 5034 θέμις
1534 4964 1747 5034 τυχεῖνῖ

293 5031 757 5103 (5)7’Υξζομονῆς
805 5032 994 5102 ἡμῶν.
1044 5032 1120 5086 Ita
1157 5031 1441 5103 Bengelius
1494 5031 1631 5087 cunt
1673 5033 1802 5088 Hm-

211 5102 454 5158 schelio.
494 5101 718 5174 Vossius
749 5101 872 5157 cum
923 5103 1045 5157 aliis
1083 5104 1240 5174 ἡμῶν
1271 5101 1490 5158 omittit.
1537 5103 1709 5169 Quem
1746 5106 1800 5158 in

213 5175 405 5226 locum
430 5174 544 5227 haec
572 5173 796 5228 adnotat
830 5174 1006 5228 editor
1039 5174 1466 5240 Stutgardiensis
1494 5194 1506 5228 :
1534 5195 1550 5224 ι
1577 5173 1689 5227 Non
1720 5176 1801 5228 vi-

214 5244 411 5314 detur,
439 5243 566 5314 hoc_
601 5245 1042 5312 conjungendum
1096 5260 1194 5313 per
1235 5247 1626 5314 appositionem
1676 5261 1799 5298 eum

213 5313 499 5384 ἀνδρείας.
535 5311 638 5366 Sed
662 5311 978 5383 GregOrius,
1008 5311 1131 5383 post
1153 5311 1386 5384 quatuor
1414 5317 1640 5368 virtutes
1666 5331 1804 5382 quas

216 5384 539 5453 philosotthi
563 5384 862 5438 cardinales
899 5394 1166 5446 statuunt,
1200 5387 1334 5440 duas
1361 5386 1510 5439 addit
1541 5386 1806 5439 Christia-

217 5472 321 5525 _nas
350 5494 364 5514 ,
412 5453 750 5525 tolerantiam
777 5465 831 5508 et
873 5471 992 5523 qua:
1038 5455 1153 5522 ipse
1188 5457 1353 5509 cardo
1392 5465 1496 5518 est,
1525 5457 1801 5525 pietatem.

215 5523 298 5578 ita
329 5523 491 5596 ἡμῶν
523 5523 758 5579 refertur
789 5526 856 5579 ad
908 5534 1150 5592 ascetas,
1175 5528 1253 5579 uti
1293 5541 1415 5596 cap.
1460 5523 1563 5591 16‘,
1603 5528 1705 5581 sub
1741 5529 1804 5579 li—

217 5611 376 5649 nent.
415 5613 433 5644 ι

295 5666 380 5733 (6)
424 5665 494 5716 ‘0
531 5663 629 5730 δή.
667 5663 1010 5719 Hmschelius
1047 5665 1299 5720 emendat
1326 5665 1354 5718 ὃ
1383 5665 1480 5719 δεῖ.
1518 5665 1694 5734 Atque
1734 5665 1805 5719 ita

223 5733 430 5804 legisse
461 5735 673 5788 videtur
703 5736 990 5804 interpres.

299 5805 380 5875 (7)
422 5805 764 5876 "pom-0901‘
794 5804 932 5871 Θεῷ.
962 5803 1055 5861 Vis
1083 5807 1243 5877 hujus
1289 5805 1664 5879 appellationis
1708 5821 1804 5878 ap-

1903 3343 2056 3393 eam;
2092 3337 2208 3380 tum
2245 3325 2580 3380 fortitudinis
2631 3323 3152 3388 admirabilissimae;
3195 3330 3310 3374 tum
3345 3320 3475 3374 tolr-

1903 3419 2095 3472 rentia:
2125 3427 2344 3481 nostrae,
2383 3427 2457 3481 et,
2501 3425 2625 3470 ante
2669 3415 2876 3480 omnia,
2911 3413 3146 3482 pietatis,
3182 3426 3346 3481 quam
3377 3425 3476 3480 pa.

1902 3521 2106 3566 rentem
2136 3512 2394 3564 virtutum
2424 3510 2616 3564 merito
2638 3508 2929 3579 appellant.
2951 3505 3075 3560 Haec
3092 3505 3359 3575 siquidem
3389 3512 3475 3558 est

1903 3603 2118 3656 initium
2154 3601 2386 3669 finisque
2414 3599 2659 3653 omnium
2684 3598 2946 3652 virtutum
2977 3614 2991 3649 :
3029 3595 3096 3649 ab
3121 3595 3226 3649 hac
3253 3594 3299 3648 si
3331 3593 3473 3648 inci-

1902 3694 2140 3763 piamus,
2190 3691 2449 3746 facillime
2479 3691 2640 3745 nobis
2672 3689 2897 3758 reliquae
2928 3688 3091 3742 etiam
3122 3687 3354 3740 virtutes
3383 3700 3476 3740 ac-

1901 3794 2178 3850 crescent;
2215 3785 2261 3838 si
2287 3783 2430 3852 quod
2457 3781 2736 3836 hominem
2772 3794 3216 3849 unumquemque
3237 3778 3331 3846 qni
3358 3792 3474 3831 mo-

1902 3877 1972 3931 do
2001 3877 2201 3946 impius
2228 3884 2282 3930 et
2313 3873 2651 3943 voluptarius
2686 3888 2795 3926 non
2829 3872 2920 3939 sit,
2949 3885 3141 3941 parare
3170 3869 3276 3924 sibi
3309 3884 3473 3938 opor-

1903 3976 1999 4034 tet,
2048 3981 2107 4023 ut
2138 3968 2348 4022 amicus
2395 3965 2790 4034 familiarisque
2835 3964 2906 4018 sit
2948 3978 3073 4018 cum
3122 3961 3266 4026 Deo,
3313 3961 3472 4014 nobis

1904 4059 2039 4128 ipsis
2080 4065 2395 4127 expetentes
2431 4064 2486 4110 et
2535 4054 2754 4123 assequi
2793 4056 3097 4114 studentes,
3133 4049 3469 4117 reliquarum

1904 4150 2070 4204 simul
2093 4150 2356 4203 virtutum
2385 4161 2570 4200 curam
2595 4143 3020 4214 amplectamur;
3049 4149 3107 4194 ut
3127 4153 3238 4193 non
3263 4137 3471 4206 indigni

1903 4258 2005 4296 nec
2021 4240 2274 4310 squalidi,
2296 4239 2388 4294 sed
2417 4240 2565 4292 omni
2585 4237 2789 4290 virtute
2810 4250 2875 4290 ac
2897 4233 3185 4304 sapientia,
3210 4239 3471 4299 tanquam

1903 4335 2047 4390 bono
2071 4334 2304 4402 quodam
2319 4332 2541 4387 ductore
2557 4329 3070 4400 sapientissimoque
3098 4327 3378 4381 sacerdote
3395 4337 3476 4378 se.

1907 4430 2004 4498 pti,
2037 4427 2104 4480 ad
2133 4425 2301 4480 Deum
2331 4427 2670 4480 accedamus.
2702 4422 2888 4477 Finem
2915 4435 3049 4476 sane
3082 4419 3326 4474 omnium
3361 4432 3472 4471 non

1832 4551 1874 4606 Β
1909 4521 2076 4575 alium
2095 4519 2370 4582 existimo,
2395 4534 2558 4587 quam
2592 4531 2726 4587 pura
2759 4525 2938 4570 mente
2967 4514 3035 4568 ad
3062 4512 3473 4568 similitudinem

1907 4611 2327 4677 conformatum,
2353 4613 2606 4666 accedere
2625 4612 2689 4664 ad
2706 4608 2897 4670 Deum,
2916 4619 2967 4662 et
2996 4608 3049 4661 in
3082 4605 3201 4676 ipso
3231 4619 3470 4658 manere.

1901 4758 2055 4820 paret
2088 4765 2150 4802 ex
2185 4746 2614 4820 aequipollrntia,
2678 4744 2751 4815 μὴ
2811 4741 2988 4820 ἄθεον,
3026 4740 3138 4820 _qni
3191 4738 3471 4820 veritatem

1902 4811 1969 4874 de
2035 4819 2144 4873 Deo
2199 4811 2396 4871 tu'ett'tr.
2461 4815 2628 4868 Paulo
2681 4811 2831 4877 ante,
2881 4812 3089 4883 ἀρετῶν
3145 4811 3470 4883 προηγοροςζ

1902 4891 1974 4964 Et
2019 4907 2163 4964 cap._
2196 4892 2229 4942 6
2288 4899 2408 4964 post
2475 4887 2746 4964 medium,
2806 4878 3131 4964 τοῦ-λογῳ
3186 4878 3293 4964 τοῦ,
3329 4878 3472 4964 ἱεροῦ

1903 4961 2054 5030 φίλος
2082 4951 2176 5012 {cui
2203 4951 2528 5030 προήγορος.
2561 4953 2773 5030 Et__eap.
2803 4955 2870 5007 15
2891 4953 2991 5030 sub
3017 4954 3254 5030 initium,
3276 4951 3472 5030 λοῖίων

1904 5021 2230 5104 προήχορος.
2248 5021 2494 5104 disserit.
2524 5057 2592 5104 :-
2620 5021 2782 5104 YirOS
2809 5025 3048 5104 eruditos
3079 5023 3331 5104 fugerunt
3353 5021 3473 5104 _hie'c

1902 5088 2405 5170 lu'ca'Cr'egoriana,
2432 5099 2497 5150 ad
2532 5096 2798 5170 Pollucem
2828 5095 2919 5149 lib.
2950 5109 3094 5170 tt,__c_.
3121 5088 3174 5158 ξ,
3207 5088 3470 5170 δεμ-126,

1905 5159 2239 5242 ΙΙιξδδτριιὶιῆη
2288 5185 2340 5222 ν.
2392 5159 2862 5242 -Πρρῃγόρησίιν,
2920 5173 2973 5218 et
3016 5159 3289 5242 Thomam
3326 5159 3466 5230 Mag.

1904 5236 2114 5297 noviss.
2160 5241 2289 5295 edit.
2326 5254 2444 5308 pag.
2481 5239 2618 5304 7-50,
2653 5252 2793 5308 quos
2842 5247 3018 5289 tamen
3050 5236 3116 5288 ad
3163 5236 3271 5308 vim
3323 5247 3473 5286 VOCIS

1906 5306 2637 5382 assequendamictuisulas~
2654 5307 2834 5382 velim.
2869 5309 3134 5382 Caeterum
3193 5306 3472 5382 advertere

1906 5371 2192 5437 libet-cum
2244 5379 2559 5452 Ktilmiopad
2600 5377 2808 5452 Pollnc.
2842 5371 3474 5452 rtpoﬁyopovtprwdicq-

1906 5464 2086 5516 torem,
2124 5467 2431 5522 pra’conent,
2454 5450 2594 5522 _licet
2631 5449 2837 5522 rarius,
2869 5444 3144 5522 denotare.
3183 5444 3314 5510 Quae
3345 5444 3469 5522 qni-

1905 5526 2025 5578 detn
2058 5515 2429 5591 interpretatio
2451 5519 2704 5589 Bengelio
2734 5519 2920 5591 arrisit
2947 5537 2958 5569 :
2984 5533 3156 5584 eaque
3179 5529 3312 5591 sane
3346 5515 3473 5567 huic

1907 5595 2024 5648 loco
2057 5587 2224 5647 altera
2270 5587 2897 5661 Sirmondi,familfaris,
2923 5587 3306 5659 congruentior
3353 5599 3474 5639 esse

1906 5664 2255 5733 comperitur.

1979 5726 2056 5802 (8)
2099 5731 2525 5802 Ἐξομοιώθητι.
2560 5731 2650 5786 Sic
2689 5731 3002 5799 Bengelius,
3037 5727 3344 5802 llmschelio
3371 5726 3473 5802 ad-

1909 5795 2139 5861 haerens.
2181 5795 2599 5876 Vossitts,quem
2631 5795 2874 5873 sequitur
2899 5817 3135 5873 nuperus
3166 5801 3340 5858 editor
3370 5795 3477 5853 Pa-
