3876 6498
455 304 593 361 1087

1579 307 1639 364 S.
1676 305 2001 364 GREGORII
2040 305 2545 366 THAUMATURGI

3558 303 3685 362 1083

524 419 663 476 χιιι.
702 416 823 476 lam
848 430 1045 491 praeter
1065 427 1319 478 ceteram
1352 434 1570 477 omnem
1610 422 1936 478 industriam
1961 439 2023 479 ac

2195 424 2293 477 II".
2342 424 2465 478 Ἐπὶ
2500 426 2568 496 τῇ
2589 422 2721 495 ἄλλῃ
2742 422 2889 495 πάσῃ
2916 422 3199 496 φιλοπονίᾳ
3224 423 3317 478 κα)⁸
3345 421 3579 494 σπουδῇ,
3598 426 3685 493 τὴν

455 513 720 577 studium,
760 513 898 568 illud
946 530 1056 584 quo
1086 514 1141 571 in
1169 514 1454 585 theologia:
1482 515 1728 572 doctrina
1764 527 1821 573 et
1862 532 2015 574 rere-

454 606 632 660 rentia
676 605 834 660 nobis
876 605 1228 661 instituendis
1269 615 1353 661 est
1398 622 1551 675 usus,
1597 610 1798 679 quibus
1837 612 2018 666 verbis

453 698 634 768 eloqui
666 697 895 768 possim,
930 706 1026 753 aut
1056 698 1204 768 ipsos
1224 696 1327 752 viri
1352 713 1547 755 sensus
1576 712 1879 772 penetrare,
1908 719 2018 774 quo

2124 513 2255 583 περὶ
2298 512 2575 583 θεολογίας
2619 512 2962 567 διδασκαλίαν
3015 513 3108 568 καὶ
3152 513 3441 569 εὐλάϐειαν
3469 513 3593 576 πῶς
3630 514 3686 565 ἂν

2124 601 2398 673 ἐξέλθοιμι
2428 602 2508 673 τῷ
2547 602 2710 673 λόγῳ,
2744 604 2824 666 είς
2868 602 3036 675 αὐτὴν
3081 602 3183 675 τὴν
3231 602 3475 657 διάθεσιν
3522 602 3687 664 είσδῦς

2122 694 2215 747 τοῦ
2250 694 2463 767 ἀνδρὸς,
2500 695 2597 748 σὺν
2619 695 2706 767 οἵᾳ
2737 694 2929 768 γνώμῃ
2950 694 3043 749 καὶ
3067 698 3385 766 παρασκευῇ
3419 696 3551 759 τοὺς
3574 698 3688 766 περὶ

454 786 686 841 consilio
716 794 770 841 et
800 796 1062 857 apparatu
1095 803 1286 844 omnes
1312 788 1380 845 de
1405 787 1517 845 Deo
1549 805 1830 849 sermones
1858 802 2020 865 atque

2132 786 2220 840 τοῦ
2249 786 2406 840 Θείου
2452 788 2660 851 πάντας
2690 788 3047 859 ἐκμανθάνειν
3091 789 3237 859 ἡμᾶς
3281 787 3443 859 ἤθελε
3488 787 3687 855 λόγους,

454 880 754 935 sententias
800 879 1044 935 ediscere
1090 896 1190 937 nos
1218 884 1413 949 vellet;
1461 882 1651 939 sedulo
1695 901 1912 952 cavens,
1951 901 2021 941 ne

456 972 667 1041 uspiam
703 972 756 1026 in
790 987 849 1026 re
881 972 1127 1028 omnium
1167 974 1405 1029 maxime
1439 976 1769 1043 necessaria,
1802 978 1906 1035 hoc
1936 987 2022 1034 est

455 1063 510 1115 in
554 1064 744 1132 primae
783 1064 1029 1119 omnium
1072 1080 1252 1120 causae
1299 1066 1643 1134 cognitione,
1689 1070 2023 1139 periclitare-

454 1154 621 1206 mur?
648 1152 1030 1223 Philosophari
1060 1170 1189 1224 ergo
1218 1168 1318 1209 nos
1347 1154 1419 1209 ita
1439 1154 1683 1225 jubebat,
1719 1164 1779 1211 ut
1817 1158 2021 1225 omnia,

452 1253 724 1315 quotquot
769 1254 1015 1309 exstant,
1073 1256 1315 1301 veterum
1373 1257 1491 1303 tum
1554 1249 2022 1320 philosophorum,

454 1346 569 1390 tum
601 1345 884 1406 poetarum
917 1339 1117 1409 scripta
1153 1340 1490 1410 colligentes,
1519 1340 1655 1395 nihil
1688 1342 1912 1399 omnino
1935 1360 2024 1398 re-

452 1428 766 1497 jiceremus,
823 1431 1067 1500 nihilque
1122 1433 1533 1501 repudiaremus
1580 1436 1832 1505 (necdum
1880 1435 2023 1491 enim

455 1522 567 1575 vim
620 1522 822 1577 habere
859 1524 1141 1594 judicandi
1174 1530 1534 1594 poteramus),
1584 1536 1778 1597 praater
1814 1543 1877 1583 ea
1905 1543 2028 1597 quae

456 1613 742 1668 atheorum
774 1624 977 1681 essent,
1024 1616 1193 1686 qui,a
1235 1618 1512 1673 communi
1546 1619 1827 1673 hominum
1860 1633 2026 1674 sensu

456 1705 819 1773 discedentes,
872 1706 1041 1762 Deum
1094 1717 1189 1762 aut
1240 1708 1639 1764 Providentiam
1672 1725 1792 1766 esse
1828 1721 2025 1782 negant

2121 879 2532 951 φυλαττόμενος
2561 880 2632 951 μή
2675 897 2751 950 πη
2790 878 3238 951 ικινδυνεύσαιμεν
3275 880 3404 951 περὶ
3434 878 3499 931 τὸ
3532 880 3686 945 ἀναγ-

2124 971 2406 1024 καιότατον
2433 970 2709 1036 ἀπάντων,
2756 970 2854 1043 τὴν
2883 969 2975 1025 τοῦ
3010 970 3223 1024 πάντων
3254 971 3429 1025 αἰτίου
3463 969 3685 1037 γνῶσιν;

2126 1061 2435 1131 φιλοσοφεῖν
2469 1060 2567 1133 μὲν
2615 1059 2724 1131 γὰρ
2772 1058 2944 1129 ἠξίου,
2988 1058 3413 1129 ἀναλεγομένους
3453 1056 3565 1108 τῶν
3602 1058 3689 1126 ἀρ-

2124 1153 2296 1223 χαίων
2331 1153 2509 1207 πάντα
2554 1152 2654 1205 ὅσα
2688 1152 2778 1205 καὶ
2809 1151 3110 1222 φιλοσόφων
3145 1151 3237 1204 καὶ
3279 1148 3546 1220 ὐμνῳδῶν
3590 1150 3690 1200 ἐστι

2123 1245 2429 1316 γράμματα
2461 1245 2611 1316 πάσῃ
2652 1230 2877 1314 δυνάμει
2924 1244 3090 1315 μηδὲν
3134 1242 3556 1315 ἐκποιουμένους
3606 1240 3689 1310 (9),

2129 1336 2253 1408 μηδ’
2285 1335 2783 1407 ἀποδοκιμάζοντας
2810 1336 3037 1406 (οὐδέπω
3076 1334 3183 1407 γὰρ
3222 1335 3341 1388 οὐδὲ
3378 1335 3480 1407 τὴν
3518 1334 3691 1406 κρίσιν

2126 1426 2395 1497 ἐχεινῌΟ)
2417 1425 2763 1497 ἐδυνάμεθα),
2804 1425 2941 1497 πλὴν
2972 1427 3074 1482 ὅσα
3100 1426 3205 1480 τῶν
3238 1425 3411 1479 ἀθέων
3442 1426 3553 1495 εἴη,
3590 1428 3691 1479 ὅσοι

2125 1518 2536 1582 ἐκκυλισθέντες
2563 1517 2697 1589 ὁμοῦ
2744 1517 2853 1588 (11)
2900 1517 2997 1571 καὶ
3052 1515 3160 1570 τῶν
3210 1516 3571 1588 ἀνθρωπίνων
3618 1519 3692 1569 ὲν-

2126 1609 2304 1674 νοιῶν,
2326 1611 2427 1663 οὐκ
2460 1605 2597 1663 εἶναι
2624 1609 2753 1663 Θεὸν
2782 1608 2815 1680 ἢ
2840 1610 3102 1681 Πρόνοιαν
3130 1609 3342 1679 λέγουσι
3375 1609 3575 1680 (ταῦτα
3596 1610 3693 1680 γὰρ

2127 1701 2239 1756 οὔτ’
2268 1702 2662 1771 ἀναγινώσκειν
2694 1703 2863 1768 ἀξιον,
2900 1704 2987 1757 ἶνα
3017 1704 3137 1775 μηδ’
3170 1703 3227 1755 ἐν
3250 1702 3328 1773 τῷ
3357 1702 3579 1773 τυχόντι
3614 1720 3692 1772 μο-

459 1798 598 1864 (haec
626 1799 774 1857 enim
810 1812 877 1853 ne
908 1799 1069 1870 digna
1104 1799 1319 1868 quidem
1355 1814 1476 1855 esse
1501 1800 1621 1869 qua:
1652 1776 1925 1869 legantur,
1956 1817 2024 1856 ne

2132 1793 2322 1848 λόνοιθ⁹
2362 1797 2498 1866 ἡμῖν
2535 1797 2568 1866 ἡ
2599 1794 2766 1868 ψυχὴ,
2816 1794 3056 1849 εὐσεϐεῖν
3102 1794 3383 1865 μέλλουσα,
3433 1794 3617 1863 λόγων
3646 1794 3693 1847 δὲ

458 1904 567 1958 qua
615 1888 753 1944 forte
792 1905 851 1944 re
894 1889 1274 1959 inquinaretur
1300 1891 1459 1948 nobis
1496 1891 1736 1956 animus,
1762 1892 1856 1961 qui
1897 1894 2021 1947 cum

460 1983 713 2052 pietatem
739 1982 919 2037 colere
941 1982 1156 2047 debeat,
1187 1997 1470 2038 sermones
1500 1983 1685 2039 audiat
1706 1983 1889 2038 divino
1914 1984 2028 2037 cul~

459 2074 539 2127 tui
574 2084 953 2144 repugnantes.
978 2072 1163 2144 Neque
1193 2075 1339 2129 cnim
1383 2075 1422 2129 ii
1458 2075 1553 2145 qui
1586 2076 1784 2146 templa
1805 2075 2025 2143 adeunt,

460 2164 777 2235 religiosum
837 2174 1050 2234 putant,
1105 2165 1403 2236 quidquam
1463 2167 1688 2225 omnino
1739 2167 2025 2238 profanum

458 2264 819 2310 contrectare.
862 2254 1067 2314 Horum
1104 2256 1285 2327 itaque
1314 2257 1483 2313 libros
1522 2256 1591 2312 iis
1636 2257 1731 2328 qui
1773 2257 2026 2327 pietatem

459 2345 835 2416 proﬁteantur,
867 2347 1015 2401 nullo
1041 2347 1094 2401 in
1123 2362 1351 2402 numero
1380 2362 1504 2403 esse
1533 2347 1785 2418 debere);
1820 2349 2027 2419 reliqua

458 2454 591 2494 vero
612 2439 810 2509 scripta
837 2440 1010 2495 evolvi
1038 2440 1248 2509 legique
1268 2439 1348 2495 sic
1366 2448 1635 2511 oportere,
1655 2450 1715 2495 ut
1735 2456 1834 2497 nec
1858 2458 2030 2511 genus

462 2526 660 2592 ullum,
696 2542 797 2581 nec
819 2526 955 2580 liber
979 2536 1073 2581 aut
1094 2543 1276 2582 sermo
1303 2529 1552 2585 eruditus
1579 2530 1916 2600 praeferatur,
1942 2547 2027 2587 ne-

459 2633 567 2688 que
599 2628 789 2674 contra
820 2619 1158 2689 rejiciantur,
1195 2621 1308 2677 sive
1333 2622 1574 2686 Graecus,
1601 2624 1717 2679 sive
1743 2624 2026 2690 barbarus.

460 2709 558 2764 sed
588 2724 779 2766 omnes
802 2710 1115 2767 audiantur.
1150 2712 1434 2782 Sapienter
1478 2714 1531 2768 id
1565 2729 1813 2783 prorsus,
1845 2723 1899 2770 et
1932 2731 2029 2786 ap-

458 2800 667 2871 posite,
707 2816 776 2855 ne
810 2801 1020 2857 scilicet
1050 2819 1158 2857 una
1204 2804 1468 2874 quaepiam
1508 2806 1701 2861 horum
1745 2807 2029 2865 illorumve

461 2893 728 2947 sententia
758 2892 940 2951 audita
968 2903 1022 2948 et
1068 2894 1123 2949 in
1167 2896 1342 2965 pretio
1384 2896 1587 2964 habita,
1623 2900 1873 2969 quamvis
1902 2916 2028 2957 vera

459 2998 570 3038 non
616 2984 706 3051 sit,
750 2994 1007 3056 tanquam
1052 3002 1177 3045 vera
1208 2989 1324 3042 sola
1352 2999 1515 3055 esset,
1551 2991 1597 3046 si
1626 2993 1793 3048 semel
1822 2993 1876 3049 in
1911 2995 2027 3050 ani-

2127 1886 2420 1953 ἀκούουσα,
2452 1888 2787 1945 ὑπεναντίων
2819 1890 2887 1960 τῇ
2932 1885 3025 1941 τοῦ
3062 1886 3195 1939 Θεοῦ
3242 1886 3527 1959 θεραπείᾳ.
3570 1887 3694 1940 ωδε

2127 1980 2234 2053 γάρ
2264 1981 2390 2045 τοὺς
2421 1983 2535 2046 τοῖς
2570 1984 2715 2045 ναοῖς
2754 1980 3074 2053 προσιόντας
3110 1979 3408 2044 εὐσεϐείας,
3442 1974 3510 2049 ἧς
3566 1981 3695 2032 οῖον-

2125 2088 2216 2128 ται
2255 2072 2388 2144 (12),
2437 2072 2772 2143 ἐφάπτεσθαι
2820 2090 2962 2136 τινος
3000 2072 3137 2137 ὅλως
3175 2072 3280 2125 τῶν
3322 2072 3589 2144 βεϐήλων.
3625 2072 3694 2124 Τὰ

2125 2164 2329 2219 τούτων
2359 2166 2537 2220 τοίνυν
2566 2167 2672 2220 οὐδ’
2702 2166 2836 2229 ὅλως
2856 2166 2974 2219 οὐδὲ
3003 2165 3347 2238 ἀριθμεῖσθαι
3382 2164 3531 2231 ἀξιον
3572 2166 3695 2236 παρ’

2126 2256 2379 2329 ἀνδράσιν
2407 2257 2647 2311 εὐσεϐεῖν
2674 2256 3127 2328 ἐπανελομένοις)ο
3154 2260 3266 2321 τοῖς
3288 2256 3345 2310 δὲ
3366 2256 3577 2320 λοιποῖς
3602 2259 3695 2309 πᾶα

2130 2366 2213 2402 σιν
2236 2349 2580 2420 ἐντυγχάνειν
2614 2351 2708 2404 καὶ
2738 2349 3106 2422 προσομιλεῖν,
3130 2349 3284 2418 γένος
3330 2350 3426 2420 μὲν
3461 2350 3584 2402 οὐδὲ
3626 2350 3694 2411 ἒν,

2126 2440 2246 2493 οὐδὲ
2274 2440 2430 2510 λόγον
2454 2441 2738 2512 φιλόσοφον
2762 2443 3217 2514 προτιμήσαντας,
3253 2440 3373 2493 οὔτε
3407 2438 3477 2495 αὖ
3514 2440 3693 2496 ἀποδο-

2127 2525 2486 2597 κιμάσαντας,
2517 2527 2641 2584 οὔτε
2676 2528 2979 2599 Ἑλληνικὸν
3007 2528 3128 2582 οὔτε
3157 2529 3451 2601 βάρϐαρον,
3485 2530 3694 2586 πάντων

2126 2618 2183 2671 δὲ
2212 2619 2522 2684 ἀκούοντας.
2547 2620 2731 2689 Σοφιῖκ
2759 2620 2914 2675 τοῦτο
2937 2622 3030 2676 καὶ
3062 2621 3201 2693 μάλα
3230 2620 3517 2691 ἐντέχνως
3547 2625 3692 2693 μήπη

2127 2702 2208 2773 εἷς
2244 2727 2328 2773 τις
2369 2711 2464 2764 καὶ
2496 2710 2616 2765 καθ’
2646 2712 2833 2765 ἑαυτὸν
2866 2713 3030 2766 τῶνδέ
3063 2731 3242 2778 τινων,
3278 2713 3312 2784 ἢ
3343 2713 3516 2766 τῶνδε
3548 2714 3695 2781 λόγος

2128 2800 2289 2864 αὐτὸς
2318 2801 2476 2871 μόνος
2510 2802 2795 2867 ἀκουσθείς
2827 2806 2921 2857 καὶ
2953 2804 3221 2876 τιμηθεὶς,
3259 2806 3365 2859 κᾶν
3402 2806 3478 2877 μὴ
3521 2807 3699 2877 ἀληθι-

2128 2890 2215 2954 νὸς
2235 2890 2311 2944 ὢν
2332 2892 2489 2966 τύχῃ,
2519 2893 2595 2956 ὡς
2612 2893 2784 2964 ’μόνος
2807 2893 3011 2965 ἀληθὴς
3041 2894 3136 2959 ὢν,
3158 2895 3336 2957 εἰσδὺς
3374 2897 3458 2959 είς
3487 2897 3585 2967 τὴν
3606 2898 3700 2966 ψυ-

2128 2982 2228 3052 χὴν
2278 2982 2467 3054 ἡμῶν,
2524 2985 2872 3057 ἐξαπατήσῃ,
2934 2988 3026 3040 καὶ
3066 2988 3186 3040 καθ’
3239 2988 3433 3041 ἑαυτὸν
3480 2989 3697 3052 διαθεὶς,

458 3090 610 3130 mum
640 3085 887 3132 nostrum
918 3079 1218 3150 irrepserit,
1248 3079 1500 3149 decipiat,
1524 3081 1734 3152 sibique
1769 3099 1870 3140 nos
1908 3085 2024 3139 vin-

2132 3072 2295 3137 ἰδίους
2338 3075 2485 3146 ἡμᾶς
2520 3078 2829 3147 ποιήσηται,
2894 3077 3070 3131 οὐκέτ’
3119 3078 3423 3149 ἀποστῆναι
3465 3078 3697 3148 δυναμέ-

459 3166 649 3225 dicans
677 3170 758 3225 sic
782 3171 999 3240 alliciat,
1027 3182 1087 3228 ut
1112 3187 1215 3227 nec
1236 3172 1305 3227 ab
1336 3187 1397 3227 ea
1430 3172 1729 3243 discedere,
1754 3194 1854 3234 nec
1879 3178 2024 3233 illam

2132 3180 2269 3229 νους,
2298 3165 2417 3221 οὐδὲ
2447 3166 2879 3231 ἀποπλύνασθαι,
2913 3168 3100 3240 ὥσπερ
3130 3168 3198 3221 τὰ
3222 3168 3539 3223 δευσοποιόν
3584 3188 3697 3223 τινα

458 3262 615 3331 quasi
649 3262 830 3319 lanam
858 3266 1039 3321 colore
1066 3265 1322 3336 quopiam
1353 3265 1606 3323 infectam
1636 3269 1817 3326 eluere
1847 3272 2026 3341 possi-

458 3370 603 3411 mus.
634 3353 940 3413 Vehemens
971 3359 1115 3414 enim
1147 3367 1202 3414 et
1234 3359 1488 3417 volubilis
1525 3362 1771 3431 quaedam
1812 3378 1900 3419 res
1946 3374 2029 3421 est

457 3446 740 3501 hominum
790 3449 987 3516 oratio,
1026 3452 1174 3506 varia
1218 3451 1643 3519 sophismatibus
1673 3462 1835 3524 atque
1870 3454 2027 3511 falla-

458 3538 580 3603 ciis,
620 3547 683 3593 ut
714 3554 840 3594 cum
886 3556 1046 3601 aures
1085 3544 1332 3613 subierit,
1379 3547 1547 3602 menti
1595 3548 1705 3602 cito
1739 3564 1862 3618 quae
1897 3549 2029 3605 velit

459 3626 673 3696 ingerat
704 3638 867 3698 atque
913 3629 1214 3701 insculpat;
1258 3642 1315 3689 et
1354 3650 1494 3706 quos
1525 3637 1689 3691 semel
1724 3638 2024 3707 occuparit,

458 3716 549 3771 bis
578 3724 641 3770 ut
677 3718 849 3786 ipsam
894 3732 993 3787 pro
1024 3735 1151 3775 vera
1191 3722 1393 3787 colant,
1430 3725 1656 3779 omnino
1685 3725 2025 3794 persuadeat.

459 3808 649 3880 Itaque
677 3811 844 3865 haeret
880 3811 1047 3876 intus,
1088 3814 1336 3882 quamvis
1365 3813 1500 3871 falsa
1530 3814 1835 3886 fallaxque,
1866 3826 1920 3872 et
1945 3817 2029 3872 in-

460 3911 577 3956 star
608 3903 1020 3974 prtestigiatoris
1053 3904 1305 3976 alicujus,
1334 3921 1560 3977 regnum
1592 3908 1819 3974 obtinet,
1854 3909 2028 3978 ipsius

460 4010 621 4063 quem
650 3994 922 4065 deceperit
940 3997 1161 4053 defensa
1186 4009 1533 4070 prolectaque
1552 4001 1824 4071 pmsidio.
1848 4001 2029 4059 Prona

458 4101 650 4141 rursus
666 4087 732 4141 ad
748 4088 1012 4144 orationis
1034 4088 1275 4145 fraudem
1290 4091 1671 4161 recipiendam,
1685 4108 2031 4166 praecepsque

459 4177 528 4230 ad
568 4193 855 4235 assensum
895 4180 1132 4236 humana
1154 4197 1309 4238 mens
1327 4192 1380 4238 et
1398 4192 1681 4255 prompta;
1709 4186 2027 4258 priusquam

459 4270 723 4339 dijudicet
747 4288 1047 4344 omnesque
1088 4275 1142 4329 in
1172 4284 1352 4345 partes
1385 4278 1655 4347 exploret,
1683 4281 1769 4334 vel
1808 4291 2029 4351 propter

458 4359 838 4419 hebetudinem
864 4365 1397 4440 imbecillitatemque
1428 4385 1605 4437 suam,
1631 4372 1714 4426 vel
1740 4372 1811 4426 ob
1832 4375 2029 4429 oratio.

2126 3254 2302 3327 βαφὴν
2328 3255 2564 3326 βαφέντα
2592 3256 2699 3310 τῶν
2736 3259 2917 3330 ἐρίων.
2950 3260 3130 3313 Δεινόν
3162 3276 3221 3313 τε
3248 3260 3359 3333 γὰρ
3395 3262 3587 3333 χρῆμα
3613 3264 3698 3315 καὶ

2125 3346 2421 3420 εὔστροφον
2453 3348 2608 3418 λόγος
2639 3351 2668 3403 ὀ
2702 3350 3026 3423 ἀνθρώπων,
3077 3353 3319 3417 ποικίλος
3359 3371 3426 3408 τε
3461 3358 3580 3418 τοῖς
3618 3372 3700 3408 σο-

2126 3438 2377 3509 φίσμασι,
2414 3440 2509 3493 καὶ
2534 3440 2659 3507 ὀξὺς
2685 3442 2993 3514 είσδραμὼν
3030 3446 3110 3507 είς
3153 3443 3488 3509 τὰς-ἀκοὰς,
3524 3446 3699 3498 τυπῶ-

2128 3530 2216 3584 σαί
2246 3548 2306 3584 τε
2354 3531 2445 3585 τὸν
2484 3532 2606 3587 νοῦν
2636 3535 2729 3588 καὶ
2765 3533 3060 3605 προθέσθαι
3106 3534 3213 3606 (15)
3258 3536 3354 3589 καὶ
3400 3536 3700 3599 ἀναπείσας

2124 3624 2250 3688 τοὺς
2292 3623 2440 3690 ἀπαξ
2475 3626 2873 3697 ἀρπασθὲντας,
2902 3626 2978 3691 ὡς
3004 3626 3209 3699 ἀληθὴς
3236 3629 3577 3696 ἀγαπᾶσθαι·
3609 3629 3697 3682 καὶ

2128 3715 2309 3787 μένειν
2327 3716 2474 3770 ἔνδον
2499 3716 2601 3771 κᾶν
2626 3718 2826 3790 ψευδὴς
2852 3720 2945 3773 καὶ
2977 3719 3250 3790 ἀπατηλὸς
3293 3716 3351 3791 ᾖ,
3392 3720 3588 3792 ὥσπερ
3620 3737 3699 3783 τις

2125 3808 2259 3880 γόης
2295 3809 2533 3882 κρατῶν,
2567 3810 2883 3883 ὑπερμαχον
2915 3810 3051 3882 ἔχων
3077 3812 3237 3865 αὑτὸν
3280 3812 3371 3865 τὸν
3414 3813 3701 3883 ἠπατημέ-

2125 3918 2234 3954 νον.
2267 3901 2681 3973 Εὐεξαπάτητόν
2721 3919 2780 3955 τε
2818 3902 2979 3956 πάλιν
3015 3902 3118 3956 ὑπὸ
3144 3902 3304 3971 λόγου
3343 3903 3442 3957 καὶ
3479 3902 3699 3956 εὔκολον

2127 3992 2265 4063 πρὸς
2292 3992 2685 4062 συγκατάθεσιν
2718 3993 2864 4065 ψυχὴ
2893 3992 3180 4065 ἀνθρώπου
3215 3994 3408 4065 ἑτοίμη
3446 4012 3529 4059 τε,
3571 3997 3698 4066 πρὶν

2124 4084 2373 4157 διακρίνῃ
2406 4083 2499 4140 καὶ
2529 4083 2756 4155 ἐξετάσῃ
2802 4084 2980 4139 πάντα
3009 4084 3226 4155 τρόπον,
3262 4085 3369 4138 ὑπὸ
3415 4086 3701 4156 ἀμϐλύτη-

2124 4193 2218 4239 τος
2260 4176 2353 4229 καὶ
2390 4174 2670 4238 ἀσθενείας
2709 4175 2810 4245 τῆς
2846 4175 3000 4239 ἰδίας,
3030 4175 3064 4246 ἢ
3103 4175 3205 4231 ὑπὸ
3244 4176 3577 4247 λεπτότητος
3600 4177 3698 4245 τῆς

2124 4265 2219 4320 τοῦ
2243 4266 2420 4335 λόγου,
2443 4266 2579 4337 πρὸς
2609 4265 2708 4337 τὴν
2735 4264 3013 4336 ἀκρίϐειαν
3035 4266 3133 4335 τῆς
3157 4265 3458 4330 ἐξετάσεως
3492 4267 3701 4320 ἀποκα-

2133 4357 2335 4429 μοῦσαν
2379 4356 2575 4428 ἑαυτὴν
2620 4356 3128 4429 ἀπραγμονέστερον
3180 4357 3528 4427 παραδιδόναι
3569 4359 3698 4411 πολ-

457 4451 545 4507 nis
578 4450 751 4521 ipsius
799 4454 1173 4524 subtilitatem,
1209 4459 1277 4515 ad
1325 4467 1576 4515 exactum
1619 4476 1846 4516 examen
1886 4462 2015 4517 deti-

2132 4450 2275 4512 ιάκις
2290 4446 2508 4517 ψευδέσι
2536 4446 2711 4515 λόγοις
2734 4447 2828 4500 καὶ
2853 4446 3103 4520 δόγμασι,
3133 4447 3573 4519 πεπλανημένοις
3601 4450 3698 4520 μὲν

457 4609 728 4689 risiensis,
753 4610 1254 4689 ὲξομοιωθέντα.-
1290 4616 1694 4689 Ἐξομοιὼθητι,
1720 4618 1878 4674 lectio
1912 4637 2019 4676 non

456 4681 752 4759 mutanda.
772 4681 1038 4759 Amarunt
1066 4697 1275 4759 veteres
1308 4681 1520 4759 decreta
1547 4681 1892 4759 ac'przecepta
1923 4708 2022 4747 sua

457 4750 752 4828 imperandi
801 4754 967 4828 modo
1011 4757 1355 4828 exprimere:
1414 4750 1654 4828 Tempor't
1704 4750 1897 4828 parce,
1953 4762 2023 4816 Te

458 4823 878 4898 nascetdbstine
903 4834 951 4898 et
982 4827 1423 4898 ςοιιιίηςηἝπου
1627 4823 1716 4883 Sic
1746 4831 1799 4883 in
1829 4823 2019 4897 sacris,

456 4890 831 4969 καταλλάγητε
859 4893 1108 4969 τεῖρ’-Θεῷ,
1130 4896 1178 4969 _ll
1202 4897 1326 4951 (lor.
1356 4914 1407 4961 ν,
1438 4890 1685 4969 20,'qua:
1714 4900 1829 4969 ipsa
1865 4890 2023 4955 lectio

456 4970 648 5039 contra
683 4964 892 5039 aliquot
910 4964 1086 5039 libros
1127 4967 1200 5020 ita
1231 4964 1611 5039 conﬁrmatur}
1648 4964 1837 5039 Itaque
1870 4972 2023 5027 locus

457 5029 666 5100 integer
703 5029 790 5087 sic
830 5034 1169 5091 reddendus:
1222 5035 1409 5091 Finem
1458 5055 1586 5092 sane
1635 5029 1868 5093 omn-ium
1921 5057 2024 5095 non

455 5099 623 5175 alium
651 5117 763 5155 esse
786 5104 1007 5175 decrevi,
1046 5115 1202 5175 atque
1223 5106 1358 5159 illud
1381 5122 1399 5160 .'
1427 5106 1575 5162 Pura
1600 5120 1766 5164 mente
1784 5112 2025 5166 assimila

458 5179 507 5222 te
535 5170 663 5234 Dea,
688 5182 745 5225 ut
774 5174 842 5225 ad
878 5189 995 5227 eum
1020 5170 1237 5230 accedas
1266 5187 1314 5230 et
1349 5178 1399 5230 in
1428 5194 1485 5230 eo
1534 5195 1765 5235 maneas.
1788 5180 2024 5237 Proinde

454 5240 533 5309 τῷ
574 5240 690 5320 Θεᾷ)
726 5246 1071 5320 construitur
1116 5256 1169 5320 et
1217 5263 1341 5302 cum
1395 5246 1744 5320 ἐξομοιώθητι
1787 5260 1841 5304 et
1898 5268 2022 5307 cum

458 5311 798 5389 προσελθεῖν.
833 5311 973 5389 S_unt
1014 5315 1262 5389 homines
1280 5355 1310 5389 _,_
1348 5311 1637 5388 caeteroqtti
1675 5311 2021 5389 excellentes,

456 5380 562 5456 qui
602 5397 769 5436 unum
823 5383 1117 5456 aliquando
1170 5386 1409 5440 libellum
1458 5380 1694 5442 naturali
1740 5380 2019 5456 refertum,

455 5449 641 5524 divino
662 5468 892 5508 vacuum
918 5449 1051 5517 sale,
1071 5462 1353 5524 tantopere
1377 5456 1733 5523 admirentur,
1758 5471 1816 5515 ut
1839 5449 2023 5516 multis

456 5516 681 5576 Patrum
734 5516 1106 5595 voluminibus
1166 5516 1517 5595 anteponant.
1569 5526 1680 5584 Hac
1721 5516 1923 5586 trutina
1975 5532 2023 5586 si

459 5604 706 5665 agamus,
734 5593 827 5647 uni
858 5594 1099 5649 vicissim
1132 5593 1401 5664 perioCha:
1429 5595 1672 5665 Patrum,
1710 5601 1870 5655 etiam
1896 5616 2019 5655 cum

463 5659 609 5713 aliud
640 5671 824 5736 agant,
858 5672 1000 5736 saepe
1033 5659 1154 5734 plus
1180 5665 1503 5729 tribuamus,
1526 5659 1688 5736 quam
1716 5670 2023 5736 ingentibus

464 5687 609 5713 iluuu
640 5687 821 5731 agant,
858 5687 1000 5731 sape
1033 5687 1154 5734 plus
1180 5687 1503 5729 trluuamus,
1526 5687 1688 5736 quam
1716 5687 1767 5723 tu
1808 5687 2022 5724 enunus

464 5743 717 5801 quamvrs
744 5733 1022 5790 subtilium
1055 5736 1391 5812 ingeniorum
1430 5738 1705 5808 operibus.
1739 5687 1851 5796 "300
1879 5748 2022 5798 certe

2124 4625 2245 4679 loco
2268 4621 2560 4694 Gregorius
2584 4620 3261 4694 eaquisite‘complectitur
3318 4623 3588 4694 quidquid
3621 4625 3691 4679 de

2124 4693 2416 4749 virtutibus
2451 4701 2505 4746 et
2547 4692 2735 4746 olliciis
2773 4692 2877 4745 dici
2910 4692 3105 4761 potest.
3134 4692 3370 4746 Beneu.

2197 4764 2275 4833 (9)
2310 4761 2513 4833 Μηᾷεν
2542 4762 3027 4833 ἐκποιουμένους.
3058 4761 3207 4815 Nihil
3232 4763 3468 4817 alienum
3490 4782 3524 4816 a
3544 4764 3697 4817 nobis

2123 4831 2386 4888 ducentes.
2424 4831 2538 4886 Vox
2564 4832 2737 4900 ejure
2766 4833 2947 4900 petita.
2970 4832 3199 4889 (Σιελυιι.

2198 4903 2309 4975 (10)
2352 4901 2733 4975 Ἐδυζάμεθᾳ.
2763 4901 2921 4957 Deest
2953 4904 3068 4958 [nec
3114 4919 3216 4958 vox
3258 4903 3313 4957 in
3349 4904 3516 4961 editis
3561 4904 3696 4961 Ha:-

2123 4971 2402 5030 sclieliano
2428 4982 2481 5026 et
2508 4971 2855 5041 Bengeliano.

2195 5044 2315 5113 (11),
2355 5041 2543 5113 Ὁμοῦ.
2576 5040 2773 5113 Petest_
2782 5041 2980 5111 exponi
3011 5043 3423 5113 propemodum:
3452 5046 3548 5102 sed
3573 5062 3697 5104 ma-

2120 5110 2239 5182 jore
2272 5110 2321 5165 Vi
2336 5112 2527 5182 ~simul,
2540 5113 2718 5181 juxta.
2746 5110 2974 5169 Benest.

2196 5183 2307 5252 (12)
2336 5176 2442 5247 Ἦς
2469 5176 2709 5253 olorem.
2742 5182 2817 5236 lta
2850 5182 3361 5253 Hmscheliusquem
3383 5197 3694 5242 assectator

2123 5253 2503 5323 Bengelius.—
2522 5251 2664 5326 Nam
2692 5269 2753 5307 ne
2774 5269 2859 5307 eos
2881 5254 3091 5326 quidem
3116 5251 3431 5325 qui—templa
3450 5259 3692 5326 pietatis,

2122 5340 2280 5397 quam
2319 5331 2534 5397 putarit.
2563 5323 2777 5397 adeunt,
2825 5324 3034 5397 ontnt'no
3063 5323 3348 5397 quidquam
3401 5323 3693 5397 profanum

2124 5387 2398 5465 attingere.
2418 5387 2639 5465 ᾝςᾼριο
2660 5394 2747 5465 ἦν,
2771 5395 2847 5448 uti
2871 5410 2986 5464 seq.
3011 5387 3131 5465 cap.
3165 5396 3231 5450 14
3250 5387 3690 5463 circa'me'dium,

2124 5410 2259 5446 num
2296 5410 2398 5446 ere.
2427 5410 2526 5456 ‘n;
2542 5410 2639 5461 pro
2660 5410 2747 5458 τν,
2771 5410 2847 5448 utt
2871 5410 2915 5449 St

2122 5456 2197 5515 ὦν
2225 5410 2391 5515 aiat-ruat
2419 5462 2651 5532 ἀληθῶν.
2686 5432 2915 5519 138N681...

2196 5533 2307 5607 (15)
2337 5533 2693 5607 ῃροθέσθιιι.
2733 5533 2974 5607 Subaudi
3004 5534 3249 5607 γνώμην,
3291 5547 3388 5607 aut
3414 5537 3690 5606 ejusmodi

2126 5604 2292 5656 aliud.
2333 5602 2592 5672 Suspecta
2638 5606 2797 5659 lectio
2823 5602 3148 5660 Casaubono
3187 5602 3251 5661 et
3301 5602 3690 5671 Rhodomano,

2125 5688 2354 5749 quorum
2389 5673 2475 5727 hic
2489 5674 2737 5749 _conjecit
2770 5675 3119 5746 προσθέσθαι.
3148 5676 3359 5749 Mallem
3399 5678 3686 5749 προέσθαι.

2125 5742 2371 5811 prodere;
2414 5744 2504 5799 sed
2541 5742 2647 5799 non
2674 5742 2827 5814 opus
2842 5754 2926 5802 est
2956 5757 3184 5802 mutare.
3220 5746 3294 5803 lo.
