3876 6520
487 318 619 378 £09!

1596 320 1658 375 'S.
1696 317 2021 376 GREGORII
2059 315 2560 373 THAUMATURGI

3577 323 3720 381 ιθεκ

427 469 432 472 -
483 438 600 503 dit,
651 438 910 508 impetum
954 447 1116 508 atque
1153 437 1418 492 delectum
1454 455 1472 492 ι
1521 449 1576 494 et
1623 454 1688 493 ne
1731 436 2042 493 incredibile

2149 433 2357 502 ἀληθῶν
2407 433 2523 505 (μὴ
2551 431 2851 504 παράδοξον
2888 433 3060 486 είπεῖν
3087 427 3162 507 ᾖ)
3197 434 3294 487 οὐκ
3331 434 3492 504 ἄλλην
3536 435 3571 507 ἢ
3621 441 3722 507 τὴν

483 529 629 599 quod
662 527 784 582 dico
817 530 1082 593 videatur,
1128 529 1329 582 nullam
1376 530 1559 593 aliam,
1609 539 1801 599 pra-ter
1845 545 2041 585 czecam

479 620 669 692 iudicii
735 632 1006 690 expertem
1087 621 1410 689 fortunam;
1483 622 1592 676 haec
1670 623 2044 692 unusquisque

484 727 674 766 amans
697 752 713 778 ,
763 713 816 765 in
850 727 970 782 quae
1003 711 1235 782 primum
1268 713 1534 767 inciderit.
1574 712 1621 765 A
1679 715 1878 783 quibus
1907 730 2034 783 quo-

486 804 781 860 dammodo
807 805 1067 870 irretitus,
1093 804 1211 858 aliis
1239 806 1402 858 rebus
1427 803 1558 858 dare
1585 819 1803 874 operam
1835 807 2041 875 nequit,

484 903 528 957 si
563 903 690 972 quid
717 901 854 955 forte
881 901 1078 955 habeat
1108 901 1251 970 quod
1280 917 1338 956 se
1361 901 1590 972 singulis
1616 902 1779 956 rebus
1808 918 1930 957 cum
1962 919 2046 958 ve-

482 994 665 1048 ritatis
694 995 1157 1048 demonstratione
1177 993 1428 1058 disserat,
1451 1007 1503 1049 et
1525 1010 1633 1064 quo
1662 994 1825 1049 falsas
1854 994 2043 1049 adver-

487 1087 756 1139 sariorum
792 1086 1030 1140 rationes
1073 1100 1195 1140 esse
1241 1085 1470 1139 doceat:
1503 1085 1700 1155 quippe
1748 1088 1838 1156 qui
1879 1088 2041 1142 etiam

485 1177 604 1231 sine
630 1177 945 1246 probatione
974 1191 1031 1231 se
1063 1177 1236 1245 ipsum
1269 1186 1472 1231 temere
1495 1217 1508 1238 ,
1559 1187 1814 1246 tanquam
1864 1179 2041 1249 inopi-

486 1275 673 1320 natum
707 1277 868 1336 atque
913 1267 1339 1335 inexspectatum
1374 1267 1642 1337 quoddam
1679 1268 1886 1322 lucrum
1918 1284 2032 1337 spe-

484 1373 636 1424 rans,
672 1359 979 1426 amicipatis
1004 1357 1305 1413 rationibus
1334 1358 1554 1412 addixit.
1597 1357 1762 1413 Porro
1793 1359 1892 1423 lite,
1918 1375 2042 1414 cum

485 1451 540 1505 in
566 1452 776 1506 caeteris
808 1452 971 1506 rebus
999 1461 1296 1507 sectatores
1325 1450 1553 1518 fallunt,
1589 1461 1702 1508 tum
1733 1469 1863 1509 vero
1895 1456 1948 1510 in
1985 1471 2044 1511 re

484 1542 727 1596 omnium
767 1544 1004 1598 maxima
1053 1559 1117 1598 ac
1149 1548 1454 1602 necessaria
1475 1585 1489 1608 ,
1521 1547 1574 1600 in
1602 1545 1695 1600 Dei
1737 1548 2043 1616 cognitione

483 1638 645 1700 atque
674 1632 887 1701 pietate.
931 1633 994 1689 Et
1023 1645 1242 1689 manent
1287 1635 1641 1691 nihilominus
1669 1636 1748 1691 sic
1773 1635 1882 1691 illis
1904 1637 2043 1692 irre-

483 1725 587 1790 titi,
617 1733 675 1779 ut
705 1739 796 1780 eos
813 1727 924 1794 jam
952 1742 1109 1780 nemo
1132 1727 1288 1782 facile
1310 1729 1518 1798 eripere
1543 1730 1748 1797 possit;
1783 1740 2039 1800 tanquam

2147 527 2368 598 ἄκριτον
2394 525 2562 596 τύχην
2583 541 2596 556 °
2646 525 2796 579 ταῦθ’
2826 527 3053 588 ἕκαστος
3079 527 3266 595 φιλῶν,
3292 523 3372 592 οἷς
3415 529 3722 602 προσέτυχε

2147 620 2208 672 τὸ
2255 618 2489 690 πρῶτον,
2520 620 2607 687 ὑφ’
2638 612 2711 672 ὧν
2759 620 2919 672 οίονεὶ
2966 619 3263 690 δεδεμένος,
3295 622 3467 675 οὐκέθ’
3493 617 3618 687 οἷός
3664 642 3721 678 τε

2149 711 2430 780 προσέχειν
2459 710 2684 781 ἑτέροις,
2712 711 2759 763 εί
2787 710 2886 780 μέν
2915 727 2967 763 τι
2994 711 3085 764 καὶ
3115 709 3290 778 λέγειν
3318 712 3427 782 ἔχοι
3453 714 3554 766 σὺν
3587 713 3724 766 ἀπο-

2147 801 2305 867 δείξει
2331 799 2583 870 ἀληθείας
2617 800 2722 852 τῶν
2742 799 2906 853 αὐτοῦ
2940 802 3067 872 περὶ
3095 803 3328 867 πάντων,
3363 803 3453 856 καὶ
3484 803 3570 866 ὡς
3591 803 3724 872 ψευ-

2147 891 2212 961 δῆ
2250 893 2333 962 εἴη
2371 891 2439 945 τά
2464 891 2570 944 τῶν
2596 891 2870 956 ἐναντίων,
2898 891 3289 964 βεϐοηθημένος
3321 895 3409 947 καὶ
3439 894 3517 964 τῷ
3552 895 3722 965 λόγῳ·

2147 982 2268 1034 ἐπεὶ
2300 982 2392 1034 καί
2423 980 2739 1052 ἀϐοήθητος,
2766 983 2956 1035 ἐαυτὸν
2984 983 3343 1054 χαρισάμενος
3367 985 3459 1038 καὶ
3493 985 3728 1055 ἐκδεχόαο

2151 1089 2310 1143 μενος
2342 1070 2450 1141 (19)
2479 1072 2600 1142 εἰκῆ
2627 1071 2814 1143 ὥσπερ
2845 1072 3091 1144 ἕρμαιον,
3127 1077 3238 1136 τοῖς
3277 1075 3725 1144 προκαταλαϐοῦ-

2150 1180 2232 1216 σιν
2264 1163 2423 1216 αὐτὸν
2451 1163 2645 1232 λόγοις.
2682 1166 2744 1217 Οἳ
2772 1164 2816 1217 δ’
2851 1164 2958 1235 (ἓο)
2989 1164 3045 1217 ἐν
3077 1181 3135 1218 τε
3177 1168 3289 1229 τοῖς
3325 1167 3496 1230 ἄλλοις
3544 1168 3723 1237 Eae-q-

2148 1253 2244 1308 λαν
2284 1256 2408 1319 τοὺς
2449 1256 2688 1326 ἔχοντας,
2723 1258 2815 1310 καὶ
2862 1257 2924 1328 δὴ
2956 1258 3048 1310 καὶ
3081 1257 3173 1310 τοῦ
3210 1257 3418 1310 πάντων
3453 1260 3719 1329 μεγίστου

2149 1346 2241 1398 καὶ
2268 1347 2711 1414 ἀναγκαιοτάτου,
2744 1348 2842 1417 τῆς
2885 1349 3010 1418 περὶ
3039 1348 3100 1400 τὺ
3129 1348 3281 1400 Θεῖον
3319 1347 3581 1416 γνώσεως
3631 1353 3720 1403 καὶ

2147 1436 2441 1500 εὐσεϐείας.
2492 1438 2601 1490 Καὶ
2648 1438 2894 1508 μένουσιν
2941 1440 3088 1511 ὅμως
3123 1442 3181 1492 ἐν
3229 1441 3404 1504 αὐτοῖς
3437 1441 3719 1510 δεδεμένοι

2147 1529 2344 1601 τρόπον
2392 1528 2532 1593 τινὰ,
2572 1530 2666 1582 καὶ
2713 1531 2891 1584 οὐκέτ’
2924 1532 2989 1586 ἂν
3039 1533 3236 1596 αὐτοὺς
3273 1533 3444 1596 οὐδεὶς
3488 1535 3719 1602 ῥύσαιτο

2151 1623 2366 1694 ῥᾳδίως,
2391 1624 2578 1694 ῶσπερ
2606 1623 2670 1676 ἐκ
2693 1625 2950 1692 τενάγους
2975 1626 3030 1677 ἐν
3058 1625 3223 1695 πεδίῳ
3251 1625 3575 1697 πλατυτάτῳ
3601 1628 3717 1681 δυσ-

2147 1712 2398 1782 διαὸάτῳ,
2432 1713 2614 1767 οὐκέτι
2650 1714 2844 1778 ἐῶντος
2871 1713 2996 1778 τοὺς
3027 1716 3360 1785 ἐμπεσόντας
3391 1716 3560 1778 ἅπαξ,
3596 1717 3714 1770 οὗτε

484 1833 549 1870 ex
584 1819 811 1886 palustri
837 1830 888 1872 et
919 1818 1179 1873 invadoso
1197 1819 1554 1888 patentissimi
1578 1821 1754 1890 campi
1784 1821 1924 1885 lacu,
1947 1822 2040 1890 qui

2149 1803 2694 1878 παλινδρομήσαντας,
2729 1805 2850 1860 οὔτε
2885 1807 2977 1860 καὶ
3004 1808 3478 1878 περαιωσαμένους
3510 1809 3713 1862 διασώ-

488 1912 654 1966 semel
686 1912 982 1983 ingressos,
1014 1929 1114 1968 nec
1147 1913 1371 1984 gradum
1400 1929 1676 1977 revocare,
1702 1930 1799 1999 nec
1827 1914 2043 1983 trajice-

483 2023 543 2061 re
571 2017 623 2061 et
652 2007 880 2062 evadere
923 2009 1089 2074 sinit,
1135 2009 1229 2063 sed
1259 2009 1323 2063 ad
1350 2018 1578 2062 mortem
1605 2023 1777 2078 usque
1807 2009 1884 2063 sic
1908 2024 2031 2063 con-

487 2099 706 2154 strictos
738 2108 914 2165 tenet;
970 2107 1061 2153 aut
1098 2107 1355 2169 tanquam
1385 2114 1450 2153 ex
1477 2101 1581 2154 alta
1603 2141 1618 2165 ,
1673 2099 1949 2168 densaque
1981 2115 2045 2154 ac

484 2190 749 2260 profunda
785 2191 955 2252 silva;
1008 2191 1062 2244 in
1108 2207 1273 2261 quam
1321 2191 1491 2246 viator
1535 2192 1688 2261 quis,
1733 2192 1888 2262 quasi
1921 2191 2045 2246 inde

482 2297 674 2336 rursus
716 2282 962 2337 exiturus
1006 2292 1059 2337 et
1095 2298 1232 2353 puro
1262 2298 1321 2338 se
1362 2299 1555 2353 campo
1583 2283 1926 2347 redditurus,
1963 2284 2043 2336 in-

437 2382 461 2426 -’.
481 2386 701 2444 gressus
727 2381 840 2440 est;
877 2374 1336 2445 praelongitudiue
1359 2383 1537 2429 autem
1561 2390 1624 2429 ac
1643 2375 1907 2429 densitate
1934 2389 2042 2429 non

480 2475 660 2535 potest
699 2485 711 2520 :
755 2481 943 2522 omnes
986 2467 1133 2521 enim
1175 2466 1228 2520 in
1271 2476 1452 2536 partes
1485 2483 1542 2522 se
1583 2467 1758 2536 ipsum
1797 2483 2042 2532 versans,

481 2557 706 2627 viasque
737 2558 884 2613 intus
907 2558 1193 2613 continuas
1215 2557 1512 2621 olfeudens,
1534 2559 1634 2614 has
1653 2559 1900 2628 illasque,
1927 2569 2045 2614 tan-

482 2662 645 2716 quam
687 2646 888 2700 exitum
913 2663 1007 2716 per
1039 2647 1274 2717 aliquam
1321 2663 1506 2702 earum
1541 2656 1877 2718 reperturus,
1920 2662 2042 2718 per-

485 2739 754 2806 ambulat;
801 2740 903 2794 illze
932 2755 1060 2795 vero
1090 2741 1155 2794 ad
1182 2739 1370 2794 intima
1393 2740 1770 2794 tantummodo
1798 2741 2002 2795 ducunt
2026 2757 2041 2802 ;

485 2844 756 2898 nusquam
802 2837 952 2884 extra
1000 2829 1199 2894 ferunt,
1235 2837 1295 2883 ut
1331 2845 1451 2900 quae
1493 2831 1666 2901 ipsius
1695 2832 1842 2886 silva:
1865 2831 2042 2886 solum

483 2919 586 2970 vim
618 2917 728 2972 sint
757 2936 770 2971 :
805 2933 975 2988 quare
1011 2918 1188 2974 fessus
1233 2919 1450 2974 tandem
1488 2935 1552 2975 ac
1603 2920 1897 2990 desperans
1933 2920 2044 2974 via-

483 3017 591 3074 tor,
627 3008 787 3080 quasi
833 3009 967 3064 silva
1015 3019 1197 3065 essent
1236 3011 1439 3076 omnia,
1486 3021 1538 3065 et
1568 3011 1776 3066 nullum
1803 3011 1855 3065 in
1887 3011 2043 3066 terris

483 3101 816 3157 domicilium
831 3111 1155 3172 superesset,
1176 3103 1247 3157 ibi
1265 3119 1479 3158 manere
1493 3119 1556 3158 ac
1570 3103 1900 3158 domicilium
1927 3105 2041 3158 col-

482 3193 661 3248 locare
688 3195 892 3259 statuit,
926 3196 1269 3266 spatiumque
1303 3197 1435 3267 agri,
1469 3207 1726 3265 quantum
1759 3205 1951 3266 potest,
1988 3198 2040 3250 in

484 3286 620 3340 silva
662 3303 948 3356 occupare.
989 3288 1097 3342 Aut
1147 3297 1402 3358 tanquam
1432 3273 1664 3359 denique
1702 3303 1767 3342 ex
1808 3289 2045 3358 labyrin~

485 3379 610 3442 the,
648 3380 713 3433 ad
741 3395 900 3449 quem
941 3395 1063 3434 cum
1110 3380 1303 3435 unicus
1345 3393 1601 3451 appareat
1651 3383 1862 3450 aditus,
1909 3382 2043 3436 nihil

485 3471 797 3536 subdolum,
829 3484 894 3525 ex
923 3471 991 3525 iis
1017 3487 1137 3540 quae
1160 3480 1285 3526 sunt
1306 3483 1477 3539 extra,
1502 3473 1645 3528 intus
1673 3474 1839 3528 latere
1867 3473 2046 3544 suspi-

493 3578 625 3616 cans
648 3562 940 3631 quispiam,
976 3577 1078 3632 qua
1106 3562 1456 3632 patetjanua,
1490 3564 1821 3630 ingreditur;
1853 3565 2044 3620 deinde

488 3653 557 3706 ad
589 3653 779 3707 intima
806 3668 980 3721 usque
1003 3668 1344 3724 pregressus,
1384 3663 1665 3724 postquam
1695 3657 2043 3713 artificiosum

487 3743 770 3812 solersque
795 3742 1089 3812 opilicium,
1119 3760 1528 3814 quaquaversus
1559 3747 1822 3815 pervium,
1843 3764 1904 3803 ac
1925 3766 2046 3819 per-

485 3833 662 3904 petuis
694 3832 1027 3903 ingressibus
1058 3842 1110 3887 et
1134 3835 1440 3904 egressibus
1470 3835 1729 3890 intextum
1752 3846 1913 3906 atque
1933 3838 2048 3892 ela-

488 3928 738 3980 boratum
773 3926 1170 3996 contemplatus
1199 3935 1301 3992 est,
1335 3928 1515 3997 egredi
1544 3929 1788 3998 cupiens.
1823 3929 2046 3984 minime

487 4025 699 4088 potest,
738 4027 1013 4072 structura
1043 4017 1129 4072 illa
1163 4034 1324 4089 quam
1369 4019 1718 4074 artificiosam
1748 4020 2044 4090 judicabat,

489 4115 842 4182 interceptus.
902 4110 1093 4166 Nullus
1142 4127 1304 4182 porro
1351 4121 1434 4167 est
1479 4129 1654 4184 neque
1708 4114 2046 4187 labyrinthus

487 4205 622 4258 adeo
647 4205 710 4257 ad
737 4205 1116 4274 explicandum
1137 4203 1368 4259 dillicilis
1390 4207 1670 4270 etvarius;
1698 4221 1873 4276 neque
1889 4207 2044 4275 silva,

489 4296 737 4365 quamvis
766 4295 929 4348 densa
963 4303 1016 4348 et
1043 4296 1225 4362 varia;
1270 4311 1444 4364 neque
1484 4311 1709 4367 campus
1749 4307 1842 4352 aut
1870 4299 2044 4368 palus,

489 4403 611 4458 quae
641 4387 860 4455 illapsos
890 4395 1052 4455 atque
1077 4386 1348 4456 ingressos
1379 4386 1460 4441 sic
1487 4387 1734 4452 retineat,
1770 4398 1828 4442 ut
1849 4392 2043 4455 oratio,

2143 1895 2349 1961 ζεσθαι,
2384 1900 2440 1950 ἐν
2473 1897 2620 1968 αὐτῷ
2663 1898 2720 1951 δὲ
2771 1900 2963 1963 αὐτοὺς
3001 1901 3319 1970 κατέχοντος
3345 1901 3505 1973 μέχρι
3535 1904 3714 1956 τελευ-

2143 1991 2268 2057 τῆς·
2298 1990 2330 2061 ἢ
2365 1989 2550 2062 ὥσπερ
2586 1991 2644 2056 ἐξ
2668 1990 2798 2060 ὕλης
2834 1990 3049 2061 βαθείας
3083 1994 3175 2044 καὶ
3203 1993 3421 2055 δασείας
3449 1994 3542 2045 καὶ
3578 1994 3711 2064 ὑψη-

2142 2081 2259 2151 λῆς,
2287 2083 2366 2144 είς
2398 2083 2464 2152 ῆν
2517 2082 2729 2154 εἰσῆλθε
2761 2083 2859 2154 μέν
2903 2092 2988 2146 τις
3032 2081 3329 2154 ὁδοιπόρος,
3379 2083 3457 2146 ὡς
3505 2084 3571 2155 δὴ
3615 2085 3702 2136 καὶ

2144 2174 2457 2246 ὲ-ξορμήσων
2486 2177 2634 2240 ἴσως,
2670 2177 2764 2228 καὶ
2795 2176 2853 2228 ἐν
2897 2176 3119 2249 καθαρῷ
3149 2175 3305 2229 πάλιν
3338 2175 3504 2228 αὑτὸν
3537 2187 3704 2224 κατα-

2145 2270 2354 2338 στήσων
2379 2268 2456 2339 τῷ
2485 2270 2636 2340 ἕρκει
2665 2268 2797 2340 (21),
2833 2268 2938 2322 ὑπὸ
2967 2269 3022 2321 δέ
3055 2270 3258 2338 μήκους
3289 2269 3385 2320 καὶ
3415 2267 3712 2336 δασύτητος

2142 2362 2240 2431 οὐχ
2270 2355 2383 2424 οἷός
2408 2379 2466 2414 τε
2495 2361 2698 2429 γίνεται
2717 2377 2730 2390 °
2760 2359 3049 2430 πάμπολλα
3075 2361 3437 2430 στρεφόμενος
3463 2363 3522 2412 ὲν
3544 2361 3709 2431 αὐτῷ,

2142 2453 2292 2517 ὁδούς
2317 2455 2376 2506 τέ
2407 2471 2557 2516 τινας
2582 2453 2726 2506 ἔνδον
2755 2453 3020 2524 εὑρίσκων
3053 2457 3310 2523 συνεχεῖς,
3336 2454 3558 2508 ποικίλα
3575 2454 3709 2506 6&1:-

2145 2548 2320 2616 πορεῖ,
2354 2545 2429 2609 ὡς
2461 2545 2524 2617 δὴ
2555 2546 2644 2599 διὰ
2673 2563 2815 2610 τινος
2846 2545 3023 2599 αὐτῶν
3076 2545 3393 2617 ὲξορμήσων
3441 2546 3581 2616 τάχα
3604 2563 3619 2575 ·
3659 2545 3710 2599 αἳ

2143 2636 2187 2689 δ’
2216 2637 2308 2689 ἐπὶ
2351 2637 2420 2690 τά
2470 2635 2614 2689 ἔνδον
2666 2637 2856 2704 ἄγουσι
2911 2636 3088 2706 μόνον,
3119 2635 3290 2700 ἔξοδον
3323 2635 3436 2706 (ΞΞ)
3467 2637 3526 2689 δὲ
3554 2636 3711 2689 οὐδε·

2149 2727 2281 2797 μῶς,
2317 2726 2483 2797 αὐτῆς
2509 2743 2568 2778 τε
2600 2727 2695 2796 τῆς
2727 2726 2859 2796 ὕλης
2889 2725 3054 2797 μόνης
3083 2725 3188 2779 ὁδοί
3230 2743 3376 2788 τινες
3415 2721 3567 2780 οὖσαι
3589 2741 3608 2756 ο
3637 2725 3714 2778 τέ-

2143 2819 2233 2882 λος
2262 2818 2319 2870 δὲ
2348 2820 2377 2871 ὁ
2406 2818 2681 2890 δδοιπόρος
2721 2816 3018 2888 ἀποκαμὼν
3064 2817 3156 2869 καὶ
3205 2817 3610 2887 ἀπαγορεύσας,
3641 2818 3714 2879 ὡς

2143 2911 2206 2982 δὴ
2240 2911 2454 2965 πάντων
2487 2911 2617 2982 ὕλης
2656 2910 2961 2982 γενομένων
2992 2908 3120 2980 (25),
3153 2911 3246 2962 καὶ
3277 2910 3460 2963 οὐκέτι
3505 2910 3715 2973 οὐδενὸς

2143 3005 2296 3068 ὄντος
2341 3005 2433 3057 ἐπὶ
2473 3005 2576 3075 γῆς
2619 3003 2952 3074 οίκητηρίου,
3002 3004 3117 3056 ἐκεῖ
3166 3003 3344 3073 μένειν
3394 3003 3566 3056 ἐθέλει
3620 3003 3714 3071 τὴν

2147 3095 2329 3149 ἑστίαν
2380 3096 2876 3166 καταστησάμενος,
2906 3096 3000 3148 καὶ
3045 3096 3385 3166 εὐρυχωρίαν
3438 3094 3608 3165 αὐτῷ,
3642 3095 3717 3156 ὡς

2147 3182 2257 3241 οἷόν
2281 3205 2360 3252 τε,
2392 3190 2450 3240 ἐν
2480 3189 2545 3258 τῇ
2580 3186 2680 3258 ὕλῃ
2713 3186 3146 3257 ἐκπριςόμενος.
3180 3188 3290 3239 Καὶ
3321 3186 3515 3256 ὥσπερ
3545 3187 3608 3239 ἐκ
3631 3204 3711 3238 τι·

2143 3298 2231 3344 νος
2257 3279 2573 3352 λαϐυρίνθου
2599 3282 2676 3343 είς
2701 3280 2760 3332 ὃν
2789 3279 2991 3333 είσόδου
3022 3279 3350 3350 φαινομένης
3381 3282 3533 3351 μιᾶς,
3566 3280 3712 3332 οὐδὲν

2143 3372 2381 3426 ποικίλον
2430 3373 2494 3426 ἐκ
2543 3372 2650 3425 τῶν
2703 3371 2896 3437 ἔξωθεν
2931 3372 3273 3441 ὑποτοπήσας
3319 3388 3424 3435 τις,
3460 3372 3714 3425 εἰσελθὼν

2140 3467 2228 3521 διὰ
2275 3466 2372 3537 τῆς
2422 3466 2750 3535 φαινομένης
2805 3464 2971 3535 θύρας
3002 3467 3164 3534 μιᾶςο
3199 3458 3315 3516 εἶτα
3354 3466 3713 3536 προχωρήσας

2143 3559 2268 3630 ἄχρι
2315 3557 2421 3610 τῶν
2453 3557 2734 3619 ἐνδοτάτω,
2770 3555 3007 3609 ποικίλον
3051 3573 3110 3608 τε
3145 3555 3266 3609 ίδὼν
3295 3556 3356 3608 τὸ
3389 3555 3588 3625 θέαμα,
3622 3558 3713 3609 καὶ

2145 3650 2572 3721 κατασκεύασμα
2619 3650 2886 3717 πάνσοφον
2934 3649 3232 3719 πολύπορον
3263 3665 3323 3701 τε
3357 3651 3453 3702 καὶ
3491 3649 3713 3711 εἰσόδοις

2145 3745 2238 3799 καὶ
2283 3745 2477 3811 ἐξόδοις
2531 3743 2774 3814 συνεχέσι
2820 3742 3231 3811 σεσοφισμένον·
3281 3741 3484 3794 ἐθέλων
3533 3744 3714 3812 μέντοι

2145 3838 2238 3891 καὶ
2264 3836 2480 3902 ἐξιέναι,
2519 3835 2704 3906 μηκέθ’
2739 3829 2848 3897 οἷός
2896 3851 2953 3887 τε
3008 3836 3113 3900 εἴη,
3148 3833 3543 3902 ἐναποληφθεὶς
3572 3835 3713 3888 ἔνδον

2147 3931 2249 3985 ὑπὸ
2279 3931 2440 3999 σοφοῦ
2472 3928 2748 3992 δοκοῦντος
2791 3927 2937 3998 αὐτῷ
2963 3927 3500 3996 κατασκευάσματος.
3533 3929 3714 3992 ὓῦδεὶς

2143 4022 2199 4075 δὲ
2236 4021 2357 4075 οὔτε
2387 4021 2702 4094 λαϐύρινθος
2747 4021 2887 4073 οὕτω
2929 4018 3296 4091 δυσεξέλικτος
3327 4021 3425 4072 καὶ
3452 4020 3711 4083 ποικίλος,

2146 4116 2266 4170 οὔτε
2301 4113 2399 4186 ὕλη
2439 4115 2624 4168 δασεῖα
2650 4114 2742 4167 καὶ
2767 4111 2980 4181 ποικίλη
3010 4111 3140 4182 (⁸24),
3171 4107 3294 4163 οὔτε
3329 4110 3513 4163 πεδίον
3545 4111 3715 4172 οὕτως

2147 4208 2180 4279 ἢ
2206 4210 2426 4277 τέναγος
2457 4207 2622 4260 δεινὸν
2651 4202 2917 4276 κρατῆσαι
2940 4206 3065 4267 τοὺς
3093 4200 3504 4273 ἐμπελάσαντας
3533 4204 3611 4266 ὡς
3629 4203 3718 4255 λό-

2147 4317 2260 4368 γος,
2291 4301 2341 4354 εί
2368 4317 2450 4363 τις
2480 4298 2565 4368 εἴη
2597 4300 2713 4352 κατ’
2746 4297 2922 4350 αὐτῶν
2953 4297 3060 4366 (25)
3103 4297 3269 4350 τῶνδέ
3303 4315 3466 4349 τινων
3498 4298 3714 4365 φιλοπε-

2149 4393 2408 4462 φων.”1να
2444 4393 2507 4464 δὴ
2540 4384 2629 4445 οὖν
2665 4389 2737 4462 μὴ
2768 4390 2960 4443 ταυτὸν
3003 4393 3112 4452 τοῖς
3160 4388 3373 4452 πολλοῖς
3423 4391 3713 4461 πάθοιμεν,

490 4483 539 4537 si
567 4495 673 4550 qua
698 4495 793 4535 eos
823 4487 1083 4548 occupet,
1119 4479 1424 4547 aliquorum
1454 4479 1757 4536 istiusmodi
1800 4482 2041 4551 philoso-

2151 4481 2287 4558 πρὸς
2336 4485 2434 4555 μὲν
2477 4485 2571 4538 ’ένα
2609 4482 2730 4536 τινὰ
2759 4484 2860 4536 οὐκ
2885 4477 2988 4553 ἦγε
3035 4481 3141 4533 τῶν
3180 4481 3487 4550 φιλοσόξων
3513 4483 3714 4550 λόγων,

562 4638 672 4708 (l9)
704 4635 964 4708 ,Ἑαυτὸν
1087 4633 1495 4703 ἐκδεχόμενος.
1531 4633 1603 4708 id
1627 4636 1841 4708 quidem
1883 4654 2043 4694 sensu

491 4705 656 4764 caret.
686 4707 754 4761 At
786 4706 1144 4777 ἐνδεχόμενος,
1172 4714 1424 4777 neutrum
1445 4705 1564 4777 ,_ab
1594 4706 1894 4777 ἐνδέχομαι,
1927 4727 2051 4762 conn

492 4781 654 4848 tinge.
695 4775 944 4846 congruit
973 4775 1113 4830 cum
1157 4775 1402 4846 ἕρμαιον,
1434 4775 1852 4849 id‘est,_lucrum
1879 4780 2051 4849 inspe-

491 4845 688 4908 ratum,
719 4857 771 4901 et
808 4845 929 4900 cum
960 4854 1072 4899 toto
1105 4845 1379 4907 contextu,
1415 4845 1669 4913 opinandi
1707 4845 2047 4903 temeritatem

492 4921 867 4987 redarguentc.
919 4915 1345 4987 Frequenshac
1406 4917 1624 4987 notione
1680 4917 1902 4972 verbum
1967 4929 2067 4974 est

492 5005 616 5042 cum
656 4986 860 5050 dativo,
890 4986 943 5039 in
978 4986 1168 5055 primis
1207 4986 1480 5039 Aristoteli
1509 4987 1543 5039 Ι.
1572 5003 1587 5040 l
1621 4987 1831 5056 Analyt.
1857 4990 2002 5057 prior
2030 5031 2044 5054 ,

493 5075 610 5127 cap.
642 5058 695 5110 5.
721 5057 948 5127 Bessan.

566 5123 678 5196 (‘20)
713 5127 777 5178 Οἳ
799 5125 884 5178 δέ.
909 5125 1133 5196 _Scilicet
1153 5123 1319 5196 λόγοι,
1352 5125 1402 5178 id
1439 5133 1542 5188 est,
1575 5127 1821 5180 rationes.
1850 5126 2008 5184 Voss.

565 5193 937 5267 (2.1)Καθαρῷ
962 5234 1021 5267 ._.,
1049 5194 1221 5267 ἕρκει.
1275 5193 1622 5257 Sirmomlus,
1670 5213 1799 5265 puro
1841 5214 2043 5266 campo.

493 5265 918 5328 Rhodumanus,
961 5265 1080 5335 ἀέρι
1130 5265 1339 5338 legens,
1373 5281 1502 5338 puro
1545 5283 1679 5338 aere.
1717 5268 1933 5338 ’Ἐρκος,
1960 5265 2046 5321 εε-

495 5350 641 5406 ptum
664 5352 683 5400 ;
706 5348 756 5390 et
789 5350 883 5407 per
927 5336 1348 5407 metonymiam,
1379 5336 1606 5398 domus,
1643 5336 1860 5400 fundus,
1899 5340 2045 5407 regio

498 5403 663 5477 Septis
711 5403 936 5477 munita.
979 5404 1296 5474 Hesychius,
1327 5403 1504 5474 ἕρκοςο
1533 5407 1816 5474 ἀσφάλεια,
1848 5403 2044 5477 τεῖχος,

498 5476 814 5547 περίϐολος,
831 5474 1057 5547 Βξιισιει2

570 5543 682 5614 ('22)
720 5545 990 5609 Ἕξοδον.
1028 5543 1225 5616 Repete
1271 5544 1377 5596 ἐπί.
1417 5543 1722 5616 Synonyma
1766 5557 1892 5601 sunt
1927 5563 2048 5615 quae

500 5623 960 5688 mORLOCC-llf'l'lllll,
993 5615 1318 5688 οίκητήριον,
1350 5616 1520 5688 ἑστία,
1551 5615 1876 5688 είδίρυχωρία.
1911 5617 1986 5670 lo.

572 5683 967 5758 (“23)_I_1drrmf
1007 5683 1535 5758 ὕλης-γενομένων.
1578 5683 1823 5758 ῐὶόεοινέ,
1864 5687 2047 5758 ἐπειδὴ

505 5755 678 5808 πάντα
707 5753 836 5826 ὕλης
864 5753 1075 5821 ἐγένετο
1099 5769 1112 5805 :
1139 5769 1264 5808 nam
1285 5756 1553 5826 eleganter
1574 5757 1864 5828 genitivum
1890 5753 2048 5813 habet

2148 4641 2371 4694 verbum
2408 4640 2642 4710 γίνομαι.
2674 4637 2771 4693 Vel
2810 4639 2989 4708 potius
3033 4639 3123 4701 sit,
3169 4636 3357 4707 ἐπειδὴ
3401 4639 3582 4691 πάντα
3617 4638 3716 4704 ὕλη

2151 4712 2402 4782 ἐγένετοξ
2431 4711 2589 4779 quale
2609 4720 2689 4764 est
2715 4710 2844 4763 illud
2870 4727 2884 4762 :

2363 4777 2554 4834 Ontuia
2579 4789 2764 4850 pontus
2795 4788 2925 4832 erat.
3001 4777 3073 4850 In.

2222 4850 2334 4922 (24)
2360 4845 2651 4922 ΠοικίλοςΔ
2771 4850 3029 4922 ποικίλῃ..
3067 4845 3267 4922 Horum
3306 4848 3531 4900 alterum
3566 4849 3719 4901 vide-

2150 4919 2241 4976 tur
2271 4936 2337 4974 ex
2383 4921 2583 4982 altero,
2631 4919 2918 4974 festinante
2969 4919 3224 4980 librario,
3275 4930 3494 4974 natum.
3525 4928 3585 4968 et
3621 4935 3720 4987 pro

2153 4992 2259 5046 alio
2287 4991 2473 5045 nescio
2505 5006 2614 5058 quo
2653 4991 2888 5058 epitheto
2921 4989 3202 5058 scriptum.
3236 4989 3377 5041 Ante
3409 4987 3601 5039 δασεῖα
3639 4992 3720 5042 in-

2151 5076 2290 5123 sere,
2315 5061 2398 5112 vel
2431 5057 2577 5114 certe
2602 5057 2848 5124 subaudi,
2874 5057 3033 5113 οὕτω.
3063 5057 3138 5111 In.

2221 5130 2332 5200 (25)
2361 5130 2500 5183 Κατ’
2527 5129 2740 5200 αὐτῶν.
2770 5127 2925 5195 Quod
2953 5130 3004 5181 in
3029 5127 3227 5200 protasi
3257 5135 3342 5200 est
3367 5127 3718 5198 ἐμπελάσανο

2149 5197 2267 5263 τας,
2297 5200 2350 5253 id
2377 5201 2431 5254 in
2454 5199 2677 5268 apodosi
2703 5209 2822 5254 esto
2853 5197 3128 5252 καταντῶν
3154 5199 3455 5251 :l'acillimre
3478 5213 3720 5265 namque

2149 5277 2460 5340 permutatu
2485 5279 2614 5340 sunt
2644 5271 2834 5340 litterae
2858 5286 2886 5321 ν
2914 5278 2969 5324 et
3000 5287 3029 5320 υ
3063 5283 3075 5317 :
3123 5276 3177 5320 et
3205 5282 3346 5340 cum
3368 5268 3452 5340 τίς
3483 5268 3717 5321 subaudi

2151 5335 2452 5411 ἄνθρωπος.
2488 5339 2755 5411 Integrum
2786 5339 2966 5393 locum
3012 5339 3100 5411 ita
3129 5337 3294 5411 reddo
3323 5353 3338 5387 :
3372 5335 3550 5411 Neque
3597 5353 3718 5390 erro

2152 5408 2480 5477 labyrinthus
2506 5420 2581 5463 est
2606 5408 2743 5463 ullus
2775 5419 2882 5461 tam
2912 5408 3289 5462 inextricabilis
3317 5417 3366 5460 et
3399 5410 3598 5470 varius,
3635 5424 3721 5459 ne-

2153 5497 2248 5549 que
2276 5479 2409 5532 silva
2440 5491 2547 5534 tam
2568 5480 2725 5532 densa
2751 5489 2799 5532 et
2824 5481 2990 5544 varia,
3019 5493 3410 5549 nequecampus
3439 5486 3527 5530 aut
3557 5479 3719 5548 palus

2154 5548 2262 5602 tam
2302 5550 2491 5618 infesta
2533 5551 2601 5602 ad
2643 5549 2884 5602 tenendos
2932 5550 3020 5619 qui
3061 5564 3118 5600 eo
3168 5548 3332 5600 delati
3363 5557 3518 5611 sunt,
3551 5564 3723 5616 quem

2153 5621 2346 5740 oratio},
2372 5621 2416 5673 si
2445 5621 2563 5689 quis
2582 5620 2650 5674 sit
2675 5621 2764 5689 qui
2791 5621 3046 5687 incurrat,
3074 5627 3345 5672 certorum
3375 5619 3721 5688 philosopho-

2155 5706 2290 5740 rum.
2345 5705 2396 5740 Β.

2155 5706 2290 5743 rum.
2326 5705 2396 5746 ID.
