3876 6528
163 348 310 410 Ϊθθὸ

1112 347 1177 401 IN
1217 347 1564 404 ORIGENEM
1608 347 1868 404 ORATIO
1901 347 2362 404 PANEGYRICA.

3277 345 3415 402 1094

169 462 302 521 οὐδε
356 468 471 520 κατ’
505 463 698 528 αὐτοὺς
745 462 961 516 ἀπιέναι
1015 462 1196 532 ἠξίουο
1254 467 1390 535 προς
1438 465 1493 517 δὲ
1540 465 1744 529 πάντας

1858 469 2106 536 phorum.
2160 464 2327 521 Nobis
2359 478 2489 534 ergo
2534 477 2602 518 ne
2651 462 2706 516 id
2751 462 2925 531 ipsum
2976 459 3117 531 quod
3153 460 3416 529 imperitas

161 556 327 631 ἦγεν,
350 557 558 621 οὐδενὸς
587 557 945 626 ἁπειρέιστους
971 551 1107 608 εἶναι
1142 555 1310 609 θέλων
1341 557 1606 627 δόγματος
1639 560 1748 611 Ἑλ-

166 649 416 721 ληνικοῦ.
448 649 558 702 Καὶ
603 649 764 712 αὐτὸς
805 648 861 700 δὲ
914 647 1183 718 συνεισῄει
1216 649 1622 722 προηγούμενος
1655 651 1748 703 καὶ

166 739 550 812 χειραγωγῶν,
583 738 771 809 ὥσπερ
812 740 869 791 ὲν
900 739 1198 810 ὁδοιπορία,
1232 741 1283 792 εἴ
1314 757 1415 791 που
1460 742 1552 792 καὶ
1583 742 1750 793 ὑπαν-

164 832 337 902 τῆσαί
368 849 421 884 τι
452 829 659 883 σκολιὸν
690 831 782 882 καὶ
815 829 1043 882 ὓπουλον
1077 833 1168 884 καὶ
1206 831 1627 901 σοφισματῶὸες,
1661 825 1748 882 οἷα

165 926 235 996 δὴ
265 924 513 994 τεχνίτης
545 925 608 975 ὲκ
640 922 739 993 τῆς
766 923 829 974 ἐκ
866 921 1061 974 πολλοῦ
1097 924 1208 984 τοῖς
1233 922 1408 990 λόγοις
1443 922 1747 991 συνδιατρι-

170 1017 299 1087 ϐἧς,
328 1017 427 1069 οὐκ
469 1014 641 1086 ἀήθης
681 1014 890 1076 οὐδενὸς
923 1014 1042 1067 οὐδὲ
1086 1013 1309 1084 ἄπειρος
1352 1014 1448 1075 ὢν,
1480 1015 1749 1084 μετέωρος

168 1111 336 1171 αὑτός
373 1126 432 1161 τε
479 1110 534 1160 ὲν
561 1107 790 1176 ἀσφαλεῖ
817 1107 989 1178 μένοι,
1022 1108 1115 1159 καὶ
1147 1106 1322 1169 ἄλλοις
1351 1106 1558 1177 ὀρέγων
1592 1108 1748 1174 χεῖρα

169 1201 492 1265 διασώζοιτο
529 1199 716 1271 ὥσπερ
769 1198 1190 1269 βαπτιζομένους
1241 1198 1604 1269 ἀνιμώμενοςο
1641 1198 1748 1248 πᾶν

173 1296 276 1364 μὲν
308 1295 336 1347 ὃ
365 1312 418 1346 τι
447 1295 714 1368 χρήσιμον
737 1293 1036 1362 φιλοσόφων
1062 1292 1304 1345 ἑκάστων
1327 1290 1420 1343 καὶ
1439 1289 1634 1360 ἀληθὲς
1655 1285 1744 1359 ἦν,

168 1386 475 1454 ἀναλέγων,
510 1385 601 1438 καὶ
644 1383 1074 1455 παρατιθέμενος
1121 1383 1250 1453 ἡμῖν
1272 1398 1285 1411 ·
1335 1382 1434 1434 ὅσα
1462 1381 1517 1433 δὲ
1549 1379 1739 1449 ψευδῆ,

168 1476 476 1547 ἑκκρίνων·
527 1475 596 1546 τά
638 1492 697 1527 τε
745 1474 900 1538 ἄλλα,
939 1475 1030 1527 καὶ
1065 1473 1295 1544 μαλίστα
1331 1472 1432 1525 ὅσα
1476 1471 1582 1524 ῐδια
1615 1470 1748 1540 πρὸς

169 1567 456 1620 εὐσέϐειαν
492 1564 559 1638 ἦν
582 1564 904 1638 ἀνθρώπων.

1852 560 2183 614 multitudini
2215 557 2457 613 eveniret
2482 597 2498 622 ,
2533 557 2600 610 ad
2627 555 2848 610 unicum
2877 570 2978 608 nos
3005 552 3412 623 philosophica-

1848 667 1970 704 rum
2010 650 2324 720 opinionum
2374 664 2542 719 genus
2592 663 2700 702 non
2735 646 3087 709 admovebat,
3121 659 3221 698 nec
3262 646 3314 698 in
3347 657 3414 698 eo

1849 743 2146 798 consistere
2175 740 2416 804 sinebat;
2455 738 2549 794 sed
2579 754 2674 808 per
2699 738 2881 792 omnia
2908 737 3167 799 ducebat,
3214 735 3416 791 nullius

1852 850 1950 889 nos
1979 833 2275 888 Graecanici
2302 833 2572 903 dogmatis
2596 831 2759 885 rudes
2791 838 2886 882 aut
2909 829 3128 898 ignaros
3154 842 3272 882 esse
3295 843 3417 896 per-

1852 926 2091 980 mittens.
2154 923 2271 993 Ipse
2299 933 2480 978 autem
2530 921 2694 976 simul
2723 920 2977 974 incedens
3004 919 3260 988 prwibat;
3295 935 3415 972 ma-

1852 1030 2033 1084 nuque
2057 1013 2282 1079 ducens,
2319 1021 2580 1082 tanquam
2605 1012 2660 1064 in
2690 1011 2794 1074 via,
2829 1009 2875 1064 si
2909 1007 3038 1078 quid
3070 1023 3297 1076 usquam
3323 1006 3418 1060 ﬂe-

1852 1119 2084 1157 xuosum
2137 1114 2505 1167 occurreret,,
2540 1112 2634 1157 aut
2684 1102 2908 1156 infidum
2961 1109 3014 1154 et
3060 1099 3126 1154 ad
3171 1100 3416 1153 fraudem

1851 1195 2246 1264 compositum;
2280 1195 2428 1249 velut
2450 1195 2653 1262 peritus
2679 1192 2893 1257 artifex,
2929 1192 3016 1247 cui
3040 1207 3104 1245 ex
3131 1191 3288 1261 longo
3314 1207 3416 1244 usu

1852 1297 2014 1357 atque
2046 1286 2433 1340 exercitatione
2457 1284 2875 1354 philosophandi
2909 1283 3042 1337 nihil
3078 1283 3320 1338 insolens
3346 1284 3418 1337 sit

1854 1386 1953 1433 nec
1976 1378 2339 1446 inexpertum,
2385 1387 2440 1431 et
2466 1377 2717 1431 sublimis
2750 1377 2863 1446 ipse
2890 1376 2944 1430 in
2970 1385 3084 1430 tuto
3112 1387 3312 1439 manet,
3352 1390 3416 1430 ac

1854 1484 2075 1522 manum
2104 1465 2225 1520 aliis
2255 1466 2569 1536 porrigens,
2603 1467 2768 1520 veluti
2795 1466 2887 1535 qui
2915 1465 3294 1534 demergautur
3323 1480 3418 1519 ex-

1858 1559 2079 1612 trahens
2102 1596 2118 1621 ,
2169 1563 2348 1609 servat
2391 1573 2403 1608 :
2450 1555 2523 1609 ita
2551 1554 2812 1624 quidquid
2845 1554 2983 1622 apud
3018 1554 3259 1622 singulos
3291 1553 3416 1624 phi-

170 1661 436 1732 losophos
483 1661 616 1716 utile
662 1676 726 1716 ac
776 1675 962 1715 verum
1001 1657 1421 1728 erat,deligens
1481 1655 1746 1724 nobisque
1799 1664 2108 1720 apponens;
2162 1663 2284 1718 qua:
2326 1661 2455 1702 vero
2502 1645 2675 1713 falsa,
2736 1662 3056 1712 secernens;
3113 1656 3227 1700 tum
3287 1647 3414 1704 alia.

170 1765 294 1810 tum
330 1754 599 1819 maxime,
635 1769 757 1823 qute
788 1753 1068 1807 hominum
1111 1750 1325 1820 propria
1359 1757 1487 1802 sunt
1517 1748 1585 1802 ad
1619 1747 1897 1816 pietatem.

246 1850 349 1903 IE'.
389 1847 524 1918 Περὶ
577 1846 778 1900 τούτων
831 1846 927 1917 μὲν
979 1845 1145 1916 μηδὲν
1189 1843 1470 1915 προσέχειν
1513 1840 1747 1913 συμϐου-

1922 1834 2040 1890 XV.
2068 1835 2135 1890 Et
2160 1835 2354 1890 horum
2381 1834 2598 1904 quidem
2625 1844 2682 1888 ut
2707 1834 2840 1888 nihil
2866 1833 3267 1888 attenderemns
3292 1849 3416 1888 sua-

170 1939 369 2000 λεύων,
407 1938 539 2010 μηδὲ
574 1939 622 1989 εἰ
652 1935 924 2004 πάνσοφός
954 1951 1038 1998 τις
1069 1935 1171 1988 ὑπὸ
1203 1935 1417 1988 πάντων
1449 1931 1749 2004 ἀνθρώπων

175 2029 555 2104 μαρτυρηθείη
574 2046 588 2060 ⁸
618 2029 761 2102 μόνῳ
787 2030 842 2082 δὲ
870 2028 1156 2101 προσέχειν
1178 2025 1295 2097 Θεῷ
1318 2025 1410 2078 καὶ
1429 2029 1540 2089 τοῖς
1562 2023 1749 2077 τούτου

173 2123 516 2193 προφήταις-ν
581 2121 742 2184 αὐτὸς
775 2119 1130 2192 ὑποφητεύων
1157 2117 1267 2190 (26)
1295 2117 1387 2170 καὶ
1418 2113 1748 2188 σαφηνίζων,

171 2211 206 2265 ὅ
233 2213 286 2265 τί
315 2229 446 2265 ποτε
473 2210 747 2264 σκοτεινὸν
781 2211 874 2264 καὶ
927 2208 1321 2280 αἰνιγματῶδες
1431 2201 1538 2278 (οἷα
1586 2206 1752 2260 πολλὰ

173 2305 238 2356 ὲν
263 2306 384 2368 ταῖς
413 2304 586 2374 ἱεραῖς
619 2303 735 2356 ἐστι
781 2304 1009 2366 Φωναῖς*
1046 2302 1164 2373 ἦτοι
1206 2300 1348 2355 οὕτω
1395 2300 1546 2370 φίλον
1578 2299 1637 2354 ὃν
1671 2299 1746 2370 τῷ

171 2395 299 2466 Θεῷ
335 2393 680 2466 προσομιλεῖν
712 2393 1038 2465 ἀνθρώποις,
1073 2393 1147 2456 ὡς
1177 2392 1250 2464 μὴ
1275 2394 1374 2446 καὶ
1395 2391 1616 2458 ἀναξίαν
1645 2393 1750 2462 ψυ-

174 2486 302 2557 χὴν,
344 2480 453 2538 οἷαι
505 2487 560 2539 αἱ
595 2485 816 2548 πολλαὶ,
865 2485 1068 2556 γυμνὸς
1119 2486 1212 2538 καὶ
1266 2485 1510 2556 ἀσκεπὴς
1553 2487 1582 2536 ὁ
1611 2484 1752 2548 θεῖος

174 2578 328 2650 εἰσίῃ
381 2577 553 2646 λόγος·
606 2577 769 2648 ἢκαὶ
811 2580 877 2648 τῇ
929 2575 1087 2645 φύσει
1146 2577 1243 2648 μὲν
1297 2578 1626 2646 σαφέστατον
1660 2577 1752 2630 καὶ

175 2669 552 2722 ἁπλούστατον
603 2671 712 2722 πᾶν
745 2669 802 2721 τὸ
839 2668 979 2722 θεῖον
1012 2669 1189 2737 λόγιον
1238 2667 1347 2739 (9.7)
1402 2668 1481 2730 ὃν,
1521 2670 1648 2738 ἡμῖν
1697 2668 1753 2720 δὲ

172 2763 451 2817 ἀποστᾶσι
480 2760 634 2825 Θεοῦ,
659 2761 753 2814 καὶ
793 2759 1274 2831 ἀπομεμαθηκόσιν
1319 2758 1619 2830 ἀκροᾶσθαι
1651 2757 1754 2810 ὑπὸ

172 2854 374 2927 χρόνου
398 2854 491 2908 καὶ
519 2853 897 2924 παλαιότητος,
929 2853 1135 2921 ἀσαφὲς
1165 2852 1257 2905 καὶ
1290 2849 1558 2904 σκοτεινὸν
1580 2867 1750 2903 κατα-

174 2947 528 3017 φαινόμενον,
584 2946 685 2998 οὐκ
735 2945 842 3016 ἔχω
888 2943 1111 3014 λέγειν)·
1143 2943 1279 3014 πλὴν
1324 2942 1630 3014 σαφηνίζων
1658 2943 1752 2996 καὶ

173 3040 262 3101 είς
288 3037 404 3106 φῶς
433 3036 710 3109 προάγων,
736 3035 846 3087 εἴτε
867 3034 1163 3104 αίνίγματα
1191 3033 1316 3084 ὄντα
1337 3032 1613 3100 τυγχάνοι,
1643 3030 1751 3083 δει-

173 3128 269 3190 νὸς
296 3102 374 3180 ῶν
406 3102 679 3197 ἀκροατὴς
694 3124 828 3178 Θεοῦ
853 3124 945 3178 καὶ
972 3102 1349 3184 συνετώτατος·
1378 3123 1487 3174 εἴτε
1516 3123 1610 3174 καὶ
1635 3122 1746 3192 (2‘3)
1777 3102 1818 3158 (ἶ

172 3219 334 3273 οὐδὲν
364 3217 572 3272 σκολιὸν
619 3216 808 3288 ἔχοντα
833 3219 899 3290 τῇ
934 3216 1112 3286 φύσει,
1162 3215 1269 3267 οὐδ’
1295 3214 1548 3267 ἀσύνετον
1579 3213 1745 3282 αὐτῷ,

169 3313 357 3375 οὕτως
389 3310 564 3382 ἔχοντι
599 3311 745 3381 μόνῳ
767 3309 875 3362 τῶν
909 3307 1004 3363 νῦν
1060 3307 1381 3378 ἀνθρώπων,
1407 3301 1480 3360 ὧν
1503 3307 1662 3368 αὑτός
1691 3323 1748 3358 τε

174 3407 377 3476 ἔγνων,
413 3403 509 3458 καὶ
537 3403 734 3474 ἑτέρων
759 3403 965 3473 ἤκουσα
995 3401 1122 3472 περί
1153 3417 1312 3453 τινων
1339 3399 1624 3468 λεγόντων,
1656 3416 1750 3468 με·

177 3500 511 3574 μελετηκότι
538 3497 648 3570 (29)
689 3497 757 3550 τὰ
789 3495 1004 3567 καθαρὰ
1045 3495 1151 3548 τῶν
1182 3493 1374 3562 λογίων
1408 3493 1641 3561 φωτεινά
1669 3508 1747 3554 τε,

172 3591 583 3666 παραδέχεσθαι
605 3588 771 3642 αὑτοῦ
805 3590 869 3658 τῇ
916 3587 1059 3658 ψυχῇ
1112 3587 1206 3639 καὶ
1248 3584 1586 3638 διδάσκεσθαι
1632 3583 1750 3636 ἐτέ-

176 3700 329 3756 ρους·
361 3685 440 3736 ὅτι
473 3679 646 3736 αὐτῶν
681 3679 790 3752 (50)
827 3683 854 3733 ὁ
884 3680 1100 3733 πάντων
1155 3677 1414 3749 ἀρχηγὸς,
1445 3678 1474 3729 ὁ
1500 3679 1612 3738 τοῖς
1654 3672 1748 3728 τοῦ

175 3775 318 3831 Θεοῦ
357 3774 529 3844 φίλοις
553 3774 859 3844 προφήταις
895 3769 1120 3840 ὑπηχῶν
1181 3770 1272 3823 καὶ⁴
1306 3767 1618 3822 ὑποϐάλλων
1643 3769 1749 3821 πᾶ-

180 3886 284 3922 σαν
305 3865 639 3938 προφητείαν
676 3863 768 3916 κα)⁵
793 3862 948 3930 λόγον
992 3861 1248 3932 μυστικὸν
1272 3860 1363 3912 καὶ
1387 3859 1546 3922 θεῖον,
1581 3857 1750 3920 οὕτως

176 3960 349 4015 αύτδν
375 3960 608 4029 τιμήσας
661 3954 734 4018 ὡς
781 3954 948 4024 φίλον,
1006 3954 1308 4024 προήγορον
1358 3949 1746 4018 κατεστήσατο·

183 4051 264 4111 ὧν
285 4055 354 4108 δι’
386 4053 584 4123 ἑτέρων
613 4049 831 4120 ᾐνίξατο
887 4049 1062 4119 μόνον,
1098 4045 1303 4098 τούτων
1333 4043 1420 4096 διὰ
1437 4041 1626 4096 τούτου
1654 4041 1752 4111 τὴν

177 4145 537 4203 διδασκαλίαν
572 4141 908 4211 ποιούμενος·
939 4141 1037 4192 ὅσα
1069 4156 1148 4200 τε,
1177 4136 1613 4203 ἀξιοπιστότατος
1652 4133 1748 4197 ῶν,

177 4243 214 4314 ἦ
247 4237 551 4311 προσέταξε
609 4233 900 4306 βασιλικῶς
940 4232 971 4302 ἢ
1028 4230 1119 4283 καὶ
1165 4230 1494 4299 ἀπεφήνατο,
1547 4225 1750 4279 τούτων

176 4333 310 4395 τοὺς
332 4330 524 4398 λόγους
579 4323 950 4398 διερευνᾶσθαί
981 4339 1041 4374 τε
1085 4321 1177 4374 καὶ
1209 4319 1540 4390 ἐξευρίσκειν
1581 4317 1751 4386 τούτῳ

178 4424 606 4498 δωρησάμενος·
671 4419 734 4472 ἵν’
787 4416 949 4478 εἴτις
1006 4413 1235 4484 σκληρὸς
1282 4413 1380 4482 τὴν
1429 4409 1606 4481 ψυχὴν
1658 4411 1750 4461 καὶ

177 4519 414 4579 ἄπιστος
432 4515 466 4585 ἢ
489 4515 583 4567 καὶ¹
613 4509 915 4581 φιλομαθὴς
944 4506 1018 4559 ὢν
1046 4505 1217 4576 τύχοι,
1249 4503 1400 4578 παρὰ
1423 4502 1611 4556 τούτου
1645 4519 1746 4572 μα-

180 4610 314 4671 θὼν,
357 4607 451 4660 κα)¹
483 4607 717 4658 συνεῖναι
776 4603 869 4654 καὶ
918 4598 1189 4652 πιστεύειν
1243 4595 1455 4649 ἑλέσθαι
1512 4595 1752 4663 ἀναγκά-

182 4704 336 4768 ζοιτο
364 4697 561 4770 τρόπον
592 4695 730 4760 τινὰ,
764 4695 857 4747 καὶ
885 4692 1111 4745 ἕπεσθαι
1135 4689 1272 4760 Θεῷ.
1303 4688 1464 4756 Λέγει
1490 4704 1549 4739 τε
1580 4686 1751 4739 ταῦτα

179 4796 288 4850 οὐκ
330 4791 525 4856 ἄλλως,
557 4785 729 4859 οἶμαι,
764 4787 797 4857 ἢ
839 4784 1092 4854 κοινωνία
1112 4781 1204 4834 τοῦ
1239 4780 1381 4832 θείου
1414 4777 1746 4848 Πνεύματος·

181 4889 286 4958 τῆς
328 4883 438 4955 γὰρ
488 4881 654 4951 αὐτῆς
695 4878 972 4949 δυνάμεως
1003 4875 1083 4927 δεῖ
1133 4868 1526 4944 προφητεύουσί
1559 4886 1616 4920 τε
1659 4868 1752 4921 καὶ

182 4978 556 5053 ἀκροωμένοις
584 4974 894 5047 προφητῶν·
931 4969 1022 5023 καὶ
1055 4967 1154 5020 οὑκ
1185 4966 1249 5019 ἂν
1283 4962 1506 5016 ἀκούσαι
1540 4961 1750 5030 προφήο

181 5051 305 5134 του,
339 5061 387 5136 ᾧ
420 5067 494 5138 μὴ
523 5066 652 5120 αὐτὸ
679 5065 738 5117 τὺ
770 5061 995 5131 Πνεῦμα
1019 5059 1078 5112 τὸ
1106 5054 1485 5128 προφητεῦσαν
1512 5051 1605 5121 τὴν
1631 5051 1752 5103 σύν-

180 5182 303 5222 εσιν
335 5161 443 5216 τῶν
491 5159 655 5215 αὑτοῦ
680 5159 853 5226 λόγων
895 5155 1220 5224 ἐδωρήσατο.
1243 5147 1490 5201 Τοιοῦτον
1511 5145 1748 5214 ἔγκειται

256 5363 373 5434 (26)
412 5358 835 5434 Ὑπγοφητεύων.
855 5352 1166 5434 Ὑποφήτῃς
1189 5348 1407 5434 dicitur,

177 5415 627 5503 luxit—alproplteta
639 5434 946 5503 susceptum
973 5415 1192 5503 atln'ali’os
1211 5425 1485 5488 propagat.
1516 5415 1744 5503 BEN‘GEL‘.

257 5485 392 5573 (-525)r
414 5485 644 5573 A3_rt_or.
679 5485 1006 5573 Diminutﬁi‘va
1037 5485 1250 5573 formal:
1294 5503 1417 5541 nam
1445 5485 1670 5573 oracula.
1696 5492 1749 5573 et

180 5555 430 5636 ﬁdelium
462 5555 516 5642 (Ῐ
532 5569 678 5625 Sam.
703 5582 870 5642 italu,
905 5563 997 5642 2)_,
1023 5572 1075 5614 et
1101 5561 1360 5642 gentipm,
1407 5573 1462 5609 ν.
1503 5571 1595 5642 gr.
1619 5555 1748 5642 illud

179 5631 332 5718 quod
363 5631 586 5718 Caesus
613 5639 805 5701 audiit,
840 5633 1140 5688 brevitatem
1173 5631 1408 5684 habuere
1443 5641 1604 5696 quam
1634 5640 1750 5677 ma-

181 5712 414 5773 iimam.
450 5712 526 5765 in.
783 5773 790 5774 ί
939 5773 944 5774 ί
1161 5770 1173 5774 _
1250 5769 1260 5774 ,
1494 5767 1504 5774 ,
1566 5765 1577 5774 ,
1693 5764 1703 5774 ,

251 5765 544 5858 Egi—Eia
579 5779 694 5834 καί.
751 5773 862 5834 Hoc
892 5773 1000 5828 εἴτε
1042 5769 1301 5843 apodosin
1335 5783 1461 5823 mox
1491 5765 1652 5822 habet
1691 5765 1743 5818 in

1847 1929 2012 1990 dens,
2054 1941 2123 1980 ne
2150 1927 2194 1981 si
2227 1935 2285 1979 ut
2315 1926 2752 1996 sapientissimus
2798 1925 3015 1994 quidem
3049 1925 3315 1993 quispiam
3349 1924 3419 1980 ab

1848 2019 2100 2075 omnibus
2133 2019 2435 2074 celebretur
2461 2058 2475 2079 .
2513 2019 2606 2072 sed
2641 2027 2698 2071 ut
2732 2017 2825 2070 uni
2862 2016 2969 2071 Deo
3009 2033 3230 2086 operam
3261 2018 3419 2072 dare-

1848 2126 1972 2166 mus
2001 2110 2228 2180 ejusque
2249 2109 2560 2179 prophetis;
2598 2109 2712 2178 ipse
2739 2109 3124 2178 prophetarum
3151 2108 3415 2176 interpre-

1848 2212 1955 2256 tem
1990 2216 2176 2270 agens,
2219 2209 2272 2254 et
2316 2199 2615 2268 explanans
2656 2197 2918 2268 quidquid
2956 2213 3186 2266 usquam
3222 2198 3420 2252 obscu-

1850 2311 1970 2351 rum
1996 2302 2050 2348 et
2073 2292 2474 2362 muigmaticum
2501 2298 2616 2345 erat
2639 2290 2840 2360 (qualia
2873 2298 3002 2343 sunt
3024 2289 3076 2343 in
3101 2289 3276 2344 sacris
3307 2287 3421 2342 Lit-

1852 2387 1982 2442 teris
2017 2385 2316 2454 permulta;
2353 2384 2466 2438 sive
2497 2383 2573 2437 ita
2604 2381 2710 2437 Deo
2747 2382 2910 2436 libeat
2947 2396 3071 2435 cum
3104 2381 3418 2434 hominibus

1853 2495 2032 2550 agere,
2051 2494 2119 2534 ne
2137 2479 2412 2548 indignam
2435 2477 2697 2539 animam,
2725 2474 3033 2544 cujusmodi
3059 2474 3240 2527 multa:
3266 2484 3417 2538 sunt,

1853 2573 2033 2626 nudus
2063 2579 2129 2635 et,
2145 2571 2378 2624 intectus
2409 2567 2627 2623 divinus
2657 2582 2838 2621 sermo
2865 2565 3089 2630 subeat;
3125 2565 3238 2619 sive
3273 2563 3421 2634 quod

1855 2663 2258 2733 apertissimum
2289 2662 2506 2732 quidem
2540 2669 2736 2714 natura
2761 2675 2826 2714 ac
2851 2658 3313 2728 simplicissimum
3348 2658 3420 2711 sit

1854 2768 2016 2807 omne
2047 2751 2331 2806 oraculum
2365 2751 2646 2816 divinum;
2687 2750 2780 2804 sed
2824 2748 2983 2804 nobis
3011 2747 3103 2818 qui
3141 2763 3171 2801 a
3202 2745 3310 2800 Deo
3337 2762 3422 2800 re-

1853 2844 2138 2909 cessimus,
2162 2852 2216 2897 et
2244 2841 2435 2896 audire
2463 2850 2683 2910 propter
2716 2849 2928 2909 tempus
2953 2847 3005 2892 et
3040 2837 3419 2907 antiquitatem

1852 2934 2219 3000 desuevimus,
2253 2933 2548 2988 obscurum
2597 2945 2660 2984 ac
2704 2930 3104 2985 tenebricosum
3151 2929 3418 2991 videatur,

1857 3027 2037 3083 dicere
2066 3042 2172 3080 non
2210 3023 2442 3092 habeo);
2477 3031 2599 3076 utut
2629 3022 2719 3087 sit,
2772 3021 3053 3075 declarans
3083 3029 3137 3074 et
3165 3021 3215 3072 in
3243 3019 3421 3073 lucem

1853 3117 2160 3189 proferens,
2185 3116 2298 3173 sive
2327 3115 2612 3184 a-nigmata
2637 3113 2762 3175 sint,
2806 3122 3059 3180 tanquam
3102 3111 3328 3164 idoneus
3367 3119 3421 3163 et

1853 3205 2377 3278 intelligentissimus
2421 3204 2515 3258 Dei
2562 3204 2808 3264 auditor;
2858 3201 2970 3256 sive
3013 3200 3305 3255 obscurum
3358 3214 3421 3252 ac

1853 3301 2153 3355 ﬂexuosum
2186 3307 2379 3351 natura
2423 3295 2558 3348 nihil
2593 3293 2848 3358 habeant,
2888 3307 2988 3346 nec
3023 3291 3298 3345 intellectu
3329 3306 3421 3345 ar-

1852 3393 2018 3447 dutnn
2055 3390 2195 3460 ipsi,
2220 3389 2312 3459 qui
2353 3403 2495 3442 unus
2533 3385 2777 3440 omnium
2812 3384 2904 3453 qui
2935 3398 3081 3437 nunc
3109 3384 3293 3436 vivunt
3323 3381 3422 3435 lio-

1853 3485 2085 3546 minum,
2111 3497 2252 3550 quos
2281 3480 2363 3534 vel
2391 3477 2632 3532 noverim
2659 3476 2790 3545 ipse,
2825 3475 2905 3529 vel
2934 3475 3054 3528 aliis
3074 3475 3421 3529 narrantibus

1853 3571 2172 3637 audiverim,
2211 3586 2344 3640 pura
2376 3579 2538 3638 atque
2583 3567 2866 3636 perspicua
2903 3567 3122 3620 oracula
3156 3567 3422 3620 meditan-

1852 3667 1944 3732 do,
1975 3677 2028 3720 et
2062 3679 2240 3720 mente
2281 3664 2394 3732 ipse
2435 3662 2709 3731 percipere
2742 3669 2937 3730 potest,
2971 3669 3024 3714 ct
3053 3661 3290 3728 reliquos
3325 3659 3422 3712 (1ο-

1853 3775 2005 3827 cere;
2039 3758 2294 3828 quoniam
2328 3757 2416 3810 ille
2444 3755 2687 3809 omnium
2729 3755 3001 3822 princeps,
3033 3753 3125 3822 qui
3157 3751 3265 3804 Deo
3287 3751 3420 3804 cha~

1852 3855 1929 3909 ris
1961 3851 2238 3923 prophetis
2272 3847 2513 3919 suggerit
2553 3857 2716 3917 atque
2761 3846 2990 3916 inspirat
3030 3860 3246 3898 omnem
3288 3858 3420 3913 pro-

1853 3945 2087 4016 phetiam
2140 3954 2557 4006 sermonemque
2607 3936 2896 4007 mysticum
2941 3951 3004 3990 ac
3047 3935 3311 3998 divinum,
3353 3948 3419 3987 eo

1852 4038 2004 4092 illum
2048 4036 2250 4088 honore
2301 4031 2537 4084 alliciens
2589 4030 2735 4082 velut
2780 4027 3035 4090 amicum,
3067 4027 3418 4094 interpretem

1853 4128 2173 4184 constituit:
2206 4141 2326 4196 qua:
2350 4124 2472 4178 aliis
2506 4121 2765 4176 indicavit
2795 4119 3076 4184 duntaxat,
3111 4132 3298 4171 eorum
3324 4133 3420 4186 per

1853 4225 1999 4276 hunc
2052 4218 2341 4274 instituens
2396 4213 2775 4281 disciplinam;
2819 4223 2870 4264 et
2911 4225 3248 4280 quaecunque
3280 4208 3415 4277 ipse,

1852 4311 1999 4367 omni
2030 4310 2132 4364 fide
2171 4307 2387 4378 dignus,
2431 4315 2524 4359 aut
2559 4304 2710 4374 regio
2756 4316 2906 4355 more
2934 4301 3100 4370 jussit
3133 4300 3414 4353 autetiam

1855 4401 2248 4470 pronuntiavit,
2306 4412 2493 4452 eorum
2558 4396 2796 4448 rationes
2849 4395 3172 4462 investigare
3227 4399 3280 4444 et
3331 4392 3421 4444 atl-

1774 4483 1823 4541 Ῑ)
1851 4493 2094 4548 invenire
2140 4491 2268 4544 huic
2315 4489 2544 4558 largitus
2577 4505 2587 4539 :
2626 4495 2683 4541 ut
2718 4485 2761 4539 si
2796 4484 2919 4553 quis
2952 4483 3134 4536 animo
3161 4482 3330 4535 durus
3365 4490 3419 4533 et

1851 4583 2186 4646 incredulus,
2206 4589 2299 4634 aut
2327 4576 2567 4632 discendi
2596 4575 2757 4628 etiam
2798 4571 3030 4639 cupidus
3049 4569 3275 4623 exsistat
3300 4609 3314 4633 ,
3348 4568 3417 4621 ab

1853 4679 1957 4732 hoc
1989 4677 2228 4738 discens,
2271 4680 2323 4724 et
2357 4669 2654 4736 intelligere
2687 4675 2740 4718 et
2769 4663 2988 4718 credere
3016 4659 3416 4729 quodammodo

1851 4777 2101 4838 Cogntur,
2147 4773 2203 4818 et
2240 4761 2408 4814 Deum
2442 4758 2616 4826 sequi.
2651 4755 2776 4808 llzce
2801 4768 2931 4806 vero
2961 4751 3049 4804 ille
3082 4766 3188 4804 non
3235 4750 3412 4816 aliter,

1850 4863 2066 4930 opinor,
2097 4857 2362 4917 enuntiat,
2397 4865 2559 4919 quam
2594 4864 2658 4902 ex
2694 4846 2861 4901 divini
2905 4844 3138 4913 Spiritus
3169 4858 3416 4896 commte-

1851 4953 2124 5009 nicatione
2158 4967 2170 5002 :
2204 4946 2390 5002 eadem
2424 4943 2567 4998 enim
2604 4940 2687 4993 vis
2717 4936 3016 5008 prophetis,
3046 4945 3098 4989 et
3128 4937 3415 5004 pmplteta-

1851 5060 1972 5099 rum
2018 5037 2359 5096 auditoribus
2397 5016 2480 5088 est
2519 5047 2690 5100 opus;
2738 5044 2836 5081 nec
2869 5027 3186 5096 prophetam
3222 5040 3416 5093 capere

1849 5136 1976 5207 quis
2005 5131 2196 5203 possit,
2227 5129 2315 5183 cui
2341 5125 2578 5196 Spiritus
2606 5123 2744 5176 idem
2780 5121 2870 5189 qui
2909 5117 3264 5188 prophetavit,
3297 5131 3414 5170 ser-

1850 5337 1956 5391 ούδ’
1988 5333 2241 5388 ἀσύνετον
2283 5325 2450 5397 αὐτῷ,
2500 5323 2706 5378 scilicet
2737 5321 2944 5391 ἔχοντα.
2975 5317 3176 5372 (ἰοηίει-
3213 5315 3257 5369 ll
3282 5315 3408 5371 Cor.

1849 5424 1972 5471 vm,
1995 5406 2086 5466 ‘25,
2117 5403 2166 5454 εἴ
2193 5417 2272 5452 τε.
2296 5397 2372 5452 In.
2583 5468 2594 5471 Α
2772 5464 2782 5471 ι
2912 5461 2944 5471 Π
3064 5458 3073 5469 1

1924 5457 2033 5546 (ἐν)
2076 5457 2383 5546 δΕχοντέεη
2411 5464 2861 5546 μεμελετηκρτέ
2907 5458 3261 5546 “amemus:
3300 5457 3410 5546 EX“

1849 5529 2255 5671 μεμελειῖηκῶς.
2291 5529 2576 5592 Nonnullis
2600 5529 2897 5602 interjectis
2940 5532 3164 5600 legimus
3189 5529 3275 5582 hic
3297 5530 3411 5598 ἔχει

1881 5617 2044 5671 αὸών.
2097 5631 2146 5667 n.

1881 5613 2044 5672 αϐὡν.
2075 5613 2146 5667 ID.

1924 5668 2032 5757 (50)
2070 5681 2294 5757 Αὐτῶν.
2341 5679 2591 5736 Refertur
2643 5675 2709 5730 ad
2761 5671 2988 5740 λογίων,
3029 5680 3082 5725 et
3132 5668 3338 5738 regitur
3377 5683 3407 5721 a

1851 5752 2168 5830 προήγορον.
2203 5752 2278 5806 in.
