  <div class='ocr_page' id='page_1' title='image "/cluster/home/n/w/nwhite01/storage/ocr_20150623/10/hvd.32044019207620/555.png"; bbox 0 0 3876 6502; ppageno 0'>
   <div class='ocr_carea' id='block_1_1' title="bbox 471 308 611 367">
    <p class='ocr_par' dir='ltr' id='par_1_1' title="bbox 471 308 611 367">
     <span class='ocr_line' id='line_1_1' title="bbox 471 308 611 367; baseline 0.014 -4"><span class='ocrx_word' id='word_1_1' title='bbox 471 308 611 367; x_wconf 60' lang='lat'><strong>5095</strong></span> 
     </span>
    </p>
   </div>
   <div class='ocr_carea' id='block_1_2' title="bbox 1594 290 2582 362">
    <p class='ocr_par' dir='ltr' id='par_1_2' title="bbox 1594 290 2582 362">
     <span class='ocr_line' id='line_1_2' title="bbox 1594 290 2582 362; baseline -0.001 -2"><span class='ocrx_word' id='word_1_2' title='bbox 1594 296 1659 362; x_wconf 76' lang='lat' dir='ltr'><strong>‘s.</strong></span> <span class='ocrx_word' id='word_1_3' title='bbox 1693 290 2029 361; x_wconf 71' lang='lat' dir='ltr'><strong>sescenti</strong></span> <span class='ocrx_word' id='word_1_4' title='bbox 2071 302 2582 362; x_wconf 82' lang='lat' dir='ltr'><strong>THAUMATURGI</strong></span> 
     </span>
    </p>
   </div>
   <div class='ocr_carea' id='block_1_3' title="bbox 3569 307 3715 363">
    <p class='ocr_par' dir='ltr' id='par_1_3' title="bbox 3569 307 3715 363">
     <span class='ocr_line' id='line_1_3' title="bbox 3569 307 3715 363; baseline 0 0"><span class='ocrx_word' id='word_1_5' title='bbox 3569 307 3715 363; x_wconf 70' lang='lat' dir='ltr'><strong>i096</strong></span> 
     </span>
    </p>
   </div>
   <div class='ocr_carea' id='block_1_4' title="bbox 468 415 2029 497">
    <p class='ocr_par' dir='ltr' id='par_1_4' title="bbox 468 415 2029 497">
     <span class='ocr_line' id='line_1_4' title="bbox 468 415 2029 497; baseline -0.003 -15"><span class='ocrx_word' id='word_1_6' title='bbox 468 441 695 483; x_wconf 88' lang='lat' dir='ltr'><strong>monum</strong></span> <span class='ocrx_word' id='word_1_7' title='bbox 727 426 845 497; x_wconf 87' lang='lat' dir='ltr'><strong>ejus</strong></span> <span class='ocrx_word' id='word_1_8' title='bbox 872 415 1281 496; x_wconf 69' lang='lat' dir='ltr'><strong>intelligentiam</strong></span> <span class='ocrx_word' id='word_1_9' title='bbox 1309 439 1418 478; x_wconf 87' lang='lat' dir='ltr'><strong>non</strong></span> <span class='ocrx_word' id='word_1_10' title='bbox 1441 423 1669 480; x_wconf 82' lang='lat' dir='ltr'><strong>dederit.</strong></span> <span class='ocrx_word' id='word_1_11' title='bbox 1704 424 1961 496; x_wconf 85' lang='lat' dir='ltr'><strong>Talisque</strong></span> <span class='ocrx_word' id='word_1_12' title='bbox 1982 425 2029 478; x_wconf 89' lang='lat' dir='ltr'><strong>in</strong></span> 
     </span>
    </p>
   </div>
   <div class='ocr_carea' id='block_1_5' title="bbox 2133 415 3715 497">
    <p class='ocr_par' dir='ltr' id='par_1_5' title="bbox 2140 422 3715 496">
     <span class='ocr_line' id='line_1_5' title="bbox 2140 422 3715 496; baseline 0.002 -21"><span class='ocrx_word' id='word_1_13' title='bbox 2140 422 2317 491; x_wconf 79' lang='grc' dir='ltr'>λόγιον</span> <span class='ocrx_word' id='word_1_14' title='bbox 2343 423 2440 477; x_wconf 72' lang='grc' dir='ltr'>καὶ</span> <span class='ocrx_word' id='word_1_15' title='bbox 2485 426 2543 476; x_wconf 83' lang='grc' dir='ltr'>ὲν</span> <span class='ocrx_word' id='word_1_16' title='bbox 2586 426 2701 488; x_wconf 83' lang='grc' dir='ltr'>τοῖς</span> <span class='ocrx_word' id='word_1_17' title='bbox 2750 424 2915 495; x_wconf 84' lang='grc' dir='ltr'>ίεροῖς</span> <span class='ocrx_word' id='word_1_18' title='bbox 2946 422 3261 496; x_wconf 84' lang='grc' dir='ltr'>Γράμμασι,</span> <span class='ocrx_word' id='word_1_19' title='bbox 3316 425 3407 480; x_wconf 85' lang='grc' dir='ltr'>τδν</span> <span class='ocrx_word' id='word_1_20' title='bbox 3456 422 3715 479; x_wconf 78' lang='grc' dir='ltr'>κλείοντα</span> 
     </span>
    </p>
   </div>
   <div class='ocr_carea' id='block_1_6' title="bbox 469 517 2038 585">
    <p class='ocr_par' dir='ltr' id='par_1_6' title="bbox 469 517 2038 585">
     <span class='ocr_line' id='line_1_6' title="bbox 469 517 2038 585; baseline -0.003 -10"><span class='ocrx_word' id='word_1_21' title='bbox 469 519 640 575; x_wconf 90' lang='lat' dir='ltr'><strong>sacris</strong></span> <span class='ocrx_word' id='word_1_22' title='bbox 660 518 823 573; x_wconf 90' lang='lat' dir='ltr'><strong>etiam</strong></span> <span class='ocrx_word' id='word_1_23' title='bbox 855 517 1079 574; x_wconf 88' lang='lat' dir='ltr'><strong>Litteris</strong></span> <span class='ocrx_word' id='word_1_24' title='bbox 1113 518 1387 574; x_wconf 89' lang='lat' dir='ltr'><strong>sententia</strong></span> <span class='ocrx_word' id='word_1_25' title='bbox 1414 518 1672 585; x_wconf 70' lang='lat' dir='ltr'><strong>exstat“,</strong></span> <span class='ocrx_word' id='word_1_26' title='bbox 1702 533 1828 572; x_wconf 90' lang='lat' dir='ltr'><strong>eum</strong></span> <span class='ocrx_word' id='word_1_27' title='bbox 1861 519 2038 574; x_wconf 90' lang='lat' dir='ltr'><strong>solum</strong></span> 
     </span>
    </p>
   </div>
   <div class='ocr_carea' id='block_1_7' title="bbox 469 609 2037 681">
    <p class='ocr_par' dir='ltr' id='par_1_7' title="bbox 469 609 2037 681">
     <span class='ocr_line' id='line_1_7' title="bbox 469 609 2037 681; baseline 0.001 -18"><span class='ocrx_word' id='word_1_28' title='bbox 469 611 564 681; x_wconf 88' lang='lat' dir='ltr'><strong>qui</strong></span> <span class='ocrx_word' id='word_1_29' title='bbox 594 610 811 673; x_wconf 86' lang='lat' dir='ltr'><strong>clausit,</strong></span> <span class='ocrx_word' id='word_1_30' title='bbox 837 611 1047 681; x_wconf 89' lang='lat' dir='ltr'><strong>aperire</strong></span> <span class='ocrx_word' id='word_1_31' title='bbox 1071 609 1365 673; x_wconf 83' lang='lat' dir='ltr'><strong>afﬁrmans,</strong></span> <span class='ocrx_word' id='word_1_32' title='bbox 1389 610 1557 664; x_wconf 90' lang='lat' dir='ltr'><strong>alium</strong></span> <span class='ocrx_word' id='word_1_33' title='bbox 1586 624 1714 663; x_wconf 88' lang='lat' dir='ltr'><strong>vero</strong></span> <span class='ocrx_word' id='word_1_34' title='bbox 1735 610 2037 665; x_wconf 88' lang='lat' dir='ltr'><strong>neminem:</strong></span> 
     </span>
    </p>
   </div>
   <div class='ocr_carea' id='block_1_8' title="bbox 467 702 2041 774">
    <p class='ocr_par' dir='ltr' id='par_1_8' title="bbox 467 702 2041 774">
     <span class='ocr_line' id='line_1_8' title="bbox 467 702 2041 774; baseline -0.002 -15"><span class='ocrx_word' id='word_1_35' title='bbox 467 704 655 759; x_wconf 88' lang='lat' dir='ltr'><strong>clausa</strong></span> <span class='ocrx_word' id='word_1_36' title='bbox 685 713 866 759; x_wconf 91' lang='lat' dir='ltr'><strong>autem</strong></span> <span class='ocrx_word' id='word_1_37' title='bbox 901 704 1093 773; x_wconf 90' lang='lat' dir='ltr'><strong>aperit,</strong></span> <span class='ocrx_word' id='word_1_38' title='bbox 1120 704 1247 757; x_wconf 91' lang='lat' dir='ltr'><strong>dum</strong></span> <span class='ocrx_word' id='word_1_39' title='bbox 1266 703 1552 774; x_wconf 73' lang='lat' dir='ltr'><strong>aenigmata</strong></span> <span class='ocrx_word' id='word_1_40' title='bbox 1580 702 1839 769; x_wconf 84' lang='lat' dir='ltr'><strong>declarat,</strong></span> <span class='ocrx_word' id='word_1_41' title='bbox 1862 716 2041 757; x_wconf 80' lang='lat' dir='ltr'><strong>sermo</strong></span> 
     </span>
    </p>
   </div>
   <div class='ocr_carea' id='block_1_9' title="bbox 469 794 2041 863">
    <p class='ocr_par' dir='ltr' id='par_1_9' title="bbox 469 794 2041 863">
     <span class='ocr_line' id='line_1_9' title="bbox 469 794 2041 863; baseline -0.001 -13"><span class='ocrx_word' id='word_1_42' title='bbox 469 796 706 851; x_wconf 66' lang='lat' dir='ltr'><strong>divinus,</strong></span> <span class='ocrx_word' id='word_1_43' title='bbox 740 795 895 862; x_wconf 81' lang='lat' dir='ltr'><strong>Quod</strong></span> <span class='ocrx_word' id='word_1_44' title='bbox 919 795 1137 863; x_wconf 80' lang='lat' dir='ltr'><strong>quidem</strong></span> <span class='ocrx_word' id='word_1_45' title='bbox 1170 795 1372 849; x_wconf 89' lang='lat' dir='ltr'><strong>donum</strong></span> <span class='ocrx_word' id='word_1_46' title='bbox 1405 794 1701 849; x_wconf 81' lang='lat' dir='ltr'><strong>maximum</strong></span> <span class='ocrx_word' id='word_1_47' title='bbox 1731 795 1819 850; x_wconf 83' lang='lat' dir='ltr'><strong>hic</strong></span> <span class='ocrx_word' id='word_1_48' title='bbox 1843 794 2041 849; x_wconf 78' lang='lat' dir='ltr'><strong>divini-</strong></span> 
     </span>
    </p>
   </div>
   <div class='ocr_carea' id='block_1_10' title="bbox 472 887 2042 956">
    <p class='ocr_par' dir='ltr' id='par_1_10' title="bbox 472 887 2042 956">
     <span class='ocr_line' id='line_1_10' title="bbox 472 887 2042 956; baseline -0.001 -13"><span class='ocrx_word' id='word_1_49' title='bbox 472 896 561 943; x_wconf 89' lang='lat' dir='ltr'><strong>tus</strong></span> <span class='ocrx_word' id='word_1_50' title='bbox 591 897 869 956; x_wconf 87' lang='lat' dir='ltr'><strong>acceptum</strong></span> <span class='ocrx_word' id='word_1_51' title='bbox 902 897 1215 956; x_wconf 72' lang='lat' dir='ltr'><strong>sOrtemqu‘e</strong></span> <span class='ocrx_word' id='word_1_52' title='bbox 1245 887 1461 941; x_wconf 69' lang='lat' dir='ltr'><strong>coalitus</strong></span> <span class='ocrx_word' id='word_1_53' title='bbox 1490 888 1749 955; x_wconf 78' lang='lat' dir='ltr'><strong>Optimam</strong></span> <span class='ocrx_word' id='word_1_54' title='bbox 1780 888 1957 954; x_wconf 85' lang='lat' dir='ltr'><strong>habet,</strong></span> <span class='ocrx_word' id='word_1_55' title='bbox 1982 896 2042 942; x_wconf 88' lang='lat' dir='ltr'><strong>ut</strong></span> 
     </span>
    </p>
   </div>
   <div class='ocr_carea' id='block_1_11' title="bbox 469 978 2040 1050">
    <p class='ocr_par' dir='ltr' id='par_1_11' title="bbox 469 978 2040 1050">
     <span class='ocr_line' id='line_1_11' title="bbox 469 978 2040 1050; baseline 0.002 -17"><span class='ocrx_word' id='word_1_56' title='bbox 469 979 565 1035; x_wconf 88' lang='lat' dir='ltr'><strong>Dei</strong></span> <span class='ocrx_word' id='word_1_57' title='bbox 603 986 918 1036; x_wconf 79' lang='lat' dir='ltr'><strong>sermonum</strong></span> <span class='ocrx_word' id='word_1_58' title='bbox 950 978 1218 1048; x_wconf 86' lang='lat' dir='ltr'><strong>interpres</strong></span> <span class='ocrx_word' id='word_1_59' title='bbox 1258 978 1328 1033; x_wconf 90' lang='lat' dir='ltr'><strong>sit</strong></span> <span class='ocrx_word' id='word_1_60' title='bbox 1356 978 1501 1049; x_wconf 86' lang='lat' dir='ltr'><strong>apud</strong></span> <span class='ocrx_word' id='word_1_61' title='bbox 1537 980 1807 1042; x_wconf 85' lang='lat' dir='ltr'><strong>homines,</strong></span> <span class='ocrx_word' id='word_1_62' title='bbox 1839 980 2040 1050; x_wconf 87' lang='lat' dir='ltr'><strong>Deique</strong></span> 
     </span>
    </p>
   </div>
   <div class='ocr_carea' id='block_1_12' title="bbox 467 1070 2039 1140">
    <p class='ocr_par' dir='ltr' id='par_1_12' title="bbox 467 1070 2039 1140">
     <span class='ocr_line' id='line_1_12' title="bbox 467 1070 2039 1140; baseline -0.001 -11"><span class='ocrx_word' id='word_1_63' title='bbox 467 1072 655 1138; x_wconf 76' lang='lat' dir='ltr'><strong>verba,</strong></span> <span class='ocrx_word' id='word_1_64' title='bbox 684 1072 761 1126; x_wconf 87' lang='lat' dir='ltr'><strong>uti</strong></span> <span class='ocrx_word' id='word_1_65' title='bbox 792 1070 902 1125; x_wconf 87' lang='lat' dir='ltr'><strong>Deo</strong></span> <span class='ocrx_word' id='word_1_66' title='bbox 923 1071 1178 1140; x_wconf 84' lang='lat' dir='ltr'><strong>loquente</strong></span> <span class='ocrx_word' id='word_1_67' title='bbox 1200 1070 1492 1140; x_wconf 76' lang='lat' dir='ltr'><strong>intelligat;</strong></span> <span class='ocrx_word' id='word_1_68' title='bbox 1516 1079 1569 1125; x_wconf 91' lang='lat' dir='ltr'><strong>et</strong></span> <span class='ocrx_word' id='word_1_69' title='bbox 1599 1071 1932 1134; x_wconf 89' lang='lat' dir='ltr'><strong>hominibus,</strong></span> <span class='ocrx_word' id='word_1_70' title='bbox 1961 1072 2039 1127; x_wconf 81' lang='lat' dir='ltr'><strong>uti</strong></span> 
     </span>
    </p>
   </div>
   <div class='ocr_carea' id='block_1_13' title="bbox 469 1158 2041 1233">
    <p class='ocr_par' dir='ltr' id='par_1_13' title="bbox 469 1158 2041 1233">
     <span class='ocr_line' id='line_1_13' title="bbox 469 1158 2041 1233; baseline -0.001 -14"><span class='ocrx_word' id='word_1_71' title='bbox 469 1164 718 1219; x_wconf 85' lang='lat' dir='ltr'><strong>homines</strong></span> <span class='ocrx_word' id='word_1_72' title='bbox 750 1163 1070 1233; x_wconf 86' lang='lat' dir='ltr'><strong>percipiant,</strong></span> <span class='ocrx_word' id='word_1_73' title='bbox 1111 1172 1348 1216; x_wconf 88' lang='lat' dir='ltr'><strong>enarret.</strong></span> <span class='ocrx_word' id='word_1_74' title='bbox 1375 1158 1555 1228; x_wconf 80' lang='lat' dir='ltr'><strong>Quare</strong></span> <span class='ocrx_word' id='word_1_75' title='bbox 1596 1162 1731 1215; x_wconf 89' lang='lat' dir='ltr'><strong>nihil</strong></span> <span class='ocrx_word' id='word_1_76' title='bbox 1764 1164 1922 1218; x_wconf 92' lang='lat' dir='ltr'><strong>nobis</strong></span> <span class='ocrx_word' id='word_1_77' title='bbox 1956 1164 2041 1218; x_wconf 83' lang='lat' dir='ltr'><strong>in-</strong></span> 
     </span>
    </p>
   </div>
   <div class='ocr_carea' id='block_1_14' title="bbox 469 1254 2036 1326">
    <p class='ocr_par' dir='ltr' id='par_1_14' title="bbox 469 1254 2036 1326">
     <span class='ocr_line' id='line_1_14' title="bbox 469 1254 2036 1326; baseline -0.001 -14"><span class='ocrx_word' id='word_1_78' title='bbox 469 1258 706 1322; x_wconf 92' lang='lat' dir='ltr'><strong>dictum;</strong></span> <span class='ocrx_word' id='word_1_79' title='bbox 740 1264 915 1326; x_wconf 76' lang='lat' dir='ltr'><strong>neqhe</strong></span> <span class='ocrx_word' id='word_1_80' title='bbox 959 1254 1105 1308; x_wconf 92' lang='lat' dir='ltr'><strong>enim</strong></span> <span class='ocrx_word' id='word_1_81' title='bbox 1154 1254 1396 1309; x_wconf 87' lang='lat' dir='ltr'><strong>abditum</strong></span> <span class='ocrx_word' id='word_1_82' title='bbox 1424 1263 1479 1310; x_wconf 92' lang='lat' dir='ltr'><strong>et</strong></span> <span class='ocrx_word' id='word_1_83' title='bbox 1505 1254 1842 1310; x_wconf 87' lang='lat' dir='ltr'><strong>inaccessum</strong></span> <span class='ocrx_word' id='word_1_84' title='bbox 1873 1264 1991 1311; x_wconf 90' lang='lat' dir='ltr'><strong>erat</strong></span> <span class='ocrx_word' id='word_1_85' title='bbox 2022 1258 2036 1310; x_wconf 68' lang='grc' dir='ltr'>ε</span> 
     </span>
    </p>
   </div>
   <div class='ocr_carea' id='block_1_15' title="bbox 468 1344 2039 1419">
    <p class='ocr_par' dir='ltr' id='par_1_15' title="bbox 468 1344 2039 1419">
     <span class='ocr_line' id='line_1_15' title="bbox 468 1344 2039 1419; baseline -0.001 -16"><span class='ocrx_word' id='word_1_86' title='bbox 468 1349 600 1419; x_wconf 92' lang='lat' dir='ltr'><strong>quin</strong></span> <span class='ocrx_word' id='word_1_87' title='bbox 621 1348 803 1403; x_wconf 81' lang='lat' dir='ltr'><strong>Omnia</strong></span> <span class='ocrx_word' id='word_1_88' title='bbox 828 1346 1136 1417; x_wconf 79' lang='lat' dir='ltr'><strong>perdiscere</strong></span> <span class='ocrx_word' id='word_1_89' title='bbox 1153 1345 1403 1416; x_wconf 82' lang='lat' dir='ltr'><strong>dogmata</strong></span> <span class='ocrx_word' id='word_1_90' title='bbox 1431 1344 1647 1412; x_wconf 85' lang='lat' dir='ltr'><strong>licebat,</strong></span> <span class='ocrx_word' id='word_1_91' title='bbox 1670 1357 1723 1400; x_wconf 83' lang='lat' dir='ltr'><strong>et</strong></span> <span class='ocrx_word' id='word_1_92' title='bbox 1747 1347 2039 1402; x_wconf 87' lang='lat' dir='ltr'><strong>barbarum</strong></span> 
     </span>
    </p>
   </div>
   <div class='ocr_carea' id='block_1_16' title="bbox 467 1436 2041 1508">
    <p class='ocr_par' dir='ltr' id='par_1_16' title="bbox 467 1436 2041 1508">
     <span class='ocr_line' id='line_1_16' title="bbox 467 1436 2041 1508; baseline 0 -11"><span class='ocrx_word' id='word_1_93' title='bbox 467 1450 521 1497; x_wconf 87' lang='lat' dir='ltr'><strong>et</strong></span> <span class='ocrx_word' id='word_1_94' title='bbox 564 1440 834 1506; x_wconf 68' lang='lat' dir='ltr'><strong>Graecum,</strong></span> <span class='ocrx_word' id='word_1_95' title='bbox 887 1448 942 1493; x_wconf 87' lang='lat' dir='ltr'><strong>et</strong></span> <span class='ocrx_word' id='word_1_96' title='bbox 980 1438 1272 1508; x_wconf 83' lang='lat' dir='ltr'><strong>mysticum</strong></span> <span class='ocrx_word' id='word_1_97' title='bbox 1303 1444 1358 1492; x_wconf 92' lang='lat' dir='ltr'><strong>et</strong></span> <span class='ocrx_word' id='word_1_98' title='bbox 1381 1436 1559 1503; x_wconf 85' lang='lat' dir='ltr'><strong>civile,</strong></span> <span class='ocrx_word' id='word_1_99' title='bbox 1596 1450 1651 1492; x_wconf 83' lang='lat' dir='ltr'><strong>et</strong></span> <span class='ocrx_word' id='word_1_100' title='bbox 1696 1438 1939 1494; x_wconf 88' lang='lat' dir='ltr'><strong>divinum</strong></span> <span class='ocrx_word' id='word_1_101' title='bbox 1986 1449 2041 1497; x_wconf 92' lang='lat' dir='ltr'><strong>et</strong></span> 
     </span>
    </p>
   </div>
   <div class='ocr_carea' id='block_1_17' title="bbox 467 1528 2040 1594">
    <p class='ocr_par' dir='ltr' id='par_1_17' title="bbox 467 1528 2040 1594">
     <span class='ocr_line' id='line_1_17' title="bbox 467 1528 2040 1594; baseline 0.001 -7"><span class='ocrx_word' id='word_1_102' title='bbox 467 1533 791 1594; x_wconf 87' lang='lat' dir='ltr'><strong>humanum,</strong></span> <span class='ocrx_word' id='word_1_103' title='bbox 844 1546 969 1585; x_wconf 91' lang='lat' dir='ltr'><strong>cum</strong></span> <span class='ocrx_word' id='word_1_104' title='bbox 1005 1529 1152 1583; x_wconf 91' lang='lat' dir='ltr'><strong>omni</strong></span> <span class='ocrx_word' id='word_1_105' title='bbox 1190 1528 1440 1583; x_wconf 81' lang='lat' dir='ltr'><strong>libertate</strong></span> <span class='ocrx_word' id='word_1_106' title='bbox 1488 1537 1681 1585; x_wconf 86' lang='lat' dir='ltr'><strong>cuncta</strong></span> <span class='ocrx_word' id='word_1_107' title='bbox 1715 1530 2040 1589; x_wconf 84' lang='lat' dir='ltr'><strong>obeuntibus</strong></span> 
     </span>
    </p>
   </div>
   <div class='ocr_carea' id='block_1_18' title="bbox 467 1617 2041 1691">
    <p class='ocr_par' dir='ltr' id='par_1_18' title="bbox 467 1617 2041 1691">
     <span class='ocr_line' id='line_1_18' title="bbox 467 1617 2041 1691; baseline 0.001 -14"><span class='ocrx_word' id='word_1_108' title='bbox 467 1630 630 1691; x_wconf 87' lang='lat' dir='ltr'><strong>atque</strong></span> <span class='ocrx_word' id='word_1_109' title='bbox 656 1620 1051 1683; x_wconf 83' lang='lat' dir='ltr'><strong>scrutantibus,</strong></span> <span class='ocrx_word' id='word_1_110' title='bbox 1090 1626 1151 1672; x_wconf 91' lang='lat' dir='ltr'><strong>ut</strong></span> <span class='ocrx_word' id='word_1_111' title='bbox 1180 1617 1436 1673; x_wconf 85' lang='lat' dir='ltr'><strong>Omnibus</strong></span> <span class='ocrx_word' id='word_1_112' title='bbox 1459 1619 1820 1688; x_wconf 81' lang='lat' dir='ltr'><strong>expleremur,</strong></span> <span class='ocrx_word' id='word_1_113' title='bbox 1842 1630 1896 1677; x_wconf 90' lang='lat' dir='ltr'><strong>et</strong></span> <span class='ocrx_word' id='word_1_114' title='bbox 1916 1624 2041 1678; x_wconf 83' lang='lat' dir='ltr'><strong>ani-</strong></span> 
     </span>
    </p>
   </div>
   <div class='ocr_carea' id='block_1_19' title="bbox 466 1700 2037 1784">
    <p class='ocr_par' dir='ltr' id='par_1_19' title="bbox 466 1700 2037 1784">
     <span class='ocr_line' id='line_1_19' title="bbox 466 1700 2037 1784; baseline 0.002 -18"><span class='ocrx_word' id='word_1_115' title='bbox 466 1712 541 1765; x_wconf 92' lang='lat' dir='ltr'><strong>mi</strong></span> <span class='ocrx_word' id='word_1_116' title='bbox 574 1712 732 1766; x_wconf 89' lang='lat' dir='ltr'><strong>bonis</strong></span> <span class='ocrx_word' id='word_1_117' title='bbox 757 1700 961 1764; x_wconf 76' lang='lat' dir='ltr'><strong>all‘atim</strong></span> <span class='ocrx_word' id='word_1_118' title='bbox 992 1708 1431 1780; x_wconf 88' lang='lat' dir='ltr'><strong>perfrueremur;</strong></span> <span class='ocrx_word' id='word_1_119' title='bbox 1464 1709 1579 1764; x_wconf 86' lang='lat' dir='ltr'><strong>sive</strong></span> <span class='ocrx_word' id='word_1_120' title='bbox 1600 1712 1838 1781; x_wconf 90' lang='lat' dir='ltr'><strong>priscum</strong></span> <span class='ocrx_word' id='word_1_121' title='bbox 1864 1717 2037 1784; x_wconf 47' lang='lat' dir='ltr'><strong>quod;</strong></span> 
     </span>
    </p>
   </div>
   <div class='ocr_carea' id='block_1_20' title="bbox 2140 511 3710 586">
    <p class='ocr_par' dir='ltr' id='par_1_20' title="bbox 2140 511 3710 586">
     <span class='ocr_line' id='line_1_20' title="bbox 2140 511 3710 586; baseline 0 -20"><span class='ocrx_word' id='word_1_122' title='bbox 2140 512 2451 580; x_wconf 74' lang='grc' dir='ltr'><strong>ἀνοιγνύναι</strong></span> <span class='ocrx_word' id='word_1_123' title='bbox 2514 511 2668 583; x_wconf 79' lang='grc' dir='ltr'>μόνον</span> <span class='ocrx_word' id='word_1_124' title='bbox 2716 513 2893 583; x_wconf 73' lang='grc' dir='ltr'>λέγον,</span> <span class='ocrx_word' id='word_1_125' title='bbox 2940 513 3096 567; x_wconf 79' lang='grc' dir='ltr'>ἄλλον</span> <span class='ocrx_word' id='word_1_126' title='bbox 3150 515 3207 568; x_wconf 84' lang='grc' dir='ltr'><strong>δὲ</strong></span> <span class='ocrx_word' id='word_1_127' title='bbox 3267 515 3387 586; x_wconf 85' lang='grc' dir='ltr'>μηδ’</span> <span class='ocrx_word' id='word_1_128' title='bbox 3440 514 3710 569; x_wconf 77' lang='grc' dir='ltr'>ὁντινοῦνο</span> 
     </span>
    </p>
   </div>
   <div class='ocr_carea' id='block_1_21' title="bbox 2142 605 3716 678">
    <p class='ocr_par' dir='ltr' id='par_1_21' title="bbox 2142 605 3716 678">
     <span class='ocr_line' id='line_1_21' title="bbox 2142 605 3716 678; baseline 0.003 -22"><span class='ocrx_word' id='word_1_129' title='bbox 2142 605 2347 673; x_wconf 86' lang='grc' dir='ltr'>ἀνοίγει</span> <span class='ocrx_word' id='word_1_130' title='bbox 2382 605 2438 658; x_wconf 85' lang='grc' dir='ltr'><strong>δὲ</strong></span> <span class='ocrx_word' id='word_1_131' title='bbox 2464 605 2532 659; x_wconf 74' lang='grc' dir='ltr'><strong>τὰ</strong></span> <span class='ocrx_word' id='word_1_132' title='bbox 2556 605 2935 677; x_wconf 83' lang='grc' dir='ltr'>κεκλεισμένα,</span> <span class='ocrx_word' id='word_1_133' title='bbox 2991 607 3299 678; x_wconf 80' lang='grc' dir='ltr'>σαφηνίζων</span> <span class='ocrx_word' id='word_1_134' title='bbox 3324 606 3391 661; x_wconf 79' lang='grc' dir='ltr'><strong>τά</strong></span> <span class='ocrx_word' id='word_1_135' title='bbox 3411 606 3716 677; x_wconf 72' lang='grc' dir='ltr'>αἰνίγματα</span> 
     </span>
    </p>
   </div>
   <div class='ocr_carea' id='block_1_22' title="bbox 2140 694 3713 772">
    <p class='ocr_par' dir='ltr' id='par_1_22' title="bbox 2140 694 3713 772">
     <span class='ocr_line' id='line_1_22' title="bbox 2140 694 3713 772; baseline 0.004 -25"><span class='ocrx_word' id='word_1_136' title='bbox 2140 696 2169 747; x_wconf 83' lang='grc' dir='ltr'>ὁ</span> <span class='ocrx_word' id='word_1_137' title='bbox 2197 694 2337 760; x_wconf 84' lang='grc' dir='ltr'>θεῖος</span> <span class='ocrx_word' id='word_1_138' title='bbox 2365 697 2541 766; x_wconf 90' lang='grc' dir='ltr'>λόγος.</span> <span class='ocrx_word' id='word_1_139' title='bbox 2573 698 2754 770; x_wconf 86' lang='grc' dir='ltr'>Δῶρον</span> <span class='ocrx_word' id='word_1_140' title='bbox 2782 700 2842 753; x_wconf 83' lang='grc' dir='ltr'>τὸ</span> <span class='ocrx_word' id='word_1_141' title='bbox 2872 701 3124 772; x_wconf 82' lang='grc' dir='ltr'>μέγιστον</span> <span class='ocrx_word' id='word_1_142' title='bbox 3156 694 3311 764; x_wconf 72' lang='grc' dir='ltr'>οὗτος</span> <span class='ocrx_word' id='word_1_143' title='bbox 3337 700 3489 754; x_wconf 83' lang='grc' dir='ltr'>τοῦτο</span> <span class='ocrx_word' id='word_1_144' title='bbox 3516 699 3713 753; x_wconf 78' lang='grc' dir='ltr'><strong>θεόθεν</strong></span> 
     </span>
    </p>
   </div>
   <div class='ocr_carea' id='block_1_23' title="bbox 2143 787 3715 866">
    <p class='ocr_par' dir='ltr' id='par_1_23' title="bbox 2143 787 3715 866">
     <span class='ocr_line' id='line_1_23' title="bbox 2143 787 3715 866; baseline 0.004 -26"><span class='ocrx_word' id='word_1_145' title='bbox 2143 787 2256 857; x_wconf 80' lang='grc' dir='ltr'>ἔχει</span> <span class='ocrx_word' id='word_1_146' title='bbox 2286 787 2486 855; x_wconf 79' lang='grc' dir='ltr'>λαϐὼν,</span> <span class='ocrx_word' id='word_1_147' title='bbox 2523 792 2616 845; x_wconf 75' lang='grc' dir='ltr'><strong>καὶ</strong></span> <span class='ocrx_word' id='word_1_148' title='bbox 2645 796 2838 864; x_wconf 87' lang='grc' dir='ltr'>μοῖραν</span> <span class='ocrx_word' id='word_1_149' title='bbox 2871 794 3160 865; x_wconf 86' lang='grc' dir='ltr'><strong>παγκάλην</strong></span> <span class='ocrx_word' id='word_1_150' title='bbox 3192 794 3492 864; x_wconf 82' lang='grc' dir='ltr'><strong>οὐρανόθεν,</strong></span> <span class='ocrx_word' id='word_1_151' title='bbox 3530 794 3715 866; x_wconf 79' lang='grc' dir='ltr'>ἑρμη-</span> 
     </span>
    </p>
   </div>
   <div class='ocr_carea' id='block_1_24' title="bbox 2139 873 3713 954">
    <p class='ocr_par' dir='ltr' id='par_1_24' title="bbox 2139 873 3713 954">
     <span class='ocr_line' id='line_1_24' title="bbox 2139 873 3713 954; baseline 0.004 -24"><span class='ocrx_word' id='word_1_152' title='bbox 2139 878 2265 941; x_wconf 83' lang='grc' dir='ltr'>νεὺς</span> <span class='ocrx_word' id='word_1_153' title='bbox 2282 873 2420 933; x_wconf 69' lang='grc' dir='ltr'>εἶναι</span> <span class='ocrx_word' id='word_1_154' title='bbox 2450 879 2555 933; x_wconf 89' lang='grc' dir='ltr'><strong>τῶν</strong></span> <span class='ocrx_word' id='word_1_155' title='bbox 2579 880 2671 934; x_wconf 83' lang='grc' dir='ltr'><strong>τοῦ</strong></span> <span class='ocrx_word' id='word_1_156' title='bbox 2688 881 2822 935; x_wconf 88' lang='grc' dir='ltr'><strong>Θεοῦ</strong></span> <span class='ocrx_word' id='word_1_157' title='bbox 2850 882 3024 952; x_wconf 85' lang='grc' dir='ltr'>λόγων</span> <span class='ocrx_word' id='word_1_158' title='bbox 3053 884 3187 953; x_wconf 84' lang='grc' dir='ltr'>πρὸς</span> <span class='ocrx_word' id='word_1_159' title='bbox 3212 881 3548 954; x_wconf 81' lang='grc' dir='ltr'><strong>ἀνθρώπους,</strong></span> <span class='ocrx_word' id='word_1_160' title='bbox 3582 900 3713 936; x_wconf 81' lang='grc' dir='ltr'>συν-</span> 
     </span>
    </p>
   </div>
   <div class='ocr_carea' id='block_1_25' title="bbox 2142 968 3712 1046">
    <p class='ocr_par' dir='ltr' id='par_1_25' title="bbox 2142 968 3712 1046">
     <span class='ocr_line' id='line_1_25' title="bbox 2142 968 3712 1046; baseline 0.004 -25"><span class='ocrx_word' id='word_1_161' title='bbox 2142 968 2279 1022; x_wconf 79' lang='grc' dir='ltr'>ιέναι</span> <span class='ocrx_word' id='word_1_162' title='bbox 2328 970 2397 1024; x_wconf 85' lang='grc' dir='ltr'><strong>τά</strong></span> <span class='ocrx_word' id='word_1_163' title='bbox 2443 972 2575 1025; x_wconf 89' lang='grc' dir='ltr'>Θεοῦ</span> <span class='ocrx_word' id='word_1_164' title='bbox 2619 973 2695 1036; x_wconf 83' lang='grc' dir='ltr'>ὡς</span> <span class='ocrx_word' id='word_1_165' title='bbox 2736 973 2870 1027; x_wconf 86' lang='grc' dir='ltr'>Θεοῦ</span> <span class='ocrx_word' id='word_1_166' title='bbox 2918 974 3221 1038; x_wconf 85' lang='grc' dir='ltr'>λαλοῦντος,</span> <span class='ocrx_word' id='word_1_167' title='bbox 3259 975 3351 1029; x_wconf 74' lang='grc' dir='ltr'>καὶ</span> <span class='ocrx_word' id='word_1_168' title='bbox 3397 973 3712 1046; x_wconf 75' lang='grc' dir='ltr'><strong>διηγεῖσθαι</strong></span> 
     </span>
    </p>
   </div>
   <div class='ocr_carea' id='block_1_26' title="bbox 2140 1059 3711 1137">
    <p class='ocr_par' dir='ltr' id='par_1_26' title="bbox 2140 1059 3711 1137">
     <span class='ocr_line' id='line_1_26' title="bbox 2140 1059 3711 1137; baseline 0.004 -25"><span class='ocrx_word' id='word_1_169' title='bbox 2140 1059 2466 1130; x_wconf 85' lang='grc' dir='ltr'>ἀνθρώποις,</span> <span class='ocrx_word' id='word_1_170' title='bbox 2497 1063 2572 1129; x_wconf 85' lang='grc' dir='ltr'>ὡς</span> <span class='ocrx_word' id='word_1_171' title='bbox 2604 1064 2908 1119; x_wconf 82' lang='grc' dir='ltr'><strong>ἀκούσωσιν</strong></span> <span class='ocrx_word' id='word_1_172' title='bbox 2942 1066 3055 1136; x_wconf 77' lang='grc'>(51)</span> <span class='ocrx_word' id='word_1_173' title='bbox 3084 1066 3372 1137; x_wconf 82' lang='grc' dir='ltr'>ἄνθρωποι.</span> <span class='ocrx_word' id='word_1_174' title='bbox 3399 1065 3711 1137; x_wconf 77' lang='grc' dir='ltr'>Τοιγαροῦν</span> 
     </span>
    </p>
   </div>
   <div class='ocr_carea' id='block_1_27' title="bbox 2138 1152 3714 1228">
    <p class='ocr_par' dir='ltr' id='par_1_27' title="bbox 2138 1152 3714 1228">
     <span class='ocr_line' id='line_1_27' title="bbox 2138 1152 3714 1228; baseline 0.003 -23"><span class='ocrx_word' id='word_1_175' title='bbox 2138 1152 2293 1206; x_wconf 81' lang='grc' dir='ltr'>οὐδὲν</span> <span class='ocrx_word' id='word_1_176' title='bbox 2323 1155 2457 1225; x_wconf 81' lang='grc' dir='ltr'>ἡμῖν</span> <span class='ocrx_word' id='word_1_177' title='bbox 2478 1154 2735 1225; x_wconf 81' lang='grc' dir='ltr'>ἀρῤητον,</span> <span class='ocrx_word' id='word_1_178' title='bbox 2771 1156 2891 1209; x_wconf 84' lang='grc' dir='ltr'>οὐδὲ</span> <span class='ocrx_word' id='word_1_179' title='bbox 2929 1159 3037 1228; x_wconf 82' lang='grc' dir='ltr'>γὰρ</span> <span class='ocrx_word' id='word_1_180' title='bbox 3072 1158 3183 1226; x_wconf 68' lang='grc'>(59)</span> <span class='ocrx_word' id='word_1_181' title='bbox 3212 1158 3596 1228; x_wconf 80' lang='grc' dir='ltr'>κεκρυμμένον</span> <span class='ocrx_word' id='word_1_182' title='bbox 3622 1157 3714 1210; x_wconf 78' lang='grc' dir='ltr'>καὶ</span> 
     </span>
    </p>
   </div>
   <div class='ocr_carea' id='block_1_28' title="bbox 2140 1239 3713 1316">
    <p class='ocr_par' dir='ltr' id='par_1_28' title="bbox 2140 1239 3713 1316">
     <span class='ocr_line' id='line_1_28' title="bbox 2140 1239 3713 1316; baseline 0.002 -18"><span class='ocrx_word' id='word_1_183' title='bbox 2140 1243 2338 1298; x_wconf 79' lang='grc' dir='ltr'>ἄϐατον</span> <span class='ocrx_word' id='word_1_184' title='bbox 2368 1239 2455 1314; x_wconf 78' lang='grc' dir='ltr'><strong>ἦν’</strong></span> <span class='ocrx_word' id='word_1_185' title='bbox 2489 1242 2614 1314; x_wconf 79' lang='grc' dir='ltr'><strong>ἐξῆν</strong></span> <span class='ocrx_word' id='word_1_186' title='bbox 2635 1246 2692 1299; x_wconf 82' lang='grc' dir='ltr'>δὲ</span> <span class='ocrx_word' id='word_1_187' title='bbox 2737 1246 2831 1298; x_wconf 77' lang='grc' dir='ltr'>καὶ</span> <span class='ocrx_word' id='word_1_188' title='bbox 2891 1245 3183 1316; x_wconf 84' lang='grc' dir='ltr'>μανθάνειν</span> <span class='ocrx_word' id='word_1_189' title='bbox 3208 1246 3379 1301; x_wconf 84' lang='grc' dir='ltr'>πάντα</span> <span class='ocrx_word' id='word_1_190' title='bbox 3406 1247 3590 1315; x_wconf 82' lang='grc' dir='ltr'>λόγον,</span> <span class='ocrx_word' id='word_1_191' title='bbox 3622 1249 3713 1301; x_wconf 75' lang='grc' dir='ltr'>καὶ</span> 
     </span>
    </p>
   </div>
   <div class='ocr_carea' id='block_1_29' title="bbox 2143 1334 3715 1409">
    <p class='ocr_par' dir='ltr' id='par_1_29' title="bbox 2143 1334 3715 1409">
     <span class='ocr_line' id='line_1_29' title="bbox 2143 1334 3715 1409; baseline 0.003 -20"><span class='ocrx_word' id='word_1_192' title='bbox 2143 1334 2414 1407; x_wconf 79' lang='grc' dir='ltr'>βάρϐαρον</span> <span class='ocrx_word' id='word_1_193' title='bbox 2442 1336 2537 1387; x_wconf 76' lang='grc' dir='ltr'>καὶ</span> <span class='ocrx_word' id='word_1_194' title='bbox 2571 1335 2827 1408; x_wconf 84' lang='grc' dir='ltr'><strong>Ἕλληνα,</strong></span> <span class='ocrx_word' id='word_1_195' title='bbox 2880 1338 2976 1392; x_wconf 78' lang='grc' dir='ltr'>καὶ</span> <span class='ocrx_word' id='word_1_196' title='bbox 3020 1336 3414 1409; x_wconf 83' lang='grc' dir='ltr'>μυστικώτερον</span> <span class='ocrx_word' id='word_1_197' title='bbox 3434 1339 3524 1392; x_wconf 65' lang='grc' dir='ltr'>καὶ</span> <span class='ocrx_word' id='word_1_198' title='bbox 3564 1339 3715 1394; x_wconf 64' lang='lat'><strong>7:01:-</strong></span> 
     </span>
    </p>
   </div>
   <div class='ocr_carea' id='block_1_30' title="bbox 2120 1416 3715 1501">
    <p class='ocr_par' dir='ltr' id='par_1_30' title="bbox 2120 1416 3715 1501">
     <span class='ocr_line' id='line_1_30' title="bbox 2120 1416 3715 1501; baseline 0.003 -22"><span class='ocrx_word' id='word_1_199' title='bbox 2120 1416 2452 1497; x_wconf 67' lang='grc' dir='ltr'>’τικώτερον,</span> <span class='ocrx_word' id='word_1_200' title='bbox 2473 1426 2567 1479; x_wconf 74' lang='grc' dir='ltr'>καὶ</span> <span class='ocrx_word' id='word_1_201' title='bbox 2591 1426 2733 1481; x_wconf 89' lang='grc' dir='ltr'>θεῖον</span> <span class='ocrx_word' id='word_1_202' title='bbox 2766 1428 2861 1481; x_wconf 79' lang='grc' dir='ltr'>καὶ</span> <span class='ocrx_word' id='word_1_203' title='bbox 2892 1427 3247 1500; x_wconf 85' lang='grc' dir='ltr'>ἀνθρώπινον,</span> <span class='ocrx_word' id='word_1_204' title='bbox 3280 1430 3373 1480; x_wconf 82' lang='grc' dir='ltr'><strong>σὺν</strong></span> <span class='ocrx_word' id='word_1_205' title='bbox 3393 1430 3539 1501; x_wconf 79' lang='grc' dir='ltr'>πάσῃ</span> <span class='ocrx_word' id='word_1_206' title='bbox 3570 1432 3715 1501; x_wconf 76' lang='grc' dir='ltr'>παῤ-</span> 
     </span>
    </p>
   </div>
   <div class='ocr_carea' id='block_1_31' title="bbox 2144 1518 3710 1594">
    <p class='ocr_par' dir='ltr' id='par_1_31' title="bbox 2144 1518 3710 1594">
     <span class='ocr_line' id='line_1_31' title="bbox 2144 1518 3710 1594; baseline 0.003 -24"><span class='ocrx_word' id='word_1_207' title='bbox 2144 1518 2308 1590; x_wconf 79' lang='grc' dir='ltr'>ῥησίᾳ</span> <span class='ocrx_word' id='word_1_208' title='bbox 2334 1518 2668 1590; x_wconf 84' lang='grc' dir='ltr'>ὲκπεριιοῦσι</span> <span class='ocrx_word' id='word_1_209' title='bbox 2717 1520 2828 1591; x_wconf 76' lang='grc'>(55)</span> <span class='ocrx_word' id='word_1_210' title='bbox 2873 1520 3052 1574; x_wconf 88' lang='grc' dir='ltr'>πάντα</span> <span class='ocrx_word' id='word_1_211' title='bbox 3099 1520 3196 1574; x_wconf 65' lang='grc' dir='ltr'><strong>κα)⁵</strong></span> <span class='ocrx_word' id='word_1_212' title='bbox 3238 1520 3710 1594; x_wconf 79' lang='grc' dir='ltr'>διερευνωμένοις,</span> 
     </span>
    </p>
   </div>
   <div class='ocr_carea' id='block_1_32' title="bbox 2140 1610 3713 1684">
    <p class='ocr_par' dir='ltr' id='par_1_32' title="bbox 2140 1610 3713 1684">
     <span class='ocr_line' id='line_1_32' title="bbox 2140 1610 3713 1684; baseline 0.002 -21"><span class='ocrx_word' id='word_1_213' title='bbox 2140 1611 2236 1663; x_wconf 79' lang='grc' dir='ltr'>καὶ</span> <span class='ocrx_word' id='word_1_214' title='bbox 2269 1610 2482 1663; x_wconf 79' lang='grc' dir='ltr'>πάντων</span> <span class='ocrx_word' id='word_1_215' title='bbox 2509 1611 2957 1683; x_wconf 80' lang='grc' dir='ltr'>ὲμφορουμένοις,</span> <span class='ocrx_word' id='word_1_216' title='bbox 2988 1612 3081 1666; x_wconf 80' lang='grc' dir='ltr'>καὶ</span> <span class='ocrx_word' id='word_1_217' title='bbox 3111 1611 3439 1666; x_wconf 79' lang='grc' dir='ltr'>ἀπολαύουσι</span> <span class='ocrx_word' id='word_1_218' title='bbox 3461 1612 3579 1665; x_wconf 84' lang='grc' dir='ltr'><strong>τῶν</strong></span> <span class='ocrx_word' id='word_1_219' title='bbox 3617 1615 3713 1684; x_wconf 73' lang='grc' dir='ltr'>τῆς</span> 
     </span>
    </p>
   </div>
   <div class='ocr_carea' id='block_1_33' title="bbox 2139 1699 3711 1773">
    <p class='ocr_par' dir='ltr' id='par_1_33' title="bbox 2139 1699 3711 1773">
     <span class='ocr_line' id='line_1_33' title="bbox 2139 1699 3711 1773; baseline 0.004 -21"><span class='ocrx_word' id='word_1_220' title='bbox 2139 1699 2318 1770; x_wconf 74' lang='grc' dir='ltr'>ψυχῆς</span> <span class='ocrx_word' id='word_1_221' title='bbox 2343 1700 2579 1770; x_wconf 56' lang='grc' dir='ltr'>ἀγαθῶν</span> <span class='ocrx_word' id='word_1_222' title='bbox 2616 1702 2727 1754; x_wconf 73' lang='grc' dir='ltr'>εἴτε</span> <span class='ocrx_word' id='word_1_223' title='bbox 2773 1720 2826 1755; x_wconf 89' lang='grc' dir='ltr'><strong>τι</strong></span> <span class='ocrx_word' id='word_1_224' title='bbox 2887 1703 3115 1758; x_wconf 84' lang='grc' dir='ltr'>παλαιὸν</span> <span class='ocrx_word' id='word_1_225' title='bbox 3166 1702 3420 1773; x_wconf 78' lang='grc' dir='ltr'>ἀληθείας</span> <span class='ocrx_word' id='word_1_226' title='bbox 3454 1703 3711 1773; x_wconf 73' lang='grc' dir='ltr'>μάθημα,</span> 
     </span>
    </p>
   </div>
   <div class='ocr_carea' id='block_1_34' title="bbox 466 1783 2029 1876">
    <p class='ocr_par' dir='ltr' id='par_1_34' title="bbox 466 1801 2029 1876">
     <span class='ocr_line' id='line_1_34' title="bbox 466 1801 2029 1876; baseline 0.003 -17"><span class='ocrx_word' id='word_1_227' title='bbox 466 1805 613 1876; x_wconf 87' lang='lat' dir='ltr'><strong>piam</strong></span> <span class='ocrx_word' id='word_1_228' title='bbox 644 1804 890 1858; x_wconf 83' lang='lat' dir='ltr'><strong>veritatis</strong></span> <span class='ocrx_word' id='word_1_229' title='bbox 926 1803 1334 1870; x_wconf 84' lang='lat' dir='ltr'><strong>documentum,</strong></span> <span class='ocrx_word' id='word_1_230' title='bbox 1366 1802 1483 1859; x_wconf 84' lang='lat' dir='ltr'><strong>sive</strong></span> <span class='ocrx_word' id='word_1_231' title='bbox 1514 1801 1623 1857; x_wconf 89' lang='lat' dir='ltr'><strong>alio</strong></span> <span class='ocrx_word' id='word_1_232' title='bbox 1660 1806 1785 1875; x_wconf 91' lang='lat' dir='ltr'><strong>quis</strong></span> <span class='ocrx_word' id='word_1_233' title='bbox 1814 1809 2029 1864; x_wconf 84' lang='lat' dir='ltr'><strong>nomine</strong></span> 
     </span>
    </p>
   </div>
   <div class='ocr_carea' id='block_1_35' title="bbox 2133 1783 3713 1876">
    <p class='ocr_par' dir='ltr' id='par_1_35' title="bbox 2138 1789 3713 1863">
     <span class='ocr_line' id='line_1_35' title="bbox 2138 1789 3713 1863; baseline 0.003 -22"><span class='ocrx_word' id='word_1_234' title='bbox 2138 1789 2246 1842; x_wconf 82' lang='grc' dir='ltr'>εἴτε</span> <span class='ocrx_word' id='word_1_235' title='bbox 2278 1790 2374 1844; x_wconf 81' lang='grc' dir='ltr'>καὶ</span> <span class='ocrx_word' id='word_1_236' title='bbox 2405 1790 2532 1845; x_wconf 80' lang='grc' dir='ltr'>ἄλλο</span> <span class='ocrx_word' id='word_1_237' title='bbox 2579 1808 2663 1855; x_wconf 85' lang='grc' dir='ltr'><strong>τις</strong></span> <span class='ocrx_word' id='word_1_238' title='bbox 2712 1790 2974 1862; x_wconf 86' lang='grc' dir='ltr'>ὀνομάσαι</span> <span class='ocrx_word' id='word_1_239' title='bbox 3002 1792 3239 1846; x_wconf 85' lang='grc' dir='ltr'>τοιοῦτον</span> <span class='ocrx_word' id='word_1_240' title='bbox 3270 1791 3401 1862; x_wconf 75' lang='grc' dir='ltr'>ἔχοι,</span> <span class='ocrx_word' id='word_1_241' title='bbox 3436 1795 3493 1845; x_wconf 82' lang='grc' dir='ltr'>ὲν</span> <span class='ocrx_word' id='word_1_242' title='bbox 3558 1794 3713 1863; x_wconf 73' lang='grc' dir='ltr'>αὐτῷ</span> 
     </span>
    </p>
   </div>
   <div class='ocr_carea' id='block_1_36' title="bbox 468 1890 2035 1968">
    <p class='ocr_par' dir='ltr' id='par_1_36' title="bbox 468 1890 2035 1968">
     <span class='ocr_line' id='line_1_36' title="bbox 468 1890 2035 1968; baseline 0.001 -16"><span class='ocrx_word' id='word_1_243' title='bbox 468 1898 739 1967; x_wconf 85' lang='lat' dir='ltr'><strong>appellare</strong></span> <span class='ocrx_word' id='word_1_244' title='bbox 780 1894 955 1959; x_wconf 88' lang='lat' dir='ltr'><strong>malit,</strong></span> <span class='ocrx_word' id='word_1_245' title='bbox 989 1895 1291 1950; x_wconf 90' lang='lat' dir='ltr'><strong>mirabilem</strong></span> <span class='ocrx_word' id='word_1_246' title='bbox 1326 1895 1381 1950; x_wconf 92' lang='lat' dir='ltr'><strong>in</strong></span> <span class='ocrx_word' id='word_1_247' title='bbox 1422 1890 1513 1951; x_wconf 88' lang='lat' dir='ltr'><strong>illo</strong></span> <span class='ocrx_word' id='word_1_248' title='bbox 1545 1896 1875 1967; x_wconf 88' lang='lat' dir='ltr'><strong>plenumque</strong></span> <span class='ocrx_word' id='word_1_249' title='bbox 1914 1900 2035 1968; x_wconf 83' lang='lat' dir='ltr'><strong>pul-</strong></span> 
     </span>
    </p>
   </div>
   <div class='ocr_carea' id='block_1_37' title="bbox 466 1989 2037 2058">
    <p class='ocr_par' dir='ltr' id='par_1_37' title="bbox 466 1989 2037 2058">
     <span class='ocr_line' id='line_1_37' title="bbox 466 1989 2037 2058; baseline 0.003 -16"><span class='ocrx_word' id='word_1_250' title='bbox 466 1989 861 2043; x_wconf 78' lang='lat' dir='ltr'><strong>cherrimarum</strong></span> <span class='ocrx_word' id='word_1_251' title='bbox 890 2003 1071 2042; x_wconf 91' lang='lat' dir='ltr'><strong>rerum</strong></span> <span class='ocrx_word' id='word_1_252' title='bbox 1110 1996 1428 2058; x_wconf 86' lang='lat' dir='ltr'><strong>apparatum</strong></span> <span class='ocrx_word' id='word_1_253' title='bbox 1464 2003 1528 2043; x_wconf 93' lang='lat' dir='ltr'><strong>ac</strong></span> <span class='ocrx_word' id='word_1_254' title='bbox 1560 1989 1770 2057; x_wconf 92' lang='lat' dir='ltr'><strong>copiam</strong></span> <span class='ocrx_word' id='word_1_255' title='bbox 1803 1989 2037 2046; x_wconf 85' lang='lat' dir='ltr'><strong>habeba-</strong></span> 
     </span>
    </p>
   </div>
   <div class='ocr_carea' id='block_1_38' title="bbox 468 2077 2036 2149">
    <p class='ocr_par' dir='ltr' id='par_1_38' title="bbox 468 2077 2036 2149">
     <span class='ocr_line' id='line_1_38' title="bbox 468 2077 2036 2149; baseline 0.004 -18"><span class='ocrx_word' id='word_1_256' title='bbox 468 2091 611 2131; x_wconf 85' lang='lat' dir='ltr'><strong>mus.</strong></span> <span class='ocrx_word' id='word_1_257' title='bbox 654 2078 831 2148; x_wconf 80' lang='lat' dir='ltr'><strong>Atque</strong></span> <span class='ocrx_word' id='word_1_258' title='bbox 873 2078 957 2147; x_wconf 84' lang='lat' dir='ltr'><strong>(ut</strong></span> <span class='ocrx_word' id='word_1_259' title='bbox 1003 2078 1191 2145; x_wconf 88' lang='lat' dir='ltr'><strong>paucis</strong></span> <span class='ocrx_word' id='word_1_260' title='bbox 1234 2077 1433 2147; x_wconf 82' lang='lat' dir='ltr'><strong>dicam)</strong></span> <span class='ocrx_word' id='word_1_261' title='bbox 1477 2079 1666 2134; x_wconf 87' lang='lat' dir='ltr'><strong>hortus</strong></span> <span class='ocrx_word' id='word_1_262' title='bbox 1696 2080 1915 2149; x_wconf 88' lang='lat' dir='ltr'><strong>quidam</strong></span> <span class='ocrx_word' id='word_1_263' title='bbox 1950 2098 2036 2137; x_wconf 85' lang='lat' dir='ltr'><strong>re-</strong></span> 
     </span>
    </p>
   </div>
   <div class='ocr_carea' id='block_1_39' title="bbox 465 2168 2035 2239">
    <p class='ocr_par' dir='ltr' id='par_1_39' title="bbox 465 2168 2035 2239">
     <span class='ocr_line' id='line_1_39' title="bbox 465 2168 2035 2239; baseline 0.003 -17"><span class='ocrx_word' id='word_1_264' title='bbox 465 2184 594 2223; x_wconf 88' lang='lat' dir='ltr'><strong>vera</strong></span> <span class='ocrx_word' id='word_1_265' title='bbox 624 2168 777 2225; x_wconf 87' lang='lat' dir='ltr'><strong>nobis</strong></span> <span class='ocrx_word' id='word_1_266' title='bbox 804 2178 943 2235; x_wconf 85' lang='lat' dir='ltr'><strong>erat,</strong></span> <span class='ocrx_word' id='word_1_267' title='bbox 982 2169 1163 2239; x_wconf 77' lang='lat' dir='ltr'><strong>magni</strong></span> <span class='ocrx_word' id='word_1_268' title='bbox 1191 2168 1339 2225; x_wconf 89' lang='lat' dir='ltr'><strong>illius</strong></span> <span class='ocrx_word' id='word_1_269' title='bbox 1368 2171 1606 2239; x_wconf 87' lang='lat' dir='ltr'><strong>paradisi</strong></span> <span class='ocrx_word' id='word_1_270' title='bbox 1649 2169 1740 2226; x_wconf 84' lang='lat' dir='ltr'><strong>Dei</strong></span> <span class='ocrx_word' id='word_1_271' title='bbox 1777 2173 2035 2228; x_wconf 89' lang='lat' dir='ltr'><strong>similitu-</strong></span> 
     </span>
    </p>
   </div>
   <div class='ocr_carea' id='block_1_40' title="bbox 468 2260 2039 2334">
    <p class='ocr_par' dir='ltr' id='par_1_40' title="bbox 468 2260 2039 2334">
     <span class='ocr_line' id='line_1_40' title="bbox 468 2260 2039 2334; baseline 0.003 -19"><span class='ocrx_word' id='word_1_272' title='bbox 468 2261 649 2316; x_wconf 92' lang='lat' dir='ltr'><strong>dinem</strong></span> <span class='ocrx_word' id='word_1_273' title='bbox 682 2260 925 2317; x_wconf 82' lang='lat' dir='ltr'><strong>refcrcns</strong></span> <span class='ocrx_word' id='word_1_274' title='bbox 956 2282 969 2315; x_wconf 86' lang='lat'><strong>:</strong></span> <span class='ocrx_word' id='word_1_275' title='bbox 1005 2263 1059 2316; x_wconf 86' lang='lat' dir='ltr'><strong>in</strong></span> <span class='ocrx_word' id='word_1_276' title='bbox 1087 2278 1218 2333; x_wconf 89' lang='lat' dir='ltr'><strong>quo,</strong></span> <span class='ocrx_word' id='word_1_277' title='bbox 1245 2279 1352 2318; x_wconf 90' lang='lat' dir='ltr'><strong>non</strong></span> <span class='ocrx_word' id='word_1_278' title='bbox 1382 2272 1579 2318; x_wconf 86' lang='lat' dir='ltr'><strong>terram</strong></span> <span class='ocrx_word' id='word_1_279' title='bbox 1608 2264 1828 2334; x_wconf 88' lang='lat' dir='ltr'><strong>quidem</strong></span> <span class='ocrx_word' id='word_1_280' title='bbox 1861 2266 2039 2321; x_wconf 88' lang='lat' dir='ltr'><strong>colere</strong></span> 
     </span>
    </p>
   </div>
   <div class='ocr_carea' id='block_1_41' title="bbox 431 2350 2038 2429">
    <p class='ocr_par' dir='ltr' id='par_1_41' title="bbox 431 2350 2038 2429">
     <span class='ocr_line' id='line_1_41' title="bbox 431 2350 2038 2429; baseline 0.001 -19"><span class='ocrx_word' id='word_1_281' title='bbox 431 2355 610 2412; x_wconf 88' lang='lat' dir='ltr'><strong>.hauc</strong></span> <span class='ocrx_word' id='word_1_282' title='bbox 657 2354 994 2415; x_wconf 79' lang='lat' dir='ltr'><strong>inferiorem,</strong></span> <span class='ocrx_word' id='word_1_283' title='bbox 1036 2350 1159 2411; x_wconf 9' lang='lat' dir='ltr'><strong>nec»</strong></span> <span class='ocrx_word' id='word_1_284' title='bbox 1187 2356 1435 2426; x_wconf 80' lang='lat' dir='ltr'><strong>corporis</strong></span> <span class='ocrx_word' id='word_1_285' title='bbox 1492 2355 1767 2411; x_wconf 87' lang='lat' dir='ltr'><strong>alimentis</strong></span> <span class='ocrx_word' id='word_1_286' title='bbox 1809 2357 2038 2429; x_wconf 88' lang='lat' dir='ltr'><strong>pingue-</strong></span> 
     </span>
    </p>
   </div>
   <div class='ocr_carea' id='block_1_42' title="bbox 408 2438 2038 2519">
    <p class='ocr_par' dir='ltr' id='par_1_42' title="bbox 408 2438 2038 2519">
     <span class='ocr_line' id='line_1_42' title="bbox 408 2438 2038 2519; baseline 0.001 -16"><span class='ocrx_word' id='word_1_287' title='bbox 408 2438 429 2471; x_wconf 66' lang='grc' dir='ltr'><strong>ί</strong></span> <span class='ocrx_word' id='word_1_288' title='bbox 464 2463 617 2503; x_wconf 90' lang='lat' dir='ltr'><strong>scere</strong></span> <span class='ocrx_word' id='word_1_289' title='bbox 646 2464 660 2511; x_wconf 89' lang='lat'><strong>;</strong></span> <span class='ocrx_word' id='word_1_290' title='bbox 693 2448 786 2502; x_wconf 87' lang='lat' dir='ltr'><strong>sed</strong></span> <span class='ocrx_word' id='word_1_291' title='bbox 821 2447 967 2502; x_wconf 89' lang='lat' dir='ltr'><strong>solas</strong></span> <span class='ocrx_word' id='word_1_292' title='bbox 997 2449 1162 2502; x_wconf 88' lang='lat' dir='ltr'><strong>animi</strong></span> <span class='ocrx_word' id='word_1_293' title='bbox 1197 2464 1346 2517; x_wconf 86' lang='lat' dir='ltr'><strong>Opes,</strong></span> <span class='ocrx_word' id='word_1_294' title='bbox 1374 2448 1532 2517; x_wconf 87' lang='lat' dir='ltr'><strong>quasi</strong></span> <span class='ocrx_word' id='word_1_295' title='bbox 1566 2448 1840 2517; x_wconf 76' lang='lat' dir='ltr'><strong>specibsas</strong></span> <span class='ocrx_word' id='word_1_296' title='bbox 1873 2465 2038 2519; x_wconf 87' lang='lat' dir='ltr'><strong>quas-</strong></span> 
     </span>
    </p>
   </div>
   <div class='ocr_carea' id='block_1_43' title="bbox 465 2538 2037 2610">
    <p class='ocr_par' dir='ltr' id='par_1_43' title="bbox 465 2538 2037 2610">
     <span class='ocr_line' id='line_1_43' title="bbox 465 2538 2037 2610; baseline 0.001 -15"><span class='ocrx_word' id='word_1_297' title='bbox 465 2541 591 2595; x_wconf 86' lang='lat' dir='ltr'><strong>dam</strong></span> <span class='ocrx_word' id='word_1_298' title='bbox 640 2542 885 2606; x_wconf 83' lang='lat' dir='ltr'><strong>arbores,</strong></span> <span class='ocrx_word' id='word_1_299' title='bbox 933 2540 1017 2594; x_wconf 91' lang='lat' dir='ltr'><strong>vcl</strong></span> <span class='ocrx_word' id='word_1_300' title='bbox 1061 2555 1091 2594; x_wconf 88' lang='lat' dir='ltr'><strong>a</strong></span> <span class='ocrx_word' id='word_1_301' title='bbox 1137 2538 1293 2595; x_wconf 78' lang='lat' dir='ltr'><strong>nobis</strong></span> <span class='ocrx_word' id='word_1_302' title='bbox 1342 2540 1474 2610; x_wconf 88' lang='lat' dir='ltr'><strong>ipsis</strong></span> <span class='ocrx_word' id='word_1_303' title='bbox 1516 2540 1810 2610; x_wconf 82' lang='lat' dir='ltr'><strong>plantatas,</strong></span> <span class='ocrx_word' id='word_1_304' title='bbox 1853 2540 1936 2595; x_wconf 87' lang='lat' dir='ltr'><strong>vel</strong></span> <span class='ocrx_word' id='word_1_305' title='bbox 1968 2541 2037 2597; x_wconf 82' lang='lat' dir='ltr'><strong>ab</strong></span> 
     </span>
    </p>
   </div>
   <div class='ocr_carea' id='block_1_44' title="bbox 462 2630 2035 2703">
    <p class='ocr_par' dir='ltr' id='par_1_44' title="bbox 462 2630 2035 2703">
     <span class='ocr_line' id='line_1_44' title="bbox 462 2630 2035 2703; baseline 0.002 -18"><span class='ocrx_word' id='word_1_306' title='bbox 462 2630 711 2685; x_wconf 91' lang='lat' dir='ltr'><strong>omnium</strong></span> <span class='ocrx_word' id='word_1_307' title='bbox 760 2639 984 2685; x_wconf 81' lang='lat' dir='ltr'><strong>auctore</strong></span> <span class='ocrx_word' id='word_1_308' title='bbox 1020 2630 1178 2684; x_wconf 90' lang='lat' dir='ltr'><strong>nobis</strong></span> <span class='ocrx_word' id='word_1_309' title='bbox 1209 2631 1421 2699; x_wconf 89' lang='lat' dir='ltr'><strong>insitas,</strong></span> <span class='ocrx_word' id='word_1_310' title='bbox 1472 2644 1670 2703; x_wconf 84' lang='lat' dir='ltr'><strong>augere</strong></span> <span class='ocrx_word' id='word_1_311' title='bbox 1693 2644 1819 2687; x_wconf 84' lang='lat' dir='ltr'><strong>cum</strong></span> <span class='ocrx_word' id='word_1_312' title='bbox 1850 2632 2035 2689; x_wconf 69' lang='lat' dir='ltr'><strong>laetitia</strong></span> 
     </span>
    </p>
   </div>
   <div class='ocr_carea' id='block_1_45' title="bbox 462 2721 1302 2790">
    <p class='ocr_par' dir='ltr' id='par_1_45' title="bbox 462 2721 1302 2790">
     <span class='ocr_line' id='line_1_45' title="bbox 462 2721 1302 2790; baseline 0.002 -16"><span class='ocrx_word' id='word_1_313' title='bbox 462 2729 517 2774; x_wconf 91' lang='lat' dir='ltr'><strong>et</strong></span> <span class='ocrx_word' id='word_1_314' title='bbox 545 2721 819 2790; x_wconf 84' lang='lat' dir='ltr'><strong>voluptate</strong></span> <span class='ocrx_word' id='word_1_315' title='bbox 850 2735 1171 2775; x_wconf 88' lang='lat' dir='ltr'><strong>concessum</strong></span> <span class='ocrx_word' id='word_1_316' title='bbox 1200 2730 1302 2776; x_wconf 88' lang='lat' dir='ltr'><strong>est.</strong></span> 
     </span>
    </p>
   </div>
   <div class='ocr_carea' id='block_1_46' title="bbox 533 2826 2031 2903">
    <p class='ocr_par' dir='ltr' id='par_1_46' title="bbox 533 2826 2031 2903">
     <span class='ocr_line' id='line_1_46' title="bbox 533 2826 2031 2903; baseline 0.003 -17"><span class='ocrx_word' id='word_1_317' title='bbox 533 2831 674 2888; x_wconf 81' lang='lat' dir='ltr'><strong>XVI.</strong></span> <span class='ocrx_word' id='word_1_318' title='bbox 713 2826 810 2889; x_wconf 71' lang='lat' dir='ltr'><strong>llic</strong></span> <span class='ocrx_word' id='word_1_319' title='bbox 836 2850 961 2889; x_wconf 84' lang='lat' dir='ltr'><strong>vere</strong></span> <span class='ocrx_word' id='word_1_320' title='bbox 989 2832 1273 2903; x_wconf 85' lang='lat' dir='ltr'><strong>paradisus</strong></span> <span class='ocrx_word' id='word_1_321' title='bbox 1300 2833 1614 2903; x_wconf 85' lang='lat' dir='ltr'><strong>voluptatis,</strong></span> <span class='ocrx_word' id='word_1_322' title='bbox 1646 2835 1761 2890; x_wconf 64' lang='lat' dir='ltr'><strong>haec</strong></span> <span class='ocrx_word' id='word_1_323' title='bbox 1785 2840 1910 2891; x_wconf 75' lang='lat' dir='ltr'><strong>vera</strong></span> <span class='ocrx_word' id='word_1_324' title='bbox 1936 2835 2031 2891; x_wconf 67' lang='lat' dir='ltr'><strong>la:-</strong></span> 
     </span>
    </p>
   </div>
   <div class='ocr_carea' id='block_1_47' title="bbox 460 2924 2032 2996">
    <p class='ocr_par' dir='ltr' id='par_1_47' title="bbox 460 2924 2032 2996">
     <span class='ocr_line' id='line_1_47' title="bbox 460 2924 2032 2996; baseline 0.002 -17"><span class='ocrx_word' id='word_1_325' title='bbox 460 2924 579 2980; x_wconf 89' lang='lat' dir='ltr'><strong>titia</strong></span> <span class='ocrx_word' id='word_1_326' title='bbox 622 2930 784 2995; x_wconf 83' lang='lat' dir='ltr'><strong>atque</strong></span> <span class='ocrx_word' id='word_1_327' title='bbox 826 2924 1053 2989; x_wconf 84' lang='lat' dir='ltr'><strong>deliciae,</strong></span> <span class='ocrx_word' id='word_1_328' title='bbox 1095 2926 1293 2995; x_wconf 88' lang='lat' dir='ltr'><strong>quibus</strong></span> <span class='ocrx_word' id='word_1_329' title='bbox 1320 2925 1505 2995; x_wconf 90' lang='lat' dir='ltr'><strong>elapso</strong></span> <span class='ocrx_word' id='word_1_330' title='bbox 1536 2925 1638 2980; x_wconf 90' lang='lat' dir='ltr'><strong>hoc</strong></span> <span class='ocrx_word' id='word_1_331' title='bbox 1668 2928 1911 2996; x_wconf 81' lang='lat' dir='ltr'><strong>tempore</strong></span> <span class='ocrx_word' id='word_1_332' title='bbox 1934 2931 2032 2982; x_wconf 84' lang='lat' dir='ltr'><strong>Ob-</strong></span> 
     </span>
    </p>
   </div>
   <div class='ocr_carea' id='block_1_48' title="bbox 457 3014 2029 3088">
    <p class='ocr_par' dir='ltr' id='par_1_48' title="bbox 457 3014 2029 3088">
     <span class='ocr_line' id='line_1_48' title="bbox 457 3014 2029 3088; baseline -0.003 -14"><span class='ocrx_word' id='word_1_333' title='bbox 457 3017 639 3074; x_wconf 88' lang='lat' dir='ltr'><strong>lectati</strong></span> <span class='ocrx_word' id='word_1_334' title='bbox 680 3032 892 3083; x_wconf 90' lang='lat' dir='ltr'><strong>sumus,</strong></span> <span class='ocrx_word' id='word_1_335' title='bbox 939 3026 994 3071; x_wconf 90' lang='lat' dir='ltr'><strong>et</strong></span> <span class='ocrx_word' id='word_1_336' title='bbox 1041 3017 1258 3088; x_wconf 88' lang='lat' dir='ltr'><strong>quidem</strong></span> <span class='ocrx_word' id='word_1_337' title='bbox 1310 3031 1417 3071; x_wconf 90' lang='lat' dir='ltr'><strong>non</strong></span> <span class='ocrx_word' id='word_1_338' title='bbox 1463 3014 1690 3084; x_wconf 79' lang='lat' dir='ltr'><strong>exiguo;</strong></span> <span class='ocrx_word' id='word_1_339' title='bbox 1735 3025 1789 3070; x_wconf 90' lang='lat' dir='ltr'><strong>at</strong></span> <span class='ocrx_word' id='word_1_340' title='bbox 1832 3016 2029 3087; x_wconf 78' lang='lat' dir='ltr'><strong>exiguo</strong></span> 
     </span>
    </p>
   </div>
   <div class='ocr_carea' id='block_1_49' title="bbox 2135 1875 3711 1954">
    <p class='ocr_par' dir='ltr' id='par_1_49' title="bbox 2135 1875 3711 1954">
     <span class='ocr_line' id='line_1_49' title="bbox 2135 1875 3711 1954; baseline 0.003 -22"><span class='ocrx_word' id='word_1_341' title='bbox 2135 1875 2278 1949; x_wconf 73' lang='grc' dir='ltr'>ἦμεν</span> <span class='ocrx_word' id='word_1_342' title='bbox 2325 1880 2536 1951; x_wconf 75' lang='grc' dir='ltr'>ἔχοντες</span> <span class='ocrx_word' id='word_1_343' title='bbox 2586 1881 2684 1952; x_wconf 82' lang='grc' dir='ltr'>τὴν</span> <span class='ocrx_word' id='word_1_344' title='bbox 2734 1881 3051 1953; x_wconf 77' lang='grc' dir='ltr'>θαυμαστὴν</span> <span class='ocrx_word' id='word_1_345' title='bbox 3078 1882 3172 1936; x_wconf 72' lang='grc' dir='ltr'>καὶ</span> <span class='ocrx_word' id='word_1_346' title='bbox 3199 1884 3380 1954; x_wconf 80' lang='grc' dir='ltr'>πλήρη</span> <span class='ocrx_word' id='word_1_347' title='bbox 3423 1882 3530 1936; x_wconf 84' lang='grc' dir='ltr'><strong>τῶν</strong></span> <span class='ocrx_word' id='word_1_348' title='bbox 3580 1884 3711 1936; x_wconf 75' lang='grc' dir='ltr'>καλ-</span> 
     </span>
    </p>
   </div>
   <div class='ocr_carea' id='block_1_50' title="bbox 2135 1972 3710 2046">
    <p class='ocr_par' dir='ltr' id='par_1_50' title="bbox 2135 1972 3710 2046">
     <span class='ocr_line' id='line_1_50' title="bbox 2135 1972 3710 2046; baseline 0.003 -21"><span class='ocrx_word' id='word_1_349' title='bbox 2135 1972 2328 2026; x_wconf 85' lang='grc' dir='ltr'>λίστων</span> <span class='ocrx_word' id='word_1_350' title='bbox 2372 1972 2660 2043; x_wconf 82' lang='grc' dir='ltr'>θεαμάτων</span> <span class='ocrx_word' id='word_1_351' title='bbox 2716 1974 3071 2046; x_wconf 86' lang='grc' dir='ltr'>παρασκευὴν</span> <span class='ocrx_word' id='word_1_352' title='bbox 3129 1974 3224 2029; x_wconf 78' lang='grc' dir='ltr'>καὶ</span> <span class='ocrx_word' id='word_1_353' title='bbox 3282 1974 3547 2040; x_wconf 75' lang='grc' dir='ltr'>ἐξουσίαν.</span> <span class='ocrx_word' id='word_1_354' title='bbox 3601 1978 3710 2030; x_wconf 70' lang='grc' dir='ltr'><strong>Καὶ</strong></span> 
     </span>
    </p>
   </div>
   <div class='ocr_carea' id='block_1_51' title="bbox 2138 2060 3706 2140">
    <p class='ocr_par' dir='ltr' id='par_1_51' title="bbox 2138 2060 3706 2140">
     <span class='ocr_line' id='line_1_51' title="bbox 2138 2060 3706 2140; baseline 0.003 -24"><span class='ocrx_word' id='word_1_355' title='bbox 2138 2063 2430 2134; x_wconf 83' lang='grc' dir='ltr'>(συνελόντι</span> <span class='ocrx_word' id='word_1_356' title='bbox 2474 2064 2666 2135; x_wconf 82' lang='grc' dir='ltr'>εἰπεῖν)</span> <span class='ocrx_word' id='word_1_357' title='bbox 2702 2065 3030 2136; x_wconf 85' lang='grc' dir='ltr'>παράδεισος</span> <span class='ocrx_word' id='word_1_358' title='bbox 3061 2067 3193 2137; x_wconf 80' lang='grc' dir='ltr'>ἡμῖν</span> <span class='ocrx_word' id='word_1_359' title='bbox 3240 2066 3405 2131; x_wconf 80' lang='grc' dir='ltr'>ὅντως</span> <span class='ocrx_word' id='word_1_360' title='bbox 3436 2060 3597 2132; x_wconf 70' lang='grc' dir='ltr'>οὗτος</span> <span class='ocrx_word' id='word_1_361' title='bbox 3620 2065 3706 2140; x_wconf 79' lang='grc' dir='ltr'>ἦν,</span> 
     </span>
    </p>
   </div>
   <div class='ocr_carea' id='block_1_52' title="bbox 2139 2154 3709 2231">
    <p class='ocr_par' dir='ltr' id='par_1_52' title="bbox 2139 2154 3709 2231">
     <span class='ocr_line' id='line_1_52' title="bbox 2139 2154 3709 2231; baseline 0.004 -22"><span class='ocrx_word' id='word_1_362' title='bbox 2139 2156 2380 2229; x_wconf 74' lang='grc' dir='ltr'>μιμητὴς</span> <span class='ocrx_word' id='word_1_363' title='bbox 2410 2156 2502 2210; x_wconf 84' lang='grc' dir='ltr'><strong>τοῦ</strong></span> <span class='ocrx_word' id='word_1_364' title='bbox 2527 2157 2757 2227; x_wconf 85' lang='grc' dir='ltr'>μεγάλου</span> <span class='ocrx_word' id='word_1_365' title='bbox 2792 2159 3122 2230; x_wconf 79' lang='grc' dir='ltr'>παραδείσου</span> <span class='ocrx_word' id='word_1_366' title='bbox 3154 2158 3248 2213; x_wconf 84' lang='grc' dir='ltr'><strong>τοῦ</strong></span> <span class='ocrx_word' id='word_1_367' title='bbox 3266 2157 3421 2227; x_wconf 78' lang='grc' dir='ltr'>Θεοῦ,</span> <span class='ocrx_word' id='word_1_368' title='bbox 3448 2163 3508 2216; x_wconf 86' lang='grc' dir='ltr'>ὲν</span> <span class='ocrx_word' id='word_1_369' title='bbox 3533 2154 3581 2229; x_wconf 79' lang='grc' dir='ltr'><strong>ᾧ</strong></span> <span class='ocrx_word' id='word_1_370' title='bbox 3610 2163 3709 2231; x_wconf 77' lang='grc' dir='ltr'>γῆν</span> 
     </span>
    </p>
   </div>
   <div class='ocr_carea' id='block_1_53' title="bbox 2140 2244 3708 2329">
    <p class='ocr_par' dir='ltr' id='par_1_53' title="bbox 2140 2244 3708 2329">
     <span class='ocr_line' id='line_1_53' title="bbox 2140 2244 3708 2329; baseline 0.003 -29"><span class='ocrx_word' id='word_1_371' title='bbox 2140 2244 2239 2318; x_wconf 82' lang='grc' dir='ltr'>μὲν</span> <span class='ocrx_word' id='word_1_372' title='bbox 2272 2246 2598 2319; x_wconf 77' lang='grc' dir='ltr'>ἐργάζεσθαι</span> <span class='ocrx_word' id='word_1_373' title='bbox 2624 2249 2723 2302; x_wconf 81' lang='grc' dir='ltr'>οὐκ</span> <span class='ocrx_word' id='word_1_374' title='bbox 2748 2244 2818 2318; x_wconf 81' lang='grc' dir='ltr'><strong>ἧν</strong></span> <span class='ocrx_word' id='word_1_375' title='bbox 2842 2248 2940 2321; x_wconf 83' lang='grc' dir='ltr'>τὴν</span> <span class='ocrx_word' id='word_1_376' title='bbox 2986 2250 3156 2329; x_wconf 83' lang='grc' dir='ltr'>κάτω,</span> <span class='ocrx_word' id='word_1_377' title='bbox 3204 2249 3325 2304; x_wconf 70' lang='grc' dir='ltr'><strong>οὐδὲ</strong></span> <span class='ocrx_word' id='word_1_378' title='bbox 3359 2266 3708 2325; x_wconf 77' lang='grc' dir='ltr'>σωματοτρο-</span> 
     </span>
    </p>
   </div>
   <div class='ocr_carea' id='block_1_54' title="bbox 2137 2340 3708 2413">
    <p class='ocr_par' dir='ltr' id='par_1_54' title="bbox 2137 2340 3708 2413">
     <span class='ocr_line' id='line_1_54' title="bbox 2137 2340 3708 2413; baseline 0.003 -21"><span class='ocrx_word' id='word_1_379' title='bbox 2137 2342 2257 2409; x_wconf 64' lang='lat' dir='ltr'><strong>(per</strong></span> <span class='ocrx_word' id='word_1_380' title='bbox 2285 2341 2710 2410; x_wconf 84' lang='grc' dir='ltr'>παχυνομένους·</span> <span class='ocrx_word' id='word_1_381' title='bbox 2737 2340 2807 2393; x_wconf 81' lang='grc' dir='ltr'>τὰ</span> <span class='ocrx_word' id='word_1_382' title='bbox 2847 2340 2904 2395; x_wconf 85' lang='grc' dir='ltr'>δὲ</span> <span class='ocrx_word' id='word_1_383' title='bbox 2935 2341 3113 2413; x_wconf 76' lang='grc' dir='ltr'>ψυχῆς</span> <span class='ocrx_word' id='word_1_384' title='bbox 3142 2341 3301 2412; x_wconf 89' lang='grc' dir='ltr'>μόνον</span> <span class='ocrx_word' id='word_1_385' title='bbox 3333 2341 3521 2408; x_wconf 71' lang='grc' dir='ltr'>αὔξειν</span> <span class='ocrx_word' id='word_1_386' title='bbox 3550 2344 3708 2397; x_wconf 82' lang='grc' dir='ltr'>πλεο.</span> 
     </span>
    </p>
   </div>
   <div class='ocr_carea' id='block_1_55' title="bbox 2135 2431 3709 2504">
    <p class='ocr_par' dir='ltr' id='par_1_55' title="bbox 2135 2431 3709 2504">
     <span class='ocr_line' id='line_1_55' title="bbox 2135 2431 3709 2504; baseline 0.003 -19"><span class='ocrx_word' id='word_1_387' title='bbox 2135 2432 2476 2503; x_wconf 82' lang='grc' dir='ltr'>νεκτήματα,</span> <span class='ocrx_word' id='word_1_388' title='bbox 2521 2431 2709 2503; x_wconf 86' lang='grc' dir='ltr'>ῶσπερ</span> <span class='ocrx_word' id='word_1_389' title='bbox 2758 2431 2879 2485; x_wconf 83' lang='grc' dir='ltr'>τινὰ</span> <span class='ocrx_word' id='word_1_390' title='bbox 2932 2434 3072 2502; x_wconf 83' lang='grc' dir='ltr'><strong>φυτά</strong></span> <span class='ocrx_word' id='word_1_391' title='bbox 3116 2432 3293 2504; x_wconf 76' lang='grc' dir='ltr'>ὡραῖα</span> <span class='ocrx_word' id='word_1_392' title='bbox 3339 2433 3568 2497; x_wconf 71' lang='grc' dir='ltr'>ἑαυτοὺς</span> <span class='ocrx_word' id='word_1_393' title='bbox 3610 2452 3709 2503; x_wconf 68' lang='lat' dir='ltr'><strong>(pu-</strong></span> 
     </span>
    </p>
   </div>
   <div class='ocr_carea' id='block_1_56' title="bbox 2134 2514 3709 2599">
    <p class='ocr_par' dir='ltr' id='par_1_56' title="bbox 2134 2514 3709 2599">
     <span class='ocr_line' id='line_1_56' title="bbox 2134 2514 3709 2599; baseline 0.004 -20"><span class='ocrx_word' id='word_1_394' title='bbox 2134 2514 2509 2599; x_wconf 79' lang='grc' dir='ltr'>τεύσαντας,ἢ</span> <span class='ocrx_word' id='word_1_395' title='bbox 2562 2527 2995 2598; x_wconf 81' lang='grc' dir='ltr'>ὲμφυτευθέντας</span> <span class='ocrx_word' id='word_1_396' title='bbox 3023 2530 3153 2599; x_wconf 78' lang='grc' dir='ltr'>ἡμῖν</span> <span class='ocrx_word' id='word_1_397' title='bbox 3198 2529 3303 2583; x_wconf 69' lang='grc' dir='ltr'>ὑπὸ</span> <span class='ocrx_word' id='word_1_398' title='bbox 3349 2528 3444 2583; x_wconf 85' lang='grc' dir='ltr'><strong>τοῦ</strong></span> <span class='ocrx_word' id='word_1_399' title='bbox 3490 2530 3709 2585; x_wconf 79' lang='grc' dir='ltr'>πάντων</span> 
     </span>
    </p>
   </div>
   <div class='ocr_carea' id='block_1_57' title="bbox 2138 2620 3304 2691">
    <p class='ocr_par' dir='ltr' id='par_1_57' title="bbox 2138 2620 3304 2691">
     <span class='ocr_line' id='line_1_57' title="bbox 2138 2620 3304 2691; baseline 0 -18"><span class='ocrx_word' id='word_1_400' title='bbox 2138 2620 2335 2683; x_wconf 75' lang='grc' dir='ltr'>αἰτίου,</span> <span class='ocrx_word' id='word_1_401' title='bbox 2369 2620 2824 2691; x_wconf 82' lang='grc' dir='ltr'>εὐφραινομένους</span> <span class='ocrx_word' id='word_1_402' title='bbox 2845 2620 2942 2674; x_wconf 71' lang='grc' dir='ltr'>καὶ</span> <span class='ocrx_word' id='word_1_403' title='bbox 2968 2620 3304 2691; x_wconf 77' lang='grc' dir='ltr'>τρυφῶντας.</span> 
     </span>
    </p>
   </div>
   <div class='ocr_carea' id='block_1_58' title="bbox 2205 2793 3704 2879">
    <p class='ocr_par' dir='ltr' id='par_1_58' title="bbox 2205 2793 3704 2879">
     <span class='ocr_line' id='line_1_58' title="bbox 2205 2793 3704 2879; baseline -0.002 -17"><span class='ocrx_word' id='word_1_404' title='bbox 2205 2810 2321 2875; x_wconf 74' lang='lat' dir='ltr'><strong>Iq&quot;.</strong></span> <span class='ocrx_word' id='word_1_405' title='bbox 2347 2801 2511 2872; x_wconf 78' lang='grc' dir='ltr'>Οὗτος</span> <span class='ocrx_word' id='word_1_406' title='bbox 2540 2806 2862 2879; x_wconf 81' lang='grc' dir='ltr'>παράδεισος</span> <span class='ocrx_word' id='word_1_407' title='bbox 2886 2805 3099 2878; x_wconf 84' lang='grc' dir='ltr'>ἀληθῶς</span> <span class='ocrx_word' id='word_1_408' title='bbox 3130 2806 3361 2879; x_wconf 81' lang='grc' dir='ltr'>τρυφῆς,</span> <span class='ocrx_word' id='word_1_409' title='bbox 3394 2793 3534 2876; x_wconf 85' lang='grc' dir='ltr'>αῦτη</span> <span class='ocrx_word' id='word_1_410' title='bbox 3561 2807 3704 2877; x_wconf 79' lang='grc' dir='ltr'>ἀλη-</span> 
     </span>
    </p>
   </div>
   <div class='ocr_carea' id='block_1_59' title="bbox 2131 2896 3704 2983">
    <p class='ocr_par' dir='ltr' id='par_1_59' title="bbox 2131 2896 3704 2983">
     <span class='ocr_line' id='line_1_59' title="bbox 2131 2896 3704 2983; baseline -0.003 -27"><span class='ocrx_word' id='word_1_411' title='bbox 2131 2896 2231 2974; x_wconf 77' lang='grc' dir='ltr'>θὴς</span> <span class='ocrx_word' id='word_1_412' title='bbox 2260 2901 2562 2983; x_wconf 72' lang='grc' dir='ltr'>εὐφροσύνη</span> <span class='ocrx_word' id='word_1_413' title='bbox 2620 2900 2714 2954; x_wconf 70' lang='grc' dir='ltr'><strong>καὶ</strong></span> <span class='ocrx_word' id='word_1_414' title='bbox 2748 2900 2947 2973; x_wconf 71' lang='grc' dir='ltr'>τρυφὴ,</span> <span class='ocrx_word' id='word_1_415' title='bbox 2996 2901 3060 2970; x_wconf 75' lang='grc' dir='ltr'>ἢν</span> <span class='ocrx_word' id='word_1_416' title='bbox 3114 2901 3499 2970; x_wconf 83' lang='grc' dir='ltr'>ὲτρυφήσαμεν</span> <span class='ocrx_word' id='word_1_417' title='bbox 3541 2901 3600 2952; x_wconf 84' lang='grc' dir='ltr'>ὲν</span> <span class='ocrx_word' id='word_1_418' title='bbox 3630 2898 3704 2968; x_wconf 74' lang='grc' dir='ltr'>τῷ</span> 
     </span>
    </p>
   </div>
   <div class='ocr_carea' id='block_1_60' title="bbox 2130 2991 3703 3066">
    <p class='ocr_par' dir='ltr' id='par_1_60' title="bbox 2130 2991 3703 3066">
     <span class='ocr_line' id='line_1_60' title="bbox 2130 2991 3703 3066; baseline -0.002 -18"><span class='ocrx_word' id='word_1_419' title='bbox 2130 2995 2469 3066; x_wconf 82' lang='grc' dir='ltr'>διηνυσμὲνῳ</span> <span class='ocrx_word' id='word_1_420' title='bbox 2514 2993 2647 3064; x_wconf 81' lang='grc' dir='ltr'>τῷδε</span> <span class='ocrx_word' id='word_1_421' title='bbox 2697 2994 2893 3064; x_wconf 83' lang='grc' dir='ltr'>χρόνῳ,</span> <span class='ocrx_word' id='word_1_422' title='bbox 2928 2992 3022 3046; x_wconf 72' lang='grc' dir='ltr'>καὶ</span> <span class='ocrx_word' id='word_1_423' title='bbox 3066 2991 3165 3044; x_wconf 79' lang='grc' dir='ltr'>οὐκ</span> <span class='ocrx_word' id='word_1_424' title='bbox 3218 2991 3384 3061; x_wconf 83' lang='grc' dir='ltr'>ὀλίγῳ</span> <span class='ocrx_word' id='word_1_425' title='bbox 3427 2993 3557 3063; x_wconf 73' lang='grc' dir='ltr'>ἥδη,</span> <span class='ocrx_word' id='word_1_426' title='bbox 3609 2994 3703 3045; x_wconf 80' lang='grc' dir='ltr'>καὶ</span> 
     </span>
    </p>
   </div>
   <div class='ocr_carea' id='block_1_61' title="bbox 456 3084 2029 3185">
    <p class='ocr_par' dir='ltr' id='par_1_61' title="bbox 456 3084 2027 3180">
     <span class='ocr_line' id='line_1_61' title="bbox 456 3084 2027 3180; baseline -0.001 -15"><span class='ocrx_word' id='word_1_427' title='bbox 456 3126 705 3180; x_wconf 88' lang='lat' dir='ltr'><strong>prorsus,</strong></span> <span class='ocrx_word' id='word_1_428' title='bbox 752 3110 799 3166; x_wconf 88' lang='lat' dir='ltr'><strong>si</strong></span> <span class='ocrx_word' id='word_1_429' title='bbox 842 3109 1000 3164; x_wconf 91' lang='lat' dir='ltr'><strong>nobis</strong></span> <span class='ocrx_word' id='word_1_430' title='bbox 1046 3084 1174 3164; x_wconf 80' lang='lat' dir='ltr'><strong>hinc</strong></span> <span class='ocrx_word' id='word_1_431' title='bbox 1208 3107 1572 3179; x_wconf 72' lang='lat' dir='ltr'><strong>migrantibus</strong></span> <span class='ocrx_word' id='word_1_432' title='bbox 1613 3113 1668 3161; x_wconf 89' lang='lat' dir='ltr'><strong>et</strong></span> <span class='ocrx_word' id='word_1_433' title='bbox 1702 3084 2027 3163; x_wconf 82' lang='lat' dir='ltr'><strong>abeuntibus</strong></span> 
     </span>
    </p>
   </div>
   <div class='ocr_carea' id='block_1_62' title="bbox 2133 3084 3703 3185">
    <p class='ocr_par' dir='ltr' id='par_1_62' title="bbox 2133 3084 3703 3157">
     <span class='ocr_line' id='line_1_62' title="bbox 2133 3084 3703 3157; baseline -0.003 -18"><span class='ocrx_word' id='word_1_434' title='bbox 2133 3086 2295 3157; x_wconf 76' lang='grc' dir='ltr'>ὀλίγῳ</span> <span class='ocrx_word' id='word_1_435' title='bbox 2328 3086 2524 3156; x_wconf 82' lang='grc' dir='ltr'>πάντη,</span> <span class='ocrx_word' id='word_1_436' title='bbox 2562 3087 2610 3138; x_wconf 82' lang='grc' dir='ltr'>εξ</span> <span class='ocrx_word' id='word_1_437' title='bbox 2641 3087 2802 3156; x_wconf 83' lang='grc' dir='ltr'>μέχρι</span> <span class='ocrx_word' id='word_1_438' title='bbox 2832 3085 3021 3137; x_wconf 78' lang='grc' dir='ltr'>τούτου</span> <span class='ocrx_word' id='word_1_439' title='bbox 3049 3085 3327 3153; x_wconf 82' lang='grc' dir='ltr'>στήσεται,</span> <span class='ocrx_word' id='word_1_440' title='bbox 3376 3084 3703 3137; x_wconf 74' lang='grc' dir='ltr'>ἀπελθοῦσιν</span> 
     </span>
    </p>
   </div>
   <div class='ocr_carea' id='block_1_63' title="bbox 457 3169 2029 3271">
    <p class='ocr_par' dir='ltr' id='par_1_63' title="bbox 457 3198 2027 3271">
     <span class='ocr_line' id='line_1_63' title="bbox 457 3198 2027 3271; baseline -0.001 -14"><span class='ocrx_word' id='word_1_441' title='bbox 457 3204 582 3259; x_wconf 79' lang='lat' dir='ltr'><strong>linis</strong></span> <span class='ocrx_word' id='word_1_442' title='bbox 616 3204 706 3259; x_wconf 82' lang='lat' dir='ltr'><strong>hic</strong></span> <span class='ocrx_word' id='word_1_443' title='bbox 736 3204 860 3258; x_wconf 90' lang='lat' dir='ltr'><strong>erit.</strong></span> <span class='ocrx_word' id='word_1_444' title='bbox 901 3200 1094 3257; x_wconf 85' lang='lat' dir='ltr'><strong>Nescio</strong></span> <span class='ocrx_word' id='word_1_445' title='bbox 1128 3203 1271 3256; x_wconf 86' lang='lat' dir='ltr'><strong>enim</strong></span> <span class='ocrx_word' id='word_1_446' title='bbox 1301 3215 1409 3271; x_wconf 91' lang='lat' dir='ltr'><strong>quo</strong></span> <span class='ocrx_word' id='word_1_447' title='bbox 1446 3215 1567 3253; x_wconf 90' lang='lat' dir='ltr'><strong>meo</strong></span> <span class='ocrx_word' id='word_1_448' title='bbox 1602 3198 1900 3255; x_wconf 89' lang='lat' dir='ltr'><strong>infortunio</strong></span> <span class='ocrx_word' id='word_1_449' title='bbox 1932 3210 2027 3256; x_wconf 91' lang='lat' dir='ltr'><strong>aut</strong></span> 
     </span>
    </p>
   </div>
   <div class='ocr_carea' id='block_1_64' title="bbox 2133 3169 3702 3271">
    <p class='ocr_par' dir='ltr' id='par_1_64' title="bbox 2133 3169 3702 3248">
     <span class='ocr_line' id='line_1_64' title="bbox 2133 3169 3702 3248; baseline -0.003 -17"><span class='ocrx_word' id='word_1_450' title='bbox 2133 3178 2234 3248; x_wconf 76' lang='grc' dir='ltr'>ἤδη</span> <span class='ocrx_word' id='word_1_451' title='bbox 2267 3179 2361 3231; x_wconf 71' lang='grc' dir='ltr'><strong>καὶ</strong></span> <span class='ocrx_word' id='word_1_452' title='bbox 2412 3177 2831 3248; x_wconf 84' lang='grc' dir='ltr'>ἀναχωρήσασιν</span> <span class='ocrx_word' id='word_1_453' title='bbox 2891 3170 3156 3227; x_wconf 72' lang='grc' dir='ltr'>ἐντεῦθεν.</span> <span class='ocrx_word' id='word_1_454' title='bbox 3211 3174 3325 3227; x_wconf 84' lang='grc' dir='ltr'><strong>Ούκ</strong></span> <span class='ocrx_word' id='word_1_455' title='bbox 3355 3169 3475 3227; x_wconf 79' lang='grc' dir='ltr'>οἶδα</span> <span class='ocrx_word' id='word_1_456' title='bbox 3506 3175 3615 3245; x_wconf 78' lang='grc' dir='ltr'><strong>γὰρ</strong></span> <span class='ocrx_word' id='word_1_457' title='bbox 3650 3174 3702 3227; x_wconf 83' lang='grc' dir='ltr'><strong>τί</strong></span> 
     </span>
    </p>
   </div>
   <div class='ocr_carea' id='block_1_65' title="bbox 454 3292 2024 3366">
    <p class='ocr_par' dir='ltr' id='par_1_65' title="bbox 454 3292 2024 3366">
     <span class='ocr_line' id='line_1_65' title="bbox 454 3292 2024 3366; baseline -0.003 -15"><span class='ocrx_word' id='word_1_458' title='bbox 454 3306 705 3366; x_wconf 82' lang='lat' dir='ltr'><strong>peccato,</strong></span> <span class='ocrx_word' id='word_1_459' title='bbox 761 3296 957 3349; x_wconf 81' lang='lat' dir='ltr'><strong>iterum</strong></span> <span class='ocrx_word' id='word_1_460' title='bbox 1011 3294 1252 3357; x_wconf 86' lang='lat' dir='ltr'><strong>discedo,</strong></span> <span class='ocrx_word' id='word_1_461' title='bbox 1310 3292 1572 3361; x_wconf 75' lang='lat' dir='ltr'><strong>expellor.</strong></span> <span class='ocrx_word' id='word_1_462' title='bbox 1633 3292 1775 3358; x_wconf 88' lang='lat' dir='ltr'><strong>Quid</strong></span> <span class='ocrx_word' id='word_1_463' title='bbox 1824 3293 2024 3357; x_wconf 91' lang='lat' dir='ltr'><strong>dicam,</strong></span> 
     </span>
    </p>
   </div>
   <div class='ocr_carea' id='block_1_66' title="bbox 456 3382 2026 3456">
    <p class='ocr_par' dir='ltr' id='par_1_66' title="bbox 456 3382 2026 3456">
     <span class='ocr_line' id='line_1_66' title="bbox 456 3382 2026 3456; baseline -0.004 -13"><span class='ocrx_word' id='word_1_464' title='bbox 456 3388 674 3452; x_wconf 90' lang='lat' dir='ltr'><strong>nescio;</strong></span> <span class='ocrx_word' id='word_1_465' title='bbox 700 3386 805 3441; x_wconf 88' lang='lat' dir='ltr'><strong>nisi</strong></span> <span class='ocrx_word' id='word_1_466' title='bbox 837 3385 982 3456; x_wconf 88' lang='lat' dir='ltr'><strong>quod</strong></span> <span class='ocrx_word' id='word_1_467' title='bbox 1013 3384 1154 3440; x_wconf 84' lang='lat' dir='ltr'><strong>sicut</strong></span> <span class='ocrx_word' id='word_1_468' title='bbox 1179 3383 1313 3438; x_wconf 90' lang='lat' dir='ltr'><strong>alter</strong></span> <span class='ocrx_word' id='word_1_469' title='bbox 1336 3383 1504 3436; x_wconf 80' lang='lat' dir='ltr'><strong>Adam</strong></span> <span class='ocrx_word' id='word_1_470' title='bbox 1537 3390 1690 3437; x_wconf 82' lang='lat' dir='ltr'><strong>extra</strong></span> <span class='ocrx_word' id='word_1_471' title='bbox 1715 3382 2026 3452; x_wconf 80' lang='lat' dir='ltr'><strong>paradisum</strong></span> 
     </span>
    </p>
   </div>
   <div class='ocr_carea' id='block_1_67' title="bbox 452 3471 2025 3549">
    <p class='ocr_par' dir='ltr' id='par_1_67' title="bbox 452 3471 2025 3549">
     <span class='ocr_line' id='line_1_67' title="bbox 452 3471 2025 3549; baseline -0.003 -17"><span class='ocrx_word' id='word_1_472' title='bbox 452 3478 604 3549; x_wconf 88' lang='lat' dir='ltr'><strong>loqui</strong></span> <span class='ocrx_word' id='word_1_473' title='bbox 652 3477 812 3547; x_wconf 75' lang='lat' dir='ltr'><strong>cmpi.</strong></span> <span class='ocrx_word' id='word_1_474' title='bbox 868 3475 1042 3542; x_wconf 85' lang='lat' dir='ltr'><strong>Quam</strong></span> <span class='ocrx_word' id='word_1_475' title='bbox 1075 3482 1218 3529; x_wconf 90' lang='lat' dir='ltr'><strong>recte</strong></span> <span class='ocrx_word' id='word_1_476' title='bbox 1263 3472 1530 3538; x_wconf 83' lang='lat' dir='ltr'><strong>vivebam,</strong></span> <span class='ocrx_word' id='word_1_477' title='bbox 1577 3471 1887 3543; x_wconf 88' lang='lat' dir='ltr'><strong>loquentem</strong></span> <span class='ocrx_word' id='word_1_478' title='bbox 1921 3488 2025 3527; x_wconf 88' lang='lat' dir='ltr'><strong>au-</strong></span> 
     </span>
    </p>
   </div>
   <div class='ocr_carea' id='block_1_68' title="bbox 454 3563 2029 3639">
    <p class='ocr_par' dir='ltr' id='par_1_68' title="bbox 454 3563 2029 3639">
     <span class='ocr_line' id='line_1_68' title="bbox 454 3563 2029 3639; baseline -0.002 -16"><span class='ocrx_word' id='word_1_479' title='bbox 454 3569 611 3623; x_wconf 89' lang='lat' dir='ltr'><strong>diens</strong></span> <span class='ocrx_word' id='word_1_480' title='bbox 634 3569 976 3639; x_wconf 83' lang='lat' dir='ltr'><strong>magistrum,</strong></span> <span class='ocrx_word' id='word_1_481' title='bbox 1008 3582 1073 3620; x_wconf 89' lang='lat' dir='ltr'><strong>ac</strong></span> <span class='ocrx_word' id='word_1_482' title='bbox 1097 3566 1292 3631; x_wconf 87' lang='lat' dir='ltr'><strong>silens;</strong></span> <span class='ocrx_word' id='word_1_483' title='bbox 1322 3579 1482 3634; x_wconf 84' lang='lat' dir='ltr'><strong>quam</strong></span> <span class='ocrx_word' id='word_1_484' title='bbox 1506 3563 1666 3618; x_wconf 86' lang='lat' dir='ltr'><strong>debui</strong></span> <span class='ocrx_word' id='word_1_485' title='bbox 1692 3564 1857 3620; x_wconf 87' lang='lat' dir='ltr'><strong>etiam</strong></span> <span class='ocrx_word' id='word_1_486' title='bbox 1883 3580 2029 3620; x_wconf 89' lang='lat' dir='ltr'><strong>nunc</strong></span> 
     </span>
    </p>
   </div>
   <div class='ocr_carea' id='block_1_69' title="bbox 456 3654 2028 3724">
    <p class='ocr_par' dir='ltr' id='par_1_69' title="bbox 456 3654 2028 3724">
     <span class='ocr_line' id='line_1_69' title="bbox 456 3654 2028 3724; baseline -0.003 -10"><span class='ocrx_word' id='word_1_487' title='bbox 456 3658 639 3722; x_wconf 85' lang='lat' dir='ltr'><strong>silere,</strong></span> <span class='ocrx_word' id='word_1_488' title='bbox 663 3657 940 3713; x_wconf 88' lang='lat' dir='ltr'><strong>discebam</strong></span> <span class='ocrx_word' id='word_1_489' title='bbox 962 3666 1179 3721; x_wconf 89' lang='lat' dir='ltr'><strong>tacens;</strong></span> <span class='ocrx_word' id='word_1_490' title='bbox 1211 3654 1304 3709; x_wconf 89' lang='lat' dir='ltr'><strong>sed</strong></span> <span class='ocrx_word' id='word_1_491' title='bbox 1330 3670 1435 3706; x_wconf 88' lang='lat' dir='ltr'><strong>non</strong></span> <span class='ocrx_word' id='word_1_492' title='bbox 1465 3668 1667 3708; x_wconf 86' lang='lat' dir='ltr'><strong>novum</strong></span> <span class='ocrx_word' id='word_1_493' title='bbox 1697 3656 1800 3710; x_wconf 89' lang='lat' dir='ltr'><strong>hoc</strong></span> <span class='ocrx_word' id='word_1_494' title='bbox 1824 3665 2028 3724; x_wconf 85' lang='lat' dir='ltr'><strong>specta-</strong></span> 
     </span>
    </p>
   </div>
   <div class='ocr_carea' id='block_1_70' title="bbox 453 3747 2021 3818">
    <p class='ocr_par' dir='ltr' id='par_1_70' title="bbox 453 3747 2021 3818">
     <span class='ocr_line' id='line_1_70' title="bbox 453 3747 2021 3818; baseline -0.001 -15"><span class='ocrx_word' id='word_1_495' title='bbox 453 3749 659 3813; x_wconf 89' lang='lat' dir='ltr'><strong>culum,</strong></span> <span class='ocrx_word' id='word_1_496' title='bbox 686 3750 739 3803; x_wconf 89' lang='lat' dir='ltr'><strong>in</strong></span> <span class='ocrx_word' id='word_1_497' title='bbox 762 3764 871 3818; x_wconf 88' lang='lat' dir='ltr'><strong>quo</strong></span> <span class='ocrx_word' id='word_1_498' title='bbox 893 3748 1211 3817; x_wconf 89' lang='lat' dir='ltr'><strong>magistrum</strong></span> <span class='ocrx_word' id='word_1_499' title='bbox 1243 3748 1417 3817; x_wconf 91' lang='lat' dir='ltr'><strong>ipsum</strong></span> <span class='ocrx_word' id='word_1_500' title='bbox 1443 3747 1673 3802; x_wconf 88' lang='lat' dir='ltr'><strong>facerem</strong></span> <span class='ocrx_word' id='word_1_501' title='bbox 1695 3747 2021 3802; x_wconf 88' lang='lat' dir='ltr'><strong>auditorem.</strong></span> 
     </span>
    </p>
   </div>
   <div class='ocr_carea' id='block_1_71' title="bbox 453 3837 2025 3909">
    <p class='ocr_par' dir='ltr' id='par_1_71' title="bbox 453 3837 2025 3909">
     <span class='ocr_line' id='line_1_71' title="bbox 453 3837 2025 3909; baseline -0.001 -14"><span class='ocrx_word' id='word_1_502' title='bbox 453 3840 596 3908; x_wconf 85' lang='lat' dir='ltr'><strong>Quid</strong></span> <span class='ocrx_word' id='word_1_503' title='bbox 628 3839 773 3894; x_wconf 88' lang='lat' dir='ltr'><strong>enim</strong></span> <span class='ocrx_word' id='word_1_504' title='bbox 804 3839 937 3895; x_wconf 80' lang='lat' dir='ltr'><strong>mihi</strong></span> <span class='ocrx_word' id='word_1_505' title='bbox 979 3840 1081 3894; x_wconf 86' lang='lat' dir='ltr'><strong>hac</strong></span> <span class='ocrx_word' id='word_1_506' title='bbox 1110 3854 1248 3909; x_wconf 89' lang='lat' dir='ltr'><strong>opus</strong></span> <span class='ocrx_word' id='word_1_507' title='bbox 1288 3848 1405 3893; x_wconf 86' lang='lat' dir='ltr'><strong>erat</strong></span> <span class='ocrx_word' id='word_1_508' title='bbox 1449 3837 1731 3893; x_wconf 87' lang='lat' dir='ltr'><strong>oratione?</strong></span> <span class='ocrx_word' id='word_1_509' title='bbox 1778 3838 1907 3907; x_wconf 90' lang='lat' dir='ltr'><strong>quid</strong></span> <span class='ocrx_word' id='word_1_510' title='bbox 1940 3838 2025 3894; x_wconf 91' lang='lat' dir='ltr'><strong>his</strong></span> 
     </span>
    </p>
   </div>
   <div class='ocr_carea' id='block_1_72' title="bbox 454 3927 2022 3997">
    <p class='ocr_par' dir='ltr' id='par_1_72' title="bbox 454 3927 2022 3997">
     <span class='ocr_line' id='line_1_72' title="bbox 454 3927 2022 3997; baseline -0.001 -15"><span class='ocrx_word' id='word_1_511' title='bbox 454 3928 610 3983; x_wconf 80' lang='lat' dir='ltr'><strong>affari</strong></span> <span class='ocrx_word' id='word_1_512' title='bbox 644 3927 844 3993; x_wconf 91' lang='lat' dir='ltr'><strong>verbis,</strong></span> <span class='ocrx_word' id='word_1_513' title='bbox 885 3942 1011 3983; x_wconf 92' lang='lat' dir='ltr'><strong>cum</strong></span> <span class='ocrx_word' id='word_1_514' title='bbox 1044 3943 1151 3982; x_wconf 92' lang='lat' dir='ltr'><strong>nou</strong></span> <span class='ocrx_word' id='word_1_515' title='bbox 1193 3927 1364 3994; x_wconf 90' lang='lat' dir='ltr'><strong>abire,</strong></span> <span class='ocrx_word' id='word_1_516' title='bbox 1396 3928 1488 3982; x_wconf 90' lang='lat' dir='ltr'><strong>sed</strong></span> <span class='ocrx_word' id='word_1_517' title='bbox 1530 3927 1823 3997; x_wconf 86' lang='lat' dir='ltr'><strong>persistere</strong></span> <span class='ocrx_word' id='word_1_518' title='bbox 1854 3941 2022 3997; x_wconf 87' lang='lat' dir='ltr'><strong>Opor-</strong></span> 
     </span>
    </p>
   </div>
   <div class='ocr_carea' id='block_1_73' title="bbox 452 4017 2024 4089">
    <p class='ocr_par' dir='ltr' id='par_1_73' title="bbox 452 4017 2024 4089">
     <span class='ocr_line' id='line_1_73' title="bbox 452 4017 2024 4089; baseline -0.003 -13"><span class='ocrx_word' id='word_1_519' title='bbox 452 4021 658 4076; x_wconf 82' lang='lat' dir='ltr'><strong>tuerit?</strong></span> <span class='ocrx_word' id='word_1_520' title='bbox 702 4021 774 4074; x_wconf 86' lang='lat' dir='ltr'><strong>At</strong></span> <span class='ocrx_word' id='word_1_521' title='bbox 814 4020 961 4075; x_wconf 84' lang='lat' dir='ltr'><strong>enim</strong></span> <span class='ocrx_word' id='word_1_522' title='bbox 1010 4019 1248 4089; x_wconf 66' lang='lat' dir='ltr'><strong>antiqum</strong></span> <span class='ocrx_word' id='word_1_523' title='bbox 1287 4017 1497 4075; x_wconf 86' lang='lat' dir='ltr'><strong>fraudis</strong></span> <span class='ocrx_word' id='word_1_524' title='bbox 1538 4018 1737 4073; x_wconf 87' lang='lat' dir='ltr'><strong>similia</strong></span> <span class='ocrx_word' id='word_1_525' title='bbox 1769 4017 2024 4074; x_wconf 88' lang='lat' dir='ltr'><strong>videntur</strong></span> 
     </span>
    </p>
   </div>
   <div class='ocr_carea' id='block_1_74' title="bbox 452 4111 2020 4181">
    <p class='ocr_par' dir='ltr' id='par_1_74' title="bbox 452 4111 2020 4181">
     <span class='ocr_line' id='line_1_74' title="bbox 452 4111 2020 4181; baseline -0.001 -14"><span class='ocrx_word' id='word_1_526' title='bbox 452 4112 571 4168; x_wconf 79' lang='lat' dir='ltr'><strong>haec</strong></span> <span class='ocrx_word' id='word_1_527' title='bbox 610 4112 826 4179; x_wconf 89' lang='lat' dir='ltr'><strong>delicta,</strong></span> <span class='ocrx_word' id='word_1_528' title='bbox 856 4121 909 4166; x_wconf 93' lang='lat' dir='ltr'><strong>et</strong></span> <span class='ocrx_word' id='word_1_529' title='bbox 950 4122 1195 4167; x_wconf 89' lang='lat' dir='ltr'><strong>veterum</strong></span> <span class='ocrx_word' id='word_1_530' title='bbox 1223 4126 1397 4181; x_wconf 85' lang='lat' dir='ltr'><strong>poenae</strong></span> <span class='ocrx_word' id='word_1_531' title='bbox 1428 4112 1548 4166; x_wconf 64' lang='lat' dir='ltr'><strong>ista:</strong></span> <span class='ocrx_word' id='word_1_532' title='bbox 1579 4126 1668 4167; x_wconf 89' lang='lat' dir='ltr'><strong>me</strong></span> <span class='ocrx_word' id='word_1_533' title='bbox 1695 4111 1874 4167; x_wconf 89' lang='lat' dir='ltr'><strong>adhuc</strong></span> <span class='ocrx_word' id='word_1_534' title='bbox 1902 4125 2020 4166; x_wconf 85' lang='lat' dir='ltr'><strong>ma-</strong></span> 
     </span>
    </p>
   </div>
   <div class='ocr_carea' id='block_1_75' title="bbox 452 4200 2025 4271">
    <p class='ocr_par' dir='ltr' id='par_1_75' title="bbox 452 4200 2025 4271">
     <span class='ocr_line' id='line_1_75' title="bbox 452 4200 2025 4271; baseline -0.001 -15"><span class='ocrx_word' id='word_1_535' title='bbox 452 4211 606 4257; x_wconf 89' lang='lat' dir='ltr'><strong>nent.</strong></span> <span class='ocrx_word' id='word_1_536' title='bbox 638 4201 837 4256; x_wconf 83' lang='lat' dir='ltr'><strong>Annon</strong></span> <span class='ocrx_word' id='word_1_537' title='bbox 886 4217 1077 4256; x_wconf 88' lang='lat' dir='ltr'><strong>rursus</strong></span> <span class='ocrx_word' id='word_1_538' title='bbox 1124 4200 1384 4271; x_wconf 82' lang='lat' dir='ltr'><strong>refragari</strong></span> <span class='ocrx_word' id='word_1_539' title='bbox 1434 4210 1595 4271; x_wconf 85' lang='lat' dir='ltr'><strong>atque</strong></span> <span class='ocrx_word' id='word_1_540' title='bbox 1635 4201 1902 4257; x_wconf 88' lang='lat' dir='ltr'><strong>Obsistere</strong></span> <span class='ocrx_word' id='word_1_541' title='bbox 1944 4202 2025 4255; x_wconf 83' lang='lat' dir='ltr'><strong>vi-</strong></span> 
     </span>
    </p>
   </div>
   <div class='ocr_carea' id='block_1_76' title="bbox 451 4291 2024 4360">
    <p class='ocr_par' dir='ltr' id='par_1_76' title="bbox 451 4291 2024 4360">
     <span class='ocr_line' id='line_1_76' title="bbox 451 4291 2024 4360; baseline -0.001 -12"><span class='ocrx_word' id='word_1_542' title='bbox 451 4292 605 4359; x_wconf 90' lang='lat' dir='ltr'><strong>deor,</strong></span> <span class='ocrx_word' id='word_1_543' title='bbox 636 4292 731 4348; x_wconf 91' lang='lat' dir='ltr'><strong>Dei</strong></span> <span class='ocrx_word' id='word_1_544' title='bbox 753 4307 941 4347; x_wconf 90' lang='lat' dir='ltr'><strong>vocem</strong></span> <span class='ocrx_word' id='word_1_545' title='bbox 966 4291 1270 4360; x_wconf 81' lang='lat' dir='ltr'><strong>transgredi</strong></span> <span class='ocrx_word' id='word_1_546' title='bbox 1294 4292 1520 4358; x_wconf 91' lang='lat' dir='ltr'><strong>audens,</strong></span> <span class='ocrx_word' id='word_1_547' title='bbox 1546 4307 1669 4347; x_wconf 90' lang='lat' dir='ltr'><strong>cum</strong></span> <span class='ocrx_word' id='word_1_548' title='bbox 1696 4292 1744 4346; x_wconf 92' lang='lat' dir='ltr'><strong>ei</strong></span> <span class='ocrx_word' id='word_1_549' title='bbox 1771 4292 2024 4347; x_wconf 87' lang='lat' dir='ltr'><strong>insistere</strong></span> 
     </span>
    </p>
   </div>
   <div class='ocr_carea' id='block_1_77' title="bbox 450 4381 2026 4448">
    <p class='ocr_par' dir='ltr' id='par_1_77' title="bbox 450 4381 2026 4448">
     <span class='ocr_line' id='line_1_77' title="bbox 450 4381 2026 4448; baseline -0.003 -9"><span class='ocrx_word' id='word_1_550' title='bbox 450 4394 505 4439; x_wconf 91' lang='lat' dir='ltr'><strong>et</strong></span> <span class='ocrx_word' id='word_1_551' title='bbox 534 4386 588 4438; x_wconf 90' lang='lat' dir='ltr'><strong>in</strong></span> <span class='ocrx_word' id='word_1_552' title='bbox 618 4400 682 4439; x_wconf 85' lang='lat' dir='ltr'><strong>ea</strong></span> <span class='ocrx_word' id='word_1_553' title='bbox 708 4400 930 4439; x_wconf 87' lang='lat' dir='ltr'><strong>manere</strong></span> <span class='ocrx_word' id='word_1_554' title='bbox 955 4382 1245 4439; x_wconf 86' lang='lat' dir='ltr'><strong>deberem?</strong></span> <span class='ocrx_word' id='word_1_555' title='bbox 1279 4382 1436 4448; x_wconf 90' lang='lat' dir='ltr'><strong>Quod</strong></span> <span class='ocrx_word' id='word_1_556' title='bbox 1462 4391 1639 4437; x_wconf 87' lang='lat' dir='ltr'><strong>autem</strong></span> <span class='ocrx_word' id='word_1_557' title='bbox 1671 4382 1912 4447; x_wconf 89' lang='lat' dir='ltr'><strong>discedo,</strong></span> <span class='ocrx_word' id='word_1_558' title='bbox 1944 4381 2026 4436; x_wconf 87' lang='lat' dir='ltr'><strong>fu-</strong></span> 
     </span>
    </p>
   </div>
   <div class='ocr_carea' id='block_1_78' title="bbox 2127 3260 3705 3340">
    <p class='ocr_par' dir='ltr' id='par_1_78' title="bbox 2127 3260 3705 3340">
     <span class='ocr_line' id='line_1_78' title="bbox 2127 3260 3705 3340; baseline -0.003 -17"><span class='ocrx_word' id='word_1_559' title='bbox 2127 3268 2396 3340; x_wconf 86' lang='grc' dir='ltr'>παθὼν,ἢ</span> <span class='ocrx_word' id='word_1_560' title='bbox 2445 3268 2607 3321; x_wconf 88' lang='grc' dir='ltr'>πάλιν</span> <span class='ocrx_word' id='word_1_561' title='bbox 2645 3266 2928 3340; x_wconf 78' lang='grc' dir='ltr'>ἁμαρτὼν,</span> <span class='ocrx_word' id='word_1_562' title='bbox 2978 3260 3367 3337; x_wconf 77' lang='grc' dir='ltr'>ἐκπορεύομαι,</span> <span class='ocrx_word' id='word_1_563' title='bbox 3422 3266 3705 3332; x_wconf 73' lang='grc' dir='ltr'>ἐξελαύνο-</span> 
     </span>
    </p>
   </div>
   <div class='ocr_carea' id='block_1_79' title="bbox 2130 3358 3699 3434">
    <p class='ocr_par' dir='ltr' id='par_1_79' title="bbox 2130 3358 3699 3434">
     <span class='ocr_line' id='line_1_79' title="bbox 2130 3358 3699 3434; baseline -0.003 -18"><span class='ocrx_word' id='word_1_564' title='bbox 2130 3381 2245 3434; x_wconf 90' lang='grc' dir='ltr'>μαι.</span> <span class='ocrx_word' id='word_1_565' title='bbox 2274 3362 2339 3415; x_wconf 90' lang='grc' dir='ltr'>Τί</span> <span class='ocrx_word' id='word_1_566' title='bbox 2367 3361 2472 3433; x_wconf 83' lang='grc' dir='ltr'><strong>χρὴ</strong></span> <span class='ocrx_word' id='word_1_567' title='bbox 2492 3360 2691 3429; x_wconf 81' lang='grc' dir='ltr'>λέγειν,</span> <span class='ocrx_word' id='word_1_568' title='bbox 2719 3359 2914 3428; x_wconf 85' lang='grc' dir='ltr'>ἀγνοῶ·</span> <span class='ocrx_word' id='word_1_569' title='bbox 2956 3359 3070 3413; x_wconf 87' lang='grc' dir='ltr'>ἀλλ’</span> <span class='ocrx_word' id='word_1_570' title='bbox 3099 3360 3181 3412; x_wconf 85' lang='grc' dir='ltr'>ὃτι</span> <span class='ocrx_word' id='word_1_571' title='bbox 3216 3358 3469 3429; x_wconf 85' lang='grc' dir='ltr'>δεύτερος</span> <span class='ocrx_word' id='word_1_572' title='bbox 3498 3360 3565 3413; x_wconf 78' lang='grc' dir='ltr'>ἐκ</span> <span class='ocrx_word' id='word_1_573' title='bbox 3592 3377 3699 3412; x_wconf 81' lang='grc' dir='ltr'>πα-</span> 
     </span>
    </p>
   </div>
   <div class='ocr_carea' id='block_1_80' title="bbox 2128 3448 3703 3531">
    <p class='ocr_par' dir='ltr' id='par_1_80' title="bbox 2128 3448 3703 3531">
     <span class='ocr_line' id='line_1_80' title="bbox 2128 3448 3703 3531; baseline -0.004 -20"><span class='ocrx_word' id='word_1_574' title='bbox 2128 3457 2373 3531; x_wconf 80' lang='grc' dir='ltr'>ραδείσου</span> <span class='ocrx_word' id='word_1_575' title='bbox 2421 3456 2590 3526; x_wconf 83' lang='grc' dir='ltr'><strong>Ἀδὰμ</strong></span> <span class='ocrx_word' id='word_1_576' title='bbox 2622 3453 2732 3522; x_wconf 71' lang='grc' dir='ltr'><strong>ἐγὼ</strong></span> <span class='ocrx_word' id='word_1_577' title='bbox 2759 3448 2894 3531; x_wconf 61' lang='grc'>(54),</span> <span class='ocrx_word' id='word_1_578' title='bbox 2948 3453 3042 3506; x_wconf 81' lang='grc' dir='ltr'>καὶ</span> <span class='ocrx_word' id='word_1_579' title='bbox 3074 3451 3253 3505; x_wconf 79' lang='grc' dir='ltr'>λαλεῖν</span> <span class='ocrx_word' id='word_1_580' title='bbox 3294 3452 3575 3523; x_wconf 75' lang='grc' dir='ltr'>ἠρξάμην.</span> <span class='ocrx_word' id='word_1_581' title='bbox 3612 3452 3703 3514; x_wconf 80' lang='grc' dir='ltr'>Ὣς</span> 
     </span>
    </p>
   </div>
   <div class='ocr_carea' id='block_1_81' title="bbox 2126 3539 3705 3613">
    <p class='ocr_par' dir='ltr' id='par_1_81' title="bbox 2126 3539 3705 3613">
     <span class='ocr_line' id='line_1_81' title="bbox 2126 3539 3705 3613; baseline -0.005 -10"><span class='ocrx_word' id='word_1_582' title='bbox 2126 3549 2306 3612; x_wconf 84' lang='grc' dir='ltr'>καλῶς</span> <span class='ocrx_word' id='word_1_583' title='bbox 2343 3548 2499 3612; x_wconf 77' lang='grc' dir='ltr'>ἔζων,</span> <span class='ocrx_word' id='word_1_584' title='bbox 2525 3539 2736 3601; x_wconf 85' lang='grc' dir='ltr'>ἀκούων</span> <span class='ocrx_word' id='word_1_585' title='bbox 2762 3545 3013 3613; x_wconf 83' lang='grc' dir='ltr'>λέγοντος</span> <span class='ocrx_word' id='word_1_586' title='bbox 3050 3542 3391 3605; x_wconf 83' lang='grc' dir='ltr'>διδασκάλου,</span> <span class='ocrx_word' id='word_1_587' title='bbox 3437 3544 3535 3597; x_wconf 72' lang='grc' dir='ltr'>καὶ</span> <span class='ocrx_word' id='word_1_588' title='bbox 3578 3561 3705 3596; x_wconf 74' lang='grc' dir='ltr'>σιω-</span> 
     </span>
    </p>
   </div>
   <div class='ocr_carea' id='block_1_82' title="bbox 2126 3633 3701 3709">
    <p class='ocr_par' dir='ltr' id='par_1_82' title="bbox 2126 3633 3701 3709">
     <span class='ocr_line' id='line_1_82' title="bbox 2126 3633 3701 3709; baseline -0.011 -14"><span class='ocrx_word' id='word_1_589' title='bbox 2126 3641 2260 3695; x_wconf 89' lang='grc' dir='ltr'>πῶν·</span> <span class='ocrx_word' id='word_1_590' title='bbox 2285 3639 2359 3704; x_wconf 88' lang='grc' dir='ltr'>ὼς</span> <span class='ocrx_word' id='word_1_591' title='bbox 2377 3639 2566 3709; x_wconf 76' lang='grc' dir='ltr'>ὄφελον</span> <span class='ocrx_word' id='word_1_592' title='bbox 2587 3640 2679 3692; x_wconf 73' lang='grc' dir='ltr'>καὶ</span> <span class='ocrx_word' id='word_1_593' title='bbox 2694 3638 2785 3692; x_wconf 90' lang='grc' dir='ltr'><strong>νῦν</strong></span> <span class='ocrx_word' id='word_1_594' title='bbox 2813 3638 3043 3708; x_wconf 83' lang='grc' dir='ltr'>ἡσυχίαν</span> <span class='ocrx_word' id='word_1_595' title='bbox 3071 3636 3222 3705; x_wconf 75' lang='grc' dir='ltr'>ἄγειν</span> <span class='ocrx_word' id='word_1_596' title='bbox 3267 3634 3575 3704; x_wconf 73' lang='grc' dir='ltr'>ἐμάνθανον</span> <span class='ocrx_word' id='word_1_597' title='bbox 3589 3633 3701 3703; x_wconf 72' lang='lat'><strong>(35)</strong></span> 
     </span>
    </p>
   </div>
   <div class='ocr_carea' id='block_1_83' title="bbox 2129 3723 3703 3800">
    <p class='ocr_par' dir='ltr' id='par_1_83' title="bbox 2129 3723 3703 3800">
     <span class='ocr_line' id='line_1_83' title="bbox 2129 3723 3703 3800; baseline -0.006 -16"><span class='ocrx_word' id='word_1_598' title='bbox 2129 3731 2368 3785; x_wconf 83' lang='grc' dir='ltr'>σιωπῶν’</span> <span class='ocrx_word' id='word_1_599' title='bbox 2397 3730 2531 3783; x_wconf 87' lang='grc' dir='ltr'><strong>ἀλλά</strong></span> <span class='ocrx_word' id='word_1_600' title='bbox 2585 3729 2681 3800; x_wconf 82' lang='grc' dir='ltr'>μὴ,</span> <span class='ocrx_word' id='word_1_601' title='bbox 2708 3728 2767 3781; x_wconf 68' lang='grc' dir='ltr'>τὸ</span> <span class='ocrx_word' id='word_1_602' title='bbox 2795 3728 2978 3781; x_wconf 84' lang='grc' dir='ltr'>καινὸν</span> <span class='ocrx_word' id='word_1_603' title='bbox 3004 3726 3165 3779; x_wconf 85' lang='grc' dir='ltr'>τοῦτο</span> <span class='ocrx_word' id='word_1_604' title='bbox 3201 3724 3401 3793; x_wconf 84' lang='grc' dir='ltr'>θέαμα,</span> <span class='ocrx_word' id='word_1_605' title='bbox 3423 3723 3703 3794; x_wconf 77' lang='grc' dir='ltr'>ἀκροατὴν</span> 
     </span>
    </p>
   </div>
   <div class='ocr_carea' id='block_1_84' title="bbox 2126 3806 3703 3890">
    <p class='ocr_par' dir='ltr' id='par_1_84' title="bbox 2126 3806 3703 3890">
     <span class='ocr_line' id='line_1_84' title="bbox 2126 3806 3703 3890; baseline -0.007 -15"><span class='ocrx_word' id='word_1_606' title='bbox 2126 3823 2214 3876; x_wconf 72' lang='grc' dir='ltr'><strong>τὸν</strong></span> <span class='ocrx_word' id='word_1_607' title='bbox 2246 3821 2562 3875; x_wconf 87' lang='grc' dir='ltr'>διδάσκαλον</span> <span class='ocrx_word' id='word_1_608' title='bbox 2615 3819 2961 3890; x_wconf 81' lang='grc' dir='ltr'>ποιήσασθαι.</span> <span class='ocrx_word' id='word_1_609' title='bbox 3000 3806 3063 3870; x_wconf 79' lang='grc' dir='ltr'>Τί</span> <span class='ocrx_word' id='word_1_610' title='bbox 3089 3816 3197 3888; x_wconf 90' lang='grc' dir='ltr'><strong>γάρ</strong></span> <span class='ocrx_word' id='word_1_611' title='bbox 3220 3828 3309 3886; x_wconf 85' lang='grc' dir='ltr'><strong>μοι</strong></span> <span class='ocrx_word' id='word_1_612' title='bbox 3332 3814 3443 3867; x_wconf 81' lang='grc' dir='ltr'>ἔδει</span> <span class='ocrx_word' id='word_1_613' title='bbox 3468 3815 3580 3866; x_wconf 84' lang='grc' dir='ltr'><strong>τῶν</strong></span> <span class='ocrx_word' id='word_1_614' title='bbox 3611 3813 3703 3866; x_wconf 83' lang='grc' dir='ltr'>λό-</span> 
     </span>
    </p>
   </div>
   <div class='ocr_carea' id='block_1_85' title="bbox 2125 3904 3703 3983">
    <p class='ocr_par' dir='ltr' id='par_1_85' title="bbox 2125 3904 3703 3983">
     <span class='ocr_line' id='line_1_85' title="bbox 2125 3904 3703 3983; baseline -0.007 -16"><span class='ocrx_word' id='word_1_615' title='bbox 2125 3933 2236 3983; x_wconf 88' lang='grc' dir='ltr'><strong>γων</strong></span> <span class='ocrx_word' id='word_1_616' title='bbox 2278 3913 2517 3977; x_wconf 86' lang='grc' dir='ltr'>τούτων;</span> <span class='ocrx_word' id='word_1_617' title='bbox 2549 3911 2602 3965; x_wconf 86' lang='grc' dir='ltr'><strong>τί</strong></span> <span class='ocrx_word' id='word_1_618' title='bbox 2624 3912 2680 3964; x_wconf 82' lang='grc' dir='ltr'><strong>δὲ</strong></span> <span class='ocrx_word' id='word_1_619' title='bbox 2712 3910 2805 3964; x_wconf 74' lang='grc' dir='ltr'><strong>καὶ</strong></span> <span class='ocrx_word' id='word_1_620' title='bbox 2836 3904 3309 3980; x_wconf 75' lang='grc' dir='ltr'>προσφθέγγεσθαι</span> <span class='ocrx_word' id='word_1_621' title='bbox 3334 3905 3583 3965; x_wconf 82' lang='grc' dir='ltr'>τοιαῦτα,</span> <span class='ocrx_word' id='word_1_622' title='bbox 3626 3904 3703 3975; x_wconf 77' lang='grc' dir='ltr'>μὴ</span> 
     </span>
    </p>
   </div>
   <div class='ocr_carea' id='block_1_86' title="bbox 2124 3996 3702 4076">
    <p class='ocr_par' dir='ltr' id='par_1_86' title="bbox 2124 3996 3702 4076">
     <span class='ocr_line' id='line_1_86' title="bbox 2124 3996 3702 4076; baseline -0.009 -16"><span class='ocrx_word' id='word_1_623' title='bbox 2124 4009 2362 4071; x_wconf 82' lang='grc' dir='ltr'>ἀπεῖναι,</span> <span class='ocrx_word' id='word_1_624' title='bbox 2384 4004 2813 4076; x_wconf 80' lang='grc' dir='ltr'>προσκαρτερεῖν</span> <span class='ocrx_word' id='word_1_625' title='bbox 2840 4000 2918 4064; x_wconf 83' lang='grc' dir='ltr'>δὲ,</span> <span class='ocrx_word' id='word_1_626' title='bbox 2940 4000 3086 4061; x_wconf 75' lang='grc' dir='ltr'>δέον;</span> <span class='ocrx_word' id='word_1_627' title='bbox 3150 3997 3309 4050; x_wconf 80' lang='grc' dir='ltr'><strong>Ἀλλὰ</strong></span> <span class='ocrx_word' id='word_1_628' title='bbox 3331 3996 3435 4065; x_wconf 79' lang='grc' dir='ltr'>τῆς</span> <span class='ocrx_word' id='word_1_629' title='bbox 3458 3996 3702 4059; x_wconf 70' lang='grc' dir='ltr'>παλαιᾶς</span> 
     </span>
    </p>
   </div>
   <div class='ocr_carea' id='block_1_87' title="bbox 2125 4089 3703 4169">
    <p class='ocr_par' dir='ltr' id='par_1_87' title="bbox 2125 4089 3703 4169">
     <span class='ocr_line' id='line_1_87' title="bbox 2125 4089 3703 4169; baseline -0.009 -15"><span class='ocrx_word' id='word_1_630' title='bbox 2125 4100 2341 4169; x_wconf 85' lang='grc' dir='ltr'>ἀπάτης</span> <span class='ocrx_word' id='word_1_631' title='bbox 2372 4097 2546 4150; x_wconf 75' lang='grc' dir='ltr'>ἔοικεν</span> <span class='ocrx_word' id='word_1_632' title='bbox 2577 4091 2713 4147; x_wconf 79' lang='grc' dir='ltr'>εἶναι</span> <span class='ocrx_word' id='word_1_633' title='bbox 2768 4092 2940 4146; x_wconf 83' lang='grc' dir='ltr'>ταῦτα</span> <span class='ocrx_word' id='word_1_634' title='bbox 2986 4089 3451 4161; x_wconf 74' lang='grc' dir='ltr'>πλημμελήματα,</span> <span class='ocrx_word' id='word_1_635' title='bbox 3503 4089 3615 4141; x_wconf 80' lang='grc' dir='ltr'><strong>τῶν</strong></span> <span class='ocrx_word' id='word_1_636' title='bbox 3640 4105 3703 4140; x_wconf 83' lang='grc' dir='ltr'><strong>τε</strong></span> 
     </span>
    </p>
   </div>
   <div class='ocr_carea' id='block_1_88' title="bbox 2124 4176 3705 4264">
    <p class='ocr_par' dir='ltr' id='par_1_88' title="bbox 2124 4176 3705 4264">
     <span class='ocr_line' id='line_1_88' title="bbox 2124 4176 3705 4264; baseline -0.009 -18"><span class='ocrx_word' id='word_1_637' title='bbox 2124 4189 2365 4264; x_wconf 81' lang='grc' dir='ltr'>ἀρχαίων</span> <span class='ocrx_word' id='word_1_638' title='bbox 2417 4178 2561 4242; x_wconf 90' lang='grc' dir='ltr'>δίκαι</span> <span class='ocrx_word' id='word_1_639' title='bbox 2596 4182 2710 4241; x_wconf 78' lang='grc' dir='ltr'>αἵδε</span> <span class='ocrx_word' id='word_1_640' title='bbox 2745 4202 2810 4256; x_wconf 90' lang='grc' dir='ltr'><strong>με</strong></span> <span class='ocrx_word' id='word_1_641' title='bbox 2863 4184 3109 4256; x_wconf 82' lang='grc' dir='ltr'>μένουσιν</span> <span class='ocrx_word' id='word_1_642' title='bbox 3142 4181 3240 4234; x_wconf 74' lang='grc' dir='ltr'>ἔτι.</span> <span class='ocrx_word' id='word_1_643' title='bbox 3277 4177 3356 4233; x_wconf 82' lang='grc' dir='ltr'><strong><em>Ἦ</em></strong></span> <span class='ocrx_word' id='word_1_644' title='bbox 3413 4181 3508 4233; x_wconf 72' lang='grc' dir='ltr'>καὶ</span> <span class='ocrx_word' id='word_1_645' title='bbox 3542 4176 3705 4244; x_wconf 73' lang='grc' dir='ltr'>αὖθις</span> 
     </span>
    </p>
   </div>
   <div class='ocr_carea' id='block_1_89' title="bbox 2125 4272 3702 4352">
    <p class='ocr_par' dir='ltr' id='par_1_89' title="bbox 2125 4272 3702 4352">
     <span class='ocr_line' id='line_1_89' title="bbox 2125 4272 3702 4352; baseline -0.008 -14"><span class='ocrx_word' id='word_1_646' title='bbox 2125 4283 2370 4337; x_wconf 72' lang='grc' dir='ltr'>ἀπειθεῖν</span> <span class='ocrx_word' id='word_1_647' title='bbox 2404 4280 2515 4352; x_wconf 81' lang='lat'><strong>(56)</strong></span> <span class='ocrx_word' id='word_1_648' title='bbox 2568 4295 2657 4349; x_wconf 87' lang='grc' dir='ltr'><strong>μοι</strong></span> <span class='ocrx_word' id='word_1_649' title='bbox 2704 4275 2866 4340; x_wconf 86' lang='grc' dir='ltr'>δοκῶ,</span> <span class='ocrx_word' id='word_1_650' title='bbox 2917 4273 3265 4346; x_wconf 72' lang='grc' dir='ltr'>ὑπερϐαίνειν</span> <span class='ocrx_word' id='word_1_651' title='bbox 3302 4272 3518 4342; x_wconf 80' lang='grc' dir='ltr'>τολμῶν</span> <span class='ocrx_word' id='word_1_652' title='bbox 3574 4275 3702 4335; x_wconf 70' lang='grc' dir='ltr'>τοὺς</span> 
     </span>
    </p>
   </div>
   <div class='ocr_carea' id='block_1_90' title="bbox 2124 4365 3703 4445">
    <p class='ocr_par' dir='ltr' id='par_1_90' title="bbox 2124 4365 3703 4445">
     <span class='ocr_line' id='line_1_90' title="bbox 2124 4365 3703 4445; baseline -0.009 -15"><span class='ocrx_word' id='word_1_653' title='bbox 2124 4376 2315 4445; x_wconf 85' lang='grc' dir='ltr'>λόγους</span> <span class='ocrx_word' id='word_1_654' title='bbox 2342 4373 2436 4427; x_wconf 84' lang='grc' dir='ltr'><strong>τοῦ</strong></span> <span class='ocrx_word' id='word_1_655' title='bbox 2462 4372 2616 4437; x_wconf 88' lang='grc' dir='ltr'>Θεοῦ,</span> <span class='ocrx_word' id='word_1_656' title='bbox 2653 4369 2832 4440; x_wconf 79' lang='grc' dir='ltr'>μένειν</span> <span class='ocrx_word' id='word_1_657' title='bbox 2873 4368 2989 4422; x_wconf 83' lang='grc' dir='ltr'>δέον</span> <span class='ocrx_word' id='word_1_658' title='bbox 3013 4368 3070 4419; x_wconf 73' lang='grc' dir='ltr'>ὲν</span> <span class='ocrx_word' id='word_1_659' title='bbox 3096 4366 3278 4428; x_wconf 82' lang='grc' dir='ltr'>αὐτοῖς</span> <span class='ocrx_word' id='word_1_660' title='bbox 3311 4366 3409 4419; x_wconf 77' lang='grc' dir='ltr'>καὶ</span> <span class='ocrx_word' id='word_1_661' title='bbox 3436 4365 3576 4436; x_wconf 74' lang='grc' dir='ltr'>πρὸς</span> <span class='ocrx_word' id='word_1_662' title='bbox 3601 4365 3703 4417; x_wconf 64' lang='lat' dir='ltr'><strong>af:-</strong></span> 
     </span>
    </p>
   </div>
   <div class='ocr_carea' id='block_1_91' title="bbox 450 4454 2029 4546">
    <p class='ocr_par' dir='ltr' id='par_1_91' title="bbox 450 4472 2021 4546">
     <span class='ocr_line' id='line_1_91' title="bbox 450 4472 2021 4546; baseline -0.001 -19"><span class='ocrx_word' id='word_1_663' title='bbox 450 4476 604 4546; x_wconf 88' lang='lat' dir='ltr'><strong>giens</strong></span> <span class='ocrx_word' id='word_1_664' title='bbox 634 4475 702 4529; x_wconf 87' lang='lat' dir='ltr'><strong>ab</strong></span> <span class='ocrx_word' id='word_1_665' title='bbox 732 4474 834 4529; x_wconf 87' lang='lat' dir='ltr'><strong>hac</strong></span> <span class='ocrx_word' id='word_1_666' title='bbox 863 4475 1020 4529; x_wconf 85' lang='lat' dir='ltr'><strong>beata</strong></span> <span class='ocrx_word' id='word_1_667' title='bbox 1048 4474 1178 4537; x_wconf 82' lang='lat' dir='ltr'><strong>vita,</strong></span> <span class='ocrx_word' id='word_1_668' title='bbox 1204 4486 1311 4527; x_wconf 86' lang='lat' dir='ltr'><strong>non</strong></span> <span class='ocrx_word' id='word_1_669' title='bbox 1342 4472 1531 4527; x_wconf 88' lang='lat' dir='ltr'><strong>minus</strong></span> <span class='ocrx_word' id='word_1_670' title='bbox 1560 4484 1775 4542; x_wconf 82' lang='lat' dir='ltr'><strong>egomet</strong></span> <span class='ocrx_word' id='word_1_671' title='bbox 1802 4487 1963 4541; x_wconf 89' lang='lat' dir='ltr'><strong>quam</strong></span> <span class='ocrx_word' id='word_1_672' title='bbox 1990 4487 2021 4526; x_wconf 88' lang='lat' dir='ltr'><strong>a</strong></span> 
     </span>
    </p>
   </div>
   <div class='ocr_carea' id='block_1_92' title="bbox 2133 4454 3704 4546">
    <p class='ocr_par' dir='ltr' id='par_1_92' title="bbox 2133 4454 3704 4532">
     <span class='ocr_line' id='line_1_92' title="bbox 2133 4454 3704 4532; baseline -0.008 -13"><span class='ocrx_word' id='word_1_673' title='bbox 2133 4469 2271 4529; x_wconf 85' lang='grc' dir='ltr'><strong>τοῖς;</strong></span> <span class='ocrx_word' id='word_1_674' title='bbox 2311 4466 2375 4517; x_wconf 91' lang='grc' dir='ltr'>Ὂ</span> <span class='ocrx_word' id='word_1_675' title='bbox 2399 4464 2455 4517; x_wconf 81' lang='grc' dir='ltr'>δὲ</span> <span class='ocrx_word' id='word_1_676' title='bbox 2481 4462 2695 4532; x_wconf 78' lang='grc' dir='ltr'>ἄπειμι,</span> <span class='ocrx_word' id='word_1_677' title='bbox 2752 4454 2965 4529; x_wconf 82' lang='grc' dir='ltr'>φεύγων</span> <span class='ocrx_word' id='word_1_678' title='bbox 3016 4457 3113 4528; x_wconf 78' lang='grc' dir='ltr'>μὲν</span> <span class='ocrx_word' id='word_1_679' title='bbox 3152 4455 3259 4511; x_wconf 86' lang='grc' dir='ltr'>ἀπὸ</span> <span class='ocrx_word' id='word_1_680' title='bbox 3281 4458 3377 4527; x_wconf 84' lang='grc' dir='ltr'>τῆς</span> <span class='ocrx_word' id='word_1_681' title='bbox 3419 4456 3704 4527; x_wconf 72' lang='grc' dir='ltr'>μακαρίας</span> 
     </span>
    </p>
   </div>
   <div class='ocr_carea' id='block_1_93' title="bbox 451 4565 2017 4630">
    <p class='ocr_par' dir='ltr' id='par_1_93' title="bbox 451 4565 2017 4630">
     <span class='ocr_line' id='line_1_93' title="bbox 451 4565 2017 4630; baseline -0.002 -9"><span class='ocrx_word' id='word_1_682' title='bbox 451 4567 588 4623; x_wconf 84' lang='lat' dir='ltr'><strong>faeie</strong></span> <span class='ocrx_word' id='word_1_683' title='bbox 611 4565 707 4622; x_wconf 91' lang='lat' dir='ltr'><strong>Dei</strong></span> <span class='ocrx_word' id='word_1_684' title='bbox 736 4575 891 4621; x_wconf 89' lang='lat' dir='ltr'><strong>vetus</strong></span> <span class='ocrx_word' id='word_1_685' title='bbox 921 4566 1011 4621; x_wconf 91' lang='lat' dir='ltr'><strong>ille</strong></span> <span class='ocrx_word' id='word_1_686' title='bbox 1038 4567 1222 4630; x_wconf 87' lang='lat' dir='ltr'><strong>homo,</strong></span> <span class='ocrx_word' id='word_1_687' title='bbox 1256 4575 1310 4620; x_wconf 92' lang='lat' dir='ltr'><strong>et</strong></span> <span class='ocrx_word' id='word_1_688' title='bbox 1342 4565 1395 4620; x_wconf 93' lang='lat' dir='ltr'><strong>in</strong></span> <span class='ocrx_word' id='word_1_689' title='bbox 1428 4575 1627 4619; x_wconf 88' lang='lat' dir='ltr'><strong>terram</strong></span> <span class='ocrx_word' id='word_1_690' title='bbox 1652 4574 1929 4619; x_wconf 82' lang='lat' dir='ltr'><strong>revertens</strong></span> <span class='ocrx_word' id='word_1_691' title='bbox 1952 4579 2017 4620; x_wconf 80' lang='lat' dir='ltr'><strong>ex</strong></span> 
     </span>
    </p>
   </div>
   <div class='ocr_carea' id='block_1_94' title="bbox 521 4720 1374 4793">
    <p class='ocr_par' dir='ltr' id='par_1_94' title="bbox 521 4720 1374 4793">
     <span class='ocr_line' id='line_1_94' title="bbox 521 4720 1374 4793; baseline 0 -18"><span class='ocrx_word' id='word_1_692' title='bbox 521 4720 565 4753; x_wconf 78' lang='grc'><strong>⁸⁸</strong></span> <span class='ocrx_word' id='word_1_693' title='bbox 586 4720 842 4789; x_wconf 79' lang='lat' dir='ltr'><strong>lsa.xxn,</strong></span> <span class='ocrx_word' id='word_1_694' title='bbox 874 4722 976 4790; x_wconf 71' lang='lat'><strong>22;</strong></span> <span class='ocrx_word' id='word_1_695' title='bbox 1015 4723 1177 4793; x_wconf 86' lang='lat' dir='ltr'><strong>Apoc.</strong></span> <span class='ocrx_word' id='word_1_696' title='bbox 1206 4738 1288 4789; x_wconf 90' lang='grc' dir='ltr'>ιιι,</span> <span class='ocrx_word' id='word_1_697' title='bbox 1322 4723 1374 4775; x_wconf 86' lang='lat'><strong>7.</strong></span> 
     </span>
    </p>
   </div>
   <div class='ocr_carea' id='block_1_95' title="bbox 518 4835 2019 4911">
    <p class='ocr_par' dir='ltr' id='par_1_95' title="bbox 518 4835 2019 4911">
     <span class='ocr_line' id='line_1_95' title="bbox 518 4835 2019 4911; baseline -0.001 -20"><span class='ocrx_word' id='word_1_698' title='bbox 518 4839 630 4911; x_wconf 78' lang='lat'><strong>(3|)</strong></span> <span class='ocrx_word' id='word_1_699' title='bbox 678 4838 1197 4911; x_wconf 55' lang='lat' dir='ltr'><strong>’Axodo&#39;agmr.Sic</strong></span> <span class='ocrx_word' id='word_1_700' title='bbox 1244 4837 1473 4911; x_wconf 72' lang='lat' dir='ltr'><strong>Vossius</strong></span> <span class='ocrx_word' id='word_1_701' title='bbox 1505 4845 1559 4892; x_wconf 91' lang='lat' dir='ltr'><strong>et</strong></span> <span class='ocrx_word' id='word_1_702' title='bbox 1596 4835 1903 4907; x_wconf 88' lang='lat' dir='ltr'><strong>Bengelius.</strong></span> <span class='ocrx_word' id='word_1_703' title='bbox 1950 4838 2019 4890; x_wconf 82' lang='lat' dir='ltr'><strong>At</strong></span> 
     </span>
    </p>
   </div>
   <div class='ocr_carea' id='block_1_96' title="bbox 448 4907 1604 4978">
    <p class='ocr_par' dir='ltr' id='par_1_96' title="bbox 448 4907 1604 4978">
     <span class='ocr_line' id='line_1_96' title="bbox 448 4907 1604 4978; baseline -0.004 -14"><span class='ocrx_word' id='word_1_704' title='bbox 448 4907 690 4978; x_wconf 80' lang='lat' dir='ltr'><strong>nuperus</strong></span> <span class='ocrx_word' id='word_1_705' title='bbox 720 4911 894 4964; x_wconf 86' lang='lat' dir='ltr'><strong>editor</strong></span> <span class='ocrx_word' id='word_1_706' title='bbox 918 4909 1262 4972; x_wconf 87' lang='lat' dir='ltr'><strong>Parisiensis,</strong></span> <span class='ocrx_word' id='word_1_707' title='bbox 1292 4907 1604 4962; x_wconf 87' lang='grc' dir='ltr'>ἀκούουσιν.</span> 
     </span>
    </p>
   </div>
   <div class='ocr_carea' id='block_1_97' title="bbox 521 4975 2014 5049">
    <p class='ocr_par' dir='ltr' id='par_1_97' title="bbox 521 4975 2014 5049">
     <span class='ocr_line' id='line_1_97' title="bbox 521 4975 2014 5049; baseline -0.004 -16"><span class='ocrx_word' id='word_1_708' title='bbox 521 4975 633 5049; x_wconf 74' lang='grc'>(52)</span> <span class='ocrx_word' id='word_1_709' title='bbox 676 4980 828 5034; x_wconf 80' lang='grc' dir='ltr'><strong>Οὐδὲ</strong></span> <span class='ocrx_word' id='word_1_710' title='bbox 872 4978 1003 5049; x_wconf 77' lang='grc' dir='ltr'>γάρ.</span> <span class='ocrx_word' id='word_1_711' title='bbox 1064 4978 1433 5049; x_wconf 68' lang='lat' dir='ltr'><strong>Hmschelius</strong></span> <span class='ocrx_word' id='word_1_712' title='bbox 1465 4975 1753 5049; x_wconf 83' lang='lat' dir='ltr'><strong>legendum</strong></span> <span class='ocrx_word' id='word_1_713' title='bbox 1820 4985 2014 5049; x_wconf 79' lang='lat' dir='ltr'><strong>putat,</strong></span> 
     </span>
    </p>
   </div>
   <div class='ocr_carea' id='block_1_98' title="bbox 445 5046 2017 5120">
    <p class='ocr_par' dir='ltr' id='par_1_98' title="bbox 445 5046 2017 5120">
     <span class='ocr_line' id='line_1_98' title="bbox 445 5046 2017 5120; baseline -0.002 -18"><span class='ocrx_word' id='word_1_714' title='bbox 445 5050 568 5102; x_wconf 76' lang='grc' dir='ltr'>οὐδὲ.</span> <span class='ocrx_word' id='word_1_715' title='bbox 597 5046 685 5118; x_wconf 84' lang='grc' dir='ltr'><strong>γε.</strong></span> <span class='ocrx_word' id='word_1_716' title='bbox 720 5049 822 5104; x_wconf 86' lang='lat' dir='ltr'><strong>Sed</strong></span> <span class='ocrx_word' id='word_1_717' title='bbox 848 5046 1170 5119; x_wconf 80' lang='lat' dir='ltr'><strong>Betigelius:</strong></span> <span class='ocrx_word' id='word_1_718' title='bbox 1201 5050 1345 5104; x_wconf 85' lang='lat' dir='ltr'><strong>Bene</strong></span> <span class='ocrx_word' id='word_1_719' title='bbox 1373 5048 1500 5120; x_wconf 83' lang='grc' dir='ltr'>γάρ,</span> <span class='ocrx_word' id='word_1_720' title='bbox 1526 5046 1602 5101; x_wconf 84' lang='lat' dir='ltr'><strong>ait</strong></span> <span class='ocrx_word' id='word_1_721' title='bbox 1626 5063 1637 5099; x_wconf 89' lang='lat'><strong>:</strong></span> <span class='ocrx_word' id='word_1_722' title='bbox 1666 5060 1791 5099; x_wconf 90' lang='lat' dir='ltr'><strong>nam</strong></span> <span class='ocrx_word' id='word_1_723' title='bbox 1826 5046 2017 5117; x_wconf 87' lang='lat' dir='ltr'><strong>cogni-</strong></span> 
     </span>
    </p>
   </div>
   <div class='ocr_carea' id='block_1_99' title="bbox 450 5121 1050 5187">
    <p class='ocr_par' dir='ltr' id='par_1_99' title="bbox 450 5121 1050 5187">
     <span class='ocr_line' id='line_1_99' title="bbox 450 5121 1050 5187; baseline 0 -13"><span class='ocrx_word' id='word_1_724' title='bbox 450 5122 526 5174; x_wconf 85' lang='lat' dir='ltr'><strong>tio</strong></span> <span class='ocrx_word' id='word_1_725' title='bbox 554 5121 693 5187; x_wconf 75' lang='lat' dir='ltr'><strong>parit</strong></span> <span class='ocrx_word' id='word_1_726' title='bbox 723 5136 1050 5174; x_wconf 86' lang='lat' dir='ltr'><strong>sermonem.</strong></span> 
     </span>
    </p>
   </div>
   <div class='ocr_carea' id='block_1_100' title="bbox 523 5185 2015 5259">
    <p class='ocr_par' dir='ltr' id='par_1_100' title="bbox 523 5185 2015 5259">
     <span class='ocr_line' id='line_1_100' title="bbox 523 5185 2015 5259; baseline -0.003 -16"><span class='ocrx_word' id='word_1_727' title='bbox 523 5185 636 5259; x_wconf 78' lang='lat'><strong>(53)</strong></span> <span class='ocrx_word' id='word_1_728' title='bbox 684 5190 1092 5257; x_wconf 80' lang='grc' dir='ltr'>Ἐκπεριιοῦσι.</span> <span class='ocrx_word' id='word_1_729' title='bbox 1124 5188 1601 5259; x_wconf 87' lang='lat' dir='ltr'><strong>Elegantissimum</strong></span> <span class='ocrx_word' id='word_1_730' title='bbox 1634 5186 1892 5251; x_wconf 85' lang='lat' dir='ltr'><strong>verbum,</strong></span> <span class='ocrx_word' id='word_1_731' title='bbox 1921 5185 2015 5255; x_wconf 85' lang='lat' dir='ltr'><strong>ju-</strong></span> 
     </span>
    </p>
   </div>
   <div class='ocr_carea' id='block_1_101' title="bbox 447 5258 1452 5329">
    <p class='ocr_par' dir='ltr' id='par_1_101' title="bbox 447 5258 1452 5329">
     <span class='ocr_line' id='line_1_101' title="bbox 447 5258 1452 5329; baseline -0.001 -15"><span class='ocrx_word' id='word_1_732' title='bbox 447 5258 569 5314; x_wconf 85' lang='lat' dir='ltr'><strong>dice</strong></span> <span class='ocrx_word' id='word_1_733' title='bbox 599 5258 943 5315; x_wconf 87' lang='lat' dir='ltr'><strong>Casaubono.</strong></span> <span class='ocrx_word' id='word_1_734' title='bbox 978 5261 1086 5323; x_wconf 84' lang='lat' dir='ltr'><strong>AL,</strong></span> <span class='ocrx_word' id='word_1_735' title='bbox 1118 5258 1452 5329; x_wconf 77' lang='grc' dir='ltr'>ἐκπεριοῦσι.</span> 
     </span>
    </p>
   </div>
   <div class='ocr_carea' id='block_1_102' title="bbox 522 5326 2011 5452">
    <p class='ocr_par' dir='ltr' id='par_1_102' title="bbox 522 5326 2011 5452">
     <span class='ocr_line' id='line_1_102' title="bbox 522 5326 2011 5452; baseline -0.004 -69"><span class='ocrx_word' id='word_1_736' title='bbox 522 5331 634 5401; x_wconf 72' lang='grc'>(54)</span> <span class='ocrx_word' id='word_1_737' title='bbox 872 5330 1175 5411; x_wconf 38' lang='grc' dir='ltr'>(ὶιιιιιοὲγώ,</span> <span class='ocrx_word' id='word_1_738' title='bbox 1223 5326 1457 5410; x_wconf 76' lang='lat' dir='ltr'><strong>subaudi</strong></span> <span class='ocrx_word' id='word_1_739' title='bbox 1507 5327 1658 5408; x_wconf 47' lang='grc' dir='ltr'>εἰμί,</span> <span class='ocrx_word' id='word_1_740' title='bbox 1693 5326 1827 5413; x_wconf 66' lang='lat' dir='ltr'><strong>sive,</strong></span> <span class='ocrx_word' id='word_1_741' title='bbox 1868 5326 2011 5395; x_wconf 91' lang='lat' dir='ltr'><strong>quod</strong></span> 
     </span>
     <span class='ocr_line' id='line_1_103' title="bbox 522 5396 2011 5452; baseline -0.003 0"><span class='ocrx_word' id='word_1_742' title='bbox 522 5409 691 5452; x_wconf 61' lang='lat' dir='ltr'><strong>uastat.</strong></span> <span class='ocrx_word' id='word_1_743' title='bbox 770 5418 820 5452; x_wconf 93' lang='lat' dir='ltr'><strong>v.</strong></span> <span class='ocrx_word' id='word_1_744' title='bbox 877 5400 1135 5452; x_wconf 79' lang='lat' dir='ltr'><strong>Seuuitur</strong></span> <span class='ocrx_word' id='word_1_745' title='bbox 1175 5400 1533 5452; x_wconf 78' lang='lat' dir='ltr'><strong>exclamatio.</strong></span> <span class='ocrx_word' id='word_1_746' title='bbox 1574 5414 1660 5452; x_wconf 85' lang='lat' dir='ltr'><strong>cut</strong></span> <span class='ocrx_word' id='word_1_747' title='bbox 1692 5414 1768 5452; x_wconf 80' lang='grc' dir='ltr'><strong>ως</strong></span> <span class='ocrx_word' id='word_1_748' title='bbox 1816 5396 2011 5452; x_wconf 79' lang='lat' dir='ltr'><strong>duulex</strong></span> 
     </span>
    </p>
   </div>
   <div class='ocr_carea' id='block_1_103' title="bbox 449 5396 2014 5470">
    <p class='ocr_par' dir='ltr' id='par_1_103' title="bbox 449 5396 2014 5470">
     <span class='ocr_line' id='line_1_104' title="bbox 449 5396 2014 5470; baseline -0.003 -17"><span class='ocrx_word' id='word_1_749' title='bbox 449 5396 691 5469; x_wconf 72' lang='lat' dir='ltr'><strong>prazstat,</strong></span> <span class='ocrx_word' id='word_1_750' title='bbox 725 5396 820 5453; x_wconf 77' lang='grc' dir='ltr'>ὧν.</span> <span class='ocrx_word' id='word_1_751' title='bbox 877 5396 1135 5470; x_wconf 80' lang='lat' dir='ltr'><strong>Sequitur</strong></span> <span class='ocrx_word' id='word_1_752' title='bbox 1175 5400 1533 5464; x_wconf 81' lang='lat' dir='ltr'><strong>exclamatio,</strong></span> <span class='ocrx_word' id='word_1_753' title='bbox 1567 5396 1665 5470; x_wconf 80' lang='lat' dir='ltr'><strong>cui</strong></span> <span class='ocrx_word' id='word_1_754' title='bbox 1692 5396 1768 5460; x_wconf 82' lang='grc' dir='ltr'>ὡς</span> <span class='ocrx_word' id='word_1_755' title='bbox 1816 5396 2014 5463; x_wconf 78' lang='lat' dir='ltr'><strong>duplex</strong></span> 
     </span>
    </p>
   </div>
   <div class='ocr_carea' id='block_1_104' title="bbox 448 5468 2013 5538">
    <p class='ocr_par' dir='ltr' id='par_1_104' title="bbox 448 5468 2013 5538">
     <span class='ocr_line' id='line_1_105' title="bbox 448 5468 2013 5538; baseline 0.001 -18"><span class='ocrx_word' id='word_1_756' title='bbox 448 5468 593 5536; x_wconf 69' lang='lat' dir='ltr'><strong>(nou</strong></span> <span class='ocrx_word' id='word_1_757' title='bbox 627 5471 943 5526; x_wconf 85' lang='lat' dir='ltr'><strong>mutandum</strong></span> <span class='ocrx_word' id='word_1_758' title='bbox 968 5468 1045 5525; x_wconf 25' lang='lat' dir='ltr'><strong>‘in</strong></span> <span class='ocrx_word' id='word_1_759' title='bbox 1079 5473 1137 5533; x_wconf 80' lang='grc' dir='ltr'>ὃς</span> <span class='ocrx_word' id='word_1_760' title='bbox 1165 5486 1288 5524; x_wconf 84' lang='lat' dir='ltr'><strong>cum</strong></span> <span class='ocrx_word' id='word_1_761' title='bbox 1313 5468 1675 5538; x_wconf 81' lang='lat' dir='ltr'><strong>Casaubono)</strong></span> <span class='ocrx_word' id='word_1_762' title='bbox 1709 5482 1831 5520; x_wconf 91' lang='lat' dir='ltr'><strong>cum</strong></span> <span class='ocrx_word' id='word_1_763' title='bbox 1883 5480 2013 5538; x_wconf 81' lang='lat' dir='ltr'><strong>ana-</strong></span> 
     </span>
    </p>
   </div>
   <div class='ocr_carea' id='block_1_105' title="bbox 2123 4545 3706 4628">
    <p class='ocr_par' dir='ltr' id='par_1_105' title="bbox 2123 4545 3706 4628">
     <span class='ocr_line' id='line_1_106' title="bbox 2123 4545 3706 4628; baseline -0.009 -16"><span class='ocrx_word' id='word_1_764' title='bbox 2123 4558 2325 4628; x_wconf 84' lang='grc' dir='ltr'>ταύτης</span> <span class='ocrx_word' id='word_1_765' title='bbox 2356 4556 2523 4625; x_wconf 78' lang='grc' dir='ltr'>ζωῆς,</span> <span class='ocrx_word' id='word_1_766' title='bbox 2550 4553 2647 4624; x_wconf 79' lang='grc' dir='ltr'><strong>οὐχ</strong></span> <span class='ocrx_word' id='word_1_767' title='bbox 2696 4547 2859 4623; x_wconf 81' lang='grc' dir='ltr'>ἦττον</span> <span class='ocrx_word' id='word_1_768' title='bbox 2902 4550 2975 4603; x_wconf 71' lang='grc' dir='ltr'><strong>ὅδ’</strong></span> <span class='ocrx_word' id='word_1_769' title='bbox 3004 4548 3114 4617; x_wconf 79' lang='grc' dir='ltr'><strong>ἐγὼ</strong></span> <span class='ocrx_word' id='word_1_770' title='bbox 3137 4548 3250 4621; x_wconf 79' lang='grc'>(57)</span> <span class='ocrx_word' id='word_1_771' title='bbox 3278 4545 3311 4618; x_wconf 79' lang='grc' dir='ltr'>ἢ</span> <span class='ocrx_word' id='word_1_772' title='bbox 3345 4547 3454 4601; x_wconf 78' lang='grc' dir='ltr'><strong>ἀπὸ</strong></span> <span class='ocrx_word' id='word_1_773' title='bbox 3480 4547 3706 4618; x_wconf 61' lang='grc' dir='ltr'>προσώ*</span> 
     </span>
    </p>
   </div>
   <div class='ocr_carea' id='block_1_106' title="bbox 2116 4816 3701 4894">
    <p class='ocr_par' dir='ltr' id='par_1_106' title="bbox 2116 4816 3701 4894">
     <span class='ocr_line' id='line_1_107' title="bbox 2116 4816 3701 4894; baseline -0.013 -6"><span class='ocrx_word' id='word_1_774' title='bbox 2116 4838 2231 4894; x_wconf 83' lang='lat' dir='ltr'><strong>est,</strong></span> <span class='ocrx_word' id='word_1_775' title='bbox 2284 4832 2531 4883; x_wconf 83' lang='lat' dir='ltr'><strong>utinam:</strong></span> <span class='ocrx_word' id='word_1_776' title='bbox 2580 4834 2634 4879; x_wconf 89' lang='lat' dir='ltr'><strong>et</strong></span> <span class='ocrx_word' id='word_1_777' title='bbox 2682 4823 2843 4879; x_wconf 88' lang='lat' dir='ltr'><strong>modo</strong></span> <span class='ocrx_word' id='word_1_778' title='bbox 2890 4820 3239 4894; x_wconf 83' lang='lat' dir='ltr'><strong>indicativum</strong></span> <span class='ocrx_word' id='word_1_779' title='bbox 3297 4816 3471 4894; x_wconf 67' lang='lat' dir='ltr'><strong>regit,</strong></span> <span class='ocrx_word' id='word_1_780' title='bbox 3518 4818 3701 4894; x_wconf 70' lang='lat' dir='ltr'><strong>plodo</strong></span> 
     </span>
    </p>
   </div>
   <div class='ocr_carea' id='block_1_107' title="bbox 2116 4884 3701 4973">
    <p class='ocr_par' dir='ltr' id='par_1_107' title="bbox 2116 4884 3701 4973">
     <span class='ocr_line' id='line_1_108' title="bbox 2116 4884 3701 4973; baseline -0.01 -16"><span class='ocrx_word' id='word_1_781' title='bbox 2116 4884 2422 4973; x_wconf 68' lang='lat' dir='ltr'><strong>optativum</strong></span> <span class='ocrx_word' id='word_1_782' title='bbox 2435 4906 2639 4973; x_wconf 24' lang='lat' dir='ltr'><strong>{atque</strong></span> <span class='ocrx_word' id='word_1_783' title='bbox 2666 4894 2935 4973; x_wconf 80' lang='lat' dir='ltr'><strong>interdum</strong></span> <span class='ocrx_word' id='word_1_784' title='bbox 2966 4892 3043 4973; x_wconf 67' lang='grc' dir='ltr'><strong>ῶς</strong></span> <span class='ocrx_word' id='word_1_785' title='bbox 3066 4898 3191 4973; x_wconf 76' lang='lat' dir='ltr'><strong>ante</strong></span> <span class='ocrx_word' id='word_1_786' title='bbox 3226 4884 3487 4973; x_wconf 53' lang='lat' dir='ltr'><strong>senha&#39;bet.</strong></span> <span class='ocrx_word' id='word_1_787' title='bbox 3517 4884 3601 4973; x_wconf 50' lang='lat' dir='ltr'><strong>ita</strong></span> <span class='ocrx_word' id='word_1_788' title='bbox 3631 4903 3701 4941; x_wconf 78' lang='lat' dir='ltr'><strong>ex</strong></span> 
     </span>
    </p>
   </div>
   <div class='ocr_carea' id='block_1_108' title="bbox 2116 4950 3700 5042">
    <p class='ocr_par' dir='ltr' id='par_1_108' title="bbox 2116 4950 3700 5042">
     <span class='ocr_line' id='line_1_109' title="bbox 2116 4950 3700 5042; baseline -0.011 -15"><span class='ocrx_word' id='word_1_789' title='bbox 2116 4950 2671 5042; x_wconf 55' lang='grc' dir='ltr'><strong>Εῗξιέὦίῗεὲιίιηῖιιιο</strong></span> <span class='ocrx_word' id='word_1_790' title='bbox 2724 4962 2936 5042; x_wconf 21' lang='lat' dir='ltr'><strong>notant!</strong></span> <span class='ocrx_word' id='word_1_791' title='bbox 2990 4950 3106 5042; x_wconf 46' lang='lat' dir='ltr'><strong>ea}.</strong></span> <span class='ocrx_word' id='word_1_792' title='bbox 3145 4957 3343 5042; x_wconf 33' lang='lat' dir='ltr'><strong>ante:</strong></span> <span class='ocrx_word' id='word_1_793' title='bbox 3376 4950 3700 5042; x_wconf 58' lang='lat' dir='ltr'><strong>Bengelius,</strong></span> 
     </span>
    </p>
   </div>
   <div class='ocr_carea' id='block_1_109' title="bbox 2115 5027 3701 5113">
    <p class='ocr_par' dir='ltr' id='par_1_109' title="bbox 2115 5027 3701 5113">
     <span class='ocr_line' id='line_1_110' title="bbox 2115 5027 3701 5113; baseline -0.015 -15"><span class='ocrx_word' id='word_1_794' title='bbox 2115 5044 2208 5113; x_wconf 91' lang='lat' dir='ltr'><strong>qui</strong></span> <span class='ocrx_word' id='word_1_795' title='bbox 2244 5043 2421 5113; x_wconf 81' lang='lat' dir='ltr'><strong>locum</strong></span> <span class='ocrx_word' id='word_1_796' title='bbox 2462 5034 2776 5113; x_wconf 68' lang='lat' dir='ltr'><strong>hujusutodi</strong></span> <span class='ocrx_word' id='word_1_797' title='bbox 2820 5032 2900 5086; x_wconf 91' lang='lat' dir='ltr'><strong>sic</strong></span> <span class='ocrx_word' id='word_1_798' title='bbox 2934 5032 3110 5113; x_wconf 77' lang='lat' dir='ltr'><strong>reddit</strong></span> <span class='ocrx_word' id='word_1_799' title='bbox 3138 5047 3150 5082; x_wconf 89' lang='lat'>:</span> <span class='ocrx_word' id='word_1_800' title='bbox 3188 5028 3343 5094; x_wconf 83' lang='lat' dir='ltr'><strong>Quod</strong></span> <span class='ocrx_word' id='word_1_801' title='bbox 3374 5028 3582 5113; x_wconf 57' lang='lat' dir='ltr'><strong>minem</strong></span> <span class='ocrx_word' id='word_1_802' title='bbox 3612 5027 3701 5080; x_wconf 67' lang='lat' dir='ltr'><strong>ecl</strong></span> 
     </span>
    </p>
   </div>
   <div class='ocr_carea' id='block_1_110' title="bbox 2116 5098 3701 5179">
    <p class='ocr_par' dir='ltr' id='par_1_110' title="bbox 2116 5098 3701 5179">
     <span class='ocr_line' id='line_1_111' title="bbox 2116 5098 3701 5179; baseline -0.013 -12"><span class='ocrx_word' id='word_1_803' title='bbox 2116 5098 2269 5166; x_wconf 67' lang='lat' dir='ltr'><strong>Iiodie</strong></span> <span class='ocrx_word' id='word_1_804' title='bbox 2307 5098 2903 5179; x_wconf 59' lang='lat' dir='ltr'><strong>quiesceredidicissem</strong></span> <span class='ocrx_word' id='word_1_805' title='bbox 2939 5100 3126 5179; x_wconf 64' lang='lat' dir='ltr'><strong>silens,</strong></span> <span class='ocrx_word' id='word_1_806' title='bbox 3148 5115 3210 5152; x_wconf 87' lang='lat' dir='ltr'><strong>ac</strong></span> <span class='ocrx_word' id='word_1_807' title='bbox 3258 5113 3391 5179; x_wconf 61' lang='lat' dir='ltr'><strong>non,</strong></span> <span class='ocrx_word' id='word_1_808' title='bbox 3417 5098 3510 5179; x_wconf 65' lang='lat' dir='ltr'><strong>hoc</strong></span> <span class='ocrx_word' id='word_1_809' title='bbox 3555 5113 3701 5177; x_wconf 65' lang='lat' dir='ltr'><strong>novo</strong></span> 
     </span>
    </p>
   </div>
   <div class='ocr_carea' id='block_1_111' title="bbox 2116 5168 3697 5252">
    <p class='ocr_par' dir='ltr' id='par_1_111' title="bbox 2116 5168 3697 5252">
     <span class='ocr_line' id='line_1_112' title="bbox 2116 5168 3697 5252; baseline -0.011 -16"><span class='ocrx_word' id='word_1_810' title='bbox 2116 5168 2434 5252; x_wconf 61' lang='lat' dir='ltr'><strong>spectaculo,</strong></span> <span class='ocrx_word' id='word_1_811' title='bbox 2454 5178 2752 5252; x_wconf 64' lang='lat' dir='ltr'><strong>auditorem</strong></span> <span class='ocrx_word' id='word_1_812' title='bbox 2773 5187 2840 5252; x_wconf 55' lang='lat' dir='ltr'><strong>fa:</strong></span> <span class='ocrx_word' id='word_1_813' title='bbox 2862 5173 3072 5251; x_wconf 66' lang='lat' dir='ltr'><strong>doctore</strong></span> <span class='ocrx_word' id='word_1_814' title='bbox 3099 5171 3289 5252; x_wconf 75' lang='lat' dir='ltr'><strong>facere.</strong></span> <span class='ocrx_word' id='word_1_815' title='bbox 3313 5168 3697 5252; x_wconf 60' lang='lat' dir='ltr'><strong>Adet-etenim</strong></span> 
     </span>
    </p>
   </div>
   <div class='ocr_carea' id='block_1_112' title="bbox 2118 5242 3700 5322">
    <p class='ocr_par' dir='ltr' id='par_1_112' title="bbox 2118 5242 3700 5322">
     <span class='ocr_line' id='line_1_113' title="bbox 2118 5242 3700 5322; baseline -0.01 -16"><span class='ocrx_word' id='word_1_816' title='bbox 2118 5242 2348 5322; x_wconf 82' lang='lat' dir='ltr'><strong>ipsemet</strong></span> <span class='ocrx_word' id='word_1_817' title='bbox 2376 5248 2658 5322; x_wconf 80' lang='lat' dir='ltr'><strong>Origenes,</strong></span> <span class='ocrx_word' id='word_1_818' title='bbox 2686 5254 2740 5298; x_wconf 89' lang='lat' dir='ltr'><strong>et</strong></span> <span class='ocrx_word' id='word_1_819' title='bbox 2767 5242 3087 5313; x_wconf 84' lang='lat' dir='ltr'><strong>Gregorium</strong></span> <span class='ocrx_word' id='word_1_820' title='bbox 3109 5245 3353 5293; x_wconf 86' lang='lat' dir='ltr'><strong>orantem</strong></span> <span class='ocrx_word' id='word_1_821' title='bbox 3376 5242 3700 5309; x_wconf 79' lang='lat' dir='ltr'><strong>gratiasque</strong></span> 
     </span>
    </p>
   </div>
   <div class='ocr_carea' id='block_1_113' title="bbox 2118 5318 3653 5393">
    <p class='ocr_par' dir='ltr' id='par_1_113' title="bbox 2118 5318 3653 5393">
     <span class='ocr_line' id='line_1_114' title="bbox 2118 5318 3653 5393; baseline -0.005 -16"><span class='ocrx_word' id='word_1_822' title='bbox 2118 5318 2364 5393; x_wconf 73' lang='lat' dir='ltr'><strong>agentem</strong></span> <span class='ocrx_word' id='word_1_823' title='bbox 2396 5318 2859 5393; x_wconf 58' lang='lat' dir='ltr'><strong>audiebat.m_</strong></span> <span class='ocrx_word' id='word_1_824' title='bbox 2916 5382 2928 5393; x_wconf 83' lang='lat'>_</span> <span class='ocrx_word' id='word_1_825' title='bbox 3014 5379 3071 5393; x_wconf 47' lang='grc' dir='ltr'><strong>η</strong></span> <span class='ocrx_word' id='word_1_826' title='bbox 3106 5381 3129 5393; x_wconf 78' lang='lat'><em>_</em></span> <span class='ocrx_word' id='word_1_827' title='bbox 3214 5392 3225 5393; x_wconf 15' lang='grc' dir='ltr'>ί</span> <span class='ocrx_word' id='word_1_828' title='bbox 3292 5392 3317 5393; x_wconf 15' lang='grc' dir='ltr'><strong>η</strong></span> <span class='ocrx_word' id='word_1_829' title='bbox 3377 5374 3495 5393; x_wconf 35' lang='lat' dir='ltr'><strong>nm</strong></span> <span class='ocrx_word' id='word_1_830' title='bbox 3537 5374 3653 5393; x_wconf 41' lang='grc' dir='ltr'><strong>μ’,</strong></span> 
     </span>
    </p>
   </div>
   <div class='ocr_carea' id='block_1_114' title="bbox 2189 5374 3697 5464">
    <p class='ocr_par' dir='ltr' id='par_1_114' title="bbox 2189 5374 3697 5464">
     <span class='ocr_line' id='line_1_115' title="bbox 2189 5374 3697 5464; baseline -0.011 -19"><span class='ocrx_word' id='word_1_831' title='bbox 2189 5374 2299 5464; x_wconf 78' lang='grc'>(56)</span> <span class='ocrx_word' id='word_1_832' title='bbox 2321 5460 2331 5464; x_wconf 91' lang='lat'>_</span> <span class='ocrx_word' id='word_1_833' title='bbox 2352 5386 2646 5464; x_wconf 55' lang='grc' dir='ltr'><strong>ἈπειίινεῖγιΣ</strong></span> <span class='ocrx_word' id='word_1_834' title='bbox 2690 5382 2882 5464; x_wconf 73' lang='lat' dir='ltr'><strong>Edidit</strong></span> <span class='ocrx_word' id='word_1_835' title='bbox 2905 5379 3157 5464; x_wconf 67' lang='grc' dir='ltr'>ἀπελθεῖν</span> <span class='ocrx_word' id='word_1_836' title='bbox 3203 5374 3697 5464; x_wconf 38' lang='grc' dir='ltr'><strong>ςυιῃθῐῖωξξξιειίο</strong></span> 
     </span>
    </p>
   </div>
   <div class='ocr_carea' id='block_1_115' title="bbox 2118 5440 3694 5547">
    <p class='ocr_par' dir='ltr' id='par_1_115' title="bbox 2118 5440 3694 5547">
     <span class='ocr_line' id='line_1_116' title="bbox 2118 5440 3694 5547; baseline -0.01 -32"><span class='ocrx_word' id='word_1_837' title='bbox 2118 5440 2423 5547; x_wconf 63' lang='lat' dir='ltr'><strong>lleiigelius.</strong></span> <span class='ocrx_word' id='word_1_838' title='bbox 2442 5457 2566 5511; x_wconf 75' lang='lat' dir='ltr'><strong>Mox</strong></span> <span class='ocrx_word' id='word_1_839' title='bbox 2595 5457 2734 5510; x_wconf 88' lang='lat' dir='ltr'><strong>idem</strong></span> <span class='ocrx_word' id='word_1_840' title='bbox 2763 5454 2891 5524; x_wconf 80' lang='lat' dir='ltr'><strong>legit</strong></span> <span class='ocrx_word' id='word_1_841' title='bbox 2917 5452 3053 5523; x_wconf 81' lang='grc' dir='ltr'>πρὸς</span> <span class='ocrx_word' id='word_1_842' title='bbox 3080 5450 3262 5511; x_wconf 79' lang='grc' dir='ltr'>αὐτοῖς</span> <span class='ocrx_word' id='word_1_843' title='bbox 3287 5440 3391 5500; x_wconf 82' lang='grc' dir='ltr'>ὦδε</span> <span class='ocrx_word' id='word_1_844' title='bbox 3410 5463 3425 5477; x_wconf 87' lang='grc'><strong>·</strong></span> <span class='ocrx_word' id='word_1_845' title='bbox 3464 5445 3694 5517; x_wconf 77' lang='grc' dir='ltr'>ἄπειμι,</span> 
     </span>
    </p>
   </div>
   <div class='ocr_carea' id='block_1_116' title="bbox 448 5535 2256 5623">
    <p class='ocr_par' dir='ltr' id='par_1_116' title="bbox 448 5535 2256 5623">
     <span class='ocr_line' id='line_1_117' title="bbox 448 5535 2256 5623; baseline -0.004 -32"><span class='ocrx_word' id='word_1_846' title='bbox 448 5535 621 5623; x_wconf 71' lang='lat' dir='ltr'><strong>phora</strong></span> <span class='ocrx_word' id='word_1_847' title='bbox 654 5541 759 5623; x_wconf 83' lang='lat' dir='ltr'><strong>vim</strong></span> <span class='ocrx_word' id='word_1_848' title='bbox 792 5543 975 5623; x_wconf 73' lang='lat' dir='ltr'><strong>addit:</strong></span> <span class='ocrx_word' id='word_1_849' title='bbox 1012 5542 1090 5623; x_wconf 74' lang='lat' dir='ltr'><strong>uti</strong></span> <span class='ocrx_word' id='word_1_850' title='bbox 1116 5540 1605 5623; x_wconf 63' lang='lat' dir='ltr'><strong>Dionysiusﬂalic.</strong></span> <span class='ocrx_word' id='word_1_851' title='bbox 1632 5535 1787 5623; x_wconf 75' lang='lat' dir='ltr'><strong>initio</strong></span> <span class='ocrx_word' id='word_1_852' title='bbox 1821 5535 2013 5623; x_wconf 56' lang='lat' dir='ltr'><strong>cujus:</strong></span> <span class='ocrx_word' id='word_1_853' title='bbox 2118 5535 2256 5623; x_wconf 50' lang='lat' dir='ltr'><strong>(pati);</strong></span> 
     </span>
    </p>
   </div>
   <div class='ocr_carea' id='block_1_117' title="bbox 448 5604 2010 5683">
    <p class='ocr_par' dir='ltr' id='par_1_117' title="bbox 448 5604 2010 5683">
     <span class='ocr_line' id='line_1_118' title="bbox 448 5604 2010 5683; baseline -0.003 -22"><span class='ocrx_word' id='word_1_854' title='bbox 448 5604 573 5662; x_wconf 73' lang='lat' dir='ltr'><strong>dam</strong></span> <span class='ocrx_word' id='word_1_855' title='bbox 600 5612 882 5683; x_wconf 83' lang='lat' dir='ltr'><strong>orationis,</strong></span> <span class='ocrx_word' id='word_1_856' title='bbox 909 5611 1181 5683; x_wconf 83' lang='grc' dir='ltr'>ὡςκαλῶς</span> <span class='ocrx_word' id='word_1_857' title='bbox 1210 5604 1364 5683; x_wconf 69' lang='grc' dir='ltr'>ἡμῶν</span> <span class='ocrx_word' id='word_1_858' title='bbox 1403 5609 1849 5680; x_wconf 77' lang='grc' dir='ltr'>ἐστρατηγήκατε</span> <span class='ocrx_word' id='word_1_859' title='bbox 1868 5617 1881 5633; x_wconf 78' lang='grc'><strong>⁸</strong></span> <span class='ocrx_word' id='word_1_860' title='bbox 1921 5604 2010 5658; x_wconf 87' lang='lat' dir='ltr'><strong>ubi</strong></span> 
     </span>
    </p>
   </div>
   <div class='ocr_carea' id='block_1_118' title="bbox 451 5681 1225 5737">
    <p class='ocr_par' dir='ltr' id='par_1_118' title="bbox 451 5681 1225 5737">
     <span class='ocr_line' id='line_1_119' title="bbox 451 5681 1225 5737; baseline 0.004 -4"><span class='ocrx_word' id='word_1_861' title='bbox 451 5686 630 5733; x_wconf 80' lang='lat' dir='ltr'><strong>tamen</strong></span> <span class='ocrx_word' id='word_1_862' title='bbox 664 5681 832 5735; x_wconf 85' lang='lat' dir='ltr'><strong>ironia</strong></span> <span class='ocrx_word' id='word_1_863' title='bbox 862 5692 963 5736; x_wconf 89' lang='lat' dir='ltr'><strong>est.</strong></span> <span class='ocrx_word' id='word_1_864' title='bbox 991 5682 1225 5737; x_wconf 65' lang='grc' dir='ltr'>Βειςσιει..</span> 
     </span>
    </p>
   </div>
   <div class='ocr_carea' id='block_1_119' title="bbox 518 5745 2009 5824">
    <p class='ocr_par' dir='ltr' id='par_1_119' title="bbox 518 5745 2009 5824">
     <span class='ocr_line' id='line_1_120' title="bbox 518 5745 2009 5824; baseline -0.008 -14"><span class='ocrx_word' id='word_1_865' title='bbox 518 5749 630 5824; x_wconf 68' lang='lat'><strong>(35)</strong></span> <span class='ocrx_word' id='word_1_866' title='bbox 676 5752 766 5820; x_wconf 85' lang='grc' dir='ltr'>Ὡς</span> <span class='ocrx_word' id='word_1_867' title='bbox 796 5752 1013 5823; x_wconf 67' lang='grc' dir='ltr'><strong>ὄφελον</strong></span> <span class='ocrx_word' id='word_1_868' title='bbox 1045 5753 1396 5824; x_wconf 72' lang='grc' dir='ltr'>ἐμάνθαι-Ὅν.</span> <span class='ocrx_word' id='word_1_869' title='bbox 1428 5749 1655 5819; x_wconf 76' lang='grc' dir='ltr'>Ὄφελον</span> <span class='ocrx_word' id='word_1_870' title='bbox 1695 5745 2009 5803; x_wconf 84' lang='lat' dir='ltr'><strong>adverbium</strong></span> 
     </span>
    </p>
   </div>
   <div class='ocr_carea' id='block_1_120' title="bbox 2159 5549 3693 5668">
    <p class='ocr_par' dir='ltr' id='par_1_120' title="bbox 2159 5549 3693 5668">
     <span class='ocr_line' id='line_1_121' title="bbox 2159 5549 3693 5668; baseline -0.018 -13"><span class='ocrx_word' id='word_1_871' title='bbox 2159 5549 2300 5668; x_wconf 57' lang='grc' dir='ltr'><strong>εῗέἦ)</strong></span> <span class='ocrx_word' id='word_1_872' title='bbox 2331 5598 2452 5651; x_wconf 76' lang='grc' dir='ltr'><strong>’Ὧδ’</strong></span> <span class='ocrx_word' id='word_1_873' title='bbox 2485 5596 2615 5668; x_wconf 69' lang='grc' dir='ltr'>ἐγώ.</span> <span class='ocrx_word' id='word_1_874' title='bbox 2648 5592 2775 5668; x_wconf 62' lang='lat' dir='ltr'><strong>liget;</strong></span> <span class='ocrx_word' id='word_1_875' title='bbox 2805 5590 3189 5668; x_wconf 47' lang='lat' dir='ltr'><strong>d981lllllellCL</strong></span> <span class='ocrx_word' id='word_1_876' title='bbox 3204 5587 3480 5668; x_wconf 78' lang='lat' dir='ltr'><strong>V_o_ssium.</strong></span> <span class='ocrx_word' id='word_1_877' title='bbox 3510 5582 3693 5658; x_wconf 51' lang='lat' dir='ltr'><strong>Hes);</strong></span> 
     </span>
    </p>
   </div>
   <div class='ocr_carea' id='block_1_121' title="bbox 2121 5658 3307 5735">
    <p class='ocr_par' dir='ltr' id='par_1_121' title="bbox 2121 5658 3307 5735">
     <span class='ocr_line' id='line_1_122' title="bbox 2121 5658 3307 5735; baseline -0.013 -8"><span class='ocrx_word' id='word_1_878' title='bbox 2121 5658 2317 5727; x_wconf 37' lang='lat' dir='ltr'><strong>chius]:</strong></span> <span class='ocrx_word' id='word_1_879' title='bbox 2350 5670 2380 5722; x_wconf 84' lang='grc' dir='ltr'><strong>ὃ</strong></span> <span class='ocrx_word' id='word_1_880' title='bbox 2400 5670 2445 5721; x_wconf 81' lang='grc' dir='ltr'><strong>δ’</strong></span> <span class='ocrx_word' id='word_1_881' title='bbox 2479 5658 2618 5735; x_wconf 78' lang='grc' dir='ltr'><strong>ἐγώ·</strong></span> <span class='ocrx_word' id='word_1_882' title='bbox 2652 5665 2812 5727; x_wconf 80' lang='grc' dir='ltr'>αὐτὸς</span> <span class='ocrx_word' id='word_1_883' title='bbox 2842 5660 2970 5730; x_wconf 74' lang='grc' dir='ltr'>ἐγώ.</span> <span class='ocrx_word' id='word_1_884' title='bbox 3004 5658 3126 5715; x_wconf 74' lang='lat' dir='ltr'><strong>Vid.</strong></span> <span class='ocrx_word' id='word_1_885' title='bbox 3158 5658 3307 5714; x_wconf 89' lang='lat' dir='ltr'><strong>Suid.</strong></span> 
     </span>
    </p>
   </div>
  </div>
