3876 6516
201 279 347 338 1697

1181 275 1250 331 IN
1286 275 1637 334 ORIGENEM
1674 277 1933 336 ORATIO
1970 278 2426 337 PANEGYR'ICA.

3306 286 3443 343 “'98

197 417 308 453 που
331 395 468 451 Θεοῦ
498 398 526 448 ὁ
558 395 782 461 παλαιὸς
813 398 1014 460 ἐκεῖνος
1041 396 1342 468 ἄνθρωπος,
1365 400 1442 462 είς
1471 397 1526 450 δὲ
1555 398 1652 468 τὴν
1671 397 1774 468 γῆν

1889 413 1982 467 ]ua
2017 408 2266 468 sumptus
2295 415 2415 455 sum
2446 418 2460 463 ;
2511 409 2708 455 terram
2743 401 2970 470 proinde
3005 404 3284 459 comedam
3330 421 3450 460 om»

199 493 552 564 ἐπιστρέφων
614 491 672 558 ἐξ
706 489 774 562 ἧς
821 491 1079 561 ἐλήφθην·
1134 493 1236 563 γῆν
1282 492 1567 564 τοιγαροῦν
1589 492 1777 564 ἔδομαι

201 587 391 650 πάσας
417 586 517 648 τὰς
538 585 752 658 ἡμέρας
776 586 876 655 τῆς
916 587 1032 638 ἐκεῖ
1066 585 1176 656 (58)
1213 584 1356 658 ζωῆς
1388 605 1508 657 μου,
1555 587 1649 639 καὶ
1673 587 1778 656 γῆν

202 676 540 747 ἐργάσομαι,
572 675 664 728 καὶ
707 674 914 743 ταύτην
943 675 1183 739 ἀκάνθας
1209 676 1302 730 καὶ
1321 676 1597 747 τριϐόλους
1645 677 1773 731 ἀνα-

200 769 495 823 τέλλουσάν
521 785 628 838 μοι,
680 768 780 831 τὰς
810 767 949 838 ἐμὰς
979 767 1152 831 λύπας
1210 770 1302 822 καὶ
1345 769 1628 840 φροντίδας
1680 771 1780 834 τὰς

201 859 621 922 ἐπονειδίστους,
671 857 962 928 ἀφειμένος
1014 859 1123 911 τῶν
1177 859 1354 912 καλῶν
1405 860 1498 914 καὶ
1560 860 1778 930 ἀγαθῶν

203 951 525 1024 φροντίδων·
560 951 652 1004 καὶ
681 951 716 1005 ἀ
765 950 1146 1015 καταλέλοιπα,
1205 951 1338 1021 πρὸς
1394 951 1564 1006 ταῦτα
1623 953 1781 1006 πάλιν

202 1044 553 1115 ἐπιστρέφων
584 1043 715 1114 (59),
749 1042 846 1114 τὴν
874 1043 974 1114 γῆν
1002 1043 1122 1096 ὅθεν
1151 1043 1390 1113 ἐξῆλθον,
1412 1044 1508 1097 καὶ
1540 1043 1634 1114 τὴν
1657 1061 1782 1113 συγ-

203 1138 423 1204 γένειαν
446 1135 542 1206 τὴν
573 1136 710 1206 ἐμὴν
738 1136 908 1196 κάτω,
941 1135 1033 1188 καὶ
1063 1137 1141 1198 είς
1163 1137 1254 1189 τὸν
1284 1130 1431 1188 οἷκον
1461 1135 1553 1188 τοῦ
1578 1135 1783 1208 πατρὸς

207 1243 338 1296 μου·
371 1223 653 1279 ἀπολιπὼν
684 1226 787 1296 γῆν
843 1226 941 1296 τὴν
987 1225 1219 1298 ἀγαθὴν,
1263 1225 1391 1279 ἔνθα
1448 1243 1536 1298 μοι
1585 1223 1718 1280 οὖσα
1745 1230 1779 1299 ή

199 1317 387 1389 ἀγαθὴ
418 1318 616 1388 πατρὶς
669 1320 917 1388 ἠγνοεῖτο
967 1318 1152 1371 πάλαι·
1216 1319 1311 1372 καὶ
1353 1323 1650 1388 συγγενεῖς,
1688 1319 1783 1385 οὒς

199 1409 347 1481 ἔχων
373 1409 548 1480 ψυχῆς
578 1409 714 1480 ἐμῆς
745 1412 996 1474 οἰκείους,
1053 1408 1275 1484 ὕστερον
1305 1410 1588 1481 γινώσκειν
1619 1413 1785 1485 ἠρξά-

203 1519 338 1574 μην·
374 1503 466 1556 καὶ
499 1501 589 1554 τὸν
613 1497 759 1555 οἷκον
790 1503 883 1556 τοῦ
940 1503 1152 1574 ἀληθῶς
1187 1506 1390 1576 πατρὸς
1437 1506 1612 1576 ἡμῶν,
1659 1509 1715 1560 ἐν
1742 1499 1786 1574 ᾧ

204 1595 411 1664 μένων,
437 1592 543 1647 ὑπὸ
563 1594 671 1647 τῶν
702 1597 758 1647 ἐν
785 1595 932 1665 αὐτῷ
961 1596 1141 1666 μένειν
1178 1596 1468 1651 ἐθελόντων
1502 1596 1632 1650 υἱῶν
1675 1599 1784 1651 τῶν

199 1686 443 1757 ἀληθῶν,
497 1687 708 1758 σεμνῶς
753 1689 976 1758 τιμᾶται
1027 1690 1119 1742 καὶ
1158 1689 1472 1761 γεραίρεται
1519 1693 1546 1744 ὁ
1575 1693 1776 1762 πατήρ.

212 1777 358 1848 Ἐγὼ
380 1778 434 1832 δὲ
463 1779 696 1850 ἄσεμνος
726 1782 817 1833 καὶ
845 1780 1059 1846 ἀνάξιος
1081 1781 1367 1852 ἐξέρχομαι
1397 1782 1583 1844 τῶνδε,
1617 1801 1778 1855 στρα-

200 1870 328 1938 φεὶς
358 1870 438 1932 εἰς
489 1869 556 1922 τὰ
592 1868 788 1933 ὀπίσω,
843 1871 938 1923 καὶ
986 1871 1384 1942 παλινδρομῶν.
1439 1873 1670 1941 Λέγεταί
1695 1890 1779 1937 τις

200 1961 326 2026 υίὸς
358 1963 510 2033 παρά
533 1961 738 2034 πατρὸς
783 1961 1072 2015 ἀπολαϐὼν
1125 1963 1214 2016 τὸν
1250 1963 1603 2018 ἐπιϐάλλοντα
1634 1966 1780 2038 αὐτῷ

201 2054 344 2126 πρὸς
363 2054 546 2124 ἕτερον
571 2053 682 2124 (40)
713 2053 875 2107 αὐτοῦ
923 2053 1150 2124 ἀδελφὸν
1177 2055 1394 2130 κλῆρον,
1432 2057 1779 2130 ἀποδημῆσαι

201 2146 300 2200 τοῦ
333 2147 537 2218 πατρὸς
570 2147 649 2211 είς
678 2146 859 2218 χώραν
896 2146 1110 2219 μακρὰν
1159 2148 1387 2220 θελήσας
1434 2150 1607 2204 τοῦτο.
1668 2151 1780 2204 Ζῶν

200 2238 261 2292 δὲ
314 2239 556 2301 ἀσώτως,
611 2239 995 2311 διασκορπίσαι
1031 2240 1142 2311 (41)
1170 2242 1268 2312 τὴν
1313 2243 1571 2314 πατρῴαν
1596 2245 1783 2298 οὐσίαν

201 2331 299 2384 καὶ
356 2330 765 2384 καταναλῶσαι·
811 2331 962 2395 τέλος
1017 2332 1074 2386 δὲ
1131 2334 1271 2386 κατά
1309 2335 1540 2406 ἀπορίαν
1596 2336 1784 2389 ἑαυτὸν

205 2421 488 2493 μισθώσας
518 2422 827 2494 συφορϐεῖν.
866 2423 1003 2477 Ὑπὸ
1046 2424 1208 2495 λιμοῦ
1259 2425 1314 2478 δέ
1343 2426 1785 2498 ἀναγκαζόμενος

200 2515 300 2567 καὶ
331 2517 604 2569 κοινωνεῖν
657 2515 766 2568 τῶν
811 2516 1025 2587 τροφῶν
1079 2519 1194 2580 τοῖς
1251 2518 1452 2589 χοίροις
1499 2519 1785 2590 ἐπιθυμεῖν

207 2606 336 2676 μὲν,
367 2607 442 2678 μὴ
476 2608 760 2679 τυγχάνειν
786 2608 841 2661 δὲ
880 2609 1011 2679 μηδέ
1040 2609 1248 2662 τούτου.
1271 2610 1434 2682 Δίκην
1461 2608 1553 2666 οὖν
1582 2610 1786 2677 ἐξέτισε

198 2699 307 2769 τῆς
333 2699 545 2753 ἀσώτου
577 2699 711 2771 (42),
741 2699 858 2753 ἀντὶ
885 2701 1160 2773 τραπέζης
1194 2701 1294 2772 τῆς
1312 2704 1601 2774 πατρικῆς,
1625 2703 1788 2774 οὔσης

206 2787 516 2860 βασιλικῆς,
568 2791 963 2862 ἀμειψάμενος,
998 2791 1066 2856 ἃς
1115 2793 1173 2845 οὑ
1205 2794 1497 2864 προείδετο,
1541 2797 1638 2860 τὰς
1679 2813 1791 2867 χοι-

203 2884 388 2956 ρείους
407 2883 500 2936 καὶ
530 2882 628 2946 τὰς
657 2885 712 2936 ἐν
744 2883 932 2955 θητεία
949 2884 1154 2955 τροφάς
1178 2885 1308 2953 (45).
1335 2887 1585 2940 Τοιοῦτόν
1610 2905 1661 2940 τι
1681 2889 1790 2942 πεί·

202 2975 399 3029 σεσθαι
424 2975 678 3046 ἐοίκαμεν
720 2973 1068 3041 ἀπελθόντες,
1114 2975 1207 3028 καὶ
1239 2975 1358 3029 οὐδὲ
1387 2979 1481 3031 σὺν
1520 2980 1680 3032 παντὶ
1710 2979 1788 3051 τῷ

1881 490 2045 545 nibus
2091 491 2282 546 diebus
2331 492 2456 546 vitae
2500 507 2652 557 meas,
2681 502 2734 546 et
2765 503 2962 548 terram
2994 494 3191 559 colam,
3216 510 3449 566 eamque

1881 582 2069 652 spinas
2093 583 2226 636 mihi
2259 597 2321 637 ac
2347 583 2578 637 tribulos
2603 585 3012 652 producentem,
3045 586 3322 644 molestias
3343 581 3448 643 scil

1881 675 2010 731 licet
2041 691 2188 731 meas
2227 686 2280 731 et
2309 690 2469 730 curas
2512 676 2672 730 hasce
2716 677 3030 745 probrosas,
3075 678 3318 734 honestis
3352 680 3452 734 bo-

1884 769 2076 838 nisque
2104 768 2250 824 curis
2283 768 2608 834 destitutus;
2642 778 2695 823 et
2728 768 2795 824 ad
2827 784 2890 824 ea
2923 770 3138 825 rediens
3167 787 3288 842 quae
3321 774 3449 828 reli-

1883 879 2130 936 queram,
2168 863 2232 917 ad
2260 872 2457 916 terram
2485 861 2629 915 unde
2660 861 2955 928 cxivcram,
2995 870 3049 916 et
3079 863 3144 918 ad
3170 865 3450 935 cognatio—
3530 851 3536 855 ’

1885 972 2008 1011 nem
2039 970 2214 1010 meam
2250 953 2585 1018 inferiorem,
2633 960 2686 1007 et
2725 953 3050 1018 ad,domum
3096 956 3264 1024 patris
3306 957 3448 1026 mei;

1885 1057 2085 1104 terram
2121 1049 2374 1104 deserens
2420 1047 2640 1108 bonam,
2686 1047 2776 1100 ubi
2812 1063 2996 1102 veram
3031 1049 3164 1103 mihi
3198 1064 3321 1105 esse
3351 1067 3452 1120 pa-

1884 1139 2045 1193 triam
2093 1139 2441 1208 ignorabam;
2472 1147 2526 1193 et
2562 1147 2841 1208 cognatos,
2890 1153 3030 1208 quos
3076 1141 3271 1195 animae
3317 1157 3453 1196 meae

1887 1229 2134 1298 proprids
2164 1245 2226 1284 ac
2258 1227 2574 1290 familiares,
2616 1238 2797 1297 postea
2829 1243 2993 1283 nosse
3037 1230 3208 1298 coepi;
3254 1240 3309 1285 et
3336 1231 3450 1285 veri

1885 1322 2056 1392 patris
2086 1320 2191 1375 mei
2233 1319 2478 1382 domum,
2517 1319 2567 1372 in
2609 1335 2714 1390 qua
2748 1335 2996 1381 manens.
3022 1322 3183 1377 abiis
3209 1325 3301 1392 qui
3335 1339 3454 1376 ma-

1886 1427 2016 1468 nere
2046 1413 2098 1466 in
2128 1427 2190 1467 ea
2223 1413 2432 1474 volunt,
2463 1413 2606 1464 veris
2639 1410 2762 1466 ﬁliis
2797 1413 2882 1480 pie
2912 1413 3211 1468 honoratur
3241 1425 3295 1469 ct
3322 1416 3455 1469 coli-

1887 1513 1979 1559 tur
2006 1510 2176 1574 pater.
2210 1503 2276 1557 At
2298 1518 2396 1572 ego
2423 1502 2635 1571 pietatis
2665 1517 2730 1557 ac
2759 1504 3039 1573 gravitatis
3072 1521 3286 1574 expers,
3313 1505 3454 1560 indi-

1888 1611 2134 1668 gnosque
2163 1595 2286 1650 inde
2316 1595 2527 1656 recedo,
2565 1595 2754 1649 oculos
2787 1604 2931 1650 retro
2955 1598 3290 1668 gradumque
3317 1614 3457 1654 con-

1888 1697 2122 1742 vertens.
2154 1685 2351 1740 Filium
2378 1687 2666 1756 quemdam
2703 1688 2881 1742 ferunt
2904 1687 2967 1754 ",
2993 1701 3212 1759 accepta
3245 1706 3272 1744 a
3299 1699 3454 1760 patre

1885 1788 2031 1833 sorte
2069 1778 2307 1848 legitima
2333 1793 2454 1847 qua:
2485 1777 2586 1847 ipsi
2619 1793 2742 1832 cum
2773 1780 2945 1833 altero
2972 1778 3140 1835 fratre
3171 1793 3452 1852 compote-

1879 1871 1994 1933 bat,
2041 1880 2232 1940 sponte
2261 1885 2360 1925 sua
2407 1885 2438 1924 a
2490 1871 2660 1940 patris
2698 1873 2977 1926 consortio
3019 1873 3350 1930 abscessisse
3398 1876 3452 1932 in

1881 1963 2154 2034 regionem
2203 1961 2589 2032 longinquam,
2631 1964 2847 2031 vitaque
2883 1964 2994 2018 illic
3029 1966 3457 2036 intemperanter

1881 2065 2002 2112 acta
2061 2055 2390 2124 abligurisse
2441 2065 2699 2123 paternas
2752 2053 3076 2123 facultates,
3129 2058 3455 2129 penitusque

1883 2149 2213 2218 dissipasse;
2263 2147 2478 2201 tandem
2533 2161 2663 2201 vero
2718 2148 2899 2217 inopia
2961 2164 3234 2218 pressum,
3296 2163 3453 2222 pacta

1883 2241 2133 2296 mercede
2178 2238 2463 2308 pascendis
2508 2238 2690 2308 porcis
2728 2253 2948 2308 cperam
2996 2240 3237 2308 locasse;
3283 2242 3456 2299 fame-

1884 2349 1990 2404 que
2015 2341 2260 2402 urgente,
2313 2345 2630 2384 communes
2687 2347 2809 2384 cum
2869 2333 3048 2401 porcis
3092 2348 3246 2388 escas
3287 2351 3452 2405 expc-

1885 2429 2061 2493 tiisse,
2105 2441 2202 2480 nec
2250 2425 2507 2494 consequi
2554 2424 2815 2494 potuisse.
2860 2423 3058 2481 Paanas
3095 2443 3223 2495 ergo
3249 2429 3450 2484 intem-

1887 2516 2126 2587 perantis
2176 2515 2299 2569 vita:
2331 2514 2452 2579 luit,
2501 2514 2594 2583 qui
2645 2529 2741 2582 pro
2779 2523 3000 2584 paterna
3050 2532 3259 2582 mensa,
3303 2518 3452 2588 regia

1887 2610 1978 2664 illa
2023 2625 2086 2664 ac
2130 2608 2430 2679 splendida,
2476 2606 2745 2676 porcinas,
2775 2623 2911 2678 quas
2938 2623 3045 2662 non
3077 2621 3453 2679 prospexerat,

1889 2704 2111 2758 serviles
2160 2717 2312 2757 escas
2365 2705 2747 2754 commutarat.
2809 2697 2936 2753 Tale
2983 2700 3238 2764 quiddam
3296 2702 3456 2758 nobis

1888 2805 2205 2850 eventurum
2235 2793 2634 2848 discedentibus
2671 2792 2900 2857 videtur,
2949 2808 3048 2847 nec
3099 2801 3276 2848 tamen
3329 2811 3454 2848 cum

1891 2887 2099 2958 integra
2133 2895 2472 2955 competente
2501 2893 2666 2939 sorte.
2699 2882 2884 2952 Neque
2913 2884 3056 2937 enim
3104 2885 3169 2940 iis
3197 2886 3455 2956 acceptis,

1890 2996 2012 3052 qua!
2039 2979 2427 3049 congruebant,
2459 2977 2784 3032 discedimus
2815 2987 3016 3039 tamen,
3060 2977 3200 3031 bona
3237 2979 3455 3048 quidem

199 3067 548 3122 ιπιϐάλλοντι
584 3067 788 3138 κλήρῳ.
815 3067 949 3120 Οὐδέ
969 3067 1079 3139 γὰρ
1111 3067 1370 3131 λαϐόντες
1399 3069 1433 3122 ἀ
1459 3071 1647 3141 ἐχρῆν,
1668 3071 1781 3125 ἀπι-

1890 3092 1954 3132 ac
1994 3076 2158 3130 chara
2191 3083 2364 3127 tecum
2395 3078 2448 3125 et
2477 3070 2616 3140 apud
2649 3079 2700 3124 te
2730 3069 3114 3139 relinquentes,
3141 3072 3326 3140 pejora
3353 3089 3456 3126 au-

203 3178 309 3233 μεν
340 3161 396 3214 δὲ
422 3161 569 3232 ὅμως
608 3160 740 3232 (44),
767 3158 834 3212 τά
871 3160 967 3231 μὲν
1001 3159 1139 3214 καλὰ
1174 3161 1267 3214 καὶ
1305 3161 1433 3229 φίλα
1458 3163 1783 3218 καταλιπόν-

196 3271 297 3316 τες
322 3253 459 3323 μετά
489 3251 581 3306 σοῦ
614 3253 707 3307 καὶ
732 3252 882 3325 παρά
908 3254 1009 3315 σοὶ,
1037 3253 1397 3324 ἀμειψάμενοι
1417 3254 1471 3306 δέ
1500 3254 1568 3307 τὰ
1594 3257 1782 3326 χείρω.

199 3343 518 3409 Διαδέξεται
566 3343 674 3417 γὰρ
736 3345 883 3415 ἡμᾶς
949 3344 1246 3416 σκυθρωπά
1304 3345 1514 3407 πάντα,
1559 3345 1784 3419 θόρυϐος

203 3438 305 3490 καὶ
332 3437 568 3508 τάραχος
606 3435 664 3501 ἐξ
706 3437 948 3508 εἰρήνης,
990 3440 1083 3491 καὶ
1137 3437 1196 3502 ἐξ
1243 3438 1444 3510 ἡσύχου
1488 3441 1581 3493 καὶ
1624 3442 1783 3495 είιτά-

201 3545 364 3591 κτου,
410 3526 522 3598 βίος
568 3528 800 3593 ἄτακτος
823 3545 837 3559 ·
873 3531 937 3582 ἐκ
975 3529 1031 3582 δὲ
1073 3529 1382 3602 ἐλευθερίας
1420 3530 1639 3602 ταύτης,
1671 3534 1788 3587 δου-

199 3619 326 3674 λεία
357 3619 600 3692 χαλεπὴ,
641 3621 835 3692 ἀγοραὶ
872 3622 966 3675 καὶ
996 3621 1140 3675 δίκαι
1161 3622 1254 3675 καὶ
1284 3621 1456 3692 ὄχλοι·
1490 3623 1582 3676 καὶ
1612 3625 1782 3696 χλιδὴ,

201 3715 304 3768 καὶ
345 3711 508 3784 σχολὴ
558 3713 655 3782 μὲν
702 3715 830 3784 ἡμῖν
878 3714 1059 3766 οὐκέτι
1106 3713 1242 3784 πρὸς
1285 3714 1354 3766 τά
1403 3715 1636 3786 κρείττω
1678 3715 1786 3770 οὐδ’

201 3806 451 3875 ἡτισοῦν.
495 3803 628 3860 Οὐδέ
662 3805 816 3874 λόγια
842 3803 910 3858 τὰ
953 3805 1070 3859 θεῖα
1109 3806 1442 3876 λαλήσομεν·
1482 3807 1784 3880 λαλήσομεν

200 3899 262 3951 δὲ
286 3899 358 3951 τὰ
389 3899 523 3970 ἔργα
555 3899 660 3952 τῶν
691 3898 990 3971 ἀνθρώπων
1021 3898 1197 3964 (τοῦτο
1226 3898 1287 3971 δὴ
1325 3900 1418 3952 καὶ
1450 3899 1650 3964 ἁπλοῦς
1672 3901 1780 3971 (43)

201 3991 321 4062 ἀρά
356 4007 440 4053 τις
476 3987 611 4044 εἶναι
647 3991 953 4061 νενόμισται
993 3991 1148 4061 ἀνδρὶ
1181 3992 1448 4064 προφήτῃ)
1475 4010 1487 4022 ·
1534 3995 1690 4064 ἡμεῖς
1726 3995 1782 4048 δὲ

203 4084 306 4136 καὶ
351 4082 600 4154 πονηρῶν
641 4083 960 4155 ἀνθρώπων.
995 4084 1105 4150 Νὺξ
1137 4083 1304 4148 ὅντως
1345 4085 1403 4148 ἐξ
1437 4085 1682 4158 ἡμέρας·
1718 4091 1782 4142 ὲκ

284 4219 330 4252 ³⁸
358 4218 491 4275 Luc.
526 4236 615 4284 xv,
656 4222 714 4274 ll
751 4231 805 4276 et
829 4237 982 4290 seqq.
1060 4221 1104 4252 ¹⁰
1139 4221 1280 4277 Psal.
1313 4238 1423 4275 xvr.

280 4314 401 4437 (58;
441 4316 612 4368 Ἐκεῖ.
639 4315 789 4370 [lane
812 4332 997 4370 vocem
1037 4318 1235 4370 omittit
1271 4316 1514 4382 Vossius,
1546 4333 1776 4388 eamque

285 4402 335 4437 m
406 4385 687 4437 lmschelio
731 4387 965 4437 restituit
998 4387 1317 4437 Benﬂelius:
1361 4389 1451 4437 nui
1510 4405 1632 4437 mox
1680 4407 1776 4437 nm

201 4401 335 4457 cum
380 4385 687 4457 liceschelio
731 4387 965 4440 restituit
998 4387 1317 4456 Bengelius;
1361 4389 1451 4457 qui
1510 4405 1635 4443 mox
1680 4385 1777 4454 pro

203 4456 304 4527 καὶ
333 4455 688 4527 ταύτηνιρείῑ
718 4459 810 4509 καὶ
841 4457 1037 4527 μάτην,
1067 4475 1189 4512 cum
1218 4455 1404 4512 eodem
1436 4458 1774 4514 llmschelio:

207 4525 433 4598 Terram
473 4525 792 4596 colo,’idque
834 4525 1070 4596 frustra.
1105 4529 1282 4598 spinas
1329 4529 1516 4598 quippe
1547 4531 1674 4583 mihi
1719 4549 1780 4584 ac

205 4597 438 4650 tribulos
466 4599 854 4664 producenttm.

279 4666 395 4738 (59)
442 4668 861 4738 Ἐπισγτρέφων.
908 4665 1287 4738 llmschelins,
1334 4667 1664 4738 ἐπιστρέφω.
1721 4669 1782 4724 lit

248 4737 380 4808 aqu
399 4747 552 4808 post,
577 4737 673 4808 τὴν
701 4738 838 4808 ἐμὴν
865 4737 964 4808 τὴν
987 4738 1153 4792 κάτω.
1190 4738 1338 4791 lianc
1371 4737 1653 4794 lectionem
1682 4757 1779 4794 ex-

231 4806 368 4859 tibet
397 4806 699 4876 Bengelius.

289 4876 406 4948 (:50)
443 4875 598 4948 Πρῤς
619 4878 838 4945 ἕτερον.
867 4875 1132 4948 Notabilis
1174 4891 1306 4932 usus
1343 4879 1776 4948 przepositionis:

205 4946 503 5018 cuialjinis
534 4946 621 5002 ille
653 4962 753 5011 est,
793 4963 915 5001 cum
965 4947 1102 5018 πρὸς
1150 4946 1656 5018 compensationem,
1699 4951 1781 5002 in-

205 5019 334 5086 quit
363 5015 620 5073 Devarius
655 5034 773 5087 cap.
801 5018 892 5079 23,
917 5018 987 5071 De
1011 5015 1200 5086 partic.
1231 5015 1420 5081 Grcam,
1449 5019 1504 5070 id
1526 5029 1600 5071 est
1629 5022 1778 5088 pari-

209 5097 378 5159 tnlcm
405 5088 560 5154 pretii
587 5099 634 5141 et
666 5088 1033 5142 (estimationis
1066 5088 1366 5158 aliquarum
1409 5105 1578 5141 rerum
1617 5091 1781 5159 signi-

203 5157 380 5279 ﬁcat;
408 5167 464 5208 ut
499 5160 636 5224 apud
674 5157 1181 5227 Theophrastum,de
1210 5159 1475 5218 balsamo,
1524 5157 1779 5212 πωλεῖται

300 5226 364 5278 τὸ
397 5227 492 5279 μὲν
519 5230 747 5279 ἄκρατον
774 5228 856 5279 δίς
879 5227 1014 5279 πρὸς
1037 5227 1325 5279 ἀογύοιον·
1363 5230 1664 5279 renenditur
1701 5229 1779 5279 bis

300 5226 364 5278 τὸ
395 5227 492 5296 μὲν
519 5230 747 5301 ἄκρατον
774 5228 856 5291 δίς
879 5227 1014 5298 πρὸς
1037 5226 1325 5301 ἀργύριον·
1363 5230 1664 5297 rependitur
1701 5229 1779 5282 bis

211 5307 369 5350 lauto
397 5310 630 5366 argento.
661 5299 890 5352 Βευοει..

287 5367 912 5442 (4·Ι)“Διασῇκορπίσ(ιι.
963 5367 1302 5423 llmsehelius
1327 5408 1340 5433 ,
1394 5369 1774 5442 διασπαθῆσαι.

208 5436 309 5492 Sic
338 5446 394 5490 et
423 5437 723 5507 Bengelius.

270 5507 407 5579 ,(42)
449 5507 562 5576 Τῆς
586 5509 839 5563 ἀσώτου.
875 5507 1116 5564 Subaudi
1151 5508 1296 5579 ζωῆς
1327 5524 1356 5562 e
1381 5509 1645 5577 proximo,
1671 5507 1778 5572 ζῶν

207 5577 269 5633 δὲ
301 5576 546 5641 ἀσώτως.
591 5579 948 5641 llteschelius,
981 5597 1103 5634 cum
1138 5576 1346 5649 nupero
1383 5576 1586 5633 editore
1628 5579 1779 5632 Pari-

208 5649 409 5711 siensi,
439 5649 537 5719 τῆς
575 5649 828 5712 ἀσωτίας.
877 5649 1111 5716 Mallem,
1150 5652 1195 5704 si
1244 5658 1451 5703 mutato
1495 5665 1632 5717 opus
1675 5659 1775 5711 est,

207 5721 313 5790 τὴν
340 5717 555 5774 ἀσώτου
581 5719 796 5791 (δίκην).
823 5720 912 5773 Sic
934 5722 1076 5774 enim
1109 5721 1416 5792 expressius
1441 5722 1609 5775 multo
1635 5731 1780 5775 esset

535 5802 813 5876 Punoc:
855 5816 970 5878 Gn.
1019 5815 1100 5876 Χ.

1891 3180 1998 3225 tem
2033 3169 2214 3224 omnia
2254 3173 2646 3236 permittentes.
2699 3161 2979 3231 Excipient
3034 3177 3134 3218 nos
3188 3165 3455 3234 siquidem

1893 3263 2206 3318 tristissima
2241 3260 2452 3324 omnia;
2487 3258 2655 3312 turba:
2685 3257 3058 3327 tumultusque
3093 3273 3191 3326 pro
3223 3275 3372 3328 pace,
3402 3269 3458 3316 et

1891 3356 2134 3425 inquieta
2173 3369 2236 3408 ac
2270 3351 2580 3406 turbulenta
2620 3350 2728 3402 vita
2765 3365 2862 3418 pro
2902 3348 3193 3417 tranquilla
3218 3358 3270 3402 et
3305 3364 3456 3404 com-

1892 3448 2104 3516 posita;
2134 3461 2231 3516 pro
2270 3445 2514 3498 libertate
2555 3442 2676 3505 hac,
2723 3440 2956 3494 servitus
2997 3441 3198 3510 gravis,
3231 3440 3368 3505 fora,
3398 3450 3457 3498 et

1889 3539 2034 3600 lites,
2071 3547 2124 3591 et
2161 3535 2570 3599 contentiones;
2620 3547 2684 3586 ac
2721 3532 2945 3597 delicize,
2981 3533 3259 3601 otiumque
3301 3533 3455 3588 dein-

1889 3645 2016 3699 ceps
2045 3628 2201 3682 nobis
2231 3627 2296 3680 ad
2330 3625 2554 3679 meliora
2607 3623 2814 3677 nullum
2845 3625 2963 3676 erit.
2997 3621 3106 3678 Nec
3131 3624 3313 3679 divina
3338 3625 3454 3679 elo-

1889 3721 2018 3791 quia
2064 3719 2386 3788 loquemur:
2417 3715 2508 3770 sed
2552 3715 2839 3784 loquemur
2893 3729 3057 3783 opera
3106 3714 3458 3770 hominum“

1889 3807 2056 3878 (quod
2107 3822 2238 3862 sane
2288 3806 2449 3860 etiam
2487 3805 2664 3859 dirum
2707 3804 2983 3874 quidpiam
3023 3809 3246 3861 omnino
3279 3808 3452 3863 visum

1887 3909 1970 3955 est
1998 3897 2293 3970 propheta)
2322 3916 2334 3950 :
2366 3913 2464 3951 nos
2492 3912 2641 3961 vero,
2668 3899 2932 3952 malorum
2963 3900 3122 3952 etiam
3148 3902 3449 3956 hominum.

1887 3991 2005 4048 Nox
2038 4007 2160 4046 vere
2189 4006 2288 4060 pro
2313 3990 2420 4055 die,
2453 4005 2551 4058 pro
2579 3990 2724 4043 clara
2753 3990 2870 4045 luce
2900 3991 3153 4054 tenebrae,
3189 4008 3285 4061 pro
3315 3992 3453 4047 festa

1889 4087 2202 4143 celebritate
2249 4085 2456 4148 luctus;
2497 4099 2596 4153 pro
2645 4084 2838 4152 patria,
2881 4084 3077 4140 hostile
3126 4101 3224 4140 nos
3272 4085 3450 4140 solum

1883 4319 2264 4389 epiphonema.
2297 4315 2403 4390 sed
2432 4314 2533 4390 ﬁ;
2563 4311 2772 4367 ἀσώτου
2801 4314 3019 4380 dicitur,
3046 4314 3124 4370 uti
3150 4314 3248 4388 τὴν
3275 4315 3452 4390 ἀληθῆ

1883 4385 1988 4446 sub
2015 4391 2173 4444 linem
2199 4403 2318 4456 cap.
2353 4387 2406 4440 5.
2433 4385 2664 4439 BENGEL.

1957 4461 2068 4529 (43)
2117 4461 2217 4513 Ἐν
2253 4454 2462 4529 θητείας
2500 4454 2742 4529 τροφάς.
2795 4454 3264 4529 Quibusaluntur
3298 4456 3457 4528 θῆτες

1885 4526 2136 4598 etoperae
2171 4528 2534 4598 Inereenarim.
2561 4526 2950 4598 βλέψωέϐι.
2976 4526 3084 4598 Ah,
3114 4526 3369 4598 "rem;
3398 4529 3452 4592 4,

1882 4596 2224 4671 Μεμέρισται
2257 4599 2313 4652 δὲ
2335 4597 2520 4671 αυτοῖς
2553 4596 3120 4671 θητείαῇπολυσχιδῶς.
3141 4596 3452 4671 ΔΗςεεριιει..

1882 4619 1966 4655 Με
2013 4619 2224 4671 ερισται
2257 4619 2313 4652 ΟΞ
2335 4619 2516 4659 αυτῡις
2553 4619 2741 4667 υητεια
2771 4619 3120 4666 πολυσχιοως.
3161 4619 3449 4652 Ιιίεδῦιιειι.

1881 4619 2272 4736 -—iies_vchius
2307 4688 2320 4722 :
2354 4668 2600 4736 Θητεῖαι,
2647 4665 3004 4736 μισθώσεις,τ
3037 4666 3449 4736 μισθοδουλεῖαι.

1883 4740 2054 4822 Ιὺίίξτ
2079 4730 2452 4822 Βὴςκδεξλος,
2488 4730 2774 4822 μισθωτός.
2808 4736 2928 4788 Vid.
2965 4730 3448 4822 Ηοξγοιειηξιίοιρριη

1881 4828 1939 4863 υ.
1972 4803 2166 4878 Θῆτις,
2192 4819 2246 4863 et
2267 4803 2542 4878 :l‘lionta'tri
2579 4803 2895 4878 Magistrum
2925 4824 2980 4878 τί.
3015 4803 3154 4878 ᾷής,
3183 4806 3279 4878 ubi
3295 4807 3456 4878 plura

1881 4881 1987 4935 viri
2013 4875 2231 4935 eruditi.
2265 4877 2450 4948 Neque
2484 4878 2705 4930 omittas
2747 4877 2904 4930 velim
2942 4875 3213 4930 Pollucem
3248 4876 3344 4929 lib.
3369 4892 3451 4938 ιιι,

1882 4965 2002 5020 cap.
2033 4950 2086 5014 8,
2113 4965 2282 5020 segni.
2311 4948 2400 5020 82.

1955 5013 2079 5089 (44)
2114 5018 2265 5072 Οὐδὲ
2305 5019 2482 5087 γὰρ...
2520 5013 2961 5089 ΑόμωςηΝυὶιιιπι
3017 5013 3278 5089 d_ubinqt,_
3306 5015 3455 5089 exci-

1883 5084 2030 5145 disse
2053 5084 2250 5143 'vocem
2281 5084 2384 5141 hoc
2412 5084 2573 5140 modo
2601 5085 3030 5156 restituendam,
3049 5085 3170 5137 λαϐ.
3201 5084 3236 5137 ὃ.
3264 5085 3451 5156 ἐχρῆν,

1882 5161 2087 5229 ἄπιμεν
2107 5177 2120 5190 ·
2152 5157 2355 5228 ἄπιμεν
2385 5158 2440 5209 δὲ
2474 5158 2640 5229 ὅμως.
2669 5155 2968 5229 Cas.\ve.—_~_
2995 5153 3210 5229 Ellipsis
3235 5153 3457 5229 est;n_n_tt

1883 5225 2146 5284 insolens.
2174 5225 2434 5298 Excmpla
2467 5225 2785 5296 collegimus
2809 5229 2873 5280 ad
2904 5226 3018 5280 Cic.
3044 5227 3227 5294 Cpisti,
3253 5241 3306 5295 p.
3327 5225 3452 5289 535,

1883 5299 2006 5353 886.
2040 5299 2270 5353 Βεκοει..
3293 5322 3306 5336 ο

1955 5369 2063 5440 (45)
2117 5368 2384 5434 Ἀπ-ῖοῦς·
2428 5368 2534 5440 Pro
2577 5366 2765 5440 ἁπλῶς
2804 5365 3224 5440 percnallagcn
3242 5365 3451 5440 partis.

1885 5435 1974 5493 Sic
2002 5435 2120 5500 can.
2154 5441 2186 5492 6
2219 5451 2342 5492 ante
2388 5438 2646 5499 medium,
2683 5438 2790 5490 τῶν
2826 5435 3053 5506 πρώτων
3086 5435 3329 5506 ἡμερῶν,
3359 5448 3456 5506 pro

1881 5510 1950 5562 τὰ
1982 5509 2190 5580 πρῶτα.
2229 5509 2319 5580 §ic
2353 5509 2695 5580 Apollonius
2729 5503 3138 5580 Alexandrinus
3177 5503 3267 5558 lib.
3315 5520 3363 5580 I_
3385 5503 3457 5580 [ζα

1882 5572 2044 5648 agni...
2075 5595 2191 5648 cap.
2231 5572 2371 5647 303;
2404 5572 2637 5649 συνήθης
2679 5577 2799 5646 (pro
2834 5575 3094 5648 συνήθως,
3129 5586 3281 5630 notat
3332 5572 3454 5645 Syl-

1884 5650 2128 5720 hurgius)
2165 5648 2600 5719 ὲπιτασσομένη.
2623 5649 2854 5702 Busan.

3144 5807 3222 5867 ὃὸ
