3876 6506
168 392 312 448 “05

242 516 520 588 Ἐχθιστοι
557 518 654 572 καί
695 517 963 590 ἀλλότριοι
1016 520 1115 590 τῆς
1169 521 1533 593 ἀποστολικῆς
1578 521 1767 592 ὁμολο-
1793 529 1842 583 Α

166 607 296 676 γίας
344 609 392 662 οἱ
430 610 521 663 τὸν
552 609 678 662 Υίὸν
721 609 781 673 ἐξ
820 611 920 663 οὐκ
959 610 1127 664 ὄντων
1162 614 1257 666 καὶ
1288 615 1760 687 ἀποστελλομένης

165 699 350 769 ἀρχῆς
397 694 536 754 εἶναι
584 701 874 771 ἐπίκτητον
917 701 1166 771 λέγοντες
1216 704 1293 775 τῷ
1336 707 1544 776 Πατρί·
1587 707 1680 759 καὶ
1711 709 1761 759 οἱ

166 793 300 859 περὶ
334 791 428 845 τοῦ
462 794 618 861 ἀγίου
660 793 972 864 ΙΙνεύματος
1005 794 1073 848 τὰ
1112 796 1252 848 αύτά
1283 796 1683 868 διανοούμενοι·
1709 801 1758 853 οἱ

163 880 315 933 δόσει
353 883 446 934 καὶ
480 884 660 953 χάριτι
688 883 1046 938 θεοποιείσθαι
1085 885 1333 955 λέγοντες
1360 887 1450 940 τὸν
1479 889 1630 952 Υίὸν,
1667 891 1762 944 καὶ

166 973 230 1026 τὸ
264 971 489 1043 Πνεῦμα
528 975 589 1026 τὸ
615 974 767 1042 ἅγιον
797 974 1113 1043 ἀγιάζεσθαι
1135 993 1148 1006 ο
1181 977 1228 1030 οἱ
1263 977 1324 1029 τὸ
1357 977 1451 1030 τοῦ
1490 979 1620 1032 Υίοῦ
1647 996 1760 1032 κοι-

165 1065 513 1129 νοποιοῦντες
547 1067 718 1138 ὄνομα
745 1067 882 1138 πρὸς
920 1069 1046 1132 τοὺς
1071 1069 1318 1134 δούλους,
1361 1072 1454 1124 καὶ
1491 1073 1763 1140 πρωτότο-

167 1175 270 1212 κον
309 1159 540 1222 κτίσεως
574 1158 720 1212 οὕτω
748 1160 1013 1229 λέγοντες,
1041 1162 1116 1226 ὡς
1137 1164 1340 1234 ὁμοίως
1371 1165 1436 1217 ἐκ
1457 1163 1550 1218 τοῦ
1579 1164 1652 1236 μὴ
1685 1160 1761 1218 εἷ-

170 1265 262 1302 ναι
288 1249 383 1304 καὶ
402 1247 562 1304 αὐτὸν
586 1249 736 1313 ὄντα,
775 1253 868 1305 καὶ
900 1253 976 1315 ὼς
998 1253 1214 1324 πρῶτον
1237 1256 1628 1326 πεποιημένον,
1666 1257 1761 1310 καὶ

165 1337 271 1409 οὐχ
299 1340 683 1410 ὁμολογοῦντες
713 1345 972 1416 μονογενῆ
1003 1345 1151 1408 Υίὸν,
1189 1346 1347 1418 μόνον
1383 1347 1510 1400 ὅντα
1545 1347 1622 1418 τῷ
1647 1349 1758 1401 Πα-

166 1433 282 1502 τρὶ,
321 1431 593 1484 δεδωκότα
621 1431 678 1484 δὲ
717 1433 908 1486 ἑαυτὸν
956 1437 1033 1498 είς
1055 1435 1451 1507 συναρίθμησιν
1491 1435 1598 1490 τῶν
1643 1436 1762 1507 θνη-

167 1524 304 1590 τῶν,
345 1525 440 1578 καὶ
486 1525 627 1578 οὕτω
675 1527 1016 1599 πρωτότοκον
1073 1528 1472 1601 ἀριθμούμενον
1500 1546 1512 1559 ο
1561 1532 1609 1584 οἱ
1663 1531 1760 1602 τὴν

167 1613 428 1685 γέννησιν
455 1614 550 1668 τοῦ
579 1615 707 1669 Υἱοῦ
744 1618 842 1688 τὴν
871 1621 936 1672 ἐκ
974 1619 1187 1690 Πατρρς
1226 1619 1580 1691 ἀνθρωπίνως
1606 1638 1762 1692 περι-

168 1707 476 1777 γράφοντες
507 1707 834 1780 διαστήματι
864 1711 1213 1783 μετρουμένῳ
1232 1752 1246 1775 ,
1278 1713 1373 1766 καὶ
1403 1714 1503 1767 οὐκ
1529 1714 1760 1785 ἄναρχον

166 1796 264 1849 τὸν
297 1797 469 1851 αἰῶνα
491 1798 581 1852 τοῦ
615 1800 938 1872 Γεννήτορος
959 1803 1052 1855 καὶ
1082 1801 1176 1854 τοῦ
1207 1803 1546 1875 Γεννήματος
1570 1805 1759 1874 ὁμολο-

168 1887 398 1956 γοῦντες
415 1906 428 1918 ·
466 1889 517 1940 οἱ
540 1893 690 1962 τρεῖς
717 1893 1121 1963 ἀκοινωνήτους
1145 1894 1238 1946 καὶ
1273 1891 1428 1958 ξένας
1450 1893 1761 1963 εἰσάγοντες

166 1978 450 2050 λατρείας,
496 1982 625 2053 μιᾶς
676 1984 769 2035 καὶ
803 1983 968 2053 μόνης
1009 1983 1175 2055 οὔσης
1211 1985 1308 2055 τῆς
1351 1985 1580 2056 νομίμου
1623 1984 1760 2056 θρη-

169 2073 383 2138 σκείας,
428 2075 493 2148 ἣν
527 2075 733 2129 ἄνωθεν
768 2077 832 2129 ἐκ
864 2077 1030 2148 νόμου
1065 2080 1155 2132 καὶ
1197 2079 1490 2150 προφητῶν
1517 2080 1759 2151 παραλα-
1796 2101 1797 2104 η

167 2167 360 2230 ῦόντες
386 2166 581 2239 ἔχομεν
620 2169 713 2221 καὶ
741 2169 846 2222 ὑπὸ
871 2169 965 2223 τοῦ
990 2172 1195 2244 Κυρίου
1233 2170 1643 2242 βεϐαιωθείσαν,
1665 2173 1759 2225 καὶ

165 2261 274 2312 ὑπὸ
301 2260 409 2313 τῶν
446 2262 756 2316 ἀποστόλων
782 2265 1234 2336 κεκηρυγμένην
1272 2265 1543 2336 ἀλλότριοι
1575 2265 1631 2318 δὲ
1661 2267 1758 2336 οὐχ

161 2343 332 2420 ἧττον
359 2352 452 2404 καὶ
481 2353 531 2405 οἱ
567 2353 668 2424 τὴν¹
705 2354 909 2424 Τριάδα
934 2356 1008 2428 μὴ
1034 2357 1174 2410 κατά
1203 2355 1458 2426 ἀλήθειαν
1493 2359 1556 2409 ὲκ
1593 2355 1758 2428 τριῶν

164 2442 481 2514 προσώπων
512 2445 931 2514 ὁμολογοῦντες,
969 2449 1083 2502 ἀλλ’
1115 2450 1172 2502 ὲν
1209 2447 1396 2520 μονάδι
1419 2447 1480 2500 τὸ
1502 2447 1757 2519 τριπλοῦν

161 2536 384 2600 ἀσεϐῶς
417 2537 557 2590 κατά
590 2537 837 2592 σύνθεσιν
870 2541 1264 2612 φανταζόμενοι
1284 2559 1297 2572 ⁸
1347 2546 1440 2598 καὶ
1486 2545 1676 2615 σοφίαν
1701 2545 1758 2598 ἐν

162 2631 288 2703 Θεῷ
321 2633 413 2686 τὸν
447 2633 570 2686 Υίὸν
597 2633 682 2698 ώςν
707 2636 764 2686 ὲν
793 2635 1066 2708 ἀνθρώπῳ
1087 2638 1185 2708 τὴν
1217 2637 1564 2710 ἀνθρωπίνην
1590 2639 1755 2710 ἡγού-

167 2742 345 2796 μενοι,
376 2726 444 2778 δι’
471 2723 538 2800 ἧς
561 2727 588 2780 ὁ
615 2727 901 2800 ἄνθρωπός
922 2730 1038 2782 ἐστι
1064 2730 1244 2798 σοφὸς,
1272 2731 1364 2783 καὶ
1377 2732 1544 2800 Λόγον
1559 2731 1759 2802 ὁμοίως

164 2819 244 2891 τῷ
268 2819 411 2873 κατά
443 2819 721 2892 προφορὰν
751 2821 785 2890 ἦ
818 2820 1056 2882 διάνοιαν
1089 2823 1502 2896 εἰσηγούμενοι,
1536 2824 1758 2896 οὐδεμιᾷ

163 2913 468 2968 ὑποστάσει
491 2914 611 2968 οὐδὲ
631 2914 786 2988 μόνῃ.

249 3097 710 3172 Ἐκκλησιαστικὴ
747 3099 805 3153 δὲ
837 3101 1094 3172 ὁμολογία
1128 3101 1221 3154 καὶ
1263 3100 1456 3172 κόσμῳ
1493 3103 1757 3173 σωτήριος

165 3189 355 3253 πίστις
387 3193 422 3263 ἡ
456 3192 584 3263 περὶ
612 3194 710 3261 τῆς
734 3192 824 3246 τοῦ
854 3193 1027 3263 Λόγου
1059 3193 1386 3266 σαρκώσεως
1410 3235 1425 3257 ,
1459 3195 1638 3258 δόντος
1660 3196 1757 3266 μὲν

163 3283 365 3336 ἑαυτὸν
406 3283 722 3358 ἀνθρωπίνῃ
762 3287 924 3358 σαρκὶ
945 3286 1012 3358 ἢν
1045 3287 1109 3341 ἐκ
1132 3287 1350 3360 Μαρίας
1371 3287 1754 3358 προσελάϐετο,

167 3377 457 3448 μείναντος
501 3377 558 3430 δὲ
590 3379 647 3430 ἐν
675 3379 998 3450 ταυτότητι,
1043 3381 1138 3433 καὶ
1174 3380 1443 3458 μηδεμίαν
1478 3379 1761 3451 θείαν·με-

162 3469 455 3541 τάκίνησιν
495 3470 627 3541 μηδὲ
649 3471 928 3524 ἀλλοίωσιν
961 3473 1316 3538 ὑποστάντος,
1347 3473 1758 3545 συναιρεθέντος

162 3561 224 3616 δὲ
255 3561 397 3632 πρὸς
424 3559 521 3631 τὴν
551 3559 729 3630 σάρκα
768 3561 890 3614 καθ’
920 3562 1182 3632 ὁμοίωσιν
1213 3563 1586 3634 ἀνθρωπίνην,
1619 3564 1758 3617 ῶστε

162 3652 270 3724 τὴν
328 3654 508 3724 σάρκα
550 3652 688 3724 πρὸς
737 3654 838 3724 τὴν
891 3655 1119 3724 θεότητα
1160 3655 1446 3725 ἑνωθῆναι,
1495 3657 1594 3727 τῆς
1636 3657 1758 3711 θεό-

163 3762 333 3810 τητος
365 3745 426 3798 τὸ
457 3745 758 3816 παθητικὸν
785 3748 881 3817 τῆς
909 3747 1110 3818 σαρκὸς
1141 3749 1198 3800 ἐν
1226 3749 1292 3817 τῇ
1327 3747 1420 3801 τοῦ
1459 3750 1758 3820 μυστηρίου

163 3835 454 3908 πληρώσει
497 3836 866 3907 ἀνῃρηκυίας·
921 3836 1061 3907 μετά
1101 3837 1158 3890 δὲ
1191 3836 1420 3891 θανάτου
1463 3821 1758 3893 κατάλυσιν

166 3932 304 4003 περὶ
351 3931 452 4002 τὴν
502 3932 681 4000 σάρκα
728 3931 829 4001 τὴν
885 3930 1044 3998 ἁγίαν
1115 3930 1360 3984 ἀπάθεια
1396 3931 1645 4002 διηνεκὴς
1666 3932 1760 3984 καὶ

163 4019 442 4089 ἄτρεπτος
483 4019 753 4072 ἀθανασία
775 4036 788 4048 ·
827 4018 1225 4090 ἀνειλημμένου
1269 4019 1368 4090 μὲν
1393 4020 1486 4072 τοῦ
1509 4023 1628 4074 κατ’
1661 4022 1760 4094 ἀρ-

164 4113 276 4182 χὴν
321 4111 665 4183 ἀνθρωπίνου
701 4111 928 4176 κάλλους
982 4113 1038 4165 ἐν
1069 4113 1135 4182 τῇ
1163 4111 1264 4181 τῆς
1301 4111 1553 4182 Θεότητος
1599 4113 1758 4167 δυνά·-

172 4225 290 4276 pst,
337 4207 740 4278 χορηγουμένου
781 4206 837 4259 δὲ
881 4206 973 4258 ἐπὶ
1013 4206 1220 4270 πάντας
1247 4205 1579 4278 ,ἀνθρώπους
1604 4207 1663 4260 ὲν
1690 4209 1763 4280 τῇ,

168 4299 274 4370 τῆς
304 4299 545 4363 πίστεως
571 4297 862 4353 οἰκειώσει.

239 4390 306 4443 Εἰ
338 4389 398 4443 δέ
415 4405 564 4453 τινες
585 4390 677 4444 καὶ
697 4387 933 4442 ἐνταῦθα
956 4389 1444 4461 παραχαράττουσι
1469 4389 1568 4461 τὴν
1605 4389 1758 4462 ἱερὰν

167 4481 381 4546 πίστιν,
420 4481 454 4551 ἦ
493 4483 558 4552 τῇ
605 4480 818 4552 θεότητι
855 4480 923 4534 τὰ
948 4479 1266 4554 ἀνθρώπινα
1298 4482 1759 4551 προσιδιοτιοιοῦν-

163 4592 284 4639 τες,
319 4573 606 4644 προκοπὰς
634 4591 692 4626 τε
740 4575 834 4627 καὶ
873 4573 1019 4644 πάθη
1062 4575 1155 4627 καί¹
1188 4574 1342 4641 δόξαν
1371 4575 1470 4646 τὴν
1511 4578 1755 4644 ἐπιγινο-

167 4668 368 4736 μένην,
411 4665 443 4736 ἢ
488 4665 588 4735 τῆς
619 4665 870 4737 θεότητος
891 4665 1198 4730 διῖστῶντες
1224 4666 1284 4719 τὸ
1319 4667 1627 4738 προκόπτον
1668 4669 1762 4721 καὶ

166 4759 383 4829 πάσχον
425 4757 604 4828 σῶμα,
635 4757 712 4822 ώς
747 4757 1048 4823 ἰδιαζόντως
1070 4757 1338 4828 ὑφεστὼς,
1365 4760 1459 4812 καὶ
1493 4753 1636 4812 οὗτοι
1663 4759 1761 4829 τῆς

161 4848 638 4918 ἑκκλησιαστικῆς
681 4849 771 4902 καί
810 4849 1088 4920 σωζούσης
1122 4849 1413 4919 ὁμολογίας
1456 4851 1631 4914 ἐκτός.
1666 4851 1763 4904 Οὐ-

161 4944 283 5005 δεὶς
319 4935 415 4994 οὖν
443 4940 664 4994 δύναται
707 4941 909 5007 γνῶναι
959 4942 1050 4994 τὸν
1078 4941 1234 5003 Θεὸν,
1278 4943 1327 4994 εί
1375 4942 1448 5012 μὴ
1501 4941 1590 4995 τὸν
1631 4942 1760 4996 Υίὸν

160 5032 410 5103 ἑπιγνῷομ
464 5031 627 5100 σοφία
675 5031 784 5104 γάρ
841 5035 985 5085 ἐστιν
1017 5035 1046 5086 ὁ
1081 5033 1204 5095 Υἱὸς
1247 5032 1319 5085 δι’
1357 5029 1426 5105 ἧς
1461 5032 1529 5085 τὰ
1583 5032 1760 5087 πάντα

163 5129 426 5182 ἔκτισται
454 5142 469 5156 ⁸
506 5125 576 5178 τὰ
617 5125 673 5178 δὲ
713 5126 987 5195 κτίσματα
1036 5126 1229 5196 μηνύει
1252 5126 1351 5196 τὴν
1381 5125 1590 5194 σοφίαν,
1621 5125 1761 5179 καὶὸ

160 5219 305 5281 Θεὸς
336 5219 398 5270 ἐν
426 5220 491 5288 τῇ
525 5217 686 5288 σοφίᾳ
717 5215 1081 5284 γινώσκεται·
1131 5216 1190 5270 οὑ
1245 5215 1471 5286 τοιαύτη
1502 5216 1560 5268 δὲ
1596 5218 1629 5287 ή
1663 5215 1759 5269 τοῦ

160 5305 308 5361 Θεοῦ
354 5307 517 5374 σοφία
556 5305 674 5358 οἵαν
703 5305 986 5377 ἄνθρωπος
1023 5304 1159 5376 ἔχει,
1201 5306 1336 5360 ἀλλά
1366 5306 1545 5360 τελεία
1578 5307 1642 5360 ὲκ
1672 5324 1760 5360 τε·

161 5400 316 5454 λείου
347 5396 444 5452 τοῦ
472 5397 607 5450 Θεοῦ
639 5397 978 5468 προελθοῦσα
1018 5398 1109 5450 καὶ
1155 5399 1391 5469 μένουσα
1424 5398 1510 5452 διὰ
1537 5399 1755 5464 παντὸς,

160 5497 264 5564 οὐχ
299 5491 378 5555 ὡς
410 5492 591 5564 νόημα
613 5491 898 5565 ἀνθρώπου
923 5493 985 5548 τὸ
1010 5493 1438 5566 παρερχόμενον,
1468 5494 1560 5547 καὶ
1587 5494 1758 5563 Λόγος

159 5584 508 5656 λαλούμενος
541 5585 634 5638 καὶ
672 5586 745 5658 μὴ
787 5585 861 5640 ῶν
881 5603 895 5617 ⁸
927 5585 1016 5640 διὰ
1042 5586 1201 5640 τοῦτο
1239 5588 1303 5640 οὐ
1335 5587 1500 5657 μόνον
1525 5587 1640 5640 ἔστι
1671 5605 1758 5640 σο-

164 5683 292 5751 φία,
319 5679 456 5733 ἀλλά
483 5681 578 5733 καὶ
598 5680 754 5744 Θεός·
781 5681 900 5734 οὐδὲ
929 5681 1087 5752 μόνον
1117 5683 1308 5751 Λόγος,
1328 5682 1462 5736 ἀλλά
1493 5683 1585 5735 καὶ
1601 5683 1754 5746 Υἱός.

162 5775 299 5830 Εἴτε
324 5771 420 5829 οὖν
448 5774 558 5828 ἀπὸ
597 5775 823 5839 κτίσεώς
842 5794 928 5838 τις
967 5779 1078 5830 νοεῖ
1108 5777 1202 5830 τὸν
1234 5778 1387 5841 Θεὸν,
1419 5779 1526 5831 εἴτε
1563 5779 1626 5830 ἐκ
1650 5776 1757 5830 τῶν

167 5870 337 5933 θείων
374 5868 608 5940 Γραφῶν
639 5867 966 5934 διδάσκεται,
1009 5871 1106 5924 οὐκ
1147 5869 1270 5924 ἀνευ
1301 5871 1397 5940 τῆς
1440 5870 1626 5938 σοφίας
1666 5868 1755 5922 αὺ-

1440 397 1627 451 KATA
1666 396 1893 450 ΜΕΡΟΣ
1921 396 2167 452 ΠῙΣΤΙΣ.

3293 391 3434 452 HO.

1940 519 2301 577 lnimicissimi
2351 528 2403 575 et
2447 520 2608 575 alieni
2663 535 2693 574 a
2732 517 3080 575 confessione
3129 517 3432 586 apostolica

1865 625 2014 682 sunt,
2049 616 2141 686 qui
2173 615 2362 670 dicunt
2407 629 2529 670 esse
2573 612 2772 667 Filium
2806 628 2875 667 ex
2907 626 3013 666 non
3061 609 3433 674 exstantibus,

1863 717 1916 763 et
1951 725 2015 764 ex
2045 709 2311 780 principio
2340 707 2640 772 emittente,
2667 715 2951 761 externum
3013 713 3066 759 et
3114 703 3250 758 foris
3294 699 3442 757 asci-

1863 810 1978 854 tum
2025 800 2172 856 Patri
2203 819 2218 857 :
2251 809 2305 856 et
2337 800 2430 870 qui
2457 801 2645 854 eadem
2693 799 2760 853 de
2800 797 3003 867 Spiritu
3061 803 3252 851 sancto
3302 810 3432 850 sen-

1868 893 2041 960 tiunt;
2081 895 2285 964 quique
2311 894 2500 949 dicunt
2528 893 2750 948 datione
2783 899 2839 946 et
2871 892 3044 963 gratia
3084 890 3285 946 factum
3315 904 3439 946 esse

1864 985 2070 1054 Deum;
2105 997 2159 1042 et
2195 987 2455 1057 Spiritum
2512 996 2765 1041 sanctum
2809 985 3174 1052 sanctilicari;
3208 984 3300 1054 qui
3336 997 3436 1038 no-

1865 1094 1994 1132 men
2050 1079 2175 1133 Filii
2221 1095 2345 1133 cum
2395 1079 2568 1134 servis
2615 1092 2908 1132 commune
2958 1075 3195 1142 faciunt;
3237 1073 3437 1145 quisic

1861 1165 2052 1221 dicunt
2079 1182 2204 1220 eum
2229 1166 2654 1237 primogenitum
2693 1175 2980 1231 creaturae,
3015 1179 3079 1220 ac
3103 1165 3150 1220 si
3180 1173 3324 1220 esset
3352 1165 3436 1221 si-

1861 1257 2067 1312 militer
2095 1256 2290 1321 factus,
2319 1273 2442 1312 cum
2478 1273 2586 1312 non
2617 1267 2784 1322 esset,
2817 1266 2874 1313 et
2901 1267 3158 1327 tanquam
3196 1257 3433 1326 primum

1862 1347 2293 1429 factuszet'non
2334 1351 2664 1403 conﬁtentur
2708 1349 3047 1420 unigenitum
3090 1347 3307 1412 Filium,
3337 1347 3437 1418 qui

1862 1441 2014 1497 solus
2059 1443 2131 1497 sit
2176 1441 2321 1496 Patri
2352 1439 2543 1504 Filius,
2570 1441 2664 1510 qui
2694 1441 2843 1495 dedit
2883 1441 3150 1510 seipsum,
3178 1447 3240 1494 ut
3263 1454 3438 1493 annu-

1861 1543 2168 1588 meraretur
2209 1532 2552 1593 mortalibus,
2599 1541 2762 1601 atque
2797 1533 2871 1586 ita
2921 1541 3068 1586 esset
3115 1538 3440 1584 numeratus

1861 1624 2255 1695 primogenitns
2285 1642 2298 1678 :
2323 1623 2417 1694 qui
2445 1624 2848 1694 generationem
2896 1619 3016 1674 Filii
3041 1637 3105 1674 ex
3146 1620 3301 1675 Patre
3327 1619 3434 1676 hu-

1862 1731 2020 1771 mane
2056 1715 2512 1772 circumscribunt
2546 1715 2722 1784 spatio
2745 1713 3004 1788 demenso
3037 1729 3052 1777 ;
3084 1719 3138 1766 et
3169 1726 3275 1768 non
3300 1725 3434 1765 con-.-

1862 1813 2084 1869 ﬁtentnr
2115 1811 2587 1868 :evnmGenitoris
2633 1818 2688 1865 et
2749 1808 2930 1864 Geniti
2973 1807 3091 1863 sine
3129 1805 3396 1876 principio
3414 1821 3444 1870 ς,

1865 1906 1957 1976 qui
1990 1913 2102 1960 tres
2122 1903 2334 1968 latrias,
2367 1903 2419 1958 id
2451 1915 2553 1964 est,
2583 1902 2761 1958 cultus
2801 1900 2870 1955 ab
2907 1914 3012 1954 una
3044 1897 3436 1953 communione

1865 2007 2154 2066 separatos
2193 2004 2248 2050 et
2287 1995 2494 2050 alienos
2532 1993 2915 2058 introducunt;
2965 2007 3088 2046 cum
3134 1990 3206 2045 sit
3240 2005 3350 2045 una
3380 1994 3437 2044 et

1865 2091 1981 2144 sola
2025 2088 2265 2158 legitima
2305 2085 2518 2156 religio,
2549 2100 2713 2156 quam
2757 2099 2786 2139 a
2836 2083 3103 2154 principio
3127 2098 3195 2137 ex
3235 2081 3352 2154 lege
3379 2087 3436 2138 et

1863 2178 2145 2251 prophetis
2175 2186 2481 2247 acceptam,
2515 2185 2568 2230 et
2601 2192 2630 2230 a
2671 2174 2901 2229 Domino
2951 2174 3350 2238 conﬁrmatam,
3379 2179 3436 2228 et

1865 2287 1896 2326 a
1929 2271 2133 2325 sanctis
2161 2269 2423 2339 apostolis
2455 2268 2802 2339 praedicatam
2849 2266 3134 2321 habemus.
3166 2263 3286 2318 Non
3329 2263 3435 2320 mi-

1865 2379 1969 2418 nus
1998 2361 2160 2416 alieni
2193 2370 2342 2423 sunt,
2367 2361 2460 2431 qui
2490 2359 2810 2415 Trinitatem
2848 2375 2956 2413 non
2994 2357 3295 2413 secundum
3338 2372 3434 2413 ve-

1863 2459 2077 2512 ritatem
2107 2471 2172 2510 ex
2211 2454 2388 2509 tribus
2411 2453 2664 2508 Personis
2701 2451 3052 2516 confitentur,
3087 2450 3179 2504 sed
3224 2450 3277 2504 in
3311 2449 3434 2503 uni-

1865 2559 1977 2604 tate
2026 2548 2357 2618 triplicatam
2421 2545 2721 2600 secundum
2769 2543 3219 2613 compositionem
3271 2541 3436 2611 impie

1864 2644 2095 2711 ﬁngunt,
2125 2650 2179 2694 et
2202 2638 2522 2710 sapientiam
2558 2638 2613 2691 in
2646 2637 2757 2691 Deo
2787 2635 3105 2691 existimant
3140 2649 3262 2690 esse
3293 2636 3439 2692 sicut

1865 2733 1920 2787 in
1946 2732 2167 2787 homine
2197 2730 2522 2802 sapientiam
2561 2729 2880 2794 humanam,
2920 2742 3028 2798 qua
3067 2726 3285 2795 sapiens
3308 2731 3429 2790 est;

1863 2833 1916 2878 et
1945 2822 2184 2878 Verbum
2216 2821 2395 2878 simile
2441 2836 2564 2877 esse
2608 2821 3035 2890 interpretantur
3084 2817 3252 2872 verbo
3287 2815 3432 2886 quod

1864 2931 1959 2971 ore
2002 2915 2298 2986 profertur,
2341 2913 2426 2969 vel
2473 2921 2653 2970 mente
2693 2910 3020 2981 concipitur,
3066 2909 3215 2964 nulla
3262 2909 3434 2982 hypo-

1863 3006 2016 3062 stasi.

1935 3097 2316 3155 Ecclesiastica
2344 3111 2473 3152 vero
2513 3095 2789 3152 confessio
2814 3103 2870 3151 et
2901 3095 3105 3150 mundo
3148 3093 3429 3159 salutaris,

1863 3196 1948 3242 est
1975 3188 2108 3242 ﬁdes
2138 3188 2204 3242 de
2231 3188 2607 3243 incarnatione
2639 3186 2823 3253 Verbi,
2852 3188 2997 3258 quod
3020 3186 3241 3257 quidem
3282 3199 3428 3255 pne-

1861 3281 1980 3335 bnit
2014 3281 2256 3350 seipsum
2291 3281 2544 3336 humanae
2581 3282 2756 3347 carni,
2811 3296 2974 3351 quam
3015 3295 3084 3335 ex
3129 3277 3297 3334 Maria
3343 3294 3435 3336 as-

1860 3373 2094 3442 sumpsit
2129 3389 2358 3428 maucns
2405 3373 2547 3428 idem
2588 3373 2792 3443 ipsum,
2826 3373 3140 3442 nullamque
3187 3370 3430 3426 divinam

1862 3467 2222 3521 mutationem
2283 3481 2461 3536 neque
2511 3465 2869 3521 variationem
2907 3464 3232 3535 suscipiens,
3266 3478 3433 3532 copu-

1859 3559 2030 3614 latum
2067 3575 2192 3613 cum
2233 3573 2399 3621 carne
2446 3558 2515 3612 ad
2565 3557 2979 3613 similitudinem
3025 3557 3342 3620 humanam,
3375 3563 3434 3610 ut

1859 3666 1990 3706 caro
2023 3650 2258 3705 situnita
2284 3651 2577 3712 divinitati,
2605 3659 2856 3721 suscepta
2879 3666 2908 3706 a
2943 3649 3224 3705 divinitate
3271 3647 3434 3703 Verbi

1860 3743 2220 3813 passibilitate
2248 3743 2434 3798 carnis
2469 3743 2534 3796 ad
2567 3743 2901 3814 implendum
2930 3742 3270 3814 mysterium.
3301 3739 3437 3795 Post

1859 3838 2090 3892 deletam
2141 3851 2272 3891 vero
2311 3845 2539 3889 mortem
2591 3844 2853 3904 perpetua
2916 3833 3328 3904 impassibilitas
3375 3832 3432 3886 in

1860 3942 2049 3987 sancta
2073 3946 2260 3996 carne,
2290 3939 2344 3984 et
2382 3928 2768 3982 immortalitas
2803 3925 3166 3981 immutabilis
3202 3924 3430 3990 mansit,

1861 4031 2179 4093 recuperata
2217 4021 2271 4074 in
2314 4019 2514 4072 virtute
2565 4018 2864 4074 divinitatis
2894 4015 3296 4087 pulchritudine
3324 4015 3430 4071 hu-

1860 4130 2044 4179 mana,
2076 4127 2197 4183 quae
2237 4127 2267 4166 a
2315 4111 2587 4181 principio
2618 4110 2740 4174 fuit,
2768 4119 2823 4166 et
2855 4117 3111 4164 manante
3143 4108 3198 4162 in
3239 4121 3453 4165 omnes.

1859 4206 2129 4272 homines,
2155 4204 2485 4263 conciliante
2511 4218 2634 4259 eam
2669 4201 2795 4257 ﬁde.

1930 4391 1986 4447 Si
2019 4392 2112 4462 qui
2145 4404 2276 4444 vero
2329 4389 2493 4444 etiam
2541 4386 2631 4442 hic
2672 4401 2882 4441 sacram
2918 4384 3075 4440 ﬁdem
3111 4384 3445 4455 depravant,

1859 4481 2522 4555 srparatimattribuentes
2556 4481 2827 4536 divinitati
2866 4495 2989 4549 qua:
3024 4480 3262 4533 humana
3284 4483 3444 4542 sunt,

1790 4579 2238 4646 Dinerementa,
2289 4575 2614 4644 passiones,
2661 4573 3036 4629 accessionem
3089 4569 3274 4641 gloriae
3303 4576 3437 4623 :aut

1867 4676 2184 4739 separantes
2225 4683 2254 4720 a
2284 4667 2570 4722 divinitate
2596 4681 2818 4736 corpus,
2851 4663 2996 4733 quod
3034 4661 3353 4732 proﬁciebat
3379 4667 3450 4713 et-

1866 4763 2195 4832 patiebatnr,
2232 4769 2495 4827 tanquam
2541 4774 2635 4828 per
2670 4773 2728 4812 se
2759 4756 3077 4820 exsisteret;
3118 4753 3174 4809 hi
3216 4765 3442 4822 quoque

1863 4863 2018 4909 extra
2091 4851 2496 4912 confessionem
2552 4847 2978 4904 ecclesiasticam
3029 4854 3086 4900 et
3139 4844 3434 4900 salutarem

1862 4953 2009 5000 sunt.
2065 4942 2238 4997 Nemo
2293 4942 2461 5010 igitur
2505 4949 2682 5010 potest
2739 4953 3070 5008 cognoscere
3098 4936 3289 4999 Deum,
3326 4934 3434 4989 nisi

1863 5037 2061 5090 Filium
2112 5043 2392 5106 agnoscat.
2447 5031 2724 5101 Sapientia
2781 5030 2924 5084 enim
2978 5039 3063 5084 est
3107 5028 3301 5092 Filius,
3325 5042 3451 5097 qua.

1863 5131 2046 5186 omnia
2091 5137 2271 5183 creata
2324 5134 2472 5180 sunt.
2525 5124 2808 5179 Creaturze
2871 5131 3050 5176 autem
3110 5121 3432 5190 sapientiam

1861 5221 2161 5285 declarant,
2190 5227 2244 5272 et
2292 5217 2431 5270 Deus
2472 5215 2525 5269 in
2571 5214 2836 5283 sapientia
2878 5215 3146 5271 noscitur.
3189 5211 3308 5282 Non
3345 5221 3432 5269 est

1861 5321 2043 5367 autem
2081 5309 2347 5380 sapientia
2377 5307 2492 5372 Dei,
2526 5307 2742 5376 qualem
2773 5307 2938 5362 homo
2969 5307 3160 5374 habet;
3187 5305 3282 5361 sed
3310 5321 3437 5376 per.-

1861 5404 2023 5467 l‘eeta,
2056 5418 2177 5472 quae
2210 5416 2276 5456 ex
2310 5397 2550 5469 perfecto
2593 5397 2704 5451 Deo
2746 5399 2932 5465 exivit,
2973 5407 3029 5452 et
3075 5413 3288 5467 semper
3318 5411 3442 5451 ωας

1862 5508 1984 5563 net;
2015 5511 2124 5550 non
2171 5502 2230 5548 ut
2276 5493 2426 5547 notio
2474 5492 2737 5557 hominis,
2772 5507 2893 5561 quae
2928 5490 3187 5559 praeterit,
3225 5501 3278 5544 et
3311 5504 3408 5545 ver

1862 5590 1992 5643 bum
2020 5587 2162 5657 quod
2191 5585 2490 5655 loquimur,
2523 5593 2578 5638 et
2601 5599 2708 5638 non
2745 5591 2848 5638 est.
2876 5581 3084 5638 Idcirco
3113 5580 3434 5639 nonsolum

1864 5693 1948 5739 est
1971 5682 2258 5752 sapientia,
2294 5681 2386 5735 sed
2416 5679 2595 5746 Deus;
2635 5692 2810 5748 neque
2854 5677 3032 5731 solum
3060 5685 3142 5731 est
3175 5673 3435 5740 Verbum,

1861 5778 1954 5831 sed
1998 5777 2186 5831 Filius.
2225 5775 2350 5829 Sive
2391 5775 2516 5845 quis
2562 5773 2728 5842 igitur
2767 5787 2835 5825 ex
2879 5779 3129 5826 creatura
3179 5768 3444 5839 intelligit-

1863 5867 2055 5934 Deum,
2085 5868 2198 5924 sive
2226 5883 2293 5922 ex
2332 5864 2633 5936 Scripturis
2661 5863 2906 5929 docetur,
2939 5877 3045 5918 non
3073 5862 3189 5917 sine
3211 5859 3426 5936 sapien-
