3876 6498
163 413 303 469 1109

1411 418 1593 472 ΚΑΤΑ
1629 420 1856 471 ΜΕΡΟΣ
1890 420 2131 471 ΠΙΣΤΙΣ.

3266 417 3403 471 illi)

154 529 381 603 χωρίζει
425 530 561 583 κατὰ
616 530 809 583 ταυτὸν
842 530 943 601 τῆς
974 531 1081 584 ἀπὸ
1115 531 1205 585 τοῦ
1240 534 1449 602 Πατρὺς
1498 535 1730 608 συναριθ·

1849 546 2066 606 separat
2092 536 2283 590 Filium
2300 546 2361 591 et
2390 535 2647 605 Spiritum
2678 542 2923 589 sanctum
2974 534 3042 588 ab
3080 549 3406 589 annumera-

158 622 381 692 μησεως
420 622 509 674 τὸν
544 621 670 688 Υἱὸν
718 622 813 675 καὶ
858 622 917 673 τὸ
961 622 1219 693 Πνεῦμα’
1280 626 1359 677 δεῖ
1401 624 1507 694 γὰρ
1552 626 1737 698 ὥσπερ

158 711 295 781 μίαν
319 711 417 781 τὴν
439 712 594 791 δόξαν
627 712 1017 782 ὁμολογοῦμεν,
1054 712 1225 777 οὕτως
1251 716 1344 767 καὶ
1374 716 1500 784 μίαν
1529 717 1625 787 τὴν
1656 720 1739 770 οὑ-

156 803 282 856 σίαν
334 804 452 873 ἦτοι
506 804 753 875 θεότητα,
815 805 907 858 καὶ
960 804 1087 875 μίαν
1135 806 1234 878 τὴν
1277 807 1579 879 ἁειδιότητα
1640 810 1738 879 τῆς

154 895 391 965 Τριάδος
416 895 716 966 ὁμολογεῖν.

229 989 534 1058 Κεφάλαιον
570 990 625 1043 δὲ
673 990 769 1061 τῆς
821 991 1095 1062 σωτηρίας
1144 992 1315 1064 ἡμῶν,
1354 995 1387 1065 ἡ
1439 992 1527 1055 τοῦ
1562 993 1734 1061 Λόγου

158 1079 457 1150 σάρκωσις·
478 1080 799 1151 πιστεύομεν
825 1079 937 1149 οῦν,
983 1084 1611 1157 ἀναλλοιὼτουμενοῦσης
1636 1085 1735 1154 τῆς

157 1172 414 1241 θεότητος
448 1172 541 1242 τὴν
576 1173 849 1243 σάρκωσιν
884 1175 974 1228 τοῦ
1020 1177 1195 1243 Λόγου
1238 1177 1562 1247 γεγενῆσθαι
1601 1178 1735 1247 πρὸς

154 1263 523 1317 ἁνακαίνωσιν
555 1263 653 1332 τῆς
708 1264 1151 1336 άνθρωπότητος·
1202 1266 1323 1319 οῦτε
1357 1268 1463 1338 γὰρ
1496 1266 1732 1332 άλλαξις,

154 1354 284 1407 οῦτε
322 1355 693 1426 μετακίνησις,
731 1354 851 1407 οὔτε
886 1356 1269 1427 περικλεισμὸς
1303 1359 1360 1409 ὲν
1398 1344 1622 1427 νεύματι
1644 1358 1736 1426 γέ-

154 1465 317 1515 γονεν
356 1447 481 1519 περὶ
520 1448 617 1518 τὴν
655 1447 815 1516 ἁγίαν
858 1447 950 1500 τοῦ
977 1448 1111 1501 Θεοῦ
1145 1449 1392 1519 δύναμιν,
1419 1449 1531 1501 ἀλλ’
1574 1451 1606 1520 ἡ
1640 1450 1736 1502 αὐ-

151 1540 222 1609 τὴ
257 1539 604 1609 διαμένουσα,
661 1541 754 1593 καὶ
785 1540 845 1592 τὸ
876 1541 975 1610 τῆς
1008 1541 1332 1613 σαρκώσεως
1366 1542 1520 1613 ἔργον
1566 1542 1733 1613 ἐπλή-

157 1648 334 1701 ρωσεν
373 1633 451 1693 είς
481 1632 578 1701 τὴν
606 1631 695 1700 τοῦ
721 1632 926 1702 κόσμου
956 1634 1248 1703 σωτηρίαν,
1286 1635 1375 1686 καὶ
1398 1633 1535 1697 κατὰ
1563 1633 1621 1685 τὸ
1648 1634 1737 1685 ἀν-

154 1720 427 1792 θρώπινον
442 1724 530 1775 ἐπὶ
546 1722 647 1792 γῆς
662 1723 1111 1795 πολιτευσάμενος
1125 1726 1152 1776 ὁ
1170 1724 1259 1777 τοῦ
1285 1725 1416 1777 Θεοῦ
1444 1725 1615 1793 Λόγος
1636 1725 1733 1796 τὴν

154 1813 346 1883 θεῐκὴν
386 1816 477 1866 ἐπὶ
498 1804 675 1868 πάντα
694 1816 993 1887 παρουσίαν
1018 1816 1216 1887 ὁμοίως
1228 1816 1544 1886 διεφύλαξεν
1558 1819 1731 1871 πάντα

1841 629 1989 683 tione
2009 628 2204 705 Patris.
2234 627 2617 697 Oporteteuim
2651 627 2792 681 sicut
2814 642 2976 680 unam
3005 627 3232 697 gloriam
3268 642 3399 681 con-

1836 721 2073 789 ﬁtemur,
2129 723 2208 776 sic
2258 738 2421 775 unam
2478 720 2856 782 substantiam,
2908 720 3116 775 scilicet
3149 718 3403 772 divinita—

1844 822 1977 880 tem,
2008 825 2062 869 et
2105 828 2267 867 unam
2300 812 2778 883 sempiternitatem
2818 810 3097 865 Trinitatis
3131 809 3397 865 conﬁteri.
3440 850 3445 863 .

1907 997 2079 1067 Caput
2097 1012 2223 1052 vero
2237 998 2426 1053 salutis
2438 1006 2655 1061 nostra),
2680 993 2977 1050 inearnatio
2993 992 3150 1048 Verbi
3165 990 3415 1047 est.Cre-‘

1835 1089 2017 1144 dimus
2055 1089 2238 1158 igitur,
2274 1096 2520 1143 manente
2550 1083 2869 1143 immutabili
2895 1083 3175 1137 divinitate
3203 1080 3397 1133 factam

1834 1196 1955 1236 csse
1976 1181 2133 1234 Verbi
2161 1180 2606 1249 incarnationem,
2628 1178 2691 1231 ad
2712 1175 3113 1249 renovationem
3145 1172 3401 1226 humaui-

1834 1273 1979 1327 tatis.
2004 1270 2113 1326 Nec
2134 1272 2277 1325 enim
2298 1271 2541 1333 mutatio,
2563 1285 2735 1339 neque
2759 1266 3101 1332 trausmotio,
3120 1280 3292 1334 neque
3316 1264 3400 1316 in-

1835 1363 2007 1440 clusio
2034 1362 2087 1414 in
2112 1371 2259 1415 motu
2293 1377 2354 1416 ac
2384 1362 2657 1415 voluntate
2688 1359 2827 1413 facta
2856 1366 2938 1411 est
2973 1356 3116 1411 circa
3156 1364 3400 1410 sanctam

1834 1453 1928 1507 Dei
1950 1454 2239 1518 virtutem;
2271 1453 2361 1508 sed
2392 1452 2577 1508 eadem
2606 1466 2952 1521 permanens,
2987 1464 3125 1518 opus
3152 1448 3403 1502 incarna-

1834 1544 1998 1598 tionis
2026 1545 2089 1599 ad
2112 1546 2340 1599 salutem
2367 1544 2553 1598 mundi
2580 1543 2854 1612 implevit;
2892 1554 2945 1597 et
2968 1541 3199 1596 Verbum
3220 1540 3314 1594 Dei
3344 1541 3398 1592 in

1834 1646 2003 1705 terra,
2030 1638 2327 1693 secundum
2364 1622 3133 1697 humanitatem.Conversans,
3159 1633 3395 1687 divinam

1834 1729 2175 1798 praesentiam
2214 1728 2462 1783 similiter
2489 1727 2738 1790 retinuit,
2790 1726 2973 1779 omnia
3006 1725 3257 1794 implens,
3288 1723 3399 1777 siu-

1836 1820 2099 1890 gulariter
2142 1820 2293 1875 carni
2340 1820 2593 1886 unitum;
2623 1827 2677 1873 et
2707 1818 3055 1887 passionibus
3109 1816 3253 1871 circa
3279 1832 3411 1869 (ξιιμ.

152 1905 555 1977 πεπληρωκὼς,
578 1908 720 1971 ίδίως
737 1926 793 1961 τε
817 1908 981 1980 σαρκὶ
1002 1910 1447 1982 συγκεκραμένος
1470 1926 1482 1939 ·
1514 1910 1730 1963 καὶτῶν

1837 1927 1958 1965 nem
1992 1911 2172 1977 factis,
2206 1911 2389 1967 divina
2418 1911 2592 1966 virtus
2622 1926 2779 1964 suam
2824 1910 3056 1964 habebat
3080 1909 3389 1978 impassibi-

150 1998 299 2068 περὶ¹⁴
321 1999 498 2064 σάρκα
526 1998 710 2052 παθῶν
744 2000 1061 2070 γινομένων,
1089 2000 1184 2071 τὴν
1220 2000 1486 2055 ἀπάθειαν
1514 2002 1547 2070 ἡ
1580 2000 1735 2054 δύνα-

152 2107 250 2159 μις
273 2086 416 2160 εἶχεν
450 2090 546 2162 τὴν
572 2090 767 2159 ἑαυτῆς
792 2108 805 2121 ·
846 2091 1048 2161 ἀσεϐὴς
1075 2088 1166 2146 οὖν
1185 2095 1213 2148 ὁ
1233 2092 1293 2145 τὸ
1326 2091 1495 2155 πάθος
1520 2092 1735 2160 ἀνάγων

147 2184 233 2245 είς
266 2182 367 2253 τὴν
400 2182 624 2253 δύναμιν
644 2201 656 2214 ·
694 2186 721 2238 ὁ
754 2183 861 2255 γὰρ
906 2184 1001 2255 τῆς
1026 2184 1185 2253 δόξης
1211 2183 1414 2255 Κύριος
1443 2184 1501 2237 ὲν
1528 2183 1739 2254 ἀνθρωε

146 2275 307 2345 πίνῳ.
335 2276 576 2346 σχήματι
622 2274 831 2346 πέφηνε
877 2274 973 2345 τὴν
1032 2275 1378 2347 ἀνθρωπίνην
1426 2274 1734 2345 οἰκονομίαν

146 2366 548 2436 ἀναδεξάμενος
582 2367 673 2419 ἐπὶ
700 2367 803 2436 γῆς
823 2383 835 2396 ’
874 2367 967 2423 καὶ
999 2370 1117 2430 ταῖς
1147 2366 1244 2437 μὲν
1274 2364 1504 2437 πράξεσι
1528 2366 1618 2418 τὸν
1648 2366 1726 2419 νόο

148 2475 256 2527 μον
303 2456 597 2529 πληρώσας
644 2458 782 2527 ὑπὲρ
828 2458 1147 2530 ἀνθρώπων,
1195 2460 1306 2519 τοῖς
1342 2457 1399 2510 δὲ
1440 2458 1635 2527 πάθεσι
1664 2456 1731 2511 τὰ

146 2548 455 2619 παθήματα
495 2547 769 2613 διαλύσας,
824 2552 917 2604 καὶ
973 2550 1049 2621 τῷ
1098 2550 1309 2619 θανάτῳ
1365 2549 1453 2602 τὸν
1506 2548 1729 2603 θάνατον

144 2640 382 2706 ἀνελὼν,
415 2643 481 2712 τῇ
504 2640 562 2693 δὲ
586 2641 877 2696 ἀναστάσει
906 2641 1001 2713 τὴν
1031 2641 1173 2712 ζωὴν
1194 2640 1478 2705 ἀνατείλας
1498 2658 1513 2679 ι
1550 2636 1611 2696 οῦ
1636 2640 1731 2695 καὶ

146 2733 257 2803 τὴν
274 2732 576 2802 παρουσίαν
599 2730 804 2798 ἔνδοξον
828 2733 919 2785 ἀπ’
944 2731 1172 2804 οὐρανοῦ
1214 2731 1599 2803 προσδοκῶμεν
1632 2732 1731 2785 ἐπὶ

145 2828 219 2896 τῇ
255 2825 363 2878 τῶν
408 2824 543 2879 ὅλων
586 2824 697 2897 ζωῇ
732 2825 827 2878 καὶ
863 2824 1072 2897 κρίσει,
1131 2826 1474 2889 ἀναστάσεως
1524 2823 1731 2896 νεκρῶν

143 2916 439 2989 ἐσομένης,
482 2918 562 2981 είς
610 2917 671 2971 τὸ
715 2918 877 2972 πᾶσιν
926 2916 1349 2987 άπαποδοθῆναι
1394 2918 1513 2970 κατ’
1547 2916 1724 2982 ἀξίαν.

1836 2004 2061 2058 litatem.
2098 2002 2301 2073 Impius
2322 2019 2452 2074 ergo
2470 2012 2575 2070 est,
2606 2004 2697 2073 qui
2729 2003 3038 2072 passionem
3067 2003 3117 2054 in
3142 2002 3395 2055 γὶιίιιιιιιη

1835 2096 2073 2151 divinam
2106 2096 2333 2151 reducit.
2361 2095 2633 2151 Dominus
2662 2096 2807 2149 enim
2835 2095 3018 2165 gloria!
3053 2095 3106 2147 in
3152 2095 3413 2147 humano.

1837 2182 2347 2258 liabitu‘apparuit;
2388 2197 2640 2257 suscepta
2672 2187 2976 2243 meonomia
3015 2188 3067 2240 iu
3126 2195 3267 2239 terra
3292 2185 3397 2256 (2),

1835 2280 1929 2350 qui
1948 2278 2202 2348 operibus
2230 2277 2445 2347 quidem
2464 2278 2633 2347 legem
2658 2291 2757 2346 pro
2783 2275 3095 2329 hominibus
3130 2274 3395 2343 implevit,

1834 2369 2184 2441 passionibus
2207 2384 2335 2423 vero
2360 2369 2644 2437 passiones
2673 2367 2940 2430 dissolvit,
2966 2374 3027 2421 et
3044 2377 3217 2421 morte
3244 2382 3394 2419 mor-
3434 2368 3441 2374 '

1836 2472 1945 2518 tem
1982 2460 2228 2526 sustulit;
2264 2459 2658 2515 resurrectione
2695 2474 2827 2513 vero
2862 2458 3028 2511 vitam
3063 2457 3199 2512 oriri
3220 2456 3392 2512 fecit:

1837 2551 1997 2622 cujus
2038 2551 2339 2623 gloriosum
2368 2566 2398 2605 e
2429 2551 2569 2606 creto
2600 2550 2891 2607 adventura
2922 2559 3301 2618 exspectamus
3328 2548 3397 2602 ad

1836 2645 2003 2699 vitam
2031 2643 2433 2706 universorum,
2461 2650 2515 2696 et
2533 2641 2825 2712 judicium,
2863 2656 2990 2695 cum
3032 2640 3214 2695 futura
3249 2655 3398 2695 mor-

1838 2745 2059 2792 tuorum
2110 2734 2535 2800 resurrectione,
2562 2730 2650 2789 ad.
2682 2732 3091 2791 retribuendum
3143 2733 3419 2791 omnibus-

1836 2842 1936 2897 pro
1964 2825 2229 2897 cujusque
2254 2823 2485 2887 meritis,

220 3010 403 3063 Δεινδν
424 3010 479 3064 δὲ
509 3010 785 3082 μελέτημα
809 3012 950 3074 τινὲς
976 3011 1115 3066 κατὰ
1144 3013 1239 3083 τῆς
1274 3012 1431 3080 ἁγίας
1462 3011 1727 3081 μελετῶσι

1904 3007 2235 3063 Sceleratum
2267 3022 2395 3071 vero
2424 3021 2564 3077 opus
2589 3005 2757 3075 aliqui
2785 3011 2974 3060 contra
2999 3013 3244 3060 sanctam
3272 3002 3401 3057 Tria

145 3100 404 3172 Τριάδος,
439 3102 488 3154 οἱ
508 3100 631 3173 τρία
658 3102 931 3173 Πρόσωπα
955 3102 1053 3155 οὐκ
1087 3098 1224 3157 εἶναι
1255 3102 1727 3175 διῖσχυριζόμενοι,

149 3194 347 3263 ὥσπερ
393 3193 759 3248 ἀνυπόστατον
813 3194 1122 3262 εἰσάγοντες
1180 3195 1499 3267 πρόσωπον·
1545 3195 1613 3248 δι’
1662 3191 1731 3268 ἧς

148 3282 538 3353 ἀποφεύγομεν
588 3281 679 3335 τὸν
724 3284 1007 3339 Σαϐέλλιον
1052 3283 1275 3353 λέγοντα
1302 3286 1391 3338 τὸν
1426 3285 1586 3339 αὐτὸν
1618 3287 1730 3340 Πα-

146 3376 321 3446 τέρα,
360 3375 451 3428 τὸν
494 3375 654 3428 αὐτὸν
692 3373 851 3439 Υίόν·
899 3376 1117 3449 Πατέρα
1149 3378 1245 3447 μὲν
1273 3379 1381 3450 γὰρ
1414 3379 1559 3449 λέγει
1593 3374 1729 3432 εῖναι

143 3467 240 3521 τὸν
273 3468 556 3529 λαλοῦντα,
579 3467 705 3522 Υίόν
725 3467 779 3521 δὲ
803 3467 893 3521 τὸν
927 3470 1099 3537 Λόγον
1125 3471 1184 3523 ὲν
1209 3470 1286 3540 τῷ
1303 3472 1475 3542 Πατρὶ
1501 3471 1730 3541 μένοντα

1832 3100 2058 3155 nitatem
2105 3098 2458 3164 meditantur,
2509 3098 2602 3167 qui
2644 3096 2913 3151 allirmant
2958 3110 3066 3150 non
3117 3109 3238 3150 esse
3283 3101 3401 3150 tres

1830 3188 2123 3254 Personas,
2148 3200 2208 3246 ut
2238 3188 2328 3258 qui
2354 3201 2646 3257 personam
2675 3202 2784 3239 non
2809 3183 3194 3247 subsistentem
3224 3182 3395 3237 intro-

1831 3283 2056 3339 ducunt.
2086 3280 2354 3348 Quocirca
2372 3280 2666 3337 Sabellium
2699 3277 2956 3347 fugimus,
2981 3276 3073 3346 qui
3097 3275 3225 3331 dicit
3246 3289 3395 3329 eum-

1831 3375 1954 3430 dem
1995 3388 2117 3431 esse
2157 3374 2371 3429 Patrem
2414 3382 2468 3428 et
2496 3371 2731 3429 Filium:
2768 3370 2981 3425 Patrem
3004 3368 3221 3439 quidem
3260 3369 3395 3423 dicit

1829 3483 1954 3539 eum
2005 3467 2097 3538 qui
2131 3466 2393 3535 loquitur,
2429 3464 2625 3518 Filium
2674 3478 2803 3519 vero
2844 3459 3080 3515 Verbum
3135 3460 3187 3513 in
3233 3459 3392 3514 Patre

146 3561 245 3613 καὶ
265 3559 409 3612 κατὰ
436 3557 623 3628 καιρὸν
651 3559 749 3627 τῆς
772 3558 1132 3629 δημιουργίας
1160 3561 1481 3631 φαινόμενον
1501 3578 1513 3590 ·
1542 3560 1729 3614 ἔπειτα

1837 3575 2079 3625 manens,
2108 3567 2161 3613 et
2184 3568 2424 3626 tempore
2450 3552 2745 3619 creationis
2772 3551 3121 3623 patefactum,
3150 3550 3391 3620 comple-

148 3652 293 3722 μετὰ
326 3650 425 3722 τὴν
466 3651 718 3704 ἁπάντων
758 3649 1037 3721 πλήρωσιν
1085 3651 1193 3705 τῶν
1240 3653 1601 3724 πραγμάτων,
1650 3656 1728 3717 είς

1837 3654 1901 3708 tis
1931 3667 2058 3707 vero
2084 3651 2249 3705 rebus
2274 3649 2325 3702 in
2359 3648 2525 3703 Deum
2552 3660 2820 3701 remeans.
2849 3643 2991 3701 Idem
3016 3643 3150 3707 dicit
3176 3643 3242 3697 de
3274 3642 3393 3711 Spi-

144 3741 285 3794 Θεὺν
336 3740 733 3812 ἀνατρέχονταο
774 3739 835 3793 τὸ
866 3741 995 3793 αὐτὸ
1038 3741 1093 3794 δὲ
1126 3743 1221 3795 καὶ
1267 3742 1514 3812 περὶτοῦ
1560 3744 1730 3797 Ilvati-

1837 3744 1936 3797 ritu
1960 3750 2168 3797 sancto.
2198 3739 2307 3794 Nos
2330 3739 2471 3795 enim
2496 3737 2769 3793 credimus
2791 3745 2901 3794 tres
2929 3735 3194 3790 Personas
3224 3749 3391 3789 unam

147 3848 324 3904 ματος
360 3831 527 3900 λέγει.
568 3832 899 3903 Πιστεύομεν
930 3834 1037 3905 γὰρ
1058 3836 1217 3903 ἡμεῖς
1247 3836 1326 3888 ὅτι
1368 3834 1488 3907 τρία
1516 3836 1730 3907 Πρόσω-

1837 3836 2088 3890 habentes
2114 3832 2447 3889 divinitatem
2481 3830 2741 3885 declarari
2773 3826 3084 3882 nominibus
3112 3827 3308 3891 Patris,
3335 3836 3392 3881 et

144 3942 225 3977 πα
259 3922 391 3994 μίαν
439 3923 625 3993 ἔχοντα
654 3923 751 3994 τὴν
791 3923 1020 3995 θεότητα
1065 3925 1366 3995 δηλοῦνται,
1413 3927 1597 3999 Πατὴρ
1636 3928 1728 3981 καὶ

1837 3924 1972 3988 Filii,
2007 3934 2060 3980 et
2089 3922 2557 3993 Spiritusisancti:
2589 3936 2697 3975 una
2728 3920 2993 3988 siquidem
3022 3918 3272 3973 divinitas
3299 3933 3390 3971 ua-

145 4015 277 4077 Υἱὸς
309 4014 403 4067 καὶ
438 4013 589 4082 ἆγιον
614 4016 838 4086 Πνεῦμα
860 4033 875 4047 ο
908 4019 940 4087 ἡ
980 4017 1084 4088 γάρ
1114 4016 1301 4088 θεότης
1333 4019 1449 4089 μία,
1486 4020 1727 4089 φυσικῶς

1837 4018 2077 4073 turaliter
2106 4017 2161 4070 in
2185 4014 2447 4075 Trinitate
2478 4022 2693 4075 testata,
2722 4012 2983 4066 unitatem
3016 4019 3225 4073 natura:
3257 4026 3389 4065 con-

142 4110 202 4159 ὲν
235 4104 431 4175 Τριάδι
480 4106 895 4177 μαρτυρουμένη
926 4147 939 4168 ,
984 4107 1085 4178 τὴν
1123 4108 1344 4178 ἑνότητα
1372 4110 1469 4179 τῆς
1516 4110 1728 4179 φύσεως

1837 4108 2025 4161 ﬁrmat.
2063 4105 2157 4160 Est
2189 4104 2332 4158 enim
2358 4103 2633 4174 proprium
2660 4100 3107 4171 quidemPatris,
3142 4100 3295 4167 juxta
3324 4100 3390 4152 il-

143 4196 388 4266 βεϐαιοίο
426 4198 506 4250 ὅτι
537 4214 644 4269 περ
675 4198 767 4251 καὶ
800 4199 928 4251 [διον
964 4200 1062 4269 μὲν
1091 4202 1302 4272 Πατρὸς
1332 4204 1471 4257 κατὰ
1503 4204 1582 4267 τὸ,
1624 4200 1728 4269 Εἷς

1837 4200 1918 4254 Iud
1949 4217 1962 4253 :
1992 4197 2135 4263 Unus
2174 4196 2310 4250 Deus
2350 4195 2579 4260 Pater‘;
2613 4194 2887 4264 proprium
2928 4208 3055 4247 vero
3092 4191 3235 4256 Filii,
3266 4208 3389 4246 esse

141 4288 293 4355 Θεὸς
320 4292 355 4342 ὁ
382 4288 582 4357 Πατήρ
604 4306 615 4319 ι
638 4288 898 4361 Πατρῷον
927 4290 983 4344 δὲ
1012 4290 1089 4361 τῷ
1118 4292 1255 4363 Υἱῷ,
1289 4293 1430 4363 κατὰ
1459 4293 1543 4357 τὸ,
1581 4294 1726 4359 Θεὸς

1837 4290 2064 4345 Verbum
2101 4289 2299 4354 Patris,
2342 4289 2495 4359 juxta
2532 4286 2663 4341 illud
2703 4306 2715 4341 :
2755 4285 2894 4339 Deus
2925 4294 3037 4339 erat
3087 4283 3384 4348 Verbum';

136 4378 223 4447 ἦν
243 4384 277 4434 ὀ
308 4382 522 4449 λόγος·
560 4380 654 4433 καὶ
684 4380 762 4451 τῷ
796 4381 1071 4452 Πνεῦματι
1099 4382 1153 4436 δὲ
1181 4384 1352 4455 παρὸν
1377 4384 1635 4453 φυσικῶς,
1668 4384 1728 4437 τὸ

1837 4394 1880 4436 et
1911 4381 2143 4450 Spiritus
2176 4380 2348 4434 sancti
2378 4379 2657 4447 proprium
2698 4385 2752 4431 et
2792 4377 3038 4435 naturale
3068 4391 3189 4431 esse
3218 4374 3390 4444 Spiri-

136 4468 378 4539 Πνεῦμα
407 4469 541 4521 Θεοῦ
570 4469 855 4540 ὑπάρχειν,
898 4472 1020 4527 καθ’
1045 4471 1073 4525 ὃ
1110 4473 1255 4540 λέγει
1287 4474 1525 4537 Παῦλος·
1564 4474 1724 4540 Ναόις

1837 4481 1940 4527 tum
1980 4470 2094 4534 Dei.
2144 4473 2283 4525 sicut
2313 4471 2387 4524 ait
2419 4468 2620 4525 Paulus
2652 4486 2663 4521 :
2698 4467 2966 4536 Templum
3010 4466 3106 4520 Dei
3147 4468 3294 4530 estis,
3336 4475 3388 4521 et

138 4562 298 4631 Θεοῦ
321 4562 483 4626 ἐστε,
513 4562 609 4615 καὶ
632 4563 697 4616 τὸ
722 4564 965 4633 Πνεῦμα
998 4564 1101 4618 τοῦ
1131 4564 1276 4627 Θεοῦ
1302 4565 1452 4619 οἰκεῖ
1471 4566 1539 4619 ἐν
1560 4565 1717 4635 ὑμῖν.

1837 4561 2062 4633 Spiritus
2095 4562 2191 4616 Dei
2220 4563 2421 4615 habitat
2446 4562 2499 4614 in
2530 4562 2670 4614 vobis
2695 4560 2731 4614 ³.

211 4653 514 4725 Πρόσωπον
574 4654 669 4724 μὲν
719 4654 829 4727 γάρ
881 4656 1131 4719 ἑκάστου,
1176 4655 1236 4709 τὸ
1272 4653 1410 4710 εἶναι
1454 4656 1583 4709 αὐτὸ
1630 4657 1724 4710 καὶ

1893 4651 2131 4707 Persona
2151 4652 2294 4705 enim
2319 4650 2747 4718 uniuscujusque
2791 4650 3166 4704 declaratesse
3183 4648 3395 4718 ipsum,

134 4744 447 4818 ὑφεστάναι
475 4745 648 4816 δηλοῖ·
687 4747 874 4817 θεότης
908 4748 965 4814 δὲ
1006 4749 1217 4820 Πατρὸς
1247 4749 1404 4818 ίδιον·
1442 4750 1534 4803 καὶ
1561 4748 1722 4800 ὁπότε

1837 4754 1877 4805 at
1894 4760 1988 4816 per
2000 4759 2060 4800 se
2077 4744 2357 4809 exsistere.
2380 4742 2645 4796 Divinitas
2666 4750 2844 4795 autem
2864 4740 3063 4805 Patris,
3082 4742 3395 4811 proprium,

134 4840 244 4910 μία
271 4838 384 4891 τῶν
404 4838 566 4909 τριῶν
589 4841 621 4909 ἡ
651 4838 841 4909 θεότης
872 4839 1098 4907 λέγοιτο,
1133 4840 1230 4910 τὴν
1254 4840 1462 4910 Πατρὸς
1486 4839 1720 4910 ἰδιότητα

1837 4847 1879 4891 et
1906 4834 2125 4907 quando
2152 4850 2259 4899 una
2286 4834 2544 4888 divinitas
2566 4834 2730 4887 trium
2759 4833 2978 4896 dicitur,
3010 4832 3385 4899 testimonium

129 4931 433 5003 παροῦσαν
478 4929 590 4999 Υἱῷ
619 4947 679 4982 τε
715 4931 807 4983 καί
844 4931 1119 5002 Πνεύματι
1151 4934 1447 5002 μαρτυρεῖ·
1496 4931 1633 4984 ὥστε
1671 4935 1722 4985 εἰ

1837 4928 2005 4994 ﬂatur,
2047 4940 2166 4982 esse
2201 4926 2585 4998 pr0prietatem
2632 4922 2809 4979 Patris
2842 4924 2896 4979 in
2928 4923 3067 4991 Filio
3095 4933 3150 4982 et
3178 4924 3385 4993 Spiritu

132 5025 241 5095 μὲν
274 5023 335 5074 ὲν
357 5022 504 5091 τρισὶ
529 5019 846 5094 Προσώπως
872 5022 969 5093 μία
1011 5022 1303 5094 ῥηθήσεται
1327 5024 1359 5094 ἡ
1399 5022 1603 5093 θεότης,
1627 5026 1719 5078 καὶ

1837 5020 2127 5090 sanctoCi).
2157 5017 2400 5083 Quaresi
2427 5032 2533 5080 una
2565 5015 2902 5071 divinitasvin
2933 5015 3106 5071 tribus
3130 5015 3385 5071 Personis

131 5118 167 5185 ἠ
198 5111 383 5184 Τριὰς
407 5110 803 5165 διαϐεϐαιοῦται
835 5112 925 5166 καὶ
954 5113 1014 5165 τὸ
1047 5112 1103 5165 ἓν
1142 5113 1201 5165 οὐ
1231 5112 1598 5175 διακόπτεται,
1629 5114 1719 5168 καί¹

1837 5113 2043 5179 iicitur,
2069 5110 2307 5164 Trinitas
2327 5109 2643 5172 afﬁrmatur,
2673 5118 2726 5163 et
2748 5109 2929 5163 unitas
2952 5123 3057 5162 non
3082 5107 3382 5173 scinditur;

130 5208 166 5275 η
212 5203 359 5275 πρὸς
393 5202 483 5254 τὸν
514 5202 730 5274 Πατέρα
772 5203 974 5275 φυσικὴ
1007 5202 1136 5255 Υίοῦ
1168 5220 1227 5255 τε
1271 5204 1363 5257 καὶ
1407 5204 1720 5274 Πνεύματος

1837 5213 1877 5265 at
1907 5204 2091 5258 unitas
2122 5202 2385 5263 naturalis
2417 5202 2539 5255 Filii
2563 5209 2616 5257 et
2644 5199 2882 5271 Spiritus
2917 5200 3092 5255 sancti
3123 5215 3247 5254 cum
3274 5198 3381 5252 Pa-

130 5295 337 5365 ἑνότης
362 5293 702 5364 ὁμολογεῖται
726 5313 740 5325 ο
770 5296 816 5347 εί
839 5294 896 5347 δὲ
924 5296 1016 5348 καὶ
1041 5295 1336 5366 Πρόσωπον
1357 5297 1415 5347 ἓν
1442 5294 1586 5363 λέγει
1616 5312 1716 5358 τις,

1837 5306 1903 5354 Lre
1936 5295 2281 5366 praedicatur.
2318 5294 2377 5353 Si
2396 5294 2521 5364 quis
2550 5309 2679 5349 vero
2707 5292 2853 5349 dicat
2876 5306 3037 5347 unam
3065 5290 3382 5355 Personam,

211 5494 229 5524 ¹
268 5492 291 5547 Ι
322 5490 452 5548 Cor.
480 5495 687 5564 vru,.6.
766 5498 787 5527 ’
814 5495 971 5553 Joan.
1005 5515 1043 5565 ι,
1086 5500 1131 5554 Ι.
1210 5500 1229 5530 ³
1263 5499 1280 5553 l
1316 5500 1443 5555 Cor.
1479 5517 1560 5567 ιιι,
1593 5500 1675 5555 16.

208 5671 708 5747 (εὶμΕοοηοιῃίιιιη
754 5672 842 5727 bie
881 5682 1037 5747 vocat
1068 5684 1239 5747 totum
1281 5689 1418 5744 opus
1456 5684 1509 5729 et
1555 5690 1713 5747 uego-

158 5745 169 5755 .
208 5671 708 5755 t2)tEcommiarn
754 5672 842 5755 bie
881 5682 1239 5755 vocattotum
1281 5689 1418 5744 opus
1456 5684 1509 5729 et
1555 5690 1713 5747 ucgo-
1890 5675 1971 5755 (3)
2017 5674 2400 5755 Proprietatcm
2447 5674 2646 5755 Patris,
2696 5681 2851 5755 vocat
2885 5671 3221 5733 divinitatem

131 5745 278 5808 tium
316 5744 707 5800 incarnationis
737 5744 1185 5829 etrcdemptiouis
1214 5761 1306 5816 per
1338 5760 1580 5809 carnem.
1628 5744 1639 5747 ⁷
1821 5744 1991 5817 priam
2034 5745 2229 5813 Patris,
2256 5757 2312 5801 ut
2344 5747 2503 5815 paulo
2539 5754 2662 5801 ante
2687 5744 2888 5803 dictum
2914 5751 3014 5798 est.
3256 5744 3268 5751 "

1821 5743 1991 5817 priaui
2034 5745 2229 5813 Patris,
2256 5757 2312 5801 ut
2344 5747 2503 5815 paulo
2539 5754 2662 5801 ante
2687 5743 2888 5803 dictum
2914 5751 3014 5798 est.
