3876 6528
440 384 574 444 Hil

1073 381 1130 434 S.
1171 378 1500 435 GREGORll
1541 378 1899 434 TllAUMAT.
1938 376 2088 433 OPP.
2130 377 2308 432 PARS
2340 378 2635 433 ALTERA.
2674 408 2742 419 —
2773 377 2998 434 DUBIA.

3537 377 3673 435 illi

439 503 578 554 sicut
610 513 771 552 unam
805 496 1166 560 divinitatem,
1208 513 1318 552 non
1362 507 1488 552 sunt
1517 507 1772 566 tanquam
1807 512 1998 560 unum,

2108 495 2290 567 ὥσπερ
2321 498 2414 550 καὶ
2434 495 2531 566 τὴν
2561 495 2788 566 θεότητα
2823 493 2952 565 μίαν
2970 535 2984 560 ,
3009 495 3110 550 οὐκ
3139 494 3282 548 ἔστιν
3301 494 3379 557 ὡς
3403 493 3462 546 ἐν
3490 494 3559 547 τὰ
3583 497 3673 549 δύο

437 593 549 645 duo
588 591 640 643 in
683 603 810 643 uno.
844 586 1044 642 Paulus
1075 588 1219 641 enim
1253 603 1420 642 unum
1462 589 1678 658 quidem
1719 587 2002 660 divinitate

436 681 650 737 Patrem
695 681 913 746 clamat,
954 695 1121 734 unum
1155 694 1282 734 vero
1317 681 1369 733 in
1401 679 1770 734 dominatione
1803 678 1999 732 Filium

436 773 613 827 dicit:
647 769 792 824 Unas
831 771 971 826 Deus
1021 769 1188 826 Pater
1230 787 1295 825 ea:
1337 787 1438 846 quo
1491 772 1689 836 omnia,
1736 778 1786 825 et
1825 787 1916 823 nos
1945 771 1999 844 in

433 864 640 926 ipsum;
679 872 729 917 et
770 878 905 916 unus
949 861 1204 916 Dominus
1237 862 1392 916 Jesus
1435 861 1695 929 Christus,
1739 880 1829 932 per
1850 879 2001 933 quem

433 956 634 1020 omnia,
686 966 736 1011 et
774 972 868 1010 nos
905 970 998 1024 per
1042 956 1213 1024 ipsum
1233 954 1274 1008 ⁸.
1319 954 1486 1024 Igitur
1530 955 1576 1010 si
1608 971 1750 1010 unus
1782 956 2000 1024 quidem

436 1045 599 1109 Deus,
651 1046 918 1102 Dominus
974 1063 1104 1103 vero
1153 1062 1331 1110 unus,
1384 1062 1492 1104 una
1534 1056 1713 1100 autem
1740 1045 2000 1114 Persona,

434 1140 578 1192 sicut
606 1138 884 1202 divinitas,
916 1138 1080 1194 unius
1119 1138 1538 1203 dominationis;
1573 1138 1848 1208 quomodo
1883 1156 2002 1194 cre-

435 1231 582 1283 ditur
610 1229 766 1295 illud,
789 1244 853 1283 ea:
879 1245 1001 1300 quo,
1026 1238 1079 1284 et
1111 1246 1202 1300 per
1235 1245 1408 1300 quem,
1449 1229 1590 1283 sicut
1614 1230 1764 1298 prius
1792 1230 1998 1284 dictum

435 1321 553 1376 est?
586 1321 655 1375 At
683 1338 786 1376 nos
817 1322 1154 1376 divinitatem
1179 1322 1413 1376 dicimus
1444 1337 1552 1375 non
1591 1330 1905 1391 separantes
1933 1321 2001 1376 ab

435 1426 496 1465 ca
524 1411 972 1478 dominationem,
1006 1427 1108 1468 nec
1131 1412 1362 1466 alterum
1393 1411 1460 1464 ab
1486 1411 1654 1465 altero
1679 1409 1999 1474 aiienantes,

436 1501 531 1558 sed
563 1503 644 1558 sic
665 1503 1044 1574 intelligentes,
1073 1512 1133 1557 ut
1164 1518 1252 1557 res
1275 1502 1437 1556 habet
1457 1511 1510 1556 et
1533 1503 1732 1558 veritas
1765 1521 1777 1557 :
1805 1503 2000 1557 Filium

436 1591 657 1662 quidem
690 1609 950 1649 vocamus
979 1593 1148 1648 Deum
1192 1594 1520 1663 proprietate
1545 1593 1724 1649 Patris
1751 1594 1852 1664 (4),
1883 1606 2002 1649 tan-

436 1699 599 1753 quam
651 1685 945 1756 imaginem
995 1694 1050 1740 et
1100 1701 1354 1755 germen;
1408 1685 1622 1741 Patrem
1656 1702 1787 1742 vero
1818 1687 2002 1741 Domi-

438 1791 591 1840 num,
641 1777 861 1831 nomine
900 1777 1062 1835 unius
1102 1777 1314 1832 Domini
1348 1779 1700 1849 appellamus,
1740 1789 1999 1854 tanquam

439 1864 606 1932 hujus
637 1865 962 1935 principium
997 1876 1049 1920 et
1075 1866 1394 1936 genitorem.

509 1998 708 2054 Eadem
737 2010 917 2074 autem
942 2010 996 2058 et
1019 2002 1086 2057 de
1116 2001 1320 2072 Spiritu
1349 2015 1540 2060 sancto
1575 2006 1839 2062 unitatem
1877 2023 2002 2064 cum

435 2092 576 2147 Filio
607 2092 856 2156 habente,
885 2110 1046 2164 quam
1072 2097 1241 2154 Filius
1265 2098 1568 2153 habetcum
1590 2099 1768 2154 Patre.
1800 2099 2006 2167 Quam-

434 2187 625 2242 obrem
688 2199 945 2243 noscatur
995 2191 1306 2260 hypostasis
1369 2191 1583 2257 Patris,
1645 2195 2004 2263 appellatione

437 2275 564 2336 Dei;
597 2293 666 2333 ns
691 2289 971 2348 separetur
999 2280 1068 2334 ab
1094 2280 1195 2343 hac
1227 2283 1586 2352 appellatione
1611 2282 1802 2349 Filius,
1827 2296 1885 2339 ut
1908 2286 2003 2354 qui

432 2385 498 2423 ex
542 2369 649 2437 Deo
679 2381 781 2425 est.
823 2369 1092 2436 Nascatur
1119 2375 1282 2427 etiam
1314 2374 1550 2430 Persona
1584 2375 1735 2441 Filii,
1766 2379 2004 2447 appella-

436 2460 581 2531 tione
627 2459 875 2527 Domini;
916 2479 984 2518 ne
1027 2473 1308 2533 separetur
1340 2466 1408 2521 ab
1447 2467 1548 2521 hac
1580 2466 1742 2532 Deus,
1780 2467 1874 2536 qui
1907 2467 2006 2522 Do«

437 2553 618 2626 minus
640 2564 726 2610 est
755 2566 816 2610 ut
849 2555 1004 2611 Pater
1030 2555 1245 2612 Domini
1281 2577 1294 2612 :
1326 2560 1468 2613 sicut
1496 2558 1619 2614 Filii
1642 2561 1858 2629 quidem
1879 2575 2006 2629 pro-

436 2647 618 2716 prium,
655 2656 740 2702 est
779 2647 1084 2712 dominari;
1134 2651 1227 2718 qui
1282 2665 1376 2719 per
1427 2653 1664 2720 seipsum
1697 2653 1918 2719 creavit,
1953 2663 2007 2707 et

435 2740 1022 2807 crcatisdominatur;
1075 2741 1220 2797 Patri
1255 2759 1385 2799 vero
1429 2746 1582 2813 prius
1626 2746 1767 2800 inest
1816 2747 1918 2800 hoc
1949 2757 2008 2801 ut

435 2833 585 2888 Patri
620 2834 990 2891 dominantis:
1023 2836 1108 2892 sic
1137 2837 1457 2898 Trinitatem
1487 2855 1654 2893 unum
1678 2839 1846 2894 Deum
1872 2839 2008 2894 dici-

438 2944 583 2999 mus,
612 2937 666 2983 et
693 2944 801 2983 non
829 2938 1085 2999 tanquam
1117 2947 1186 2986 ex
1216 2932 1609 3001 compositione
1641 2933 1802 2986 trium
1835 2949 2004 2987 unum

435 3019 630 3090 damus
666 3038 679 3073 :
720 3033 883 3076 omne
919 3023 1062 3076 enim
1110 3025 1258 3094 quod
1305 3040 1430 3094 pars
1471 3033 1575 3088 est,
1628 3023 2004 3094 imperfectum

435 3110 695 3178 mi.un
727 3127 794 3166 ex
826 3113 1216 3182 compositione
1248 3115 1522 3180 subsistit;
1544 3115 1790 3185 sedquod
1811 3115 2004 3170 estPa-

2104 589 2161 640 ὲν
2190 587 2268 657 τῷ
2299 589 2409 640 ἐνί·
2447 587 2475 638 6
2511 586 2618 657 γὰρ
2651 587 2860 650 Παῦλος
2899 587 2994 639 ἕνα
3027 586 3122 656 μὲν
3161 585 3252 637 ἐπὶ
3287 585 3384 655 τῆς
3422 583 3673 655 θεότητος

2102 679 2191 732 τὸν
2220 679 2436 750 Πατέρα
2591 719 2606 743 ,
2636 679 2730 731 ἕνα
2753 679 2810 732 δὲ
2839 679 2930 731 ἐπὶ
2953 680 3050 749 τῆς
3078 678 3396 749 κυριότητος
3427 677 3520 731 τὸν
3551 678 3673 730 Υἰὸν

2100 773 2286 842 λέγει·
2338 768 2443 839 Εἷς
2476 773 2618 838 Θεὸς
2659 775 2692 826 ό
2723 771 2924 840 Πατὴρ
2965 772 3034 836 ἐξ
3066 767 3137 827 οὗ
3183 769 3256 824 τὰ
3306 767 3526 837 πάντα,
3578 771 3674 823 καὶ

2101 865 2271 932 ἡμεῖς
2303 867 2390 929 εὶς
2411 865 2622 918 αὐτόν·
2659 863 2756 917 καὶ
2776 857 2863 928 εἷς
2886 864 3100 931 Κύριος
3139 863 3377 930 Ἰησοῦς
3399 861 3671 929 Χριστός,

2101 957 2176 1009 δι’
2214 952 2284 1011 οὔ
2319 956 2390 1009 τὰ
2421 954 2648 1017 πάντα,
2698 955 2795 1008 καὶ
2829 955 2998 1023 ἡμεῖς
3039 954 3112 1008 δι’
3141 952 3353 1007 αὐτοῦ’
3386 951 3673 1022 τοιγαροῦν

2107 1043 2198 1117 [εἰ]
2225 1043 2303 1110 εἷς
2333 1047 2428 1118 μὲν
2454 1045 2604 1110 Θεὸς,
2630 1045 2834 1116 Κύριος
2856 1045 2910 1097 δὲ
2931 1041 3030 1109 εἷς,
3063 1045 3119 1097 ἓν
3145 1045 3200 1097 δὲ
3223 1044 3530 1116 Πρόσωπον
3554 1035 3670 1095 καθ’

2100 1137 2129 1190 ὂ
2157 1137 2343 1208 θεότης
2375 1140 2500 1208 μιᾶς
2526 1139 2862 1210 κυριότητος,
2911 1139 3003 1192 καὶ
3028 1136 3144 1199 πῶς
3168 1136 3482 1189 πιστεύεται
3507 1137 3569 1188 τὸ
3598 1135 3665 1198 ἐξ

2101 1227 2172 1284 οὗ
2207 1232 2298 1284 καὶ
2322 1231 2395 1284 δι’
2431 1227 2501 1286 οὗ
2529 1231 2605 1295 ὡς
2639 1233 2990 1303 προείρηται;
3043 1230 3150 1282 Καὶ
3192 1231 3252 1282 οὐ
3295 1229 3674 1290 διακόπτοντες

2100 1325 2262 1392 ἡμεῖς
2307 1323 2405 1392 τῆς
2455 1322 2703 1392 θεότητος
2750 1323 2846 1394 τὴν
2902 1321 3195 1392 κυριότητα
3241 1320 3510 1390 λέγομεν,
3572 1311 3674 1371 οὐδ’

2103 1412 2584 1484 ἀπαλλοτριοῦντες
2619 1413 2846 1484 θατέρου
2879 1412 3124 1483 θάτερον,
3155 1411 3265 1464 ἀλλ’
3297 1410 3474 1474 οὕτως
3506 1409 3674 1463 ἑνοῦν·

2101 1521 2191 1566 τες
2224 1503 2298 1566 ὼς
2320 1503 2429 1574 ἔχει
2465 1503 2524 1556 τὸ
2555 1505 2783 1574 πρᾶγμα
2815 1504 2908 1556 καὶ
2943 1507 2975 1572 ἡ
3001 1503 3256 1573 ἀλήθεια·
3288 1502 3383 1565 καὶ
3411 1502 3548 1556 Θεὸν
3583 1503 3675 1573 μὲν

2101 1595 2190 1648 τὸν
2228 1595 2352 1648 Υἱὸν
2385 1595 2460 1666 τῷ
2503 1594 2749 1666 ἰδιώματι
2786 1595 2881 1648 τοῦ
2929 1595 3141 1666 Πατρὸς
3175 1593 3473 1657 καλοῦντες
3507 1593 3585 1656 ὡς
3610 1595 3677 1645 εί-

2101 1687 2232 1740 κόνα
2264 1688 2358 1740 καὶ
2395 1686 2657 1757 γέννημα,
2707 1686 2907 1757 Κύριον
2944 1686 3000 1738 δὲ
3052 1685 3142 1737 τὸν
3193 1684 3413 1756 Πατέρα
3457 1685 3538 1755 τῷ
3585 1685 3674 1738 τοῦ

2105 1777 2220 1839 ένὸς
2255 1776 2457 1845 Κυρίου
2483 1776 2975 1847 προσαγορεύοντες
2999 1775 3238 1846 ὀνόματι,
3264 1777 3340 1840 ὼς
3359 1775 3555 1829 τούτου
3585 1777 3675 1846 ἁρ-

2101 1858 2200 1928 χὴν
2237 1858 2329 1911 καὶ
2359 1859 2671 1932 γεννήτειρα.

2171 2013 2253 2067 Τὰ
2280 2013 2417 2066 αὐτὰ
2446 2013 2501 2066 δὲ
2530 2014 2624 2066 καὶ
2656 2015 2782 2086 περὶ
2818 2013 2911 2066 τοῦ
2942 2013 3252 2082 Πνεύματος
3285 2011 3516 2080 ἑνότητα
3545 2009 3673 2080 πρὸς

2101 2103 2190 2159 τὸν
2217 2103 2341 2156 Υἰὸν
2374 2103 2605 2173 ἔχοντος,
2645 2105 2711 2175 ἢν
2743 2107 2772 2159 6
2801 2103 2928 2166 Υἱὸς
2959 2104 3094 2174 πρὸς
3132 2104 3223 2155 τὸν
3252 2102 3510 2174 Πατέραο
3538 2099 3672 2152 ῶστε

2099 2193 2443 2266 γνωριζέσθω
2474 2196 2571 2266 μὲν
2594 2197 2624 2267 ή
2656 2196 2950 2258 ὑπόστασις
2977 2194 3068 2246 τοῦ
3092 2193 3302 2264 Πατρὸς
3323 2195 3389 2263 τῇ
3411 2191 3509 2245 τοῦ
3542 2192 3674 2245 Θεοῦ

2098 2286 2470 2358 προσηγορίᾳ·
2519 2287 2593 2358 μὴ
2638 2285 3011 2358 διατετμὴσθω
3055 2285 3113 2338 δὲ
3143 2283 3344 2355 ταύτης
3377 2287 3406 2338 6
3446 2284 3577 2348 Υῐὸς
3604 2283 3674 2345 ὡς

2099 2376 2174 2428 ὢν
2217 2379 2282 2430 ὲκ
2315 2375 2448 2430 Θεοῦ
2473 2393 2487 2406 ο
2522 2377 2867 2448 γνωριζέσθω
2907 2377 2963 2430 δὲ
3006 2377 3100 2430 καὶ⁵
3129 2376 3189 2428 τὸ
3233 2377 3535 2446 Πρόσωπον
3583 2373 3678 2426 τοῦ

2099 2467 2230 2522 Υίοῦ
2263 2471 2332 2540 τῇ
2387 2467 2481 2522 τοῦ
2532 2469 2738 2539 Κυρίου
2798 2467 3172 2541 προσηγορίαν
3221 2467 3294 2537 μὴ
3358 2464 3677 2536 χωριζέσθω

2097 2560 2154 2612 δὲ
2197 2559 2398 2630 ταύτης
2450 2561 2478 2614 ό
2519 2560 2670 2623 Θεὸς,
2717 2559 2919 2631 Κύριος
2956 2559 3032 2612 ὢν
3075 2559 3150 2622 ὼς
3201 2557 3410 2630 Κυρίου
3452 2557 3673 2626 Πατήρ·

2099 2651 2354 2723 καθ’ὂτῴ
2388 2651 2488 2723 μὲν
2520 2651 2633 2722 Υἱῴ
2657 2651 2724 2704 τὸ
2760 2651 3032 2722 κυριεύειν
3063 2649 3190 2703 ἴδιον
3209 2689 3222 2710 ,
3265 2646 3416 2718 αὐτῷ
3443 2647 3502 2699 δὲ
3529 2646 3680 2716 δεδη-

2102 2743 2454 2816 μιουργηκότι
2495 2742 2562 2794 δι’
2603 2741 2796 2794 ἑαυτοῦ
2839 2742 2932 2794 καὶ
2978 2740 3279 2812 κυριεύοντι
3309 2739 3418 2791 τῶν
3448 2754 3676 2807 πεποιη-

2103 2837 2278 2908 μένων
2299 2854 2313 2869 ο
2345 2837 2424 2908 τῷ
2471 2836 2528 2889 δὲ
2565 2837 2740 2906 Πατρὶ
2794 2833 3056 2905 ἀνωτέρω
3097 2833 3369 2902 ὑπάρχον,
3403 2831 3481 2893 ῶς
3506 2829 3679 2900 Πατρὶ

2097 2928 2192 2983 τοῦ
2231 2927 2576 3000 κυριεύοντος
2613 2927 2726 2979 όντι
2747 2943 2760 2956 ο
2818 2924 2958 2978 οὕτω
2992 2925 3056 2993 δὴ
3093 2924 3186 2976 καὶ
3214 2921 3348 2974 Θεὸν
3373 2920 3476 2973 ἕνα
3503 2919 3680 2988 φαμὲν

2097 3020 2196 3090 τὴν
2227 3018 2432 3090 Τριόιδα
2459 3057 2474 3081 ,
2523 3016 2637 3071 ἀλλ’
2683 3017 2781 3086 οὐχ
2831 3015 2907 3079 ὡς
2952 3016 3015 3067 ὲκ
3053 3012 3353 3075 συνθέσεως
3386 3009 3555 3081 τριῶν
3588 3010 3680 3060 Eva

2099 3113 2280 3175 δόντες
2302 3127 2315 3140 ο
2350 3111 2513 3181 μέρος
2532 3109 2640 3180 γὰρ
2662 3109 2804 3161 ἅπαν
2831 3105 3016 3169 ἀτελὲς
3040 3105 3102 3157 τὸ
3129 3103 3428 3166 συνθέσεως
3458 3102 3682 3169 ὑφιστά-

435 3213 519 3258 ter
542 3206 753 3276 ratione
782 3207 1496 3280 principiietgenerationis,
1516 3210 1617 3266 hoc
1639 3211 1868 3265 dicimus
1882 3225 2003 3265 esse

2108 3217 2293 3274 μενονο
2339 3201 2452 3254 ἀλλ’
2495 3201 2570 3264 ὼς
2593 3200 2729 3270 ὅπερ
2757 3198 2904 3251 ἐστὶν
2944 3198 2973 3250 6
3005 3195 3194 3267 Πατὴρ
3226 3193 3472 3265 ἀρχικῶς
3504 3209 3558 3244 τε
3588 3193 3681 3244 καὶ

437 3294 629 3373 Filium
647 3299 936 3370 imaginem
948 3309 1230 3372 etgermen
1245 3301 1625 3369 Patris.Quare
1637 3301 1680 3356 si
1697 3303 1820 3372 quis
1834 3304 1998 3358 dicat:

435 3388 724 3455 Quomodo
741 3409 882 3448 unus
897 3392 1038 3448 Deus
1056 3403 1160 3461 est,
1182 3395 1450 3464 siquidem
1483 3393 1656 3450 Filius
1679 3405 1762 3450 est
1777 3395 1920 3452 Deus
1935 3413 2002 3452 ex

436 3479 1066 3554 Deo?respondebimus.
1098 3489 1202 3542 hoc
1239 3488 1465 3555 intelligi
1491 3488 1702 3543 ratione
1726 3489 2002 3558 principii,

435 3577 491 3630 in
510 3564 772 3650 quantum
797 3594 967 3636 unum
991 3579 1315 3650 principium
1333 3579 1510 3634 Pater.
1536 3578 1601 3633 Et
1616 3579 1661 3633 si
1674 3580 1796 3649 quis
1812 3595 2006 3635 rursus

437 3668 1067 3744 interrogetzQuomodo
1094 3686 1236 3738 unus
1256 3670 1518 3725 Dominus
1542 3669 1700 3726 Jesus
1732 3670 2004 3738 Christus,

436 3762 703 3832 siquidem
722 3760 884 3832 Pater
904 3772 988 3831 est
1019 3763 1314 3832 Dominus?
1328 3778 1516 3818 rursus
1537 3765 2004 3833 respondebimus,

438 3854 663 3920 Patrem,
678 3869 802 3910 esse
825 3854 1110 3912 Dominum
1135 3858 1188 3933 in
1213 3866 1476 3927 quantum
1493 3855 1651 3910 Pater
1672 3866 1755 3911 est
1769 3854 2004 3923 Domini,

439 3956 494 4001 ct
516 3963 624 4000 non
657 3957 904 4018 occurret
933 3949 1165 4018 amplius
1193 3950 1352 4004 nobis
1381 3950 1496 4004 haec
1526 3947 1812 4002 dubitatio.

514 4040 578 4094 Et
607 4056 799 4107 rursus
825 4041 1009 4098 dicent
1037 4041 1187 4112 impii
1214 4061 1226 4096 ε
1253 4042 1538 4108 Quomodo
1567 4059 1672 4097 non
1713 4050 1872 4097 erunt
1898 4050 2008 4095 tres
2085 4069 2088 4072 -

443 4131 550 4193 Dii,
583 4140 694 4192 tres
737 4131 1008 4196 Personae,
1057 4133 1102 4186 si
1157 4149 1319 4187 unam
1371 4134 1604 4188 habeant
1636 4132 2007 4187 divinitatem?

445 4223 718 4287 Dicemus,
745 4223 872 4294 quia
900 4234 983 4282 est
1007 4225 1355 4295 principium,
1388 4237 1439 4280 et
1464 4226 1625 4280 Pater
1654 4223 1773 4280 Filii
1798 4243 1811 4290 ;
1843 4235 1895 4280 et
1921 4226 2010 4279 hic

443 4317 622 4384 imago
644 4325 729 4370 est
755 4327 808 4370 et
836 4332 1051 4387 germen
1080 4316 1276 4381 Patris,
1307 4328 1362 4372 et
1405 4334 1512 4372 non
1545 4327 1629 4373 est
1655 4318 1822 4372 frater
1852 4318 2004 4386 ejus;

442 4416 498 4462 et
528 4406 764 4483 Spiritus
793 4406 852 4463 S.
891 4410 1145 4478 similiter
1178 4411 1402 4480 spiritus
1432 4411 1525 4464 Dei
1555 4419 1658 4476 cst,
1699 4410 1840 4464 sicut
1870 4411 2008 4471 scri-

2100 3291 2453 3364 γεννητικῶς,
2495 3291 2650 3344 τοῦτο
2691 3289 2817 3343 ὄντα
2841 3287 2930 3341 τὸν
2956 3285 3081 3339 Υίὸν
3110 3284 3293 3338 εἰκόνα
3319 3283 3418 3336 καὶ
3439 3283 3682 3350 γέννημα

2101 3384 2194 3439 τοῦ
2239 3385 2450 3456 Πατρός
2472 3401 2486 3414 ’
2530 3384 2671 3440 ὥστε
2703 3381 2758 3434 ετ
2774 3398 2854 3444 τις
2881 3380 3074 3452 ἔροιτο,
3096 3377 3220 3441 Πῶς
3242 3371 3321 3439 εἷς
3347 3376 3507 3442 Θεὸς,
3528 3374 3682 3456 εἴπερ

2104 3480 2168 3532 ὲκ
2190 3477 2326 3532 Θεοῦ
2355 3453 2520 3541 Θεός;
2554 3476 2783 3548 ἐροῦμεν
2815 3475 2897 3527 ὅτι
2924 3472 3001 3543 τῷ
3031 3472 3130 3542 τῆς
3157 3470 3332 3542 ἀρχῆς
3364 3469 3532 3538 λόγῳ,
3561 3453 3681 3519 καθ’

2102 3568 2160 3621 ὃν
2199 3569 2295 3639 μία
2322 3567 2462 3638 ἀρχὴ
2486 3569 2514 3620 6
2547 3567 2766 3636 Πατήρ·
2786 3566 2880 3618 καὶ⁵
2914 3563 2968 3615 εί
2996 3580 3081 3625 τις
3120 3560 3302 3615 αὐτῶν
3336 3558 3677 3618 πυνθάνοιτο,

2105 3658 2229 3722 Πῶς
2257 3653 2337 3721 εἷς
2360 3656 2563 3728 Κύριος
2597 3655 2752 3725 εἴπερ
2783 3653 2984 3723 Κύριος
3019 3653 3048 3704 6
3077 3651 3294 3719 Πατήρς
3323 3647 3487 3700 τοῦτο
3525 3645 3682 3699 πάλιν

2105 3749 2545 3820 ἀποκρινώμεθα,
2597 3748 2716 3802 καθ’
2746 3745 2884 3800 ὅτοῦ
2917 3745 3124 3815 Κυρίου
3157 3743 3277 3795 ἐστὶ
3309 3740 3538 3810 Πατήρ·
3590 3737 3682 3789 καὶ

2107 3843 2290 3898 οὐκέτι
2311 3844 2442 3912 ἡμῖν
2465 3841 2832 3910 ἀπαντήσεται
2863 3838 2917 3893 τὸ
2939 3837 3140 3906 ἄπορον
3168 3832 3346 3887 τοῦτο.

2185 4055 2294 4109 Καὶ
2344 4043 2504 4106 πάλιν
2556 4051 2648 4104 ἐὰν
2679 4049 2904 4102 εἴπωσιν
2931 4047 2981 4100 οἱ
3025 4042 3268 4105 ἀσεϐεῖς·
3307 4039 3436 4102 Πῶς
3483 4038 3583 4091 οὐκ
3626 4035 3690 4090 ἂν

2113 4144 2222 4202 εἶεν
2251 4149 2397 4218 τρεῖς
2428 4145 2550 4198 Θεοὶ
2576 4183 2590 4206 ,
2617 4143 2742 4213 τρία
2784 4139 3082 4211 Πρόσωπα,
3127 4137 3174 4188 εί
3223 4134 3351 4204 μίαν
3389 4131 3569 4202 ἔχοιεν

2116 4238 2372 4307 θεότητα;
2432 4234 2724 4306 Ἐροῦμεν,
2761 4229 2944 4300 ἐπειδὴ
2977 4230 3005 4280 ό
3037 4227 3166 4290 Θεὸς
3193 4223 3335 4296 ἁρχὴ
3370 4224 3466 4276 καὶ
3501 4223 3689 4290 Πατήρ

2114 4331 2259 4383 ἐστιν
2285 4325 2378 4381 τοῦ
2408 4325 2558 4389 Υἱοῦ,
2582 4324 2676 4378 καὶ
2705 4316 2856 4385 οὗτος
2882 4319 3041 4374 εἰκών
3066 4321 3177 4371 ἐστι
3205 4317 3295 4370 uati.
3321 4315 3576 4384 γέννημα
3599 4311 3690 4365 τοῦ

2115 4420 2326 4491 Πατρὸς
2347 4419 2440 4471 καὶ
2467 4418 2566 4470 οὐκ
2587 4413 2812 4484 ἁδελφὸς
2851 4411 3034 4476 αὑτοῦ,
3059 4410 3153 4464 καὶ
3178 4406 3406 4477 Πνεῦμα
3430 4405 3694 4467 ὡσαύτως

444 4512 594 4570 ptum
619 4510 704 4555 est
735 4519 750 4557 :
780 4500 920 4556 Deus
943 4513 1020 4556 est
1045 4503 1264 4571 spiritus
1282 4503 1323 4555 ⁵.
1355 4500 1420 4556 Et
1447 4503 1616 4557 multo
1637 4512 1760 4556 ante
1783 4519 1814 4556 a
1841 4502 2007 4558 David

2117 4511 2331 4582 πνεῦμα
2351 4508 2484 4563 Θεοῦ
2511 4511 2676 4572 ἐστιν,
2696 4507 2771 4569 ὡς
2793 4504 3101 4576 γέγραπται
3121 4518 3136 4534 ·
3177 4498 3423 4568 Πνεῦμα
3448 4500 3478 4550 ὀ
3507 4497 3656 4562 Θεός
3679 4513 3689 4524 ·

443 4591 777 4666 declaratum
799 4600 902 4658 est,
932 4593 1086 4647 caelos
1118 4611 1225 4648 esse
1250 4595 1403 4665 verbo;
1424 4594 1518 4647 Dei
1539 4594 1796 4664 ﬁrmatos,
1825 4605 1874 4648 et
1902 4595 2012 4664 spis

445 4684 554 4736 ritu
581 4685 688 4737 oris
713 4685 828 4754 ejus
847 4701 1050 4739 omnem
1066 4687 1310 4740 virtutem
1325 4703 1506 4740 eorum
1524 4687 1562 4739 ⁸.
1593 4687 1659 4742 Et
1680 4688 1730 4742 in
1749 4689 2012 4758 principio

443 4775 675 4831 Genesis
709 4776 790 4847 sic
814 4777 1074 4847 scriptum
1109 4787 1192 4832 est
1221 4798 1233 4833 :
1263 4778 1331 4832 Et
1363 4777 1592 4848 Spiritus
1629 4779 1718 4833 Dei
1748 4780 2013 4848 ferebatur

446 4883 601 4935 super
639 4869 893 4938 aquam".
938 4867 1003 4923 Et
1035 4867 1239 4925 Paulus
1277 4872 1522 4926 scribens
1560 4871 1820 4928 Romanis
1853 4892 1866 4927 :
1911 4871 2011 4928 Vas

443 4967 642 5022 autem,
679 4958 880 5035 inquit,
916 4975 1018 5013 nou
1053 4961 1178 5014 estis
1220 4961 1276 5014 in
1314 4978 1492 5024 carne,
1521 4961 1610 5014 sed
1639 4963 1693 5015 in
1715 4963 2012 5030 spiritursi

450 5060 622 5103 tamen
652 5049 884 5118 Spiritus
905 5043 1006 5105 Dei
1026 5053 1226 5106 habitat
1257 5055 1309 5127 in
1345 5054 1484 5107 vobis
1512 5055 1553 5108 ⁸.
1584 5053 1647 5108 Ει
1671 5069 1861 5108 rursus
1891 5054 1968 5110 ait
1996 5073 2010 5111 :

447 5139 507 5194 Si
543 5150 718 5194 autem
749 5140 977 5212 Spiritus
1009 5143 1120 5212 ejus
1147 5145 1234 5214 qui
1265 5146 1539 5200 suscitavit
1565 5145 1747 5198 Iesum
1781 5161 1846 5198 ea:
1875 5162 2016 5199 mor-

449 5233 576 5298 tuis,
625 5232 830 5287 habitat
876 5235 931 5288 in
968 5237 1131 5302 vobis,
1174 5239 1264 5308 qui
1316 5238 1588 5292 suscitavit
1642 5237 1910 5292 Christum
1951 5255 2014 5292 ea:

449 5326 692 5391 mortuis,
741 5326 1023 5396 viviﬁcabit
1061 5339 1110 5382 et
1161 5331 1412 5382 mortalia
1461 5346 1678 5399 corpora
1724 5341 1891 5384 vestra
1924 5349 2016 5400 per

446 5418 831 5473 inhabitantem
868 5418 1126 5488 Spiritum
1175 5421 1286 5488 ejus
1327 5423 1379 5474 in
1406 5421 1610 5476 vobis’.
1659 5422 1724 5476 Et
1770 5424 2012 5494 iterum:

451 5507 756 5580 Quicunque
781 5509 986 5585 Spiritu
1017 5511 1106 5566 Dei
1133 5523 1382 5582 aguntur,
1416 5513 1469 5564 hi
1499 5514 1600 5582 ﬁlii
1624 5513 1721 5567 Dei
1748 5524 1889 5578 sunt,
1917 5531 2018 5568 non

2115 4604 2318 4662 ἄνωθεν
2350 4603 2405 4656 δὲ
2433 4604 2496 4655 ὲκ
2524 4600 2616 4654 τοῦ
2646 4600 2922 4672 προφήτου
2950 4595 3137 4650 Δαϐίδ⁶
3186 4592 3272 4658 Τῷ
3290 4591 3694 4661 λόγῳΚιῬίου

2115 4697 2406 4766 δεδήλωται
2455 4694 2595 4759 τοὺς
2633 4689 2926 4760 οὐρανοὺς
2993 4683 3423 4754 ἐστερεῶσθαι,
3463 4684 3568 4736 καὶ
3621 4681 3697 4745 τῷ

2116 4791 2404 4857 πνεύματι
2448 4786 2553 4840 τοῦ
2597 4785 2892 4853 στόματος
2915 4781 3098 4836 αὐτοῦ
3136 4776 3345 4832 πᾶσαν
3369 4776 3480 4843 τὴν
3511 4774 3696 4827 εὐνα-

2111 4897 2218 4949 μιν
2263 4878 2478 4934 αὐτῶν.
2521 4877 2630 4930 Καὶ
2663 4877 2720 4928 ἐν
2749 4875 2888 4946 ἀρχῇ
2929 4873 3026 4943 τῆς
3064 4869 3438 4939 Κοσμοποιῖας
3484 4867 3698 4936 γέγρα-

2111 4989 2239 5024 πται
2283 4970 2485 5033 οὕτως’
2527 4968 2634 5023 Καὶ
2685 4967 2750 5020 τὸ
2797 4963 3038 5032 Πνεῦμα
3068 4960 3172 5015 τοῦ
3197 4960 3348 5014 Θεοῦ
3378 4956 3702 5026 ἐπεφέρετο

2110 5062 2310 5115 ἐπάνω
2358 5061 2464 5114 τοῦ
2496 5059 2724 5124 ὕδατος.
2763 5057 2874 5111 Καὶ
2925 5055 3134 5116 Παῦλος
3171 5053 3229 5105 δὲ
3268 5052 3495 5124 γράφων
3566 5048 3702 5100 Ῥω-

2117 5152 2294 5223 μαίοις
2339 5149 2498 5221 φησίν
2519 5165 2534 5179 ο
2577 5148 2771 5217 Ὑμεῖς
2815 5145 2883 5198 δὲ
2926 5147 3036 5199 οὐκ
3061 5142 3202 5196 ἐστὲ
3229 5142 3299 5194 ἐν
3325 5136 3528 5208 σαρκὶ,
3561 5139 3701 5190 ἀλλ’

2113 5244 2182 5296 ἐν
2209 5244 2530 5311 πνεύματιδ
2573 5240 2738 5308 εἴπερ
2782 5237 3024 5306 Πνεῦμα
3062 5235 3212 5289 Θεοῦ
3251 5231 3406 5286 οἰκεῖ
3429 5233 3494 5284 ἐν
3533 5231 3700 5300 ὑμῖν.

2120 5337 2230 5388 Καὶ
2263 5335 2423 5389 πάλιν
2447 5335 2592 5402 λέγει
2611 5350 2623 5362 ·
2659 5334 2725 5384 El
2757 5331 2820 5384 δὲ
2854 5331 2916 5383 τὸ
2951 5328 3192 5396 Πνεῦμα
3221 5326 3329 5380 τοῦ
3359 5325 3702 5393 ἐγείραντος

2136 5427 2381 5495 Ἰησοῦν
2410 5426 2478 5478 ἐκ
2522 5421 2749 5491 νεκρῶν
2777 5419 2928 5474 οἰκεῖ
2955 5421 3024 5473 ἐν
3053 5419 3209 5487 ὑμῖν,
3245 5420 3278 5471 ό
3297 5417 3526 5484 ἐγείρας
3569 5415 3702 5480 Χρι-

2127 5520 2276 5574 στὸν
2314 5519 2382 5574 ἐκ
2413 5517 2639 5586 νεκρῶν
2681 5513 3025 5581 ζωοποιήσει
3067 5511 3163 5565 καὶ
3197 5512 3272 5564 τὰ
3306 5507 3488 5576 θνητὰ
3532 5504 3704 5575 ὑμῶν

527 5693 546 5720 ⁵
573 5689 589 5741 Ι
618 5693 747 5749 Cor.
775 5709 894 5760 vm,
924 5695 976 5750 6.
1053 5697 1074 5728 ⁸
1111 5693 1267 5754 Joan.
1306 5712 1380 5759 iv,
1416 5695 1504 5750 24.
1583 5699 1603 5728 ⁸
1645 5697 1786 5753 Psal.
1824 5714 1995 5764 xxxu,

2112 5701 2130 5730 "
2157 5700 2349 5756 Cenes.
2385 5717 2424 5763 ι,
2452 5701 2503 5752 2.
2581 5699 2600 5731 ⁸
2633 5698 2787 5752 Rom.
2829 5713 2947 5764 vin,
2977 5695 3030 5750 θ.
3107 5691 3279 5746 ⁹Ιὶ›ἱ‹1.
3317 5691 3400 5744 l-l.

523 5787 599 5841 (ii
640 5786 694 5840 lt!
728 5798 832 5867 est,
863 5791 989 5858 quia
1016 5802 1098 5848 est
1151 5804 1435 5864 generatus
1475 5809 1502 5846 a
1541 5791 1647 5848 Dco
1693 5792 1872 5861 Patre,
1938 5810 2196 5851 vocamus
2247 5797 2464 5862 Filium,
2519 5796 2609 5867 qui
2657 5802 2739 5850 es:
2785 5794 2960 5863 imago
3023 5791 3162 5860 ejus,
3208 5787 3394 5848 Deum.
3427 5786 3529 5840 hoc
3595 5793 3700 5849 θείη

454 5853 622 5925 Deum
660 5875 724 5915 ex
758 5853 894 5930 Deo;
