3876 6508
202 381 348 437 HIS

1478 379 1665 430 ΚΑΤΑ
1710 375 1938 429 ΜΕΡΟΣ
1970 375 2212 428 ΠΙΣΤΙΣ.

3299 361 3444 424 ΗΜ,

195 499 450 565 σώματα
484 495 573 550 διὰ
599 493 704 549 τοῦ
728 495 1107 560 ἐνοικοῦντος
1129 493 1309 548 αὐτοῦ
1344 494 1682 560 Πνεύματος
1711 491 1773 543 ἐν

1884 490 2018 541 enim
2048 487 2320 556 accepistis
2349 487 2596 555 spiritum
2626 486 2891 540 servitutis
2920 482 3110 535 iterum
3143 481 3198 535 in
3233 479 3438 544 timore,

201 591 366 659 ὑμῖν.
417 589 527 642 Καὶ
569 588 728 641 πάλιν
751 605 764 618 ·
802 589 974 641 ’Ὅσοι
1004 587 1300 654 ΙΙνεύματι
1338 584 1483 637 Θεοῦ
1511 583 1770 652 ἄγονται,

197 676 372 735 οὗτοι
399 679 515 732 υἱοὶ
559 677 704 756 Θεοῦ
745 679 930 730 εἰσινο
989 678 1059 729 οὐ
1111 675 1219 744 γὰρ
1256 674 1495 728 ἐλάϐετε
1545 672 1777 740 πνεῦμα

197 769 485 835 δουλείας
528 766 714 821 πάλιν
752 770 838 832 εἰς
872 768 1076 835 φόϐον,
1108 766 1243 820 ἀλλ’
1272 764 1514 819 ἐλάϐετε
1545 765 1778 832 πνεῦμα

196 860 510 925 υἱοθεσίας
561 859 630 913 ἐν
675 852 722 924 ᾧ
753 857 1054 927 κράζομεν,
1109 855 1300 921 Ἀϐὅᾶ,
1337 861 1368 909 ό
1399 855 1617 924 Πατήρ.
1666 857 1776 909 Καὶ

198 953 371 1006 πάλιν
390 969 403 981 ο
451 952 762 1020 Ἀλήθειαν
793 951 947 1020 λέγω
976 950 1046 1003 ἐν
1064 949 1318 1018 Χριστῷ,
1349 951 1417 1002 οὐ
1460 947 1772 1016 ψεύδομαι,

197 1041 746 1108 συμμαρτυρούσης
797 1057 897 1108 μοι
949 1038 1060 1107 τῆς
1114 1037 1508 1106 σύνειδιήσεως
1539 1055 1654 1107 μου
1704 1037 1775 1090 ἐν

196 1132 498 1201 Πνεύματι
536 1133 698 1200 ἁγίῳ.
731 1131 839 1184 Καὶ
873 1132 1032 1184 πάλιν
1051 1149 1062 1161 ⁸
1112 1132 1173 1184 '0
1201 1131 1269 1184 δὲ
1298 1131 1440 1196 Θεὸς
1471 1129 1579 1198 τῆς
1605 1131 1776 1183 ἐλπί-

1878 582 1966 637 sed
2011 581 2283 649 accepistis
2325 579 2570 648 spiritum
2618 575 2911 644 adoptionis
2951 572 3186 642 ﬁliorum
3232 569 3344 632 Dei,
3386 584 3450 628 tu

1877 691 1979 743 quo
2012 673 2303 724 clamamus
2332 687 2349 724 :
2380 670 2529 723 Abba
2562 669 2811 722 Pater”.
2848 666 2914 720 Et
2953 665 3146 719 iterum
3182 681 3195 718 :
3238 661 3445 716 Verita-

1881 775 1981 818 tem
2009 765 2125 817 dico
2154 765 2210 816 in
2229 745 2476 825 'Christo.
2505 776 2609 813 non
2641 759 2884 818 mentior,
2925 755 3274 810 testimonium
3303 769 3446 823 prtc-,

1882 853 2028 906 bente
2054 853 2183 907 mihi
2213 851 2531 904 conscientia
2568 865 2681 902 mea
2721 848 2775 900 in
2827 846 3034 916 Spiritu
3079 854 3258 898 sancto
3283 843 3346 897 “.
3377 841 3445 899 Et

1881 963 2072 1001 rursus
2102 965 2114 1000 :
2151 945 2292 998 Deus
2320 954 2493 997 autem
2517 943 2624 1010 spei
2655 941 2870 1008 impleat,
2895 955 2980 991 vos
3013 937 3153 990 omni
3177 935 3366 1006 gaudio
3393 945 3445 988 et

1883 1055 2010 1108 pace
2037 1039 2090 1091 in
2121 1037 2402 1101 credendo,
2435 1045 2491 1088 ut
2521 1033 2793 1087 abundetis
2818 1033 2871 1084 in
2895 1047 3003 1100 spe,
3033 1030 3088 1082 in
3112 1030 3301 1082 virtute
3325 1025 3446 1096 Spi-

1886 1132 2020 1185 ritus
2055 1131 2228 1184 sancti
2250 1131 2314 1182 “.

197 1224 308 1290 δος
327 1224 637 1292 πληρώσαι
661 1225 817 1295 ὑμᾶς
847 1224 1049 1292 πάσης
1081 1225 1267 1295 χαρᾶς
1286 1228 1381 1280 καὶ
1413 1226 1674 1294 εἰρήνης,
1709 1226 1778 1280 ἐν
1807 1224 1889 1292 τῷ
1933 1228 2244 1282 πιστεύειν
2283 1227 2370 1291 είς
2408 1223 2474 1278 τὸ
2505 1222 2874 1292 περισσεύειν
2891 1217 3040 1287 ὑμᾶς
3063 1217 3132 1271 ἐν
3153 1214 3226 1284 τῇ
3247 1213 3447 1268 ἐλπίδι

194 1323 274 1376 ἐν
303 1320 548 1391 δυνάμει
581 1324 924 1392 Πνεύματος
958 1323 1148 1391 ἁγίου.

145 1485 148 1490 Ι
272 1416 385 1470 Καὶ
412 1418 572 1471 πάλιν
619 1419 779 1488 φησὶν
821 1421 932 1481 τοῖς
980 1418 1159 1481 αὐτοῖς
1203 1417 1492 1488 Ῥωμαίοις
1517 1419 1762 1488 γράσωνι

145 1503 149 1506 ’
202 1509 656 1577 Τολμηροτέρως
683 1509 752 1562 δὲ
788 1510 1022 1580 ἔγραψα
1065 1511 1207 1579 ὑμῖν
1247 1511 1366 1566 ἀπὸ
1405 1511 1645 1580 μέρους,
1689 1513 1769 1578 ὠς

194 1599 746 1669 ἐπαναμιμνήσκων
769 1600 922 1670 ὑμᾶς
953 1601 1048 1654 διὰ
1084 1602 1198 1670 τὴν
1231 1603 1404 1671 χάριν
1442 1604 1556 1670 τὴν
1582 1603 1769 1656 δοθεῖ-

1945 1415 2008 1469 Ει
2062 1415 2256 1468 iterum
2311 1414 2386 1467 ait
2430 1413 2672 1468 scribens
2727 1409 2795 1464 ad
2846 1406 3063 1463 eosdem
3115 1404 3443 1459 Romanos:

1874 1509 2143 1563 Audacius
2189 1517 2363 1560 autem
2407 1505 2596 1574 scripsi
2658 1502 2799 1556 vobis
2859 1518 2923 1555 ex
2995 1509 3162 1570 parte,
3218 1508 3277 1550 ut
3325 1508 3445 1550 tan-

1875 1616 2033 1670 quam
2083 1599 2138 1650 in
2181 1598 2486 1651 memoriam
2541 1612 2654 1650 vos.
2687 1595 2935 1647 reducens
2969 1602 3179 1658 propter
3216 1587 3444 1658 gratiam

197 1692 325 1792 Tir
349 1709 451 1792 y-oc
471 1693 586 1746 ἀπὸ
616 1692 722 1747 τοῦ
756 1694 902 1748 Θεοῦ
933 1698 1020 1761 εὶς
1043 1695 1107 1748 τὸ
1145 1696 1298 1749 εἷναί
1319 1713 1398 1766 με
1428 1697 1773 1766 ,λειτοιιοτόν

1884 1709 1994 1762 qute
2048 1691 2178 1744 datu
2229 1698 2306 1743 est
2351 1689 2481 1741 mihi
2532 1704 2562 1739 a
2629 1687 2770 1749 Deo,
2824 1694 2881 1738 ut
2921 1684 3021 1737 sim
3060 1681 3297 1734 minister
3317 1677 3446 1732 Iesu

1891 1784 1944 1792 ι..
1995 1786 2006 1792 -
2069 1784 2128 1792 ..
2331 1782 2362 1792 ..
2633 1780 2700 1792 ..ρ
2871 1776 2911 1792 τ.
3246 1771 3333 1792 ,με

203 1780 412 1850 Ἰησοῦ
461 1785 718 1852 Χριστοῦ
761 1789 848 1852 είς
893 1787 966 1840 τὰ
1011 1789 1152 1854 ἔθνη
1204 1788 1663 1858 λειτουργοῦντα
1706 1787 1771 1840 τὸ

196 1870 573 1941 Εὐαγγέλιον
622 1874 728 1928 τοῦ
781 1876 950 1939 Θεοῦ,
978 1876 1078 1929 ἵνα
1122 1877 1358 1946 γένηται
1391 1880 1427 1944 ἡ
1460 1879 1773 1946 προσφορὰ

195 1961 321 2015 τῶν
345 1963 536 2017 ἐθνῶν
561 1964 1003 2032 εὐπρόσδεκτος
1027 1967 1355 2036 ἡγιασμένη
1381 1968 1451 2032 ἐν
1476 1969 1772 2035 Πνεύματι

195 2053 380 2123 (irier
413 2055 531 2123 ἔχω
561 2052 675 2110 οὖν
715 2055 828 2124 τὴν
866 2059 1166 2127 καύχησιν
1203 2059 1273 2111 ἐν
1310 2057 1537 2127 Χριστῷ
1579 2059 1772 2127 Ἰησοῦ

197 2144 272 2196 τὰ
315 2143 464 2210 πρὸς
510 2145 616 2199 τὸν
653 2149 799 2202 Θεόν
823 2163 835 2176 ·
865 2151 936 2202 οὐ
981 2150 1090 2219 γὰρ
1123 2151 1316 2220 τολμῶ
1343 2151 1400 2203 τί
1439 2150 1652 2204 ,λαλεῖν
1684 2145 1772 2203 ὦν

196 2238 273 2290 οὐ
308 2238 734 2308 κατειργάσατο
775 2241 1027 2309 Χριστὸς
1065 2241 1138 2294 δι’
1167 2242 1333 2312 ἐμοῦ,
1379 2245 1466 2309 είς
1493 2242 1772 2309 ὑπακοὴν

195 2325 393 2387 ἐθνῶν
419 2331 578 2399 ,λόγῳ
593 2331 689 2385 καὶ
707 2333 877 2401 ἔργῳ,
903 2331 971 2386 ἐν
993 2331 1239 2402 δυνάμει
1270 2334 1531 2404 σημείων
1555 2333 1654 2387 καὶ
1681 2351 1770 2389 τερ

184 2419 417 2496 ράτων,
446 2421 515 2475 ἐν
545 2421 792 2492 δυνάμει
817 2424 1162 2494 Πνεύματος
1210 2428 1401 2496 άγίου.
1436 2428 1545 2481 Καὶ
1575 2426 1758 2481 πάλινο

192 2512 530 2579 Παρακαλῶ
553 2513 621 2567 δὲ
641 2513 814 2583 ὑμᾶς,
841 2515 1111 2586 ἀδελφοὶ,
1127 2516 1224 2572 διὰ
1253 2518 1356 2572 τοῦ
1370 2518 1590 2586 Κυρίου
1604 2520 1772 2587 ἡμῶν

208 2603 408 2672 Ἰησοῦ
427 2607 704 2673 Χριστοῦ,
734 2608 832 2662 καὶ
857 2608 956 2663 διὰ
980 2608 1091 2678 τῆς
1115 2609 1351 2680 ἀγάπης
1373 2612 1477 2665 τοῦ
1501 2612 1770 2680 Πνεύμα-

195 2714 324 2762 τος.
380 2697 489 2750 Καὶ
543 2698 716 2751 ταῦτα
774 2700 872 2770 μὲν
913 2701 1222 2771 γέγραπται
1266 2705 1322 2756 ἐν
1355 2707 1421 2776 τῇ
1457 2703 1594 2775 πρὸς
1636 2705 1770 2758 Ῥω-

195 2786 400 2857 μαίους
442 2789 746 2861 Ἐπιστολῇ.

279 2881 371 2934 Ἐν
410 2881 572 2952 δὲ,τῇ
626 2883 760 2953 πρὸς
807 2883 1123 2956 Κορινθίους
1157 2887 1317 2940 πάλιν
1348 2886 1526 2957 λέγει’
1567 2889 1695 2942 Ὅτι
1739 2891 1772 2941 ὁ

192 2972 383 3042 λόγος
425 2991 544 3042 μου
578 2974 676 3027 καὶ
717 2973 784 3028 τὸ
833 2974 1103 3045 κήρυγμά
1137 2995 1256 3046 μου
1297 2980 1407 3031 οὺκ
1443 2979 1513 3033 ἐν
1552 2980 1772 3046 πειθοῖς

1880 1784 2079 1840 Christi
2111 1784 2168 1837 in
2200 1782 2460 1854 gentibus,
2493 1780 2831 1849 sanctiﬁcans
2864 1774 3209 1844 Evangelium
3235 1771 3353 1834 Dei,
3388 1779 3446 1823 ut

1878 1880 1972 1947 ﬁat
2008 1877 2204 1931 oblatio
2250 1875 2481 1945 gentium
2509 1881 2742 1940 accepta,
2787 1868 3125 1937 sanctiﬁcata
3155 1866 3208 1919 in
3238 1862 3448 1932 Spiritu

1876 1980 2080 2025 sancto.
2124 1969 2304 2022 Habeo
2348 1967 2512 2037 igitur
2557 1965 2783 2036 gloriam
2842 1963 2896 2015 in
2955 1959 3166 2014 Christo
3209 1956 3339 2011 Iesu
3377 1955 3448 2010 ad

1877 2064 2044 2118 Deum
2075 2078 2093 2115 :
2124 2077 2224 2114 non
2256 2061 2391 2114 enim
2425 2058 2592 2110 audeo
2642 2055 2843 2124 aliquid
2890 2051 3033 2122 loqui
3079 2065 3278 2110 eorum,
3329 2061 3447 2117 qua:

1875 2173 1967 2226 per
1993 2172 2072 2208 me
2101 2171 2204 2207 non
2233 2153 2403 2221 e/fecit
2436 2150 2678 2205 Christus
2717 2149 2774 2200 in
2805 2145 3152 2200 obedientiam
3193 2141 3455 2210 gentium,

1878 2249 2032 2303 verbo
2057 2257 2105 2301 et
2142 2247 2324 2317 factis,
2351 2246 2407 2297 in
2436 2245 2627 2298 virtute
2667 2242 2933 2310 signorum
2975 2243 3025 2290 et
3059 2234 3445 2304 prodigiorum,

1879 2344 1934 2395 in
1958 2345 2144 2395 virtute
2171 2338 2401 2409 Spiritus
2431 2336 2600 2390 sancti
2628 2334 2691 2387 ".
2718 2333 2784 2387 Et
2811 2332 3006 2385 iterum
3044 2347 3062 2381 ε
3096 2327 3320 2384 Obsecro
3350 2341 3450 2378 au-

1879 2444 1975 2488 tem
2005 2449 2114 2493 vos,
2141 2431 2352 2500 fratres,
2377 2445 2469 2496 per
2495 2426 2778 2480 Dominum
2806 2432 3046 2477 nostrum
3077 2418 3257 2473 Iesum
3289 2415 3448 2471 Chri-

1879 2535 2010 2587 tum,
2037 2532 2084 2576 et
2109 2538 2200 2590 per
2218 2520 2529 2575 charitatem
2553 2516 2783 2584 Spiritus
2801 2515 2864 2566 “.
2893 2513 3069 2581 Atque
3093 2511 3206 2565 haec
3225 2507 3448 2579 quidem

1878 2615 2079 2686 scripta
2111 2620 2239 2668 sunt
2269 2612 2325 2666 in
2357 2608 2601 2681 Epistola
2631 2607 2698 2663 ad
2732 2606 3028 2662 Romanos.

1948 2896 2005 2950 In
2052 2893 2289 2963 Epistola
2339 2901 2520 2946 autem
2571 2888 2637 2942 ad
2681 2883 2994 2940 Corinthios
3038 2896 3231 2936 rursus
3274 2878 3442 2936 dicit:

1881 2990 2020 3054 Quia
2053 3002 2220 3040 sermo
2249 2999 2390 3036 meus
2420 2992 2468 3035 et
2497 2979 2804 3049 praedicatio
2831 2993 2942 3033 mea
2968 2991 3071 3028 non
3104 2974 3154 3026 in
3182 2971 3451 3042 persuasi-

191 3065 578 3132 ἀνθρωπίνης
627 3067 847 3134 σοεοίας
903 3069 1124 3138 λόγοις,
1177 3070 1314 3122 ἀλλ’
1363 3071 1433 3123 ὲν
1469 3069 1768 3135 ἀποδείξει

1884 3083 2064 3141 bilibus
2101 3081 2344 3132 humana:
2382 3073 2656 3143 sapientia:
2691 3070 2878 3133 verbis,
2915 3067 3002 3122 sed
3051 3067 3104 3120 in
3155 3065 3449 3118 ostensione

194 3159 545 3225 πνεύματος
572 3157 671 3210 καὶ
699 3157 1026 3227 δυνάμεως,
1054 3161 1154 3213 ἵνα
1191 3163 1228 3229 ἡ
1253 3163 1455 3228 πίστις
1486 3162 1657 3231 ἡμῶν
1680 3163 1767 3233 μὴ

190 3242 238 3319 ᾗ
267 3247 342 3300 ἐν
361 3249 547 3317 σοφίᾳ
573 3247 914 3316 ἀνθρώπων,
933 3251 1067 3304 ἀλλ’
1091 3251 1160 3304 ὲν
1187 3250 1435 3320 δυνάμει
1465 3253 1634 3308 Θεοῦ.
1662 3256 1770 3308 Καὶ

193 3342 364 3396 πάλιν
395 3341 578 3410 λέγει’
630 3343 759 3395 Ὅτι
799 3341 992 3408 καθὼς
1019 3342 1354 3414 γέγραπται,
1387 3343 1424 3397 ά
1467 3347 1772 3415 ὀφθαλμὸς

193 3435 314 3488 οὐκ
341 3429 522 3498 οἶδεν,
552 3435 648 3488 καὶ
677 3429 785 3500 οὖς
817 3437 927 3488 οὐκ
959 3435 1244 3504 ἤκουσεν,
1273 3437 1367 3490 καὶ
1400 3437 1498 3490 ἐπὶ
1523 3437 1772 3506 καρδίαν

193 3526 515 3594 ἀνθρώπου
533 3529 641 3580 οὐκ
659 3527 860 3593 ἀνέϐη,
882 3525 920 3581 ἂ
936 3531 968 3581 ό
993 3527 1136 3592 Θεὸς
1153 3529 1478 3598 ἡτοίμασεν
1493 3529 1614 3595 τοῖς
1629 3531 1772 3600 ἀγα-

192 3616 400 3672 πῶσιν
443 3619 661 3672 αὐτόν’
707 3618 854 3687 ἡμῖν
895 3618 963 3672 δὲ
1003 3622 1036 3672 o'
1067 3619 1209 3686 Θεὸς
1246 3619 1638 3689 ἀπεκάλυψεν
1676 3621 1775 3679 διὰ

191 3710 307 3764 τοῦ
348 3712 721 3780 Πνεύματος·
770 3710 836 3764 τὸ
880 3712 990 3781 γὰρ
1037 3713 1279 3783 Πνεῦμα
1326 3713 1522 3766 πάντα
1557 3714 1774 3782 ἐρευνᾷ

194 3802 300 3856 καὶ
335 3801 408 3855 τὰ
443 3802 605 3870 ,βάθη
639 3802 744 3856 τοῦ
783 3803 960 3858 Θεοῦ·
992 3805 1085 3871 τίς
1110 3805 1218 3874 γὰρ
1254 3801 1417 3859 οἶδεν
1446 3805 1774 3875 ἀνθρώπων

193 3894 271 3948 τὰ
299 3892 408 3947 τοῦ
436 3892 769 3961 ἀνθρώπου,
799 3897 851 3949 εί
872 3895 957 3964 μὴ
987 3895 1052 3948 τὸ
1081 3897 1316 3965 πνεῦμα
1333 3897 1439 3950 τοῦ
1462 3897 1774 3966 ἀνθρώπου

195 3985 265 4040 τὸ
282 3985 357 4038 ἐν
375 3985 558 4050 αὐτῷ;
583 3985 780 4052 Οὕτως
795 3984 976 4048 καὶτὰ
989 3985 1095 4040 τοῦ
1115 3987 1260 4041 Θεοῦ
1279 3987 1478 4053 οὐδεὶς
1492 3988 1772 4058 ἔγνωκεν,

191 4080 250 4130 εί
273 4075 365 4146 μὴ
396 4075 461 4130 τὸ
488 4077 729 4145 Πνεῦμα
772 4075 878 4130 τοῦ
912 4076 1077 4130 Θεοῦ.
1110 4076 1220 4130 Καὶ
1251 4076 1412 4130 πάλιν
1437 4076 1614 4145 λέγει·
1653 4080 1775 4133 Ψυ-

193 4166 376 4237 χικὸς
400 4167 468 4220 δὲ
494 4167 802 4236 ἅνθρωπος
836 4170 907 4221 οὺ
940 4167 1173 4237 δέχεται
1199 4169 1270 4222 τὰ
1298 4168 1403 4223 τοῦ
1433 4169 1777 4240 Πνεύματος

193 4261 310 4316 τοῦ
349 4260 518 4314 Θεοῦ.

283 4352 450 4424 Ὁρᾷς
475 4353 555 4404 ὅτι
585 4352 858 4422 πανταχοῦ
898 4351 999 4422 τῆς
1046 4352 1268 4423 Γραφῆς
1312 4353 1535 4424 Πνεῦμα
1575 4354 1778 4428 κηρύτ-

1877 3178 2096 3249 spiritus
2125 3181 2175 3226 et
2205 3168 2435 3230 virtutis,
2467 3173 2524 3219 ut
2544 3164 2673 3233 ﬁdes
2699 3170 2879 3215 nostra
2908 3177 3010 3212 non
3047 3159 3116 3211 sit
3150 3158 3205 3210 in
3234 3155 3449 3224 sapien-

1879 3272 1956 3324 tia
1999 3265 2286 3324 hominum,
2327 3259 2415 3313 sed
2460 3258 2514 3310 in
2557 3257 2750 3310 uirtute
2799 3252 2893 3304 Dei
2919 3252 2983 3304 ¹⁵.
3036 3247 3100 3301 Ει
3137 3249 3336 3301 iterum
3375 3243 3454 3297 ait

1878 3362 2044 3432 quia:
2079 3357 2224 3412 Sicut
2262 3353 2517 3420 scriptum
2543 3357 2618 3401 est
2652 3362 2670 3400 :
2699 3345 2829 3410 Qua:
2856 3342 3037 3396 oculus
3056 3342 3171 3408 [non
3211 3337 3362 3403 vidit,
3399 3341 3452 3388 et

1879 3452 2025 3506 auris
2067 3463 2170 3501 non
2211 3443 2432 3506 audivit,
2475 3448 2523 3493 et
2567 3439 2623 3491 in
2668 3453 2758 3489 cor
2806 3433 3029 3488 hominis
3059 3446 3160 3483 non
3191 3426 3450 3491 ascendit,

1879 3559 1996 3616 quae
2023 3535 2343 3611 prtcparavit
2377 3533 2516 3586 Deus
2543 3525 2881 3598 diligentibus
2907 3539 3025 3579 eum
3051 3536 3069 3573 :
3100 3520 3246 3573 nobis
3276 3525 3453 3570 autem

1879 3611 2123 3689 reuelauit
2150 3630 2286 3681 Deus
2319 3641 2408 3693 per
2435 3621 2694 3691 Spiritum
2722 3634 2896 3672 suum.
2933 3614 3162 3682 Spiritus
3184 3611 3322 3664 enim
3344 3624 3452 3662 om—

1879 3729 1970 3780 nia
2009 3719 2468 3782 scrutatur,etiam
2503 3711 2766 3784 profunda
2796 3709 2912 3762 Dei.
2953 3706 3082 3770 Quis
3115 3704 3251 3756 enim
3280 3701 3451 3753 homi-

1883 3834 2008 3875 num
2031 3815 2171 3868 novit
2197 3825 2314 3880 qua:
2347 3815 2467 3861 sunt
2509 3804 2756 3866 hominis,
2793 3800 2895 3853 nisi
2935 3797 3152 3867 spiritus
3200 3791 3448 3851 hominis,

1880 3910 1969 3980 qui
1998 3917 2072 3961 est
2112 3907 2166 3958 in
2198 3902 2355 3971 ipso?
2391 3899 2466 3952 sic
2505 3913 2620 3967 qua:
2653 3904 2775 3949 sunt
2821 3892 2941 3954 Dei,
2975 3904 3123 3946 nemo
3163 3885 3305 3939 novit
3343 3882 3448 3935 nisi

1885 4000 2116 4068 Spiritus
2148 3995 2239 4048 Dei
2266 3994 2328 4046 ⁸⁸.
2375 3991 2440 4044 Ει
2480 4003 2672 4044 rursus
2715 3986 2827 4040 ait:
2857 3982 3118 4039 Animalis
3163 3981 3314 4033 homo
3347 3993 3450 4032 non

1881 4091 2102 4160 percipit
2124 4101 2239 4157 qua;
2263 4092 2385 4140 sunt
2417 4081 2648 4151 Spiritus
2683 4078 2775 4133 Dei
2795 4078 2859 4131 ιτ.

1954 4361 2119 4418 Vides
2148 4357 2296 4430 quod
2329 4355 2530 4425 ubique
2561 4353 2617 4407 in
2653 4351 2932 4421 Scriptura
2973 4346 3206 4418 Spiritus
3249 4343 3447 4414 praedis

192 4461 377 4505 τεται,
423 4443 517 4496 καὶ
562 4441 797 4512 οὐδαμοῦ
842 4442 1056 4495 κτιστὸν
1102 4441 1460 4512 ὁνομάζεται;
1506 4443 1570 4495 Τί
1619 4443 1662 4495 δ’
1711 4443 1773 4498 ἂν

1884 4461 2058 4516 catur,
2095 4459 2149 4504 ct
2181 4460 2450 4518 nusquam
2482 4442 2793 4498 nominatur
2827 4438 3114 4493 creatura?
3142 4434 3280 4501 Quid
3321 4447 3450 4486 vero

191 4535 432 4590 εἴπωσιν
462 4535 512 4586 οἰ
549 4534 786 4598 ἀσεϐεῖς,
813 4531 906 4586 τοῦ
949 4532 1153 4603 Κυρίου
1198 4533 1613 4598 ἀποστέλλοντος
1652 4534 1778 4598 τοὺς

194 4625 456 4699 μαθητὰς
501 4623 781 4695 βαπτίζειν
820 4625 878 4677 ὲν
919 4624 1139 4694 ὀνόματι
1183 4623 1275 4676 τοῦ
1325 4624 1658 4697 Πατρὸς,καὶ
1684 4622 1778 4678 τοῦ

189 4717 459 4778 fiala).
485 4715 578 4770 τοῦ
607 4716 760 4784 ἁγίου
787 4715 1132 4786 Πνεύματος;
1159 4717 1565 4786 ἁναντιρῤήτως
1596 4732 1783 4769 κοινω-

190 4809 320 4863 νίαν
351 4809 444 4861 καὶ
468 4807 693 4880 ἑνότητα
725 4807 937 4878 ἔχοντα·
965 4806 1165 4878 καθ’ἥν
1190 4806 1311 4859 οὔτε
1337 4808 1585 4877 Θεότητες
1607 4810 1777 4879 τρεῖς,

188 4901 325 4956 οὔτε
341 4901 678 4973 κυριότητες,
693 4899 805 4954 ἀλλ’
823 4900 1035 4972 ἀληθῶς
1047 4899 1153 4953 τῶν
1167 4900 1331 4970 τριῶν
1352 4900 1396 4951 Π
1408 4897 1664 4970 ροσώπων
1681 4916 1778 4969 με·-

193 4994 404 5048 νόντων
423 4991 672 5061 βεϐαίως,
699 4993 808 5046 τῶν
844 4992 1010 5066 τριῶν
1036 4992 1134 5063 τὴν
1165 4992 1358 5047 ἕνωσιν
1387 4991 1772 5062 ὁμολογητέον·

192 5086 350 5140 οὕτω
369 5085 477 5157 γὰρ
498 5084 946 5158 [τὸὰποστέλλον]
967 5087 1060 5139 καὶ
1093 5086 1154 5139 τὸ
1184 5084 1662 5155 ἁποστελλόμενον,
1695 5087 1775 5136 οὶ-

193 5179 372 5241 κεὶως
393 5179 457 5232 ἂν
476 5179 802 5243 πιστεύοιτο,
821 5178 1176 5252 καθ’ὃΠατὴρ
1192 5180 1282 5232 τὸν
1296 5180 1422 5232 Υἱὸν
1439 5177 1772 5240 ἀπέστειλεν,

195 5273 300 5326 καὶ
329 5271 459 5334 Υἱὸς
485 5273 546 5325 τὸ
560 5271 784 5342 Πνεῦμα
801 5272 1119 5326 ἀποστέλλει
1137 5289 1148 5301 ·
1175 5272 1232 5325 ἓν
1247 5271 1304 5324 δὲ
1332 5271 1645 5342 Πρόσωπων
1675 5271 1774 5323 οὐκ

195 5365 271 5420 ἂν
294 5363 561 5435 πέμψειεν
595 5366 726 5419 αὐτὸ
753 5366 916 5419 ἑαυτό
937 5383 950 5397 ·
969 5366 1144 5420 οὐκᾶν
1163 5366 1270 5438 γάρ
1293 5381 1373 5428 τις
1401 5366 1538 5418 εἴποι
1557 5363 1774 5432 Πατέρα

198 5457 588 5528 σαρκωθέντασ
652 5459 722 5512 τὰ
770 5460 878 5530 γὰρ
928 5459 1026 5529 τῆς
1075 5459 1309 5521 πίστεως
1367 5457 1770 5528 ὁμολογήματα,

196 5551 327 5612 ταῖς
359 5548 466 5602 τῶν
499 5549 760 5621 αἱρέσεων
792 5551 850 5602 οὐ
881 5550 1260 5620 συνδραμεὶπται
1289 5548 1647 5613 κακοδοξίαις.
1685 5548 1774 5598 Δεῖ

198 5643 259 5695 δὲ
300 5643 419 5704 τοῖς
468 5640 632 5705 θείοις
679 5643 770 5695 καὶ
816 5644 1189 5706 ὰποστολικοίς
1239 5642 1502 5711 δόγμασιν
1546 5638 1772 5692 ἕπεσθαι

278 5758 324 5787 ¹⁰
383 5754 538 5810 Rom.
568 5772 686 5819 VIII,
714 5759 800 5822 M,
840 5759 924 5811 15.
1005 5756 1335 5817 ¹¹1ὶοηι.ικ,
1371 5756 1418 5808 i.

205 5827 254 5858 “
280 5826 418 5883 ibid.
447 5828 502 5895 9,
546 5828 629 5890 10,
666 5830 747 5889 Η.

1881 4541 2032 4612 impii
2061 4540 2264 4604 dicent,
2309 4535 2576 4606 siquidem
2616 4532 2862 4586 mittente
2897 4528 3126 4584 Domino
3147 4524 3448 4593 discipulos

1881 4633 1949 4686 ad
1985 4629 2366 4701 baptizandum
2392 4627 2447 4680 in
2484 4624 2706 4679 nomine
2734 4619 2931 4684 Patris,
2969 4626 3024 4673 et
3054 4615 3198 4680 Filii,
3233 4623 3287 4669 et
3320 4613 3446 4682 Spi-

1879 4723 2020 4778 ritus
2054 4720 2228 4776 sancti
2254 4719 2328 4785 ¹⁸;
2355 4731 2466 4770 non
2497 4723 2674 4784 potest
2702 4708 3000 4767 contradici
3038 4707 3168 4776 quin
3214 4705 3449 4762 habeant

1882 4811 2321 4868 communionem
2359 4817 2414 4862 et
2433 4807 2718 4866 unitatem,
2749 4801 3046 4856 secundum
3078 4811 3240 4864 quam
3271 4806 3448 4862 neque

1881 4914 1992 4960 tres
2043 4901 2376 4962 divinitates,
2423 4911 2598 4967 neque
2646 4904 2755 4949 tres
2803 4888 3221 4952 dominationes,
3271 4899 3448 4955 neque

1881 5006 1993 5051 tres
2039 4993 2376 5057 sanctitates,
2425 4989 2518 5044 sed
2569 4987 2746 5042 tribus
2774 4982 3032 5038 Personis
3073 4978 3446 5043 manentibus,

1881 5088 2035 5142 ﬁrme
2064 5087 2194 5141 unio
2225 5085 2386 5139 trium
2425 5079 2728 5136 conﬁtenda
2761 5084 2844 5132 est
2878 5094 2891 5130 :
2925 5074 3005 5130 sic
3050 5073 3194 5127 enim
3244 5084 3445 5125 conve-

1883 5181 2091 5233 nienler
2130 5176 2368 5230 creditur
2413 5173 2632 5226 mittens
2685 5178 2740 5224 et
2787 5169 3037 5222 missum.
3090 5163 3242 5218 Sicut
3283 5161 3447 5216 Pater

1883 5271 2074 5325 Filium
2099 5268 2268 5332 misit,
2291 5275 2344 5320 et
2359 5265 2527 5320 Filius
2547 5261 2806 5332 Spiritum
2831 5268 3077 5316 sanctum
3103 5255 3266 5310 mittit
3294 5272 3307 5310 :
3337 5267 3444 5307 una

1882 5377 2010 5416 vero
2037 5374 2266 5430 persona
2297 5371 2576 5425 nunquam
2618 5355 2850 5422 scipsam
2891 5351 3120 5416 miserit,
3154 5365 3262 5404 non
3295 5347 3443 5403 enim

1882 5452 2081 5522 aliquis
2112 5453 2253 5506 dicet
2280 5449 2493 5504 Patrem
2519 5449 2886 5512 incarnatum;
2915 5459 3038 5511 qute
3060 5444 3206 5498 enim
3235 5443 3288 5497 in
3310 5457 3446 5497 con-

1881 5544 2117 5600 t'essibne
2149 5541 2270 5595 ﬁdei
2305 5539 2668 5604 continentur,
2696 5551 2804 5590 non
2831 5542 3157 5590 concurrent
3187 5548 3312 5587 cum
3340 5531 3447 5587 fal-

1879 5635 1954 5690 sis
1988 5633 2368 5689 haereticorum
2402 5630 2764 5700 opinionibus.
2793 5627 3011 5697 Oportet
3041 5635 3219 5681 autem
3257 5634 3315 5694 ut
3345 5639 3449 5679 no—

1498 5756 1542 5784 ”
1577 5753 1773 5806 Romn

1885 5751 1974 5809 i3.
2051 5749 2093 5780 ²³
2125 5747 2254 5802 lliid.
2282 5746 2462 5801 15-19.
2545 5748 2584 5778 ¹⁵
2612 5745 2745 5800 lbid.
2779 5740 2867 5798 50.
2949 5742 2991 5774 ¹³
3019 5740 3189 5798 lCor.
3213 5758 3271 5809 II,
3301 5741 3355 5806 4,
3385 5739 3448 5811 5,

830 5828 1024 5884 "Ibid.
1059 5828 1143 5884 14.
1223 5828 1264 5858 ¹⁸
1295 5825 1483 5882 Matth.
1511 5839 1696 5893 χχι-ιιι,
1736 5822 1820 5879 19.
