3876 6520
451 385 592 443 “l5

1121 379 1179 435 S.
1220 376 1546 435 GREGORII
1586 374 1943 433 THAUMAT.
1984 374 2137 429 OPP.
2169 372 2348 428 PARS
2387 371 2686 427 ALTERA.
2723 400 2791 411 —
2818 369 3049 428 DUBIA.

3550 369 3680 424 5H6

446 512 575 553 suae
598 496 848 553 notiones
876 495 1061 551 divina
1085 502 1139 548 et
1179 480 1474 563 apostolica
1503 492 1753 563 dogmata
1783 505 1998 559 sequan-

2122 488 2220 552 τὰς
2252 488 2526 559 ἡμετέρας
2575 486 2802 549 ὲννοίας,
2833 485 2893 538 οὐ
2944 484 3041 549 τὰς
3084 484 3356 555 ἡμετέρας
3392 483 3680 549 ἀδυνάτους

448 596 579 643 tur:
612 606 721 644 non
753 598 934 644 autem
978 596 1036 642 ut
1081 594 1282 640 nostrae
1329 584 1580 638 tictiones
1633 581 2015 653 impossibiles,

454 680 654 736 divinae
683 680 805 735 ﬁdei
836 678 1181 750 dogmatibus
1213 677 1321 731 vim
1358 674 1632 729 afferant.-

520 773 577 827 Si
620 784 801 851 autem
847 772 1128 827 dixerint:
1169 768 1454 836 Quomodo
1503 776 1611 823 tres
1656 765 1926 830 Personae,
1964 775 2019 820 et

446 861 721 934 quomod'o
765 877 873 916 una
906 860 1198 915 divinitas?
1227 860 1470 915 dicemus
1496 858 1576 913 eis
1608 868 1715 913 tres
1749 856 2017 912 Personas

444 970 589 1013 esse.
617 954 758 1008 sicut
779 969 883 1007 una
903 952 1122 1023 quidem
1158 959 1240 1006 est
1262 949 1356 1005 Dei
1390 949 1589 1013 Patris,
1622 964 1729 1002 una
1753 963 1882 1003 vero
1908 947 2016 1001 Do-

446 1043 580 1097 mini
601 1042 745 1106 Filii,
772 1051 825 1096 et
847 1057 952 1095 una
989 1039 1224 1110 Spiritus
1236 1039 1408 1094 sancti
1429 1057 1443 1102 ;
1470 1054 1573 1092 una
1589 1053 1718 1093 vero
1733 1036 2011 1103 divinitas,

443 1135 501 1206 in
536 1144 798 1204 quantum
829 1132 1028 1195 Patris.
1064 1132 1156 1201 qui
1190 1147 1333 1185 unus
1370 1139 1472 1195 est,
1509 1130 1687 1200 imago
1716 1137 1800 1185 est
1821 1128 2011 1193 Filius,

442 1224 499 1279 id
536 1234 639 1291 est,
673 1224 817 1280 Deus
856 1239 923 1279 ex
971 1222 1105 1289 Deo,
1132 1230 1184 1277 et
1230 1220 1464 1290 Spiritus
1501 1221 1753 1277 similiter
1790 1229 2014 1275 vocatur

445 1315 684 1387 Spiritus
718 1317 833 1383 Dei,
862 1325 915 1371 et
938 1316 1044 1371 boe
1070 1316 1388 1369 naturaliter
1428 1314 1725 1369 secundum
1764 1301 2009 1368 eamdem

440 1409 829 1472 substantiam,
863 1423 972 1462 non
1009 1407 1309 1461 secundum
1360 1406 1834 1476 participationem
1882 1405 2007 1470 Dei;

436 1511 492 1558 et
510 1516 620 1555 una
635 1508 717 1554 est
744 1498 1045 1554 substantia
1063 1498 1365 1565 Trinitatis,
1384 1499 1529 1569 quod
1558 1498 1773 1568 quidem
1802 1513 1907 1551 non
1929 1509 2012 1552 est

436 1593 493 1646 in
524 1592 592 1647 iis
623 1607 745 1662 qua:
768 1590 907 1645 facta
931 1601 1091 1657 sunt;
1121 1607 1229 1644 non
1271 1592 1416 1645 enim
1448 1600 1531 1646 est
1563 1606 1669 1645 una
1706 1589 2010 1645 substantia

440 1682 537 1738 Dei
568 1692 623 1739 et
671 1700 859 1739 eorum
890 1698 1009 1753 quae
1032 1682 1170 1738 facta
1197 1692 1343 1746 sunt,
1370 1681 1625 1751 quoniam
1658 1680 1792 1734 nihil
1814 1681 2007 1733 horum

435 1785 521 1831 est
555 1777 860 1831 substantia
900 1776 1066 1830 Deus.
1111 1775 1224 1831 Imo
1257 1790 1432 1844 neque
1453 1773 1719 1828 Dominus
1746 1781 1830 1827 est
1851 1772 2009 1842 quid-

2123 579 2423 647 φαντασίας
2443 579 2511 632 τὰ
2534 580 2630 649 τῆς
2659 577 2805 640 θείας
2834 578 3067 639 πίστεως
3096 574 3374 645 βιάζεσθαι
3420 575 3676 645 δόγματα.

2202 670 2326 723 Ἐἀν
2355 670 2411 722 δὲ
2443 669 2634 722 είπωσι
2655 685 2667 698 ο
2689 667 2813 731 Πῶς
2838 667 2965 739 τρία
2997 667 3289 738 Πρόσωπα,
3322 667 3416 719 καὶ
3447 667 3567 730 πῶς
3591 669 3680 736 μία

2119 761 2335 825 θεότης;
2377 759 2606 831 ἐροῦμεν
2659 759 2861 822 αὐτοῖς,
2915 759 2997 812 ὅτι
3040 759 3167 827 τρία
3233 759 3331 829 μὲν
3383 759 3675 830 Πρὸσωττα,

2117 850 2237 905 καθ’
2270 851 2298 903 ὃ
2330 850 2387 904 ἓν
2430 851 2527 922 μὲν
2551 850 2683 903 Θεοῦ
2712 850 2943 921 Πατρὸς,
2977 849 3034 903 ἓν
3063 850 3119 902 δὲ
3159 850 3363 922 Κυρίου
3400 850 3560 917 Υίοῦ,
3592 854 3680 906 καὶ

2116 942 2173 995 ἓν
2204 942 2296 995 τοῦ
2332 942 2484 1010 ἁγίου
2515 941 2828 1012 Πνεῦματος
2850 959 2863 971 ·
2905 941 3002 1012 μία
3027 942 3082 994 δὲ
3132 941 3327 1013 θεότης
3359 941 3485 995 καθ’
3520 944 3551 995 ὃ
3592 943 3679 998 τοῦ

2116 1033 2327 1104 Πατρὸς
2372 1033 2488 1096 ἑνὸς
2509 1032 2679 1096 ὄντος,
2714 1032 2848 1086 Θεοῦ
2887 1032 3049 1086 εἰκών
3084 1035 3230 1087 ἐστιν
3261 1036 3289 1088 6
3338 1034 3494 1098 Υἱὸς,
3528 1052 3680 1089 τουτ-

2115 1127 2231 1180 έστι
2282 1126 2412 1190 Θεὸς
2446 1129 2509 1179 ἐκ
2555 1124 2710 1189 Θεοῦ,
2748 1126 2840 1179 καὶ
2875 1125 2935 1179 τὸ
2963 1126 3183 1197 Πνεῦμα
3213 1127 3415 1197 ὁμοίως
3442 1129 3681 1183 καλεῖται

2113 1219 2205 1272 τοῦ
2233 1218 2390 1283 Θεοῦ,
2423 1218 2519 1272 καὶ
2547 1218 2701 1272 τοῦτο
2733 1218 2976 1287 φυσικῶς
3008 1220 3125 1272 κατ’
3153 1220 3321 1290 αὐτὴν
3346 1222 3449 1289 τὴν
3475 1222 3679 1286 οὐσίαν,

2112 1308 2172 1361 οὐ
2194 1308 2332 1362 κατά
2360 1308 2645 1376 μετουσίαν
2669 1306 2802 1360 Θεοῦ
2822 1325 2835 1337 ο
2868 1310 2960 1361 καὶ
2996 1309 3093 1377 μία
3119 1308 3218 1377 τῆς
3244 1309 3479 1380 Τριάδος
3505 1311 3677 1375 οὐσία,

2110 1401 2246 1471 ὅπερ
2295 1401 2385 1453 ἐπὶ
2431 1400 2537 1454 τῶν
2585 1400 2903 1470 ποιημάτων
2949 1401 3049 1453 οὐκ
3099 1400 3277 1454 ἔστιν·
3314 1402 3376 1454 οὗ
3427 1403 3541 1473 γὰρ
3589 1404 3679 1473 μία

2110 1492 2265 1547 οὐσία
2313 1491 2446 1546 Θεοῦ
2493 1493 2586 1546 καὶ
2630 1492 2737 1546 τῶν
2784 1492 3123 1562 ποιημάτων,
3156 1493 3235 1546 ὅτι
3286 1494 3441 1547 οὐδὲν
3476 1494 3679 1548 τούτων

2109 1587 2173 1655 τῇ
2208 1585 2367 1657 οὐσίᾳ
2407 1584 2540 1648 Θεός
2563 1601 2578 1626 ε
2610 1584 2722 1638 ἀλλ’
2758 1584 2879 1639 οὐδὲ
2908 1584 3110 1655 Κύριος
3137 1585 3288 1638 οὐδὲν
3317 1586 3528 1639 τούτων
3563 1589 3677 1641 κατ*

2106 1675 2315 1741 οὐσίαν,
2350 1675 2464 1729 ἀλλ’
2498 1671 2579 1739 είς
2610 1675 2812 1748 Κύριος
2849 1678 2877 1729 6
2924 1677 3070 1742 Υἱὸς,
3106 1678 3201 1730 καὶ
3242 1678 3298 1732 ἓν
3341 1679 3401 1732 τὸ
3456 1680 3678 1751 Πνεῦμα

2107 1767 2168 1821 τὸ
2201 1769 2351 1837 ἅγιον
2373 1784 2387 1797 '
2411 1767 2640 1838 λέγομεν
2665 1768 2722 1821 δὲ
2751 1768 2844 1821 καὶ
2873 1768 3000 1839 μίαν
3038 1769 3265 1841 θεότητα
3297 1771 3393 1825 καὶ
3418 1772 3553 1843 μίαν
3587 1792 3676 1827 πω-

435 1882 600 1936 quam
645 1869 841 1921 horum
872 1867 1168 1922 secundum
1205 1866 1594 1930 substantiam;
1632 1866 1725 1920 sed
1759 1880 1901 1918 unus
1921 1871 1998 1918 esl

2113 1864 2349 1935 ριότητα,
2374 1863 2467 1917 καὶ
2496 1863 2621 1934 μίαν
2643 1864 2904 1934 άγιότητα
2926 1864 3023 1936 τὴν
3054 1865 3257 1936 Τριάδα
3276 1882 3289 1896 ·
3323 1866 3402 1919 ὅτι
3422 1840 3542 1920 *τοῦ
3571 1870 3678 1921 Κυ-

435 1955 582 2013 Deus
602 1956 761 2013 Pater
783 1958 907 2029 (Δί’),
930 1974 1074 2013 unus
1102 1958 1365 2012 Dominus
1390 1957 1577 2018 Filius.
1597 1972 1739 2010 unus
1772 1954 2005 2024 Spiritus

430 2058 677 2115 sanctus,
728 2049 1074 2118 dicimusque
1123 2064 1288 2102 unam
1340 2047 1702 2111 divinitatem,
1751 2054 1807 2099 et
1841 2059 2004 2100 unam

430 2140 884 2207 dominationem,
935 2151 1098 2211 atque
1145 2156 1310 2196 unam
1361 2140 1729 2205 sanctitatem,
1767 2136 2007 2191 Trinitae

428 2240 562 2296 tem,
613 2234 739 2303 quia
794 2233 1120 2311 principium
1170 2232 1387 2288 Domini
1435 2240 1517 2287 est
1562 2231 1741 2297 Pater,
1803 2228 1898 2299 qui
1938 2242 2007 2283 ex

2111 1956 2227 2025 ρίου
2259 1956 2287 2006 6
2319 1955 2508 2027 Πατὴρ
2535 1954 2676 2027 ἀρχὴ
2703 1955 2886 2019 ἀϊδίως
2920 1955 3079 2009 αὐτὸν
3103 1958 3386 2028 γεννήσας,
3419 1958 3516 2011 καὶ
3538 1977 3679 2030 πρω-

2107 2046 2340 2111 τότυπος
2372 2048 2463 2101 τοῦ
2495 2049 2811 2118 Πνεύματος
2841 2050 2869 2100 ὁ
2901 2049 3104 2121 Κύριος
3128 2067 3142 2080 ·
3177 2050 3317 2103 οὕτω
3366 2050 3481 2121 γάρ
3526 2054 3620 2105 καὶ
3648 2055 3676 2105 6

2107 2137 2296 2210 Πατὴρ
2328 2141 2552 2211 Κύριος,
2586 2141 2680 2194 καὶ
2711 2143 2739 2194 6
2768 2140 2897 2203 Υἱὸς
2928 2141 3081 2205 Θεὸς,
3115 2142 3207 2195 καὶ
3242 2143 3370 2214 περὶ
3399 2143 3499 2197 τοῦ
3542 2145 3675 2198 Θεοῦ

2108 2229 2319 2303 εἴρηται
2348 2232 2428 2286 ὅτι
2460 2233 2703 2302 Πνεῦμα
2730 2236 2763 2287 ό
2809 2235 2969 2300 Θεός.

427 2330 731 2386 aeternitate
776 2347 900 2385 eum
951 2330 1160 2413 genuit,
1196 2338 1250 2385 et
1274 2328 1538 2384 Dominus
1558 2336 1643 2384 est
1662 2334 1982 2398 prototypus
2013 2323 2248 2397 Spiritus
2281 2330 2475 2386 sancti.
2515 2328 2605 2386 Sic
2635 2331 2779 2385 enim
2815 2341 2868 2387 et
2919 2330 3079 2386 Pater
3134 2330 3419 2396 Dominus,
3489 2344 3545 2388 et
3589 2333 3675 2388 Fi-

423 2424 536 2481 iius
563 2424 724 2491 Deus,
752 2436 805 2482 et
826 2427 891 2481 de
913 2424 1023 2480 Deo
1051 2426 1255 2480 dictum
1280 2433 1363 2479 est
1387 2443 1399 2478 :
1420 2424 1561 2479 Deus
1588 2433 1665 2478 est
1704 2421 1932 2492 Spiritus
1965 2419 2029 2474 η.

500 2517 838 2573 Conﬁtemur
900 2520 1065 2589 igitur
1116 2535 1285 2573 unum
1335 2517 1503 2572 Deum
1557 2533 1785 2581 verum,
1834 2531 2003 2570 unum

424 2610 780 2680 principium,
827 2621 880 2665 et
918 2628 1088 2665 unum
1121 2611 1316 2665 Filium
1353 2625 1543 2665 verum
1575 2609 1742 2664 Deum
1775 2623 1840 2663 ex
1874 2624 2004 2665 vero

426 2702 541 2767 Deo
576 2704 893 2759 naturaliter
912 2703 1202 2759 Paternam
1235 2703 1570 2759 divinitatem
1606 2702 1918 2768 habentem,
1947 2701 2002 2756 id

424 2804 536 2860 est,
562 2793 847 2867 ὁμοούσιον
864 2794 1033 2861 Patri,
1062 2806 1115 2851 et
1144 2812 1309 2850 unum
1330 2793 1590 2865 Spiritum
1616 2802 1883 2859 sanetum,
1907 2793 2000 2863 qui

425 2898 623 2961 natura
667 2896 722 2943 et
774 2888 1004 2943 veritate
1033 2888 1139 2941 vim
1191 2887 1356 2964 habet
1384 2886 1567 2941 omnia
1599 2885 1997 2949 sanctiﬁcandi,

426 2980 483 3034 id
514 2991 615 3047 est,
642 2995 706 3035 ex
737 2980 1043 3035 substantia
1080 2978 1170 3035 Dei
1210 2978 1457 3036 deiﬁcus.
1498 2977 1605 3033 Eos
1637 2993 1765 3034 vero
1794 2978 1887 3048 qui
1914 2977 1998 3033 vel

2193 2511 2587 2585 Ὀμολογοῦμεν
2609 2508 2700 2567 οῦν
2726 2513 2823 2569 ἕνα
2848 2514 2979 2567 Θεὸν
3006 2513 3273 2586 ἀληθινὸν,
3312 2516 3447 2586 μίαν
3478 2517 3673 2587 ἀρχὴν.

2108 2605 2201 2658 καὶ¹
2233 2606 2328 2658 ἕνα
2354 2605 2499 2670 Υίὸν,
2527 2605 2777 2676 ἀληθινὸν
2802 2605 2934 2659 Θεὸν
2958 2605 3018 2671 ἐξ
3042 2606 3295 2679 ἀληθινοῦ
3318 2607 3479 2672 Θεοῦ,
3518 2626 3670 2677 φυσι-

2104 2697 2218 2761 κῶς
2250 2697 2346 2768 τὴν
2366 2698 2647 2769 Πατρικὴν
2680 2697 2907 2769 θεότητα
2934 2696 3142 2768 ἔχοντα,
3174 2698 3456 2753 τουτέστιν
3488 2701 3674 2770 ὁμοιούε-

2106 2805 2219 2842 σιον
2269 2788 2347 2859 τῷ
2396 2789 2602 2860 Πατρί·
2655 2789 2749 2842 καὶ
2802 2789 2859 2841 ἒν
2911 2789 3135 2860 Πνεῦμα
3185 2790 3338 2859 ἆγιον
3386 2791 3549 2861 φύσει
3582 2794 3674 2845 καὶ

2104 2879 2333 2952 ἀληθείᾳ
2377 2880 2486 2933 τῶν
2539 2880 2756 2934 πάντων
2807 2880 3147 2949 ἁγιαστικὸν,
3176 2884 3267 2936 καὶ
3317 2883 3567 2939 θεοποιὸν
3610 2888 3672 2939 ὲκ

2104 2972 2204 3044 τῆς
2230 2972 2414 3037 οὐσίας
2440 2972 2532 3026 τοῦ
2566 2971 2700 3026 Θεοῦ
2730 2972 3001 3044 ὑπάρχοψ
3031 2974 3159 3037 τοὺς
3180 2974 3235 3027 δὲ
3260 2975 3292 3045 ἢ
3326 2975 3420 3029 τὸν
3455 2978 3606 3039 Υἱὸν,
3636 2978 3673 3048 ἢ

428 3071 627 3126 Filium
682 3071 765 3126 vel
805 3070 1072 3141 Spiritum
1126 3079 1376 3126 sanctum
1430 3079 1737 3125 creaturam
1790 3068 1998 3135 dicunt,

2106 3066 2163 3118 τὸ
2192 3064 2415 3136 Πνεῦμα
2458 3065 2518 3118 τὸ
2550 3065 2723 3134 ἅγιον,
2757 3066 2963 3136 κτίσμα
2994 3064 3246 3133 λέγοντας
3278 3067 3667 3138 ἀναθεματίζο-

425 3162 973 3218 anathematizamus.
1022 3161 1217 3218 Omnia
1249 3178 1379 3219 vero
1407 3162 1511 3216 alia
1542 3161 1868 3217 confitemur
1915 3160 1999 3215 fa-

423 3266 513 3309 cta
537 3270 679 3323 esse,
713 3264 768 3310 et
801 3272 954 3310 serva
984 3271 1014 3310 a
1057 3255 1167 3310 Deo
1195 3264 1373 3311 creata
1411 3271 1506 3325 per
1538 3254 1756 3321 Filium,
1786 3254 1842 3307 in
1876 3252 2000 3323 Spi-,

422 3344 532 3398 ritu
584 3356 773 3401 saneto
823 3347 1163 3402 sanctiﬁcata
1204 3347 1304 3417 (5).
1359 3344 1625 3400 Praeterea
1676 3344 1999 3400 conﬁtemur

424 3434 623 3491 Filium
673 3436 763 3492 Dei
812 3437 1017 3492 factum
1052 3453 1174 3493 esse
1222 3438 1393 3492 ﬁlium
1450 3436 1706 3501 hominis,
1744 3437 1837 3506 qui
1887 3452 1999 3491 non

425 3529 650 3583 nomine
697 3529 791 3583 sed
841 3529 1071 3584 veritate
1115 3528 1412 3597 assumpsit
1454 3542 1673 3582 carnem
1723 3543 1788 3581 ex
1828 3525 1999 3583 Maria

432 3618 668 3689 Virgine,
704 3635 933 3689 esseque
960 3618 1258 3688 perfectum
1291 3618 1487 3672 Filium
1520 3617 1711 3684 Deum,
1749 3627 1803 3672 ct
1845 3633 1998 3673 eum-

422 3709 548 3765 dem
577 3711 744 3764 tilium
779 3711 1037 3775 hominis,
1063 3725 1225 3763 unam
1258 3724 1567 3778 personam,
1599 3718 1650 3764 et
1683 3726 1846 3764 unam
1869 3712 1996 3765 ado-

419 3802 689 3856 rationem
722 3800 885 3855 Verbi
920 3810 975 3856 et
1017 3802 1200 3855 carnis
1229 3816 1393 3870 quam
1425 3802 1741 3870 assumpsit,
1784 3810 1837 3856 et
1864 3817 1997 3857 ana-

421 3895 841 3950 thematizamus
887 3910 981 3949 eos
1026 3894 1120 3965 qui
1164 3894 1475 3949 differentes
1521 3894 1868 3950 adorationes
1913 3894 1995 3949 fa-

423 3993 597 4061 ciunt,
639 4010 803 4049 unam
852 3993 1115 4055 divinam,
1152 4003 1205 4049 et
1238 4010 1401 4049 unam
1430 3994 1747 4058 humanam,
1781 4000 1833 4046 et
1859 3990 1992 4044 ado-

422 4093 607 4139 rantes
651 4086 929 4140 hominem
958 4102 1022 4140 ex
1060 4086 1227 4140 Maria
1258 4096 1511 4157 tanquam
1543 4086 1771 4140 alterum
1799 4091 1997 4153 praeter.

420 4174 591 4230 Deum
624 4193 689 4231 ex
720 4177 849 4233 Deo.
891 4178 1108 4233 Scimus
1144 4179 1287 4233 enim
1322 4179 1465 4248 quod
1489 4179 1543 4231 in
1583 4177 1843 4247 principio
1878 4184 1991 4229 erat

430 4264 673 4331 Verbum,
725 4280 771 4323 et
834 4268 1058 4323 Verbum
1097 4280 1209 4324 erat
1246 4272 1386 4340 apud
1420 4270 1608 4333 Deum,
1637 4279 1686 4323 et
1716 4268 1855 4322 Deus
1879 4278 1991 4321 erat

428 4357 656 4411 Verbum
677 4361 742 4412 ὀ.
774 4360 995 4418 Factum
1030 4379 1159 4418 vero
1189 4364 1463 4417 hominem
1494 4370 1717 4432 propter
1746 4370 1987 4415 nostrain

2104 3174 2229 3228 μεν·
2266 3158 2334 3211 τὰ
2378 3157 2434 3210 δὲ
2484 3156 2619 3211 ἄλλα
2652 3158 2827 3211 πάντα
2860 3157 3226 3229 ὁμολογοῦμεν
3260 3160 3546 3229 ποιήματα
3581 3162 3671 3231 καὶ

2096 3249 2261 3303 δοῦλα
2283 3249 2569 3304 κτισθέντα
2592 3249 2697 3302 ὑπὸ
2721 3248 2854 3303 Θεοῦ
2889 3249 2956 3303 δι’
2983 3249 3113 3303 Υἱοῦ
3142 3252 3200 3305 ὲν
3233 3251 3513 3322 Πνεῦμα-ει
3535 3252 3669 3323 ἁγίῳ

2099 3342 2446 3410 ἁγιασθέντα.
2496 3343 2616 3394 Ἔτι
2666 3340 3029 3413 ὁμολογοῦμεν
3074 3342 3165 3396 τὸν
3216 3342 3346 3396 Υίὸν
3392 3344 3487 3397 τοῦ
3539 3344 3667 3399 Θεοῦ

2101 3434 2212 3486 υἱὸν
2247 3433 2532 3504 ἀνθρώπου
2558 3433 2880 3504 γεγενῆσθαι
2904 3435 3003 3487 οὐκ
3030 3435 3251 3506 ὀνόματι
3280 3436 3419 3490 ἀλλά
3449 3438 3667 3511 ἀληθείᾳ

2099 3524 2473 3596 προσλαϐόντα
2508 3524 2685 3595 σάρκα
2715 3526 2779 3576 ὲκ
2808 3523 3025 3594 Μαρίας
3057 3523 3334 3594 Παρθένου
3357 3542 3373 3555 ·
3415 3528 3510 3579 καὶ
3535 3522 3665 3580 εἶναι

2097 3616 2300 3669 τέλειον
2338 3616 2497 3671 αὑτὸν
2532 3616 2658 3668 Υίὸν
2704 3615 2836 3668 Θεοῦ
2871 3616 2964 3668 καὶ
2997 3615 3158 3669 αὐτὸν
3201 3616 3315 3669 υἱὸν
3353 3617 3662 3690 ἀνθρώπου,

2098 3707 2155 3761 ἓν
2180 3709 2486 3780 πρόσωπον,
2517 3708 2609 3760 καὶ
2642 3708 2768 3778 μίαν
2802 3707 2897 3779 τὴν
2931 3706 3302 3780 προσκύνησιν
3346 3710 3448 3763 τοῦ
3499 3712 3663 3779 Λόγου

2095 3801 2188 3854 καὶ
2236 3799 2331 3871 τὴς
2378 3800 2574 3871 σαρκὸς
2614 3802 2679 3870 ἣν
2728 3799 3016 3854 ἀνέλαϐεν·
3062 3802 3155 3854 καὶ
3200 3801 3664 3875 ἀναθεματίζομεν

2094 3893 2219 3955 τοὺς
2241 3892 2528 3962 διαφόρους
2550 3894 2947 3964 προσκυνήσεις
2971 3892 3276 3956 ποιοῦντας,
3305 3895 3437 3965 μίαν
3464 3897 3661 3967 θεῖκὴν,

2094 3982 2189 4034 καὶ
2238 3982 2365 4052 μίαν
2407 3982 2751 4052 ἀνθρωπίνην
2775 4000 2787 4012 ·
2840 3983 2933 4037 καὶ
2988 3985 3422 4054 προσκυνοῦντες
3473 3989 3563 4042 τὸν
3604 3991 3663 4041 ὲκ

2092 4074 2309 4143 Μαρίας
2339 4073 2621 4145 ἄνθρωπον
2648 4074 2722 4138 ὡς
2747 4074 2932 4145 ἓτερον
2965 4076 3091 4128 ὅντα
3124 4077 3273 4149 παρά
3308 4078 3401 4131 τὸν
3440 4083 3504 4135 ὲκ
3533 4080 3672 4133 Θεοῦ

2092 4161 2223 4221 Θεὸν
2247 4181 2263 4205 ·ν
2296 4164 2513 4234 οἴδαμεν
2562 4164 2669 4235 γάρ
2719 4165 2798 4217 ὅτι
2848 4166 2917 4218 ἐν
2961 4165 3120 4235 ἀρχῇ
3146 4167 3261 4236 μὲν
3292 4165 3372 4238 ἦν
3407 4173 3443 4223 ὀ
3462 4171 3663 4241 Λόγος,

2091 4256 2187 4308 καὶ
2217 4259 2250 4310 ὁ
2278 4257 2466 4323 Λόγος
2492 4252 2572 4325 ἦν
2595 4256 2744 4324 πρὸς
2770 4256 2876 4310 τὸν
2906 4258 3071 4322 6865-,
3096 4259 3193 4311 καί
3226 4260 3370 4326 Θεὸς
3398 4261 3483 4329 ἦν
3506 4266 3538 4316 ό
3558 4264 3663 4316 .ὶὸ-

2092 4364 2213 4417 γος.
2246 4348 2539 4418 Γενόμενον
2563 4348 2620 4400 δὲ
2649 4348 2811 4400 αὑτὸν
2840 4348 3121 4419 ἄνθρωπον
3144 4348 3231 4402 διὰ
3260 4350 3359 4421 τὴν
3393 4354 3661 4423 ἡμετέραν

420 4444 677 4509 salutem,
721 4449 1014 4505 adoramus
1056 4467 1164 4505 non
1204 4460 1461 4520 tanquam
1492 4451 1755 4520 aequalem
1784 4449 1987 4505 factum

2106 4439 2365 4510 σωτηρίαν
2407 4437 2837 4510 προσκυνοῦμεν,
2890 4418 2989 4510 οῦχ
3020 4440 3096 4503 ὡς
3135 4436 3250 4494 ἶσον
3283 4418 3341 4494 ὲν
3375 4418 3479 4513 ἴσω
3512 4418 3660 4512 γενό-

419 4536 475 4589 in
506 4538 700 4607 aequali
728 4555 975 4610 corpore,
1009 4541 1101 4596 sed
1136 4550 1393 4612 tanquam
1420 4541 1731 4607 Dominum,
1753 4542 1845 4611 qui
1874 4540 1989 4597 for—

416 4640 563 4680 mam
586 4629 729 4683 servi
763 4632 1082 4701 sumpsit“.
1132 4631 1467 4687 Conlitemur
1516 4632 1824 4702 passionem
1881 4631 1985 4687 Do-

415 4717 550 4771 mini
579 4722 877 4775 seeundum
922 4739 1163 4791 carnem,
1202 4724 1658 4779 resurrectionem
1699 4725 1753 4778 in
1788 4724 1985 4779 virtute

417 4808 713 4866 divinitatis
739 4813 878 4881 ejus,
907 4815 1283 4871 ascensionem
1311 4815 1365 4869 in
1396 4804 1582 4881 caelos,
1608 4824 1661 4870 et
1686 4815 1982 4887 gloriosum

414 4897 704 4953 adventum
733 4901 884 4971 ejus:
914 4905 1007 4973 qui
1038 4914 1295 4959 venturus
1326 4916 1411 4959 est
1438 4906 1504 4959 ad
1536 4905 1801 4975 judicium
1826 4906 1980 4959 vivo-

413 5003 535 5042 rum
558 4999 611 5044 et
632 5003 992 5059 mortuorum,
1015 5004 1069 5051 et
1088 4998 1154 5051 ad
1175 4998 1339 5052 vitam
1365 5005 1621 5052 attentam
1643 5005 1977 5051 sanctorum.

485 5079 551 5134 Et
583 5083 710 5151 quia
742 5087 987 5140 nonnulli
1020 5089 1207 5144 turbas
1240 5089 1398 5144 nobis
1430 5089 1761 5153 excitarunt,
1796 5088 1976 5141 niten-

413 5181 496 5227 tes
526 5182 767 5230 evertere
793 5177 951 5231 tidem
985 5189 1225 5233 nostram
1272 5182 1327 5234 in
1367 5178 1645 5235 Christum
1685 5178 1977 5233 Dominum

414 5274 686 5331 nostrum,
737 5285 845 5323 non
888 5271 1209 5327 conﬁtentes
1241 5271 1409 5327 Deum
1443 5288 1566 5328 esse
1608 5272 1975 5336 incarnatum,

414 5354 507 5410 sed
536 5355 812 5411 hominem
836 5356 948 5412 Deo
972 5359 1280 5427 copulatum
1311 5377 1324 5412 :
1353 5360 1554 5415 idcirco
1579 5359 1975 5415 confessionem

414 5445 627 5503 edimus
661 5446 728 5503 de
769 5449 890 5510 ﬁde.
926 5466 1089 5520 quam
1132 5452 1393 5518 diximus,
1425 5452 1734 5521 rejicientes
1762 5461 1977 5507 contra-

486 5587 529 5620 ”
545 5583 705 5643 Joan.
734 5604 806 5649 tv,
845 5587 937 5643 24.
1014 5589 1057 5619 ²⁰
1087 5586 1243 5642 Joan.
1276 5605 1309 5651 ι,
1340 5588 1390 5641 1.
1465 5590 1506 5619 ¹¹
1539 5560 1735 5657 Phiiip.
1766 5604 1826 5650 tt,
1848 5587 1909 5642 r7.

2097 4547 2255 4601 μενον
2302 4529 2378 4601 τῷ
2418 4530 2658 4599 σώματι,
2701 4529 2815 4582 ἀλλ’
2860 4531 2935 4593 ὡς
2964 4532 3238 4602 Δεσπότην
3285 4535 3661 4605 προσλαϐόντα

2091 4622 2188 4694 τὴν
2219 4622 2312 4675 τοῦ
2343 4622 2525 4676 δούλου
2559 4624 2786 4694 μορφήν.
2840 4623 3235 4694 Ὁμολογοῦμεν
3266 4626 3327 4678 τὸ
3362 4628 3543 4692 πάθος
3570 4628 3659 4681 τοῦ

2092 4719 2296 4788 Κυρίου
2326 4717 2466 4771 κατά
2497 4717 2694 4787 σάρκα,
2730 4713 2830 4787 τὴν
2872 4716 3163 4770 ἀνάστασιν
3194 4718 3253 4770 ὲν
3280 4718 3511 4790 δυνάμει
3543 4720 3661 4774 θεό-

2089 4828 2249 4881 τητος
2281 4809 2466 4873 αὐτοῦ,
2500 4809 2597 4881 τὴν
2629 4812 2707 4873 εἰς
2758 4809 3017 4880 οὐρανοὺς
3059 4808 3344 4871 ἀνάϐασιν,
3380 4812 3482 4883 τὴν
3523 4813 3660 4866 ἔνδο-

2091 4902 2179 4969 ξον
2216 4903 2379 4958 αὐτοῦ
2422 4902 2721 4972 παρουσίαν
2760 4903 3054 4973 ἐρχομένου
3099 4903 3190 4956 ἐπὶ
3228 4906 3411 4976 κρίσει
3446 4907 3659 4972 ζώντων

2087 4995 2180 5048 καὶ
2208 4994 2433 5067 νεκρῶν,
2473 4994 2565 5047 καὶ
2598 4993 2708 5064 ζωῇ
2742 4994 2942 5064 αἰωνίῳ
2972 4994 3080 5050 τῶν
3109 4995 3299 5064 ἁγίων.

2157 5087 2265 5139 Καὶ
2308 5085 2491 5155 ἐπειδὴ
2522 5085 2664 5148 τινὲς
2707 5085 3123 5158 παρηνόχλησαν
3168 5088 3300 5157 ἡμῖν
3332 5088 3658 5159 ἀνατρέπειν

2090 5177 2490 5249 ἐπιχειροῦντες
2515 5178 2613 5247 τὴν
2655 5179 2835 5233 πίστιν
2873 5178 3029 5250 ἡμῶν
3070 5178 3168 5250 τὴν
3210 5182 3291 5243 είς
3332 5182 3424 5235 τὸν
3455 5181 3656 5251 Κύριον

2086 5271 2241 5342 ἡμῶν
2278 5268 2481 5342 Ἰησοῦν
2511 5269 2603 5322 τὸν
2631 5270 2881 5341 Χριστὸν,
2911 5272 2970 5324 οὐ
3004 5271 3133 5324 Θεὸν
3165 5272 3513 5343 σαρκωθέντα
3536 5275 3657 5343 ὀμο-

2085 5360 2367 5429 λογοῦντες
2402 5359 2583 5421 αὑτὸν,
2613 5359 2749 5413 ἀλλά
2796 5359 3078 5431 ἄνθρωπον
3126 5360 3245 5427 Θεῷ
3290 5360 3654 5428 συναφθέντα,

2082 5452 2270 5505 τούτου
2314 5450 2472 5520 χάριν
2515 5448 2801 5519 ὁμολογίαν
2831 5448 3128 5519 ποιούμεθα
3168 5449 3293 5519 περὶ
3325 5450 3425 5521 τῆς
3465 5466 3655 5519 προει-

483 5675 579 5747 (4·)
608 5677 984 5752 Ροτιεᾲιοςειήι
1016 5681 1279 5752 interpres
1307 5699 1318 5734 :
1343 5681 1457 5734 ἀλλ’
1489 5678 1570 5744 εἷς
1598 5681 1729 5743 Θεὸς
1766 5683 1792 5733 ὁ
1827 5680 1998 5752 [lati];

2106 5673 2149 5743 ἴς
2177 5680 2399 5751 Κύριος,
2434 5688 2561 5742 etc.,
2606 5687 2659 5731 et
2703 5662 2781 5732 sic
2813 5677 3031 5749 quidem
3077 5676 3469 5733 restituendum
3530 5689 3655 5731 esse

414 5755 619 5799 textum
645 5749 936 5803 credimus.
976 5752 1132 5806 Eutr.
1158 5749 1412 5805 ῬΑτιιοι..

488 5816 563 5889 (5)
584 5818 928 5874 Sanctiticata
951 5821 1223 5893 inSpiritu
1241 5832 1427 5878 sancto
1441 5820 1567 5877 dicit
1586 5838 1704 5891 qua:
1723 5830 1848 5879 sunt
1868 5822 2058 5878 idonea
2084 5820 2147 5877 ad
2166 5821 2521 5893 recipiendam
2543 5818 3048 5887 sanctificationem,
3070 5827 3125 5874 ut
3142 5817 3423 5874 rationalia
3435 5816 3649 5873 omnia.
