  <div class='ocr_page' id='page_1' title='image "/cluster/home/n/w/nwhite01/storage/ocr_20150623/10/hvd.32044019207620/566.png"; bbox 0 0 3876 6518; ppageno 0'>
   <div class='ocr_carea' id='block_1_1' title="bbox 149 381 288 437">
    <p class='ocr_par' dir='ltr' id='par_1_1' title="bbox 149 381 288 437">
     <span class='ocr_line' id='line_1_1' title="bbox 149 381 288 437; baseline -0.022 0"><span class='ocrx_word' id='word_1_1' title='bbox 149 381 288 437; x_wconf 77' lang='grc' dir='ltr'>ΗΠ</span> 
     </span>
    </p>
   </div>
   <div class='ocr_carea' id='block_1_2' title="bbox 1409 387 2129 443">
    <p class='ocr_par' dir='ltr' id='par_1_2' title="bbox 1409 387 2129 443">
     <span class='ocr_line' id='line_1_2' title="bbox 1409 387 2129 443; baseline 0.004 -3"><span class='ocrx_word' id='word_1_2' title='bbox 1409 388 1595 441; x_wconf 80' lang='grc' dir='ltr'><strong>ΚΑΤΑ</strong></span> <span class='ocrx_word' id='word_1_3' title='bbox 1630 387 1858 442; x_wconf 84' lang='grc' dir='ltr'><strong>ΜΕΡΟΣ</strong></span> <span class='ocrx_word' id='word_1_4' title='bbox 1890 389 2129 443; x_wconf 78' lang='grc' dir='ltr'><strong>ΠΙΣΤῘΣ.</strong></span> 
     </span>
    </p>
   </div>
   <div class='ocr_carea' id='block_1_3' title="bbox 3241 386 3383 442">
    <p class='ocr_par' dir='ltr' id='par_1_3' title="bbox 3241 386 3383 442">
     <span class='ocr_line' id='line_1_3' title="bbox 3241 386 3383 442; baseline 0.007 -2"><span class='ocrx_word' id='word_1_5' title='bbox 3241 386 3383 442; x_wconf 73' lang='lat' dir='ltr'><strong>HIS</strong></span> 
     </span>
    </p>
   </div>
   <div class='ocr_carea' id='block_1_4' title="bbox 150 495 1720 570">
    <p class='ocr_par' dir='ltr' id='par_1_4' title="bbox 150 495 1720 570">
     <span class='ocr_line' id='line_1_4' title="bbox 150 495 1720 570; baseline 0.002 -23"><span class='ocrx_word' id='word_1_6' title='bbox 150 497 395 570; x_wconf 78' lang='grc' dir='ltr'>ρημένης</span> <span class='ocrx_word' id='word_1_7' title='bbox 436 496 687 560; x_wconf 87' lang='grc' dir='ltr'>πίστεως,</span> <span class='ocrx_word' id='word_1_8' title='bbox 733 495 1081 561; x_wconf 89' lang='grc' dir='ltr'>ἐκϐάλλοντες</span> <span class='ocrx_word' id='word_1_9' title='bbox 1118 498 1217 568; x_wconf 84' lang='grc' dir='ltr'>τὴν</span> <span class='ocrx_word' id='word_1_10' title='bbox 1248 498 1473 552; x_wconf 80' lang='grc' dir='ltr'>ἄπιστον</span> <span class='ocrx_word' id='word_1_11' title='bbox 1516 498 1720 552; x_wconf 85' lang='grc' dir='ltr'>ἀντιλο-</span> 
     </span>
    </p>
   </div>
   <div class='ocr_carea' id='block_1_5' title="bbox 1827 495 3378 570">
    <p class='ocr_par' dir='ltr' id='par_1_5' title="bbox 1827 498 3378 569">
     <span class='ocr_line' id='line_1_5' title="bbox 1827 498 3378 569; baseline 0.001 -15"><span class='ocrx_word' id='word_1_12' title='bbox 1827 499 2121 555; x_wconf 85' lang='lat' dir='ltr'><strong>dicentium</strong></span> <span class='ocrx_word' id='word_1_13' title='bbox 2152 499 2453 569; x_wconf 78' lang='lat' dir='ltr'><strong>perﬁdiam.</strong></span> <span class='ocrx_word' id='word_1_14' title='bbox 2492 498 2633 554; x_wconf 88' lang='lat' dir='ltr'><strong>Deus</strong></span> <span class='ocrx_word' id='word_1_15' title='bbox 2660 499 2803 554; x_wconf 89' lang='lat' dir='ltr'><strong>enim</strong></span> <span class='ocrx_word' id='word_1_16' title='bbox 2831 498 3067 553; x_wconf 87' lang='lat' dir='ltr'><strong>humana</strong></span> <span class='ocrx_word' id='word_1_17' title='bbox 3101 513 3264 554; x_wconf 86' lang='lat' dir='ltr'><strong>carne</strong></span> <span class='ocrx_word' id='word_1_18' title='bbox 3289 500 3378 555; x_wconf 85' lang='lat' dir='ltr'><strong>in-</strong></span> 
     </span>
    </p>
   </div>
   <div class='ocr_carea' id='block_1_6' title="bbox 148 585 1719 658">
    <p class='ocr_par' dir='ltr' id='par_1_6' title="bbox 148 585 1719 658">
     <span class='ocr_line' id='line_1_6' title="bbox 148 585 1719 658; baseline -0.001 -20"><span class='ocrx_word' id='word_1_19' title='bbox 148 589 277 655; x_wconf 74' lang='grc' dir='ltr'>γίαν</span> <span class='ocrx_word' id='word_1_20' title='bbox 296 602 309 615; x_wconf 89' lang='grc'><strong>·</strong></span> <span class='ocrx_word' id='word_1_21' title='bbox 356 585 485 649; x_wconf 90' lang='grc' dir='ltr'>Θεὸς</span> <span class='ocrx_word' id='word_1_22' title='bbox 517 585 626 653; x_wconf 78' lang='grc' dir='ltr'>γὰρ</span> <span class='ocrx_word' id='word_1_23' title='bbox 658 585 959 657; x_wconf 77' lang='grc' dir='ltr'>σαρκωθεὶς</span> <span class='ocrx_word' id='word_1_24' title='bbox 986 585 1298 658; x_wconf 79' lang='grc' dir='ltr'><strong>ἀνθρωπίνῃ</strong></span> <span class='ocrx_word' id='word_1_25' title='bbox 1340 586 1524 657; x_wconf 71' lang='grc' dir='ltr'>σαρκὶ,</span> <span class='ocrx_word' id='word_1_26' title='bbox 1552 585 1719 639; x_wconf 88' lang='grc' dir='ltr'>καθα-</span> 
     </span>
    </p>
   </div>
   <div class='ocr_carea' id='block_1_7' title="bbox 152 677 1720 751">
    <p class='ocr_par' dir='ltr' id='par_1_7' title="bbox 152 677 1720 751">
     <span class='ocr_line' id='line_1_7' title="bbox 152 677 1720 751; baseline -0.002 -20"><span class='ocrx_word' id='word_1_27' title='bbox 152 680 255 751; x_wconf 73' lang='grc' dir='ltr'><strong>ρὰν</strong></span> <span class='ocrx_word' id='word_1_28' title='bbox 296 678 412 748; x_wconf 80' lang='grc' dir='ltr'>ἔχει</span> <span class='ocrx_word' id='word_1_29' title='bbox 438 679 534 748; x_wconf 79' lang='grc' dir='ltr'>τὴν</span> <span class='ocrx_word' id='word_1_30' title='bbox 569 678 701 731; x_wconf 81' lang='grc' dir='ltr'>ἰδίαν</span> <span class='ocrx_word' id='word_1_31' title='bbox 736 678 1036 749; x_wconf 89' lang='grc' dir='ltr'>ἐνέργειαν,</span> <span class='ocrx_word' id='word_1_32' title='bbox 1072 677 1194 740; x_wconf 90' lang='grc' dir='ltr'>νοῦς</span> <span class='ocrx_word' id='word_1_33' title='bbox 1227 679 1488 749; x_wconf 88' lang='grc' dir='ltr'>ἀήττητος</span> <span class='ocrx_word' id='word_1_34' title='bbox 1514 677 1588 731; x_wconf 82' lang='grc' dir='ltr'><strong>ὢν</strong></span> <span class='ocrx_word' id='word_1_35' title='bbox 1614 677 1720 729; x_wconf 89' lang='grc' dir='ltr'><strong>τῶν</strong></span> 
     </span>
    </p>
   </div>
   <div class='ocr_carea' id='block_1_8' title="bbox 142 768 1721 844">
    <p class='ocr_par' dir='ltr' id='par_1_8' title="bbox 142 768 1721 844">
     <span class='ocr_line' id='line_1_8' title="bbox 142 768 1721 844; baseline 0 -21"><span class='ocrx_word' id='word_1_36' title='bbox 142 768 395 844; x_wconf 69' lang='grc' dir='ltr'>ψυχικῶν</span> <span class='ocrx_word' id='word_1_37' title='bbox 410 771 497 822; x_wconf 72' lang='grc' dir='ltr'><strong>καὶ</strong></span> <span class='ocrx_word' id='word_1_38' title='bbox 515 768 787 840; x_wconf 77' lang='grc' dir='ltr'>σαρκικῶν</span> <span class='ocrx_word' id='word_1_39' title='bbox 802 770 944 840; x_wconf 87' lang='grc' dir='ltr'>παθη</span> <span class='ocrx_word' id='word_1_40' title='bbox 954 770 1152 839; x_wconf 80' lang='grc' dir='ltr'><strong>μάτων·</strong></span> <span class='ocrx_word' id='word_1_41' title='bbox 1171 771 1263 823; x_wconf 77' lang='grc' dir='ltr'><strong>καὶ</strong></span> <span class='ocrx_word' id='word_1_42' title='bbox 1277 770 1421 837; x_wconf 80' lang='grc' dir='ltr'>ἄγων</span> <span class='ocrx_word' id='word_1_43' title='bbox 1434 768 1529 839; x_wconf 83' lang='grc' dir='ltr'>τὴν</span> <span class='ocrx_word' id='word_1_44' title='bbox 1545 770 1721 839; x_wconf 80' lang='grc' dir='ltr'>σάρκα</span> 
     </span>
    </p>
   </div>
   <div class='ocr_carea' id='block_1_9' title="bbox 147 860 1721 933">
    <p class='ocr_par' dir='ltr' id='par_1_9' title="bbox 147 860 1721 933">
     <span class='ocr_line' id='line_1_9' title="bbox 147 860 1721 933; baseline -0.003 -17"><span class='ocrx_word' id='word_1_45' title='bbox 147 865 246 917; x_wconf 69' lang='grc' dir='ltr'>καὶ</span> <span class='ocrx_word' id='word_1_46' title='bbox 274 862 372 925; x_wconf 78' lang='grc' dir='ltr'>τὰς</span> <span class='ocrx_word' id='word_1_47' title='bbox 402 862 663 933; x_wconf 76' lang='grc' dir='ltr'>σαρκικὰς</span> <span class='ocrx_word' id='word_1_48' title='bbox 691 862 930 930; x_wconf 78' lang='grc' dir='ltr'><strong>κινήσεις</strong></span> <span class='ocrx_word' id='word_1_49' title='bbox 960 860 1153 924; x_wconf 87' lang='grc' dir='ltr'>θεῖκῶς</span> <span class='ocrx_word' id='word_1_50' title='bbox 1192 879 1253 914; x_wconf 87' lang='grc' dir='ltr'><strong>τε</strong></span> <span class='ocrx_word' id='word_1_51' title='bbox 1286 861 1377 913; x_wconf 78' lang='grc' dir='ltr'><strong>καὶ</strong></span> <span class='ocrx_word' id='word_1_52' title='bbox 1407 862 1721 931; x_wconf 74' lang='grc' dir='ltr'>ἀναμαρτή-</span> 
     </span>
    </p>
   </div>
   <div class='ocr_carea' id='block_1_10' title="bbox 145 950 1718 1025">
    <p class='ocr_par' dir='ltr' id='par_1_10' title="bbox 145 950 1718 1025">
     <span class='ocr_line' id='line_1_10' title="bbox 145 950 1718 1025; baseline -0.003 -17"><span class='ocrx_word' id='word_1_53' title='bbox 145 972 288 1018; x_wconf 85' lang='grc' dir='ltr'>τως·</span> <span class='ocrx_word' id='word_1_54' title='bbox 316 955 411 1007; x_wconf 72' lang='grc' dir='ltr'><strong>καὶ</strong></span> <span class='ocrx_word' id='word_1_55' title='bbox 444 954 501 1006; x_wconf 81' lang='grc' dir='ltr'><strong>ού</strong></span> <span class='ocrx_word' id='word_1_56' title='bbox 532 952 689 1025; x_wconf 85' lang='grc' dir='ltr'>μόνον</span> <span class='ocrx_word' id='word_1_57' title='bbox 718 953 1023 1023; x_wconf 81' lang='grc' dir='ltr'>ἀκράτητος</span> <span class='ocrx_word' id='word_1_58' title='bbox 1056 952 1285 1021; x_wconf 82' lang='grc' dir='ltr'><strong>Θανάτῳ,</strong></span> <span class='ocrx_word' id='word_1_59' title='bbox 1308 952 1441 1006; x_wconf 86' lang='grc' dir='ltr'>ἀλλὰ</span> <span class='ocrx_word' id='word_1_60' title='bbox 1466 952 1557 1005; x_wconf 75' lang='grc' dir='ltr'><strong>καὶ</strong></span> <span class='ocrx_word' id='word_1_61' title='bbox 1579 950 1718 1003; x_wconf 91' lang='grc' dir='ltr'>λύων</span> 
     </span>
    </p>
   </div>
   <div class='ocr_carea' id='block_1_11' title="bbox 148 1044 1719 1116">
    <p class='ocr_par' dir='ltr' id='par_1_11' title="bbox 148 1044 1719 1116">
     <span class='ocr_line' id='line_1_11' title="bbox 148 1044 1719 1116; baseline -0.003 -16"><span class='ocrx_word' id='word_1_62' title='bbox 148 1046 409 1100; x_wconf 87' lang='grc' dir='ltr'>θάνατον·</span> <span class='ocrx_word' id='word_1_63' title='bbox 448 1046 539 1099; x_wconf 73' lang='grc' dir='ltr'><strong>καὶ</strong></span> <span class='ocrx_word' id='word_1_64' title='bbox 564 1044 678 1098; x_wconf 76' lang='grc' dir='ltr'>ἐστι</span> <span class='ocrx_word' id='word_1_65' title='bbox 709 1044 839 1107; x_wconf 92' lang='grc' dir='ltr'>Θεὸς</span> <span class='ocrx_word' id='word_1_66' title='bbox 867 1044 1117 1116; x_wconf 84' lang='grc' dir='ltr'>ἀληθινὸς</span> <span class='ocrx_word' id='word_1_67' title='bbox 1145 1047 1172 1099; x_wconf 85' lang='grc' dir='ltr'>ὁ</span> <span class='ocrx_word' id='word_1_68' title='bbox 1197 1046 1435 1115; x_wconf 80' lang='grc' dir='ltr'>ἄσαρκος</span> <span class='ocrx_word' id='word_1_69' title='bbox 1468 1045 1525 1097; x_wconf 85' lang='grc' dir='ltr'><strong>ἐν</strong></span> <span class='ocrx_word' id='word_1_70' title='bbox 1555 1044 1719 1114; x_wconf 73' lang='grc' dir='ltr'>σαρκὶ</span> 
     </span>
    </p>
   </div>
   <div class='ocr_carea' id='block_1_12' title="bbox 149 1134 1715 1208">
    <p class='ocr_par' dir='ltr' id='par_1_12' title="bbox 149 1134 1715 1208">
     <span class='ocr_line' id='line_1_12' title="bbox 149 1134 1715 1208; baseline -0.004 -15"><span class='ocrx_word' id='word_1_71' title='bbox 149 1138 509 1208; x_wconf 72' lang='grc' dir='ltr'>φανερωθεὶς,</span> <span class='ocrx_word' id='word_1_72' title='bbox 531 1137 733 1201; x_wconf 89' lang='grc' dir='ltr'>τέλειος</span> <span class='ocrx_word' id='word_1_73' title='bbox 762 1140 828 1207; x_wconf 80' lang='grc' dir='ltr'>τῇ</span> <span class='ocrx_word' id='word_1_74' title='bbox 865 1137 1090 1208; x_wconf 80' lang='grc' dir='ltr'>ἀληθινῇ</span> <span class='ocrx_word' id='word_1_75' title='bbox 1125 1136 1218 1189; x_wconf 75' lang='grc' dir='ltr'><strong>καὶ</strong></span> <span class='ocrx_word' id='word_1_76' title='bbox 1253 1136 1372 1207; x_wconf 79' lang='grc' dir='ltr'>θεία</span> <span class='ocrx_word' id='word_1_77' title='bbox 1399 1134 1715 1206; x_wconf 77' lang='grc' dir='ltr'>τελειότητι,</span> 
     </span>
    </p>
   </div>
   <div class='ocr_carea' id='block_1_13' title="bbox 147 1226 1715 1300">
    <p class='ocr_par' dir='ltr' id='par_1_13' title="bbox 147 1226 1715 1300">
     <span class='ocr_line' id='line_1_13' title="bbox 147 1226 1715 1300; baseline -0.003 -17"><span class='ocrx_word' id='word_1_78' title='bbox 147 1232 212 1283; x_wconf 84' lang='grc' dir='ltr'><strong>ού</strong></span> <span class='ocrx_word' id='word_1_79' title='bbox 245 1231 340 1284; x_wconf 83' lang='grc' dir='ltr'>δύο</span> <span class='ocrx_word' id='word_1_80' title='bbox 374 1229 658 1300; x_wconf 87' lang='grc' dir='ltr'>πρόσωπα,</span> <span class='ocrx_word' id='word_1_81' title='bbox 688 1228 805 1282; x_wconf 83' lang='grc' dir='ltr'><strong>οὺδέ</strong></span> <span class='ocrx_word' id='word_1_82' title='bbox 835 1228 943 1300; x_wconf 80' lang='grc' dir='ltr'><strong>γὰρ</strong></span> <span class='ocrx_word' id='word_1_83' title='bbox 981 1228 1219 1299; x_wconf 86' lang='grc' dir='ltr'>τέσσαρα</span> <span class='ocrx_word' id='word_1_84' title='bbox 1262 1229 1583 1297; x_wconf 76' lang='grc' dir='ltr'>προσκυνεῖν</span> <span class='ocrx_word' id='word_1_85' title='bbox 1624 1226 1715 1279; x_wconf 89' lang='grc' dir='ltr'>λέ-</span> 
     </span>
    </p>
   </div>
   <div class='ocr_carea' id='block_1_14' title="bbox 148 1318 1719 1393">
    <p class='ocr_par' dir='ltr' id='par_1_14' title="bbox 148 1318 1719 1393">
     <span class='ocr_line' id='line_1_14' title="bbox 148 1318 1719 1393; baseline -0.003 -18"><span class='ocrx_word' id='word_1_86' title='bbox 148 1340 346 1393; x_wconf 86' lang='grc' dir='ltr'>γομεν,</span> <span class='ocrx_word' id='word_1_87' title='bbox 393 1321 524 1374; x_wconf 88' lang='grc' dir='ltr'>Θεὸν</span> <span class='ocrx_word' id='word_1_88' title='bbox 578 1322 671 1375; x_wconf 74' lang='grc' dir='ltr'><strong>καὶ</strong></span> <span class='ocrx_word' id='word_1_89' title='bbox 729 1321 855 1373; x_wconf 83' lang='grc' dir='ltr'>Υίὸν</span> <span class='ocrx_word' id='word_1_90' title='bbox 912 1318 1067 1383; x_wconf 87' lang='grc' dir='ltr'>Θεοῦ,</span> <span class='ocrx_word' id='word_1_91' title='bbox 1120 1319 1213 1377; x_wconf 75' lang='grc' dir='ltr'><strong>καὶ</strong></span> <span class='ocrx_word' id='word_1_92' title='bbox 1269 1319 1572 1389; x_wconf 83' lang='grc' dir='ltr'>ἄνθρωπον,</span> <span class='ocrx_word' id='word_1_93' title='bbox 1625 1318 1719 1371; x_wconf 68' lang='grc' dir='ltr'><strong>καὶ</strong></span> 
     </span>
    </p>
   </div>
   <div class='ocr_carea' id='block_1_15' title="bbox 148 1409 1719 1485">
    <p class='ocr_par' dir='ltr' id='par_1_15' title="bbox 148 1409 1719 1485">
     <span class='ocr_line' id='line_1_15' title="bbox 148 1409 1719 1485; baseline -0.004 -17"><span class='ocrx_word' id='word_1_94' title='bbox 148 1415 384 1485; x_wconf 87' lang='grc' dir='ltr'>Πνεῦμα</span> <span class='ocrx_word' id='word_1_95' title='bbox 423 1415 592 1483; x_wconf 75' lang='grc' dir='ltr'>ἅγιον.</span> <span class='ocrx_word' id='word_1_96' title='bbox 626 1413 717 1466; x_wconf 85' lang='grc' dir='ltr'>Διὸ</span> <span class='ocrx_word' id='word_1_97' title='bbox 760 1413 852 1465; x_wconf 78' lang='grc' dir='ltr'><strong>καὶ</strong></span> <span class='ocrx_word' id='word_1_98' title='bbox 889 1411 1349 1483; x_wconf 71' lang='grc' dir='ltr'>ἀναθεματίζομεν</span> <span class='ocrx_word' id='word_1_99' title='bbox 1376 1412 1502 1473; x_wconf 76' lang='grc' dir='ltr'>τοὺς</span> <span class='ocrx_word' id='word_1_100' title='bbox 1548 1409 1719 1473; x_wconf 77' lang='grc' dir='ltr'>οὕτως</span> 
     </span>
    </p>
   </div>
   <div class='ocr_carea' id='block_1_16' title="bbox 148 1500 1721 1575">
    <p class='ocr_par' dir='ltr' id='par_1_16' title="bbox 148 1500 1721 1575">
     <span class='ocr_line' id='line_1_16' title="bbox 148 1500 1721 1575; baseline -0.003 -17"><span class='ocrx_word' id='word_1_101' title='bbox 148 1505 501 1567; x_wconf 88' lang='grc' dir='ltr'>ἀσεϐοῦντας,</span> <span class='ocrx_word' id='word_1_102' title='bbox 534 1505 656 1565; x_wconf 79' lang='grc' dir='ltr'>τοὺς</span> <span class='ocrx_word' id='word_1_103' title='bbox 682 1502 964 1575; x_wconf 80' lang='grc' dir='ltr'>ἄνθρωπον</span> <span class='ocrx_word' id='word_1_104' title='bbox 995 1504 1052 1555; x_wconf 87' lang='grc' dir='ltr'><strong>ἐν</strong></span> <span class='ocrx_word' id='word_1_105' title='bbox 1080 1504 1145 1573; x_wconf 84' lang='grc' dir='ltr'>τῇ</span> <span class='ocrx_word' id='word_1_106' title='bbox 1180 1500 1299 1573; x_wconf 66' lang='grc' dir='ltr'>θείᾳ</span> <span class='ocrx_word' id='word_1_107' title='bbox 1328 1501 1602 1570; x_wconf 67' lang='grc' dir='ltr'>δοξολογίᾳ</span> <span class='ocrx_word' id='word_1_108' title='bbox 1640 1518 1721 1553; x_wconf 88' lang='grc' dir='ltr'>τι-</span> 
     </span>
    </p>
   </div>
   <div class='ocr_carea' id='block_1_17' title="bbox 149 1590 1719 1663">
    <p class='ocr_par' dir='ltr' id='par_1_17' title="bbox 149 1590 1719 1663">
     <span class='ocr_line' id='line_1_17' title="bbox 149 1590 1719 1663; baseline -0.001 -19"><span class='ocrx_word' id='word_1_109' title='bbox 149 1592 348 1655; x_wconf 82' lang='grc' dir='ltr'>θέντας</span> <span class='ocrx_word' id='word_1_110' title='bbox 368 1609 381 1621; x_wconf 90' lang='grc'><strong>·</strong></span> <span class='ocrx_word' id='word_1_111' title='bbox 413 1593 573 1663; x_wconf 81' lang='grc' dir='ltr'>ἡμεῖς</span> <span class='ocrx_word' id='word_1_112' title='bbox 615 1590 724 1662; x_wconf 83' lang='grc' dir='ltr'><strong>γάρ</strong></span> <span class='ocrx_word' id='word_1_113' title='bbox 756 1592 931 1661; x_wconf 73' lang='grc' dir='ltr'>φαμὲν</span> <span class='ocrx_word' id='word_1_114' title='bbox 959 1590 1237 1662; x_wconf 76' lang='grc' dir='ltr'>ἄνθρωπον</span> <span class='ocrx_word' id='word_1_115' title='bbox 1271 1590 1595 1660; x_wconf 78' lang='grc' dir='ltr'>γεγενῆσθαι</span> <span class='ocrx_word' id='word_1_116' title='bbox 1630 1590 1719 1644; x_wconf 86' lang='grc' dir='ltr'><strong>τὸν</strong></span> 
     </span>
    </p>
   </div>
   <div class='ocr_carea' id='block_1_18' title="bbox 146 1688 1720 1760">
    <p class='ocr_par' dir='ltr' id='par_1_18' title="bbox 146 1688 1720 1760">
     <span class='ocr_line' id='line_1_18' title="bbox 146 1688 1720 1760; baseline -0.002 -16"><span class='ocrx_word' id='word_1_117' title='bbox 146 1690 245 1744; x_wconf 88' lang='grc' dir='ltr'><strong>τοῦ</strong></span> <span class='ocrx_word' id='word_1_118' title='bbox 305 1690 439 1743; x_wconf 87' lang='grc' dir='ltr'><strong>Θεοῦ</strong></span> <span class='ocrx_word' id='word_1_119' title='bbox 488 1690 656 1757; x_wconf 87' lang='grc' dir='ltr'>Λόγον</span> <span class='ocrx_word' id='word_1_120' title='bbox 714 1690 850 1760; x_wconf 85' lang='grc' dir='ltr'>πρὸς</span> <span class='ocrx_word' id='word_1_121' title='bbox 906 1688 1177 1760; x_wconf 75' lang='grc' dir='ltr'>σωτηρίαν</span> <span class='ocrx_word' id='word_1_122' title='bbox 1224 1688 1379 1759; x_wconf 86' lang='grc' dir='ltr'>ήμῶν</span> <span class='ocrx_word' id='word_1_123' title='bbox 1404 1729 1419 1754; x_wconf 94' lang='grc'><strong>,</strong></span> <span class='ocrx_word' id='word_1_124' title='bbox 1475 1690 1562 1742; x_wconf 80' lang='grc' dir='ltr'><strong>ἵνα</strong></span> <span class='ocrx_word' id='word_1_125' title='bbox 1621 1689 1720 1760; x_wconf 78' lang='grc' dir='ltr'>τὴν</span> 
     </span>
    </p>
   </div>
   <div class='ocr_carea' id='block_1_19' title="bbox 147 1782 1716 1855">
    <p class='ocr_par' dir='ltr' id='par_1_19' title="bbox 147 1782 1716 1855">
     <span class='ocr_line' id='line_1_19' title="bbox 147 1782 1716 1855; baseline -0.001 -19"><span class='ocrx_word' id='word_1_126' title='bbox 147 1784 410 1853; x_wconf 81' lang='grc' dir='ltr'>ὁμοίωσιν</span> <span class='ocrx_word' id='word_1_127' title='bbox 441 1783 532 1836; x_wconf 88' lang='grc' dir='ltr'><strong>τοῦ</strong></span> <span class='ocrx_word' id='word_1_128' title='bbox 576 1782 897 1855; x_wconf 77' lang='grc' dir='ltr'>ἐπουρανίου</span> <span class='ocrx_word' id='word_1_129' title='bbox 947 1782 1219 1852; x_wconf 85' lang='grc' dir='ltr'>λάϐωμεν,</span> <span class='ocrx_word' id='word_1_130' title='bbox 1249 1782 1342 1834; x_wconf 78' lang='grc' dir='ltr'><strong>καὶ</strong></span> <span class='ocrx_word' id='word_1_131' title='bbox 1387 1782 1716 1853; x_wconf 86' lang='grc' dir='ltr'>θεοποιηθῶ-</span> 
     </span>
    </p>
   </div>
   <div class='ocr_carea' id='block_1_20' title="bbox 1821 590 3365 660">
    <p class='ocr_par' dir='ltr' id='par_1_20' title="bbox 1821 590 3365 660">
     <span class='ocr_line' id='line_1_20' title="bbox 1821 590 3365 660; baseline 0.001 -17"><span class='ocrx_word' id='word_1_132' title='bbox 1821 600 2075 645; x_wconf 87' lang='lat' dir='ltr'><strong>carnatus</strong></span> <span class='ocrx_word' id='word_1_133' title='bbox 2107 606 2297 660; x_wconf 88' lang='lat' dir='ltr'><strong>puram</strong></span> <span class='ocrx_word' id='word_1_134' title='bbox 2330 590 2491 644; x_wconf 92' lang='lat' dir='ltr'><strong>habet</strong></span> <span class='ocrx_word' id='word_1_135' title='bbox 2512 590 2786 659; x_wconf 86' lang='lat' dir='ltr'><strong>propriam</strong></span> <span class='ocrx_word' id='word_1_136' title='bbox 2822 590 3213 658; x_wconf 75' lang='lat' dir='ltr'><strong>operationem,</strong></span> <span class='ocrx_word' id='word_1_137' title='bbox 3240 605 3365 645; x_wconf 87' lang='lat' dir='ltr'><strong>cum</strong></span> 
     </span>
    </p>
   </div>
   <div class='ocr_carea' id='block_1_21' title="bbox 1822 680 3380 751">
    <p class='ocr_par' dir='ltr' id='par_1_21' title="bbox 1822 680 3380 751">
     <span class='ocr_line' id='line_1_21' title="bbox 1822 680 3380 751; baseline 0 -16"><span class='ocrx_word' id='word_1_138' title='bbox 1822 681 1894 735; x_wconf 91' lang='lat' dir='ltr'><strong>sit</strong></span> <span class='ocrx_word' id='word_1_139' title='bbox 1935 698 2087 735; x_wconf 81' lang='lat' dir='ltr'><strong>mens</strong></span> <span class='ocrx_word' id='word_1_140' title='bbox 2130 682 2478 751; x_wconf 89' lang='lat' dir='ltr'><strong>passionibus</strong></span> <span class='ocrx_word' id='word_1_141' title='bbox 2518 681 2712 735; x_wconf 67' lang='lat' dir='ltr'><strong>anima:</strong></span> <span class='ocrx_word' id='word_1_142' title='bbox 2748 688 2803 735; x_wconf 90' lang='lat' dir='ltr'><strong>et</strong></span> <span class='ocrx_word' id='word_1_143' title='bbox 2846 681 3026 735; x_wconf 89' lang='lat' dir='ltr'><strong>carnis</strong></span> <span class='ocrx_word' id='word_1_144' title='bbox 3068 680 3289 747; x_wconf 86' lang='lat' dir='ltr'><strong>invicta,</strong></span> <span class='ocrx_word' id='word_1_145' title='bbox 3318 691 3380 735; x_wconf 91' lang='lat' dir='ltr'><strong>et</strong></span> 
     </span>
    </p>
   </div>
   <div class='ocr_carea' id='block_1_22' title="bbox 1820 771 3381 841">
    <p class='ocr_par' dir='ltr' id='par_1_22' title="bbox 1820 771 3381 841">
     <span class='ocr_line' id='line_1_22' title="bbox 1820 771 3381 841; baseline 0.001 -16"><span class='ocrx_word' id='word_1_146' title='bbox 1820 787 2039 826; x_wconf 90' lang='lat' dir='ltr'><strong>carnem</strong></span> <span class='ocrx_word' id='word_1_147' title='bbox 2090 788 2155 830; x_wconf 88' lang='lat' dir='ltr'><strong>ac</strong></span> <span class='ocrx_word' id='word_1_148' title='bbox 2209 774 2389 827; x_wconf 88' lang='lat' dir='ltr'><strong>carnis</strong></span> <span class='ocrx_word' id='word_1_149' title='bbox 2436 782 2620 826; x_wconf 90' lang='lat' dir='ltr'><strong>motus</strong></span> <span class='ocrx_word' id='word_1_150' title='bbox 2668 772 2851 826; x_wconf 88' lang='lat' dir='ltr'><strong>divine</strong></span> <span class='ocrx_word' id='word_1_151' title='bbox 2892 787 2955 827; x_wconf 90' lang='lat' dir='ltr'><strong>ac</strong></span> <span class='ocrx_word' id='word_1_152' title='bbox 3003 771 3121 826; x_wconf 84' lang='lat' dir='ltr'><strong>sine</strong></span> <span class='ocrx_word' id='word_1_153' title='bbox 3157 781 3381 841; x_wconf 86' lang='lat' dir='ltr'><strong>peccato</strong></span> 
     </span>
    </p>
   </div>
   <div class='ocr_carea' id='block_1_23' title="bbox 1820 864 3381 934">
    <p class='ocr_par' dir='ltr' id='par_1_23' title="bbox 1820 864 3381 934">
     <span class='ocr_line' id='line_1_23' title="bbox 1820 864 3381 934; baseline 0 -17"><span class='ocrx_word' id='word_1_154' title='bbox 1820 865 2129 919; x_wconf 87' lang='lat' dir='ltr'><strong>moderans.</strong></span> <span class='ocrx_word' id='word_1_155' title='bbox 2160 864 2262 930; x_wconf 85' lang='lat' dir='ltr'><strong>Qui</strong></span> <span class='ocrx_word' id='word_1_156' title='bbox 2296 880 2404 919; x_wconf 90' lang='lat' dir='ltr'><strong>non</strong></span> <span class='ocrx_word' id='word_1_157' title='bbox 2449 864 2625 919; x_wconf 89' lang='lat' dir='ltr'><strong>solum</strong></span> <span class='ocrx_word' id='word_1_158' title='bbox 2660 880 2690 917; x_wconf 91' lang='lat' dir='ltr'><strong>a</strong></span> <span class='ocrx_word' id='word_1_159' title='bbox 2732 872 2906 919; x_wconf 89' lang='lat' dir='ltr'><strong>morte</strong></span> <span class='ocrx_word' id='word_1_160' title='bbox 2935 865 3105 917; x_wconf 80' lang='lat' dir='ltr'><strong>teneri</strong></span> <span class='ocrx_word' id='word_1_161' title='bbox 3140 880 3248 918; x_wconf 90' lang='lat' dir='ltr'><strong>non</strong></span> <span class='ocrx_word' id='word_1_162' title='bbox 3282 879 3381 934; x_wconf 76' lang='lat' dir='ltr'><strong>po-</strong></span> 
     </span>
    </p>
   </div>
   <div class='ocr_carea' id='block_1_24' title="bbox 1820 952 3378 1021">
    <p class='ocr_par' dir='ltr' id='par_1_24' title="bbox 1820 952 3378 1021">
     <span class='ocr_line' id='line_1_24' title="bbox 1820 952 3378 1021; baseline 0.002 -14"><span class='ocrx_word' id='word_1_163' title='bbox 1820 955 1944 1021; x_wconf 93' lang='lat' dir='ltr'><strong>tuit,</strong></span> <span class='ocrx_word' id='word_1_164' title='bbox 1980 956 2073 1009; x_wconf 89' lang='lat' dir='ltr'><strong>sed</strong></span> <span class='ocrx_word' id='word_1_165' title='bbox 2105 956 2270 1009; x_wconf 88' lang='lat' dir='ltr'><strong>etiam</strong></span> <span class='ocrx_word' id='word_1_166' title='bbox 2300 963 2527 1009; x_wconf 85' lang='lat' dir='ltr'><strong>mortem</strong></span> <span class='ocrx_word' id='word_1_167' title='bbox 2559 954 2791 1019; x_wconf 83' lang='lat' dir='ltr'><strong>delevit;</strong></span> <span class='ocrx_word' id='word_1_168' title='bbox 2821 964 2875 1009; x_wconf 90' lang='lat' dir='ltr'><strong>et</strong></span> <span class='ocrx_word' id='word_1_169' title='bbox 2908 963 2989 1008; x_wconf 83' lang='lat' dir='ltr'><strong>est</strong></span> <span class='ocrx_word' id='word_1_170' title='bbox 3018 952 3160 1008; x_wconf 84' lang='lat' dir='ltr'><strong>Deus</strong></span> <span class='ocrx_word' id='word_1_171' title='bbox 3198 970 3378 1017; x_wconf 86' lang='lat' dir='ltr'><strong>verus,</strong></span> 
     </span>
    </p>
   </div>
   <div class='ocr_carea' id='block_1_25' title="bbox 1821 1044 3380 1116">
    <p class='ocr_par' dir='ltr' id='par_1_25' title="bbox 1821 1044 3380 1116">
     <span class='ocr_line' id='line_1_25' title="bbox 1821 1044 3380 1116; baseline -0.001 -16"><span class='ocrx_word' id='word_1_172' title='bbox 1821 1046 1916 1115; x_wconf 87' lang='lat' dir='ltr'><strong>qui</strong></span> <span class='ocrx_word' id='word_1_173' title='bbox 1947 1047 2127 1103; x_wconf 84' lang='lat' dir='ltr'><strong>carnis</strong></span> <span class='ocrx_word' id='word_1_174' title='bbox 2152 1062 2371 1116; x_wconf 76' lang='lat' dir='ltr'><strong>expers,</strong></span> <span class='ocrx_word' id='word_1_175' title='bbox 2402 1046 2454 1100; x_wconf 90' lang='lat' dir='ltr'><strong>in</strong></span> <span class='ocrx_word' id='word_1_176' title='bbox 2480 1061 2643 1101; x_wconf 91' lang='lat' dir='ltr'><strong>carne</strong></span> <span class='ocrx_word' id='word_1_177' title='bbox 2671 1045 2938 1115; x_wconf 84' lang='lat' dir='ltr'><strong>apparuit,</strong></span> <span class='ocrx_word' id='word_1_178' title='bbox 2965 1044 3233 1114; x_wconf 83' lang='lat' dir='ltr'><strong>perfectus</strong></span> <span class='ocrx_word' id='word_1_179' title='bbox 3254 1059 3380 1098; x_wconf 81' lang='lat' dir='ltr'><strong>vera</strong></span> 
     </span>
    </p>
   </div>
   <div class='ocr_carea' id='block_1_26' title="bbox 1820 1137 3382 1209">
    <p class='ocr_par' dir='ltr' id='par_1_26' title="bbox 1820 1137 3382 1209">
     <span class='ocr_line' id='line_1_26' title="bbox 1820 1137 3382 1209; baseline -0.001 -18"><span class='ocrx_word' id='word_1_180' title='bbox 1820 1150 1874 1191; x_wconf 92' lang='lat' dir='ltr'><strong>et</strong></span> <span class='ocrx_word' id='word_1_181' title='bbox 1925 1139 2105 1193; x_wconf 86' lang='lat' dir='ltr'><strong>divina</strong></span> <span class='ocrx_word' id='word_1_182' title='bbox 2162 1139 2516 1209; x_wconf 81' lang='lat' dir='ltr'><strong>perfectione.</strong></span> <span class='ocrx_word' id='word_1_183' title='bbox 2565 1137 2682 1192; x_wconf 82' lang='lat' dir='ltr'><strong>Non</strong></span> <span class='ocrx_word' id='word_1_184' title='bbox 2722 1140 2841 1191; x_wconf 77' lang='lat' dir='ltr'><strong>duae</strong></span> <span class='ocrx_word' id='word_1_185' title='bbox 2894 1152 3159 1206; x_wconf 67' lang='lat' dir='ltr'><strong>personae,</strong></span> <span class='ocrx_word' id='word_1_186' title='bbox 3206 1152 3382 1206; x_wconf 88' lang='lat' dir='ltr'><strong>neque</strong></span> 
     </span>
    </p>
   </div>
   <div class='ocr_carea' id='block_1_27' title="bbox 1819 1228 3378 1300">
    <p class='ocr_par' dir='ltr' id='par_1_27' title="bbox 1819 1228 3378 1300">
     <span class='ocr_line' id='line_1_27' title="bbox 1819 1228 3378 1300; baseline 0 -17"><span class='ocrx_word' id='word_1_187' title='bbox 1819 1228 1944 1284; x_wconf 71' lang='lat' dir='ltr'><strong>dua:</strong></span> <span class='ocrx_word' id='word_1_188' title='bbox 1986 1240 2213 1292; x_wconf 70' lang='lat' dir='ltr'><strong>naturae,</strong></span> <span class='ocrx_word' id='word_1_189' title='bbox 2254 1246 2353 1285; x_wconf 88' lang='lat' dir='ltr'><strong>nec</strong></span> <span class='ocrx_word' id='word_1_190' title='bbox 2398 1231 2541 1284; x_wconf 86' lang='lat' dir='ltr'><strong>enim</strong></span> <span class='ocrx_word' id='word_1_191' title='bbox 2589 1240 2825 1300; x_wconf 89' lang='lat' dir='ltr'><strong>quatuor</strong></span> <span class='ocrx_word' id='word_1_192' title='bbox 2856 1230 3074 1284; x_wconf 90' lang='lat' dir='ltr'><strong>adorari</strong></span> <span class='ocrx_word' id='word_1_193' title='bbox 3121 1230 3378 1294; x_wconf 88' lang='lat' dir='ltr'><strong>dicimus,</strong></span> 
     </span>
    </p>
   </div>
   <div class='ocr_carea' id='block_1_28' title="bbox 1819 1321 3381 1392">
    <p class='ocr_par' dir='ltr' id='par_1_28' title="bbox 1819 1321 3381 1392">
     <span class='ocr_line' id='line_1_28' title="bbox 1819 1321 3381 1392; baseline 0 -17"><span class='ocrx_word' id='word_1_194' title='bbox 1819 1321 2013 1386; x_wconf 88' lang='lat' dir='ltr'><strong>Deum,</strong></span> <span class='ocrx_word' id='word_1_195' title='bbox 2066 1332 2120 1378; x_wconf 89' lang='lat' dir='ltr'><strong>et</strong></span> <span class='ocrx_word' id='word_1_196' title='bbox 2164 1323 2363 1377; x_wconf 90' lang='lat' dir='ltr'><strong>Filium</strong></span> <span class='ocrx_word' id='word_1_197' title='bbox 2416 1322 2532 1389; x_wconf 86' lang='lat' dir='ltr'><strong>Dei,</strong></span> <span class='ocrx_word' id='word_1_198' title='bbox 2585 1333 2639 1378; x_wconf 89' lang='lat' dir='ltr'><strong>et</strong></span> <span class='ocrx_word' id='word_1_199' title='bbox 2687 1324 2985 1389; x_wconf 90' lang='lat' dir='ltr'><strong>hominem,</strong></span> <span class='ocrx_word' id='word_1_200' title='bbox 3013 1331 3071 1377; x_wconf 91' lang='lat' dir='ltr'><strong>et</strong></span> <span class='ocrx_word' id='word_1_201' title='bbox 3118 1321 3381 1392; x_wconf 85' lang='lat' dir='ltr'><strong>Spiritum</strong></span> 
     </span>
    </p>
   </div>
   <div class='ocr_carea' id='block_1_29' title="bbox 1821 1413 3384 1482">
    <p class='ocr_par' dir='ltr' id='par_1_29' title="bbox 1821 1413 3384 1482">
     <span class='ocr_line' id='line_1_29' title="bbox 1821 1413 3384 1482; baseline -0.001 -13"><span class='ocrx_word' id='word_1_202' title='bbox 1821 1423 2091 1473; x_wconf 83' lang='lat' dir='ltr'><strong>sanctum.</strong></span> <span class='ocrx_word' id='word_1_203' title='bbox 2134 1413 2337 1469; x_wconf 81' lang='lat' dir='ltr'><strong>Idcirco</strong></span> <span class='ocrx_word' id='word_1_204' title='bbox 2361 1429 2456 1469; x_wconf 85' lang='lat' dir='ltr'><strong>eos</strong></span> <span class='ocrx_word' id='word_1_205' title='bbox 2485 1414 3033 1480; x_wconf 84' lang='lat' dir='ltr'><strong>anathematizamus,</strong></span> <span class='ocrx_word' id='word_1_206' title='bbox 3057 1414 3149 1482; x_wconf 92' lang='lat' dir='ltr'><strong>qui</strong></span> <span class='ocrx_word' id='word_1_207' title='bbox 3177 1413 3257 1468; x_wconf 88' lang='lat' dir='ltr'><strong>sic</strong></span> <span class='ocrx_word' id='word_1_208' title='bbox 3287 1414 3384 1467; x_wconf 87' lang='lat' dir='ltr'><strong>im-</strong></span> 
     </span>
    </p>
   </div>
   <div class='ocr_carea' id='block_1_30' title="bbox 1818 1505 3385 1577">
    <p class='ocr_par' dir='ltr' id='par_1_30' title="bbox 1818 1505 3385 1577">
     <span class='ocr_line' id='line_1_30' title="bbox 1818 1505 3385 1577; baseline 0 -18"><span class='ocrx_word' id='word_1_209' title='bbox 1818 1507 1893 1575; x_wconf 89' lang='lat' dir='ltr'><strong>pii</strong></span> <span class='ocrx_word' id='word_1_210' title='bbox 1926 1518 2072 1571; x_wconf 91' lang='lat' dir='ltr'><strong>sunt,</strong></span> <span class='ocrx_word' id='word_1_211' title='bbox 2110 1507 2204 1577; x_wconf 75' lang='lat' dir='ltr'><strong>qui</strong></span> <span class='ocrx_word' id='word_1_212' title='bbox 2251 1507 2527 1561; x_wconf 83' lang='lat' dir='ltr'><strong>hominem</strong></span> <span class='ocrx_word' id='word_1_213' title='bbox 2582 1505 2637 1559; x_wconf 91' lang='lat' dir='ltr'><strong>in</strong></span> <span class='ocrx_word' id='word_1_214' title='bbox 2693 1507 2875 1560; x_wconf 90' lang='lat' dir='ltr'><strong>divina</strong></span> <span class='ocrx_word' id='word_1_215' title='bbox 2926 1506 3236 1561; x_wconf 83' lang='lat' dir='ltr'><strong>laudatione</strong></span> <span class='ocrx_word' id='word_1_216' title='bbox 3284 1520 3385 1574; x_wconf 87' lang='lat' dir='ltr'><strong>po-</strong></span> 
     </span>
    </p>
   </div>
   <div class='ocr_carea' id='block_1_31' title="bbox 1819 1595 3384 1653">
    <p class='ocr_par' dir='ltr' id='par_1_31' title="bbox 1819 1595 3384 1653">
     <span class='ocr_line' id='line_1_31' title="bbox 1819 1595 3384 1653; baseline -0.001 -2"><span class='ocrx_word' id='word_1_217' title='bbox 1819 1606 1977 1651; x_wconf 89' lang='lat' dir='ltr'><strong>nunt.</strong></span> <span class='ocrx_word' id='word_1_218' title='bbox 2000 1597 2109 1652; x_wconf 83' lang='lat' dir='ltr'><strong>Nos</strong></span> <span class='ocrx_word' id='word_1_219' title='bbox 2142 1599 2286 1653; x_wconf 90' lang='lat' dir='ltr'><strong>enim</strong></span> <span class='ocrx_word' id='word_1_220' title='bbox 2332 1598 2566 1653; x_wconf 81' lang='lat' dir='ltr'><strong>dicimus</strong></span> <span class='ocrx_word' id='word_1_221' title='bbox 2598 1596 2835 1651; x_wconf 81' lang='lat' dir='ltr'><strong>Verbum</strong></span> <span class='ocrx_word' id='word_1_222' title='bbox 2874 1595 2968 1650; x_wconf 89' lang='lat' dir='ltr'><strong>Dei</strong></span> <span class='ocrx_word' id='word_1_223' title='bbox 3006 1596 3205 1650; x_wconf 79' lang='lat' dir='ltr'><strong>factum</strong></span> <span class='ocrx_word' id='word_1_224' title='bbox 3260 1611 3384 1652; x_wconf 86' lang='lat' dir='ltr'><strong>esse</strong></span> 
     </span>
    </p>
   </div>
   <div class='ocr_carea' id='block_1_32' title="bbox 1820 1676 3384 1752">
    <p class='ocr_par' dir='ltr' id='par_1_32' title="bbox 1820 1676 3384 1752">
     <span class='ocr_line' id='line_1_32' title="bbox 1820 1676 3384 1752; baseline -0.002 -9"><span class='ocrx_word' id='word_1_225' title='bbox 1820 1688 2096 1743; x_wconf 87' lang='lat' dir='ltr'><strong>hominem</strong></span> <span class='ocrx_word' id='word_1_226' title='bbox 2141 1689 2206 1741; x_wconf 89' lang='lat' dir='ltr'><strong>ad</strong></span> <span class='ocrx_word' id='word_1_227' title='bbox 2252 1699 2497 1743; x_wconf 87' lang='lat' dir='ltr'><strong>nostram</strong></span> <span class='ocrx_word' id='word_1_228' title='bbox 2557 1689 2810 1752; x_wconf 88' lang='lat' dir='ltr'><strong>salutem,</strong></span> <span class='ocrx_word' id='word_1_229' title='bbox 2864 1698 2925 1741; x_wconf 90' lang='lat' dir='ltr'><strong>ut</strong></span> <span class='ocrx_word' id='word_1_230' title='bbox 2972 1676 3384 1741; x_wconf 73' lang='lat' dir='ltr'><strong>similitudinem</strong></span> 
     </span>
    </p>
   </div>
   <div class='ocr_carea' id='block_1_33' title="bbox 1821 1777 3384 1848">
    <p class='ocr_par' dir='ltr' id='par_1_33' title="bbox 1821 1777 3384 1848">
     <span class='ocr_line' id='line_1_33' title="bbox 1821 1777 3384 1848; baseline -0.003 -14"><span class='ocrx_word' id='word_1_231' title='bbox 1821 1778 2061 1834; x_wconf 71' lang='lat' dir='ltr'><strong>cmlestis</strong></span> <span class='ocrx_word' id='word_1_232' title='bbox 2111 1779 2410 1848; x_wconf 87' lang='lat' dir='ltr'><strong>capiamus,</strong></span> <span class='ocrx_word' id='word_1_233' title='bbox 2440 1787 2494 1833; x_wconf 86' lang='lat' dir='ltr'><strong>et</strong></span> <span class='ocrx_word' id='word_1_234' title='bbox 2526 1779 2848 1834; x_wconf 82' lang='lat' dir='ltr'><strong>deiﬁcemur</strong></span> <span class='ocrx_word' id='word_1_235' title='bbox 2870 1777 2937 1832; x_wconf 88' lang='lat' dir='ltr'><strong>ad</strong></span> <span class='ocrx_word' id='word_1_236' title='bbox 2970 1777 3384 1832; x_wconf 86' lang='lat' dir='ltr'><strong>similitudinem</strong></span> 
     </span>
    </p>
   </div>
   <div class='ocr_carea' id='block_1_34' title="bbox 151 1850 1720 1946">
    <p class='ocr_par' dir='ltr' id='par_1_34' title="bbox 151 1850 1715 1946">
     <span class='ocr_line' id='line_1_34' title="bbox 151 1850 1715 1946; baseline 0.001 -20"><span class='ocrx_word' id='word_1_237' title='bbox 151 1850 256 1945; x_wconf 78' lang='grc' dir='ltr'><strong>μεν</strong></span> <span class='ocrx_word' id='word_1_238' title='bbox 288 1876 422 1946; x_wconf 77' lang='grc' dir='ltr'>πρὸς</span> <span class='ocrx_word' id='word_1_239' title='bbox 448 1850 739 1946; x_wconf 79' lang='grc' dir='ltr'>ὁμοιότητα</span> <span class='ocrx_word' id='word_1_240' title='bbox 767 1874 859 1927; x_wconf 92' lang='grc' dir='ltr'><strong>τοῦ</strong></span> <span class='ocrx_word' id='word_1_241' title='bbox 908 1875 1049 1928; x_wconf 87' lang='grc' dir='ltr'><strong>κατὰ</strong></span> <span class='ocrx_word' id='word_1_242' title='bbox 1097 1850 1257 1943; x_wconf 54' lang='lat' dir='ltr'><strong>eum</strong></span> <span class='ocrx_word' id='word_1_243' title='bbox 1300 1874 1552 1945; x_wconf 75' lang='grc' dir='ltr'>ἀληθινοῦ</span> <span class='ocrx_word' id='word_1_244' title='bbox 1587 1850 1715 1927; x_wconf 71' lang='grc' dir='ltr'>Ῠίοῦ</span> 
     </span>
    </p>
   </div>
   <div class='ocr_carea' id='block_1_35' title="bbox 1827 1850 3389 1946">
    <p class='ocr_par' dir='ltr' id='par_1_35' title="bbox 1827 1868 3389 1932">
     <span class='ocr_line' id='line_1_35' title="bbox 1827 1868 3389 1932; baseline -0.002 -9"><span class='ocrx_word' id='word_1_245' title='bbox 1827 1872 1928 1926; x_wconf 78' lang='lat' dir='ltr'><strong>veri</strong></span> <span class='ocrx_word' id='word_1_246' title='bbox 1956 1872 2252 1925; x_wconf 91' lang='lat' dir='ltr'><strong>secundum</strong></span> <span class='ocrx_word' id='word_1_247' title='bbox 2302 1881 2553 1925; x_wconf 89' lang='lat' dir='ltr'><strong>naturam</strong></span> <span class='ocrx_word' id='word_1_248' title='bbox 2592 1868 2712 1923; x_wconf 87' lang='lat' dir='ltr'><strong>Filii</strong></span> <span class='ocrx_word' id='word_1_249' title='bbox 2746 1868 2863 1932; x_wconf 91' lang='lat' dir='ltr'><strong>Dei,</strong></span> <span class='ocrx_word' id='word_1_250' title='bbox 2917 1868 3215 1925; x_wconf 83' lang='lat' dir='ltr'><strong>secundum</strong></span> <span class='ocrx_word' id='word_1_251' title='bbox 3256 1882 3389 1926; x_wconf 87' lang='lat' dir='ltr'><strong>vero</strong></span> 
     </span>
    </p>
   </div>
   <div class='ocr_carea' id='block_1_36' title="bbox 146 1964 1717 2039">
    <p class='ocr_par' dir='ltr' id='par_1_36' title="bbox 146 1964 1717 2039">
     <span class='ocr_line' id='line_1_36' title="bbox 146 1964 1717 2039; baseline 0.001 -19"><span class='ocrx_word' id='word_1_252' title='bbox 146 1966 245 2020; x_wconf 85' lang='grc' dir='ltr'><strong>τοῦ</strong></span> <span class='ocrx_word' id='word_1_253' title='bbox 286 1966 443 2031; x_wconf 89' lang='grc' dir='ltr'>Θεοῦ,</span> <span class='ocrx_word' id='word_1_254' title='bbox 474 1966 616 2021; x_wconf 76' lang='grc' dir='ltr'>κατὰ</span> <span class='ocrx_word' id='word_1_255' title='bbox 656 1967 835 2039; x_wconf 86' lang='grc' dir='ltr'>σάρκα</span> <span class='ocrx_word' id='word_1_256' title='bbox 884 1966 940 2020; x_wconf 79' lang='grc' dir='ltr'><strong>δὲ</strong></span> <span class='ocrx_word' id='word_1_257' title='bbox 989 1965 1120 2019; x_wconf 81' lang='grc' dir='ltr'>Υἱοῦ</span> <span class='ocrx_word' id='word_1_258' title='bbox 1166 1964 1475 2039; x_wconf 85' lang='grc' dir='ltr'>ἀνθρώπου,</span> <span class='ocrx_word' id='word_1_259' title='bbox 1513 1967 1717 2038; x_wconf 81' lang='grc' dir='ltr'>Κυρίου</span> 
     </span>
    </p>
   </div>
   <div class='ocr_carea' id='block_1_37' title="bbox 145 2058 810 2131">
    <p class='ocr_par' dir='ltr' id='par_1_37' title="bbox 145 2058 810 2131">
     <span class='ocr_line' id='line_1_37' title="bbox 145 2058 810 2131; baseline 0.002 -19"><span class='ocrx_word' id='word_1_260' title='bbox 145 2058 310 2129; x_wconf 61' lang='grc' dir='ltr'><strong>⁴ἡμῶν</strong></span> <span class='ocrx_word' id='word_1_261' title='bbox 347 2058 521 2130; x_wconf 85' lang='grc' dir='ltr'>Ἰησοῦ</span> <span class='ocrx_word' id='word_1_262' title='bbox 553 2058 810 2131; x_wconf 87' lang='grc' dir='ltr'>Χριστοῦ.</span> 
     </span>
    </p>
   </div>
   <div class='ocr_carea' id='block_1_38' title="bbox 221 2149 1719 2222">
    <p class='ocr_par' dir='ltr' id='par_1_38' title="bbox 221 2149 1719 2222">
     <span class='ocr_line' id='line_1_38' title="bbox 221 2149 1719 2222; baseline 0.001 -20"><span class='ocrx_word' id='word_1_263' title='bbox 221 2149 554 2222; x_wconf 87' lang='grc' dir='ltr'>Πιστεύομεν</span> <span class='ocrx_word' id='word_1_264' title='bbox 581 2152 757 2205; x_wconf 84' lang='grc' dir='ltr'>τοίνυν</span> <span class='ocrx_word' id='word_1_265' title='bbox 791 2154 871 2215; x_wconf 86' lang='grc' dir='ltr'><strong>είς</strong></span> <span class='ocrx_word' id='word_1_266' title='bbox 899 2152 994 2206; x_wconf 76' lang='grc' dir='ltr'><strong>ἕνα</strong></span> <span class='ocrx_word' id='word_1_267' title='bbox 1012 2152 1163 2217; x_wconf 84' lang='grc' dir='ltr'>Θεὸν,</span> <span class='ocrx_word' id='word_1_268' title='bbox 1188 2152 1466 2208; x_wconf 83' lang='grc' dir='ltr'>τουτέστιν</span> <span class='ocrx_word' id='word_1_269' title='bbox 1489 2152 1567 2214; x_wconf 85' lang='grc' dir='ltr'><strong>είς</strong></span> <span class='ocrx_word' id='word_1_270' title='bbox 1592 2151 1719 2222; x_wconf 88' lang='grc' dir='ltr'>μίαν</span> 
     </span>
    </p>
   </div>
   <div class='ocr_carea' id='block_1_39' title="bbox 145 2242 1722 2315">
    <p class='ocr_par' dir='ltr' id='par_1_39' title="bbox 145 2242 1722 2315">
     <span class='ocr_line' id='line_1_39' title="bbox 145 2242 1722 2315; baseline -0.002 -18"><span class='ocrx_word' id='word_1_271' title='bbox 145 2242 345 2315; x_wconf 80' lang='grc' dir='ltr'>ἀρχὴν,</span> <span class='ocrx_word' id='word_1_272' title='bbox 368 2242 460 2303; x_wconf 88' lang='grc' dir='ltr'><strong>τὸν</strong></span> <span class='ocrx_word' id='word_1_273' title='bbox 493 2242 623 2296; x_wconf 87' lang='grc' dir='ltr'>Θεὸν</span> <span class='ocrx_word' id='word_1_274' title='bbox 664 2243 755 2296; x_wconf 87' lang='grc' dir='ltr'><strong>τοῦ</strong></span> <span class='ocrx_word' id='word_1_275' title='bbox 781 2243 961 2315; x_wconf 79' lang='grc' dir='ltr'>Νόμου</span> <span class='ocrx_word' id='word_1_276' title='bbox 1004 2245 1097 2297; x_wconf 77' lang='grc' dir='ltr'><strong>καὶ</strong></span> <span class='ocrx_word' id='word_1_277' title='bbox 1128 2243 1219 2298; x_wconf 77' lang='grc' dir='ltr'><strong>τοῦ</strong></span> <span class='ocrx_word' id='word_1_278' title='bbox 1256 2242 1608 2312; x_wconf 84' lang='grc' dir='ltr'>Εὑαγγελίου,</span> <span class='ocrx_word' id='word_1_279' title='bbox 1642 2242 1722 2294; x_wconf 60' lang='grc' dir='ltr'>δίτ</span> 
     </span>
    </p>
   </div>
   <div class='ocr_carea' id='block_1_40' title="bbox 145 2333 1719 2406">
    <p class='ocr_par' dir='ltr' id='par_1_40' title="bbox 145 2333 1719 2406">
     <span class='ocr_line' id='line_1_40' title="bbox 145 2333 1719 2406; baseline -0.001 -18"><span class='ocrx_word' id='word_1_280' title='bbox 145 2352 306 2388; x_wconf 82' lang='grc' dir='ltr'>καιον</span> <span class='ocrx_word' id='word_1_281' title='bbox 330 2334 425 2387; x_wconf 75' lang='grc' dir='ltr'><strong>καὶ</strong></span> <span class='ocrx_word' id='word_1_282' title='bbox 452 2333 684 2403; x_wconf 83' lang='grc' dir='ltr'>ἀγαθόν·</span> <span class='ocrx_word' id='word_1_283' title='bbox 725 2335 817 2388; x_wconf 75' lang='grc' dir='ltr'>καὶ</span> <span class='ocrx_word' id='word_1_284' title='bbox 848 2336 928 2398; x_wconf 91' lang='grc' dir='ltr'><strong>είς</strong></span> <span class='ocrx_word' id='word_1_285' title='bbox 967 2336 1067 2389; x_wconf 73' lang='grc' dir='ltr'>ἕνα</span> <span class='ocrx_word' id='word_1_286' title='bbox 1099 2334 1299 2406; x_wconf 82' lang='grc' dir='ltr'>Κύριον</span> <span class='ocrx_word' id='word_1_287' title='bbox 1341 2334 1546 2406; x_wconf 84' lang='grc' dir='ltr'>Ἰησοῦν</span> <span class='ocrx_word' id='word_1_288' title='bbox 1584 2336 1719 2405; x_wconf 87' lang='grc' dir='ltr'>Χρι-</span> 
     </span>
    </p>
   </div>
   <div class='ocr_carea' id='block_1_41' title="bbox 146 2425 1717 2499">
    <p class='ocr_par' dir='ltr' id='par_1_41' title="bbox 146 2425 1717 2499">
     <span class='ocr_line' id='line_1_41' title="bbox 146 2425 1717 2499; baseline -0.001 -20"><span class='ocrx_word' id='word_1_289' title='bbox 146 2427 299 2489; x_wconf 79' lang='grc' dir='ltr'>στὸν,</span> <span class='ocrx_word' id='word_1_290' title='bbox 322 2425 455 2479; x_wconf 85' lang='grc' dir='ltr'>Θεὸν</span> <span class='ocrx_word' id='word_1_291' title='bbox 480 2427 749 2497; x_wconf 85' lang='grc' dir='ltr'>ἀληθινὸν,</span> <span class='ocrx_word' id='word_1_292' title='bbox 776 2427 1054 2482; x_wconf 81' lang='grc' dir='ltr'>τουτέστιν</span> <span class='ocrx_word' id='word_1_293' title='bbox 1079 2428 1263 2481; x_wconf 76' lang='grc' dir='ltr'>εἰκόνα</span> <span class='ocrx_word' id='word_1_294' title='bbox 1289 2426 1542 2499; x_wconf 86' lang='grc' dir='ltr'>ἀληθινοῦ</span> <span class='ocrx_word' id='word_1_295' title='bbox 1563 2425 1717 2489; x_wconf 90' lang='grc' dir='ltr'>Θεοῦ,</span> 
     </span>
    </p>
   </div>
   <div class='ocr_carea' id='block_1_42' title="bbox 143 2515 1718 2590">
    <p class='ocr_par' dir='ltr' id='par_1_42' title="bbox 143 2515 1718 2590">
     <span class='ocr_line' id='line_1_42' title="bbox 143 2515 1718 2590; baseline -0.003 -17"><span class='ocrx_word' id='word_1_296' title='bbox 143 2518 482 2590; x_wconf 80' lang='grc' dir='ltr'>δημιουργὸν</span> <span class='ocrx_word' id='word_1_297' title='bbox 529 2524 744 2571; x_wconf 84' lang='grc' dir='ltr'>πάντων</span> <span class='ocrx_word' id='word_1_298' title='bbox 791 2515 1001 2589; x_wconf 84' lang='grc' dir='ltr'>ὁρατῶν</span> <span class='ocrx_word' id='word_1_299' title='bbox 1045 2534 1105 2570; x_wconf 91' lang='grc' dir='ltr'><strong>τε</strong></span> <span class='ocrx_word' id='word_1_300' title='bbox 1152 2518 1246 2570; x_wconf 73' lang='grc' dir='ltr'><strong>καὶ</strong></span> <span class='ocrx_word' id='word_1_301' title='bbox 1288 2515 1557 2587; x_wconf 79' lang='grc' dir='ltr'>ἀοράτων,</span> <span class='ocrx_word' id='word_1_302' title='bbox 1591 2515 1718 2569; x_wconf 78' lang='grc' dir='ltr'>Υίὸν</span> 
     </span>
    </p>
   </div>
   <div class='ocr_carea' id='block_1_43' title="bbox 146 2607 1718 2681">
    <p class='ocr_par' dir='ltr' id='par_1_43' title="bbox 146 2607 1718 2681">
     <span class='ocr_line' id='line_1_43' title="bbox 146 2607 1718 2681; baseline -0.002 -19"><span class='ocrx_word' id='word_1_303' title='bbox 146 2608 292 2665; x_wconf 80' lang='grc' dir='ltr'>Θεοῦ</span> <span class='ocrx_word' id='word_1_304' title='bbox 342 2608 437 2663; x_wconf 74' lang='grc' dir='ltr'>καὶ</span> <span class='ocrx_word' id='word_1_305' title='bbox 484 2608 731 2681; x_wconf 80' lang='grc' dir='ltr'>γέννημα</span> <span class='ocrx_word' id='word_1_306' title='bbox 781 2609 1060 2679; x_wconf 82' lang='grc' dir='ltr'>μονογενὲς</span> <span class='ocrx_word' id='word_1_307' title='bbox 1085 2649 1100 2674; x_wconf 92' lang='grc'><strong>,</strong></span> <span class='ocrx_word' id='word_1_308' title='bbox 1160 2608 1256 2662; x_wconf 73' lang='grc' dir='ltr'>καὶ</span> <span class='ocrx_word' id='word_1_309' title='bbox 1298 2608 1477 2662; x_wconf 59' lang='grc' dir='ltr'>ςάἲδιον</span> <span class='ocrx_word' id='word_1_310' title='bbox 1528 2607 1718 2676; x_wconf 85' lang='grc' dir='ltr'>Λόγον,</span> 
     </span>
    </p>
   </div>
   <div class='ocr_carea' id='block_1_44' title="bbox 144 2696 1717 2773">
    <p class='ocr_par' dir='ltr' id='par_1_44' title="bbox 144 2696 1717 2773">
     <span class='ocr_line' id='line_1_44' title="bbox 144 2696 1717 2773; baseline -0.003 -19"><span class='ocrx_word' id='word_1_311' title='bbox 144 2701 331 2766; x_wconf 78' lang='grc' dir='ltr'>ζῶντα</span> <span class='ocrx_word' id='word_1_312' title='bbox 345 2701 436 2754; x_wconf 77' lang='grc' dir='ltr'>καὶ</span> <span class='ocrx_word' id='word_1_313' title='bbox 452 2700 733 2770; x_wconf 79' lang='grc' dir='ltr'>ὑφεστῶτα</span> <span class='ocrx_word' id='word_1_314' title='bbox 745 2702 838 2759; x_wconf 73' lang='grc' dir='ltr'>καὶ</span> <span class='ocrx_word' id='word_1_315' title='bbox 852 2701 1089 2773; x_wconf 85' lang='grc' dir='ltr'>ἐνεργὸν,</span> <span class='ocrx_word' id='word_1_316' title='bbox 1103 2701 1189 2755; x_wconf 77' lang='grc' dir='ltr'><strong>ἀεὶ</strong></span> <span class='ocrx_word' id='word_1_317' title='bbox 1204 2701 1425 2755; x_wconf 88' lang='grc' dir='ltr'>συνόντα</span> <span class='ocrx_word' id='word_1_318' title='bbox 1437 2699 1513 2770; x_wconf 82' lang='grc' dir='ltr'><strong>τῷ</strong></span> <span class='ocrx_word' id='word_1_319' title='bbox 1526 2696 1717 2771; x_wconf 88' lang='grc' dir='ltr'>Πατρί·</span> 
     </span>
    </p>
   </div>
   <div class='ocr_carea' id='block_1_45' title="bbox 144 2789 1722 2864">
    <p class='ocr_par' dir='ltr' id='par_1_45' title="bbox 144 2789 1722 2864">
     <span class='ocr_line' id='line_1_45' title="bbox 144 2789 1722 2864; baseline -0.001 -17"><span class='ocrx_word' id='word_1_320' title='bbox 144 2795 244 2847; x_wconf 75' lang='grc' dir='ltr'><strong>καὶ</strong></span> <span class='ocrx_word' id='word_1_321' title='bbox 278 2794 360 2856; x_wconf 83' lang='grc' dir='ltr'><strong>είς</strong></span> <span class='ocrx_word' id='word_1_322' title='bbox 381 2793 439 2845; x_wconf 80' lang='grc' dir='ltr'>ἓν</span> <span class='ocrx_word' id='word_1_323' title='bbox 460 2794 613 2861; x_wconf 83' lang='grc' dir='ltr'>ἆγιον</span> <span class='ocrx_word' id='word_1_324' title='bbox 638 2792 889 2864; x_wconf 84' lang='grc' dir='ltr'>Πνεῦμα·</span> <span class='ocrx_word' id='word_1_325' title='bbox 940 2794 1033 2847; x_wconf 80' lang='grc' dir='ltr'>καὶ</span> <span class='ocrx_word' id='word_1_326' title='bbox 1066 2794 1145 2857; x_wconf 86' lang='grc' dir='ltr'>εἰς</span> <span class='ocrx_word' id='word_1_327' title='bbox 1178 2793 1479 2864; x_wconf 84' lang='grc' dir='ltr'>παρουσίαν</span> <span class='ocrx_word' id='word_1_328' title='bbox 1516 2789 1722 2857; x_wconf 76' lang='grc' dir='ltr'>ἔνδοξον</span> 
     </span>
    </p>
   </div>
   <div class='ocr_carea' id='block_1_46' title="bbox 142 2882 1719 2956">
    <p class='ocr_par' dir='ltr' id='par_1_46' title="bbox 142 2882 1719 2956">
     <span class='ocr_line' id='line_1_46' title="bbox 142 2882 1719 2956; baseline -0.001 -19"><span class='ocrx_word' id='word_1_329' title='bbox 142 2884 243 2937; x_wconf 83' lang='grc' dir='ltr'><strong>τοῦ</strong></span> <span class='ocrx_word' id='word_1_330' title='bbox 260 2884 393 2937; x_wconf 75' lang='grc' dir='ltr'>Υἱοῦ</span> <span class='ocrx_word' id='word_1_331' title='bbox 426 2883 520 2938; x_wconf 86' lang='grc' dir='ltr'><strong>τοῦ</strong></span> <span class='ocrx_word' id='word_1_332' title='bbox 537 2884 671 2937; x_wconf 88' lang='grc' dir='ltr'>Θεοῦ</span> <span class='ocrx_word' id='word_1_333' title='bbox 707 2885 887 2956; x_wconf 85' lang='grc' dir='ltr'>σάρκα</span> <span class='ocrx_word' id='word_1_334' title='bbox 921 2883 1173 2948; x_wconf 84' lang='grc' dir='ltr'>λαϐόντος</span> <span class='ocrx_word' id='word_1_335' title='bbox 1193 2884 1291 2955; x_wconf 79' lang='grc' dir='ltr'><strong>τὴν</strong></span> <span class='ocrx_word' id='word_1_336' title='bbox 1325 2887 1387 2938; x_wconf 88' lang='grc' dir='ltr'><strong>ἐκ</strong></span> <span class='ocrx_word' id='word_1_337' title='bbox 1422 2882 1719 2954; x_wconf 82' lang='grc' dir='ltr'>Παρθένου,</span> 
     </span>
    </p>
   </div>
   <div class='ocr_carea' id='block_1_47' title="bbox 141 2975 1725 3047">
    <p class='ocr_par' dir='ltr' id='par_1_47' title="bbox 141 2975 1725 3047">
     <span class='ocr_line' id='line_1_47' title="bbox 141 2975 1725 3047; baseline 0 -18"><span class='ocrx_word' id='word_1_338' title='bbox 141 2977 241 3029; x_wconf 81' lang='grc' dir='ltr'><strong>τοῦ</strong></span> <span class='ocrx_word' id='word_1_339' title='bbox 277 2976 395 3029; x_wconf 85' lang='grc' dir='ltr'>ἀνθ’</span> <span class='ocrx_word' id='word_1_340' title='bbox 428 2975 583 3047; x_wconf 79' lang='grc' dir='ltr'>ἡμῶν</span> <span class='ocrx_word' id='word_1_341' title='bbox 616 2976 1002 3047; x_wconf 81' lang='grc' dir='ltr'>ὑπομείναντος</span> <span class='ocrx_word' id='word_1_342' title='bbox 1046 2976 1193 3047; x_wconf 86' lang='grc' dir='ltr'>πάθη</span> <span class='ocrx_word' id='word_1_343' title='bbox 1224 2978 1317 3031; x_wconf 71' lang='grc' dir='ltr'><strong>καὶ</strong></span> <span class='ocrx_word' id='word_1_344' title='bbox 1350 2976 1597 3039; x_wconf 83' lang='grc' dir='ltr'>θάνατον,</span> <span class='ocrx_word' id='word_1_345' title='bbox 1632 2975 1725 3029; x_wconf 62' lang='grc' dir='ltr'><strong>κα)⁸</strong></span> 
     </span>
    </p>
   </div>
   <div class='ocr_carea' id='block_1_48' title="bbox 143 3066 1721 3141">
    <p class='ocr_par' dir='ltr' id='par_1_48' title="bbox 143 3066 1721 3141">
     <span class='ocr_line' id='line_1_48' title="bbox 143 3066 1721 3141; baseline -0.001 -21"><span class='ocrx_word' id='word_1_346' title='bbox 143 3067 397 3131; x_wconf 75' lang='grc' dir='ltr'>ἐλθόντος</span> <span class='ocrx_word' id='word_1_347' title='bbox 423 3070 502 3131; x_wconf 83' lang='grc' dir='ltr'><strong>είς</strong></span> <span class='ocrx_word' id='word_1_348' title='bbox 530 3068 821 3122; x_wconf 82' lang='grc' dir='ltr'>ἀνάστασιν</span> <span class='ocrx_word' id='word_1_349' title='bbox 846 3070 911 3139; x_wconf 80' lang='grc' dir='ltr'>τῇ</span> <span class='ocrx_word' id='word_1_350' title='bbox 942 3068 1101 3141; x_wconf 84' lang='grc' dir='ltr'>τρίτῃ</span> <span class='ocrx_word' id='word_1_351' title='bbox 1126 3068 1326 3140; x_wconf 79' lang='grc' dir='ltr'>ἡμέρᾳ,</span> <span class='ocrx_word' id='word_1_352' title='bbox 1376 3068 1471 3122; x_wconf 78' lang='grc' dir='ltr'><strong>καὶ</strong></span> <span class='ocrx_word' id='word_1_353' title='bbox 1522 3066 1721 3135; x_wconf 87' lang='grc' dir='ltr'>ἀναλη-</span> 
     </span>
    </p>
   </div>
   <div class='ocr_carea' id='block_1_49' title="bbox 143 3159 1723 3232">
    <p class='ocr_par' dir='ltr' id='par_1_49' title="bbox 143 3159 1723 3232">
     <span class='ocr_line' id='line_1_49' title="bbox 143 3159 1723 3232; baseline 0 -19"><span class='ocrx_word' id='word_1_354' title='bbox 143 3160 355 3229; x_wconf 80' lang='grc' dir='ltr'>φθέντα</span> <span class='ocrx_word' id='word_1_355' title='bbox 398 3161 477 3224; x_wconf 88' lang='grc' dir='ltr'><strong>είς</strong></span> <span class='ocrx_word' id='word_1_356' title='bbox 512 3160 798 3232; x_wconf 85' lang='grc' dir='ltr'>οὐρανούς·</span> <span class='ocrx_word' id='word_1_357' title='bbox 835 3162 928 3217; x_wconf 73' lang='grc' dir='ltr'><strong>καὶ</strong></span> <span class='ocrx_word' id='word_1_358' title='bbox 959 3163 1037 3225; x_wconf 86' lang='grc' dir='ltr'><strong>είς</strong></span> <span class='ocrx_word' id='word_1_359' title='bbox 1067 3161 1163 3232; x_wconf 82' lang='grc' dir='ltr'>τὴν</span> <span class='ocrx_word' id='word_1_360' title='bbox 1194 3160 1488 3231; x_wconf 85' lang='grc' dir='ltr'>μέλλουσαν</span> <span class='ocrx_word' id='word_1_361' title='bbox 1517 3159 1723 3225; x_wconf 73' lang='grc' dir='ltr'>ἔνδοξον</span> 
     </span>
    </p>
   </div>
   <div class='ocr_carea' id='block_1_50' title="bbox 143 3251 1715 3325">
    <p class='ocr_par' dir='ltr' id='par_1_50' title="bbox 143 3251 1715 3325">
     <span class='ocr_line' id='line_1_50' title="bbox 143 3251 1715 3325; baseline 0.001 -19"><span class='ocrx_word' id='word_1_362' title='bbox 143 3251 314 3306; x_wconf 73' lang='grc' dir='ltr'>αὑτοῦ</span> <span class='ocrx_word' id='word_1_363' title='bbox 357 3252 653 3323; x_wconf 86' lang='grc' dir='ltr'>παρουσίαν</span> <span class='ocrx_word' id='word_1_364' title='bbox 680 3271 693 3285; x_wconf 93' lang='grc'><strong>·</strong></span> <span class='ocrx_word' id='word_1_365' title='bbox 745 3254 837 3308; x_wconf 79' lang='grc' dir='ltr'>καὶ</span> <span class='ocrx_word' id='word_1_366' title='bbox 876 3256 956 3318; x_wconf 78' lang='grc' dir='ltr'><strong>είς</strong></span> <span class='ocrx_word' id='word_1_367' title='bbox 1002 3254 1128 3325; x_wconf 90' lang='grc' dir='ltr'>μίαν</span> <span class='ocrx_word' id='word_1_368' title='bbox 1172 3254 1332 3322; x_wconf 77' lang='grc' dir='ltr'>ἁγίαν</span> <span class='ocrx_word' id='word_1_369' title='bbox 1372 3253 1715 3325; x_wconf 86' lang='grc' dir='ltr'>Ἐκκλησίαν,</span> 
     </span>
    </p>
   </div>
   <div class='ocr_carea' id='block_1_51' title="bbox 142 3345 1715 3419">
    <p class='ocr_par' dir='ltr' id='par_1_51' title="bbox 142 3345 1715 3419">
     <span class='ocr_line' id='line_1_51' title="bbox 142 3345 1715 3419; baseline 0.001 -19"><span class='ocrx_word' id='word_1_370' title='bbox 142 3346 347 3414; x_wconf 72' lang='grc' dir='ltr'>ἄφεσιν</span> <span class='ocrx_word' id='word_1_371' title='bbox 386 3345 691 3416; x_wconf 83' lang='grc' dir='ltr'>ἁμαρτιῶν,</span> <span class='ocrx_word' id='word_1_372' title='bbox 719 3347 918 3417; x_wconf 87' lang='grc' dir='ltr'>σαρκὸς</span> <span class='ocrx_word' id='word_1_373' title='bbox 955 3347 1271 3410; x_wconf 82' lang='grc' dir='ltr'>ἀνάστασιν,</span> <span class='ocrx_word' id='word_1_374' title='bbox 1296 3346 1439 3419; x_wconf 81' lang='grc' dir='ltr'>ζωὴν</span> <span class='ocrx_word' id='word_1_375' title='bbox 1481 3345 1715 3401; x_wconf 76' lang='grc' dir='ltr'>αἰώνιον.</span> 
     </span>
    </p>
   </div>
   <div class='ocr_carea' id='block_1_52' title="bbox 231 3434 1720 3511">
    <p class='ocr_par' dir='ltr' id='par_1_52' title="bbox 231 3434 1720 3511">
     <span class='ocr_line' id='line_1_52' title="bbox 231 3434 1720 3511; baseline 0 -18"><span class='ocrx_word' id='word_1_376' title='bbox 231 3436 636 3507; x_wconf 83' lang='grc' dir='ltr'>Ὁμολογοῦμεν</span> <span class='ocrx_word' id='word_1_377' title='bbox 661 3438 947 3508; x_wconf 83' lang='grc' dir='ltr'>όμοούσιον</span> <span class='ocrx_word' id='word_1_378' title='bbox 981 3434 1121 3492; x_wconf 77' lang='grc' dir='ltr'>εἶναι</span> <span class='ocrx_word' id='word_1_379' title='bbox 1155 3438 1231 3510; x_wconf 82' lang='grc' dir='ltr'><strong>τῷ</strong></span> <span class='ocrx_word' id='word_1_380' title='bbox 1257 3440 1432 3511; x_wconf 78' lang='grc' dir='ltr'>Πατρὶ</span> <span class='ocrx_word' id='word_1_381' title='bbox 1457 3440 1549 3493; x_wconf 86' lang='grc' dir='ltr'><strong>τὸν</strong></span> <span class='ocrx_word' id='word_1_382' title='bbox 1595 3439 1720 3493; x_wconf 85' lang='grc' dir='ltr'>Υίὸν</span> 
     </span>
    </p>
   </div>
   <div class='ocr_carea' id='block_1_53' title="bbox 142 3530 1718 3603">
    <p class='ocr_par' dir='ltr' id='par_1_53' title="bbox 142 3530 1718 3603">
     <span class='ocr_line' id='line_1_53' title="bbox 142 3530 1718 3603; baseline 0.011 -24"><span class='ocrx_word' id='word_1_383' title='bbox 142 3532 243 3584; x_wconf 74' lang='grc' dir='ltr'><strong>καὶ</strong></span> <span class='ocrx_word' id='word_1_384' title='bbox 283 3530 348 3583; x_wconf 93' lang='grc' dir='ltr'><strong>τὸ</strong></span> <span class='ocrx_word' id='word_1_385' title='bbox 393 3530 649 3601; x_wconf 87' lang='grc' dir='ltr'>Πνεῦμα·</span> <span class='ocrx_word' id='word_1_386' title='bbox 684 3533 779 3585; x_wconf 75' lang='grc' dir='ltr'><strong>καὶ</strong></span> <span class='ocrx_word' id='word_1_387' title='bbox 822 3534 950 3603; x_wconf 90' lang='grc' dir='ltr'>μίαν</span> <span class='ocrx_word' id='word_1_388' title='bbox 981 3532 1079 3603; x_wconf 78' lang='grc' dir='ltr'>τὴν</span> <span class='ocrx_word' id='word_1_389' title='bbox 1118 3534 1303 3586; x_wconf 82' lang='grc' dir='ltr'>οὐσίαν</span> <span class='ocrx_word' id='word_1_390' title='bbox 1328 3534 1428 3603; x_wconf 84' lang='grc' dir='ltr'><strong>τῆς</strong></span> <span class='ocrx_word' id='word_1_391' title='bbox 1472 3532 1718 3603; x_wconf 76' lang='grc' dir='ltr'>Τριάδοςι</span> 
     </span>
    </p>
   </div>
   <div class='ocr_carea' id='block_1_54' title="bbox 140 3623 1722 3696">
    <p class='ocr_par' dir='ltr' id='par_1_54' title="bbox 140 3623 1722 3696">
     <span class='ocr_line' id='line_1_54' title="bbox 140 3623 1722 3696; baseline -0.001 -18"><span class='ocrx_word' id='word_1_392' title='bbox 140 3623 428 3678; x_wconf 80' lang='grc' dir='ltr'>τουτέστιν</span> <span class='ocrx_word' id='word_1_393' title='bbox 464 3624 588 3694; x_wconf 90' lang='grc' dir='ltr'>μίαν</span> <span class='ocrx_word' id='word_1_394' title='bbox 616 3624 843 3694; x_wconf 87' lang='grc' dir='ltr'>θεότητα</span> <span class='ocrx_word' id='word_1_395' title='bbox 875 3626 1135 3695; x_wconf 80' lang='grc' dir='ltr'>φυσικῶς,</span> <span class='ocrx_word' id='word_1_396' title='bbox 1155 3626 1446 3696; x_wconf 86' lang='grc' dir='ltr'>ἀγεννήτου</span> <span class='ocrx_word' id='word_1_397' title='bbox 1474 3624 1722 3695; x_wconf 83' lang='grc' dir='ltr'>μένοντος</span> 
     </span>
    </p>
   </div>
   <div class='ocr_carea' id='block_1_55' title="bbox 142 3722 1720 3795">
    <p class='ocr_par' dir='ltr' id='par_1_55' title="bbox 142 3722 1720 3795">
     <span class='ocr_line' id='line_1_55' title="bbox 142 3722 1720 3795; baseline -0.001 -18"><span class='ocrx_word' id='word_1_398' title='bbox 142 3724 241 3777; x_wconf 81' lang='grc' dir='ltr'><strong>τοῦ</strong></span> <span class='ocrx_word' id='word_1_399' title='bbox 278 3723 514 3795; x_wconf 87' lang='grc' dir='ltr'>Πατρὸς,</span> <span class='ocrx_word' id='word_1_400' title='bbox 544 3724 894 3794; x_wconf 85' lang='grc' dir='ltr'>γεννηθέντος</span> <span class='ocrx_word' id='word_1_401' title='bbox 917 3725 973 3777; x_wconf 82' lang='grc' dir='ltr'><strong>δὲ</strong></span> <span class='ocrx_word' id='word_1_402' title='bbox 993 3723 1084 3777; x_wconf 89' lang='grc' dir='ltr'><strong>τοῦ</strong></span> <span class='ocrx_word' id='word_1_403' title='bbox 1108 3722 1240 3776; x_wconf 82' lang='grc' dir='ltr'>Υἱοῦ</span> <span class='ocrx_word' id='word_1_404' title='bbox 1270 3725 1334 3776; x_wconf 83' lang='grc' dir='ltr'><strong>ἐκ</strong></span> <span class='ocrx_word' id='word_1_405' title='bbox 1356 3724 1565 3795; x_wconf 90' lang='grc' dir='ltr'>Πατρὸς</span> <span class='ocrx_word' id='word_1_406' title='bbox 1589 3724 1720 3795; x_wconf 85' lang='grc' dir='ltr'>ἁλη-</span> 
     </span>
    </p>
   </div>
   <div class='ocr_carea' id='block_1_56' title="bbox 143 3814 1724 3887">
    <p class='ocr_par' dir='ltr' id='par_1_56' title="bbox 143 3814 1724 3887">
     <span class='ocr_line' id='line_1_56' title="bbox 143 3814 1724 3887; baseline 0 -18"><span class='ocrx_word' id='word_1_407' title='bbox 143 3817 269 3886; x_wconf 81' lang='grc' dir='ltr'>θινῇ</span> <span class='ocrx_word' id='word_1_408' title='bbox 296 3816 543 3885; x_wconf 87' lang='grc' dir='ltr'>γεννήσει</span> <span class='ocrx_word' id='word_1_409' title='bbox 566 3816 625 3868; x_wconf 87' lang='grc' dir='ltr'><strong>οὐ</strong></span> <span class='ocrx_word' id='word_1_410' title='bbox 656 3816 868 3886; x_wconf 86' lang='grc' dir='ltr'>ποιήσει</span> <span class='ocrx_word' id='word_1_411' title='bbox 893 3818 958 3887; x_wconf 77' lang='grc' dir='ltr'>τῇ</span> <span class='ocrx_word' id='word_1_412' title='bbox 984 3816 1047 3869; x_wconf 88' lang='grc' dir='ltr'><strong>ἐκ</strong></span> <span class='ocrx_word' id='word_1_413' title='bbox 1083 3815 1384 3886; x_wconf 86' lang='grc' dir='ltr'>βουλήσεως</span> <span class='ocrx_word' id='word_1_414' title='bbox 1402 3832 1415 3844; x_wconf 91' lang='grc'><strong>·</strong></span> <span class='ocrx_word' id='word_1_415' title='bbox 1444 3814 1536 3869; x_wconf 86' lang='grc' dir='ltr'><strong>τοῦ</strong></span> <span class='ocrx_word' id='word_1_416' title='bbox 1561 3816 1724 3869; x_wconf 74' lang='grc' dir='ltr'>Πνεῦο</span> 
     </span>
    </p>
   </div>
   <div class='ocr_carea' id='block_1_57' title="bbox 145 3906 1721 3979">
    <p class='ocr_par' dir='ltr' id='par_1_57' title="bbox 145 3906 1721 3979">
     <span class='ocr_line' id='line_1_57' title="bbox 145 3906 1721 3979; baseline -0.001 -19"><span class='ocrx_word' id='word_1_417' title='bbox 145 3924 323 3979; x_wconf 83' lang='grc' dir='ltr'>ματος</span> <span class='ocrx_word' id='word_1_418' title='bbox 353 3909 416 3959; x_wconf 83' lang='grc' dir='ltr'><strong>ἐκ</strong></span> <span class='ocrx_word' id='word_1_419' title='bbox 442 3908 540 3978; x_wconf 82' lang='grc' dir='ltr'>τῆς</span> <span class='ocrx_word' id='word_1_420' title='bbox 570 3907 757 3971; x_wconf 79' lang='grc' dir='ltr'>οὐσίας</span> <span class='ocrx_word' id='word_1_421' title='bbox 796 3906 889 3960; x_wconf 88' lang='grc' dir='ltr'><strong>τοῦ</strong></span> <span class='ocrx_word' id='word_1_422' title='bbox 916 3908 1126 3979; x_wconf 86' lang='grc' dir='ltr'>Πατρὸς</span> <span class='ocrx_word' id='word_1_423' title='bbox 1154 3908 1220 3960; x_wconf 82' lang='grc' dir='ltr'>δι’</span> <span class='ocrx_word' id='word_1_424' title='bbox 1248 3906 1378 3961; x_wconf 84' lang='grc' dir='ltr'>Υἱοῦ</span> <span class='ocrx_word' id='word_1_425' title='bbox 1412 3907 1596 3970; x_wconf 87' lang='grc' dir='ltr'>ἀῖδίως</span> <span class='ocrx_word' id='word_1_426' title='bbox 1628 3909 1721 3959; x_wconf 86' lang='grc' dir='ltr'>ἐκ-</span> 
     </span>
    </p>
   </div>
   <div class='ocr_carea' id='block_1_58' title="bbox 141 4006 1723 4078">
    <p class='ocr_par' dir='ltr' id='par_1_58' title="bbox 141 4006 1723 4078">
     <span class='ocr_line' id='line_1_58' title="bbox 141 4006 1723 4078; baseline -0.003 -16"><span class='ocrx_word' id='word_1_427' title='bbox 141 4006 515 4078; x_wconf 71' lang='grc' dir='ltr'>πεμφθέντας,</span> <span class='ocrx_word' id='word_1_428' title='bbox 541 4006 858 4075; x_wconf 86' lang='grc' dir='ltr'>ἀγιαστικοῦ</span> <span class='ocrx_word' id='word_1_429' title='bbox 899 4007 998 4078; x_wconf 79' lang='grc' dir='ltr'>τῆς</span> <span class='ocrx_word' id='word_1_430' title='bbox 1041 4006 1168 4077; x_wconf 83' lang='grc' dir='ltr'>ὅλης</span> <span class='ocrx_word' id='word_1_431' title='bbox 1211 4006 1456 4069; x_wconf 89' lang='grc' dir='ltr'>κτίσεως.</span> <span class='ocrx_word' id='word_1_432' title='bbox 1505 4006 1723 4075; x_wconf 85' lang='grc' dir='ltr'>Ὁμολο-</span> 
     </span>
    </p>
   </div>
   <div class='ocr_carea' id='block_1_59' title="bbox 138 4108 1722 4180">
    <p class='ocr_par' dir='ltr' id='par_1_59' title="bbox 138 4108 1722 4180">
     <span class='ocr_line' id='line_1_59' title="bbox 138 4108 1722 4180; baseline -0.001 -17"><span class='ocrx_word' id='word_1_433' title='bbox 138 4109 245 4179; x_wconf 86' lang='grc' dir='ltr'><strong>γοῦ</strong></span> <span class='ocrx_word' id='word_1_434' title='bbox 254 4126 355 4180; x_wconf 88' lang='grc' dir='ltr'><strong>μεν</strong></span> <span class='ocrx_word' id='word_1_435' title='bbox 378 4109 436 4162; x_wconf 86' lang='grc' dir='ltr'><strong>δέ</strong></span> <span class='ocrx_word' id='word_1_436' title='bbox 461 4109 554 4162; x_wconf 78' lang='grc' dir='ltr'><strong>καὶ</strong></span> <span class='ocrx_word' id='word_1_437' title='bbox 581 4108 927 4179; x_wconf 85' lang='grc' dir='ltr'>σαρκωθέντα</span> <span class='ocrx_word' id='word_1_438' title='bbox 940 4109 1028 4163; x_wconf 88' lang='grc' dir='ltr'><strong>τὸν</strong></span> <span class='ocrx_word' id='word_1_439' title='bbox 1044 4109 1212 4177; x_wconf 88' lang='grc' dir='ltr'>Λόγον</span> <span class='ocrx_word' id='word_1_440' title='bbox 1234 4110 1327 4161; x_wconf 69' lang='grc' dir='ltr'>καὶ</span> <span class='ocrx_word' id='word_1_441' title='bbox 1350 4126 1479 4178; x_wconf 81' lang='grc' dir='ltr'>φανε</span> <span class='ocrx_word' id='word_1_442' title='bbox 1489 4108 1722 4179; x_wconf 88' lang='grc' dir='ltr'>ρωθέντα</span> 
     </span>
    </p>
   </div>
   <div class='ocr_carea' id='block_1_60' title="bbox 140 4199 1722 4275">
    <p class='ocr_par' dir='ltr' id='par_1_60' title="bbox 140 4199 1722 4275">
     <span class='ocr_line' id='line_1_60' title="bbox 140 4199 1722 4275; baseline -0.001 -20"><span class='ocrx_word' id='word_1_443' title='bbox 140 4205 202 4257; x_wconf 87' lang='grc' dir='ltr'><strong>ἐν</strong></span> <span class='ocrx_word' id='word_1_444' title='bbox 233 4204 473 4275; x_wconf 78' lang='grc' dir='ltr'>σαρκικῇ</span> <span class='ocrx_word' id='word_1_445' title='bbox 502 4203 710 4273; x_wconf 87' lang='grc' dir='ltr'>κινήσει</span> <span class='ocrx_word' id='word_1_446' title='bbox 744 4204 808 4272; x_wconf 78' lang='grc' dir='ltr'>τῇ</span> <span class='ocrx_word' id='word_1_447' title='bbox 836 4203 898 4253; x_wconf 88' lang='grc' dir='ltr'><strong>ἐκ</strong></span> <span class='ocrx_word' id='word_1_448' title='bbox 925 4200 1221 4272; x_wconf 82' lang='grc' dir='ltr'>Παρθένου,</span> <span class='ocrx_word' id='word_1_449' title='bbox 1248 4202 1346 4253; x_wconf 84' lang='grc' dir='ltr'><strong>οῦκ</strong></span> <span class='ocrx_word' id='word_1_450' title='bbox 1371 4202 1427 4255; x_wconf 88' lang='grc' dir='ltr'><strong>ἐν</strong></span> <span class='ocrx_word' id='word_1_451' title='bbox 1456 4199 1722 4271; x_wconf 84' lang='grc' dir='ltr'>ἀνθρώπῳ</span> 
     </span>
    </p>
   </div>
   <div class='ocr_carea' id='block_1_61' title="bbox 140 4294 1722 4368">
    <p class='ocr_par' dir='ltr' id='par_1_61' title="bbox 140 4294 1722 4368">
     <span class='ocr_line' id='line_1_61' title="bbox 140 4294 1722 4368; baseline -0.003 -18"><span class='ocrx_word' id='word_1_452' title='bbox 140 4297 542 4368; x_wconf 86' lang='grc' dir='ltr'>ἐνεργήσαντα.</span> <span class='ocrx_word' id='word_1_453' title='bbox 574 4296 714 4359; x_wconf 79' lang='grc' dir='ltr'>Τοὺς</span> <span class='ocrx_word' id='word_1_454' title='bbox 751 4294 807 4348; x_wconf 78' lang='grc' dir='ltr'><strong>δέ</strong></span> <span class='ocrx_word' id='word_1_455' title='bbox 839 4294 1224 4358; x_wconf 88' lang='grc' dir='ltr'>κοινωνοῦντας</span> <span class='ocrx_word' id='word_1_456' title='bbox 1256 4297 1366 4357; x_wconf 87' lang='grc' dir='ltr'>τοῖς</span> <span class='ocrx_word' id='word_1_457' title='bbox 1408 4294 1722 4347; x_wconf 86' lang='grc' dir='ltr'>ἐκϐάλλουσι</span> 
     </span>
    </p>
   </div>
   <div class='ocr_carea' id='block_1_62' title="bbox 139 4393 1724 4466">
    <p class='ocr_par' dir='ltr' id='par_1_62' title="bbox 139 4393 1724 4466">
     <span class='ocr_line' id='line_1_62' title="bbox 139 4393 1724 4466; baseline -0.004 -17"><span class='ocrx_word' id='word_1_458' title='bbox 139 4396 207 4449; x_wconf 83' lang='grc' dir='ltr'><strong>τὸ</strong></span> <span class='ocrx_word' id='word_1_459' title='bbox 235 4394 519 4466; x_wconf 85' lang='grc' dir='ltr'>όμοούσιον</span> <span class='ocrx_word' id='word_1_460' title='bbox 555 4394 631 4458; x_wconf 85' lang='grc' dir='ltr'>ὼς</span> <span class='ocrx_word' id='word_1_461' title='bbox 663 4393 940 4465; x_wconf 85' lang='grc' dir='ltr'>ἀλλότριον</span> <span class='ocrx_word' id='word_1_462' title='bbox 982 4393 1090 4447; x_wconf 88' lang='grc' dir='ltr'><strong>τῶν</strong></span> <span class='ocrx_word' id='word_1_463' title='bbox 1132 4393 1382 4465; x_wconf 79' lang='grc' dir='ltr'>Γραφῶν,</span> <span class='ocrx_word' id='word_1_464' title='bbox 1426 4394 1518 4446; x_wconf 73' lang='grc' dir='ltr'><strong>καὶ</strong></span> <span class='ocrx_word' id='word_1_465' title='bbox 1558 4394 1612 4445; x_wconf 79' lang='grc' dir='ltr'><strong>τὶ</strong></span> <span class='ocrx_word' id='word_1_466' title='bbox 1660 4393 1724 4443; x_wconf 90' lang='grc' dir='ltr'><strong>ἐκ</strong></span> 
     </span>
    </p>
   </div>
   <div class='ocr_carea' id='block_1_63' title="bbox 144 4477 1723 4567">
    <p class='ocr_par' dir='ltr' id='par_1_63' title="bbox 144 4477 1723 4567">
     <span class='ocr_line' id='line_1_63' title="bbox 144 4477 1723 4567; baseline -0.001 -20"><span class='ocrx_word' id='word_1_467' title='bbox 144 4497 253 4567; x_wconf 75' lang='grc' dir='ltr'>τῆς</span> <span class='ocrx_word' id='word_1_468' title='bbox 280 4494 515 4566; x_wconf 86' lang='grc' dir='ltr'>Τριάδος</span> <span class='ocrx_word' id='word_1_469' title='bbox 548 4477 760 4547; x_wconf 74' lang='grc' dir='ltr'>κτιστὸν</span> <span class='ocrx_word' id='word_1_470' title='bbox 787 4492 1003 4559; x_wconf 87' lang='grc' dir='ltr'>λέγουσι</span> <span class='ocrx_word' id='word_1_471' title='bbox 1038 4494 1131 4546; x_wconf 69' lang='grc' dir='ltr'><strong>καὶ</strong></span> <span class='ocrx_word' id='word_1_472' title='bbox 1156 4494 1443 4563; x_wconf 74' lang='grc' dir='ltr'>χωρίζουσι</span> <span class='ocrx_word' id='word_1_473' title='bbox 1472 4494 1571 4563; x_wconf 75' lang='grc' dir='ltr'>τῆς</span> <span class='ocrx_word' id='word_1_474' title='bbox 1597 4495 1723 4563; x_wconf 82' lang='grc' dir='ltr'>μιᾶς</span> 
     </span>
    </p>
   </div>
   <div class='ocr_carea' id='block_1_64' title="bbox 137 4576 1723 4667">
    <p class='ocr_par' dir='ltr' id='par_1_64' title="bbox 137 4576 1723 4667">
     <span class='ocr_line' id='line_1_64' title="bbox 137 4576 1723 4667; baseline -0.001 -18"><span class='ocrx_word' id='word_1_475' title='bbox 137 4596 385 4667; x_wconf 77' lang='grc' dir='ltr'>φυσικῆς</span> <span class='ocrx_word' id='word_1_476' title='bbox 424 4596 693 4667; x_wconf 89' lang='grc' dir='ltr'>θεότητος,</span> <span class='ocrx_word' id='word_1_477' title='bbox 726 4597 1041 4667; x_wconf 85' lang='grc' dir='ltr'>ἀλλοτρίους</span> <span class='ocrx_word' id='word_1_478' title='bbox 1080 4576 1381 4667; x_wconf 81' lang='grc' dir='ltr'>ἡγούμεθα,</span> <span class='ocrx_word' id='word_1_479' title='bbox 1420 4596 1515 4649; x_wconf 67' lang='lat' dir='ltr'><strong>xui.</strong></span> <span class='ocrx_word' id='word_1_480' title='bbox 1552 4598 1723 4650; x_wconf 83' lang='grc' dir='ltr'>οὐδενὶ</span> 
     </span>
    </p>
   </div>
   <div class='ocr_carea' id='block_1_65' title="bbox 137 4672 1725 4762">
    <p class='ocr_par' dir='ltr' id='par_1_65' title="bbox 137 4672 1725 4762">
     <span class='ocr_line' id='line_1_65' title="bbox 137 4672 1725 4762; baseline -0.001 -18"><span class='ocrx_word' id='word_1_481' title='bbox 137 4691 256 4745; x_wconf 88' lang='grc' dir='ltr'><strong>τῶν</strong></span> <span class='ocrx_word' id='word_1_482' title='bbox 292 4691 549 4744; x_wconf 88' lang='grc' dir='ltr'>τοιούτων</span> <span class='ocrx_word' id='word_1_483' title='bbox 579 4672 938 4761; x_wconf 87' lang='grc' dir='ltr'>κοινωνοῦμεν</span> <span class='ocrx_word' id='word_1_484' title='bbox 957 4707 970 4720; x_wconf 94' lang='grc'><strong>·</strong></span> <span class='ocrx_word' id='word_1_485' title='bbox 999 4684 1077 4753; x_wconf 74' lang='grc' dir='ltr'>εἷς</span> <span class='ocrx_word' id='word_1_486' title='bbox 1102 4689 1231 4752; x_wconf 89' lang='grc' dir='ltr'>Θεὸς</span> <span class='ocrx_word' id='word_1_487' title='bbox 1256 4691 1283 4743; x_wconf 86' lang='grc' dir='ltr'>ὁ</span> <span class='ocrx_word' id='word_1_488' title='bbox 1306 4690 1515 4760; x_wconf 77' lang='grc' dir='ltr'>Πατὴρ,</span> <span class='ocrx_word' id='word_1_489' title='bbox 1548 4691 1581 4762; x_wconf 85' lang='grc' dir='ltr'><strong>ή</strong></span> <span class='ocrx_word' id='word_1_490' title='bbox 1608 4690 1725 4743; x_wconf 87' lang='grc' dir='ltr'>θεό-</span> 
     </span>
    </p>
   </div>
   <div class='ocr_carea' id='block_1_66' title="bbox 141 4779 1723 4856">
    <p class='ocr_par' dir='ltr' id='par_1_66' title="bbox 141 4779 1723 4856">
     <span class='ocr_line' id='line_1_66' title="bbox 141 4779 1723 4856; baseline -0.003 -17"><span class='ocrx_word' id='word_1_491' title='bbox 141 4802 253 4856; x_wconf 80' lang='grc' dir='ltr'><strong>της</strong></span> <span class='ocrx_word' id='word_1_492' title='bbox 284 4786 319 4854; x_wconf 85' lang='grc' dir='ltr'>ἡ</span> <span class='ocrx_word' id='word_1_493' title='bbox 361 4783 497 4853; x_wconf 83' lang='grc' dir='ltr'>μόνη</span> <span class='ocrx_word' id='word_1_494' title='bbox 520 4799 534 4812; x_wconf 95' lang='grc'><strong>·</strong></span> <span class='ocrx_word' id='word_1_495' title='bbox 563 4783 693 4847; x_wconf 89' lang='grc' dir='ltr'>Θεὸς</span> <span class='ocrx_word' id='word_1_496' title='bbox 722 4782 777 4835; x_wconf 84' lang='grc' dir='ltr'><strong>δὲ</strong></span> <span class='ocrx_word' id='word_1_497' title='bbox 804 4784 895 4836; x_wconf 75' lang='grc' dir='ltr'><strong>καὶ</strong></span> <span class='ocrx_word' id='word_1_498' title='bbox 922 4784 950 4834; x_wconf 90' lang='grc' dir='ltr'><strong>ὁ</strong></span> <span class='ocrx_word' id='word_1_499' title='bbox 983 4783 1131 4848; x_wconf 86' lang='grc' dir='ltr'>Υἱὸς,</span> <span class='ocrx_word' id='word_1_500' title='bbox 1166 4779 1326 4835; x_wconf 85' lang='grc' dir='ltr'>είκὼν</span> <span class='ocrx_word' id='word_1_501' title='bbox 1349 4781 1447 4851; x_wconf 80' lang='grc' dir='ltr'>τῆς</span> <span class='ocrx_word' id='word_1_502' title='bbox 1472 4783 1598 4851; x_wconf 84' lang='grc' dir='ltr'>μιᾶς</span> <span class='ocrx_word' id='word_1_503' title='bbox 1630 4781 1723 4834; x_wconf 76' lang='grc' dir='ltr'>καὶ</span> 
     </span>
    </p>
   </div>
   <div class='ocr_carea' id='block_1_67' title="bbox 142 4878 1722 4959">
    <p class='ocr_par' dir='ltr' id='par_1_67' title="bbox 142 4878 1722 4959">
     <span class='ocr_line' id='line_1_67' title="bbox 142 4878 1722 4959; baseline -0.003 -22"><span class='ocrx_word' id='word_1_504' title='bbox 142 4885 323 4956; x_wconf 83' lang='grc' dir='ltr'>μόνης</span> <span class='ocrx_word' id='word_1_505' title='bbox 352 4884 603 4954; x_wconf 87' lang='grc' dir='ltr'>θεότητος</span> <span class='ocrx_word' id='word_1_506' title='bbox 628 4880 702 4936; x_wconf 83' lang='grc' dir='ltr'><strong>ῶν</strong></span> <span class='ocrx_word' id='word_1_507' title='bbox 728 4881 951 4959; x_wconf 77' lang='grc' dir='ltr'>ἀληθὴς,</span> <span class='ocrx_word' id='word_1_508' title='bbox 984 4880 1125 4934; x_wconf 85' lang='grc' dir='ltr'>κατὰ</span> <span class='ocrx_word' id='word_1_509' title='bbox 1154 4880 1403 4951; x_wconf 84' lang='grc' dir='ltr'>γέννησιν</span> <span class='ocrx_word' id='word_1_510' title='bbox 1438 4880 1531 4931; x_wconf 78' lang='grc' dir='ltr'>καὶ</span> <span class='ocrx_word' id='word_1_511' title='bbox 1564 4878 1722 4948; x_wconf 85' lang='grc' dir='ltr'>φύσιν</span> 
     </span>
    </p>
   </div>
   <div class='ocr_carea' id='block_1_68' title="bbox 141 4967 1727 5050">
    <p class='ocr_par' dir='ltr' id='par_1_68' title="bbox 141 4967 1727 5050">
     <span class='ocr_line' id='line_1_68' title="bbox 141 4967 1727 5050; baseline -0.003 -20"><span class='ocrx_word' id='word_1_512' title='bbox 141 4982 215 5050; x_wconf 74' lang='grc' dir='ltr'>ἢν</span> <span class='ocrx_word' id='word_1_513' title='bbox 243 4978 309 5030; x_wconf 87' lang='grc' dir='ltr'><strong>ἐκ</strong></span> <span class='ocrx_word' id='word_1_514' title='bbox 342 4975 435 5028; x_wconf 86' lang='grc' dir='ltr'><strong>τοῦ</strong></span> <span class='ocrx_word' id='word_1_515' title='bbox 464 4975 676 5046; x_wconf 89' lang='grc' dir='ltr'>Πατρὸς</span> <span class='ocrx_word' id='word_1_516' title='bbox 704 4974 813 5044; x_wconf 79' lang='grc' dir='ltr'>ἔχει</span> <span class='ocrx_word' id='word_1_517' title='bbox 832 4990 845 5004; x_wconf 95' lang='grc'><strong>·</strong></span> <span class='ocrx_word' id='word_1_518' title='bbox 876 4973 1078 5046; x_wconf 85' lang='grc' dir='ltr'>Κύριος</span> <span class='ocrx_word' id='word_1_519' title='bbox 1107 4967 1184 5036; x_wconf 78' lang='grc' dir='ltr'>εἷς</span> <span class='ocrx_word' id='word_1_520' title='bbox 1210 4973 1239 5024; x_wconf 86' lang='grc' dir='ltr'><strong>ό</strong></span> <span class='ocrx_word' id='word_1_521' title='bbox 1267 4972 1396 5035; x_wconf 81' lang='grc' dir='ltr'>Υἱός</span> <span class='ocrx_word' id='word_1_522' title='bbox 1415 4989 1429 5002; x_wconf 87' lang='grc'><strong>·</strong></span> <span class='ocrx_word' id='word_1_523' title='bbox 1464 4972 1727 5045; x_wconf 83' lang='grc' dir='ltr'>ὡσαύτως</span> 
     </span>
    </p>
   </div>
   <div class='ocr_carea' id='block_1_69' title="bbox 135 5074 1723 5147">
    <p class='ocr_par' dir='ltr' id='par_1_69' title="bbox 135 5074 1723 5147">
     <span class='ocr_line' id='line_1_69' title="bbox 135 5074 1723 5147; baseline -0.007 -10"><span class='ocrx_word' id='word_1_524' title='bbox 135 5084 198 5137; x_wconf 81' lang='grc' dir='ltr'><strong>δέ</strong></span> <span class='ocrx_word' id='word_1_525' title='bbox 236 5080 334 5134; x_wconf 73' lang='grc' dir='ltr'>καὶ</span> <span class='ocrx_word' id='word_1_526' title='bbox 366 5078 421 5132; x_wconf 83' lang='grc' dir='ltr'><strong>τὸ</strong></span> <span class='ocrx_word' id='word_1_527' title='bbox 462 5078 686 5147; x_wconf 88' lang='grc' dir='ltr'>Πνεῦμα</span> <span class='ocrx_word' id='word_1_528' title='bbox 725 5076 822 5147; x_wconf 84' lang='grc' dir='ltr'><strong>τὴν</strong></span> <span class='ocrx_word' id='word_1_529' title='bbox 855 5074 947 5129; x_wconf 89' lang='grc' dir='ltr'><strong>τοῦ</strong></span> <span class='ocrx_word' id='word_1_530' title='bbox 984 5075 1113 5128; x_wconf 90' lang='grc' dir='ltr'>Υἱοῦ</span> <span class='ocrx_word' id='word_1_531' title='bbox 1162 5075 1460 5147; x_wconf 84' lang='grc' dir='ltr'>κυριότητα</span> <span class='ocrx_word' id='word_1_532' title='bbox 1497 5074 1723 5145; x_wconf 87' lang='grc' dir='ltr'>διαπέμ-</span> 
     </span>
    </p>
   </div>
   <div class='ocr_carea' id='block_1_70' title="bbox 136 5167 1723 5240">
    <p class='ocr_par' dir='ltr' id='par_1_70' title="bbox 136 5167 1723 5240">
     <span class='ocr_line' id='line_1_70' title="bbox 136 5167 1723 5240; baseline -0.006 -12"><span class='ocrx_word' id='word_1_533' title='bbox 136 5192 250 5228; x_wconf 84' lang='grc' dir='ltr'><strong>πον</strong></span> <span class='ocrx_word' id='word_1_534' title='bbox 298 5173 379 5235; x_wconf 88' lang='grc' dir='ltr'><strong>είς</strong></span> <span class='ocrx_word' id='word_1_535' title='bbox 426 5171 525 5240; x_wconf 77' lang='grc' dir='ltr'><strong>τὴν</strong></span> <span class='ocrx_word' id='word_1_536' title='bbox 568 5169 929 5240; x_wconf 79' lang='grc' dir='ltr'>άγιαζομένην</span> <span class='ocrx_word' id='word_1_537' title='bbox 981 5168 1189 5221; x_wconf 87' lang='grc' dir='ltr'>κτίσιν·</span> <span class='ocrx_word' id='word_1_538' title='bbox 1239 5167 1367 5230; x_wconf 77' lang='grc' dir='ltr'>Υἱὸς</span> <span class='ocrx_word' id='word_1_539' title='bbox 1413 5167 1723 5237; x_wconf 85' lang='grc' dir='ltr'>ἐπεδήμησε</span> 
     </span>
    </p>
   </div>
   <div class='ocr_carea' id='block_1_71' title="bbox 137 5258 1723 5336">
    <p class='ocr_par' dir='ltr' id='par_1_71' title="bbox 137 5258 1723 5336">
     <span class='ocr_line' id='line_1_71' title="bbox 137 5258 1723 5336; baseline -0.007 -15"><span class='ocrx_word' id='word_1_540' title='bbox 137 5268 364 5335; x_wconf 84' lang='grc' dir='ltr'>κόσμῳ,</span> <span class='ocrx_word' id='word_1_541' title='bbox 404 5263 581 5335; x_wconf 89' lang='grc' dir='ltr'>σάρκα</span> <span class='ocrx_word' id='word_1_542' title='bbox 626 5265 689 5316; x_wconf 87' lang='grc' dir='ltr'><strong>ἐκ</strong></span> <span class='ocrx_word' id='word_1_543' title='bbox 734 5264 1010 5336; x_wconf 84' lang='grc' dir='ltr'>Παρθένου</span> <span class='ocrx_word' id='word_1_544' title='bbox 1051 5261 1249 5327; x_wconf 84' lang='grc' dir='ltr'>λαϐὼν,</span> <span class='ocrx_word' id='word_1_545' title='bbox 1294 5263 1357 5331; x_wconf 72' lang='grc' dir='ltr'>ἢν</span> <span class='ocrx_word' id='word_1_546' title='bbox 1409 5258 1723 5331; x_wconf 84' lang='grc' dir='ltr'>ἐπλήρωσεν</span> 
     </span>
    </p>
   </div>
   <div class='ocr_carea' id='block_1_72' title="bbox 138 5356 1720 5434">
    <p class='ocr_par' dir='ltr' id='par_1_72' title="bbox 138 5356 1720 5434">
     <span class='ocr_line' id='line_1_72' title="bbox 138 5356 1720 5434; baseline -0.008 -14"><span class='ocrx_word' id='word_1_547' title='bbox 138 5364 307 5434; x_wconf 83' lang='grc' dir='ltr'>ἁγίου</span> <span class='ocrx_word' id='word_1_548' title='bbox 349 5360 663 5433; x_wconf 88' lang='grc' dir='ltr'>Πνεύματος</span> <span class='ocrx_word' id='word_1_549' title='bbox 713 5362 792 5423; x_wconf 80' lang='grc' dir='ltr'><strong>είς</strong></span> <span class='ocrx_word' id='word_1_550' title='bbox 830 5362 922 5415; x_wconf 91' lang='grc' dir='ltr'><strong>τὸν</strong></span> <span class='ocrx_word' id='word_1_551' title='bbox 956 5360 1169 5413; x_wconf 87' lang='grc' dir='ltr'>πάντων</span> <span class='ocrx_word' id='word_1_552' title='bbox 1216 5357 1374 5428; x_wconf 88' lang='grc' dir='ltr'>ήμῶν</span> <span class='ocrx_word' id='word_1_553' title='bbox 1417 5356 1720 5425; x_wconf 83' lang='grc' dir='ltr'>ἁγιασμόν·</span> 
     </span>
    </p>
   </div>
   <div class='ocr_carea' id='block_1_73' title="bbox 138 5456 1727 5534">
    <p class='ocr_par' dir='ltr' id='par_1_73' title="bbox 138 5456 1727 5534">
     <span class='ocr_line' id='line_1_73' title="bbox 138 5456 1727 5534; baseline -0.006 -14"><span class='ocrx_word' id='word_1_554' title='bbox 138 5465 370 5534; x_wconf 86' lang='grc' dir='ltr'>θανάτῳ</span> <span class='ocrx_word' id='word_1_555' title='bbox 412 5462 469 5517; x_wconf 83' lang='grc' dir='ltr'>δὲ</span> <span class='ocrx_word' id='word_1_556' title='bbox 517 5462 789 5533; x_wconf 78' lang='grc' dir='ltr'>παραδοὺς</span> <span class='ocrx_word' id='word_1_557' title='bbox 822 5461 920 5532; x_wconf 83' lang='grc' dir='ltr'><strong>τὴν</strong></span> <span class='ocrx_word' id='word_1_558' title='bbox 967 5462 1163 5533; x_wconf 90' lang='grc' dir='ltr'>σάρκα,</span> <span class='ocrx_word' id='word_1_559' title='bbox 1192 5459 1281 5513; x_wconf 86' lang='grc' dir='ltr'><strong>τὸν</strong></span> <span class='ocrx_word' id='word_1_560' title='bbox 1314 5459 1539 5513; x_wconf 89' lang='grc' dir='ltr'>θάνατον</span> <span class='ocrx_word' id='word_1_561' title='bbox 1572 5456 1727 5511; x_wconf 74' lang='grc' dir='ltr'>ἔλυσε</span> 
     </span>
    </p>
   </div>
   <div class='ocr_carea' id='block_1_74' title="bbox 138 5551 1727 5626">
    <p class='ocr_par' dir='ltr' id='par_1_74' title="bbox 138 5551 1727 5626">
     <span class='ocr_line' id='line_1_74' title="bbox 138 5551 1727 5626; baseline -0.005 -14"><span class='ocrx_word' id='word_1_562' title='bbox 138 5560 235 5613; x_wconf 82' lang='grc' dir='ltr'><strong>διὰ</strong></span> <span class='ocrx_word' id='word_1_563' title='bbox 264 5557 369 5626; x_wconf 81' lang='grc' dir='ltr'>τῆς</span> <span class='ocrx_word' id='word_1_564' title='bbox 399 5556 745 5618; x_wconf 89' lang='grc' dir='ltr'>ἀναστάσεως</span> <span class='ocrx_word' id='word_1_565' title='bbox 788 5556 868 5618; x_wconf 84' lang='grc' dir='ltr'><strong>είς</strong></span> <span class='ocrx_word' id='word_1_566' title='bbox 899 5554 997 5625; x_wconf 79' lang='grc' dir='ltr'><strong>τὴν</strong></span> <span class='ocrx_word' id='word_1_567' title='bbox 1044 5554 1259 5607; x_wconf 86' lang='grc' dir='ltr'>πάντων</span> <span class='ocrx_word' id='word_1_568' title='bbox 1301 5552 1455 5623; x_wconf 89' lang='grc' dir='ltr'>ήμῶν</span> <span class='ocrx_word' id='word_1_569' title='bbox 1497 5551 1727 5605; x_wconf 86' lang='grc' dir='ltr'>ἀνάστα-</span> 
     </span>
    </p>
   </div>
   <div class='ocr_carea' id='block_1_75' title="bbox 144 5644 1726 5721">
    <p class='ocr_par' dir='ltr' id='par_1_75' title="bbox 144 5644 1726 5721">
     <span class='ocr_line' id='line_1_75' title="bbox 144 5644 1726 5721; baseline -0.003 -17"><span class='ocrx_word' id='word_1_570' title='bbox 144 5669 235 5704; x_wconf 86' lang='grc' dir='ltr'><strong>σιν</strong></span> <span class='ocrx_word' id='word_1_571' title='bbox 256 5668 271 5680; x_wconf 89' lang='grc'><strong>·</strong></span> <span class='ocrx_word' id='word_1_572' title='bbox 317 5648 551 5721; x_wconf 77' lang='grc' dir='ltr'>ἀνῆλθεν</span> <span class='ocrx_word' id='word_1_573' title='bbox 578 5648 634 5700; x_wconf 74' lang='grc' dir='ltr'>δὲ</span> <span class='ocrx_word' id='word_1_574' title='bbox 674 5648 753 5710; x_wconf 85' lang='grc' dir='ltr'><strong>είς</strong></span> <span class='ocrx_word' id='word_1_575' title='bbox 780 5646 1006 5717; x_wconf 80' lang='grc' dir='ltr'>οὐρανὸν</span> <span class='ocrx_word' id='word_1_576' title='bbox 1044 5646 1193 5716; x_wconf 68' lang='grc' dir='ltr'>ὑψῶν</span> <span class='ocrx_word' id='word_1_577' title='bbox 1229 5647 1321 5700; x_wconf 76' lang='grc' dir='ltr'><strong>καὶ</strong></span> <span class='ocrx_word' id='word_1_578' title='bbox 1362 5644 1598 5712; x_wconf 77' lang='grc' dir='ltr'>δοξάζων</span> <span class='ocrx_word' id='word_1_579' title='bbox 1635 5649 1726 5701; x_wconf 84' lang='grc' dir='ltr'>ἀν-</span> 
     </span>
    </p>
   </div>
   <div class='ocr_carea' id='block_1_76' title="bbox 143 5737 1724 5814">
    <p class='ocr_par' dir='ltr' id='par_1_76' title="bbox 143 5737 1724 5814">
     <span class='ocr_line' id='line_1_76' title="bbox 143 5737 1724 5814; baseline -0.003 -18"><span class='ocrx_word' id='word_1_580' title='bbox 143 5741 407 5814; x_wconf 83' lang='grc' dir='ltr'>θρώπους</span> <span class='ocrx_word' id='word_1_581' title='bbox 449 5742 507 5793; x_wconf 91' lang='grc' dir='ltr'><strong>ἐν</strong></span> <span class='ocrx_word' id='word_1_582' title='bbox 535 5738 741 5810; x_wconf 75' lang='grc' dir='ltr'>ἐαυτῷ·</span> <span class='ocrx_word' id='word_1_583' title='bbox 774 5738 989 5810; x_wconf 78' lang='grc' dir='ltr'>ἔρχεται</span> <span class='ocrx_word' id='word_1_584' title='bbox 1028 5738 1083 5790; x_wconf 80' lang='grc' dir='ltr'>δὲ</span> <span class='ocrx_word' id='word_1_585' title='bbox 1116 5738 1176 5791; x_wconf 83' lang='grc' dir='ltr'><strong>τὸ</strong></span> <span class='ocrx_word' id='word_1_586' title='bbox 1208 5737 1455 5808; x_wconf 84' lang='grc' dir='ltr'>δεύτερον</span> <span class='ocrx_word' id='word_1_587' title='bbox 1482 5738 1724 5794; x_wconf 81' lang='grc' dir='ltr'>ἀποκαθ-</span> 
     </span>
    </p>
   </div>
   <div class='ocr_carea' id='block_1_77' title="bbox 143 5830 1023 5907">
    <p class='ocr_par' dir='ltr' id='par_1_77' title="bbox 143 5830 1023 5907">
     <span class='ocr_line' id='line_1_77' title="bbox 143 5830 1023 5907; baseline -0.009 -16"><span class='ocrx_word' id='word_1_588' title='bbox 143 5837 319 5891; x_wconf 86' lang='grc' dir='ltr'>ιστῶν</span> <span class='ocrx_word' id='word_1_589' title='bbox 346 5835 478 5907; x_wconf 74' lang='grc' dir='ltr'>ἡμῖν</span> <span class='ocrx_word' id='word_1_590' title='bbox 504 5834 602 5906; x_wconf 73' lang='grc' dir='ltr'><strong>τήν</strong></span> <span class='ocrx_word' id='word_1_591' title='bbox 627 5832 837 5889; x_wconf 72' lang='grc' dir='ltr'>αἰώνιον</span> <span class='ocrx_word' id='word_1_592' title='bbox 866 5830 1023 5903; x_wconf 73' lang='grc' dir='ltr'>ζωήν.</span> 
     </span>
    </p>
   </div>
   <div class='ocr_carea' id='block_1_78' title="bbox 1818 1959 3393 2029">
    <p class='ocr_par' dir='ltr' id='par_1_78' title="bbox 1818 1959 3393 2029">
     <span class='ocr_line' id='line_1_78' title="bbox 1818 1959 3393 2029; baseline -0.006 -9"><span class='ocrx_word' id='word_1_593' title='bbox 1818 1979 2038 2020; x_wconf 89' lang='lat' dir='ltr'><strong>carnem</strong></span> <span class='ocrx_word' id='word_1_594' title='bbox 2078 1962 2203 2017; x_wconf 86' lang='lat' dir='ltr'><strong>Filii</strong></span> <span class='ocrx_word' id='word_1_595' title='bbox 2254 1962 2516 2029; x_wconf 85' lang='lat' dir='ltr'><strong>hominis,</strong></span> <span class='ocrx_word' id='word_1_596' title='bbox 2554 1960 2768 2016; x_wconf 91' lang='lat' dir='ltr'><strong>Domini</strong></span> <span class='ocrx_word' id='word_1_597' title='bbox 2802 1961 2973 2015; x_wconf 87' lang='lat' dir='ltr'><strong>nostri</strong></span> <span class='ocrx_word' id='word_1_598' title='bbox 3001 1960 3129 2015; x_wconf 82' lang='lat' dir='ltr'><strong>Jesu</strong></span> <span class='ocrx_word' id='word_1_599' title='bbox 3157 1959 3393 2029; x_wconf 85' lang='lat' dir='ltr'><strong>Christi.</strong></span> 
     </span>
    </p>
   </div>
   <div class='ocr_carea' id='block_1_79' title="bbox 1887 2140 3397 2214">
    <p class='ocr_par' dir='ltr' id='par_1_79' title="bbox 1887 2140 3397 2214">
     <span class='ocr_line' id='line_1_79' title="bbox 1887 2140 3397 2214; baseline -0.004 -14"><span class='ocrx_word' id='word_1_600' title='bbox 1887 2144 2175 2200; x_wconf 88' lang='lat' dir='ltr'><strong>Credimus</strong></span> <span class='ocrx_word' id='word_1_601' title='bbox 2203 2143 2370 2214; x_wconf 83' lang='lat' dir='ltr'><strong>igitur</strong></span> <span class='ocrx_word' id='word_1_602' title='bbox 2400 2142 2453 2197; x_wconf 93' lang='lat' dir='ltr'><strong>in</strong></span> <span class='ocrx_word' id='word_1_603' title='bbox 2484 2158 2651 2197; x_wconf 89' lang='lat' dir='ltr'><strong>unum</strong></span> <span class='ocrx_word' id='word_1_604' title='bbox 2685 2141 2877 2209; x_wconf 90' lang='lat' dir='ltr'><strong>Deum,</strong></span> <span class='ocrx_word' id='word_1_605' title='bbox 2906 2141 2957 2196; x_wconf 92' lang='lat' dir='ltr'><strong>id</strong></span> <span class='ocrx_word' id='word_1_606' title='bbox 2993 2149 3096 2208; x_wconf 89' lang='lat' dir='ltr'><strong>est,</strong></span> <span class='ocrx_word' id='word_1_607' title='bbox 3131 2140 3185 2194; x_wconf 91' lang='lat' dir='ltr'><strong>in</strong></span> <span class='ocrx_word' id='word_1_608' title='bbox 3213 2157 3397 2201; x_wconf 81' lang='lat' dir='ltr'><strong>unum</strong></span> 
     </span>
    </p>
   </div>
   <div class='ocr_carea' id='block_1_80' title="bbox 1818 2231 3389 2308">
    <p class='ocr_par' dir='ltr' id='par_1_80' title="bbox 1818 2231 3389 2308">
     <span class='ocr_line' id='line_1_80' title="bbox 1818 2231 3389 2308; baseline -0.004 -17"><span class='ocrx_word' id='word_1_609' title='bbox 1818 2237 2170 2308; x_wconf 85' lang='lat' dir='ltr'><strong>principium,</strong></span> <span class='ocrx_word' id='word_1_610' title='bbox 2221 2235 2390 2289; x_wconf 91' lang='lat' dir='ltr'><strong>Deum</strong></span> <span class='ocrx_word' id='word_1_611' title='bbox 2449 2234 2608 2304; x_wconf 82' lang='lat' dir='ltr'><strong>Legis</strong></span> <span class='ocrx_word' id='word_1_612' title='bbox 2651 2244 2705 2288; x_wconf 90' lang='lat' dir='ltr'><strong>et</strong></span> <span class='ocrx_word' id='word_1_613' title='bbox 2752 2231 3050 2302; x_wconf 85' lang='lat' dir='ltr'><strong>Evangelii,</strong></span> <span class='ocrx_word' id='word_1_614' title='bbox 3092 2232 3299 2302; x_wconf 88' lang='lat' dir='ltr'><strong>justum</strong></span> <span class='ocrx_word' id='word_1_615' title='bbox 3331 2241 3389 2286; x_wconf 90' lang='lat' dir='ltr'><strong>et</strong></span> 
     </span>
    </p>
   </div>
   <div class='ocr_carea' id='block_1_81' title="bbox 1818 2320 3383 2393">
    <p class='ocr_par' dir='ltr' id='par_1_81' title="bbox 1818 2320 3383 2393">
     <span class='ocr_line' id='line_1_81' title="bbox 1818 2320 3383 2393; baseline -0.004 -10"><span class='ocrx_word' id='word_1_616' title='bbox 1818 2330 2140 2393; x_wconf 89' lang='lat' dir='ltr'><strong>bonum;et</strong></span> <span class='ocrx_word' id='word_1_617' title='bbox 2200 2328 2255 2380; x_wconf 92' lang='lat' dir='ltr'><strong>in</strong></span> <span class='ocrx_word' id='word_1_618' title='bbox 2304 2340 2471 2379; x_wconf 90' lang='lat' dir='ltr'><strong>unum</strong></span> <span class='ocrx_word' id='word_1_619' title='bbox 2513 2323 2803 2379; x_wconf 89' lang='lat' dir='ltr'><strong>Dominum</strong></span> <span class='ocrx_word' id='word_1_620' title='bbox 2857 2320 3042 2376; x_wconf 84' lang='lat' dir='ltr'><strong>Jesum</strong></span> <span class='ocrx_word' id='word_1_621' title='bbox 3102 2322 3383 2377; x_wconf 83' lang='lat' dir='ltr'><strong>Christum</strong></span> 
     </span>
    </p>
   </div>
   <div class='ocr_carea' id='block_1_82' title="bbox 1822 2414 3394 2487">
    <p class='ocr_par' dir='ltr' id='par_1_82' title="bbox 1822 2414 3394 2487">
     <span class='ocr_line' id='line_1_82' title="bbox 1822 2414 3394 2487; baseline -0.004 -11"><span class='ocrx_word' id='word_1_622' title='bbox 1822 2420 1990 2476; x_wconf 91' lang='lat' dir='ltr'><strong>Deum</strong></span> <span class='ocrx_word' id='word_1_623' title='bbox 2028 2434 2240 2485; x_wconf 89' lang='lat' dir='ltr'><strong>verum,</strong></span> <span class='ocrx_word' id='word_1_624' title='bbox 2281 2417 2334 2472; x_wconf 90' lang='lat' dir='ltr'><strong>id</strong></span> <span class='ocrx_word' id='word_1_625' title='bbox 2383 2425 2485 2482; x_wconf 89' lang='lat' dir='ltr'><strong>est,</strong></span> <span class='ocrx_word' id='word_1_626' title='bbox 2517 2416 2806 2487; x_wconf 77' lang='lat' dir='ltr'><strong>imaginem</strong></span> <span class='ocrx_word' id='word_1_627' title='bbox 2845 2429 3025 2468; x_wconf 88' lang='lat' dir='ltr'><strong>veram</strong></span> <span class='ocrx_word' id='word_1_628' title='bbox 3056 2414 3229 2469; x_wconf 88' lang='lat' dir='ltr'><strong>solius</strong></span> <span class='ocrx_word' id='word_1_629' title='bbox 3265 2415 3394 2479; x_wconf 67' lang='lat' dir='ltr'><strong>veri,</strong></span> 
     </span>
    </p>
   </div>
   <div class='ocr_carea' id='block_1_83' title="bbox 1820 2504 3377 2577">
    <p class='ocr_par' dir='ltr' id='par_1_83' title="bbox 1820 2504 3377 2577">
     <span class='ocr_line' id='line_1_83' title="bbox 1820 2504 3377 2577; baseline -0.004 -13"><span class='ocrx_word' id='word_1_630' title='bbox 1820 2510 1954 2577; x_wconf 89' lang='lat' dir='ltr'><strong>Dei;</strong></span> <span class='ocrx_word' id='word_1_631' title='bbox 1988 2518 2285 2564; x_wconf 88' lang='lat' dir='ltr'><strong>creatorem</strong></span> <span class='ocrx_word' id='word_1_632' title='bbox 2327 2507 2570 2561; x_wconf 87' lang='lat' dir='ltr'><strong>omnium</strong></span> <span class='ocrx_word' id='word_1_633' title='bbox 2600 2504 2893 2559; x_wconf 77' lang='lat' dir='ltr'><strong>visibilium</strong></span> <span class='ocrx_word' id='word_1_634' title='bbox 2919 2512 2972 2557; x_wconf 92' lang='lat' dir='ltr'><strong>et</strong></span> <span class='ocrx_word' id='word_1_635' title='bbox 2999 2504 3377 2569; x_wconf 87' lang='lat' dir='ltr'><strong>invisibilium,</strong></span> 
     </span>
    </p>
   </div>
   <div class='ocr_carea' id='block_1_84' title="bbox 1821 2594 3388 2669">
    <p class='ocr_par' dir='ltr' id='par_1_84' title="bbox 1821 2594 3388 2669">
     <span class='ocr_line' id='line_1_84' title="bbox 1821 2594 3388 2669; baseline -0.005 -10"><span class='ocrx_word' id='word_1_636' title='bbox 1821 2604 2020 2659; x_wconf 90' lang='lat' dir='ltr'><strong>Filium</strong></span> <span class='ocrx_word' id='word_1_637' title='bbox 2057 2602 2173 2667; x_wconf 88' lang='lat' dir='ltr'><strong>Dei,</strong></span> <span class='ocrx_word' id='word_1_638' title='bbox 2205 2610 2260 2657; x_wconf 89' lang='grc' dir='ltr'><strong>ει</strong></span> <span class='ocrx_word' id='word_1_639' title='bbox 2286 2600 2454 2655; x_wconf 80' lang='lat' dir='ltr'><strong>fetum</strong></span> <span class='ocrx_word' id='word_1_640' title='bbox 2486 2597 2846 2669; x_wconf 76' lang='lat' dir='ltr'><strong>unigenitum,</strong></span> <span class='ocrx_word' id='word_1_641' title='bbox 2884 2604 2937 2650; x_wconf 91' lang='lat' dir='ltr'><strong>et</strong></span> <span class='ocrx_word' id='word_1_642' title='bbox 2956 2605 3216 2651; x_wconf 63' lang='lat' dir='ltr'><strong>aeternum</strong></span> <span class='ocrx_word' id='word_1_643' title='bbox 3255 2594 3388 2652; x_wconf 88' lang='lat' dir='ltr'><strong>Ver-</strong></span> 
     </span>
    </p>
   </div>
   <div class='ocr_carea' id='block_1_85' title="bbox 1820 2691 3386 2763">
    <p class='ocr_par' dir='ltr' id='par_1_85' title="bbox 1820 2691 3386 2763">
     <span class='ocr_line' id='line_1_85' title="bbox 1820 2691 3386 2763; baseline -0.007 -9"><span class='ocrx_word' id='word_1_644' title='bbox 1820 2699 1952 2754; x_wconf 89' lang='lat' dir='ltr'><strong>bum</strong></span> <span class='ocrx_word' id='word_1_645' title='bbox 1983 2697 2195 2760; x_wconf 85' lang='lat' dir='ltr'><strong>vivens,</strong></span> <span class='ocrx_word' id='word_1_646' title='bbox 2253 2702 2307 2749; x_wconf 92' lang='lat' dir='ltr'><strong>et</strong></span> <span class='ocrx_word' id='word_1_647' title='bbox 2342 2708 2437 2763; x_wconf 89' lang='lat' dir='ltr'><strong>per</strong></span> <span class='ocrx_word' id='word_1_648' title='bbox 2483 2708 2543 2748; x_wconf 86' lang='lat' dir='ltr'><strong>se</strong></span> <span class='ocrx_word' id='word_1_649' title='bbox 2595 2691 2863 2746; x_wconf 81' lang='lat' dir='ltr'><strong>exsistens</strong></span> <span class='ocrx_word' id='word_1_650' title='bbox 2908 2698 3074 2758; x_wconf 90' lang='lat' dir='ltr'><strong>atque</strong></span> <span class='ocrx_word' id='word_1_651' title='bbox 3131 2704 3386 2759; x_wconf 84' lang='lat' dir='ltr'><strong>operans,</strong></span> 
     </span>
    </p>
   </div>
   <div class='ocr_carea' id='block_1_86' title="bbox 1824 2784 3401 2861">
    <p class='ocr_par' dir='ltr' id='par_1_86' title="bbox 1824 2784 3401 2861">
     <span class='ocr_line' id='line_1_86' title="bbox 1824 2784 3401 2861; baseline -0.008 -14"><span class='ocrx_word' id='word_1_652' title='bbox 1824 2806 2041 2861; x_wconf 90' lang='lat' dir='ltr'><strong>semper</strong></span> <span class='ocrx_word' id='word_1_653' title='bbox 2082 2804 2205 2844; x_wconf 91' lang='lat' dir='ltr'><strong>cum</strong></span> <span class='ocrx_word' id='word_1_654' title='bbox 2265 2785 2423 2840; x_wconf 87' lang='lat' dir='ltr'><strong>Patre</strong></span> <span class='ocrx_word' id='word_1_655' title='bbox 2462 2800 2725 2850; x_wconf 88' lang='lat' dir='ltr'><strong>manens;</strong></span> <span class='ocrx_word' id='word_1_656' title='bbox 2750 2795 2804 2839; x_wconf 91' lang='lat' dir='ltr'><strong>et</strong></span> <span class='ocrx_word' id='word_1_657' title='bbox 2837 2784 2892 2838; x_wconf 92' lang='lat' dir='ltr'><strong>in</strong></span> <span class='ocrx_word' id='word_1_658' title='bbox 2922 2798 3090 2838; x_wconf 92' lang='lat' dir='ltr'><strong>unum</strong></span> <span class='ocrx_word' id='word_1_659' title='bbox 3136 2792 3401 2845; x_wconf 65' lang='lat' dir='ltr'><strong>sanctum</strong></span> 
     </span>
    </p>
   </div>
   <div class='ocr_carea' id='block_1_87' title="bbox 1826 2874 3387 2953">
    <p class='ocr_par' dir='ltr' id='par_1_87' title="bbox 1826 2874 3387 2953">
     <span class='ocr_line' id='line_1_87' title="bbox 1826 2874 3387 2953; baseline -0.006 -15"><span class='ocrx_word' id='word_1_660' title='bbox 1826 2883 2123 2953; x_wconf 89' lang='lat' dir='ltr'><strong>Spiritum;</strong></span> <span class='ocrx_word' id='word_1_661' title='bbox 2153 2890 2208 2935; x_wconf 89' lang='lat' dir='ltr'><strong>et</strong></span> <span class='ocrx_word' id='word_1_662' title='bbox 2236 2880 2290 2934; x_wconf 91' lang='lat' dir='ltr'><strong>in</strong></span> <span class='ocrx_word' id='word_1_663' title='bbox 2319 2878 2608 2934; x_wconf 82' lang='lat' dir='ltr'><strong>adventum</strong></span> <span class='ocrx_word' id='word_1_664' title='bbox 2659 2877 2960 2949; x_wconf 75' lang='lat' dir='ltr'><strong>gloriosum</strong></span> <span class='ocrx_word' id='word_1_665' title='bbox 2989 2875 3112 2929; x_wconf 86' lang='lat' dir='ltr'><strong>Filii</strong></span> <span class='ocrx_word' id='word_1_666' title='bbox 3145 2874 3262 2940; x_wconf 87' lang='lat' dir='ltr'><strong>Dei,</strong></span> <span class='ocrx_word' id='word_1_667' title='bbox 3291 2874 3387 2945; x_wconf 84' lang='lat' dir='ltr'><strong>qui</strong></span> 
     </span>
    </p>
   </div>
   <div class='ocr_carea' id='block_1_88' title="bbox 1825 2968 3387 3041">
    <p class='ocr_par' dir='ltr' id='par_1_88' title="bbox 1825 2968 3387 3041">
     <span class='ocr_line' id='line_1_88' title="bbox 1825 2968 3387 3041; baseline -0.004 -9"><span class='ocrx_word' id='word_1_668' title='bbox 1825 2990 2047 3033; x_wconf 89' lang='lat' dir='ltr'><strong>carnem</strong></span> <span class='ocrx_word' id='word_1_669' title='bbox 2096 2971 2304 3041; x_wconf 88' lang='lat' dir='ltr'><strong>accepit</strong></span> <span class='ocrx_word' id='word_1_670' title='bbox 2326 2986 2391 3025; x_wconf 80' lang='lat' dir='ltr'><strong>ex</strong></span> <span class='ocrx_word' id='word_1_671' title='bbox 2425 2968 2669 3040; x_wconf 79' lang='lat' dir='ltr'><strong>Virgine,</strong></span> <span class='ocrx_word' id='word_1_672' title='bbox 2697 2978 2751 3024; x_wconf 92' lang='lat' dir='ltr'><strong>et</strong></span> <span class='ocrx_word' id='word_1_673' title='bbox 2784 2986 2882 3039; x_wconf 93' lang='lat' dir='ltr'><strong>pro</strong></span> <span class='ocrx_word' id='word_1_674' title='bbox 2907 2969 3068 3023; x_wconf 90' lang='lat' dir='ltr'><strong>nobis</strong></span> <span class='ocrx_word' id='word_1_675' title='bbox 3096 2969 3387 3038; x_wconf 74' lang='lat' dir='ltr'><strong>passiones</strong></span> 
     </span>
    </p>
   </div>
   <div class='ocr_carea' id='block_1_89' title="bbox 1823 3060 3386 3128">
    <p class='ocr_par' dir='ltr' id='par_1_89' title="bbox 1823 3060 3386 3128">
     <span class='ocr_line' id='line_1_89' title="bbox 1823 3060 3386 3128; baseline -0.006 -5"><span class='ocrx_word' id='word_1_676' title='bbox 1823 3078 1877 3124; x_wconf 92' lang='lat' dir='ltr'><strong>et</strong></span> <span class='ocrx_word' id='word_1_677' title='bbox 1902 3076 2130 3121; x_wconf 87' lang='lat' dir='ltr'><strong>mortem</strong></span> <span class='ocrx_word' id='word_1_678' title='bbox 2155 3062 2437 3128; x_wconf 92' lang='lat' dir='ltr'><strong>sustinuit,</strong></span> <span class='ocrx_word' id='word_1_679' title='bbox 2469 3071 2523 3117; x_wconf 91' lang='lat' dir='ltr'><strong>et</strong></span> <span class='ocrx_word' id='word_1_680' title='bbox 2552 3062 2711 3116; x_wconf 86' lang='lat' dir='ltr'><strong>tertia</strong></span> <span class='ocrx_word' id='word_1_681' title='bbox 2758 3061 2846 3115; x_wconf 88' lang='lat' dir='ltr'><strong>die</strong></span> <span class='ocrx_word' id='word_1_682' title='bbox 2873 3060 3188 3123; x_wconf 81' lang='lat' dir='ltr'><strong>resurrexit,</strong></span> <span class='ocrx_word' id='word_1_683' title='bbox 3219 3070 3271 3113; x_wconf 90' lang='lat' dir='ltr'><strong>et</strong></span> <span class='ocrx_word' id='word_1_684' title='bbox 3295 3074 3386 3114; x_wconf 80' lang='lat' dir='ltr'><strong>as-</strong></span> 
     </span>
    </p>
   </div>
   <div class='ocr_carea' id='block_1_90' title="bbox 1748 3150 3390 3249">
    <p class='ocr_par' dir='ltr' id='par_1_90' title="bbox 1748 3150 3390 3249">
     <span class='ocr_line' id='line_1_90' title="bbox 1748 3150 3390 3249; baseline -0.009 -32"><span class='ocrx_word' id='word_1_685' title='bbox 1748 3191 1793 3249; x_wconf 72' lang='lat' dir='ltr'>c</span> <span class='ocrx_word' id='word_1_686' title='bbox 1829 3169 2079 3229; x_wconf 89' lang='lat' dir='ltr'><strong>sumptus</strong></span> <span class='ocrx_word' id='word_1_687' title='bbox 2100 3170 2182 3213; x_wconf 88' lang='lat' dir='ltr'><strong>est</strong></span> <span class='ocrx_word' id='word_1_688' title='bbox 2204 3157 2259 3210; x_wconf 89' lang='lat' dir='ltr'><strong>in</strong></span> <span class='ocrx_word' id='word_1_689' title='bbox 2292 3156 2492 3221; x_wconf 59' lang='lat' dir='ltr'><strong>caelos;</strong></span> <span class='ocrx_word' id='word_1_690' title='bbox 2514 3165 2567 3208; x_wconf 91' lang='lat' dir='ltr'><strong>et</strong></span> <span class='ocrx_word' id='word_1_691' title='bbox 2593 3154 2645 3207; x_wconf 89' lang='lat' dir='ltr'><strong>in</strong></span> <span class='ocrx_word' id='word_1_692' title='bbox 2665 3152 2908 3209; x_wconf 78' lang='lat' dir='ltr'><strong>futurum</strong></span> <span class='ocrx_word' id='word_1_693' title='bbox 2950 3151 3238 3206; x_wconf 83' lang='lat' dir='ltr'><strong>adventum</strong></span> <span class='ocrx_word' id='word_1_694' title='bbox 3272 3150 3390 3219; x_wconf 86' lang='lat' dir='ltr'><strong>glo-</strong></span> 
     </span>
    </p>
   </div>
   <div class='ocr_carea' id='block_1_91' title="bbox 1825 3242 3389 3317">
    <p class='ocr_par' dir='ltr' id='par_1_91' title="bbox 1825 3242 3389 3317">
     <span class='ocr_line' id='line_1_91' title="bbox 1825 3242 3389 3317; baseline -0.008 -10"><span class='ocrx_word' id='word_1_695' title='bbox 1825 3254 2065 3317; x_wconf 88' lang='lat' dir='ltr'><strong>riosum;</strong></span> <span class='ocrx_word' id='word_1_696' title='bbox 2093 3259 2145 3303; x_wconf 88' lang='lat' dir='ltr'><strong>et</strong></span> <span class='ocrx_word' id='word_1_697' title='bbox 2162 3248 2215 3303; x_wconf 92' lang='lat' dir='ltr'><strong>in</strong></span> <span class='ocrx_word' id='word_1_698' title='bbox 2237 3263 2400 3302; x_wconf 90' lang='lat' dir='ltr'><strong>unam</strong></span> <span class='ocrx_word' id='word_1_699' title='bbox 2419 3253 2658 3301; x_wconf 85' lang='lat' dir='ltr'><strong>sanctam</strong></span> <span class='ocrx_word' id='word_1_700' title='bbox 2677 3243 2992 3309; x_wconf 69' lang='lat' dir='ltr'><strong>Ecclesium,</strong></span> <span class='ocrx_word' id='word_1_701' title='bbox 3012 3242 3389 3297; x_wconf 89' lang='lat' dir='ltr'><strong>remissionem</strong></span> 
     </span>
    </p>
   </div>
   <div class='ocr_carea' id='block_1_92' title="bbox 1826 3336 3385 3415">
    <p class='ocr_par' dir='ltr' id='par_1_92' title="bbox 1826 3336 3385 3415">
     <span class='ocr_line' id='line_1_92' title="bbox 1826 3336 3385 3415; baseline -0.007 -18"><span class='ocrx_word' id='word_1_702' title='bbox 1826 3352 2196 3415; x_wconf 89' lang='lat' dir='ltr'><strong>peccatorum,</strong></span> <span class='ocrx_word' id='word_1_703' title='bbox 2226 3338 2407 3395; x_wconf 90' lang='lat' dir='ltr'><strong>carnis</strong></span> <span class='ocrx_word' id='word_1_704' title='bbox 2426 3336 2900 3400; x_wconf 87' lang='lat' dir='ltr'><strong>resurrectionem,</strong></span> <span class='ocrx_word' id='word_1_705' title='bbox 2919 3336 3082 3389; x_wconf 91' lang='lat' dir='ltr'><strong>vitam</strong></span> <span class='ocrx_word' id='word_1_706' title='bbox 3108 3343 3385 3388; x_wconf 72' lang='lat' dir='ltr'><strong>asternam.</strong></span> 
     </span>
    </p>
   </div>
   <div class='ocr_carea' id='block_1_93' title="bbox 1895 3424 3375 3492">
    <p class='ocr_par' dir='ltr' id='par_1_93' title="bbox 1895 3424 3375 3492">
     <span class='ocr_line' id='line_1_93' title="bbox 1895 3424 3375 3492; baseline -0.008 -2"><span class='ocrx_word' id='word_1_707' title='bbox 1895 3435 2228 3492; x_wconf 85' lang='lat' dir='ltr'><strong>Conlitemur</strong></span> <span class='ocrx_word' id='word_1_708' title='bbox 2270 3427 2791 3485; x_wconf 88' lang='lat' dir='ltr'><strong>consubstantialem</strong></span> <span class='ocrx_word' id='word_1_709' title='bbox 2822 3442 2943 3482; x_wconf 88' lang='lat' dir='ltr'><strong>esse</strong></span> <span class='ocrx_word' id='word_1_710' title='bbox 2977 3426 3123 3479; x_wconf 87' lang='lat' dir='ltr'><strong>Patri</strong></span> <span class='ocrx_word' id='word_1_711' title='bbox 3153 3424 3375 3491; x_wconf 89' lang='lat' dir='ltr'><strong>Filium,</strong></span> 
     </span>
    </p>
   </div>
   <div class='ocr_carea' id='block_1_94' title="bbox 1827 3515 3385 3597">
    <p class='ocr_par' dir='ltr' id='par_1_94' title="bbox 1827 3515 3385 3597">
     <span class='ocr_line' id='line_1_94' title="bbox 1827 3515 3385 3597; baseline -0.01 -14"><span class='ocrx_word' id='word_1_712' title='bbox 1827 3537 1881 3585; x_wconf 87' lang='lat' dir='ltr'><strong>et</strong></span> <span class='ocrx_word' id='word_1_713' title='bbox 1915 3526 2177 3597; x_wconf 88' lang='lat' dir='ltr'><strong>Spiritum</strong></span> <span class='ocrx_word' id='word_1_714' title='bbox 2213 3530 2483 3585; x_wconf 85' lang='lat' dir='ltr'><strong>sanctum,</strong></span> <span class='ocrx_word' id='word_1_715' title='bbox 2518 3529 2572 3574; x_wconf 91' lang='lat' dir='ltr'><strong>et</strong></span> <span class='ocrx_word' id='word_1_716' title='bbox 2606 3535 2769 3573; x_wconf 83' lang='lat' dir='ltr'><strong>unam</strong></span> <span class='ocrx_word' id='word_1_717' title='bbox 2808 3516 3166 3573; x_wconf 85' lang='lat' dir='ltr'><strong>substantiam</strong></span> <span class='ocrx_word' id='word_1_718' title='bbox 3200 3515 3385 3569; x_wconf 67' lang='lat' dir='ltr'><strong>Trini-</strong></span> 
     </span>
    </p>
   </div>
   <div class='ocr_carea' id='block_1_95' title="bbox 1826 3611 3391 3687">
    <p class='ocr_par' dir='ltr' id='par_1_95' title="bbox 1826 3611 3391 3687">
     <span class='ocr_line' id='line_1_95' title="bbox 1826 3611 3391 3687; baseline -0.01 -10"><span class='ocrx_word' id='word_1_719' title='bbox 1826 3622 1975 3686; x_wconf 85' lang='lat' dir='ltr'><strong>tatis,</strong></span> <span class='ocrx_word' id='word_1_720' title='bbox 2001 3620 2051 3674; x_wconf 89' lang='lat' dir='ltr'><strong>id</strong></span> <span class='ocrx_word' id='word_1_721' title='bbox 2085 3627 2189 3687; x_wconf 85' lang='lat' dir='ltr'><strong>est,</strong></span> <span class='ocrx_word' id='word_1_722' title='bbox 2221 3631 2383 3671; x_wconf 88' lang='lat' dir='ltr'><strong>unam</strong></span> <span class='ocrx_word' id='word_1_723' title='bbox 2417 3614 2755 3669; x_wconf 81' lang='lat' dir='ltr'><strong>divinitatem</strong></span> <span class='ocrx_word' id='word_1_724' title='bbox 2788 3611 3128 3675; x_wconf 89' lang='lat' dir='ltr'><strong>naturaliter,</strong></span> <span class='ocrx_word' id='word_1_725' title='bbox 3162 3624 3391 3663; x_wconf 89' lang='lat' dir='ltr'><strong>manen-</strong></span> 
     </span>
    </p>
   </div>
   <div class='ocr_carea' id='block_1_96' title="bbox 1828 3701 3395 3779">
    <p class='ocr_par' dir='ltr' id='par_1_96' title="bbox 1828 3701 3395 3779">
     <span class='ocr_line' id='line_1_96' title="bbox 1828 3701 3395 3779; baseline -0.008 -10"><span class='ocrx_word' id='word_1_726' title='bbox 1828 3724 1882 3769; x_wconf 91' lang='lat' dir='ltr'><strong>te</strong></span> <span class='ocrx_word' id='word_1_727' title='bbox 1909 3712 2069 3767; x_wconf 88' lang='lat' dir='ltr'><strong>Patre</strong></span> <span class='ocrx_word' id='word_1_728' title='bbox 2098 3708 2357 3779; x_wconf 88' lang='lat' dir='ltr'><strong>ingenito,</strong></span> <span class='ocrx_word' id='word_1_729' title='bbox 2389 3706 2571 3777; x_wconf 88' lang='lat' dir='ltr'><strong>genito</strong></span> <span class='ocrx_word' id='word_1_730' title='bbox 2598 3716 2779 3759; x_wconf 91' lang='lat' dir='ltr'><strong>autem</strong></span> <span class='ocrx_word' id='word_1_731' title='bbox 2820 3702 2959 3757; x_wconf 85' lang='lat' dir='ltr'><strong>Filio</strong></span> <span class='ocrx_word' id='word_1_732' title='bbox 2985 3718 3051 3757; x_wconf 79' lang='lat' dir='ltr'><strong>ex</strong></span> <span class='ocrx_word' id='word_1_733' title='bbox 3076 3701 3235 3755; x_wconf 87' lang='lat' dir='ltr'><strong>Patre</strong></span> <span class='ocrx_word' id='word_1_734' title='bbox 3260 3716 3395 3756; x_wconf 72' lang='lat' dir='ltr'><strong>veru</strong></span> 
     </span>
    </p>
   </div>
   <div class='ocr_carea' id='block_1_97' title="bbox 1828 3792 3391 3879">
    <p class='ocr_par' dir='ltr' id='par_1_97' title="bbox 1828 3792 3391 3879">
     <span class='ocr_line' id='line_1_97' title="bbox 1828 3792 3391 3879; baseline -0.008 -19"><span class='ocrx_word' id='word_1_735' title='bbox 1828 3804 2195 3879; x_wconf 81' lang='lat' dir='ltr'><strong>generatione,</strong></span> <span class='ocrx_word' id='word_1_736' title='bbox 2233 3815 2341 3854; x_wconf 89' lang='lat' dir='ltr'><strong>non</strong></span> <span class='ocrx_word' id='word_1_737' title='bbox 2384 3798 2621 3852; x_wconf 82' lang='lat' dir='ltr'><strong>factione</strong></span> <span class='ocrx_word' id='word_1_738' title='bbox 2655 3813 2723 3851; x_wconf 79' lang='lat' dir='ltr'><strong>ex</strong></span> <span class='ocrx_word' id='word_1_739' title='bbox 2749 3796 3063 3859; x_wconf 87' lang='lat' dir='ltr'><strong>voluntate;</strong></span> <span class='ocrx_word' id='word_1_740' title='bbox 3096 3802 3150 3848; x_wconf 91' lang='lat' dir='ltr'><strong>et</strong></span> <span class='ocrx_word' id='word_1_741' title='bbox 3184 3792 3391 3861; x_wconf 86' lang='lat' dir='ltr'><strong>Spiritu</strong></span> 
     </span>
    </p>
   </div>
   <div class='ocr_carea' id='block_1_98' title="bbox 1827 3886 3435 3973">
    <p class='ocr_par' dir='ltr' id='par_1_98' title="bbox 1827 3886 3435 3973">
     <span class='ocr_line' id='line_1_98' title="bbox 1827 3886 3435 3973; baseline -0.011 -19"><span class='ocrx_word' id='word_1_742' title='bbox 1827 3905 2020 3955; x_wconf 87' lang='lat' dir='ltr'><strong>sancto</strong></span> <span class='ocrx_word' id='word_1_743' title='bbox 2068 3910 2135 3950; x_wconf 79' lang='lat' dir='ltr'><strong>ex</strong></span> <span class='ocrx_word' id='word_1_744' title='bbox 2190 3890 2490 3949; x_wconf 86' lang='lat' dir='ltr'><strong>substantia</strong></span> <span class='ocrx_word' id='word_1_745' title='bbox 2547 3888 2722 3942; x_wconf 85' lang='lat' dir='ltr'><strong>Patris</strong></span> <span class='ocrx_word' id='word_1_746' title='bbox 2781 3903 2875 3955; x_wconf 90' lang='lat' dir='ltr'><strong>per</strong></span> <span class='ocrx_word' id='word_1_747' title='bbox 2930 3886 3127 3939; x_wconf 89' lang='lat' dir='ltr'><strong>Filium</strong></span> <span class='ocrx_word' id='word_1_748' title='bbox 3189 3894 3435 3973; x_wconf 43' lang='lat' dir='ltr'><strong>mternc.</strong></span> 
     </span>
    </p>
   </div>
   <div class='ocr_carea' id='block_1_99' title="bbox 1827 3981 3389 4057">
    <p class='ocr_par' dir='ltr' id='par_1_99' title="bbox 1827 3981 3389 4057">
     <span class='ocr_line' id='line_1_99' title="bbox 1827 3981 3389 4057; baseline -0.011 -10"><span class='ocrx_word' id='word_1_749' title='bbox 1827 3992 2051 4057; x_wconf 91' lang='lat' dir='ltr'><strong>emisso,</strong></span> <span class='ocrx_word' id='word_1_750' title='bbox 2084 3989 2313 4043; x_wconf 87' lang='lat' dir='ltr'><strong>habente</strong></span> <span class='ocrx_word' id='word_1_751' title='bbox 2342 3988 2596 4041; x_wconf 86' lang='lat' dir='ltr'><strong>virtutem</strong></span> <span class='ocrx_word' id='word_1_752' title='bbox 2624 3981 2995 4037; x_wconf 80' lang='lat' dir='ltr'><strong>sanctiﬁcandi</strong></span> <span class='ocrx_word' id='word_1_753' title='bbox 3032 3989 3199 4033; x_wconf 88' lang='lat' dir='ltr'><strong>totam</strong></span> <span class='ocrx_word' id='word_1_754' title='bbox 3237 3992 3389 4032; x_wconf 83' lang='lat' dir='ltr'><strong>crea-</strong></span> 
     </span>
    </p>
   </div>
   <div class='ocr_carea' id='block_1_100' title="bbox 1830 4071 3393 4138">
    <p class='ocr_par' dir='ltr' id='par_1_100' title="bbox 1830 4071 3393 4138">
     <span class='ocr_line' id='line_1_100' title="bbox 1830 4071 3393 4138; baseline -0.01 0"><span class='ocrx_word' id='word_1_755' title='bbox 1830 4092 2027 4138; x_wconf 88' lang='lat' dir='ltr'><strong>turam.</strong></span> <span class='ocrx_word' id='word_1_756' title='bbox 2058 4081 2392 4137; x_wconf 82' lang='lat' dir='ltr'><strong>Conﬁtemur</strong></span> <span class='ocrx_word' id='word_1_757' title='bbox 2443 4076 2607 4132; x_wconf 85' lang='lat' dir='ltr'><strong>etiam</strong></span> <span class='ocrx_word' id='word_1_758' title='bbox 2666 4076 3005 4129; x_wconf 87' lang='lat' dir='ltr'><strong>incarnatum</strong></span> <span class='ocrx_word' id='word_1_759' title='bbox 3048 4071 3307 4136; x_wconf 80' lang='lat' dir='ltr'><strong>Verbum,</strong></span> <span class='ocrx_word' id='word_1_760' title='bbox 3337 4081 3393 4133; x_wconf 80' lang='lat' dir='ltr'><strong>et</strong></span> 
     </span>
    </p>
   </div>
   <div class='ocr_carea' id='block_1_101' title="bbox 1828 4159 3401 4237">
    <p class='ocr_par' dir='ltr' id='par_1_101' title="bbox 1828 4159 3401 4237">
     <span class='ocr_line' id='line_1_101' title="bbox 1828 4159 3401 4237; baseline -0.008 -9"><span class='ocrx_word' id='word_1_761' title='bbox 1828 4172 2233 4229; x_wconf 78' lang='lat' dir='ltr'><strong>manifestatum</strong></span> <span class='ocrx_word' id='word_1_762' title='bbox 2285 4171 2339 4223; x_wconf 92' lang='lat' dir='ltr'><strong>in</strong></span> <span class='ocrx_word' id='word_1_763' title='bbox 2393 4166 2705 4237; x_wconf 89' lang='lat' dir='ltr'><strong>operatione</strong></span> <span class='ocrx_word' id='word_1_764' title='bbox 2740 4188 2755 4215; x_wconf 64' lang='grc' dir='ltr'><em>λ</em></span> <span class='ocrx_word' id='word_1_765' title='bbox 2786 4164 2968 4217; x_wconf 90' lang='lat' dir='ltr'><strong>carnis</strong></span> <span class='ocrx_word' id='word_1_766' title='bbox 3042 4176 3111 4216; x_wconf 82' lang='lat' dir='ltr'><strong>ex</strong></span> <span class='ocrx_word' id='word_1_767' title='bbox 3172 4159 3401 4231; x_wconf 73' lang='lat' dir='ltr'><strong>Virgine</strong></span> 
     </span>
    </p>
   </div>
   <div class='ocr_carea' id='block_1_102' title="bbox 1829 4250 3387 4333">
    <p class='ocr_par' dir='ltr' id='par_1_102' title="bbox 1829 4250 3387 4333">
     <span class='ocr_line' id='line_1_102' title="bbox 1829 4250 3387 4333; baseline -0.01 -15"><span class='ocrx_word' id='word_1_768' title='bbox 1829 4271 2142 4333; x_wconf 69' lang='lat' dir='ltr'><strong>assumptie,</strong></span> <span class='ocrx_word' id='word_1_769' title='bbox 2178 4274 2286 4314; x_wconf 92' lang='lat' dir='ltr'><strong>non</strong></span> <span class='ocrx_word' id='word_1_770' title='bbox 2319 4258 2373 4312; x_wconf 89' lang='lat' dir='ltr'><strong>in</strong></span> <span class='ocrx_word' id='word_1_771' title='bbox 2420 4255 2637 4311; x_wconf 89' lang='lat' dir='ltr'><strong>homine</strong></span> <span class='ocrx_word' id='word_1_772' title='bbox 2663 4261 2964 4322; x_wconf 87' lang='lat' dir='ltr'><strong>operatum.</strong></span> <span class='ocrx_word' id='word_1_773' title='bbox 2998 4250 3104 4306; x_wconf 86' lang='lat' dir='ltr'><strong>Eos</strong></span> <span class='ocrx_word' id='word_1_774' title='bbox 3137 4266 3264 4305; x_wconf 86' lang='lat' dir='ltr'><strong>vero</strong></span> <span class='ocrx_word' id='word_1_775' title='bbox 3293 4251 3387 4319; x_wconf 87' lang='lat' dir='ltr'><strong>qni</strong></span> 
     </span>
    </p>
   </div>
   <div class='ocr_carea' id='block_1_103' title="bbox 1830 4345 3393 4419">
    <p class='ocr_par' dir='ltr' id='par_1_103' title="bbox 1830 4345 3393 4419">
     <span class='ocr_line' id='line_1_103' title="bbox 1830 4345 3393 4419; baseline -0.01 -7"><span class='ocrx_word' id='word_1_776' title='bbox 1830 4356 2238 4412; x_wconf 89' lang='lat' dir='ltr'><strong>communicant</strong></span> <span class='ocrx_word' id='word_1_777' title='bbox 2262 4368 2385 4407; x_wconf 91' lang='lat' dir='ltr'><strong>cum</strong></span> <span class='ocrx_word' id='word_1_778' title='bbox 2418 4351 2505 4416; x_wconf 91' lang='lat' dir='ltr'><strong>iis,</strong></span> <span class='ocrx_word' id='word_1_779' title='bbox 2542 4348 2635 4419; x_wconf 91' lang='lat' dir='ltr'><strong>qui</strong></span> <span class='ocrx_word' id='word_1_780' title='bbox 2660 4347 2913 4416; x_wconf 84' lang='lat' dir='ltr'><strong>rcjiciunt</strong></span> <span class='ocrx_word' id='word_1_781' title='bbox 2941 4345 3244 4416; x_wconf 76' lang='grc' dir='ltr'>ὁμοούσιον,</span> <span class='ocrx_word' id='word_1_782' title='bbox 3271 4352 3393 4398; x_wconf 83' lang='lat' dir='ltr'><strong>tan-</strong></span> 
     </span>
    </p>
   </div>
   <div class='ocr_carea' id='block_1_104' title="bbox 1829 4435 3395 4521">
    <p class='ocr_par' dir='ltr' id='par_1_104' title="bbox 1829 4435 3395 4521">
     <span class='ocr_line' id='line_1_104' title="bbox 1829 4435 3395 4521; baseline -0.009 -18"><span class='ocrx_word' id='word_1_783' title='bbox 1829 4466 1991 4521; x_wconf 86' lang='lat' dir='ltr'><strong>quam</strong></span> <span class='ocrx_word' id='word_1_784' title='bbox 2036 4448 2272 4502; x_wconf 89' lang='lat' dir='ltr'><strong>alienum</strong></span> <span class='ocrx_word' id='word_1_785' title='bbox 2319 4460 2351 4513; x_wconf 8' lang='lat' dir='ltr'><strong>a5</strong></span> <span class='ocrx_word' id='word_1_786' title='bbox 2390 4440 2708 4511; x_wconf 78' lang='lat' dir='ltr'><strong>Scripturis,</strong></span> <span class='ocrx_word' id='word_1_787' title='bbox 2741 4449 2795 4493; x_wconf 92' lang='lat' dir='ltr'><strong>et</strong></span> <span class='ocrx_word' id='word_1_788' title='bbox 2833 4438 2926 4508; x_wconf 86' lang='lat' dir='ltr'><strong>qui</strong></span> <span class='ocrx_word' id='word_1_789' title='bbox 2974 4438 3161 4492; x_wconf 90' lang='lat' dir='ltr'><strong>dicunt</strong></span> <span class='ocrx_word' id='word_1_790' title='bbox 3186 4435 3395 4506; x_wconf 21' lang='lat' dir='ltr'><strong>aliquid,</strong></span> 
     </span>
    </p>
   </div>
   <div class='ocr_carea' id='block_1_105' title="bbox 1833 4528 3393 4597">
    <p class='ocr_par' dir='ltr' id='par_1_105' title="bbox 1833 4528 3393 4597">
     <span class='ocr_line' id='line_1_105' title="bbox 1833 4528 3393 4597; baseline -0.01 -1"><span class='ocrx_word' id='word_1_791' title='bbox 1833 4558 1900 4596; x_wconf 80' lang='lat' dir='ltr'><strong>ex</strong></span> <span class='ocrx_word' id='word_1_792' title='bbox 1928 4541 2195 4595; x_wconf 89' lang='lat' dir='ltr'><strong>Trinitate</strong></span> <span class='ocrx_word' id='word_1_793' title='bbox 2226 4546 2469 4594; x_wconf 84' lang='lat' dir='ltr'><strong>creatum</strong></span> <span class='ocrx_word' id='word_1_794' title='bbox 2504 4548 2643 4597; x_wconf 87' lang='lat' dir='ltr'><strong>esse,</strong></span> <span class='ocrx_word' id='word_1_795' title='bbox 2666 4540 2718 4585; x_wconf 88' lang='lat' dir='ltr'><strong>et</strong></span> <span class='ocrx_word' id='word_1_796' title='bbox 2754 4532 2821 4585; x_wconf 89' lang='lat' dir='ltr'><strong>ab</strong></span> <span class='ocrx_word' id='word_1_797' title='bbox 2851 4546 2957 4584; x_wconf 88' lang='lat' dir='ltr'><strong>una</strong></span> <span class='ocrx_word' id='word_1_798' title='bbox 2987 4530 3220 4585; x_wconf 91' lang='lat' dir='ltr'><strong>naturali</strong></span> <span class='ocrx_word' id='word_1_799' title='bbox 3250 4528 3393 4583; x_wconf 80' lang='lat' dir='ltr'><strong>divi-</strong></span> 
     </span>
    </p>
   </div>
   <div class='ocr_carea' id='block_1_106' title="bbox 1755 4620 3393 4712">
    <p class='ocr_par' dir='ltr' id='par_1_106' title="bbox 1755 4620 3393 4712">
     <span class='ocr_line' id='line_1_106' title="bbox 1755 4620 3393 4712; baseline -0.009 -23"><span class='ocrx_word' id='word_1_800' title='bbox 1755 4656 1799 4712; x_wconf 80' lang='grc' dir='ltr'><strong>ι)</strong></span> <span class='ocrx_word' id='word_1_801' title='bbox 1829 4635 1997 4688; x_wconf 89' lang='lat' dir='ltr'><strong>nitate</strong></span> <span class='ocrx_word' id='word_1_802' title='bbox 2030 4638 2303 4701; x_wconf 89' lang='lat' dir='ltr'><strong>separant,</strong></span> <span class='ocrx_word' id='word_1_803' title='bbox 2331 4629 2538 4682; x_wconf 89' lang='lat' dir='ltr'><strong>alienos</strong></span> <span class='ocrx_word' id='word_1_804' title='bbox 2577 4622 2977 4688; x_wconf 65' lang='lat' dir='ltr'><strong>existimamus,</strong></span> <span class='ocrx_word' id='word_1_805' title='bbox 3002 4632 3055 4677; x_wconf 93' lang='lat' dir='ltr'><strong>et</strong></span> <span class='ocrx_word' id='word_1_806' title='bbox 3083 4638 3207 4676; x_wconf 90' lang='lat' dir='ltr'><strong>cum</strong></span> <span class='ocrx_word' id='word_1_807' title='bbox 3240 4620 3393 4675; x_wconf 90' lang='lat' dir='ltr'><strong>nullo</strong></span> 
     </span>
    </p>
   </div>
   <div class='ocr_carea' id='block_1_107' title="bbox 1829 4712 3390 4781">
    <p class='ocr_par' dir='ltr' id='par_1_107' title="bbox 1829 4712 3390 4781">
     <span class='ocr_line' id='line_1_107' title="bbox 1829 4712 3390 4781; baseline -0.01 -1"><span class='ocrx_word' id='word_1_808' title='bbox 1829 4742 1895 4781; x_wconf 83' lang='lat' dir='ltr'><strong>ex</strong></span> <span class='ocrx_word' id='word_1_809' title='bbox 1930 4725 2050 4778; x_wconf 89' lang='lat' dir='ltr'><strong>istis</strong></span> <span class='ocrx_word' id='word_1_810' title='bbox 2071 4721 2508 4778; x_wconf 91' lang='lat' dir='ltr'><strong>communionem</strong></span> <span class='ocrx_word' id='word_1_811' title='bbox 2535 4718 2816 4773; x_wconf 89' lang='lat' dir='ltr'><strong>habemus.</strong></span> <span class='ocrx_word' id='word_1_812' title='bbox 2850 4715 3004 4771; x_wconf 90' lang='lat' dir='ltr'><strong>Unus</strong></span> <span class='ocrx_word' id='word_1_813' title='bbox 3030 4714 3171 4768; x_wconf 89' lang='lat' dir='ltr'><strong>Deus</strong></span> <span class='ocrx_word' id='word_1_814' title='bbox 3213 4712 3390 4777; x_wconf 90' lang='lat' dir='ltr'><strong>Pater,</strong></span> 
     </span>
    </p>
   </div>
   <div class='ocr_carea' id='block_1_108' title="bbox 1830 4804 3393 4879">
    <p class='ocr_par' dir='ltr' id='par_1_108' title="bbox 1830 4804 3393 4879">
     <span class='ocr_line' id='line_1_108' title="bbox 1830 4804 3393 4879; baseline -0.01 -7"><span class='ocrx_word' id='word_1_815' title='bbox 1830 4834 1938 4879; x_wconf 88' lang='lat' dir='ltr'><strong>una</strong></span> <span class='ocrx_word' id='word_1_816' title='bbox 1981 4817 2259 4871; x_wconf 87' lang='lat' dir='ltr'><strong>divinitas.</strong></span> <span class='ocrx_word' id='word_1_817' title='bbox 2306 4813 2448 4867; x_wconf 89' lang='lat' dir='ltr'><strong>Deus</strong></span> <span class='ocrx_word' id='word_1_818' title='bbox 2491 4812 2653 4867; x_wconf 91' lang='lat' dir='ltr'><strong>etiam</strong></span> <span class='ocrx_word' id='word_1_819' title='bbox 2685 4810 2854 4864; x_wconf 88' lang='lat' dir='ltr'><strong>Filius</strong></span> <span class='ocrx_word' id='word_1_820' title='bbox 2880 4809 3056 4877; x_wconf 87' lang='lat' dir='ltr'><strong>imago</strong></span> <span class='ocrx_word' id='word_1_821' title='bbox 3076 4820 3200 4859; x_wconf 90' lang='lat' dir='ltr'><strong>vera</strong></span> <span class='ocrx_word' id='word_1_822' title='bbox 3229 4804 3393 4857; x_wconf 88' lang='lat' dir='ltr'><strong>unius</strong></span> 
     </span>
    </p>
   </div>
   <div class='ocr_carea' id='block_1_109' title="bbox 1828 4900 3395 4975">
    <p class='ocr_par' dir='ltr' id='par_1_109' title="bbox 1828 4900 3395 4975">
     <span class='ocr_line' id='line_1_109' title="bbox 1828 4900 3395 4975; baseline -0.01 -12"><span class='ocrx_word' id='word_1_823' title='bbox 1828 4917 1883 4963; x_wconf 91' lang='lat' dir='ltr'><strong>et</strong></span> <span class='ocrx_word' id='word_1_824' title='bbox 1907 4908 2081 4975; x_wconf 84' lang='lat' dir='ltr'><strong>solius</strong></span> <span class='ocrx_word' id='word_1_825' title='bbox 2116 4906 2414 4970; x_wconf 77' lang='lat' dir='ltr'><strong>divinitatis</strong></span> <span class='ocrx_word' id='word_1_826' title='bbox 2443 4903 2740 4959; x_wconf 89' lang='lat' dir='ltr'><strong>secundum</strong></span> <span class='ocrx_word' id='word_1_827' title='bbox 2780 4900 3176 4970; x_wconf 85' lang='lat' dir='ltr'><strong>generationem</strong></span> <span class='ocrx_word' id='word_1_828' title='bbox 3212 4905 3266 4949; x_wconf 89' lang='lat' dir='ltr'><strong>et</strong></span> <span class='ocrx_word' id='word_1_829' title='bbox 3295 4911 3395 4948; x_wconf 87' lang='lat' dir='ltr'><strong>na-</strong></span> 
     </span>
    </p>
   </div>
   <div class='ocr_carea' id='block_1_110' title="bbox 1828 4986 3390 5069">
    <p class='ocr_par' dir='ltr' id='par_1_110' title="bbox 1828 4986 3390 5069">
     <span class='ocr_line' id='line_1_110' title="bbox 1828 4986 3390 5069; baseline -0.01 -16"><span class='ocrx_word' id='word_1_830' title='bbox 1828 5008 2005 5053; x_wconf 90' lang='lat' dir='ltr'><strong>turam</strong></span> <span class='ocrx_word' id='word_1_831' title='bbox 2033 5015 2195 5069; x_wconf 87' lang='lat' dir='ltr'><strong>quam</strong></span> <span class='ocrx_word' id='word_1_832' title='bbox 2238 4998 2399 5051; x_wconf 86' lang='lat' dir='ltr'><strong>habet</strong></span> <span class='ocrx_word' id='word_1_833' title='bbox 2429 5012 2459 5051; x_wconf 92' lang='lat' dir='ltr'><strong>a</strong></span> <span class='ocrx_word' id='word_1_834' title='bbox 2488 4996 2679 5061; x_wconf 82' lang='lat' dir='ltr'><strong>Patre;</strong></span> <span class='ocrx_word' id='word_1_835' title='bbox 2717 4991 2979 5046; x_wconf 84' lang='lat' dir='ltr'><strong>Dominus</strong></span> <span class='ocrx_word' id='word_1_836' title='bbox 3009 5005 3151 5044; x_wconf 90' lang='lat' dir='ltr'><strong>unus</strong></span> <span class='ocrx_word' id='word_1_837' title='bbox 3185 4986 3390 5052; x_wconf 83' lang='lat' dir='ltr'><strong>Filius;</strong></span> 
     </span>
    </p>
   </div>
   <div class='ocr_carea' id='block_1_111' title="bbox 1830 5079 3395 5157">
    <p class='ocr_par' dir='ltr' id='par_1_111' title="bbox 1830 5079 3395 5157">
     <span class='ocr_line' id='line_1_111' title="bbox 1830 5079 3395 5157; baseline -0.011 -10"><span class='ocrx_word' id='word_1_838' title='bbox 1830 5092 2081 5147; x_wconf 90' lang='lat' dir='ltr'><strong>similiter</strong></span> <span class='ocrx_word' id='word_1_839' title='bbox 2136 5099 2317 5144; x_wconf 90' lang='lat' dir='ltr'><strong>autem</strong></span> <span class='ocrx_word' id='word_1_840' title='bbox 2372 5098 2426 5143; x_wconf 91' lang='lat' dir='ltr'><strong>et</strong></span> <span class='ocrx_word' id='word_1_841' title='bbox 2481 5087 2717 5157; x_wconf 87' lang='lat' dir='ltr'><strong>Spiritus</strong></span> <span class='ocrx_word' id='word_1_842' title='bbox 2748 5092 2988 5147; x_wconf 91' lang='lat' dir='ltr'><strong>sanctus,</strong></span> <span class='ocrx_word' id='word_1_843' title='bbox 3028 5081 3123 5151; x_wconf 88' lang='lat' dir='ltr'><strong>qui</strong></span> <span class='ocrx_word' id='word_1_844' title='bbox 3152 5079 3395 5133; x_wconf 85' lang='lat' dir='ltr'><strong>domina-</strong></span> 
     </span>
    </p>
   </div>
   <div class='ocr_carea' id='block_1_112' title="bbox 1830 5172 3387 5240">
    <p class='ocr_par' dir='ltr' id='par_1_112' title="bbox 1830 5172 3387 5240">
     <span class='ocr_line' id='line_1_112' title="bbox 1830 5172 3387 5240; baseline -0.011 0"><span class='ocrx_word' id='word_1_845' title='bbox 1830 5186 2031 5240; x_wconf 92' lang='lat' dir='ltr'><strong>tionem</strong></span> <span class='ocrx_word' id='word_1_846' title='bbox 2062 5182 2185 5237; x_wconf 89' lang='lat' dir='ltr'><strong>Filii</strong></span> <span class='ocrx_word' id='word_1_847' title='bbox 2209 5182 2261 5235; x_wconf 93' lang='lat' dir='ltr'><strong>in</strong></span> <span class='ocrx_word' id='word_1_848' title='bbox 2291 5191 2595 5237; x_wconf 82' lang='lat' dir='ltr'><strong>creaturam</strong></span> <span class='ocrx_word' id='word_1_849' title='bbox 2625 5178 3014 5233; x_wconf 80' lang='lat' dir='ltr'><strong>sanctiﬁcatam</strong></span> <span class='ocrx_word' id='word_1_850' title='bbox 3048 5172 3387 5228; x_wconf 90' lang='lat' dir='ltr'><strong>transmittit.</strong></span> 
     </span>
    </p>
   </div>
   <div class='ocr_carea' id='block_1_113' title="bbox 1835 5263 3393 5337">
    <p class='ocr_par' dir='ltr' id='par_1_113' title="bbox 1835 5263 3393 5337">
     <span class='ocr_line' id='line_1_113' title="bbox 1835 5263 3393 5337; baseline -0.011 -6"><span class='ocrx_word' id='word_1_851' title='bbox 1835 5277 2011 5331; x_wconf 86' lang='lat' dir='ltr'><strong>Filius</strong></span> <span class='ocrx_word' id='word_1_852' title='bbox 2048 5276 2195 5329; x_wconf 87' lang='lat' dir='ltr'><strong>venit</strong></span> <span class='ocrx_word' id='word_1_853' title='bbox 2226 5275 2279 5327; x_wconf 89' lang='lat' dir='ltr'><strong>in</strong></span> <span class='ocrx_word' id='word_1_854' title='bbox 2321 5273 2584 5327; x_wconf 89' lang='lat' dir='ltr'><strong>mundum</strong></span> <span class='ocrx_word' id='word_1_855' title='bbox 2635 5279 2916 5337; x_wconf 87' lang='lat' dir='ltr'><strong>assumpta</strong></span> <span class='ocrx_word' id='word_1_856' title='bbox 2964 5280 3129 5321; x_wconf 88' lang='lat' dir='ltr'><strong>carne</strong></span> <span class='ocrx_word' id='word_1_857' title='bbox 3171 5280 3239 5318; x_wconf 80' lang='lat' dir='ltr'><strong>ex</strong></span> <span class='ocrx_word' id='word_1_858' title='bbox 3272 5263 3393 5315; x_wconf 90' lang='lat' dir='ltr'><strong>Vir-</strong></span> 
     </span>
    </p>
   </div>
   <div class='ocr_carea' id='block_1_114' title="bbox 1830 5359 3390 5440">
    <p class='ocr_par' dir='ltr' id='par_1_114' title="bbox 1830 5359 3390 5440">
     <span class='ocr_line' id='line_1_114' title="bbox 1830 5359 3390 5440; baseline -0.01 -18"><span class='ocrx_word' id='word_1_859' title='bbox 1830 5370 1973 5440; x_wconf 86' lang='lat' dir='ltr'><strong>gine,</strong></span> <span class='ocrx_word' id='word_1_860' title='bbox 1997 5382 2161 5436; x_wconf 88' lang='lat' dir='ltr'><strong>quam</strong></span> <span class='ocrx_word' id='word_1_861' title='bbox 2186 5364 2423 5434; x_wconf 80' lang='lat' dir='ltr'><strong>implevit</strong></span> <span class='ocrx_word' id='word_1_862' title='bbox 2458 5362 2659 5432; x_wconf 90' lang='lat' dir='ltr'><strong>Spiritu</strong></span> <span class='ocrx_word' id='word_1_863' title='bbox 2690 5372 2877 5415; x_wconf 89' lang='lat' dir='ltr'><strong>sancto</strong></span> <span class='ocrx_word' id='word_1_864' title='bbox 2905 5359 2971 5413; x_wconf 89' lang='lat' dir='ltr'><strong>ad</strong></span> <span class='ocrx_word' id='word_1_865' title='bbox 3001 5365 3241 5411; x_wconf 84' lang='lat' dir='ltr'><strong>nostram</strong></span> <span class='ocrx_word' id='word_1_866' title='bbox 3269 5369 3390 5408; x_wconf 78' lang='lat' dir='ltr'><strong>om-</strong></span> 
     </span>
    </p>
   </div>
   <div class='ocr_carea' id='block_1_115' title="bbox 1833 5445 3391 5516">
    <p class='ocr_par' dir='ltr' id='par_1_115' title="bbox 1833 5445 3391 5516">
     <span class='ocr_line' id='line_1_115' title="bbox 1833 5445 3391 5516; baseline -0.01 0"><span class='ocrx_word' id='word_1_867' title='bbox 1833 5464 1985 5516; x_wconf 90' lang='lat' dir='ltr'><strong>nium</strong></span> <span class='ocrx_word' id='word_1_868' title='bbox 2025 5458 2540 5515; x_wconf 83' lang='lat' dir='ltr'><strong>sanctilicationem.</strong></span> <span class='ocrx_word' id='word_1_869' title='bbox 2580 5455 2715 5510; x_wconf 92' lang='lat' dir='ltr'><strong>Cum</strong></span> <span class='ocrx_word' id='word_1_870' title='bbox 2756 5464 2937 5509; x_wconf 88' lang='lat' dir='ltr'><strong>autem</strong></span> <span class='ocrx_word' id='word_1_871' title='bbox 2971 5465 3187 5507; x_wconf 81' lang='lat' dir='ltr'><strong>carnem</strong></span> <span class='ocrx_word' id='word_1_872' title='bbox 3229 5445 3391 5501; x_wconf 89' lang='lat' dir='ltr'><strong>morti</strong></span> 
     </span>
    </p>
   </div>
   <div class='ocr_carea' id='block_1_116' title="bbox 1824 5546 3390 5617">
    <p class='ocr_par' dir='ltr' id='par_1_116' title="bbox 1824 5546 3390 5617">
     <span class='ocr_line' id='line_1_116' title="bbox 1824 5546 3390 5617; baseline -0.009 -8"><span class='ocrx_word' id='word_1_873' title='bbox 1824 5553 2153 5617; x_wconf 87' lang='lat' dir='ltr'><strong>tradidisset,</strong></span> <span class='ocrx_word' id='word_1_874' title='bbox 2171 5560 2399 5605; x_wconf 90' lang='lat' dir='ltr'><strong>mortem</strong></span> <span class='ocrx_word' id='word_1_875' title='bbox 2417 5549 2609 5604; x_wconf 87' lang='lat' dir='ltr'><strong>delevit</strong></span> <span class='ocrx_word' id='word_1_876' title='bbox 2622 5546 2952 5617; x_wconf 85' lang='lat' dir='ltr'><strong>resurgendo</strong></span> <span class='ocrx_word' id='word_1_877' title='bbox 2969 5553 3185 5614; x_wconf 79' lang='lat' dir='ltr'><strong>prapter</strong></span> <span class='ocrx_word' id='word_1_878' title='bbox 3206 5557 3390 5597; x_wconf 88' lang='lat' dir='ltr'><strong>resur-</strong></span> 
     </span>
    </p>
   </div>
   <div class='ocr_carea' id='block_1_117' title="bbox 1823 5631 3389 5707">
    <p class='ocr_par' dir='ltr' id='par_1_117' title="bbox 1823 5631 3389 5707">
     <span class='ocr_line' id='line_1_117' title="bbox 1823 5631 3389 5707; baseline -0.01 -7"><span class='ocrx_word' id='word_1_879' title='bbox 1823 5646 2118 5700; x_wconf 89' lang='lat' dir='ltr'><strong>rectionem</strong></span> <span class='ocrx_word' id='word_1_880' title='bbox 2139 5650 2377 5696; x_wconf 82' lang='lat' dir='ltr'><strong>nostratn</strong></span> <span class='ocrx_word' id='word_1_881' title='bbox 2402 5658 2418 5707; x_wconf 88' lang='lat'><strong>;</strong></span> <span class='ocrx_word' id='word_1_882' title='bbox 2440 5639 2679 5695; x_wconf 84' lang='lat' dir='ltr'><strong>ascendit</strong></span> <span class='ocrx_word' id='word_1_883' title='bbox 2696 5650 2873 5693; x_wconf 89' lang='lat' dir='ltr'><strong>autem</strong></span> <span class='ocrx_word' id='word_1_884' title='bbox 2896 5637 2963 5691; x_wconf 90' lang='lat' dir='ltr'><strong>ad</strong></span> <span class='ocrx_word' id='word_1_885' title='bbox 2986 5635 3206 5698; x_wconf 67' lang='lat' dir='ltr'><strong>caelum,</strong></span> <span class='ocrx_word' id='word_1_886' title='bbox 3236 5631 3389 5688; x_wconf 75' lang='lat' dir='ltr'><strong>exal-</strong></span> 
     </span>
    </p>
   </div>
   <div class='ocr_carea' id='block_1_118' title="bbox 1834 5729 3388 5807">
    <p class='ocr_par' dir='ltr' id='par_1_118' title="bbox 1834 5729 3388 5807">
     <span class='ocr_line' id='line_1_118' title="bbox 1834 5729 3388 5807; baseline -0.005 -15"><span class='ocrx_word' id='word_1_887' title='bbox 1834 5750 1959 5793; x_wconf 89' lang='lat' dir='ltr'><strong>tans</strong></span> <span class='ocrx_word' id='word_1_888' title='bbox 1987 5745 2039 5790; x_wconf 90' lang='lat' dir='ltr'><strong>et</strong></span> <span class='ocrx_word' id='word_1_889' title='bbox 2073 5735 2381 5807; x_wconf 81' lang='lat' dir='ltr'><strong>glorilicans</strong></span> <span class='ocrx_word' id='word_1_890' title='bbox 2404 5732 2653 5787; x_wconf 89' lang='lat' dir='ltr'><strong>homines</strong></span> <span class='ocrx_word' id='word_1_891' title='bbox 2685 5730 2736 5783; x_wconf 92' lang='lat' dir='ltr'><strong>in</strong></span> <span class='ocrx_word' id='word_1_892' title='bbox 2765 5730 2975 5800; x_wconf 81' lang='lat' dir='ltr'><strong>seipse;</strong></span> <span class='ocrx_word' id='word_1_893' title='bbox 3003 5729 3180 5783; x_wconf 83' lang='lat' dir='ltr'><strong>veniet</strong></span> <span class='ocrx_word' id='word_1_894' title='bbox 3208 5736 3388 5785; x_wconf 64' lang='lat' dir='ltr'><strong>autem</strong></span> 
     </span>
    </p>
   </div>
   <div class='ocr_carea' id='block_1_119' title="bbox 1837 5822 3235 5893">
    <p class='ocr_par' dir='ltr' id='par_1_119' title="bbox 1837 5822 3235 5893">
     <span class='ocr_line' id='line_1_119' title="bbox 1837 5822 3235 5893; baseline -0.01 -4"><span class='ocrx_word' id='word_1_895' title='bbox 1837 5834 2029 5889; x_wconf 84' lang='lat' dir='ltr'><strong>iterum</strong></span> <span class='ocrx_word' id='word_1_896' title='bbox 2054 5831 2118 5887; x_wconf 86' lang='lat' dir='ltr'><strong>ad</strong></span> <span class='ocrx_word' id='word_1_897' title='bbox 2144 5826 2554 5893; x_wconf 86' lang='lat' dir='ltr'><strong>instaurandum</strong></span> <span class='ocrx_word' id='word_1_898' title='bbox 2582 5822 2737 5882; x_wconf 89' lang='lat' dir='ltr'><strong>nobis</strong></span> <span class='ocrx_word' id='word_1_899' title='bbox 2759 5823 2920 5880; x_wconf 76' lang='lat' dir='ltr'><strong>vitam</strong></span> <span class='ocrx_word' id='word_1_900' title='bbox 2956 5830 3235 5879; x_wconf 65' lang='lat' dir='ltr'><strong>aternam.</strong></span> 
     </span>
    </p>
   </div>
  </div>
