3876 6522
493 361 624 423 1119
1113 361 1169 416 S.
1210 360 1536 418 GREGORII
1574 362 1928 422 THAUMAT.
1970 362 2115 418 OPP.
2154 361 2335 418 PARS
2369 361 2668 416 ALTERA.
2705 389 2774 400 -—
2811 355 3036 414 DUBlA.
3579 350 3709 406 “20

556 476 707 538 Unus
734 478 904 536 Filius
949 488 1073 536 ante
1129 483 1580 550 incarnationem,
1617 497 1668 540 et
1709 495 1834 556 post
1858 487 2087 547 incar-t

2209 479 2304 548 Εἷς
2342 483 2471 546 Υἱὸς
2495 483 2588 536 καὶ
2641 479 2745 551 πρὸ
2791 480 2886 549 τῆς
2921 475 3246 548 σαρκώσεως
3293 471 3386 526 καὶ
3438 470 3578 543 μετὰ
3621 471 3709 542 τὴν

477 571 793 640 nationem;
823 573 961 628 idem
991 573 1154 628 homo
1188 583 1242 630 et
1264 574 1428 640 Deus,
1461 587 1752 646 utrumque
1785 587 2008 647 tauquai

2183 575 2420 646 ἁρκωσιν
2439 592 2452 604 ’
2487 575 2514 625 6
2537 573 2695 636 αὐτὸς
2721 571 3003 642 ἄνθρωπος
3040 570 3134 630 καὶ
3159 567 3308 629 Θεὸς,
3341 566 3604 634 ἑκάτερον
3639 565 3713 628 ὼς

477 681 684 733 unum;
719 675 774 720 et
796 681 904 721 non
935 667 1040 720 alia
1073 668 1291 736 quidem
1338 685 1568 738 persona
1601 669 1744 726 Deus
1783 669 2008 726 Verbum

2184 686 2203 722 ν
2221 686 2234 698 ·
2263 669 2355 720 καὶ
2375 669 2473 737 οὐχ
2499 667 2682 737 ἓτερον
2716 665 2812 736 μὲν
2845 664 3134 734 πρόσωπον
3163 663 3191 713 6
3217 659 3348 721 Θεὸς
3367 658 3566 724 Λόγος,
3597 656 3715 710 ἓτε·

477 757 586 811 alia
644 773 773 812 vero
805 759 970 812 homo
996 757 1190 824 Jesus;
1235 761 1326 814 sed
1388 761 1528 814 idem
1583 762 1678 832 qui
1722 763 1878 832 prius
1927 781 2008 818 cra

2184 778 2240 815 ον
2265 761 2322 813 δὲ
2343 761 2622 831 ἄνθρωπος
2666 756 2868 828 Ἰησοῦς
2887 797 2902 818 ,
2929 754 3040 808 ἀλλ’
3073 753 3232 814 αὐτὸς
3273 753 3302 802 ὁ
3347 751 3715 822 προϋπάρχειν

477 848 672 916 Filius,
708 850 892 905 unitos
921 861 1004 906 est
1045 853 1198 908 carni
1229 869 1294 906 ex
1325 852 1516 918 Maria,
1549 857 1890 911 constituens
1937 858 2008 912 sei

2184 853 2277 915 ’ἰὸς
2307 851 2527 914 ἑνωθεὶς
2559 853 2723 920 σαρκὶ
2757 851 2821 902 ἐκ
2849 847 3068 918 Μαρίας
3105 843 3362 912 κατέστη,
3388 841 3598 894 τέλειον
3627 841 3715 894 καὶ

477 955 636 1009 psum
665 941 965 1011 perfectum
993 953 1048 998 et
1079 953 1348 1010 sanctum,
1381 961 1445 1000 ac
1479 947 1596 1000 sine
1625 957 1847 1016 peccato
1871 949 2008 1003 homi

2184 963 2299 1014 γιον
2347 945 2439 998 καὶ
2479 943 2858 1015 ἀναμάρτητον
2904 939 3186 1009 ἄνθρωπον
3223 934 3480 998 συνιστὰς
3509 934 3715 1000 ἑαυτὸν,

475 1046 626 1098 nem,
659 1042 715 1088 et
756 1033 1149 1092 administrans
1189 1053 1325 1106 opus
1357 1037 1750 1094 incarnationis
1777 1042 1846 1095 ad
1884 1057 2006 1097 reue

2184 1038 2241 1091 αὶ
2272 1036 2566 1106 οἰκονομῶν
2603 1037 2683 1098 εἰς
2711 1034 3004 1088 ἀνανέωσιν
3033 1027 3452 1100 ἀνθρωπότητος
3491 1028 3590 1080 καὶ
3629 1027 3715 1081 κό-

481 1124 754 1180 vationem
813 1127 1106 1182 salutarem
1163 1129 1519 1184 humanitatis
1549 1140 1602 1185 et
1629 1133 1795 1187 totius
1830 1135 2012 1189 mundi

2188 1151 2285 1203 μου
2317 1131 2517 1195 παντὸς
2547 1132 2811 1202 σωτήριον
2835 1147 2848 1160 ·
2873 1129 3006 1192 Θεὸς
3038 1131 3066 1182 ὁ
3093 1127 3302 1197 Πατὴρ,
3325 1125 3540 1178 τέλειον
3571 1122 3719 1180 ὣντδ

475 1212 622 1269 Deus
655 1215 812 1270 Pater
843 1217 1080 1286 perfecta
1111 1234 1345 1288 persona
1375 1220 1674 1290 perfectura
1707 1225 1870 1279 habet
1913 1225 2006 1281 Vel

2186 1223 2454 1294 πρόσωπον,
2489 1223 2690 1276 τέλειον
2721 1223 2830 1293 ἔχει
2861 1221 2952 1274 τὸν
2977 1219 3146 1288 Λόγον
3167 1217 3226 1283 ἐξ
3255 1217 3424 1272 αὑτοῦ
3461 1233 3717 1286 γεγεννη-

475 1307 604 1360 hum
652 1323 720 1362 ex
775 1311 954 1380 seipse
1005 1327 1130 1366 vere
1182 1313 1444 1382 genitum.
1475 1313 1591 1368 Non
1623 1318 2006 1386 tanquamVer

2183 1315 2307 1368 ,ἐνον
2340 1314 2572 1386 ἀληθῶς,
2605 1315 2703 1386 οὐχ
2732 1315 2806 1378 ὼς
2839 1313 2994 1384 λόγον
3039 1313 3394 1384 λαλούμενον,
3437 1310 3566 1364 οὐδὲ
3605 1309 3714 1363 καθ’

472 1398 604 1452 bum
630 1401 818 1456 vocale
869 1403 1013 1471 quod
1064 1404 1374 1473 loquimur;
1407 1422 1582 1476 neque
1617 1418 1678 1463 ut
1743 1411 1914 1465 ﬁlium
1959 1429 2003 1467 se

2184 1407 2419 1462 ἱοθεσίαν
2460 1408 2598 1472 υἱὸν,
2647 1407 2722 1472 ὡς
2763 1406 2981 1476 ἄγγελοι
3014 1407 3108 1460 καὶ
3137 1404 3414 1473 ἄνθρωποι
3449 1405 3562 1466 υἱοὶ
3593 1401 3713 1454 Θεοῦ

471 1494 714 1550 cundum
763 1497 1136 1566 adoptionem,
1161 1502 1302 1554 sicut
1333 1503 1506 1572 angeli
1557 1513 1610 1557 et
1669 1505 1919 1562 homines
1949 1522 2002 1561 ν(

2185 1498 2453 1561 αλοῦνται,
2485 1498 2620 1550 ἀλλὰ
2648 1498 2774 1550 Υἱὸν
2813 1497 2969 1566 φύσει
3003 1495 3132 1548 Θεόν
3157 1511 3170 1523 '
3205 1493 3410 1546 τέλειον
3445 1492 3506 1544 δὲ
3531 1490 3552 1562 [
3575 1489 3713 1560 ἔχει]

469 1594 667 1640 cantur
713 1589 813 1642 ﬁlii
842 1589 968 1656 Dei;
995 1591 1088 1644 sed
1121 1601 1180 1645 ut
1205 1592 1401 1647 Filium
1452 1603 1648 1650 natura
1693 1596 1884 1652 Deum.
1915 1598 2000 1655 Pe]

2186 1588 2240 1642 αἱ
2271 1588 2332 1640 τὸ
2361 1587 2583 1658 Πνεῦμα
2601 1588 2662 1640 τὸ
2689 1587 2842 1656 ἆγιον
2877 1588 2941 1640 ὲκ
2981 1585 3114 1638 Θεοῦ
3164 1585 3231 1638 δι’
3279 1583 3414 1636 Υἱοῦ
3459 1581 3717 1652 χορηγοὺ-

471 1675 675 1732 fectum
699 1695 830 1738 vero
857 1683 1020 1736 etiam
1061 1683 1222 1738 habet
1269 1683 1531 1754 Spiritum
1561 1699 1808 1743 sanctum
1836 1706 1904 1744 ex
1933 1691 2002 1746 De

2182 1697 2310 1734 ,ενον
2333 1681 2411 1743 εἰς
2454 1681 2580 1742 τοὺς
2623 1677 3093 1749 υἱοθετουμένους,
3138 1675 3244 1740 ζῶν
3289 1673 3385 1728 καὶ
3437 1672 3713 1737 ζωοποιὸν,

471 1785 570 1837 per
599 1770 796 1826 Filium
825 1773 876 1827 in
909 1775 1198 1844 adoptatos
1233 1777 1372 1832 ﬁlios
1406 1779 1662 1843 eli'usum,
1693 1781 1962 1836 viventem
1992 1800 2002 1835 ι

2185 1789 2300 1841 γιον
2329 1771 2642 1840 ἁγιαστικὸν
2689 1770 2798 1824 τῶν
2851 1767 3371 1842 μεταλαμϐανόντων
3399 1764 3596 1827 αὑτοῦ,
3629 1765 3714 1834 οὐκ

471 1862 860 1932 viviﬁcantem,
916 1878 1164 1924 sanctum
1219 1879 1274 1924 et
1322 1871 1753 1927 sanctiﬁcantem
1809 1887 1905 1930 eos
1947 1890 2002 1944 qi

2182 1884 2220 1930 ις
2248 1866 2338 1918 ὑπ’
2369 1865 2656 1936 ἀνθρώπου
2683 1864 2848 1934 πνοὴν
2873 1862 3302 1934 ἐμπνευσϐεἰσαν
3329 1859 3713 1922 ἀνυπόστατον,

469 1968 595 2008 eum
625 1957 982 2028 participant;
1017 1977 1126 2016 non
1161 1971 1420 2034 tanquam
1442 1965 1814 2034 rspirationem
1842 1967 1912 2022 ab
1943 1967 2000 2024 ht

2182 1957 2258 2011 λλ’
2285 1960 2348 2012 ἐκ
2377 1957 2510 2011 Θεοῦ
2543 1955 2750 2022 ζῶσαν·
2799 1957 2865 2010 δι’
2893 1958 3027 2028 ὅπερ
3065 1958 3098 2026 ή
3141 1953 3308 2026 Τριὰς
3349 1953 3712 2024 amanti}.

471 2047 620 2103 mine
665 2051 924 2107 emissam
983 2069 1094 2108 non
1153 2071 1248 2124 per
1303 2072 1362 2112 se
1409 2033 1822 2126 subsistentem,
1853 2061 1946 2116 sed
1975 2076 2002 2116 e

2184 2046 2371 2120 )ξαστὴ
2395 2047 2487 2100 καὶ
2519 2049 2674 2118 τιμία
2698 2048 2791 2099 καὶ
2817 2046 3110 2116 σεϐάσμιος
3133 2063 3144 2076 ’
3173 2045 3386 2115 ῐίατρὸς
3405 2045 3510 2114 μὲν
3531 2045 3592 2095 ὲν
3615 2040 3715 2112 Υἱῷ

468 2137 584 2195 Deo
614 2143 905 2198 viventem.
940 2143 1098 2201 Unde
1133 2147 1372 2204 Trinitas
1411 2159 1494 2204 est
1526 2149 1842 2215 adorabilis,
1877 2151 1994 2221 glor

2182 2138 2434 2210 οουμένου
2467 2137 2652 2191 καθότι
2686 2137 2814 2202 Υἱὸς
2858 2134 2918 2202 ἐξ
2945 2133 3108 2188 αὐτοῦ
3133 2178 3148 2200 ,
3180 2133 3308 2186 Υἰοῦ
3351 2133 3408 2186 δὲ
3461 2135 3521 2186 ἐν
3553 2131 3713 2204 Πατρὶ

471 2233 700 2290 ﬁcabilis
727 2245 781 2290 et
814 2237 1102 2306 honorata,
1130 2256 1194 2294 ac
1225 2241 1578 2304 venerabilis,
1616 2241 1775 2297 Patre
1819 2244 2002 2313 quidet

2182 2230 2498 2302 οξαζομένου
2533 2231 2653 2285 καθ’
2684 2231 2712 2283 ὂ
2743 2231 2886 2282 ἐστὶν
2927 2233 2992 2282 ἐκ
3021 2227 3234 2298 Πατρὸς
3257 2267 3276 2294 ,
3311 2226 3713 2298 φανερουμένω

473 2327 750 2382 intellecto
783 2330 836 2382 in
874 2329 1032 2394 Filio,
1063 2332 1206 2386 sicut
1253 2331 1425 2388 Filius
1469 2349 1538 2388 cx
1585 2335 1704 2403 ipso
1727 2343 1846 2402 est;
1903 2335 2002 2390 Fili

1699 2343 1846 2402 μρεις
1903 2335 2043 2392 Filio
2146 2326 2202 2376 ὲν
2233 2323 2508 2395 Πνεύματι
2542 2325 2681 2394 ἁγίῳ
2707 2323 2816 2386 τοῖς
2841 2321 3230 2393 ἀγιαζομένοις.

467 2431 600 2473 vero
637 2419 936 2490 glorilicato
967 2423 1020 2478 in
1062 2421 1242 2489 Patre,
1288 2424 1430 2480 sicut
1455 2435 1538 2480 est
1571 2441 1636 2480 ex
1665 2425 1846 2494 Patre,
1877 2429 2046 2482 mani-

467 2506 672 2564 iesmo
700 2511 755 2564 in
784 2509 987 2580 Spiritu
1016 2525 1204 2569 sancto
1233 2516 1606 2576 sanctiﬁcatis.

543 2600 700 2667 Quod
724 2612 904 2660 autem
942 2607 1270 2663 venerabilis
1305 2617 1387 2663 est
1429 2621 1616 2665 sancta
1648 2611 1887 2668 Trinitas
1933 2629 2042 2670 non

2220 2611 2341 2663 Ὅτι
2367 2608 2423 2662 δὲ
2455 2606 2749 2678 σεϐάσμιός
2778 2609 2924 2662 ἐστιν
2950 2607 2982 2678 ή
3019 2605 3151 2674 ἁγία
3186 2602 3357 2675 Τριὰς
3399 2602 3476 2676 μὴ
3501 2605 3715 2675 χωριζο-

469 2703 724 2762 scparata
759 2711 859 2750 nec
887 2698 1142 2762 alienata,
1173 2701 1332 2755 docet
1363 2717 1464 2758 nos
1499 2701 1700 2761 Paulus
1725 2707 1777 2760 in
1807 2706 2000 2776 Epistol

2184 2704 2304 2772 ἐνη,
2337 2700 2472 2772 μηδὲ
2497 2697 2936 2770 ἀλλοτριουμένη,
2961 2697 3118 2750 τοῦτο
3135 2695 3382 2750 διδάσκει
3412 2696 3562 2766 ἡμᾶς
3589 2695 3715 2749 Παῦ-

467 2781 540 2835 ad
589 2780 902 2838 Corinthios
952 2787 1213 2856 secunda.
1260 2787 1351 2845 Sic
1380 2791 1527 2848 enim
1564 2795 1682 2848 ait:
1720 2793 1902 2850 Gloria
1931 2797 1998 2850 Β(

2183 2811 2235 2858 ος
2271 2795 2329 2847 ὲν
2355 2795 2422 2864 τῇ
2447 2792 2585 2863 πρὸς
2619 2791 2938 2864 Κορινθίους
2973 2788 3258 2860 Ἐπιστολῇ
3297 2789 3530 2860 δευτέρᾳ
3555 2788 3714 2856 λέγων

475 2875 606 2928 mini
639 2877 806 2928 nostri
838 2875 967 2930 Jesu
997 2877 1219 2942 Christi,
1250 2891 1299 2934 et
1328 2882 1562 2938 charitas
1591 2883 1704 2950 Dei,
1732 2896 1782 2939 et
1809 2904 2006 2941 commit

2180 2886 2316 2948 ΰτως
2333 2903 2346 2915 ·
2382 2886 2444 2940 Ἡ
2457 2883 2627 2954 χάρις
2657 2883 2762 2936 τοῦ
2791 2883 3012 2951 Κυρίου
3033 2879 3202 2951 ἡμῶν
3223 2881 3420 2948 Ἰησοῦ
3445 2879 3711 2948 Χριστοῦ,

469 2967 669 3020 nicatio
701 2969 868 3021 sancti
904 2967 1134 3038 Spiritus
1157 2987 1274 3024 cum
1299 2975 1538 3028 omnibus
1570 2975 1710 3030 vobis
1741 2977 1806 3030 η.
1835 2977 1898 3030 Ει
1929 2993 2000 3032 ru‘

2183 2979 2245 3032 αὶ
2273 2979 2312 3046 ἡ
2344 2976 2541 3047 ἀγάπη
2577 2975 2682 3028 τοῦ
2713 2975 2858 3030 Θεοῦ
2877 3015 2892 3040 ,
2921 2975 3018 3028 καὶ
3049 2975 3088 3042 ἡ
3115 2973 3398 3030 κοινωνία
3423 2974 3530 3027 τοῦ
3555 2975 3713 3044 ἁγίου

472 3072 570 3112 sus
611 3057 666 3112 in
711 3058 900 3113 eadem
934 3059 1174 3128 Epistola
1204 3081 1215 3115 :
1251 3061 1356 3126 Qui
1405 3075 1580 3118 autem
1632 3067 1910 3136 conﬁrmat
1949 3087 2003 3123 nt

2184 3069 2490 3138 [νεύματος
2509 3067 2658 3136 μετὰ
2691 3066 2930 3120 πάντων
2947 3064 3130 3136 ὑμῶν.
3166 3066 3276 3118 Καὶ
3301 3066 3466 3119 πάλιν
3495 3066 3586 3119 διὰ
3629 3065 3715 3134 τῆς

470 3153 735 3208 vobiscum
767 3155 822 3208 in
852 3153 1085 3222 Christo,
1132 3157 1219 3226 qui
1262 3167 1311 3211 et
1356 3161 1510 3213 unxit
1539 3177 1632 3215 nos
1671 3161 1830 3226 Deus,
1871 3164 1962 3233 qui
1995 3189 2001 3217 ι

2186 3161 2479 3230 Επιστολῆς
2517 3159 2668 3231 δηλοῖ
2697 3159 2896 3228 λέγων’
2935 3159 2986 3210 '0
3011 3158 3079 3211 δὲ
3106 3157 3370 3223 ,ϐεϐαιῶν
3407 3156 3568 3228 ἡμᾶς
3609 3158 3717 3216 σὺν

471 3246 697 3316 signavit
725 3263 840 3310 nos,
863 3257 912 3300 et
944 3248 1088 3301 dedit
1117 3250 1304 3319 pignus
1331 3248 1563 3319 Spiritus
1587 3253 1639 3305 in
1674 3253 1918 3306 cordibus
1945 3270 2002 3307 no

2186 3252 2288 3322 μῖν
2309 3255 2396 3318 εἰς
2424 3249 2683 3319 Χριστὸν
2713 3249 2810 3302 καὶ
2847 3249 3065 3318 χρίσας
3097 3249 3239 3314 Θεὸς
3267 3248 3370 3302 καὶ
3393 3247 3717 3319 σειν-ρατισὰ-

471 3338 601 3392 stris
616 3338 682 3392 ⁸³.
713 3338 906 3394 Adhuc
931 3349 1112 3394 autem
1148 3342 1348 3396 clarius
1379 3343 1432 3395 in
1465 3343 1652 3396 eadem
1689 3341 1930 3413 Epistola
1964 3345 2002 3401 si

2187 3361 2324 3412 ενος
2354 3343 2513 3413 ἡμᾶς
2551 3343 2649 3396 καὶ
2672 3341 2817 3408 δοὺς
2845 3342 2953 3395 τὸν
2973 3343 3284 3411 ἀρραϐῶνα
3313 3343 3423 3396 τοῦ
3461 3343 3717 3412 Πνεῦμα·

473 3429 702 3484 scribit:
732 3429 866 3486 Cum
896 3431 1087 3502 legitur
1142 3433 1370 3502 Moyses,
1421 3435 1650 3490 uelamen
1697 3437 1926 3505 positum
1965 3453 2004 3491 ei

2184 3455 2246 3504 ος
2283 3437 2354 3490 ἐν
2379 3436 2510 3504 ταῖς
2537 3435 2808 3504 καρδίαις
2833 3435 3020 3505 ἡμῶν.
3051 3435 3170 3488 Ἔτι
3211 3435 3268 3488 δὲ
3305 3435 3641 3510 σαφέστερον
3667 3437 3715 3486 ἐν

470 3536 628 3588 super
649 3537 741 3573 cor
765 3537 978 3588 eorum;
1011 3539 1131 3578 cum
1161 3534 1335 3578 autent
1365 3527 1598 3580 conversi
1621 3527 1818 3594 fuerint
1843 3527 1913 3580 ad
1939 3527 2001 3581 ο.

2184 3532 2208 3600 ᾗ
2241 3528 2380 3599 αὐτῇ
2429 3525 2713 3596 Ἐπιστολῇ
2742 3526 2944 3598 γράφει
2970 3525 3174 3590 οὕτως·
3217 3527 3424 3580 Ἠνίκα
3472 3527 3552 3581 ἂν
3585 3529 3715 3581 ἀνα-

473 3613 695 3676 minum,
725 3614 994 3682 auferetur
1025 3617 1275 3670 velamen.
1309 3617 1565 3672 Dominus
1583 3628 1758 3672 autem
1789 3619 2004 3688 Spiritu.

2186 3620 2489 3674 ινώσκεται
2515 3619 2777 3687 Μωῡσῆς
2807 3661 2819 3685 ,
2858 3617 3140 3686 κάλυμμα
3181 3618 3278 3672 ἐπὶ
3325 3618 3446 3684 τὴν
3483 3619 3717 3686 maior

469 3713 570 3759 est.
615 3704 715 3760 Ubi
759 3718 934 3760 autem
979 3705 1209 3776 Spiritus
1257 3709 1490 3775 Domini,
1534 3711 1606 3764 ibi
1647 3712 1883 3767 libertas.
1932 3711 2000 3778 Νι

2187 3711 2340 3768 ὺτῶν
2361 3713 2544 3766 κεῖται
2563 3729 2576 3742 ·
2597 3713 2780 3780 ἡνίκα
2795 3711 2844 3764 δ’
2867 3710 2945 3765 ἂν
2966 3710 3300 3778 ἐπιστρέψῃ
3316 3711 3473 3779 πρὸς
3491 3713 3658 3779 Κύριε
3667 3728 3713 3772 ν,

471 3810 592 3849 νει-ο
637 3811 811 3850 omnes
868 3798 1096 3850 revelata
1147 3799 1283 3865 facie
1323 3800 1550 3870 gloriam
1603 3802 1816 3856 Domini
1864 3819 2002 3872 speci

2182 3805 2518 3874 ἐριαιρεῐται
2547 3805 2613 3858 τὸ
2637 3804 2917 3874 κάλυμμα
2937 3819 2951 3834 ·
2985 3807 3018 3856 ὁ
3038 3803 3106 3856 δὲ
3131 3805 3347 3870 Κύριος
3363 3803 3434 3856 τὸ
3455 3804 3713 3872 Πνεῦμα·

471 3887 662 3954 tantes,
687 3889 744 3941 in
770 3889 1004 3942 eamdem
1027 3890 1310 3960 imaginem
1340 3894 1786 3959 transformamur
1815 3913 1848 3949 α
1873 3897 2002 3966 glori

2186 3913 2294 3950 που
2329 3896 2396 3950 δὲ
2417 3896 2483 3949 τὸ
2512 3896 2768 3964 πνεῦμα,
2790 3895 2918 3948 ἐκεῖ
2930 3895 3236 3962 ἐλευθερία
3255 3911 3268 3924 ·
3291 3895 3470 3963 ἡμεῖς
3501 3895 3568 3948 δὲ
3585 3893 3717 3948 πᾶν·

471 3990 524 4034 tn
554 3981 799 4052 gloriam,
827 3991 1072 4053 tanquam
1108 4002 1138 4037 a
1173 3983 1387 4040 Domini
1419 3986 1625 4056 Spiritu
1653 3991 1721 4042 ".

2186 4005 2238 4052 ες
2257 3985 2802 4054 ἀνακεκαλυμμένῳ
2819 3983 3122 4053 προσώπῳ
3147 3983 3262 4050 τὴν
3291 3983 3491 4048 δόξαν
3511 3985 3717 4054 Κιερίσυ

471 4077 1008 4148 κατοπτριζόμενοι,
1067 4079 1182 4149 τὴν
1219 4081 1414 4152 αὐτὴν
1452 4085 1653 4138 εἰκόνα
1693 4085 2218 4156 μεταμορφούμεθα
2271 4082 2388 4142 ἀπὸ
2441 4081 2625 4150 δόξης
2655 4085 2742 4148 εις
2780 4081 2997 4152 δόξαν,
3041 4081 3299 4151 καθάπερ
3337 4082 3462 4137 ἀπὸ
3511 4081 3719 4150 Iit-12in?!

470 4170 832 4239 Πνεύματος.

543 4259 610 4315 Et
641 4279 833 4320 rursus
857 4266 933 4321 ait
963 4266 1166 4324 Paulus
1191 4287 1206 4325 :
1245 4269 1315 4324 Ut
1347 4272 1692 4327 absorbeatur
1721 4277 1858 4345 quod
1891 4293 2037 4329 mor-

2218 4271 2330 4324 Kat
2362 4270 2522 4324 πάλιν
2544 4269 2690 4340 λέγει
2715 4269 2956 4333 Παῦλος·
2994 4271 3118 4326 Ἵνα
3145 4269 3464 4340 καταποθῇ
3495 4269 3557 4325 τὸ
3589 4273 3715 4336 θνη-

473 4352 579 4406 tr:le
618 4365 716 4422 est,
758 4373 790 4409 a
817 4359 943 4411 vita.
975 4358 1076 4423 Qui
1107 4371 1281 4416 autem
1308 4363 1458 4432 efficit
1496 4381 1587 4419 nos
1617 4367 1672 4418 in
1698 4369 1806 4420 'hoc
1842 4368 2004 4436 ipsum

2186 4364 2249 4418 ὸν
2277 4363 2393 4419 ὑπὸ
2415 4363 2525 4431 τῆς
2551 4362 2699 4431 ζωῆς
2717 4379 2732 4393 ·
2760 4367 2792 4416 ὀ
2815 4362 2884 4416 δὲ
2910 4361 3436 4434 κατεργασάμενος
3465 4363 3612 4434 ἡμᾶς
3641 4365 3717 4428 εις

471 4441 612 4496 Deus
631 4484 646 4508 ,
668 4447 758 4516 qui
773 4446 916 4503 dedit
945 4449 1085 4504 vobis
1117 4453 1303 4520 pignus
1353 4451 1586 4522 Spiritus
1604 4456 1669 4508 ’⁵.
1701 4455 1766 4509 Et
1793 4456 1989 4511 iterum

2184 4452 2286 4508 ὺτὸ
2313 4454 2486 4508 τοῦτο
2513 4453 2676 4520 Θεὸς,
2703 4456 2735 4507 o'
2767 4453 2908 4519 δοὺς
2929 4454 3070 4522 ὑμῖν
3107 4454 3212 4516 τὸν
3251 4455 3572 4522 ἀρραϐῶνα
3621 4452 3715 4508 τοῦ

473 4534 906 4595 Commendantes
956 4546 1296 4612 nosmetipsos
1333 4543 1590 4616 tanquam
1641 4549 1868 4602 ministri
1917 4549 2004 4604 Dei

2186 4549 2502 4618 ’νεύματος.
2531 4548 2641 4601 Καὶ
2679 4547 2837 4602 πάλιν
2860 4547 3022 4618 φησίν
3041 4564 3054 4576 ·
3085 4547 3572 4615 Συνιστάνοντες
3595 4549 3717 4602 ἐου-

470 4629 524 4681 in
563 4629 730 4684 multa
754 4634 1032 4702 patientia,
1060 4637 1114 4689 in
1141 4635 1590 4702 tribulationibus.
1622 4641 1676 4693 in
1705 4643 2001 4696 necessitati

2184 4641 2278 4709 φὺς
2305 4643 2384 4710 ὡς
2411 4640 2557 4696 Θεοῦ
2589 4640 2851 4694 διάκονοι
2873 4639 3397 4709 uacuos-17101.15],
3431 4643 3504 4695 ἐν
3519 4643 3620 4696 0.1!
3623 4645 3715 4710 έρε-

471 4720 586 4796 bus,
607 4723 663 4788 in
679 4727 938 4796 angustiis
952 4729 1020 4793 ",
1039 4737 1091 4783 et
1112 4745 1234 4799 quae
1252 4743 1572 4800 sequuntur.
1593 4731 1794 4788 Deinde
1810 4735 2002 4804 subjun

2184 4753 2259 4803 ιν,
2291 4735 2361 4788 ἐν
2387 4736 2825 4805 στενοχωρίαις,
2861 4734 2954 4788 καὶ
2983 4733 3049 4788 τὰ
3089 4733 3234 4804 ἑξῆς.
3295 4731 3436 4788 Εἶτα.
3478 4735 3715 4806 ἐπιφέρει

469 4816 568 4886 git,
600 4817 786 4882 dicens
813 4840 827 4874 :
863 4819 927 4874 In
953 4824 1234 4890 suavitate,
1263 4826 1316 4878 in
1355 4825 1558 4896 Spiritu
1590 4837 1794 4892 sancto,
1831 4830 1886 4882 in
1915 4832 2000 4882 cha

2186 4828 2344 4894 Ξγων·
2397 4827 2492 4880 Ἐν
2537 4829 2918 4897 χρηστότητι,
2976 4826 3045 4879 ἐν
3091 4827 3392 4896 Ili-stipati
3425 4827 3611 4896 ἁγίῳ,
3655 4825 3717 4876 ἑν

468 4911 630 4964 ritate
654 4927 758 4966 non
791 4913 940 4982 ﬁcta,
973 4916 1026 4968 in
1073 4915 1237 4970 Verbo
1262 4919 1519 4984 ueritatis,
1557 4919 1610 4974 in
1639 4920 1826 4974 virtute
1853 4920 1946 4974 Dei
1967 4921 1999 4952 ’τ

2182 4917 2336 4988 γάπῃ
2366 4917 2757 4986 ἀνυποκρίτῳ,
2785 4917 2856 4970 ἐν
2873 4917 3040 4987 Λόγῳ
3059 4917 3364 4984 ἀληθείας,
3387 4916 3464 4970 ἐν
3477 4913 3713 4986 δυνάμει

469 4999 607 5057 Ecce
645 5003 734 5058 hic
772 5007 935 5060 ctiam
967 5008 1269 5080 designavit
1307 5021 1530 5066 sanctus
1565 5011 1765 5066 Paulus
1800 5009 2000 5066 Trinita

2180 5011 2310 5064 ieci}.
2330 5011 2459 5064 Ἰδοὺ
2485 5010 2594 5082 γὰρ
2616 5011 2710 5064 καὶ
2731 5008 2960 5062 ἐνταῦθα
2986 5009 3183 5080 ὥρισεν
3203 5011 3232 5061 6
3257 5009 3414 5077 ἅγιος
3430 5009 3544 5080 τὴν.
3567 5009 3711 5076 ἁγίαν

468 5101 598 5157 tem,
635 5097 924 5156 nominans
957 5099 1148 5167 Deum,
1176 5115 1230 5156 et
1263 5100 1515 5166 Verbum,
1537 5113 1592 5156 et
1617 5103 1876 5172 Spiritum
1910 5120 1999 5158 san

2178 5103 2344 5176 ’ριάδα
2376 5103 2647 5172 ὀνομάσας
2676 5102 2807 5154 Θεὸν
2834 5103 2928 5156 καὶ
2957 5102 3126 5169 Λόγον
3165 5101 3254 5154 καὶ
3287 5101 3520 5172 Πνεῦμα
3549 5103 3709 5169 ἅγιον.

467 5192 636 5238 ctum.
673 5184 737 5238 Et
766 5185 961 5240 iterum
998 5189 1108 5240 ait:
1145 5193 1226 5242 An
1256 5192 1466 5246 nescitis
1495 5195 1742 5262 quoniam
1787 5193 1998 5262 tcmplur

2179 5195 2250 5246 Lati.
2279 5194 2441 5247 πάλιν
2473 5194 2650 5264 λέγει·
2692 5197 2811 5248 Οὐκ
2850 5193 3046 5247 οἴδατε
3077 5192 3166 5246 ὅτι
3191 5192 3340 5259 ναὸς
3382 5193 3542 5246 Θεοῦ
3562 5195 3710 5256 ἐστε.

469 5271 562 5325 Dei
585 5275 730 5338 estis,
759 5286 810 5330 et
832 5275 1063 5346 Spiritus
1087 5279 1182 5334 Dei
1210 5282 1414 5336 habitat
1441 5283 1496 5336 in
1517 5283 1657 5337 vobis
1673 5285 1698 5337 2’
1719 5281 1779 5337 Si
1800 5285 1914 5354 quis
1938 5302 2000 5338 au

2178 5283 2237 5336 ai
2269 5283 2332 5336 τό
2361 5284 2606 5352 Πνεῦμα
2633 5283 2736 5337 τοῦ
2770 5283 2916 5337 Θεοῦ
2940 5281 3092 5336 οἰκεῖ
3115 5283 3184 5335 ὲν
3218 5281 3360 5351 ὑμῖν
3375 5299 3394 5346 ;
3415 5283 3496 5337 Εἴ
3513 5301 3592 5349 τις
3615 5282 3709 5336 τιτ-

467 5377 568 5415 tum
600 5365 848 5435 templum
897 5366 996 5422 Dei
1033 5370 1322 5439 violaverit,
1369 5375 1630 5443 disperdat
1678 5375 1831 5427 illum
1863 5373 1998 5430 Deus

2182 5375 2287 5429 σὸν
2303 5375 2408 5430 τοῦ
2447 5375 2594 5429 Θεοῦ
2622 5377 2862 5445 φθείρει,
2886 5375 3090 5444 φθερεῖ
3117 5374 3332 5428 τοῦτον
3355 5379 3388 5428 ό
3417 5377 3588 5442 Θεοῖς.
3613 5375 3713 5428 Καὶ

467 5453 760 5525 [Templum
803 5460 938 5512 enim
968 5459 1066 5514 Dei
1096 5473 1337 5515 sanctum
1362 5475 1438 5517 est
1459 5505 1473 5527 ,
1505 5468 1642 5535 quod
1674 5471 1796 5521 estis
1822 5485 1907 5522 vos
1930 5469 1992 5521 ³⁸.

2183 5468 2308 5521 ἂλιν·
2329 5469 2500 5524 Ἀλλὰ
2535 5469 2974 5532 ἀπελούσασθε,
2999 5468 3135 5522 ἀλλ’
3149 5466 3532 5534 ἐδικαιώθητε
3556 5467 3626 5522 ἐν
3643 5465 3714 5532 τῷ

468 5543 532 5600 Et
555 5545 748 5603 iterum
781 5567 796 5605 :
828 5551 932 5606 Sed
973 5537 1141 5606 abluti
1174 5555 1321 5620 estis,
1373 5557 1461 5609 sed
1514 5559 1835 5628 suncti/icati
1876 5562 1999 5614 estis

2180 5561 2372 5630 νεύματι
2403 5563 2624 5629 Κυρίου
2655 5561 2822 5631 ἡμῶν
2853 5561 3190 5631 Ἰησοῦ,και
3215 5559 3378 5626 ἐντῷ
3418 5561 3711 5631 Πνεὺματι

540 5739 584 5818 ’.⁸
614 5736 656 5790 Il
676 5737 795 5818 σοι’.
824 5758 951 5818 ιιι-ιι..
1175 5743 1219 5774 ³³
1267 5741 1307 5796 ll
1357 5741 1481 5818 Cor.
1535 5761 1586 5818 ι,
1628 5745 1716 5802 21,
1752 5739 1851 5818 29.
1961 5747 2006 5779 ”

2176 5763 2262 5800 or.
2305 5765 2383 5812 ιιι,
2415 5749 2601 5804 lii-18.
2680 5750 2721 5783 “
2751 5747 2790 5803 ll
2817 5747 2941 5806 Cor.
2993 5765 3042 5818 v,
3080 5750 3132 5818 ι,
3165 5751 3216 5807 5.
3315 5747 3360 5780 ³⁸
3393 5745 3437 5800 ll
3479 5747 3607 5804 Cor.
3643 5759 3707 5804 tt.

473 5807 651 5882 Vulg"
689 5813 820 5866 sicut
860 5813 954 5866 Dei
987 5815 1272 5868 ministros.
1381 5817 1422 5846 ’⁷
1477 5817 1610 5870 ibid.
1661 5821 1712 5884 6,
1752 5811 1802 5864 7.
1905 5818 1950 5850 η
1983 5821 2000 5871 ι

987 5815 1272 5868 ministros.
1381 5817 1422 5846 ’⁷
1477 5817 1610 5870 ibid.
1661 5821 1712 5884 ϋ,
1752 5811 1802 5864 7ο
1905 5817 2266 5882 "Hier-.111,
2309 5807 2392 5882 16,
2435 5819 2514 5873 l7.
