3876 6522
161 323 294 378 1121

1419 329 1605 383 ΚΑΤΑ
1629 330 1860 384 ΜΕΡΟΣ
1905 335 2144 390 ΠΙΣΤΙΣ.

3241 339 3398 398 “22

155 447 269 505 τοῦ
297 450 444 504 Θεοῦ
472 447 656 519 ἡμῶν.
691 451 801 505 Καὶ
833 451 991 505 πάλιν
1015 468 1027 480 ·
1054 454 1122 507 Ἠ
1151 455 1261 507 οὐκ
1295 453 1492 507 οἴδατε
1537 452 1624 506 ὅτι
1657 452 1711 506 τι

1829 455 1919 508 sed
1955 455 2238 525 justiﬁcati
2285 457 2408 510 estis
2443 457 2497 510 iu
2537 459 2744 512 nomine
2793 459 3005 514 Domini
3057 461 3225 516 nostri
3266 461 3394 516 Iesu

153 542 400 611 σώματα
436 541 600 611 ὑμῶν
619 543 765 609 ναὸς
786 545 891 597 τοῦ
919 546 988 597 ἐν
1018 546 1160 614 ὑμῖν
1187 547 1356 615 ἁγίου
1384 549 1727 617 Ιινεύματός

153 634 350 698 ἐστιν,
373 631 443 690 οὗ
469 635 636 704 ἔχετε
657 635 772 691 ἀπὸ
796 637 938 691 Θεοῦ
956 655 973 701 ;
994 638 1150 691 Δοκῶ
1174 640 1283 708 γὰρ
1309 641 1467 710 κάγὼ
1486 642 1726 713 Πνεῦμα

156 727 310 780 Θεοῦ
338 727 519 796 ἔχειν.

225 909 338 961 Καὶ
367 909 526 963 πάλιν
559 910 654 964 καὶ
703 911 830 983 περὶ
861 912 970 966 τῶν
1003 915 1133 967 υἱῶν
1185 916 1396 990 Ἰσραὴλ
1435 919 1719 985 διαλαλῶν,

149 1001 229 1064 ὡς
261 1001 662 1072 βαπτισθέντων
697 1004 753 1057 ὲν
790 1007 852 1075 τῇ
886 1006 1082 1080 νεφέλῃ
1113 1009 1206 1061 καὶ
1251 1013 1308 1062 ὲν
1348 1013 1410 1081 τῇ
1457 1010 1717 1085 Θαλάσσῃ,

149 1094 350 1164 φησὶν,
397 1095 510 1147 ὅτιο
548 1093 772 1162 Πάντες
824 1097 887 1149 τὸ
935 1098 1079 1151 αὐτὸ
1108 1102 1508 1169 πνευματικὸν
1551 1105 1721 1157 ἔπιον

147 1182 316 1251 πόμα
334 1201 347 1213 ·
391 1185 601 1237 ἔπινον
629 1184 735 1253 γὰρ
755 1185 820 1236 ἐκ
839 1186 1242 1255 πνευματικῆς
1270 1189 1720 1256 ἀκολουθούσης

146 1273 374 1341 πέτρας
396 1291 409 1304 ·
439 1277 476 1342 η
499 1274 566 1327 δὲ
581 1275 766 1343 πέτρα
795 1271 870 1345 ἦν
889 1279 922 1330 o'
937 1279 1205 1344 Χριστός.
1231 1280 1336 1332 Καὶ
1366 1280 1527 1333 πάλιν
1548 1280 1712 1349 λέγει’

145 1363 248 1416 Διὸ
300 1363 546 1432 γνωρίζω
579 1365 721 1434 ὑμῖν
765 1365 853 1419 ὅτι
898 1366 1096 1434 οὐδεὶς
1140 1368 1210 1421 ἐν
1236 1372 1526 1438 Πνεύματι
1571 1372 1716 1426 Θεοῦ

142 1454 358 1508 ,λαλῶν
380 1455 536 1527 λέγει
560 1457 820 1527 ἀνάθεμα
853 1459 1108 1526 Ἰησοῦν·
1135 1460 1232 1513 καὶ
1257 1462 1452 1528 οὐδεὶς
1473 1463 1717 1520 δύναται

142 1547 340 1600 ειπεῒν
361 1550 575 1617 Κύριον
616 1551 866 1618 Ἰησοῦν,
896 1555 947 1606 εὶ
979 1552 1064 1622 μὴ
1107 1553 1177 1606 ἐν
1212 1557 1508 1626 Πνεύματι
1549 1558 1710 1629 ἀγίῳο

141 1635 472 1707 διαιρέσεις
517 1640 585 1693 δέ
635 1641 1012 1712 χαρισμάτων
1066 1645 1259 1709 εἰσὶν,
1322 1647 1388 1701 τὸ
1438 1647 1505 1701 δὲ
1569 1651 1715 1704 αὐτὸ

142 1731 422 1800 Πνεῦμαο
454 1725 550 1784 καί
600 1730 914 1800 διαιρέσεις
954 1733 1266 1789 διακονιῶν
1309 1740 1501 1804 εἰσιν,
1541 1740 1640 1794 καὶ
1681 1743 1716 1794 ὁ

1834 545 2054 611 Christi,
2099 560 2147 601 et
2189 550 2243 601 in
2287 547 2491 617 Spiritu
2526 551 2621 603 Dei
2654 553 2820 604 nostri
2838 552 2902 606 ’³.
2951 551 3016 606 Et
3047 567 3278 607 rursus:
3313 555 3396 607 An

1832 641 2040 693 nescitis
2069 641 2313 711 quoniam
2343 657 2559 710 corpora
2594 652 2760 695 vestra
2793 643 3039 712 templum
3069 654 3187 696 sunt
3219 643 3394 706 Spiri-

1833 740 1916 784 tus
1949 733 2138 798 sancti,
2169 732 2258 801 qui
2299 733 2353 785 in
2393 732 2533 785 vobis
2576 741 2674 798 est,
2715 749 2864 801 quem
2895 733 3094 787 habetis
3117 752 3150 786 a
3176 734 3283 788 Deo
3307 735 3352 766 ³⁰
3372 727 3400 787 θ’

1830 818 1896 874 Ει
1928 822 2055 876 illud
2090 841 2101 874 :
2144 821 2334 876 Videor
2361 824 2566 876 enimet
2590 840 2681 893 ego
2706 821 2964 892 Spiritum
2999 824 3092 878 Dei
3123 826 3390 879 habere“.

1901 913 1968 968 Et
1997 914 2190 968 iterum
2228 915 2455 984 loquens
2477 915 2543 969 de
2577 915 2701 969 [iliis
2731 915 2892 970 Israel
2919 927 3175 986 tanquam
3213 917 3394 987 bapti-

1828 1007 1964 1060 zatis
2002 1007 2055 1060 in
2101 1008 2244 1061 nube
2277 1017 2330 1062 et
2372 1009 2425 1061 in
2457 1007 2617 1072 mari,
2647 1009 2722 1062 ait
2762 1027 2774 1061 :
2819 1007 2885 1060 Et
2929 1024 3103 1062 omnes
3155 1010 3392 1063 eumdem
3489 1064 3491 1068 ,

1825 1108 2005 1168 potum
2032 1099 2324 1163 spiritalem
2355 1101 2591 1155 biberunt
2619 1115 2638 1152 .'
2668 1099 2906 1152 bibebant
2937 1101 3076 1153 enim
3123 1101 3187 1154 de
3233 1102 3393 1170 spiri-

1828 1189 1944 1253 tali,
1971 1199 2307 1260 consequente
2336 1207 2420 1243 eos
2468 1201 2653 1260 petra;
2681 1200 2827 1259 petra
2865 1201 3038 1244 autem
3079 1201 3193 1244 erat
3240 1191 3395 1244 Citri-

1828 1291 1940 1334 stus
1964 1281 2029 1335 ³¹.
2088 1280 2155 1335 Ει
2200 1282 2394 1335 iterum
2451 1283 2572 1335 ait:
2608 1281 2825 1350 Propter
2870 1282 2966 1334 hoc
3017 1294 3195 1334 notum
3247 1283 3392 1335 vobis

1825 1373 1990 1440 facio,
2019 1373 2158 1442 quod
2195 1388 2341 1424 nemo
2378 1373 2429 1424 in
2469 1370 2673 1440 Spiritu
2710 1373 2802 1425 Dei
2843 1372 3076 1442 loquens,
3107 1373 3234 1424 dicit
3257 1389 3390 1426 aua-

1825 1465 1997 1517 thema
2021 1462 2148 1516 Iesu
2183 1478 2200 1514 :
2232 1472 2279 1517 et
2311 1479 2458 1516 nemo
2484 1472 2650 1532 potest
2679 1463 2850 1516 dicere
2873 1463 3158 1515 Dominum
3179 1462 3387 1526 Jesum,

1822 1556 1926 1609 nisi
1967 1557 2021 1608 in
2067 1554 2271 1624 Spiritu
2314 1565 2515 1608 sancto.
2568 1555 2863 1608 Divisiones
2908 1556 3200 1624 gratiarum
3243 1564 3390 1624 sunt,

1823 1663 1959 1700 unus
1987 1659 2162 1700 autem
2185 1645 2451 1716 Spiritus;
2477 1656 2525 1701 et
2555 1647 2834 1700 divisiones
2861 1648 3388 1702 administrationum

1821 1749 1964 1806 sunt,
2013 1757 2147 1793 unus
2189 1750 2362 1793 autent
2392 1739 2650 1795 Dominus
2669 1757 2689 1806 ;
2723 1741 3000 1793 divisiones
3025 1742 3388 1809 operationum

139 1821 330 1888 αὐτὸς
359 1824 571 1891 Κύριος
591 1840 605 1853 ·
637 1825 734 1878 καὶ
769 1824 1084 1894 διαιρέσεις
1103 1828 1512 1899 ἐνεργημάτων
1533 1834 1711 1897 εἰσιν,

1818 1843 1958 1896 sunt,
1994 1841 2041 1883 et
2066 1831 2204 1883 idem
2236 1840 2312 1883 est
2348 1831 2506 1895 Deus,
2541 1832 2631 1901 qui
2658 1841 2908 1900 operatur
2936 1833 3112 1884 omnia
3138 1832 3190 1884 in
3217 1833 3388 1884 omni-

139 1913 241 1967 καὶ
270 1917 304 1968 ό
325 1916 508 1981 αὑτός
527 1915 654 1970 ἐστι
681 1916 822 1983 Θεὸς
845 1922 876 1972 ό
898 1917 1155 1989 ἐνεργῶν
1181 1921 1250 1974 τὰ
1287 1921 1481 1976 πάντα
1507 1924 1576 1978 ἐν
1603 1923 1714 1980 πᾶ-

138 2023 277 2060 σιν⁶
313 2005 546 2073 ἑκάστῳ
575 2006 642 2060 δὲ
673 2008 895 2062 δίδοται
934 2013 972 2078 ἡ
1015 2013 1350 2082 φανέρωσις
1389 2015 1495 2068 τοῦ
1531 2017 1718 2070 Πνεύ-

134 2113 330 2166 ματος
379 2096 527 2166 πρὸς
571 2097 639 2151 τὸ
691 2100 1029 2169 συμφέρονο
1065 2095 1112 2168 ᾦ
1165 2101 1280 2172 μὲν
1318 2103 1426 2174 γὰρ
1473 2104 1569 2159 διὰ
1607 2107 1716 2161 τοῦ

138 2191 490 2260 Πνεύματος
515 2191 738 2246 δίδοται
760 2195 940 2264 λόγος
965 2195 1236 2264 γνώσεως
1277 2199 1424 2253 κατὰ
1466 2199 1529 2254 τὸ
1570 2202 1714 2257 αὐτὸ

133 2283 416 2353 Πνεῦμα,
460 2284 638 2354 ἑτέρῳ
676 2285 742 2339 δὲ
770 2287 971 2354 πίστις
1005 2289 1075 2341 ἐν
1111 2290 1189 2356 τῷ
1209 2291 1366 2358 αὐτῷ
1394 2295 1712 2364 Πνεύματι,

132 2377 310 2441 ἄλλῳ
341 2377 408 2430 δὲ
434 2376 797 2448 ἐνεργήματα
827 2379 1155 2450 δυνάμεων,
1185 2384 1352 2450 ἄλλῳ
1387 2385 1454 2439 δὲ
1491 2405 1716 2458 προφη-

133 2470 308 2533 τεία,
343 2470 511 2538 ἄλλῳ
553 2470 620 2524 δὲ
667 2471 958 2541 διάκρισις
988 2476 1359 2545 πνευμάτων,
1417 2480 1597 2549 ἑτέρῳ
1647 2482 1716 2535 δὲ

131 2560 284 2629 γένη
317 2563 612 2630 γλωσσῶν
629 2580 642 2592 ·
677 2563 872 2617 πάντα
896 2565 962 2618 δὲ
983 2566 1165 2621 ταῦτα
1183 2569 1497 2644 ἐνεργεῐστὸ
1528 2572 1597 2626 ἓν
1615 2575 1712 2628 καὶ

129 2651 204 2704 τὸ
233 2652 382 2706 αὐτὸ
409 2654 646 2723 Πνεῦμα
667 2655 935 2725 διαιροῦν
960 2657 1078 2711 ἴδια
1104 2658 1338 2723 ἑκάστῳ
1358 2662 1550 2730 καθὼς
1571 2665 1716 2728 ,ϐού-

130 2749 338 2799 λεταιε
385 2747 484 2801 καὶ
529 2747 790 2816 καθάπερ
821 2749 885 2803 τὸ
928 2751 1097 2820 σῶμα
1126 2752 1195 2805 ἓν
1219 2754 1389 2807 ἐστιν
1419 2756 1518 2809 καὶ
1554 2757 1710 2827 μέλη

130 2837 343 2891 πολλὰ
355 2838 497 2910 ἔχει,
525 2839 717 2893 πάντα
742 2839 808 2893 δὲ
833 2841 903 2895 τὰ
918 2843 1072 2911 μέλη
1093 2845 1197 2897 τοῦ
1221 2843 1491 2914 σώματος
1515 2851 1713 2904 πολλὰ

131 2929 372 2983 ὅντιῑὲν
397 2929 527 2984 ἐστι
553 2930 743 3000 σῶμα,
766 2933 951 2998 οὕτως
971 2934 1070 2987 καὶ
1098 2938 1132 2989 ό
1156 2937 1409 3004 Χριστός
1427 2955 1442 2969 ο
1476 2939 1575 2992 καὶ
1601 2940 1711 3009 γὰρ

127 3023 206 3077 ἐν
226 3021 321 3076 ἐνὶ
337 3025 630 3093 Πνεύματι
652 3023 873 3092 πάντες
892 3026 1060 3095 ἡμεῖς
1084 3029 1172 3093 εις
1192 3027 1262 3082 ἐν
1283 3029 1452 3099 σῶμα
1477 3031 1712 3088 ἐϐαπτί-

421 3117 529 3217 Καὶ
563 3117 722 3217 πάλι-ν
752 3117 930 3217 λέγει·
966 3123 1028 3174 ΕΞ
1070 3123 1167 3192 μὲν
1207 3124 1313 3196 γὰρ
1353 3128 1382 3179 ὁ
1419 3125 1711 3198 ἐρχόμενος
1737 3160 1778 3217 C

129 3206 298 3260 ἄλλον
339 3207 542 3279 Ἰησοῦν
561 3211 823 3282 κηρύσσει
847 3211 906 3265 ὃν
928 3215 1026 3268 οὐκ
1049 3216 1414 3288 ἐκηρύξαμεν,
1438 3217 1470 3289 ἢ
1495 3219 1710 3290 πνεῦμα

128 3299 324 3370 ἕτερον
356 3300 656 3372 λαμϐάνετε
688 3303 715 3357 ὃ
735 3305 834 3358 οὐκ
858 3305 1096 3372 ἐλάϐετε,
1127 3308 1161 3380 ἦ
1186 3310 1496 3379 εὐαγγέλιον
1527 3312 1713 3383 ἕτερον

128 3389 160 3445 ὃ
195 3394 298 3446 οὐκ
334 3393 603 3459 ἐδέξασθε,
635 3395 815 3460 καλῶς
842 3397 906 3451 ἂν
927 3385 1153 3469 εῖχεσθε.

217 3478 383 3556 Ὁρᾷς
415 3487 496 3539 ὅτι
529 3487 826 3558 ἀχώριστόν
853 3491 968 3542 ἐστι
990 3490 1050 3543 τὸ
1068 3490 1288 3563 Πνεῦμα
1315 3493 1412 3563 τῆς
1427 3492 1708 3564 Θεότητος,

128 3576 233 3629 καὶ
264 3577 366 3628 οὐκ
395 3576 459 3629 ἄν
486 3595 568 3642 τις
589 3580 825 3643 εὐσεϐῶς
856 3581 1065 3650 φρονῶν
1085 3582 1288 3651 κτίσμα
1333 3583 1464 3635 αὐτὸ
1509 3583 1709 3637 ὑπολά-

128 3667 244 3721 ϐοι.
289 3669 376 3721 Ἐν
403 3670 459 3722 δὲ
483 3674 550 3742 τῇ
581 3673 716 3743 πρὸς
755 3673 1034 3745 Ἐϐραίους
1074 3676 1355 3748 Ἐπιστολῇ
1382 3677 1542 3730 πάλιν
1577 3678 1712 3750 γρά-

129 3779 226 3830 φει
273 3760 481 3826 οὕτως·
534 3764 666 3831 Πῶς
693 3765 863 3835 ἡμεῖς
913 3768 1316 3837 ἐκφευξόμεοα
1346 3773 1712 3839 τηλικαύτης

125 3853 552 3922 ἀμελήσαντες
579 3859 900 3926 σωτηρίας;
933 3859 1060 3926 ἣτις
1092 3863 1290 3932 ἀρχὴν
1317 3863 1589 3917 λαϐοῦσα
1610 3868 1712 3918 ,λαμ

124 3945 370 4000 ,ιεῖσθαι
391 3946 508 4000 ὑπὸ
527 3947 631 4000 τοῦ
658 3951 876 4017 Ii’vplm)
915 3951 1011 4004 διὰ
1047 3952 1163 4005 τῶν
1197 3953 1586 4008 ἀκουσάντων
1625 3958 1712 4022 είς

123 4037 294 4108 ἡμᾶς
335 4039 681 4109 ἐϐεϐαιώθη,
713 4045 1366 4113 συνεπιμαρτυροῦντος
1411 4047 1516 4101 τοῦ
1563 4047 1709 4100 Θεοῦ

121 4131 406 4200 σημείοις
441 4131 539 4186 καὶ
579 4134 780 4202 τέρασι
815 4136 911 4189 καὶ
952 4137 1250 4204 ποικίλαις
1281 4136 1573 4208 δυνάμεσι
1613 4140 1708 4193 καὶ

118 4223 482 4292 Πνεύματος
507 4224 676 4293 ἁγίου
691 4227 1018 4295 μερισμοῖς.
1051 4229 1161 4280 Καὶ
1193 4229 1353 4282 πάλιν
1386 4231 1443 4282 ἐν
1477 4232 1540 4301 τῇ
1571 4230 1704 4300 αὐτῇ

134 4315 432 4386 Ἐπιστολῇ
467 4333 630 4386 φησιν
653 4335 666 4348 ·
700 4319 792 4372 Διὸ
821 4319 1012 4386 καθὼς
1055 4319 1214 4390 λέγει
1245 4321 1309 4376 τὸ
1356 4323 1596 4391 Πνεῦμα
1640 4322 1705 4375 τὸ

120 4406 304 4476 ἅγιον
324 4420 340 4435 ⁸
371 4405 637 4476 Σήμερον
659 4407 766 4462 ἐὰν
793 4405 900 4478 τῆς
923 4409 1126 4479 φωνῆς
1162 4413 1346 4468 αὐτοῦ
1385 4415 1701 4482 ἀκούσητε,

1819 1924 1932 1975 lius.
1969 1921 2258 1992 Unicuique
2284 1932 2457 1975 autem
2481 1923 2642 1976 datur
2664 1928 3025 1995 manifestatio
3048 1927 3282 1996 Spiritus
3317 1927 3386 1979 ad

1816 2015 2120 2071 utilitatem.
2147 2018 2257 2071 Alii
2277 2020 2484 2089 quidem
2511 2035 2601 2087 per
2629 2017 2889 2087 Spiritum
2912 2021 3074 2073 datur
3101 2036 3269 2073 sermo
3297 2037 3390 2073 sa-

1814 2108 2058 2176 pientiw;
2092 2108 2188 2161 alii
2214 2119 2389 2162 autem
2426 2125 2593 2161 sermo
2625 2110 2884 2172 scientiw,
2922 2109 3210 2162 secundum
3239 2125 3387 2162 eum-

1815 2200 1930 2253 dem
1952 2198 2243 2269 Spiritum;
2269 2202 2363 2254 alii
2396 2195 2523 2270 ﬁdes
2555 2201 2609 2254 in
2643 2201 2820 2255 eodem
2863 2200 3104 2271 Spiritu;
3140 2203 3235 2255 alii
3268 2218 3386 2256 vero

1816 2291 2148 2360 operationes
2187 2291 2472 2355 virtutum;
2511 2292 2606 2346 alii
2645 2294 2954 2363 prophetia;
2998 2295 3093 2347 alii
3136 2296 3384 2348 discretio

1814 2383 2130 2451 spirituum;
2155 2382 2249 2435 alii
2282 2399 2471 2450 genera
2500 2385 2835 2454 linguarum;
2863 2386 2960 2439 alii
2986 2371 3101 2440 vero
3134 2389 3388 2458 interpre~

1813 2475 1942 2526 tatio
1975 2490 2290 2529 sermonum.
2324 2475 2518 2528 Omnia
2547 2487 2721 2530 autem
2749 2477 2860 2531 Ιιωο
2895 2489 3142 2546 operatur
3177 2497 3310 2532 unus
3333 2486 3384 2532 ct

1813 2562 1950 2615 idem
1991 2561 2248 2632 Spiritus,
2282 2564 2520 2618 dividens
2553 2566 2775 2635 singulis
2802 2578 2957 2636 prout
2993 2568 3121 2622 vult.
3151 2565 3221 2620 Et
3244 2570 3384 2621 sicut

1814 2670 1974 2706 unum
2001 2671 2188 2723 corpus
2210 2665 2308 2721 est,
2339 2656 2507 2708 multa
2537 2666 2711 2709 autem
2739 2658 2890 2710 habet
2914 2657 3178 2719 membra;
3203 2659 3384 2710 omnia

1811 2761 1930 2800 vero
1974 2748 2202 2800 membra
2235 2751 2490 2817 corporis,
2517 2766 2632 2801 cum
2671 2751 2775 2802 sint
2808 2749 2992 2814 multa,
3019 2767 3182 2802 unum
3210 2759 3382 2803 tamen

1811 2854 1999 2908 corpus
2043 2853 2202 2904 sunt;
2245 2842 2322 2894 ita
2360 2853 2409 2894 et
2453 2842 2717 2896 Christus.
2773 2841 2964 2896 Omnes
3012 2843 3149 2895 euint
3191 2858 3284 2894 nos
3325 2843 3384 2893 in

1811 2947 1972 2984 unum
1997 2948 2180 3000 corpus
2205 2933 2457 3001 baptizati
2483 2951 2662 2988 sumus
2682 2935 2745 2987 ³³.
2784 2933 2848 2988 Ει
2875 2950 3068 2990 rursus
3097 2935 3173 2989 ait
3205 2953 3217 2988 :
3245 2933 3380 2987 Nam

1812 3025 1924 3080 siis
1945 3026 2039 3096 qui
2068 3026 2338 3097 venit(6),
2383 3028 2546 3082 alium
2587 3028 2863 3082 Christum
2902 3028 3177 3097 praedicat,
3216 3043 3384 3096 quem

1813 3130 1922 3169 non
1964 3117 2407 3186 praedicavimus;
2457 3128 2551 3172 aut
2599 3120 2764 3172 alium
2815 3120 3064 3188 spiritum
3111 3119 3378 3187 accipitis,

1813 3221 1974 3276 quem
2010 3221 2116 3261 nou
2159 3209 2474 3278 accepistis;
2515 3219 2610 3263 aut
2643 3210 2785 3263 aliud
2814 3209 3186 3280 Evangelium,
3230 3209 3380 3279 quod

1813 3319 1919 3358 non
1949 3305 2261 3374 recepistis;
2302 3315 2446 3360 recte
2488 3304 2830 3375 pateremiui.

1881 3483 2044 3540 Vides
2095 3485 2239 3554 quod
2297 3485 2675 3553 inseparabilis
2726 3485 2797 3539 sit
2843 3483 3078 3556 Spiritus
3111 3500 3140 3538 a
3172 3483 3380 3539 Divini-

1811 3578 1960 3632 tate?
1983 3591 2035 3632 ct
2062 3595 2338 3648 nunquam
2365 3579 2508 3632 ullus
2540 3579 2626 3647 pie
2647 3579 2906 3641 sentiens,
2933 3587 3234 3632 creaturam
3258 3594 3380 3632 esse

1812 3670 2196 3740 suspicabitur.
2232 3672 2288 3724 lu
2322 3670 2560 3741 Epistula
2588 3679 2769 3726 autem
2798 3671 2862 3724 ad
2894 3669 3146 3728 Heln-mos
3168 3671 3246 3724 sic
3265 3671 3373 3723 ait:

1813 3760 2083 3825 Quomodo
2110 3778 2202 3815 nos
2233 3763 2559 3832 effugiemus,
2590 3765 2637 3816 si
2667 3772 2867 3814 tantam
2892 3761 3265 3831 neglexerimus
3289 3779 3380 3815 sa-

1810 3851 2010 3909 lutem?
2064 3870 2179 3924 qua:
2225 3871 2342 3906 cum
2393 3855 2605 3907 initium
2661 3856 2938 3924 accepisset
2987 3854 3229 3907 enarrari
3285 3871 3380 3923 per

1809 3945 2114 4012 Dominum,
2148 3946 2212 3999 ab
2244 3947 2310 3999 iis
2339 3947 2428 4014 qui
2464 3947 2796 4010 audiverunt,
2843 3948 2894 4000 in
2940 3964 3033 4001 nos
3065 3947 3378 4015 conﬁrmata

1809 4047 1905 4100 est,
1933 4047 2256 4092 contestante
2285 4037 2394 4091 Deo
2423 4039 2586 4108 signis
2616 4050 2664 4092 et
2701 4041 2975 4108 portentis.
3007 4051 3055 4092 et
3081 4041 3240 4093 uariis
3269 4041 3378 4093 uir-

1810 4129 2028 4194 tutibus,
2072 4139 2120 4183 et
2160 4129 2389 4198 Spiritus
2414 4131 2583 4182 sancti
2605 4129 3066 4183 distributionibus
3090 4129 3376 4184 secundum

1807 4221 2388 4275 suamvoluntatent“.
2445 4220 2511 4274 Et
2565 4237 2756 4276 rursus
2807 4222 2859 4274 in
2908 4223 3094 4276 eadem
3134 4221 3376 4291 Epistula

1807 4312 1938 4366 dicit
1965 4330 1977 4364 :
2010 4309 2364 4380 Quapropter,
2390 4311 2526 4364 sicut
2553 4312 2626 4364 ait
2659 4309 2893 4380 Spiritus
2919 4322 3132 4367 sanctus
3163 4331 3176 4367 :
3206 4312 3377 4367 Hodie

1806 4406 1850 4457 si
1878 4419 2050 4458 vocem
2075 4403 2186 4472 ejus
2210 4404 2506 4470 audieritis,
2527 4404 2688 4458 nolite
2709 4405 2969 4459 obdurare
2999 4407 3158 4459 corda
3180 4418 3374 4471 uestra,

112 4499 207 4570 μὴ
255 4500 637 4568 σκληρύνητε
659 4501 763 4569 τὰς
784 4502 1026 4571 καρδίας
1048 4504 1212 4573 ὑμῶν
1240 4545 1254 4568 ,
1283 4506 1363 4572 ὠς
1389 4507 1458 4560 ἐν
1485 4505 1564 4571 τῷ
1595 4524 1707 4560 πα-

1818 4500 1946 4550 sicut
1975 4498 2032 4550 in
2059 4494 2454 4550 exacerbatione
2489 4498 2772 4550 secundum
2804 4497 2943 4550 diem
2985 4499 3286 4552 tentationis
3319 4499 3376 4550 in

113 4589 543 4660 ραπικρασμῷ,
573 4593 722 4646 κατὰ
758 4592 872 4662 τὴν
900 4594 1131 4663 ’ἡμέραν
1157 4597 1262 4650 τοῦ
1287 4598 1615 4668 πειρασμοῦ
1634 4599 1704 4651 ἐν

116 4681 199 4751 τῇ
237 4681 458 4751 ἐρήμῳ,
481 4678 552 4738 οὗ
580 4684 710 4736 ἐπεί
705 4683 906 4752 ρασάν
918 4703 994 4755 με
1019 4689 1072 4740 al
1094 4687 1340 4755 πατέρες
1365 4689 1550 4757 ὑμῶν,
1570 4689 1701 4743 ἐδο-

116 4772 400 4843 κίμασαν
429 4789 505 4842 με
531 4775 627 4828 καὶ
652 4771 813 4828 εἶδον
833 4778 903 4830 τὰ
940 4777 1082 4847 ἔργα
1106 4797 1224 4846 μου
1258 4779 1703 4848 τεσσαράκοντα

114 4863 232 4930 ἐτη
255 4877 270 4892 ⁸
301 4861 396 4916 διὸ
421 4863 827 4934 προσώχθησα
853 4866 929 4935 τῇ
961 4865 1132 4936 γενεᾷ
1161 4870 1363 4937 ταύτῃ,
1381 4871 1476 4923 καὶ
1506 4871 1697 4924 εἷπον·

130 4955 255 5012 Ἀεὶ
287 4956 633 5011 πλανῶνται
650 4957 722 5026 τῇ
747 4959 953 5027 καρδίῃ
975 4960 1188 5024 αὐτῶν,
1213 4961 1359 5014 διότι
1382 4965 1492 5016 οὐκ
1519 4963 1700 5032 ἐγνω-

111 5066 254 5104 o'ar
279 5050 388 5115 τὰς
414 5049 592 5117 όδούς
614 5069 751 5120 μου,
780 5053 859 5118 ὡς
888 5052 1093 5121 ὤμοσα
1115 5055 1182 5107 ἑν
1218 5052 1292 5121 τῇ
1322 5053 1467 5122 ὀργῇ
1508 5056 1706 5123 μου,εί

111 5143 580 5197 εἰσελεύσονται
611 5147 697 5210 εὶς
721 5144 832 5212 τὴν
857 5144 1233 5198 κατάπαυσίν
1242 5163 1379 5214 μου.
1410 5147 1702 5202 Κάνταῦθα

113 5236 477 5290 ἁκουέτωσαν
508 5236 720 5290 Παύλου
749 5238 1011 5309 μηδαμῶς
1037 5238 1358 5310 χωρίζοντος
1386 5241 1446 5292 τὸ
1479 5240 1701 5311 Πνεῦμα

109 5329 176 5383 τὸ
211 5329 377 5396 ἄτιον
404 5331 502 5400 τῆς
529 5329 776 5400 Θεότητος
805 5330 896 5382 τοῦ
917 5331 1125 5400 Πατρὸς
1154 5332 1244 5384 καὶ
1269 5331 1362 5383 τοῦ
1394 5331 1544 5393 Υἱοῦ,
1569 5331 1701 5385 ἀλλὰ

113 5420 316 5490 σαφῶς
329 5419 613 5490 δηλοῦντος
626 5422 724 5492 τὴν
741 5420 834 5474 τοῦ
850 5421 1004 5490 ἁγίου
1021 5421 1158 5474 Πνεύ
1167 5439 1332 5493 ματος
1347 5422 1620 5476 διαλαλιὰν
1639 5425 1704 5476 ὲκ

190 5561 288 5614 ιιι
320 5563 448 5619 Cor.
475 5580 549 5630 νι,
577 5563 663 5616 ll.

111 5651 218 5701 ιιι,
270 5635 455 5690 5-15.
550 5635 594 5666 ³⁵
623 5633 784 5688 Hebr.
835 5633 901 5701 ll,
953 5635 1007 5699 5,

195 5780 278 5851 (6)
316 5779 532 5836 Allusio
566 5780 774 5836 videtur
797 5779 910 5836 ﬁeri
947 5780 1012 5835 ad
1039 5779 1200 5835 verba
1234 5781 1406 5836 Galat.
1434 5795 1471 5833 ι.

1809 4591 2047 4652 deserto,
2073 4588 2164 4641 ubi
2195 4596 2519 4640 tentaverunt
2560 4604 2638 4640 me
2671 4599 2845 4656 patres
2888 4590 3084 4651 vestri;
3119 4590 3373 4655 probam-

1808 4691 1930 4734 ruut
1961 4689 2009 4734 et
2042 4682 2282 4734 viderunt
2309 4695 2463 4746 opera
2491 4696 2626 4745 mea,
2649 4683 3000 4748 quadraginta
3025 4682 3198 4734 annis.
3237 4678 3374 4732 Pro-

1806 4783 1920 4842 pter
1964 4778 2101 4842 quod
2151 4773 2384 4841 infensus
2441 4773 2520 4841 fui
2570 4774 2889 4842 generationi
2934 4774 3079 4837 huic,
3125 4782 3174 4825 et
3215 4773 3371 4825 dixi:

1810 4863 2215 4931 Sempererrant
2241 4863 2413 4916 corde.
2437 4862 2464 4914 1
2468 4866 2548 4932 psi
2569 4873 2743 4916 autem
2768 4879 2870 4916 non
2895 4873 3236 4930 cognoverunt
3262 4863 3371 4916 t'ias

1809 4975 1968 5022 meas,
2008 4957 2194 5027 quibus
2220 4956 2398 5024 juravi
2424 4957 2478 5007 in
2508 4957 2589 5007 ira
2624 4972 2757 5015 mea,
2800 4955 2846 5006 si
2887 4955 3171 5006 introibant
3203 4956 3255 5008 in
3291 4973 3372 5007 re-

1804 5055 1973 5122 quiem
2013 5068 2178 5105 nteant
2202 5049 2265 5101 εδ.
2303 5046 2401 5102 llic
2433 5048 2596 5101 etiam
2630 5048 2853 5100 audiant
2882 5045 3108 5100 Paulum
3140 5064 3248 5101 non
3284 5064 3370 5102 se-

1806 5158 2087 5216 parantem
2125 5149 2386 5217 Spiritum
2427 5152 2673 5201 sanctum
2718 5156 2748 5194 a
2787 5141 3067 5194 divinitate
3108 5140 3286 5195 Patris
3315 5151 3369 5194 et

1804 5239 1965 5295 Filii:
1997 5243 2126 5311 quin
2158 5243 2337 5310 potius
2382 5241 2528 5295 clare
2576 5236 2989 5306 signiﬁcantem,
3039 5233 3366 5286 locutionem

1807 5333 2041 5402 Spiritus
2081 5333 2252 5386 sancti
2282 5347 2349 5386 ex
2391 5344 2624 5400 persona
2664 5326 2757 5382 Dei
2800 5342 2938 5389 esse,
2973 5333 3027 5380 et
3051 5334 3305 5393 tanquam
3337 5338 3366 5377 a

1812 5422 1922 5476 Deo
1953 5422 2217 5492 prolatam
2235 5421 2303 5486 ",
2333 5421 2475 5476 sicut
2505 5417 2774 5473 redditum
2800 5425 2882 5472 est
2909 5417 2964 5469 in
2992 5415 3056 5470 iis
3082 5429 3203 5485 qua:
3225 5413 3366 5468 dicta

745 5563 789 5594 ³ο
821 5563 950 5617 ihid.
984 5565 1068 5619 19.
1100 5561 1280 5631 νυιμη
1314 5563 1542 5615 membra
1565 5563 1703 5624 loco,

1818 5581 1963 5631 pora.
2041 5563 2079 5594 ³¹
2117 5562 2286 5616 lCor.
2315 5577 2411 5618 ru.
2449 5560 2538 5614 40.
2617 5560 2660 5592 ⁸¹
2693 5557 2714 5612 ι
2743 5559 2868 5614 Cor.
2898 5575 2951 5625 Χ,
2985 5557 3038 5611 4.
3114 5555 3160 5589 ⁸³
3187 5557 3208 5608 1
3235 5555 3363 5610 Cor.

1062 5635 1117 5687 4.
1193 5634 1236 5665 ³³
1286 5632 1448 5686 Hebr.
1485 5649 1565 5697 Ill,
1607 5634 1769 5701 7-H;
1820 5634 2133 5697 l’sal.xc1v,
2165 5633 2308 5687 8-11.

2386 5632 2430 5664 ³⁸
2463 5631 2608 5686 ibid.-
