3876 6528
154 307 285 364 Ηὶὸ

1066 314 1545 374 FRAGMENTUM
1585 315 1928 373 scnuoms
1964 294 2050 372 ne
2088 316 2480 375 TRINITATE.

3245 318 3383 378 um

150 429 290 483 mina
332 442 462 483 vero
512 438 641 485 sunt
682 431 853 485 Adam
878 472 893 495 ,
942 432 1216 487 Abraham
1243 473 1259 499 ,
1288 432 1439 489 Isaac
1462 473 1477 500 ,
1505 431 1709 501 Jacob;
1737 435 1788 496 Α
1816 442 1924 487 tem
1949 443 2192 503 superat,
2215 433 2618 506 intelligamus?
2647 414 2805 490 Certe
2833 435 2880 490 si
2907 434 3109 490 hemini
3138 439 3383 506 pervium

149 522 259 575 base
283 563 299 586 ,
328 521 549 591 inquam
576 562 592 589 ,
623 525 843 578 nomina
885 532 1030 580 sunt.
1094 524 1198 581 Sed
1231 526 1428 580 divinae
1460 525 1714 581 Personae

147 612 272 666 sunt
299 611 514 681 quidem
540 613 791 679 nomina;
826 614 1046 667 nomina
1070 623 1247 670 tamen
1275 625 1403 671 sunt
1429 614 1709 683 Personas;

146 701 395 757 Personae
427 700 645 757 demum
679 702 983 772 signiﬁcant
1032 702 1087 757 id
1134 705 1279 774 quod
1320 711 1406 759 est
1445 712 1500 758 et
1532 705 1713 759 subsi-

146 795 265 860 stit,
301 808 422 864 quae
444 803 528 848 est
551 794 785 848 essentia
826 793 941 849 Dei.
1005 792 1211 849 Nomen
1248 809 1467 863 quoque
1498 804 1713 850 naturae

145 886 415 956 signiﬁcat
456 885 863 941 subsistentiam
892 924 907 950 ,
958 886 1123 941 veluti
1173 886 1219 940 si
1249 886 1496 941 dicamus
1527 887 1708 941 homi-

144 993 287 1031 nem.
345 976 565 1032 Cunctae
593 975 883 1046 (Persona)
918 987 1024 1030 una
1071 989 1264 1033 natura
1300 986 1447 1044 sunt,
1483 994 1589 1031 una
1623 994 1710 1033 es-

141 1069 335 1134 sentia,
388 1083 495 1122 una
522 1069 794 1129 voluntas,
836 1069 1283 1138 appellanturque
1316 1067 1556 1123 Trinitas
1584 1084 1710 1124 san-

140 1168 248 1223 cta,
295 1174 415 1227 quae
446 1166 573 1213 sunt
604 1158 823 1212 nomina
869 1146 1237 1225 subsistentia,
1287 1174 1394 1213 una
1424 1166 1618 1213 natura
1651 1159 1707 1214 in

140 1251 316 1304 tribus
344 1250 621 1313 Personis,
652 1265 715 1303 ac
742 1265 912 1319 genus
941 1266 1129 1303 unum.
1155 1248 1279 1303 Filii
1306 1265 1433 1305 vero
1460 1248 1702 1306 Persona

139 1343 291 1397 unita
320 1352 422 1409 est,
457 1357 650 1411 nempe
676 1358 842 1396 unum
876 1357 942 1396 ex
971 1342 1206 1405 duobus,
1242 1342 1295 1395 id
1321 1350 1403 1396 est
1424 1342 1706 1398 divinitate

137 1434 303 1490 simul
336 1442 389 1489 et
414 1433 768 1497 humanitate,
819 1448 940 1502 quae
973 1432 1093 1487 duae
1128 1447 1296 1486 unum
1345 1432 1701 1487 constituunt.

135 1523 325 1596 Neque
349 1534 528 1579 tamen
560 1525 687 1579 hinc
709 1524 963 1579 divinitas
991 1524 1160 1579 ullum
1183 1523 1379 1594 accipit
1402 1523 1707 1579 incremen-

109 1626 290 1683 tum,
326 1618 421 1672 sed
451 1615 689 1671 Trinitas
736 1625 918 1671 manet
962 1625 1124 1685 prout
1147 1626 1284 1669 erat.
1333 1613 1411 1670 Ne
1451 1615 1705 1670 Personis

137 1710 381 1779 quidem,
408 1725 512 1764 seu
539 1709 871 1774 nominibus,
906 1724 1105 1762 novum
1139 1707 1343 1777 aliquid
1369 1708 1585 1773 accidit,
1610 1708 1703 1763 sed

135 1818 212 1857 ea:
235 1811 453 1856 aaterna:
481 1811 627 1868 sunt,
650 1810 702 1856 et
730 1801 847 1856 sine
871 1810 1130 1870 tempore.
1166 1798 1336 1854 Nemo
1356 1810 1536 1855 tamen
1562 1800 1706 1870 ipsas

135 1904 262 1949 ante
294 1908 623 1963 cognoscere
656 1894 825 1948 valuit
865 1908 1029 1963 quam
1063 1891 1232 1946 Filius
1262 1906 1391 1946 caro
1416 1890 1591 1947 factus
1611 1907 1706 1947 eas

134 1984 508 2041 manilestavit
535 1984 720 2039 dicens
745 2002 760 2039 :
792 1983 975 2048 Pater,
994 1984 1328 2053 manifestavi
1348 1999 1534 2038 nomen
1558 1992 1706 2037 tuum

134 2078 468 2142 hominibus;
506 2077 746 2146 clari/ica
768 2093 848 2131 me
872 2086 926 2129 tu
956 2093 1176 2148 quoque,
1203 2086 1259 2129 ut
1290 2084 1603 2146 cognoscant
1627 2092 1706 2129 me

134 2170 346 2224 Filium
397 2179 543 2223 tuum
573 2172 638 2224 ⁸⁷.
702 2168 759 2222 1η
806 2178 989 2223 monte
1031 2177 1213 2223 autem
1248 2167 1410 2223 Pater
1454 2168 1708 2223 clamavit

133 2265 325 2319 dicens
358 2282 373 2320 :
407 2264 511 2318 Hic
550 2272 627 2318 est
661 2263 835 2318 Filius
882 2279 1026 2318 meus
1076 2262 1299 2317 dilectus
1332 2262 1397 2316 ³⁸.
1451 2262 1707 2331 Idemque

134 2372 303 2427 super
345 2354 636 2410 Jordanem
688 2354 947 2425 Spiritum
1010 2364 1256 2409 sanctum
1317 2368 1477 2408 suum
1533 2352 1702 2407 misit.

134 2451 317 2521 Atque
348 2449 422 2503 ita
450 2450 609 2504 nobis
652 2448 1083 2503 demonstratum
1118 2447 1221 2502 fuit
1244 2487 1259 2512 ,
1296 2445 1616 2501 Trinitatem
1649 2447 1705 2501 in

131 2543 253 2613 pari
285 2542 498 2597 honore
522 2557 642 2597 esse
670 2542 1076 2611 sempiternam.
1100 2540 1270 2596 Perro
1299 2539 1421 2595 Filii
1455 2556 1522 2595 ex
1546 2539 1706 2595 Patre

131 2635 416 2706 generatio
459 2632 1024 2703 incomprehensibilis
1062 2640 1146 2688 est
1180 2642 1342 2703 atque
1374 2631 1703 2700 ineﬂ'abilis;

129 2735 179 2780 et
229 2727 366 2796 quia
414 2725 672 2795 spiritalis
703 2733 821 2792 est,
856 2725 1119 2780 scrutinio
1164 2723 1224 2779 ﬁt
1273 2724 1568 2794 impervia;
1616 2738 1705 2779 res

128 2818 279 2871 enim
318 2816 580 2887 spiritalis
624 2833 800 2888 neque
828 2817 1052 2888 intelligi
1082 2824 1261 2887 potest
1285 2832 1316 2871 a
1350 2832 1409 2872 re
1434 2816 1704 2886 corporali

129 2920 317 2975 neque
370 2905 627 2977 vestigari
662 2925 676 2961 :
706 2906 864 2978 longe
908 2908 1054 2962 enim
1100 2907 1153 2962 id
1178 2908 1347 2977 abest
1371 2906 1441 2961 ab
1465 2906 1706 2961 humana

126 3009 354 3053 natura.
382 2996 494 3053 Nos
516 2999 733 3069 quidem
765 2999 1011 3055 hamines
1030 2999 1434 3071 generationem
1462 3007 1705 3054 nostram

1815 533 1963 579 esset
1989 527 2306 596 mysterium
2340 526 2466 592 hoc,
2500 542 2847 597 nequaquam
2880 528 3038 582 divus
3061 529 3385 584 allirmasset

1814 612 2051 669 Joannes
2080 634 2093 669 :
2128 615 2297 669 Deum
2328 634 2477 671 nemo
2523 618 2655 672 vidit
2690 634 2921 687 unquam
2946 619 3011 671 3°.
3071 616 3243 684 Quem
3274 635 3379 691 igt-

1814 712 1905 758 tur
1932 721 2094 760 nemo
2126 723 2369 777 unquam
2408 708 2576 774 vidit,
2628 708 2675 763 is
2717 709 2936 763 cuinam
2980 708 3174 765 similis
3218 726 3379 781 repu-

1814 796 2013 851 tandus
2040 808 2144 861 est,
2165 809 2227 853 ut
2247 800 2369 855 inde
2394 800 2793 871 generationem
2817 801 2935 870 ejus
2953 804 3383 873 cognoscamus?

1812 884 1879 940 Et
1910 903 2010 943 nos
2038 890 2258 959 quidem
2305 892 2424 946 sine
2468 890 2818 962 ambiguitate
2843 893 3223 962 cognoscimus
3258 896 3382 949 ani-

1810 994 1957 1034 mam
2003 991 2245 1037 nostram
2296 983 2349 1037 in
2386 983 2543 1038 nobis
2588 983 2840 1039 habitare
2874 986 3089 1054 corpori
3137 987 3381 1055 unitam;

1811 1071 1904 1125 sed
1940 1080 2119 1127 tamen
2147 1074 2269 1143 quis
2299 1077 2537 1129 animam
2571 1090 2727 1129 suam
2760 1092 3000 1145 unquam
3033 1077 3204 1132 vidit?
3258 1081 3383 1149 quis

1809 1162 1929 1231 ejus
1954 1179 2079 1217 cum
2110 1179 2339 1235 corpore
2369 1167 2811 1235 conjunctionem
2850 1169 3122 1237 dispicere
3167 1173 3385 1239 potuit?

1808 1251 1863 1307 ld
1902 1270 2071 1308 unum
2104 1271 2298 1325 nempe
2329 1259 2749 1327 cognoscimus,
2799 1260 3035 1313 animam
3087 1261 3228 1316 intra
3282 1279 3383 1320 nos

1807 1360 1927 1400 esse
1958 1346 2173 1415 corpori
2201 1347 2530 1416 copulatam.
2597 1348 2689 1405 Sic
2712 1364 2840 1420 ergo
2868 1351 3147 1420 arguimus
3174 1362 3228 1406 et
3260 1370 3384 1409 cre-

1806 1436 1988 1491 dimus
2008 1436 2247 1492 Verbum
2280 1454 2309 1493 a
2332 1438 2493 1495 Patre
2523 1455 2645 1496 esse
2672 1452 3013 1512 generatum,
3040 1445 3169 1513 quin
3199 1447 3274 1500 rei
3302 1458 3385 1501 ta-

1812 1543 1937 1582 men
1982 1529 2251 1584 rationem
2284 1532 2617 1601 exploratam
2666 1534 2961 1589 habeamus
2994 1536 3076 1589 vel
3120 1530 3391 1593 sciamus.

1809 1618 1990 1691 Ipsum
2022 1632 2104 1677 est
2128 1632 2253 1677 ante
2281 1638 2499 1679 omnem
2526 1633 2858 1691 creaturam,
2893 1628 3282 1696 sempiternum
3314 1631 3383 1684 de

1809 1714 2165 1784 sempiterno,
2213 1731 2310 1771 ceu
2342 1716 2545 1771 fontem
2570 1732 2601 1771 a
2630 1715 2804 1785 fonte,
2840 1728 2892 1772 et
2921 1719 3102 1773 lumen
3127 1720 3194 1774 de
3216 1722 3383 1775 lumi«

1808 1820 1896 1859 ne.
1952 1804 2214 1875 Equidem
2247 1807 2573 1862 vocabulum
2622 1807 2831 1861 verbum
2868 1809 2935 1863 ad
2977 1810 3067 1863 illa
3096 1810 3196 1864 tria
3221 1813 3384 1881 ρεισιῙά

1807 1904 1900 1950 net
1936 1897 2229 1951 verborum
2261 1912 2459 1966 genma
2500 1914 2619 1968 quae
2661 1898 2716 1952 in
2761 1899 3059 1969 Scripturis
3096 1902 3383 1958 nominan-

1811 1995 1921 2051 tur,
1978 2002 2153 2058 neque
2194 1990 2575 2045 substantialia
2611 1999 2759 2055 sunt,
2800 2006 2991 2060 nempe
3020 1992 3100 2056 (τὸ
3126 1994 3245 2046 κατ’
3297 1995 3382 2048 ἕν-

1804 2076 1997 2149 νοιαν),
2035 2084 2389 2152 προφορικδν,
2411 2090 2573 2152 atque
2589 2081 2867 2153 ἀρθρικόν.
2890 2083 2984 2153 (Τὸ
3012 2085 3131 2137 κατ’
3151 2085 3377 2155 ἔννοιαν)

1806 2177 1951 2222 certe
1995 2182 2106 2223 non
2152 2179 2237 2224 est
2279 2172 2656 2227 substantiale.
2698 2174 3035 2245 Προφορικὺν
3068 2186 3247 2231 autem
3295 2188 3381 2234 est

1806 2257 1898 2313 illa
1928 2274 2031 2314 vox
2063 2276 2226 2330 quam
2253 2277 2281 2315 a
2313 2263 2420 2318 Deo
2445 2263 2675 2319 audiunt
2701 2267 2994 2335 pr0phetae,
3018 2283 3112 2322 seu
3143 2270 3377 2338 praphe-

1805 2351 1949 2408 ticus
1980 2353 2095 2423 ipse
2118 2368 2338 2421 sermo;
2379 2370 2443 2411 ac
2472 2373 2540 2413 ne
2572 2359 2906 2429 hic'quidem
2936 2369 3020 2415 est
3043 2361 3389 2417 substantia-3

1805 2441 1892 2497 lis.
1951 2442 2193 2515 Denique
2222 2446 2510 2518 ἀρθρικὺν,
2548 2458 2635 2505 est
2661 2466 2844 2506 sermo
2874 2452 3147 2508 humanus
3172 2453 3225 2507 in
3255 2444 3379 2510 aerei

1805 2533 2144 2599 eﬂ‘ormatus,
2192 2537 2375 2593 verbis
2422 2548 2703 2608 constans,
2747 2538 2841 2611 qui
2885 2542 3088 2612 pariter
3118 2542 3260 2598 haud
3295 2554 3380 2599 est

1805 2623 2181 2682 substantialis
2206 2626 2306 2698 (8).
2331 2626 2717 2686 Verumtamen
2744 2630 2840 2687 Dei
2863 2630 3099 2687 Verbum
3127 2634 3380 2691 substan—

1807 2710 1935 2769 tiale
1982 2724 2100 2784 est,
2143 2718 2359 2774 excelsa
2390 2718 2679 2790 validaque
2726 2731 2921 2777 natura
2951 2724 3272 2793 przeditum,
3326 2735 3381 2780 ct

1806 2821 1932 2862 cum
1969 2809 2087 2880 ipso
2112 2819 2371 2866 aeternum
2402 2821 2485 2867 est
2509 2852 2523 2876 ,
2570 2820 2733 2882 atque
2773 2813 2843 2868 ab
2881 2814 3071 2870 eodem
3102 2794 3381 2886 inseparaa

1808 2896 1937 2964 bile,
1962 2915 2137 2971 neque
2162 2902 2487 2971 periturum,
2516 2903 2611 2957 sed
2635 2905 2964 2973 sempiterna
2990 2905 3381 2976 conjunctione

1808 3004 2153 3046 mansurum.
2214 2991 2451 3047 Verbum
2488 2993 2594 3048 hoc
2622 2995 2820 3049 coelum
2846 2996 3051 3053 creavit
3074 3006 3128 3052 et
3155 3007 3375 3062 terram,

127 3088 539 3162 cognoscimus,
575 3090 717 3146 sicut
746 3090 975 3145 aliarum
1006 3102 1223 3161 quoque
1254 3096 1473 3157 rerum;
1505 3094 1593 3145 res
1623 3099 1702 3145 ta-
1728 3106 1770 3165 α
1807 3089 1862 3138 et
1888 3084 1942 3138 in
1971 3083 2089 3153 ipso
2115 3083 2254 3139 facta
2284 3094 2412 3139 sunt
2440 3086 2646 3141 omnia.
2700 3086 2793 3141 Est
2818 3087 2921 3141 hoc
2953 3088 3240 3143 brachium
3276 3092 3381 3144 vir-
3441 3080 3444 3089 ⁴

125 3196 252 3235 men
292 3180 555 3249 spiritalis
586 3195 751 3249 supra
781 3184 1073 3235 humanam
1095 3181 1456 3237 conditionem
1480 3190 1583 3248 est,
1606 3196 1702 3235 ne-

124 3288 233 3341 que
264 3272 385 3327 ullo
412 3273 573 3328 modo
601 3273 671 3327 ab
699 3273 982 3328 hominum
1030 3274 1304 3329 mentibus
1332 3282 1513 3344 potest
1544 3273 1702 3329 intel-

123 3363 242 3430 ligi.
317 3362 590 3433 Spiritalis
637 3366 939 3419 substantia
968 3365 1145 3435 perire
1173 3366 1360 3436 nequit
1386 3381 1562 3437 neque
1589 3366 1702 3423 dis-

124 3455 307 3522 solvi;
343 3463 529 3510 nostra
555 3463 757 3520 autem,
789 3464 975 3525 utpote
1006 3456 1181 3511 facilis
1213 3458 1511 3524 intellectu,
1558 3459 1701 3528 perit

120 3555 294 3616 atque
347 3546 679 3601 dissolvitur.
728 3546 833 3613 Qui
865 3547 1013 3602 enini
1057 3547 1172 3603 ﬁeri
1211 3557 1416 3619 potest,
1449 3559 1509 3605 ut
1539 3550 1701 3606 homo

120 3634 215 3702 qui
248 3648 357 3688 sex
380 3633 640 3688 lateribus
688 3634 1152 3703 circumcluditur,
1187 3638 1415 3703 oriente,
1450 3639 1701 3694 occiden-

121 3736 173 3780 te
192 3766 209 3791 ,
240 3726 418 3781 borea
439 3765 454 3789 ,
487 3735 705 3791 austro,
740 3729 935 3798 abysso
956 3772 969 3795 ,
1016 3737 1070 3783 et
1096 3730 1234 3786 cmlo
1252 3770 1267 3792 ,
1294 3746 1408 3785 rem
1437 3730 1702 3802 intelligat

116 3832 241 3885 quae
270 3831 446 3885 supra
476 3816 644 3873 caelos
675 3826 791 3883 est,
827 3816 967 3872 infra
1018 3818 1275 3889 abyssos,
1307 3819 1448 3874 ultra
1477 3820 1699 3875 boream

116 3916 172 3961 et
200 3915 471 3963 austrum
511 3908 883 3977 protenditur,
917 3924 1144 3978 quaeque
1179 3909 1328 3963 omni
1374 3910 1493 3964 loco
1524 3910 1696 3976 adest,

112 4010 169 4055 et
200 4014 437 4054 omnem
484 3998 717 4067 complet
747 3997 1109 4053 vacuitatem?
1152 3997 1306 4064 Quod
1333 4014 1378 4054 sn
1408 4014 1508 4055 nos
1541 4000 1700 4069 spiri-

116 4096 288 4150 talem
329 4092 690 4148 substantiam
720 4100 952 4149 serutari
980 4091 1283 4147 valeremns
1303 4133 1318 4158 ,
1351 4091 1471 4161 ejus
1513 4093 1701 4162 utique

107 4186 451 4243 excellentia
486 4185 774 4255 deperiret.
802 4183 1223 4241 Consideremus
1247 4201 1369 4254 quae
1392 4188 1445 4240 in
1474 4202 1701 4256 corpore

108 4291 317 4338 nostro
347 4280 501 4341 ﬁunt,
528 4296 590 4335 ac
616 4295 778 4350 porro
806 4279 1086 4335 videamus
1110 4289 1293 4334 utrum
1319 4280 1476 4335 nobis
1498 4295 1700 4351 cogno-

105 4392 271 4430 scere
311 4374 479 4427 liceat
511 4373 788 4442 quomodo
820 4388 887 4426 ex
914 4372 1078 4427 corde
1103 4372 1396 4443 gignantur
1422 4372 1703 4442 cogitatio-

1808 3182 2003 3243 tusque
2031 3174 2162 3238 Dei,
2210 3190 2237 3229 a
2270 3173 2429 3228 Patre
2464 3183 2682 3244 propter
2709 3174 3093 3231 indivisibilem
3125 3178 3377 3231 naturam

1803 3281 2081 3336 nunquam
2131 3266 2515 3334 separandum,
2566 3274 2621 3320 et
2664 3281 2789 3320 cum
2820 3266 2940 3336 ipso
2984 3265 3145 3322 Patre
3183 3283 3377 3324 carens

1803 3358 2094 3428 principio.
2146 3356 2260 3411 Hoc
2306 3368 2550 3413 nostram
2601 3357 2668 3413 de
2691 3356 2861 3412 Maria
2888 3356 3111 3429 Virgine
3143 3363 3378 3428 sumpsit

1805 3450 2196 3517 substantiam;
2229 3458 2284 3503 et
2312 3459 2584 3520 quatenus
2609 3450 2826 3521 quidem
2861 3450 3103 3520 spiritale
3133 3459 3236 3519 est,
3268 3449 3373 3505 Pa-

1804 3543 1874 3596 tri
1916 3550 1997 3596 est
2020 3540 2422 3597 indivisibiliter
2456 3542 2698 3611 aequale;
2730 3551 2999 3612 quatenus
3023 3558 3153 3597 vero
3179 3558 3375 3612 corpo-

1804 3642 2000 3697 reum,
2057 3633 2213 3688 nobis
2274 3634 2474 3703 pariter
2528 3633 2737 3703 aequale
2787 3642 2873 3688 est
2918 3634 3371 3704 inseparabiliter.

1804 3722 2123 3794 Rursusque
2171 3734 2438 3795 quatenus
2470 3724 2713 3795 spiritale
2737 3734 2853 3790 est,
2904 3726 3204 3795 zequipa‘rat
3252 3741 3379 3781 san-

1804 3827 1952 3872 ctum
1984 3818 2247 3888 Spiritum
2284 3818 2723 3888 inseparabiliter
2749 3826 2803 3873 et
2841 3818 2959 3872 sine
2987 3819 3237 3873 termino.
3270 3817 3381 3872 Ne-

1803 3922 1910 3977 que
1936 3907 2056 3961 duae
2080 3915 2267 3972 erant,
2318 3907 2414 3961 sed
2451 3905 2611 3961 unica
2637 3904 2922 3963 Trinitatis
2948 3914 3149 3964 saneta:
3177 3918 3375 3964 natura

1803 4009 1931 4054 ante
1966 3998 2088 4053 Filii
2122 3999 2285 4054 Verbi
2319 3999 2780 4067 incarnationem;
2835 4008 3003 4069 atque
3032 3998 3190 4056 unica
3216 4017 3376 4056 man-

1804 4092 1877 4145 sit
1902 4099 2095 4145 natura
2127 4088 2410 4146 Trinitatis
2436 4090 2598 4146 etiam
2631 4099 2754 4162 post
2774 4089 2897 4146 Filii
2919 4092 3372 4148 incarnationem.

1806 4182 2001 4253 Siquis
2019 4198 2148 4237 vero
2177 4184 2476 4239 accessisse
2507 4184 2898 4238 incrementum
2927 4182 3179 4239 Trinitati
3205 4185 3377 4240 credit

1803 4285 2025 4347 propter
2051 4285 2393 4345 assumptam
2423 4292 2453 4331 a
2490 4275 2670 4330 Verbo
2698 4276 3115 4343 humanitatem,
3148 4278 3193 4333 is
3221 4294 3251 4331 a
3277 4294 3377 4333 no-

1807 4369 1892 4425 bis
1921 4369 2131 4424 alienus
2171 4377 2274 4433 est,
2304 4377 2358 4423 et
2383 4369 2451 4422 ab
2493 4366 2751 4423 Ecclesiae
2780 4368 3057 4423 catholicae
3077 4377 3129 4423 et
3153 4376 3372 4439 aposto-
3446 4428 3455 4437 ν

104 4488 233 4538 nes,
272 4468 453 4523 verba
486 4467 551 4522 de
582 4467 764 4537 lingua
784 4507 799 4532 ,
824 4475 877 4521 et
902 4465 1117 4522 similia.
1176 4463 1295 4518 Jam
1325 4465 1369 4518 si
1395 4464 1509 4518 [nec
1532 4506 1546 4530 ,
1581 4480 1701 4534 quae
1734 4441 1778 4497 Ῑ)
1806 4460 1922 4516 lica:
1944 4460 2268 4516 ministerio.
2334 4458 2460 4515 Haec
2481 4469 2564 4515 est
2588 4460 2720 4515 ﬁdes
2748 4460 2978 4531 integra,
3009 4468 3217 4535 sancta,
3250 4476 3379 4529 apo~
3457 4444 3463 4461 ⁷

100 4565 156 4619 in
192 4563 380 4618 nobis
414 4560 569 4624 ﬁunt,
603 4560 825 4615 minime
856 4557 1225 4628 agnoscimus,
1254 4560 1349 4625 qui
1375 4556 1490 4610 lieri
1526 4566 1703 4626 potest

100 4665 163 4711 ut
192 4653 452 4711 increati
467 4652 748 4709 Creatoris
773 4650 1119 4723 mysterium,
1139 4648 1286 4718 quod
1310 4662 1528 4702 omnem
1553 4662 1702 4702 men-

170 4836 218 4866 ³⁷
258 4832 439 4889 Jonn.
488 4843 619 4885 xvu.
730 4829 774 4861 ³⁸
814 4827 1002 4883 Matth.
1043 4844 1134 4890 ιιι,
1167 4826 1266 4893 l7;
1304 4818 1436 4880 Luc.
1473 4828 1562 4887 ix,
1607 4824 1697 4879 55.

1805 4555 1994 4612 stolica
2016 4553 2111 4609 Dei
2134 4555 2329 4610 sancti.
2355 4553 2501 4609 Laus
2526 4553 2778 4609 Trinitati
2807 4564 3006 4610 sanctae
3029 4555 3082 4609 in
3107 4562 3372 4609 mternum

1804 4664 1900 4719 per
1928 4646 2251 4703 saeculorum
2282 4647 2510 4703 saecula!
2552 4646 2744 4703 Amen.

1810 4824 1852 4856 ³⁹
1892 4822 2050 4879 Joan.
2089 4840 2127 4891 ι,
2166 4822 2253 4879 18.

165 4990 255 5061 (8)
307 4987 395 5042 De
421 4988 506 5041 his
532 4987 726 5057 legesis
758 4985 974 5043 Griecos
1000 4984 1189 5041 Patres
1215 4982 1356 5053 apud
1386 4981 1684 5046 Petavium,
1728 4978 1804 5035 De
1839 4978 2011 5047 Trin.,
2038 4980 2131 5036 lib.
2165 4996 2241 5035 νι.
