3876 6494
525 303 660 362 “27

1234 304 1291 360 s.
1331 291 1656 358 cnnconu
1691 285 2045 358 THAUMAT.
2092 297 2241 355 orr.
2279 295 2463 352 rans
2497 295 2795 351 ALTERA.
2837 325 2906 335 —
2943 295 3170 352 ouum.

525 537 3708 568 ΝΜ

1094 701 1438 835 ΤΟΥ

1583 695 2097 833 ΑΓΙΟΥ
2246 691 3208 828 ΓΡΗΓΟΡΙΟΥ

1366 945 1664 1062 ΤΟΥ
1721 941 2927 1060 ΘΑΥΜΑΤΟΥΡΓΟΥ

1154 1163 1718 1258 ΚΕΦΑΛΑΙΑ
1812 1169 2070 1255 ΠΕΡΙ
2165 1165 2638 1254 ΠΙΣΤΕΩΣ
2695 1156 3140 1252 ΔΩΔΕΚΑ

1007 1337 1104 1408 Ἓν
1151 1349 1242 1419 οἷς
1281 1353 1382 1407 καὶ
1424 1348 1899 1422 ἀναθεματισμὸς
1945 1352 2130 1403 κεῖται
2171 1347 2270 1401 καὶ
2303 1345 2587 1416 ἑρμηνεία
2618 1343 2854 1410 ἑκάστῳ
2896 1343 3306 1400 ὑποτέτακται.

788 1695 944 1851 S.
1093 1689 2018 1848 GREGORII
2150 1678 3532 1843 THAUMATURGI

1811 1983 2009 2108 DE
2121 1979 2480 2107 FIDE
3197 2001 3204 2008 '

1399 2236 2108 2361 CAPITULA
2181 2237 2918 2356 DUODEGIM

1041 2469 1122 2529 1η
1155 2466 1377 2548 quibus
1411 2475 1464 2527 et
1494 2463 2038 2526 anathematismus
2058 2463 2328 2542 ponitur
2360 2469 2413 2522 et
2461 2461 2799 2544 explicatio
2829 2459 3252 2542 subiungitur.

1177 2634 1362 2698 (Opera
1387 2631 1634 2690 Gretserl,
1661 2643 1698 2682 ι.
1721 2631 1824 2692 XV,
1847 2645 1895 2693 p.
1924 2629 2029 2679 45L.
2056 2629 2339 2680 Ratisbonae
2363 2630 2498 2692 17H,
2521 2631 2706 2692 in-iol.,
2733 2645 2798 2680 ex
2821 2629 2988 2681 codice
3011 2629 3123 2690 ms.)

1207 2935 1362 2993 CAP.
1399 2938 1436 2990 Ι.

609 3035 668 3092 Si
694 3036 816 3106 quis
840 3033 1035 3089 dixerit
1062 3047 1261 3102 corpus
1285 3031 1488 3086 Christi
1527 3045 1648 3086 esse
1691 3029 2014 3093 increatum,
2047 3039 2103 3084 et

536 3145 646 3186 non
679 3127 966 3185 confessus
997 3125 1162 3182 fuerit
1193 3127 1370 3195 ipsum
1406 3124 1706 3178 increatum
1740 3122 1834 3177 Dei
1867 3120 2102 3178 Verbum

533 3234 612 3273 ex
653 3227 834 3273 creata
885 3217 1226 3271 humanitate
1285 3215 1668 3278 iucarnatum,
1719 3211 2104 3282 hominemque

535 3311 739 3369 factum
759 3326 910 3377 esse,
942 3311 1084 3366 sicut
1110 3309 1374 3380 scriptum
1405 3318 1518 3372 est,
1550 3307 1837 3362 anathema
1857 3315 1994 3362 esto.

1159 3491 1480 3561 E.rplicatt'o.

606 3587 724 3654 Qua
759 3587 974 3641 ratione
1008 3585 1114 3641 dici
1157 3595 1336 3655 potest
1365 3599 1565 3653 corpus
1595 3583 1936 3638 increatum?
1967 3581 2104 3638 Nam

535 3678 681 3748 quod
709 3677 1009 3731 increatum
1034 3686 1148 3741 est,
1185 3676 1236 3730 id
1265 3676 1428 3730 etiam
1467 3675 1738 3744 passionis
1760 3690 1955 3744 expers
1983 3683 2066 3729 est
2087 3713 2102 3738 ,

538 3783 712 3839 neque
749 3768 1018 3822 vulnerari
1045 3807 1060 3834 ,
1098 3783 1274 3838 neque
1297 3769 1442 3839 tangi
1495 3777 1691 3837 potest.
1749 3767 1818 3822 At
1853 3767 2105 3822 Christus

538 3876 828 3930 resurgens
873 3875 939 3914 ex
979 3861 1245 3925 mortuis,
1297 3861 1622 3916 monstravit
1661 3859 1946 3930 discipulis
1991 3860 2106 3914 suis

536 3951 762 4022 vestigia
799 3952 1074 4006 clavorum
1094 3993 1108 4018 ,
1133 3951 1332 4007 vulnus
1362 3967 1392 4004 a
1418 3952 1608 4006 lancea
1648 3951 1912 4006 inﬂictum
1931 3993 1948 4016 ,
1979 3965 2103 4006 cor-

539 4057 747 4112 pusque
776 4058 935 4096 suum
969 4042 1296 4112 palpandum
1330 4044 1592 4113 praabuit,
1615 4058 1928 4113 quanquam
1953 4042 2105 4096 clau-

537 4135 614 4188 sis
637 4135 821 4204 jauuis
869 4135 1188 4205 ingressus,
1236 4145 1296 4190 ut
1341 4137 1651 4195 ostenderet
1699 4146 1752 4190 et
1801 4136 2102 4190 divinitatis

537 4227 909 4296 operationem
937 4237 988 4280 et
1021 4227 1267 4296 corporis
1293 4229 1594 4283 veritatem.
1657 4231 1672 4290 (
1693 4227 1932 4282 Tametsi
1962 4226 2105 4282 Deus

2852 2933 3007 2988 ΚΕΦ.
3047 2937 3126 2989 Λ’.

2275 3029 2342 3082 Εἰ
2379 3045 2463 3091 τις
2505 3027 2653 3096 λέγει
2685 3028 2934 3082 ἄκτιστον
2967 3027 3026 3080 τὸ
3071 3027 3227 3098 σῶμα
3257 3027 3350 3082 τοῦ
3389 3029 3632 3102 Χριστοῦ,
3658 3027 3728 3084 καὶ

2207 3119 2281 3192 μὴ
2311 3120 2564 3190 ὁμολογεῖ
2590 3119 2751 3172 αὐτὸν
2783 3119 2872 3172 τὸν
2896 3119 3146 3174 ἄκτιστον
3187 3119 3278 3173 τοῦ
3304 3120 3442 3174 Θεοῦ
3469 3121 3634 3194 [Θεὸν]
3653 3121 3730 3174 Λό-

2203 3229 2299 3281 γον
2323 3214 2388 3264 ὲκ
2411 3211 2509 3281 τῆς
2547 3210 2769 3282 κτιστῆς
2807 3212 2902 3264 ἀνθ
2913 3213 3218 3284 ρωπότητος
3241 3213 3340 3284 τὴν
3381 3213 3640 3285 σάρκωσιν
3659 3212 3730 3265 καὶ

2202 3309 2302 3378 ’τὴν
2337 3303 2743 3376 ὲνανθρὼπησιν
2781 3305 3208 3376 ἐπιδειξάμενον,
3239 3304 3423 3382 modo;
3451 3308 3728 3379 γέγραπται.

2205 3397 2452 3469 ἀνάθεμα
2484 3397 2624 3450 ἔστω
2649 3396 3192 3470 [ἁναθεματιζέσθω].

2834 3490 3160 3560 Ἐρμηνεία.

2277 3583 2402 3647 Πῶς
2443 3583 2488 3636 δ’
2525 3582 2590 3636 ἂν
2621 3580 2776 3654 [γὰρ]
2825 3581 3032 3651 λέγοιτο
3071 3584 3324 3640 ἅκτιστον
3363 3584 3428 3638 τὸ
3471 3583 3648 3655 σῶμα;
3679 3579 3732 3634 Τὸ

2206 3675 2315 3748 γὰρ
2353 3677 2626 3738 ἄκτιστον,
2668 3674 2896 3740 ἀπαθὲς,
2930 3677 3188 3748 ἄτρωτον,
3235 3675 3600 3750 ἁψηλάφῃτον.
3633 3675 3732 3744 Χρι-

2209 3767 2332 3830 στὸς
2361 3767 2418 3819 δὲ
2453 3770 2517 3820 ἐκ
2556 3766 2767 3838 νεκρῶν
2805 3768 3061 3834 ἀναστὰς,
3095 3769 3262 3822 τύπον
3305 3770 3475 3840 ἥλων,
3509 3771 3598 3824 καὶ
3621 3767 3732 3832 νύξιν

2206 3858 2405 3931 λόγχης
2458 3857 2552 3913 καὶ
2597 3859 2904 3930 ψηλάφησιν
2959 3859 3207 3932 σώματος
3255 3861 3521 3936 [σώματι]
3569 3859 3734 3916 ἐπεδεὶ-

2207 3968 2368 4006 κνυτο
2407 3954 2518 4014 τοῖς
2551 3953 2840 4022 μαθηταῖς,
2882 3954 3058 4007 καίτοι
3095 3955 3203 4008 τῶν
3246 3955 3430 4026 θυρῶν
3463 3954 3734 4022 κεκλεισμὲο

2207 4059 2311 4094 νων
2345 4041 2619 4108 εἰσελθὼν,
2651 4043 2762 4095 ἀλλ’
2807 4043 2892 4098 ἵνα
2929 4043 3078 4118 δείξῃ
3121 4045 3344 4117 καὶτῆς
3389 4047 3628 4116 θεότητος
3659 4045 3734 4112 τὴν

2208 4131 2508 4201 ἐνέργειαν,
2553 4133 2645 4185 καὶ
2689 4131 2782 4185 τοῦ
2843 4133 3092 4204 σώματος
3133 4135 3232 4206 τὴν
3287 4137 3566 4209 ἀλήθειαν.
3609 4134 3735 4205 (K45-

2209 4237 2288 4274 τοι
2324 4223 2397 4293 (9)
2427 4223 2559 4286 Θεὸς
2587 4223 2681 4288 ὢν,
2715 4223 3002 4296 ἄνθρωπος
3031 4227 3354 4298 ὲγνωρίξετο
3389 4229 3640 4299 φυσικῶς,
3665 4225 3732 4277 ιιὶ

538 4327 656 4371 erat
683 4356 700 4381 ,
733 4334 859 4373 vere
889 4327 1068 4374 tamen
1092 4322 1490 4390 agnoscebatur
1519 4323 1684 4376 homo
1710 4339 1725 4388 ;
1769 4331 1824 4376 et
1849 4337 1972 4376 cum
2002 4321 2102 4375 ho-
2131 4342 2175 4401 Β

2223 4311 2490 4384 ἱνθρωπος
2522 4315 2778 4386 ὑπάρχων
2810 4318 3043 4390 ἀληθῶς,
3084 4319 3215 4384 Θεὸς
3242 4323 3356 4385 τοῖς
3399 4322 3576 4392 ἔργοις
3613 4317 3734 4388 ἐφαί-

541 4423 632 4462 mo
661 4423 786 4464 vere
816 4420 960 4465 esset
986 4451 1003 4479 ,
1038 4411 1181 4468 Deus
1203 4429 1268 4468 ex
1293 4414 1427 4484 ipsis
1456 4417 1570 4468 suis
1591 4413 1895 4468 actionibus
1937 4427 2104 4482 appa-

541 4499 736 4571 vehat.)

1184 4594 1334 4650 CAP.
1372 4595 1438 4648 ΙΙ.

613 4683 671 4738 Si
695 4685 818 4754 quis
847 4684 1046 4740 dixerit
1080 4701 1296 4742 carnem
1345 4686 1545 4741 Christi
1585 4703 1704 4743 esse
1745 4688 2106 4741 consubstan-

541 4777 724 4831 tialem
757 4777 1048 4844 divinitati,
1081 4789 1134 4833 et
1161 4795 1266 4833 non
1313 4779 1597 4834 confessus
1625 4778 1789 4836 fuerit
1823 4779 2102 4836 Christum

543 4868 596 4920 in
657 4867 831 4922 forma
883 4867 976 4923 Dei
1025 4867 1192 4924 Deum
1237 4881 1496 4924 aeternum
1535 4885 1676 4934 esse,
1717 4879 2106 4939 assumptaque

542 4959 685 5013 servi
719 4957 893 5012 forma
919 4973 978 5014 se
1003 4959 1332 5014 exinaniisse
1352 5001 1366 5024 ,
1400 4961 1688 5014 anathema
1721 4971 1860 5014 esto.

1170 5051 1490 5122 Explicat-io.

613 5139 892 5206 Quomodo
918 5157 1046 5196 caro
1079 5142 1132 5196 in
1168 5151 1408 5212 tempore
1439 5144 1652 5198 condita
1684 5143 1925 5214 ejusdem
1974 5144 2104 5198 sub-

545 5231 879 5286 stanlimdici
908 5243 1082 5301 potest
1114 5249 1235 5288 cum
1265 5235 1591 5305 sempiterna
1614 5235 1931 5289 divinitate?
1955 5234 2101 5288 Con-

545 5324 902 5378 sulistantiale
937 5325 1080 5378 enim
1115 5327 1434 5396 appellatur,
1472 5329 1616 5397 quod
1653 5329 1771 5383 sine
1797 5329 2104 5382 variatione
2143 5335 2152 5342 ’

544 5423 596 5469 et
624 5417 1000 5473 vicissitudine
1029 5417 1168 5471 idem
1199 5428 1282 5472 est
1323 5429 1514 5473 natura
1543 5429 1594 5474 et
1627 5423 1946 5476 aeternitate.

1167 5509 1318 5568 CAP.
1355 5510 1442 5566 lii.

618 5592 675 5647 Si
716 5595 838 5665 quis
885 5597 1082 5652 dixerit
1108 5595 1427 5668 Christum,
1483 5601 1656 5656 instar
1699 5602 1970 5674 prophetae
2008 5619 2102 5658 eu-

2212 4422 2348 4458 νετο.

2861 4593 3014 4648 ΚΕΦ.
3052 4596 3125 4650 B'.

2281 4681 2349 4735 Εἴ
2368 4699 2449 4746 τις
2475 4677 2622 4750 λέγει
2649 4681 2824 4755 σάρκα
2855 4683 2946 4736 τοῦ
2975 4684 3205 4756 Χριστοῦ
3229 4685 3512 4755 duae-56:0»)
3543 4683 3634 4753 τῆς
3655 4679 3738 4732 Θεό-

2211 4793 2388 4846 τητος,
2420 4777 2510 4830 καὶ
2553 4775 2626 4847 μὴ
2659 4777 2907 4847 ὁμολογεῖ
2937 4779 3098 4832 αὑτὸν
3125 4779 3182 4832 ἐν
3216 4782 3397 4849 μορφῇ
3431 4778 3560 4832 Θεοῦ
3595 4775 3736 4841 ὑπάρ-

2211 4883 2373 4938 χοντα
2404 4869 2532 4921 Θεὸν
2573 4869 2912 4939 προαιώνιον,
2957 4873 3050 4925 καὶ
3099 4871 3286 4925 ἑαυτὸν
3328 4873 3630 4925 κενώσαι-ιντο.
3669 4867 3738 4920 κεὶ

2211 4959 2440 5013 λαϐόντα
2469 4959 2652 5013 δούλου
2687 4960 2917 5032 μορφὴν,
2941 4959 3120 5025 καθὼς
3165 4959 3493 5034 γέγραπται,
3527 4959 3738 5026 ἀνάθεμι

2212 5050 2349 5102 ἔστω
2388 5049 2929 5122 [ἁναθεματιζέσοω).

2834 5145 3154 5213 Ἑρμηνειά.

2281 5235 2402 5298 Πῶς
2429 5236 2483 5288 δὲ
2515 5237 2547 5308 ἡ
2592 5236 2728 5307 μετὰ
2761 5237 2949 5309 χρόνον
2986 5238 3120 5310 σὰρξ
3164 5239 3446 5309 ὁμοοὺσιος
3473 5239 3535 5292 ἂν
3561 5237 3738 5304 legam

2211 5327 2306 5398 τῆς
2345 5329 2571 5399 ἀχρόνου
2615 5330 2896 5402 Θεότητος;
2953 5331 3262 5402 Ὀμοοὺσιον
3303 5333 3412 5404 γὰρ
3455 5333 3657 5398 λέγεται
3693 5323 3738 5376 τδ

2207 5421 2399 5474 ’ταυτὸν
2431 5425 2495 5492 τῇ
2529 5420 2684 5491 φύσει
2714 5425 2806 5476 καὶ
2837 5425 2901 5493 τῇ
2936 5425 3192 5495 ἀῖδιὸτητι
3217 5425 3654 5496 ἀπαραλλάκτως.

2863 5515 3016 5567 ΚΕΦ.
3053 5517 3124 5568 Γ’.

2279 5605 2347 5658 Εἴ
2368 5623 2451 5670 τις
2477 5605 2622 5676 λέγει
2645 5606 2924 5678 ἄνθρωπον
2943 5607 3140 5663 τέλειον
3163 5609 3499 5683 ἀνειληφέναι
3521 5609 3610 5662 τὸν
3631 5606 3742 5676 X9:-

617 5733 694 5805 (9)
727 5733 843 5791 Non
889 5718 1206 5798 erantduec
1249 5743 1300 5797 in
1362 5745 1651 5815 exemplari
1701 5755 2011 5816 pel-vetusto
2045 5755 2096 5802 ct
2145 5751 2452 5804 emendato.

3605 297 3724 354 H28
3835 381 3837 386 Ι
