3876 6514
164 311 294 366 ΙΙΞΩ

1341 303 1431 358 DE
1469 303 1621 358 FIDE
1655 304 1854 359 CAPIT
1860 302 1997 359 ULA
2036 301 2148 356 XII.

3249 296 3382 350 “30

161 434 299 497 στὸν,
325 431 396 494 ὡς
424 429 518 482 ἕνα
546 426 654 480 τῶν
682 423 994 496 προφητῶν,
1031 425 1124 478 καὶ
1163 423 1236 495 μὴ
1272 423 1522 494 ὁμολογεῖ
1563 423 1713 478 αὐτὸν

1825 423 2053 492 iuspiam
2075 462 2090 487 ,
2122 419 2417 489 perfectum
2448 415 2721 473 hominem
2751 416 3113 485 assumpsisse
3136 454 3152 476 .
3192 424 3246 470 et
3272 431 3384 470 non

157 530 220 599 τῇ
257 522 524 596 σαρκώσει
555 524 622 592 τῇ
651 522 714 573 ὲκ
759 518 1020 581 παθόντος
1049 518 1158 588 [ἷσ.
1190 519 1255 570 ἐκ
1295 516 1598 588 Παρθένου]
1622 532 1714 584 γε-

157 633 280 687 γενη
291 615 442 686 μένον
475 607 806 684 [γενόμενον]
832 607 1112 679 ἄνθρωπον
1140 607 1229 660 τὸν
1264 608 1318 660 ἐν
1359 605 1604 678 Βηθλεὲμ
1630 622 1716 659 τε-

159 709 365 782 χθέντα,
391 707 484 759 καὶ
520 708 577 758 ὲν
602 703 850 773 Ναζαρὲτ
881 701 1274 772 ἀνατραφέντα,
1310 698 1406 751 καὶ
1437 696 1716 769 προκοπὴν

159 799 364 872 ἡλικίας
392 794 813 864 ἐπιδειξάμενον,
847 793 941 847 καὶ
983 790 1189 863 χρόνων
1231 787 1523 858 ἁρίθμησιν
1554 803 1716 857 ποιη-

161 893 384 963 σάμενον
430 884 897 960 [ἐπιδειξάμενον],
945 885 1000 937 ὲν
1044 881 1281 954 Ἰορδάνῃ
1333 879 1713 950 βαπτισθέντα,

159 987 246 1040 καὶ
273 982 378 1036 ὑπὸ
405 980 498 1035 τοῦ
537 979 749 1051 Πατρὸς
784 973 1228 1049 μαρτυρηθένταο
1266 968 1453 1037 Οὗτός
1482 971 1652 1024 ἐστιν
1681 972 1715 1023 ό

165 1077 293 1143 Υἱός
314 1093 434 1145 μου
471 1075 504 1127 ὀ
541 1071 866 1141 ἀγαπητὸς,
896 1066 1077 1132 καθὼς
1108 1067 1436 1137 γέγραπται,
1469 1062 1716 1132 ἀνάθεμα

157 1167 290 1221 ἔστω
317 1158 860 1237 [ἀναθεματιζέσθω].

781 1251 1105 1319 Ἑρμηνεία.

221 1349 346 1410 Πῶς
380 1347 425 1400 δ’
453 1346 518 1400 ἂν
554 1344 764 1413 λέγοιτο
802 1342 1082 1414 ἄνθρωπον
1129 1339 1331 1392 τέλειον
1374 1336 1714 1408 ἀνειληφέναι

155 1450 238 1499 τὸν
275 1440 507 1514 Χριστὸν
533 1435 782 1510 [Κύριον]
815 1436 890 1497 ὡς
921 1434 1016 1486 ἕνα
1056 1431 1163 1486 τῶν
1209 1428 1522 1500 προφητῶν,
1551 1425 1713 1481 αὐτοῦ

156 1537 242 1590 τοῦ
292 1533 497 1604 Κυρίου
549 1526 834 1599 ἀνθρώπου
883 1524 1174 1595 γενομένου
1220 1525 1284 1594 τῇ
1329 1522 1392 1574 ὲκ
1439 1519 1712 1589 Παρθένου

158 1627 452 1700 σαρκώσει;
479 1623 569 1677 Διὸ
605 1621 930 1692 γέγραπται,
955 1619 1036 1670 ὅτι
1065 1619 1097 1670 ό
1139 1614 1368 1684 πρῶτος
1407 1613 1713 1682 ἅνθρωπος

1815 511 2098 566 confessus
2122 509 2285 563 fuerit
2309 524 2432 563 eum
2459 548 2474 573 ,
2519 517 2796 576 assumpta
2823 522 2986 561 carne
3018 523 3082 560 ex
3115 504 3335 575 Virgine
3361 546 3377 570 ,

1815 600 2091 654 hominem
2119 599 2363 662 factum,
2406 597 2458 651 in
2485 596 2798 652 Bethiehem
2829 605 3015 651 natum
3044 638 3058 661 ,
3116 595 3170 650 in
3206 595 3382 650 Naza-

1815 691 1932 744 reth
1953 690 2242 746 educatum
2264 731 2279 754 ,
2308 697 2464 743 aetate
2489 688 2816 757 profecisse,
2843 690 3207 758 temporisque
3233 706 3379 744 eom-

1816 782 1957 852 pleto
1983 799 2146 838 cursu
2175 784 2229 836 in
2252 780 2484 836 Jordane
2508 781 2838 850 baptizatum
2870 797 2991 835 esse
3018 822 3034 844 ,
3082 792 3134 835 et
3163 797 3191 834 a
3218 780 3378 835 Patre

1816 874 2183 929 testimonium
2212 874 2315 927 hoc
2345 873 2620 941 accepisse
2645 892 2659 928 :
2695 873 2795 925 llic
2815 883 2891 926 est
2927 871 3100 925 Filius
3131 864 3269 927 meus
3293 875 3379 926 di-~

1814 964 1976 1019 lectus
1995 1004 2012 1030 ,
2044 966 2215 1034 ipsum
2243 965 2420 1018 audite
2452 965 2498 996 ⁸ο
2520 1006 2533 1030 ,
2567 965 2854 1019 anathema
2879 963 2968 1018 sit.

2345 1243 2352 1246 ’
2438 1239 2760 1308 Explicatio.

1885 1332 2000 1399 Qua
2051 1332 2257 1386 ratione
2313 1331 2482 1385 asseri
2526 1339 2704 1398 potest
2747 1329 3026 1383 Christum
3077 1327 3377 1398 perfectum

1816 1422 2088 1476 hominem
2143 1419 2548 1488 assumpsisse,
2601 1417 2761 1488 quasi
2816 1420 3129 1488 prophetam
3185 1435 3379 1487 quem-

1815 1514 2000 1583 piant,
2035 1528 2158 1567 cum
2206 1512 2319 1582 ipse
2365 1510 2624 1566 Dominus
2657 1511 2819 1564 homo
2866 1510 3041 1564 factus
3075 1510 3180 1574 sit,
3216 1528 3381 1565 carne

1812 1622 1880 1661 ex
1919 1607 2134 1675 Virgine
2168 1605 2268 1659 sibi
2301 1613 2582 1674 assumpta
2613 1603 2635 1655 ?
2678 1603 2969 1672 Propterea
3004 1605 3264 1673 scriptum
3297 1615 3383 1659 est

154 1693 352 1790 ἐκΙτῆς
381 1717 599 1788 χοϊκός.
640 1711 854 1783 Ἐπειδὴ
881 1712 936 1765 δὲ
957 1713 986 1764 ὁ
1010 1711 1075 1763 ὲκ
1099 1709 1199 1779 γῆς
1226 1705 1480 1769 πλασθεὶς
1504 1708 1582 1769 είς
1607 1704 1712 1774 γῆν

1825 1693 1956 1763 quod
2007 1694 2210 1762 primus
2256 1693 2408 1746 homo
2453 1694 2524 1747 sit
2571 1693 2634 1745 de
2668 1701 2807 1745 terra
2854 1703 3085 1746 terrenus
3130 1695 3194 1748 ⁵⁸.
3226 1693 3384 1749 Post-

156 1779 506 1883 ἀπεληλυθεν,
602 1779 852 1876 δεύτεροξ
879 1802 1160 1874 ἅνθρωπος
1198 1799 1484 1868 γενόμενος
1521 1800 1600 1861 εἰς
1626 1798 1713 1850 οὐ·

1825 1799 1976 1854 quam
2007 1800 2132 1839 vero
2162 1779 2246 1848 is,
2277 1785 2370 1854 qui
2395 1801 2463 1839 ex
2489 1794 2631 1839 terra
2665 1783 2932 1838 formatus
2962 1795 3078 1839 erat
3104 1825 3118 1850 ,
3173 1786 3224 1838 in
3274 1796 3383 1840 ter-

161 1906 350 1980 ρανοὺς
377 1900 686 1973 ἀνελήλυθε.
715 1900 823 1953 Καὶ
852 1898 1066 1966 λέγεται
1099 1898 1131 1949 ό
1157 1891 1386 1961 πρῶτος
1425 1889 1595 1959 Ἀδὰμ
1621 1891 1714 1942 καὶ

156 2003 186 2054 ό
227 1999 490 2066 ἔσχατος
541 1989 730 2061 Ἀδάμ.
775 1989 882 2044 Καὶ
924 1989 1112 2056 ὥσπερ
1149 1983 1514 2055 ὡμολόγηται,
1560 1981 1642 2034 ὅτι
1686 1981 1714 2034 ὁ

155 2090 400 2160 δεύτερος
440 2088 503 2140 ὲκ
535 2085 628 2138 τοῦ
656 2081 867 2156 πρώτου
899 2081 958 2134 τὸ
984 2078 1124 2133 κατά
1164 2079 1360 2148 σάρκα,
1387 2074 1467 2128 διὸ
1490 2075 1582 2126 καὶ
1623 2071 1716 2124 ἄν-

156 2185 387 2253 θρωπος,
417 2178 510 2233 καὶ
540 2176 666 2239 Υἱὸς
697 2172 978 2245 ἀνθρώπου
1003 2169 1234 2242 Χριστός
1257 2185 1269 2199 ο
1301 2167 1470 2229 οὓτως
1505 2179 1716 2236 μεμαρ-
1751 2187 1754 2190 ·

155 2275 384 2344 τύρηται
423 2272 504 2325 ὃτι
537 2270 566 2322 ὁ
609 2267 858 2338 δεύτερος
905 2263 998 2318 τοῦ
1045 2261 1261 2333 πρώτου
1310 2257 1518 2329 Stoa-iw,
1551 2256 1615 2308 δι’
1656 2255 1714 2308 ὃν

157 2366 511 2440 κατελήλυθεν
542 2362 601 2428 ἐξ
629 2358 878 2432 οὐρανοῦ.
921 2355 1137 2426 Ἐπειδὴ
1175 2352 1231 2405 δὲ
1260 2351 1318 2417 ἐξ
1357 2347 1583 2440 οὐρανοῦ
1612 2364 1712 2440 κα-

155 2460 316 2523 ταϐὰς
335 2437 382 2510 τό
410 2457 583 2524 Λόγος
611 2452 703 2507 καὶ
737 2449 1019 2518 ἄνθρωπος
1043 2443 1332 2513 γενόμενος
1358 2442 1437 2502 εἰς
1469 2437 1594 2499 τοὺς
1621 2437 1713 2488 οὐ·

156 2553 347 2625 ρανοὺς
386 2544 695 2619 ἀνελήλυθε,
731 2540 818 2597 διὰ
847 2538 1001 2594 τοῦτο
1031 2535 1242 2606 λέγεται
1270 2533 1362 2588 καὶ
1396 2530 1454 2597 ἐξ
1486 2525 1712 2600 οὐρανοῦ

154 2646 180 2696 ό
206 2644 457 2714 δεύτερος
498 2637 685 2708 Ἀδάμ.
791 2660 796 2666 -

798 2798 956 2851 ΚΕΦ.
990 2798 1041 2848 Δ¹
1052 2834 1063 2845 .

219 2893 292 2956 Εἴ
315 2915 404 2961 τις
441 2896 588 2964 λέγει
612 2896 677 2948 ἐκ
709 2891 1018 2962 σπέρματος
1047 2883 1238 2956 ἀνδρὸς
1273 2877 1596 2950 γεγενῆσθαι
1624 2876 1714 2929 τὸν

155 2991 384 3065 Χριστὸν
422 2990 484 3041 ἐκ
520 2982 818 3057 Παρθένου,
849 2981 925 3042 ὡς
967 2977 1165 3038 πάντες
1200 2975 1250 3026 οἱ
1289 2967 1714 3065 ἄνθρωποι,-ιιαὶ

158 3060 225 3158 sti]
253 3082 508 3155 ὁμολογεῖ
535 3077 698 3133 αὐτὸν
736 3077 800 3128 ὲκ
826 3072 1138 3142 Πνεύματος
1168 3065 1345 3135 ἁγίου,
1379 3062 1472 3117 καὶ
1499 3065 1560 3114 ὲκ
1577 3060 1714 3158 ΔΜαι.

159 3151 403 3248 ’τῆς
435 3172 594 3241 ἁγίας
630 3166 902 3239 Παρθένου
939 3160 1288 3234 σαρκωθέντα
1321 3157 1414 3210 καὶ
1435 3151 1712 3248 Δὲνανθρω-

156 3246 400 3340 τήσαντα
445 3267 510 3317 ἐκ
557 3261 868 3332 σπέρματος
916 3253 1110 3315 Δαϐἱδ,
1155 3247 1337 3312 καθὼς
1384 3246 1708 3316 γέγραπται,

156 3361 398 3430 ἀνάθεμα
419 3356 558 3409 ἔστω
589 3344 1131 3425 [ἀναθεματιζέσθω].

770 3435 1102 3511 Ἐρμηνεία.

215 3543 338 3608 Πῶς
384 3541 491 3612 γάρ
519 3538 588 3611 [δ’
613 3535 704 3608 ἂν]
744 3533 891 3601 λέγοι
931 3547 1036 3593 τις,
1081 3530 1145 3580 ἐκ
1176 3524 1487 3595 σπέρματος
1525 3518 1712 3589 ἀνδρὸς

154 3633 475 3706 γεγενῆσθαι
503 3632 594 3685 τὸν
621 3626 852 3700 Χριστὸν
879 3627 943 3677 ἐκ
977 3619 1271 3704 Παρθένου,
1311 3615 1403 3668 τοῦ
1431 3614 1583 3706 ἁγίου
1612 3612 1714 3706 ἰξυ-

154 3705 404 3797 αγγελίου
431 3723 525 3777 καὶ
553 3719 648 3774 τοῦ
675 3717 902 3788 ἀγγέλου
929 3708 1418 3781 εὐαγγελισαμένου
1452 3705 1548 3776 τὴν
1589 3705 1710 3758 Μα-

159 3824 302 3895 ριὰμ,
357 3818 459 3889 τῆς
517 3814 790 3888 Παρθένου
841 3808 1152 3882 εἰρηκυίας·
1209 3803 1339 3870 Πῶς
1393 3802 1562 3856 ἔσται
1606 3816 1713 3895 Ϊιιοι

153 3891 341 3977 cori-to,
366 3910 497 3966 ἐπεὶ
523 3907 712 3976 ἄνδρα
733 3907 804 3960 οὐ
827 3901 1093 3975 γινώσκω
1116 3917 1134 3964 ;
1155 3899 1245 3952 Διὸ
1267 3897 1414 3964 λέγει
1432 3910 1447 3926 ο
1473 3891 1715 3960 Πνεῦμα

155 4007 318 4077 ἅγιον
361 4001 752 4057 ἐπελεύσεται
777 3995 878 4049 ἐπὶ
903 3993 999 4058 σὲ,
1030 3993 1126 4046 καὶ
1157 3991 1408 4058 δύναμις
1432 3986 1713 4077 Ὑψίστου

151 4076 486 4152 calamitosi
525 4108 655 4146 σοι·
699 4089 791 4143 διὸ
838 4087 936 4141 καὶ
980 4084 1048 4139 τὸ
1079 4081 1449 4154 γεννώμενον
1490 4079 1560 4131 ἐκ
1599 4076 1713 4130 σοῦ

152 4191 334 4260 ἅγιον,
369 4185 736 4255 κληθήσεται
777 4182 1056 4250 Ὑψίστου
1091 4176 1238 4242 Υἱός.
1262 4174 1372 4228 Καὶ
1403 4171 1478 4242 τῷ
1521 4168 1712 4240 Ἰωσὴφ

151 4283 290 4352 ’λέγει
312 4299 326 4313 ο
367 4279 467 4347 Μὴ
501 4274 764 4348 φοϐηθῇς
793 4270 1155 4341 παραλαϐεῖν
1189 4269 1426 4336 Μαριὰμ
1456 4263 1569 4332 τὴν
1609 4280 1713 4332 γυ-

152 4374 322 4430 ναῖκά
362 4389 480 4427 σου
499 4391 513 4404 ο
551 4371 614 4426 τὸ
657 4369 768 4440 γὰρ
805 4369 875 4421 ἐν
915 4363 1066 4433 αὐτῇ
1098 4360 1386 4434 γεννηθὲν
1416 4360 1485 4413 ἐκ
1528 4356 1714 4411 Πνεύ-

1816 1891 1932 1930 ram
1987 1877 2242 1943 revertit;
2296 1878 2570 1932 secundus
2613 1878 2777 1931 homo
2822 1875 3035 1943 tactus,
3097 1878 3150 1930 in
3208 1878 3380 1932 cmlos

1815 1967 2081 2022 ascendit.
2130 1965 2199 2020 Et
2240 1965 2438 2038 dicitpr
2465 1968 2667 2036 primus
2704 1967 2910 2032 Adam,
2970 1976 3024 2022 et
3067 1967 3380 2022 novissimus

1815 2059 1985 2110 Adam
2011 2058 2076 2111 “.
2138 2056 2204 2110 Et
2247 2059 2708 2127 quemadmodum
2756 2057 2810 2110 in
2844 2057 3094 2111 confesso
3140 2067 3223 2112 est
3251 2101 3264 2122 ,
3314 2074 3380 2110 ex

1815 2150 1991 2220 primo
2011 2165 2132 2204 esse
2156 2153 2452 2204 secundum
2478 2190 2492 2214 ,
2539 2151 2683 2219 quod
2706 2151 2772 2206 ad
2803 2166 3022 2204 carnem
3057 2150 3285 2214 attinet,
3317 2167 3378 2204 ea

1815 2243 1960 2294 enim
1989 2239 2056 2294 de
2083 2256 2247 2295 causa
2284 2242 2600 2296 nominatur
2624 2241 2879 2297 Christus
2921 2243 3084 2296 homo
3125 2250 3179 2295 et
3209 2240 3381 2296 Filius

1816 2330 2086 2397 hominis;
2136 2331 2215 2385 sic
2254 2332 2474 2400 planum
2511 2341 2880 2400 testatumque
2909 2343 3032 2394 cst,
3079 2332 3377 2387 secundum

1815 2437 1938 2476 esse
1989 2421 2322 2477 Salvatorem
2367 2425 2566 2493 primi,
2614 2433 2834 2494 propter
2897 2440 3057 2495 quem
3103 2425 3264 2478 etiam
3313 2425 3379 2479 de

1817 2515 1955 2569 cmlo
1987 2517 2281 2571 descendit.
2311 2517 2446 2583 Quia
2473 2533 2601 2573 vero
2628 2516 2862 2572 Verbum
2887 2519 2953 2571 de
2981 2519 3120 2572 emlo
3151 2519 3378 2572 descen-

1816 2605 1949 2661 dens
1973 2614 2028 2660 et
2053 2607 2346 2661 humanam
2374 2617 2623 2662 naturam
2656 2609 2887 2662 induens
2909 2611 2960 2661 in
2986 2609 3152 2662 cwios
3179 2624 3373 2664 ascen—

1817 2697 1926 2760 dit,
1964 2697 2086 2752 ideo
2121 2700 2389 2756 secundus
2421 2699 2593 2753 Adam
2620 2718 2684 2754 ex
2719 2703 2858 2755 cutio
2883 2717 3004 2756 esse
3033 2701 3252 2756 dicitur.

2445 2790 2596 2845 CAP.
2656 2791 2743 2845 IV.

1889 2882 1945 2937 Si
1972 2883 2096 2953 quis
2126 2882 2325 2938 dixerit
2361 2897 2427 2936 ex
2458 2882 2559 2936 viri
2595 2885 2803 2937 semine
2847 2893 3030 2938 natum
3067 2899 3188 2938 esse
3215 2883 3380 2940 Chri-

1817 2985 1959 3031 stum
1986 2977 2053 3031 de
2086 2974 2306 3046 Virgine
2326 3015 2341 3040 ,
2375 2976 2443 3030 ad
2470 2992 2596 3030 eum
2629 2978 2846 3030 modum
2879 2993 2989 3046 quo
3015 2977 3196 3032 catteri
3227 2993 3376 3031 mor-

1819 3067 2004 3122 talium
2035 3077 2334 3122 nascuntur
2357 3106 2372 3129 ,
2412 3076 2466 3121 et
2493 3083 2599 3120 non
2628 3067 2910 3123 confessus
2940 3067 3104 3123 fuerit
3135 3070 3282 3123 illum
3312 3084 3380 3125 ex

1816 3170 2003 3216 sancto
2037 3157 2242 3230 Spiritu
2286 3171 2340 3215 ct
2365 3175 2431 3214 ex
2463 3157 2630 3214 Maria
2676 3161 3020 3219 sanctissima
3050 3159 3270 3232 Virgine
3296 3165 3380 3216 in-

1815 3259 2095 3307 carnatum
2123 3291 2140 3316 ,
2182 3250 2564 3320 hominemque
2585 3248 2788 3305 factum
2819 3266 2886 3305 ex
2921 3250 3128 3306 semine
3167 3251 3335 3307 David
3358 3294 3379 3323 ,

1816 3347 1956 3400 sicut
1991 3333 2253 3414 scriptum
2286 3353 2400 3408 est,
2429 3343 2717 3397 anathema
2741 3353 2878 3398 esto.

2434 3433 2757 3503 Explicatio.

1887 3526 2172 3595 Quomodo
2210 3528 2332 3597 quis
2361 3537 2568 3582 asserat
2597 3526 2873 3582 Christum
2916 3543 2980 3583 ex
3027 3529 3233 3583 semine
3277 3528 3380 3584 viri

1819 3629 2002 3675 natum
2039 3635 2157 3675 esse
2183 3620 2249 3674 de
2282 3620 2536 3690 Virgine,
2569 3635 2694 3674 cum
2729 3630 3136 3676 sacrosanctum
3203 3620 3381 3676 Eran-

1817 3715 2014 3784 gelium
2043 3721 2098 3768 et
2149 3713 2264 3782 ipse
2303 3713 2526 3782 angelus
2556 3720 2818 3768 testentur
2856 3711 3080 3767 Mariam
3107 3714 3312 3769 dixisse
3353 3732 3369 3769 :

1817 3805 2092 3871 Quomodo
2124 3806 2214 3874 ﬁet
2241 3804 2382 3859 istud
2407 3844 2423 3870 ,
2457 3805 2706 3873 quoniam
2743 3805 2912 3857 virum
2941 3821 3046 3858 non
3090 3821 3338 3875 cognosco
3359 3806 3383 3855 Ρ

1815 3900 2105 3970 Propterea
2127 3898 2259 3953 dicit
2287 3916 2299 3951 :
2335 3896 2568 3968 Spiritus
2595 3908 2810 3951 sanctus
2834 3899 3154 3965 superveniet
3194 3900 3250 3950 in
3289 3909 3338 3951 te
3363 3937 3380 3962 ,

1815 4003 1864 4047 et
1893 3993 2059 4046 uirtus
2092 3990 2359 4044 Altissimi
2387 3988 2715 4043 obumbrabit
2753 3988 2866 4044 tibi.
2911 3988 3140 4060 Ideoque
3171 4001 3220 4044 et
3243 3992 3380 4060 quod

1815 4092 2062 4138 nascetur
2110 4098 2174 4136 ea:
2227 4093 2274 4136 te
2326 4090 2606 4146 sanctum,
2647 4080 2917 4134 vocabitur
2962 4079 3140 4135 Filius
3188 4081 3284 4134 Dei
3311 4081 3380 4136 ⁷⁵³.

1819 4175 2022 4247 [Prius
2053 4175 2197 4228 enim
2232 4175 2442 4228 dixerat
2487 4182 2672 4227 sancta
2726 4172 2922 4242 Virgo:
2971 4173 3244 4239 Quomodo
3289 4175 3379 4243 ﬁet

1817 4268 1958 4320 istud
1991 4306 2005 4328 ,
2049 4267 2300 4336 quoniam
2327 4265 2498 4318 virum
2523 4281 2622 4316 non
2648 4281 2900 4333 cognosco
2945 4264 3098 4335 (-10)?
3128 4264 3147 4336 ]
3201 4264 3268 4318 Et
3291 4263 3386 4320 Jo-

1817 4360 1984 4430 sepho
2008 4358 2174 4413 dicit:
2209 4355 2337 4409 Noli
2359 4357 2540 4409 timere
2573 4357 2808 4425 accipere
2830 4359 3082 4424 Marium,
3113 4358 3383 4428 conjugent

148 4468 330 4536 ματός
363 4466 534 4519 ἐστιν
576 4463 768 4532 ἁγίου.
819 4461 1050 4524 Τέξεται
1093 4455 1162 4508 δὲ
1201 4454 1356 4516 υἱὸν,
1396 4450 1496 4505 καὶ
1541 4447 1713 4502 καλέ-

1825 4465 1963 4506 tuam
1989 4466 2007 4504 .'
2047 4451 2184 4521 quod
2211 4449 2349 4503 enim
2378 4450 2433 4503 in
2465 4466 2525 4502 ea
2549 4459 2733 4502 natum
2763 4458 2841 4502 est
2871 4488 2886 4512 ,
2936 4449 2999 4502 de
3024 4449 3229 4518 Spiritu
3259 4467 3384 4502 san-

151 4577 330 4616 σουσι
361 4558 662 4626 zumpt:
705 4551 890 4608 αὐτοῦ
934 4548 1192 4619 Ἰησοῦνο
1215 4544 1395 4610 αὐτὸς
1441 4543 1549 4613 γὰρ
1592 4539 1709 4593 σώ-

153 4654 224 4716 ζει
253 4655 364 4709 τὸν
395 4651 548 4707 λαὸν
577 4645 761 4703 αὑτοῦ
781 4643 896 4701 ἀπὸ
925 4641 1043 4696 τῶν
1069 4635 1362 4709 ἁμαρτιῶν
1398 4633 1600 4690 αὐτοῦ.

799 4827 956 4880 ΚΕΦ.
989 4825 1062 4878 Ε’.

217 4934 285 4986 El
306 4948 393 4994 τις
416 4929 562 4996 λέγει
583 4943 598 4953 °
630 4923 818 4985 Ἀλλος
849 4923 877 4974 ό
902 4919 1006 4991 πρὸ
1033 4917 1242 4972 αἰώνων
1275 4915 1401 4978 Υἱὸς
1430 4912 1524 4966 τοῦ
1552 4913 1708 4975 Θεοῦ,

152 5023 243 5078 καὶ
292 5021 452 5083 ἀλλος
495 5019 524 5069 ὁ
565 5015 650 5069 ἐπ’
691 5012 952 5082 ἐσχάτων,
1001 5010 1094 5062 καὶ
1138 5007 1212 5080 μὴ
1253 5005 1503 5078 ὁμολογεῖ
1549 5002 1709 5057 αὑτὸν

152 5119 237 5170 τὸν
269 5115 377 5184 πρὸ
414 5111 622 5165 αίώνων
653 5088 744 5160 τὸν
785 5105 944 5158 αὑτὸν
981 5104 1066 5157 ἐπ’
1097 5101 1356 5172 ἐσχάτων,
1400 5095 1580 5159 καθὼς
1617 5095 1708 5163 γέ-

155 5222 411 5278 γραπται,
440 5201 684 5270 ἀνάθεμα
709 5198 847 5252 ἔστω
872 5187 1414 5268 [ἀναθεματιζέσθω].

774 5377 1092 5448 Ἑρμηνεία.

215 5479 345 5542 Πῶς
371 5478 415 5531 δ’
446 5477 512 5530 ἂν
552 5474 760 5543 λέγοιτο
800 5471 957 5532 ἄλλος
997 5471 1025 5522 ό
1059 5468 1162 5538 πρὸ
1204 5465 1411 5520 αίώνων
1448 5463 1544 5517 τοῦ
1574 5462 1707 5516 Θεοῦ

1817 4560 1898 4603 cto
1925 4557 2022 4602 est.
2053 4545 2237 4600 Pariet
2263 4555 2438 4599 autem
2459 4545 2662 4614 ﬁlium,
2693 4553 2742 4596 et
2771 4542 3026 4596 vocabunt
3053 4558 3238 4594 nomen
3268 4542 3381 4608 ejus

1817 4639 2002 4694 Jcsum
2033 4654 2054 4702 ;
2112 4638 2224 4706 ipse
2263 4638 2400 4690 enim
2441 4634 2640 4687 salvum
2679 4633 2838 4702 faciet
2877 4631 3127 4702 populant
3158 4648 3313 4684 suum
3351 4649 3383 4684 a

1818 4731 2042 4800 peccatis
2061 4729 2172 4797 ejus
2207 4727 2272 4781 δ’.

2469 4816 2621 4872 CAP.
2663 4815 2725 4869 V.

1893 4914 2098 4983 Siquis
2129 4911 2325 4965 dixerit
2354 4927 2366 4962 :
2401 4909 2553 4965 Alius
2593 4919 2676 4964 est
2722 4907 2893 4962 Filius
2939 4907 3035 4961 Dei
3070 4918 3301 4962 anei-nus
3331 4917 3384 4961 cl.

1819 5018 1944 5063 ante
1973 5006 2205 5069 sarcula;
2258 5013 2311 5059 et
2354 5003 2495 5058 alius
2516 5043 2532 5066 ,
2573 5002 2667 5072 qui
2699 5001 3013 5056 novissimis
3047 5000 3382 5069 temporibus

1818 5101 2110 5172 apparuit;
2164 5105 2218 5152 et
2263 5112 2371 5150 non
2408 5095 2692 5151 confessus
2725 5093 2891 5148 fuerit
2944 5109 3113 5148 unum
3142 5101 3194 5146 et
3227 5107 3382 5146 eum-

1821 5193 1940 5246 dem
1968 5204 2089 5246 esse
2119 5189 2270 5242 illum
2302 5196 2567 5241 :eternum
2593 5228 2609 5253 ,
2653 5187 2747 5256 qui
2780 5186 3096 5241 novissimis
3134 5187 3384 5254 tempori-

1819 5284 1922 5340 bus
1943 5281 2223 5352 apparuit,
2275 5279 2420 5332 sicut
2468 5280 2728 5348 scriptum
2755 5287 2836 5333 est
2864 5318 2878 5341 ,
2928 5278 3377 5338 anathemaesto.

2445 5366 2767 5436 Explicatio.

1888 5465 2175 5531 Quomodo
2219 5462 2564 5518 amrinaverit
2614 5461 2736 5532 quis
2762 5502 2777 5528 ,
2827 5475 2939 5515 non
2978 5475 3099 5515 esse
3131 5459 3380 5514 eumdem

218 5618 264 5649 "
305 5615 493 5670 Matth.
524 5630 607 5681 ιιι,
629 5612 716 5666 Π.
791 5611 837 5641 ⁵³
867 5607 1036 5663 lCor.
1071 5624 1158 5676 xv,
1190 5607 1278 5661 47.
1354 5605 1398 5636 ⁸³
1424 5603 1558 5658 Ibid.
1589 5602 1678 5657 45.

1825 5598 1985 5654 'Luc.
2026 5613 2064 5662 ι,
2095 5597 2183 5665 34,
2232 5597 2320 5652 55.
2426 5597 2468 5628 “
2497 5594 2685 5651 Matth.
2738 5611 2788 5659 ι,
2836 5594 2927 5659 20,
2955 5592 3044 5646 21.

221 5773 338 5843 (10)
372 5770 494 5824 lianc
522 5769 788 5836 interpres
816 5764 1040 5819 addidit.

429 5869 699 5928 Ps'rnon.
733 5864 848 5924 Gn.
883 5861 963 5921 Χ.

2990 5844 3066 5904 36
