3876 6544
471 313 602 370 1151

1124 313 1182 368 S.
1223 312 1550 369 CBEGORII
1590 306 1949 370 THAUMAT.
1992 314 2020 366 ε

2177 313 2360 370 PARS
2395 306 2692 369 ΑιτειιΑ.
2729 343 2801 353 --
2836 310 3062 368 DUBIA.

3562 314 3694 371 “32

472 429 570 486 Dei
601 429 798 485 Fihum
821 472 835 496 ,
865 429 955 498 qui
991 430 1057 482 ab
1083 438 1286 484 τοίοισιιο
1315 428 1418 484 htit
1441 470 1456 494 ,
1495 439 1548 484 et
1568 431 1881 485 novissimis
1903 440 2020 484 tem‘

2141 431 2284 493 Υἱὸς,
2325 432 2416 484 καὶ
2458 429 2614 493 ἄλλος
2653 433 2681 484 ὁ
2721 431 2808 482 ἐπ’
2847 428 3106 498 ἐσχάτων,
3151 427 3314 482 αὐτοῦ
3362 428 3454 482 τοῦ
3493 431 3694 503 Κυρίου

469 525 697 594 poribus
731 522 1018 593 apparuit,
1049 539 1172 576 cum
1207 523 1320 591 ipse
1353 523 1613 578 Dominus
1639 524 1786 578 dicat
1815 543 1826 576 :
1873 525 2035 576 Ante-

469 633 628 688 quam
654 616 922 668 Abraham
953 617 1097 684 ﬁeret
1120 657 1134 681 ,
1163 632 1254 684 ego
1284 632 1400 668 sum
1433 615 1510 680 “;
1541 625 1612 679 et,
1649 616 1778 685 quia
1818 630 1847 668 a
1877 615 2035 669 Patre

2131 521 2385 590 λέγοντος
2404 540 2416 552 ·
2460 523 2610 590 Πρὶν
2649 520 2893 590 Ἀϐραὰμ
2930 520 3226 590 γενέσθαι,
3253 520 3366 591 ἐγώ
3400 524 3514 591 ειμι
3537 539 3550 551 °
3580 524 3693 589 καὶ,

2135 613 2215 665 ὅτι
2247 613 2310 666 ὲκ
2337 613 2431 666 τοῦ
2464 615 2674 686 Πατρὸς
2707 613 2952 683 ἐξῆλθον,
2987 613 3079 665 καὶ
3120 611 3261 683 ἥκω,
3293 613 3386 666 καὶ
3419 614 3578 669 πάλιν
3602 633 3695 670 πο-

469 707 633 773 exivi,
670 713 723 762 et
758 708 935 772 venio,
956 717 1008 762 et
1029 709 1222 762 iterum
1253 708 1391 762 vado
1415 708 1482 762 ad
1497 706 1710 762 Patrem
1742 723 1920 762 meum
1945 709 2020 758 “1

2141 705 2364 776 ρεύομαι
2405 706 2540 776 πρὸς
2569 707 2660 759 τὸν
2690 706 2907 777 Πατέρα
2941 720 3077 774 μου;

1113 797 1264 852 CAP.
1302 797 1387 852 Vl.

542 888 599 944 Si
625 889 750 959 quis
781 889 1012 944 dixerit:
1039 889 1190 944 Alius
1217 900 1300 944 est
1325 891 1416 959 qui
1449 905 1642 960 passus
1669 901 1782 958 est,
1811 899 1866 945 et
1893 891 2033 947 alius

468 982 562 1050 qui
594 996 790 1050 passus
832 996 939 1035 non
971 990 1088 1043 est;
1137 991 1190 1035 et
1221 997 1330 1035 non
1377 983 1662 1037 confessus
1700 982 1863 1039 fuerit
1892 983 2030 1039 idem

468 1073 808 1142 impassibile
832 1081 887 1128 et
916 1073 1253 1128 immutabile
1280 1073 1373 1128 Dei
1408 1073 1642 1129 Verbum
1677 1077 1890 1146 propria
1911 1093 2028 1132 sua

468 1180 632 1219 carne
675 1180 896 1235 passum
923 1180 1044 1221 esse
1067 1208 1082 1232 ,
1118 1167 1260 1221 sicut
1291 1167 1552 1236 scriptum
1582 1177 1702 1231 est,
1739 1168 2031 1227 anathema

466 1266 606 1310 esto.

1087 1327 1404 1420 Explicatio.

538 1441 653 1507 Qua
684 1442 892 1496 ratione
909 1441 1053 1496 dicat
1078 1443 1203 1512 quis
1220 1483 1234 1507 ,
1263 1443 1426 1496 alium
1449 1458 1570 1498 esse
1596 1445 1686 1514 qui
1705 1460 1897 1514 passus
1924 1453 2028 1512 est,

466 1543 520 1588 et
541 1534 704 1588 alium
730 1533 822 1602 qui
847 1540 1040 1603 passhs
1061 1549 1164 1587 non
1185 1542 1295 1599 est,
1322 1535 1438 1603 ipso
1452 1533 1678 1591 Domino
1698 1536 2026 1592 aﬂirmante:

471 1625 686 1696 Oportet
711 1625 912 1680 Filium
945 1627 1168 1681 hominis
1195 1628 1360 1680 multa
1388 1629 1518 1697 pati,
1543 1638 1590 1682 et
1619 1630 1786 1682 occidi
1812 1669 1828 1693 ,
1869 1640 1916 1684 et
1946 1633 2029 1684 die

2776 797 2929 848 ΚΕΦ.
2962 797 3049 862 ς’.

2205 889 2273 942 Εἴ
2309 907 2389 953 τις
2442 889 2620 959 λέγει’
2658 889 2848 952 Ἀλλος
2893 891 2923 942 ό
2962 887 3172 954 παθὼν,
3212 891 3304 944 καὶ
3347 891 3501 954 ἄλλος
3547 894 3576 944 ὁ
3623 893 3691 964 μὴ

2135 981 2342 1045 παθὼν,
2382 982 2475 1034 καὶ
2513 981 2587 1053 μὴ
2621 982 2870 1052 ὁμολογεῖ
2897 982 3055 1037 αὐτὸν
3091 984 3180 1038 τὸν
3211 983 3392 1054 ἀπαθῆ
3429 983 3561 1036 Θεὸν
3594 985 3689 1037 Λό-

2133 1091 2226 1144 γον
2255 1073 2346 1127 καὶ
2367 1072 2631 1146 ἄτρεπτον
2655 1075 2818 1146 σαρκὶ
2845 1075 2949 1146 ἰδίᾳ
2983 1075 3220 1128 παθόντα
3250 1075 3554 1144 ἀτρέπτως,
3577 1076 3673 1128 καθ

2131 1164 2206 1229 ὼς
2230 1165 2555 1236 γέγραπται,
2586 1165 2836 1237 ἀνάθεμα
2868 1165 3007 1219 ἔστω
3041 1164 3587 1238 [ἁναθεματιζέσθω].

2751 1351 3078 1420 Ἐρμηνεία.

2201 1441 2323 1506 Πῶς
2346 1441 2402 1495 δὲ
2431 1442 2496 1496 ἄν
2535 1442 2740 1511 λέγοιτο
2764 1442 2920 1506 ἄλλος
2948 1445 2976 1496 ό
3014 1442 3222 1506 παθὼν,
3257 1443 3350 1496 καὶ
3376 1442 3533 1505 ἄλλος
3551 1444 3589 1494 ὁ
3622 1443 3685 1511 μὴ

2131 1535 2335 1599 παθὼν,
2367 1532 2531 1588 αὐτοῦ
2569 1534 2662 1586 τοῦ
2701 1534 2908 1604 Κυρίου
2959 1533 3207 1602 λέγοντος
3229 1549 3243 1563 ·
3291 1532 3391 1586 Δεῖ
3422 1534 3529 1586 τὸν
3562 1533 3687 1586 T161-

2129 1627 2235 1682 τοῦ
2266 1628 2578 1696 ἀνθρώπου
2607 1625 2805 1680 πολλὰ
2839 1626 3068 1691 παθεῖν,
3098 1627 3194 1680 καὶ
3226 1624 3684 1693 ἀποκτανθῆναι,

468 1721 626 1773 tertia
677 1737 708 1772 a
753 1719 974 1772 mortuis
1005 1736 1274 1790 resurgere
1303 1719 1379 1786 ‘7;
1407 1731 1462 1774 et
1488 1738 1500 1772 :
1535 1720 1758 1786 Quando
1782 1719 2020 1775 videbitis

2141 1719 2231 1773 καὶ
2270 1717 2345 1787 τῇ
2377 1719 2540 1787 τρίτῃ
2579 1717 2767 1788 ἡμέρᾳ
2800 1719 3136 1787 ἀναστῆναι
3177 1720 3245 1772 ἐκ
3274 1721 3535 1787 νεκρῶν·
3568 1719 3681 1771 καί·

467 1811 670 1866 Filium
695 1812 919 1866 hominis
955 1813 1213 1866 sedentem
1258 1815 1310 1866 in
1347 1813 1533 1868 dextra
1585 1813 1762 1867 Patris
1789 1813 1877 1880 ‘3;
1922 1824 1978 1869 et
2010 1833 2020 1870 :

2141 1784 2651 1879 'ozariahzs'éo}
2688 1784 2824 1864 Ϋίὸν
2859 1812 2965 1865 τοῦ
3002 1784 3315 1880 ανθρώπου
3358 1784 3681 1880 σιαθήμεγον

467 1895 693 1969 Quando
719 1905 883 1959 veniet
903 1903 1077 1957 Filius
1097 1904 1321 1958 hominis
1347 1907 1401 1957 in
1441 1906 1612 1974 gloria
1641 1906 1822 1960 Patris
1837 1908 1920 1961 sui
1943 1899 2023 1952 "?

1092 2087 1244 2142 CAP.
1289 2083 1398 2141 Vl].

538 2177 594 2234 Si
629 2178 752 2250 'quis
780 2179 977 2234 dixerit
1011 2179 1287 2235 Christum
1323 2188 1594 2236 servatum
1625 2195 1744 2236 esse
1769 2223 1784 2248 ,
1829 2191 1883 2237 et
1915 2199 2022 2237 non

463 2269 747 2327 confessus
785 2267 945 2326 fuerit
991 2271 1164 2340 ipsum
1196 2287 1314 2327 esse
1344 2270 1684 2327 Servatorem
1729 2274 1935 2340 mundi,
1971 2283 2026 2329 et

464 2363 640 2418 lucem
669 2357 878 2427 mundi,
905 2361 1048 2417 sicut
1072 2362 1330 2432 scriptum
1366 2373 1448 2417 est
1469 2363 1538 2429 ",
1567 2363 1856 2419 anathema
1876 2375 2016 2419 esto.

1087 2451 1409 2521 Explicatio.

533 2545 818 2612 Quomodo
849 2553 1056 2600 asserat
1076 2545 1199 2613 quis
1227 2544 1501 2598 Christum
1543 2559 1666 2600 esse
1701 2555 1974 2601 servatum
2005 2589 2020 2612 ,

463 2638 582 2707 ipso
621 2635 853 2691 Domino
915 2635 1128 2690 dicente
1159 2654 1172 2688 :
1220 2633 1332 2706 Ego
1365 2652 1480 2689 sum
1522 2637 1633 2690 vita
1656 2637 1736 2703 ⁸¹;
1771 2647 1826 2692 et
1855 2657 1867 2692 :
1905 2637 2019 2710 Ego

461 2729 575 2783 veni
601 2769 616 2796 ,
660 2736 720 2781 ut
754 2729 918 2782 vitam
957 2727 1180 2781 habeant
1212 2727 1296 2793 ⁵³;
1341 2737 1393 2782 et
1424 2747 1436 2782 :
1479 2727 1583 2793 Qui
1624 2729 1680 2782 in
1709 2745 1789 2783 me
1813 2732 1975 2784 credit
2005 2770 2021 2791 .

461 2827 681 2872 mortem
711 2834 813 2871 non
839 2817 1032 2870 videbit
1067 2831 1084 2868 :
1130 2817 1220 2870 sed
1257 2816 1445 2870 videbit
1474 2818 1636 2872 vitam
1669 2829 1920 2874 (sternam
1951 2815 2028 2867 l"1’

1075 2995 1224 3050 CAP.
1269 2995 1397 3050 Vill.

529 3092 588 3147 Si
622 3091 746 3162 quis
803 3087 1002 3144 dixerit
1056 3087 1334 3144 Christum
1386 3088 1683 3158 perfectum
1738 3093 2015 3149 hominem

456 3201 580 3241 esse
603 3183 816 3239 divisim
848 3189 902 3237 et
931 3181 1098 3236 Deum
1128 3178 1359 3236 Verbum
1385 3181 1627 3250 divisim,
1655 3195 1708 3240 et
1739 3200 1844 3238 non
1873 3201 2010 3240 con-

457 3277 637 3334 fessus
668 3275 832 3330 fuerit
889 3289 1056 3341 unum
1098 3280 1152 3327 et
1195 3275 1443 3329 eumdem
1489 3273 1782 3332 Dominum
1829 3276 2014 3334 Jesum

456 3370 756 3434 Christum,
783 3367 925 3422 sicut
948 3365 1208 3436 scriptum
1249 3375 1352 3431 est,
1386 3367 1683 3424 anathema
1708 3371 1799 3424 sit.

1087 3453 1404 3523 Explicatio.

527 3546 810 3615 Quomodo
843 3546 967 3614 quis
997 3546 1141 3600 dicat
1179 3546 1456 3601 Christum
1489 3549 1704 3605 divisim
1744 3567 1866 3609 esse
1894 3569 2018 3624 per-

457 3638 659 3692 fectum
692 3637 994 3700 hominem,
1019 3647 1072 3690 et
1095 3637 1308 3691 divisim
1340 3637 1575 3695 Verbum
1607 3642 1870 3709 divinum,
1891 3662 2014 3702 cum

457 3732 573 3800 ipse
618 3729 879 3785 Dominus
925 3729 1067 3783 dicat
1111 3745 1125 3780 :
1165 3728 1304 3793 Quid
1351 3748 1430 3784 me
1473 3735 1715 3803 quwritis
1757 3738 2013 3806 occidere,

454 3821 735 3886 hominem,
765 3821 856 3891 qui
897 3821 1164 3874 veritatem
1206 3822 1346 3876 vobis
1395 3824 1531 3890 dixi,
1573 3841 1732 3895 quam
1770 3829 1949 3884 audivi
1984 3848 2017 3884 a

454 3912 619 3967 Patre
647 3925 758 3964 meo
781 3911 865 3964 5‘?
893 3910 1006 3964 Non
1032 3913 1179 3966 enim
1209 3913 1481 3968 hominem
1522 3930 1621 3984 pro
1653 3917 1810 3972 nobis
1846 3906 2017 3986 dedit:

453 4006 550 4060 sed
587 4003 824 4073 seipsum
862 4017 958 4074 pro
1005 4005 1162 4059 nobis
1199 4005 1366 4065 dedit,
1407 4005 1552 4061 Deus
1579 4005 1814 4064 Verbum
1851 4011 2016 4067 homo

455 4094 653 4151 factus.
688 4093 824 4150 Hinc
860 4104 913 4149 et
950 4095 1080 4148 dicit
1112 4115 1124 4148 :
1159 4093 1354 4149 Solvite
1405 4098 1650 4168 templum
1695 4099 1812 4164 hoc,
1859 4110 1909 4155 et
1958 4104 2013 4157 in

454 4186 625 4242 tribus
655 4186 836 4240 diebus
867 4187 1107 4239 excitabo
1153 4186 1307 4240 illud.
1338 4186 1458 4257 Ipse
1499 4199 1673 4243 autem
1717 4191 1922 4246 dicebat
1952 4195 2017 4249 de

453 4277 645 4347 templo
676 4279 910 4346 corporis
941 4279 1026 4330 sui
1048 4278 1115 4332 ".

1091 4458 1243 4513 CAP.
1285 4459 1372 4515 IX.

526 4547 584 4604 Si
615 4550 742 4620 quis
775 4549 974 4604 dixerit
1001 4549 1281 4605 Christum
1311 4553 1599 4606 mutationi
1627 4564 1680 4608 et
1708 4555 2017 4610 alterationi

451 4641 750 4696 obnoxium
788 4656 929 4706 esse,
966 4652 1021 4696 et
1043 4658 1149 4697 non
1186 4642 1471 4699 confessus
1511 4644 1666 4700 fuerit
1707 4647 1882 4716 ipsum
1909 4649 2020 4718 spi-

449 4735 556 4787 ritu
580 4733 798 4803 quidem
827 4735 1146 4788 mutationis
1167 4743 1465 4804 expertcm,
1501 4753 1665 4792 carne
1693 4747 1872 4793 autem
1894 4755 2020 4794 eor-

448 4825 761 4894 ruptibilem
792 4824 1306 4898 [incorruptibilem]
1357 4843 1502 4893 esse,
1548 4830 1832 4885 anathema
1880 4842 2017 4887 esto.

1076 4919 1397 4989 Ezplicatio.

518 5009 636 5078 Qua
688 5011 903 5064 ratione
938 5021 1148 5065 asserat
1177 5013 1300 5081 quis
1334 5013 1388 5066 in
1428 5013 1708 5068 Christum
1757 5017 2014 5071 mutatio-

449 5116 572 5156 nem
603 5111 696 5156 aut
716 5102 1072 5156 variationem
1104 5105 1317 5168 cadere,
1347 5105 1467 5175 ipso
1496 5105 1728 5161 Domino
1760 5107 2009 5163 dicente:

448 5191 561 5261 Ego
584 5208 720 5260 sum,
749 5201 797 5245 et
833 5207 936 5244 non
964 5204 1140 5246 mutor
1158 5193 1245 5246 5‘?
1287 5194 1353 5249 Et
1379 5211 1568 5250 rursus
1594 5213 1608 5248 :
1634 5195 1812 5261 Neque
1830 5198 2014 5251 anima

446 5281 560 5347 ejus
590 5281 775 5334 relicta
807 5290 884 5333 est
911 5282 968 5334 in
1006 5282 1233 5348 inferno,
1262 5301 1426 5354 neque
1449 5302 1573 5339 caro
1593 5287 1706 5355 ejus
1739 5288 1871 5342 vidit
1896 5306 2012 5343 cor-

446 5375 740 5441 ruptionem
757 5375 838 5428 l‘7?

2129 1904 2200 1957 ἐν
2235 1902 2404 1969 δεξιᾷ
2450 1902 2555 1957 τοῦ
2602 1905 2862 1970 Πατρός·
2912 1903 3037 1956 καὶ·
3075 1905 3251 1959 Ὅταν
3292 1903 3438 1972 ἔλθῃ
3484 1907 3518 1957 ό
3566 1901 3684 1963 Υιός

2128 1995 2234 2049 τοῦ
2260 1993 2572 2062 ἀνθρώπου
2597 1994 2667 2047 ἐν
2697 1993 2771 2062 τῇ
2801 1994 2948 2062 δόξῃ
2979 1993 3084 2048 τοῦ
3120 1993 3349 2063 Ηατρὸς
3368 1993 3598 2060 αὐτοῦ;

2777 2087 2936 2139 ΚΕΦ.
2967 2087 3041 2141 Ζ’.

2197 2179 2266 2232 EE
2289 2195 2372 2242 τις
2413 2178 2561 2247 λέγει
2598 2175 2902 2249 σωζόμενον
2931 2179 3020 2232 τὸν
3060 2179 3312 2252 Χριστὸν,
3339 2181 3434 2233 καὶ
3465 2181 3538 2251 μὴ
3571 2183 3683 2251 ὁμο-

2127 2270 2273 2340 λογεῖ
2312 2269 2471 2326 αὑτὸν
2520 2271 2742 2343 Σωτῆρα
2781 2269 2874 2323 τοῦ
2920 2271 3125 2342 κόσμου
3173 2273 3266 2326 καὶ
3307 2272 3425 2342 φῶς
3469 2272 3563 2325 τοῦ
3606 2272 3684 2325 ιώ-

2127 2383 2284 2437 σμου,
2311 2363 2489 2426 καθὼς
2531 2362 2854 2434 γέγραπται,
2885 2362 3377 2433 ἁναθεματιζέσθω.

2748 2455 3079 2525 Ἐρμηνεία.

2195 2547 2319 2611 Πῶς
2341 2547 2388 2600 δ’
2411 2546 2475 2601 ἂν
2503 2547 2650 2616 λέγοι
2680 2563 2763 2610 τις
2799 2546 3098 2618 σωζόμενον
3136 2547 3225 2600 τὸν
3252 2547 3508 2619 Χριστὸν.
3535 2547 3678 2601 α.ὼῦ

2124 2638 2214 2692 τοῦ
2247 2639 2451 2709 Κυρίου
2487 2637 2736 2706 λέγοντος
2757 2654 2771 2668 ·
2812 2637 2951 2707 Ἐγώ
2975 2640 3090 2707 εἰμι
3114 2639 3153 2707 ἠ
3180 2637 3291 2704 ζωή
3315 2653 3330 2668 ⁸
3367 2639 3496 2692 καί’
3535 2639 3679 2703 Ἐλή-

2122 2731 2278 2783 λυθα
2308 2729 2408 2782 ἵνα
2437 2728 2588 2797 ζωὴν
2609 2728 2792 2797 ἔχωσι
2815 2745 2828 2758 '
2864 2729 2987 2782 καί’
3030 2731 3084 2781 Ὁ
3119 2729 3418 2784 πιστεύων
3457 2733 3543 2797 εις
3570 2729 3674 2799 ἐμὲ,

2125 2820 2381 2874 θάνατον
2425 2821 2489 2873 οὐ
2513 2819 2600 2890 μὴ
2645 2819 2951 2888 θεωρήσει,
2980 2817 3115 2875 ἀλλ’
3145 2820 3353 2888 ὄψεται
3390 2820 3508 2890 τὴν
3545 2821 3678 2890 ζωὴν

2123 2910 2237 2980 τὴν
2259 2909 2528 2972 aluit-tor;

2761 3001 2917 3055 ΚΕΦ.
2961 3003 3042 3056 Η’.

2192 3096 2261 3150 Εἴ
2288 3113 2370 3160 τις
2393 3092 2540 3165 λέγει
2576 3095 2774 3150 τέλειον
2801 3095 3085 3168 ἄνθρωπον
3112 3097 3200 3150 τὸν
3231 3099 3466 3169 Χριστὸν
3495 3099 3676 3169 διαιρε-

2123 3189 2250 3254 τῶς,
2288 3190 2380 3242 καὶ
2411 3186 2540 3241 Θεὸν
2567 3189 2662 3241 τὸν
2694 3188 2864 3258 Λόγον
2895 3187 3194 3260 διαιρετῶς,
3219 3190 3313 3244 καὶ
3345 3191 3423 3263 μὴ
3447 3191 3674 3262 ὁμσλογεῖ

2123 3281 2219 3335 ἕνα
2246 3277 2447 3352 Κύριον
2488 3279 2692 3351 Ἰησοῦν
2726 3282 2978 3352 Χριστὸν,
3009 3281 3189 3346 καθὼς
3211 3283 3536 3355 γέγραπται,
3563 3283 3675 3336 ἀνά-

2124 3374 2266 3445 θεμα
2286 3372 2426 3426 ἔστω
2458 3371 3004 3444 [ἁναθεματιζέσθω].

2759 3461 3084 3533 Ἑρμηνεία.

2191 3557 2316 3622 Πῶς
2341 3557 2384 3610 δ’
2411 3556 2476 3611 ἂν
2510 3551 2654 3626 λέγοι
2683 3575 2766 3623 τις
2793 3558 3076 3630 ἄνθρωπον
3100 3558 3303 3613 τέλειον
3327 3560 3422 3614 τὸν
3457 3558 3670 3632 Χριστὸν

2121 3648 2423 3720 διαιρετῶς,
2452 3647 2545 3701 καὶ
2570 3648 2700 3701 Θεὸν
2741 3648 2829 3701 τὸν
2862 3648 3032 3718 Λόγον
3057 3648 3359 3718 διαιρετῶς,
3401 3648 3560 3702 αὐτοῦ
3589 3646 3669 3700 τοῦ

2122 3741 2325 3813 Κυρίου
2355 3740 2618 3809 λέγοντος·
2654 3741 2713 3794 Τί
2730 3757 2807 3810 με
2833 3739 3048 3809 ζητεῖτε
3070 3741 3434 3805 ἀποκτεῖναι,
3469 3743 3668 3808 ἅνθρω-

2122 3850 2258 3898 πον,
2290 3831 2357 3898 ὃς
2377 3831 2492 3900 τὴν
2523 3831 2808 3901 ἀλήθειαν
2834 3833 2975 3903 ὑμῖν
2997 3833 3322 3902 λελάληκα,
3355 3833 3437 3901 ἢν
3460 3834 3670 3903 ἥκουσα

2122 3923 2280 3994 παρὰ
2308 3923 2412 3978 τοῦ
2436 3925 2701 3991 Πατρός;
2729 3924 2800 3977 Οὐ
2841 3925 2947 3995 γὰρ
2983 3923 3263 3996 ἄνθρωπον
3306 3923 3533 3977 δέδωκεν
3553 3922 3670 3991 ὑπὲρ

2122 4018 2297 4090 ἡμῶν,
2327 4017 2438 4071 ἀλλ’
2463 4016 2650 4071 ἑαυτὸν
2687 4015 2999 4088 παρέδωκεν
3024 4017 3163 4088 ὑπὲρ
3194 4017 3349 4087 ἡμῶν
3375 4019 3406 4069 ὁ
3424 4017 3550 4079 Θεὸς
3580 4016 3666 4067 Ari-

2121 4125 2216 4177 γος
2244 4109 2524 4179 ἄνθρωπος
2541 4108 2827 4180 γενόμενος
2856 4109 2921 4161 δι’
2949 4111 3112 4180 ἡμᾶς.
3143 4109 3233 4161 Διὸ
3257 4109 3427 4176 λέγει·
3461 4111 3670 4163 Λύσατε

2122 4199 2229 4252 τὸν
2259 4198 2410 4252 ναὸν
2459 4199 2691 4262 τοῦτον,
2737 4198 2834 4252 καὶ
2877 4199 2947 4251 ἐν
2987 4199 3184 4267 τρισὶν
3227 4199 3479 4267 ἡμέραις
3511 4194 3668 4266 ἐγερῶ

2121 4291 2328 4344 αὐτόν.
2361 4290 2553 4354 Αὐτὸς
2576 4288 2645 4342 δὲ
2677 4290 2845 4358 ἔλεγε
2871 4291 3001 4358 περὶ
3040 4289 3145 4343 τοῦ
3176 4289 3328 4344 ναοῦ
3359 4290 3468 4344 τοῦ
3496 4290 3668 4356 σώμα-

2123 4397 2224 4446 τος
2251 4379 2459 4434 αὑτοῦ.

2766 4472 2920 4525 ΚΕΦ.
2964 4471 3040 4525 6'.

2188 4560 2256 4614 Εἴ
2279 4579 2361 4626 τις
2389 4562 2536 4631 λέγει
2565 4563 2795 4634 στρεπτὸν
2823 4564 2856 4634 ἢ
2881 4563 3164 4618 ἀλλοιωτὸν
3193 4565 3284 4618 τὸν
3311 4565 3558 4636 Χριστὸν,
3590 4563 3669 4614 καὶ

2121 4655 2195 4726 μὴ
2222 4655 2472 4726 ὁμολογεῖ
2507 4657 2668 4710 αὑτὸν
2706 4659 2971 4729 ἄτρεπτον
3001 4658 3079 4728 τῷ
3124 4659 3415 4730 πνεύματι,
3457 4657 3668 4730 φθαρτὸν

2121 4745 2437 4820 [ἄφθαρτον]
2463 4751 2530 4820 τῇ
2556 4751 2737 4820 σαρκὶ,
2766 4749 3260 4820 ἁναθεματιζέσθω.

2746 4933 3075 5001 Ἐρμηνεία.

2190 5023 2312 5086 Πῶς
2340 5023 2383 5076 δ’
2411 5023 2476 5077 ἂν
2503 5024 2646 5092 λέγοι
2683 5041 2765 5088 τις
2799 5025 3029 5095 στρεπτὸν
3064 5025 3096 5095 ἢ
3130 5023 3417 5077 ἀλλοιωτὸν
3443 5023 3528 5075 τὸν
3553 5022 3668 5093 Sp:-

2121 5113 2264 5176 στὸν,
2309 5113 2473 5167 αὑτοῦ
2511 5114 2602 5167 τοῦ
2648 5114 2848 5186 Κυρίου
2895 5113 3158 5184 λέγοντος
3215 5114 3356 5182 Ἐγώ
3391 5117 3536 5182 εἰμι,
3584 5108 3667 5162 καὶ

2119 5209 2230 5260 οὐκ
2257 5207 2620 5275 ἠλλοίωμαι;
2663 5208 2773 5260 Καὶ
2816 5207 2992 5261 πάλιν·
3026 5206 3174 5260 Οὐδὲ
3211 5207 3248 5273 ἡ
3289 5206 3456 5275 ψυχὴ
3499 5200 3664 5257 αὐτοῦ

2121 5300 2541 5370 ἐγκατελείφθη
2591 5303 2677 5367 εὶς
2719 5301 2866 5368 ᾅδου
2899 5300 3007 5373 [ἄλ.
3041 5299 3239 5371 ᾆδην],
3271 5299 3412 5353 οὐδὲ
3450 5300 3486 5367 ή
3527 5293 3664 5362 σὰρξ

2121 5392 2306 5446 αὑτοῦ
2336 5389 2455 5446 εἶδε
2481 5392 2826 5462 διαφθορεὺς

515 5539 886 5622 ηξροητιιι,
929 5541 1017 5596 58.
1094 5541 1332 5622 “"Joan.
1389 5560 1534 5622 xm,_
1555 5562 1664 5602 xvr.
1742 5548 1784 5581 "
1830 5547 2020 5606 Matth.

2151 5594 2164 5617 ,
2189 5553 2280 5608 21.
2356 5556 2398 5587 ⁸⁸
2426 5555 2612 5610 Matth.
2641 5572 2790 5616 χχιι,
2817 5557 2904 5622 6ι1;
2934 5555 3098 5612 Marc.
3127 5573 3240 5622 xlv,
3264 5557 3350 5610 62.
3427 5553 3658 5608 "Matth.

445 5623 556 5692 Evt,
587 5610 676 5663 27.
762 5611 807 5642 ⁸ο
843 5613 944 5692 isa.
995 5629 1077 5692 IX“;
1115 5612 1317 5692 _Matth.
1374 5630 1459 5682 IV;
1487 5614 1696 5692 _.!oan._
1728 5635 1888 5692 t,_m,
1933 5637 2020 5678 νιιι

2146 5610 2163 5690 ξ
2197 5641 2290 5678 xzt.
2366 5625 2410 5656 ⁸¹
2439 5626 2593 5680 Juan.
2634 5643 2709 5690 xu,
2745 5610 2846 5691 23;
2891 5610 3090 5692 iuv,6.
3131 5610 3158 5613 ἡ
3183 5610 3240 5660 ’ί
3271 5627 3426 5682 Joan.
3479 5643 3546 5689 ι,
3585 5626 3657 5675 10.

443 5677 490 5708 ⁸³
515 5676 667 5734 Joan.
693 5697 811 5746 vm,
849 5683 938 5738 51.

1034 5683 1082 5715 ⁸⁵
1106 5681 1264 5740 Joan.
1313 5700 1430 5758 vm,
1473 5685 1560 5742 40.

446 5747 561 5803 Act.
627 5765 688 5818 ιι,
727 5751 814 5806 Si.

1685 5690 1729 5722 ⁸⁵
1775 5688 1934 5746 Joan.
1981 5709 2040 5761 ιι,
2078 5688 2164 5762 i9,
2210 5694 2299 5749 21.

2401 5697 2448 5729 ⁸⁸
2491 5697 2718 5754 Malach.
2774 5715 2855 5764 ιιι,
2893 5700 2946 5754 6.
3087 5700 3130 5732 ⁸⁷
3203 5697 3401 5755 Psalm.
3447 5713 3510 5751 xv
3540 5737 3557 5765 ,
3601 5694 3659 5758 ὃς
