3876 6514
213 308 357 366 “33

862 424 1019 481 ΚΕΦ.
1062 431 1094 481 ιο
1106 469 1115 478 .

281 519 352 574 Et
386 537 470 585 τις
515 515 698 589 λέγει,
751 525 915 592 μέρος
963 517 1246 592 ἀνθρώπου
1305 519 1648 590 ἀνειληφέναι
1691 518 1780 570 τὸν

206 612 464 686 Χριστὸν,
498 613 591 666 καὶ
624 613 697 684 μὴ
723 613 970 684 ὁμολογεῖ
990 611 1149 666 αὐτὸν
1171 611 1287 666 καθ’
1315 610 1601 683 ὁμοιότητα
1630 611 1782 681 ἡμῶν

208 706 355 760 κατὰ
385 705 580 769 πάντα,
609 704 776 776 χωρὶς
805 703 1098 777 ἁμαρτίας,
1127 701 1624 774 ἀναθεματιζέσοω.

839 887 1164 956 Ἑρμηνεία.

283 975 411 1040 Πῶς
439 975 482 1028 δ’
512 975 576 1030 ειν
595 973 741 1044 λέγοι
770 994 872 1040 τις,
910 977 1072 1050 μέρος
1104 976 1390 1050 ἀνθρώπου
1438 977 1784 1048 ἀνειληφέναι

209 1067 304 1121 τὸν
325 1067 578 1140 Χριστὸν,
609 1068 771 1121 αὑτοῦ
807 1067 902 1121 τοῦ
945 1069 1150 1141 Κυρίου
1205 1067 1471 1137 λέγοντος·
1524 1069 1641 1135 Τὴν
1667 1071 1784 1136 ψυ-

209 1160 336 1228 χήν
357 1177 476 1228 μου
501 1161 717 1230 τίθημι,
743 1163 842 1215 ἵνα
872 1160 1057 1215 πάλιν
1082 1161 1470 1230 λάϐωαύτὴν,
1498 1162 1636 1235 ὑπὲρ
1679 1162 1786 1216 τῶν

215 1251 509 1323 προϐάτων
535 1263 550 1282 ⁸
574 1254 682 1306 καί’
725 1253 796 1306 Ἢ
807 1250 963 1321 σάρξ
979 1271 1100 1323 μου
1125 1254 1360 1322 ἀληθής
1385 1254 1514 1308 ἐστι
1530 1255 1784 1323 βρῶσις,

210 1339 314 1390 καὶ
342 1338 407 1391 τὸ
435 1334 576 1408 αἷμα
617 1338 847 1407 ἀληθής
878 1340 1008 1393 ἐστι
1053 1340 1232 1407 πόσις
1263 1351 1276 1364 ⁶
1311 1340 1421 1394 καί·
1457 1340 1520 1394 '0
1554 1340 1789 1412 τρώγων

205 1449 328 1500 μου
363 1431 474 1499 τὴν
499 1428 713 1499 σάρκα,
735 1432 830 1486 καὶ
849 1433 1038 1486 πίνων
1056 1451 1177 1504 μου
1203 1431 1267 1487 τὸ
1294 1431 1456 1504 αἷμα,
1479 1437 1604 1505 ἕχει
1634 1433 1787 1504 ζωὴν

209 1523 456 1578 αἰώνιον
478 1537 496 1588 ;

860 1595 1015 1654 ΚΕΦ.
1059 1598 1156 1650 1Λ’.

285 1686 356 1740 El
389 1702 471 1752 τις
519 1687 665 1757 λέγει
697 1685 902 1756 ἄψυχον
939 1687 972 1758 ἢ
1020 1689 1243 1759 ἀνόητον
1269 1690 1332 1742 τὸ
1367 1689 1524 1761 σῶμα
1556 1689 1650 1744 τοῦ
1679 1691 1789 1743 Κυ-

1420 306 1513 363 DE
1547 302 1701 361 FIDE
1738 303 2082 361 CAPITULA
2123 307 2238 364 XII.

1807 432 1856 485 Α

3316 311 3456 370 1154

2535 426 2690 482 CAP.
2731 423 2777 480 Χ
2789 471 2803 484 .

1960 514 2013 569 Si
2039 517 2162 586 quis
2193 517 2388 572 dixerit
2413 515 2692 572 Christum
2727 525 2934 586 partem
2958 519 3331 574 tantummodo
3365 520 3455 575 ho-

1885 607 2050 662 minis
2081 609 2464 679 assumpsisse,
2486 619 2674 665 etnon
2706 608 2990 665 confessus
3020 609 3185 666 fuerit
3221 612 3371 666 illum
3397 613 3452 666 in

1886 701 2138 756 omnibus
2179 703 2540 758 assimilatum
2571 703 2730 758 nobis
2777 718 2921 767 esse,
2952 712 3179 774 excepto
3209 717 3451 776 peccato,

1885 793 2172 848 anathema
2203 804 2341 849 esto.

2502 882 2830 953 Explicatio.

1955 973 2241 1040 Quomodo
2269 975 2414 1029 dicat
2459 976 2582 1042 quis
2610 974 2887 1030 Christum
2929 985 3136 1045 partem
3191 975 3456 1031 duntaxat

1888 1066 2126 1123 hominis
2170 1068 2556 1138 assumpsisse,
2592 1067 2709 1136 ipso
2739 1067 2972 1123 Domino
3013 1069 3227 1124 dicente
3259 1087 3273 1123 :
3305 1068 3455 1123 Pono

1886 1157 2122 1209 animam
2157 1172 2326 1210 meam
2360 1159 2480 1226 (pro
2509 1159 2900 1226 ovibus'meis)
2933 1168 2988 1211 ut
3034 1159 3218 1211 iterum
3247 1175 3456 1213 sumant

1885 1266 2002 1302 eam
2026 1249 2072 1280 ⁸⁸
2095 1268 2109 1316 ;
2149 1261 2202 1304 et
2227 1267 2240 1304 :
2276 1247 2412 1304 Caro
2435 1268 2548 1304 mea
2573 1268 2687 1305 rere
2707 1261 2784 1305 est
2812 1251 2976 1314 cibus,
3003 1260 3051 1305 et
3076 1253 3290 1322 sanguis
3311 1269 3458 1306 meus

1888 1357 2002 1394 vere
2024 1352 2098 1394 est
2127 1350 2280 1411 potus
2297 1341 2363 1409 ⁵⁹;
2396 1351 2448 1396 ct
2475 1358 2488 1393 :
2523 1341 2626 1407 Qui
2657 1344 2944 1396 mandarat
2973 1360 3181 1396 carnem
3211 1361 3378 1397 meam
3408 1355 3458 1398 et

1889 1431 2017 1484 bibit
2054 1431 2360 1503 sanguinem
2387 1450 2578 1500 meum,
2611 1433 2764 1487 habet
2789 1435 2952 1488 vitam
2987 1445 3238 1489 mter-nam
3261 1436 3305 1467 ⁸⁸
3329 1436 3350 1489 l

2528 1594 2682 1650 CAP.
2712 1595 2805 1649 XI.

1962 1685 2020 1741 Si
2060 1686 2184 1756 quis
2226 1686 2425 1741 dixerit
2463 1701 2663 1757 corpus
2701 1686 2902 1741 Christi
2945 1701 3069 1742 esse
3121 1686 3381 1752 inanime,
3403 1695 3460 1742 et

215 1781 355 1852 ρίου,
377 1781 468 1834 καὶ
495 1781 568 1852 μὴ
599 1782 849 1852 ὁμολογεί
869 1780 1025 1834 αὐτὸν
1052 1781 1253 1836 τέλειον
1276 1782 1418 1835 κατά
1447 1781 1670 1854 [πάντα]
1694 1784 1784 1838 ἄν·

1901 1778 2009 1832 sine
2040 1786 2238 1844 mente,
2273 1787 2326 1833 et
2353 1793 2460 1832 non
2497 1777 2783 1834 confessus
2816 1777 2982 1831 fuerit
3014 1777 3165 1832 illum
3203 1792 3373 1832 unum
3397 1787 3454 1832 et

213 1873 432 1944 θρωπον
460 1872 554 1926 ἕνα
581 1874 675 1927 καὶ
702 1873 792 1926 τὸν
814 1873 994 1937 αὑτὸν,
1017 1871 1513 1945 ἀναθεματιξέσθω.

841 2053 1167 2122 Ἑρμηνειά.

285 2145 411 2210 Πῶς
435 2145 492 2200 δὲ
525 2145 591 2200 ἂν
616 2145 761 2215 λέγοι
799 2161 883 2209 τις
910 2145 1112 2216 ἄψυχον
1141 2146 1233 2199 καὶ
1267 2146 1490 2216 ἀνόητον
1526 2146 1587 2198 τὸ
1632 2145 1788 2217 σῶμα

210 2239 306 2295 τοῦ
333 2233 884 2312 Κυρίου[Χριστοῦ];
924 2240 1150 2312 Ταραχὴ
1184 2239 1312 2312 γὰρ,
1353 2241 1446 2292 καὶ
1485 2239 1650 2311 λύπη,
1696 2242 1790 2293 καὶ

210 2336 499 2407 ἁδημονὶα,
526 2333 646 2387 οὔτε
685 2334 884 2405 σαρκὸς
914 2323 1140 2403 ἀψύχου,
1171 2331 1293 2385 οὔτε
1325 2332 1500 2403 ψυχῆς
1538 2334 1786 2405 ἀνοήτου,

209 2424 335 2480 οὔτε
371 2426 614 2496 θεότητος
640 2425 932 2495 ἀτρέπτου,
956 2424 1075 2477 οὐδὲ
1106 2423 1376 2495 δοκήσεως
1401 2424 1639 2490 ἔνδειξις,
1667 2425 1788 2478 οὔτε

212 2519 560 2590 ἀνθρωπίνης
586 2516 868 2579 ἀσθενείας
899 2517 1134 2587 ἥττημα·
1168 2515 1304 2570 ἀλλὰ
1339 2516 1448 2569 τῶν
1483 2515 1602 2570 καθ’
1643 2519 1789 2588 ἡμᾶς

211 2612 402 2667 παθῶν
424 2613 517 2684 τὴν
549 2611 798 2677 ἐπίδειξιν
819 2613 874 2664 ὲν
894 2610 1066 2682 ἐαυτῷ
1097 2611 1328 2664 ἐποιεῖτο
1347 2614 1374 2664 ὁ
1399 2611 1586 2679 Λόγος,
1621 2629 1789 2665 καταε

209 2705 501 2777 δεξάμενος
522 2705 582 2759 τὸ
615 2703 930 2774 παθητικὸν,
969 2703 1152 2768 καθὼς
1195 2705 1521 2775 γέγραπται,
1561 2705 1641 2757 ὅτι
1685 2706 1789 2758 αὺ-

210 2797 316 2864 τὸς
344 2798 452 2864 τὰς
476 2799 791 2862 ἀσθενείας
816 2794 984 2866 ήμῶν
1007 2797 1278 2862 ἀνέλαϐε,
1308 2797 1404 2850 καὶ
1433 2795 1538 2863 τὰς
1563 2799 1788 2862 νόσους

209 2883 533 2939 ἐϐάστασε.
568 2885 790 2956 Ταραχὴ
815 2883 946 2956 γὰρ,
975 2886 1069 2938 καὶ
1089 2883 1254 2956 λύπη,
1286 2886 1380 2940 καὶ
1397 2886 1661 2956 ἀδημονία
1687 2887 1788 2955 ψυ-

210 2976 316 3047 χῆς
345 2978 650 3047 νοσήματα’
691 2977 858 3041 κόπος
889 2979 966 3042 δὲ,
1009 2979 1102 3032 καὶ
1143 2978 1306 3043 ὕπνος
1334 2980 1424 3033 καὶ
1449 2980 1645 3050 τρῶσις
1681 2981 1786 3032 σώ-

213 3087 406 3142 ματος,
442 3071 640 3144 σαρκὸς
661 3072 1026 3145 ἀσθενήματα.

857 3348 1012 3405 ΚΕΦ.
1058 3351 1157 3404 IB'.

284 3436 356 3490 Εἴ
372 3454 454 3502 τις
486 3436 652 3506 λέγει,
701 3439 920 3509 δοκήσει
963 3439 1375 3511 πεφανερῶσθαι
1416 3441 1506 3493 τὸν
1556 3441 1787 3512 Χριστὸν

203 3530 287 3599 τῷ
315 3530 523 3600 κόσμῳ,
547 3532 638 3583 καὶ
669 3531 742 3602 μὴ
763 3531 1013 3602 ὁμολογεῖ
1046 3533 1206 3586 αὑτὸν
1245 3536 1301 3586 ὲν
1331 3538 1494 3603 σαρκὶ
1541 3533 1789 3605 ἐληλυθέ-

205 3635 320 3681 ναι,
355 3619 853 3691 ἀναθεματιζέσθω.

849 3716 1176 3784 Ἑρμηνεία.

283 3805 411 3868 Πῶς
448 3805 504 3858 δὲ
544 3806 608 3859 ἂν
651 3805 797 3874 λέγοι
830 3822 932 3870 τις,
966 3806 1183 3878 δοκήσει
1218 3805 1633 3879 πεφανερῶσθαι
1661 3811 1790 3882 Χρι-

208 3899 341 3952 στὸν
371 3897 449 3968 τῷ
497 3899 683 3970 κόσμῳ
715 3899 804 3951 τὸν
831 3899 1158 3971 ἐπι-Βηθλεὲμ
1186 3899 1463 3971 τεχθέντα,
1493 3903 1587 3956 καὶ
1628 3919 1788 3972 περι-

206 3995 352 4064 τομῇ
385 3991 582 4063 σαρκὸς
613 3991 1036 4063 προσαγόμενον,
1078 3993 1305 4046 καὶ’ὑπὸ
1335 3994 1558 4065 Συμεὼν
1599 3995 1788 4065 βασταο

205 4084 432 4157 χθέντα,
459 4085 553 4136 καὶ
573 4083 879 4155 δωδεκαετῆ
907 4087 1305 4154 ἀνατραφέντα,
1346 4088 1438 4140 καὶ
1470 4091 1578 4152 τοῖς
1608 4088 1790 4156 γονεῦ-

209 4189 298 4228 σιν
328 4173 685 4244 ὐποταγέντα,
711 4177 804 4229 καὶ
832 4177 889 4228 ὲν
921 4177 1158 4251 Ἰορδάνῃ
1189 4178 1568 4248 βαπτισθέντα,
1604 4181 1696 4233 καὶ
1734 4184 1789 4233 ἐν

209 4267 434 4338 σταυρῷ
453 4267 886 4338 προσηλωθέντα,
909 4269 1002 4320 καὶ
1027 4270 1090 4321 ὲκ
1111 4269 1316 4342 νεκρῶν
1345 4271 1650 4325 ἀναστάντα
1669 4288 1682 4336 ;

280 4357 374 4410 Διὸ
400 4356 501 4410 κᾶν
519 4357 741 4428 λέγηται
771 4355 888 4427 [καὶ
910 4357 1169 4430 λέγεται]’
1187 4361 1595 4431 Ἐταρὰχθητῷ
1614 4363 1790 4415 πνεύ-

1889 1869 2140 1924 eumdem
2157 1875 2459 1926 secundum
2479 1870 2662 1925 omnia
2690 1869 2986 1940 perfectum
3009 1869 3286 1926 hominem
3311 1885 3454 1937 esse,

1889 1962 2177 2016 anathema
2202 1971 2340 2017 esto.

2507 2054 2841 2125 Explicatio.

1959 2145 2244 2211 Quomodo
2271 2156 2482 2202 asserat
2521 2147 2644 2217 quis
2673 2162 2869 2217 corpus
2897 2147 3101 2220 Christi
3133 2147 3330 2202 animae
3363 2154 3460 2201 ant

1889 2239 2192 2294 intellectus
2221 2254 2416 2308 expers
2439 2241 2592 2294 esse?
2627 2239 2887 2294 Turbalio
2926 2241 3091 2306 enim,
3127 2249 3180 2294 et
3211 2238 3456 2304 tristitia,

1888 2343 1942 2388 et
1974 2350 2196 2399 mmror,
2227 2349 2402 2403 neque
2433 2334 2755 2388 suntcarnis
2773 2334 2954 2388 anima
2988 2334 3248 2398 carentis,
3281 2349 3456 2404 neque

1889 2429 2084 2481 anima:
2117 2427 2388 2481 intellectu
2425 2427 2715 2490 destitutae,
2750 2442 2923 2496 neque
2969 2426 3326 2482 immutabilis
3371 2426 3455 2481 di-

1890 2517 2153 2581 vinitatis,
2185 2532 2360 2584 neque
2385 2516 2524 2585 ejus,
2553 2516 2697 2585 quod
2743 2525 2952 2570 tantum
2996 2517 3204 2570 videtur
3231 2531 3376 2582 esse,
3404 2524 3460 2571 et

1889 2624 1998 2662 non
2039 2616 2156 2674 est,
2209 2608 2491 2670 indicium,
2546 2621 2721 2677 neque
2773 2607 3024 2661 humanas
3078 2607 3459 2662 imbecillitatis

1888 2700 2160 2766 defectus;
2191 2699 2282 2754 sed
2315 2699 2630 2769 passionum
2653 2707 2706 2752 et
2733 2698 3110 2769 aegritudinum
3146 2693 3458 2755 nostrarum

1890 2793 2158 2860 specimen
2194 2792 2246 2844 in
2272 2809 2330 2846 se
2365 2793 2485 2861 ipso
2515 2788 2751 2844 Verbum
2788 2791 2948 2845 edere
2977 2792 3186 2857 voluit;
3212 2793 3458 2862 passibili

1889 2895 2080 2939 natura
2112 2884 2166 2938 in
2194 2899 2252 2938 se
2288 2893 2561 2953 suscepta,
2591 2885 2732 2939 sicut
2755 2885 3015 2954 scriptum
3049 2893 3134 2939 est
3165 2903 3177 2938 :
3211 2883 3457 2953 Languo-

1890 2992 1969 3028 res
1990 2988 2193 3028 nostros
2216 2977 2324 3045 ipse
2341 2975 2484 3040 tulit,
2500 2988 2548 3029 et
2567 2976 2772 3031 dolores
2792 2986 2999 3030 nostros
3022 2977 3129 3046 ipse
3143 2977 3372 3045 portavit
3390 2977 3456 3031 ⁶¹.

1891 3066 2152 3122 Turbalio
2189 3069 2354 3134 enim,
2404 3079 2457 3122 et
2505 3069 2745 3134 tristitia,
2789 3078 2843 3123 et
2879 3084 3069 3140 angor,
3115 3076 3246 3124 sunt
3290 3068 3460 3124 animi

1889 3160 2267 3229 aegritudines;
2297 3155 2455 3214 labor
2485 3170 2686 3227 autem,
2722 3171 2775 3215 et
2803 3175 3050 3224 somnus,
3078 3168 3132 3216 et
3157 3159 3461 3214 vulneratio

1891 3252 2132 3321 corporis
2161 3260 2288 3306 sunt
2320 3251 2660 3308 inﬁrmitates
2691 3252 2891 3307 carnis.

2517 3342 2670 3397 CAP.
2711 3341 2825 3397 XII.

1962 3433 2020 3489 Si
2041 3437 2162 3505 quis
2189 3437 2385 3491 dixerit
2407 3437 2520 3491 sola
2544 3437 2801 3504 opinione
2830 3445 2882 3490 et
2912 3437 3160 3505 putatitie
3177 3435 3457 3491 Christum

1889 3527 1944 3580 in
1990 3527 2194 3581 mundo
2239 3527 2577 3598 apparuisse,
2609 3534 2663 3580 et
2709 3543 2815 3580 non
2870 3526 3155 3582 confessus
3198 3525 3363 3581 fuerit
3405 3526 3463 3580 in

1892 3635 2057 3677 carne
2081 3622 2319 3688 venisse,
2348 3622 2635 3676 anathema
2665 3631 2801 3676 esto.

2513 3712 2839 3782 Eaplicatio.

1962 3806 2248 3873 Quomodo
2283 3806 2572 3861 allirmabit
2600 3807 2744 3876 quis,
2781 3807 3027 3876 putatitie
3080 3806 3462 3862 tantummodo

1889 3899 2166 3955 Christum
2193 3900 2246 3954 in
2267 3901 2468 3954 mundo
2485 3901 2823 3969 apparuisse,
2841 3909 3024 3954 natum
3046 3899 3099 3954 in
3123 3900 3461 3964 Bethlehem,

1891 3991 2273 4046 circumcisum
2312 4003 2368 4044 et
2400 4007 2430 4044 a
2464 3991 2719 4046 Simeone
2782 3992 2925 4046 ulnis
2967 3999 3254 4062 gestatum,
3290 4008 3466 4060 usque

1891 4082 1960 4136 ad
2015 4081 2396 4136 duodecimum
2454 4097 2657 4136 annum
2703 4098 2730 4136 a
2778 4084 3095 4151 parentibus
3146 4084 3462 4148 educatum,

1893 4175 2196 4244 iisdemque
2266 4175 2639 4246 morigerum,
2703 4177 2754 4229 in
2811 4175 3049 4231 Iordane
3104 4177 3463 4247 baptizatum,

1893 4267 2042 4320 cruci
2070 4267 2320 4333 aﬂixum,
2355 4283 2417 4322 ex
2454 4267 2685 4322 mortuis
2715 4269 3052 4323 excitatum?

1963 4357 2253 4428 Propterea
2282 4359 2502 4429 quando
2527 4359 2724 4414 dicitur
2750 4380 2762 4412 :
2788 4358 3050 4414 Turbatus
3067 4368 3144 4414 est
3169 4361 3360 4423 spiritu
3378 4361 3423 4392 "
3445 4379 3459 4415 :

200 4465 369 4522 ματι,
395 4448 665 4516 ἐλυπήθη
698 4447 770 4518 τῇ
801 4448 992 4518 ψυχῇ,
1034 4450 1251 4519 ἐτρώθη
1287 4449 1364 4516 τῷ
1405 4452 1649 4521 σώματι,
1692 4455 1784 4519 τὰς

1901 4447 2159 4502 Tristatus
2210 4459 2286 4502 est
2340 4451 2519 4504 anima
2545 4451 2626 4517 ⁶³;
2669 4466 2881 4516 corpore
2921 4450 3226 4503 vulneratus
3272 4461 3348 4504 est
3383 4449 3462 4515 “,

207 4542 356 4598 κατὰ
392 4541 491 4614 τὴν
538 4543 810 4613 ἡμετέραν
845 4541 1099 4596 σύστασιν
1144 4543 1251 4596 τῶν
1289 4543 1473 4597 παθῶν
1521 4561 1788 4617 προσηγο-

211 4633 338 4708 ρίας
364 4633 564 4705 ἵστησι,
587 4634 680 4685 καὶ
708 4633 794 4685 ἵνα
821 4633 990 4704 δείξῃ,
1025 4635 1106 4685 ὅτι
1128 4633 1408 4704 ἅνθρωπος
1448 4636 1706 4706 ἐγεννήθη
1731 4637 1786 4686 ἐν

210 4726 290 4796 τῷ
314 4727 523 4795 κόσμῳ,
550 4724 642 4777 καὶ
674 4723 795 4788 τοῖς
824 4723 1150 4791 ἀνθρώποις
1179 4725 1639 4794 συνανεστριὶρη
1666 4726 1786 4779 καθ’

207 4817 716 4890 ὁμοιότητα,χωρ“ις
761 4817 1049 4887 ἁμαρτίας.
1098 4818 1386 4888 Ἐγεννήθη
1432 4821 1539 4888 γὰρ
1588 4822 1644 4871 ἐν
1685 4821 1788 4888 Βη-

209 4910 335 4964 Θλεὲ
346 4929 401 4980 μ,
432 4909 767 4981 θεοπρεπῶς,
803 4911 942 4962 κατὰ
965 4910 1160 4980 σάρκα,
1186 4911 1430 4978 ἀγγέλων
1453 4912 1788 4981 ἐπουρανίων

205 5001 600 5068 ὲπεγνωκότων
620 4999 712 5054 τὸν
741 5001 904 5054 αὐτὸν
943 5000 1236 5070 Δεσπότην,
1281 5002 1370 5053 καὶ
1412 5002 1791 5070 ἁνυμνούντων

202 5091 301 5146 τὸν
345 5091 402 5144 ὲν
445 5093 616 5164 φάτνῃ
672 5093 1130 5164 σπαργανωθέντα
1181 5093 1334 5156 Θεὸν,
1379 5095 1468 5146 καὶ
1505 5092 1785 5161 λεγόντων⁸

205 5185 370 5248 Δόξα
387 5183 456 5238 ἐν
484 5185 767 5252 ὑψίστοις
797 5184 934 5249 Θεῷ,
948 5185 1041 5237 καὶ
1067 5185 1164 5237 ἐπὶ
1196 5183 1305 5253 γῆς
1326 5184 1558 5254 εἰρήνη,
1584 5185 1654 5237 ἐν
1685 5187 1788 5238 ἀν-

205 5274 464 5342 θρώποις
491 5273 749 5328 εὐδοκία.
801 5277 887 5328 Ἐν
911 5274 1162 5347 Ναζαρὲτ
1187 5277 1460 5347 ἀνετράφη
1477 5293 1490 5305 ο
1519 5275 1791 5344 θεοφανῶς

205 5368 269 5418 ἐν
328 5366 478 5436 μέσῳ
523 5366 854 5420 διδασκάλων
907 5367 1288 5437 καθεζόμενος,
1337 5369 1428 5420 καὶ
1471 5368 1790 5439 ἐκπλήττων

202 5458 402 5521 αὐτοὺς
457 5462 520 5529 τῇ
563 5459 723 5530 σοφίᾳ
766 5461 914 5532 παρὰ
948 5461 1136 5530 καιρὸν
1166 5460 1378 5530 ἡλικίας
1419 5462 1517 5530 τῆς
1559 5463 1697 5514 κατὰ
1728 5462 1787 5514 τὸ

204 5549 389 5619 σῶμα,
441 5549 515 5613 ὡς
563 5551 948 5622 ἀπαριθμεῖται
990 5554 1018 5605 ὁ
1066 5551 1418 5620 εὐαγγελικὸς
1461 5553 1634 5620 λόγος.
1697 5555 1784 5606 Ἐν

282 5706 329 5740 ⁸⁸
357 5705 515 5764 Joan.
571 5727 624 5770 Χ,
672 5709 757 5764 17.
836 5712 879 5742 δ’
941 5711 1098 5766 Joan.
1147 5713 1339 5776 vr,56.

201 5778 262 5813 ⁸⁸
284 5777 473 5834 Matth.
510 5796 654 5848 xxw,
688 5781 776 5836 58.

1447 5715 1490 5743 ⁶⁰
1524 5714 1678 5776 Iliid.,

856 5780 900 5813 "
935 5784 1039 5838 lsa.
1077 5799 1196 5849 Llll,
1224 5785 1276 5839 5.
1319 5785 1362 5818 ⁶⁸
1388 5783 1622 5842 Baruch.
1646 5799 1746 5854 ιιι,
1787 5785 1876 5842 58.

1897 4551 2096 4596 nostra;
2144 4541 2553 4598 constitutionis
2599 4542 2912 4597 aﬂ‘ectiones
2959 4543 3119 4598 nobis
3165 4543 3236 4596 ob
3275 4543 3464 4597 oculos

1896 4634 2401 4703 ponit,ntostendat
2450 4637 2596 4705 quod
2636 4637 2800 4689 homo
2835 4637 2886 4688 in
2936 4636 3140 4689 mundo
3174 4644 3334 4690 natus
3371 4635 3464 4700 sit,

1893 4734 1940 4777 et
1969 4740 2088 4776 cum
2123 4725 2418 4778 hominibus
2448 4736 2782 4780 conversatus
2805 4726 2848 4757 ⁸⁸
2875 4725 3188 4794 sit,absque
3217 4739 3462 4794 peccato.

1894 4814 2060 4871 Natus
2090 4818 2232 4870 enim
2259 4819 2412 4870 estin
2444 4816 2752 4871 Bethlehem
2778 4817 3076 4871 secundum
3104 4831 3321 4871 carnem
3355 4816 3466 4871 Deo

1894 4909 2299 4972 convenienter,
2344 4908 2658 4963 cmlestibus
2715 4907 2920 4977 angelis
2969 4907 3260 4961 Dominum
3304 4925 3465 4962 suum

1897 5001 2337 5070 agnoscentibus,
2369 5001 2809 5072 hymnorumque
2837 5010 3002 5055 cantu
3037 5007 3091 5054 et
3119 5000 3347 5055 melodia
3375 5016 3466 5056 cc-

1893 5093 2230 5148 lebrantibus
2260 5094 2424 5147 Deum
2471 5091 2659 5148 fasciis
2685 5092 2738 5146 in
2781 5091 3009 5162 praesepi
3046 5093 3372 5157 involutum,
3412 5101 3463 5147 ct

1892 5183 2237 5238 dicentibus:
2269 5183 2455 5238 Gloria
2496 5185 2552 5237 in
2578 5183 2797 5237 excelsis
2838 5183 2969 5250 Deo,
2999 5194 3046 5238 et
3087 5185 3140 5238 in
3187 5193 3324 5238 terra
3358 5202 3463 5255 pax

1893 5275 2188 5328 hominibus
2221 5275 2368 5328 bona:
2396 5275 2682 5329 voluntatis
2707 5277 2768 5330 ⁸⁸.
2807 5275 2862 5329 ln
2891 5275 3158 5331 Nazareth
3193 5279 3462 5334 enutritus

1895 5381 1996 5426 est.
2021 5372 2076 5425 Ιιι
2105 5373 2282 5426 medio
2317 5374 2606 5427 doctorum
2641 5371 2734 5428 Dei
2765 5374 2937 5430 instar
2965 5376 3122 5440 sedit,
3149 5389 3353 5445 eosque
3377 5388 3452 5430 sa-

1895 5464 2094 5534 pientia
2121 5481 2218 5519 sua
2249 5464 2626 5534 obstupefecit,
2650 5477 2842 5537 prazter
2869 5469 3112 5523 ordinem
3139 5470 3466 5536 modumque

1891 5556 2084 5621 artatis,
2118 5557 2163 5610 si
2192 5572 2391 5626 corpus
2421 5565 2651 5627 spectes,
2686 5570 2741 5614 ut
2770 5576 2833 5617 ex
2865 5558 3153 5630 Evangelio
3190 5559 3376 5629 liquet.
3406 5557 3462 5612 In

1921 5715 1963 5746 σί
1996 5713 2098 5768 lsa.
2121 5731 2235 5779 LIII,
2260 5716 2311 5773 4.

2417 5713 2460 5748 ⁸⁸
2498 5713 2656 5772 Joan.
2692 5729 2770 5783 ιιι,
2796 5715 2898 5784 35;
2932 5731 3028 5785 ιιι,
3066 5715 3175 5784 27;
3215 5731 3337 5785 xui,
3369 5715 3465 5770 9.1..

1957 5785 2001 5818 ⁶⁶
2032 5784 2164 5840 Luc.
2193 5799 2255 5852 ιι,
2298 5783 2386 5840 14.
