3876 6538
465 351 602 408 H35

1095 348 1153 402 S.
1193 345 1516 403 GREGORII
1553 343 1910 400 TllAUllAT.
1953 342 2101 398 OPP.
2139 341 2324 399 PARS
2377 341 2677 400 ALTERA.
2719 376 2788 386 —
2825 345 3054 404 DUBIA.

3545 347 3676 405 1158

461 469 695 526 Jortlane
721 469 1022 538 baptizatus
1051 467 1216 530 est",
1249 482 1355 520 non
1388 475 1446 520 ut
1473 465 1675 534 aliquid
1708 463 2012 519 sanctiﬁca-

2127 463 2360 536 Ἰορδάνῃ
2399 463 2717 536 ἐϐαπτίσθη,
2743 464 2844 517 οὐκ
2881 461 3152 534 ἁγιασμοῦ
3185 461 3480 534 προσλήψει
3515 479 3676 534 προσ-

461 561 626 616 tionis
655 559 981 630 perciperet;
1016 559 1104 614 sed
1152 567 1209 610 nt
1247 555 1726 611 sanctiﬁcationem
1755 555 1874 608 aliis
1912 554 2007 606 im-

461 653 701 725 pertiret.
744 655 802 706 ln
829 651 1118 706 solitudine
1147 659 1383 705 tentatus
1421 657 1503 704 est
1526 648 1592 710 εδ,
1631 661 1736 701 non
1771 662 2022 701 succum-

459 743 594 800 bens
623 741 926 805 teutationi,
965 741 1056 796 sed
1111 746 1328 795 nostras
1365 739 1688 792 tentationes
1741 737 2020 792 tentatoris

459 835 842 907 provocatione
876 849 986 903 prae
1013 848 1072 887 se
1107 831 1309 906 ferens,
1361 841 1420 884 ut
1453 829 1703 885 omnibus
1731 831 2018 884 vanitatem

457 937 512 982 et
537 928 960 983 imbecillitatem
990 925 1284 980 adversarii
1325 921 1669 994 patefaceret.

531 1021 820 1090 Propterea
851 1027 1074 1074 monet:
1114 1017 1392 1086 Conﬁdite,
1425 1033 1516 1088 ego
1551 1017 1648 1072 vici
1675 1015 1930 1069 mundum
1948 1016 2014 1066 δ’.

459 1111 646 1180 Neque
687 1111 930 1164 divinum
979 1108 1443 1178 prepngnaculum
1495 1107 1712 1178 ohjecit,
1762 1105 1857 1160 sed
1896 1121 2018 1160 car-

460 1217 583 1256 nem
653 1201 932 1270 propriam
1001 1197 1279 1268 passioni,
1349 1198 1508 1252 morti
1566 1205 1619 1252 et
1687 1195 2020 1266 corruptioni

457 1294 802 1348 devincendae
847 1293 1132 1362 opposuit,
1177 1301 1236 1346 ut
1277 1307 1370 1362 per
1407 1307 1570 1360 quam
1621 1305 1838 1343 carnem
1893 1303 2018 1358 pee~

459 1395 642 1442 catum
691 1387 989 1440 intraverat
1044 1385 1096 1439 in
1153 1384 1438 1448 mundum,
1496 1393 1548 1436 et
1603 1397 1695 1452 per
1737 1389 2016 1450 peccatum

457 1479 688 1543 mors",
717 1477 1002 1548 imperium
1031 1476 1084 1530 in
1111 1491 1300 1531 omnes
1333 1489 1590 1531 exercens
1611 1491 1626 1539 ;
1651 1489 1742 1542 per
1771 1471 2016 1528 eamdem

459 1587 676 1626 carnem
724 1568 1020 1625 secundum
1085 1566 1498 1622 similitudinem
1567 1565 2020 1622 condemnaretur

455 1669 740 1730 peccatum
807 1659 862 1713 in
917 1673 1100 1723 carne;
1161 1657 1474 1729 peccatique
1514 1658 1740 1712 antistes
1785 1662 2019 1710 tentator

459 1755 552 1810 ilie
599 1761 969 1824 superaretur,
1017 1765 1164 1806 mors
1211 1751 1595 1806 dissolveretur
1643 1747 1870 1818 imperio
1915 1761 2017 1802 suo

459 1846 698 1914 deiecta,
747 1853 802 1898 et
847 1852 1204 1898 evacuarctur
1247 1842 1522 1911 corruptio
1563 1841 1616 1894 in
1666 1841 1910 1909 corporis
1935 1851 2020 1892 se-

457 1935 735 2008 pultura“
757 1977 772 2002 ,
801 1935 1159 2004 primitizeque
1183 1933 1599 1988 resurrectionis
1631 1932 1806 2001 palam
1833 1938 2019 1985 osten-

459 2027 736 2089 derentur,
792 2036 844 2078 et
885 2025 1095 2078 initium
1139 2023 1366 2094 iustitiae
1411 2039 1508 2093 per
1546 2022 1702 2078 (idem
1739 2021 1792 2074 in
1819 2019 2020 2073 mundo

459 2117 854 2182 etiloresceret,
892 2129 1234 2188 regnumque
1272 2115 1534 2171 caelorum
1581 2112 1892 2168 hominibus
1924 2127 2022 2166 an-

459 2210 823 2275 nuntiaretur,
857 2195 936 2262 let
1001 2207 1096 2262 Dei
1153 2223 1277 2262 cum
1339 2205 1653 2262 hominibus
1710 2203 2021 2260 communio

459 2302 708 2356 iniretur.

530 2393 612 2449 Ob
634 2394 775 2448 hanc
807 2392 1034 2463 gratiam
1067 2393 1428 2462 gloriﬁcemns
1485 2391 1729 2460 Patrem,
1751 2393 1843 2463 qui
1878 2394 2024 2450 dedit

459 2487 658 2540 Filium
713 2500 874 2542 suum
945 2485 1281 2554 unigenitum
1345 2499 1443 2555 pro
1493 2485 1678 2540 mundi
1721 2485 1849 2539 vita.
1897 2485 2023 2540 Glo-

460 2581 738 2636 riﬁcemus
778 2579 1039 2648 Spiritum
1067 2587 1347 2640 sanctum,
1385 2586 1697 2646 operantem
1747 2579 1800 2631 in
1843 2579 2020 2640 nobis.

459 2687 668 2740 nosque
713 2669 1106 2734 viviﬁcantem;
1152 2669 1246 2736 qui
1289 2667 1446 2722 nobis
1495 2669 1633 2722 dona
1669 2667 1736 2722 ad
1779 2683 2024 2722 comnm-

459 2762 676 2816 nionem
709 2775 832 2815 cum
859 2757 968 2814 Deo
997 2757 1420 2812 contrahendam
1452 2758 1758 2812 necessaria
1812 2759 2021 2812 submi-

461 2853 692 2918 nistrat;
761 2865 936 2920 neque
985 2848 1308 2918 Evangelica
1361 2849 1582 2902 oracula
1631 2849 1862 2904 curiosis
1911 2849 2022 2904 dis-

459 2941 834 3014 putationibus
862 2940 1266 3006 examinemus,
1301 2939 1658 2994 interminatis
1707 2937 2022 3008 quaestioni-

459 3037 566 3092 bus
581 3035 978 3103 verborumque
1003 3032 1198 3102 pugnis
1233 3031 1288 3084 in
1317 3031 1557 3086 medium
1601 3029 1778 3084 allatis
1807 3031 2020 3100 planam

2121 557 2406 628 αγόμενος,
2445 555 2558 610 ἀλλ’
2591 555 2862 626 ἀγιασμοῦ
2897 557 3126 628 μετοχὴν
3185 555 3554 628 χαριζόμενος.
3598 557 3678 608 Ἑν

2119 652 2184 720 τῇ
2237 651 2425 722 ἐρήμῳ
2476 649 2805 722 ὲπειράσθη,
2853 649 2913 701 οὐ
2961 647 3250 720 πειρασμῷ
3293 649 3676 719 ὑποκείμενος,

2119 741 2254 796 ἀλλὰ
2281 743 2407 805 τοὺς
2440 743 2734 813 ἡμετέρους
2769 743 3106 814 πειρασμούς
3151 743 3217 810 τῇ
3261 739 3552 810 προκλήσει
3592 739 3676 792 τοῦ

2121 835 2465 904 πειράζοντος
2513 834 2970 905 προϐαλλόμενος,
3012 833 3096 886 ἴνα
3138 831 3286 906 δείξῃ
3341 833 3562 902 μάταιον
3597 833 3676 886 τὸν

2121 923 2466 994 πειράζοντα.

2193 1015 2283 1067 Διὸ
2314 1014 2478 1084 λέγει·
2518 1013 2818 1082 Θαρσεῖτε,
2845 1012 2958 1082 ἐγὼ
2987 1013 3268 1080 νενίκηκα
3305 1011 3410 1064 τέιν
3438 1013 3674 1080 κόσμον,

2119 1107 2180 1159 οὐ
2215 1105 2399 1178 θεῖκὴν
2421 1107 2594 1176 πάλην
2617 1106 3066 1178 προϐαλλόμενος,
3083 1105 3216 1158 ἀλλὰ
3229 1103 3326 1176 τὴν
3350 1105 3484 1156 ἰδίαν
3515 1105 3674 1174 σάρκα

2122 1201 2430 1272 νικητήριον
2475 1199 2676 1262 πάθους
2720 1199 2814 1252 καὶ
2845 1197 3074 1251 θανάτου
3117 1197 3210 1250 καὶ
3247 1195 3454 1268 φθορᾶς
3485 1195 3674 1248 ἐπιδει-

2122 1291 2401 1362 κνύμενος,
2432 1291 2517 1344 ἵνα
2555 1291 2622 1344 δι’
2663 1285 2728 1362 ἧς
2767 1289 2962 1362 σαρκὸς
2993 1293 3024 1362 ἡ
3065 1289 3304 1360 ἁμαρτία
3339 1286 3584 1358 εἰσῆλθεν
3609 1289 3674 1350 είς

2120 1386 2210 1438 τὸν
2245 1385 2467 1456 κόσμον,
2507 1385 2600 1438 καὶ
2634 1383 2720 1438 διὰ
2761 1385 2859 1455 τῆς
2884 1383 3152 1455 ἁμαρτίας
3179 1385 3206 1435 6
3245 1381 3470 1446 θάνατος
3509 1381 3676 1434 ἐϐασί-

2120 1475 2275 1527 λευσε
2312 1473 2526 1528 πάντων
2553 1473 2874 1546 ἀνθρώπων,
2909 1473 2996 1526 διὰ
3025 1474 3122 1542 τῆς
3146 1473 3314 1542 αὐτῆς
3343 1471 3544 1544 σαρκὸς
3569 1471 3674 1524 καθ’

2118 1567 2408 1638 ὁμοιότητα
2449 1566 2748 1638 κατακριθῇ
2789 1569 2822 1638 ἡ
2861 1567 3104 1638 ἁμαρτία
3149 1569 3206 1618 ὲν
3249 1567 3314 1636 τῇ
3359 1564 3544 1635 σαρκὶ,
3595 1561 3672 1614 καὶ

2119 1660 2312 1732 νικηθῇ
2340 1663 2368 1713 6
2393 1661 2492 1731 τῆς
2521 1661 2791 1732 ἁμαρτίας
2820 1660 3012 1732 ἔφορος
3050 1662 3078 1712 ὁ
3111 1659 3404 1729 πειράζων,
3455 1657 3552 1710 καὶ
3590 1675 3672 1710 κα·-

2117 1751 2317 1823 ταλυθῇ
2345 1754 2373 1805 6
2407 1751 2630 1816 θάνατος
2663 1751 2755 1804 τοῦ
2796 1751 2868 1822 μὴ
2901 1751 3198 1824 βασιλεύειν
3235 1749 3330 1803 καὶ
3367 1748 3670 1820 καταργηθῇ

2123 1841 2296 1913 φθορὰ
2320 1845 2376 1896 ὲν
2405 1846 2470 1914 τῇ
2509 1843 2602 1896 τοῦ
2641 1842 2888 1913 σώματος
2941 1845 3082 1912 ταφῇ
3127 1840 3252 1912 [ἀλ.
3305 1843 3363 1894 ἐν
3403 1843 3548 1910 ταφῇ
3593 1839 3672 1892 τοῦ

2125 1931 2415 2004 σώματος],
2467 1933 2562 1986 καὶ
2603 1933 2825 2004 ἀπαρχὴ
2867 1933 3211 1995 ἀναστάσεως
3255 1931 3561 2001 ἀναδειχθῇ,
3597 1931 3670 1982 καὶ

2117 2025 2262 2096 ἀρχὴ
2288 2025 2625 2096 δικαιοσύνης
2653 2027 2709 2077 ὲν
2737 2023 2813 2094 τῷ
2847 2025 3034 2095 κόσμῳ
3059 2023 3440 2094 πολιτεύσηται
3475 2024 3560 2076 διὰ
3587 2025 3668 2092 τῆς

2124 2117 2376 2182 πίστεως,
2423 2118 2517 2171 καὶ
2567 2117 2812 2187 βασιλεία
2849 2117 3087 2188 οὐρανῶν
3124 2115 3432 2188 ἀνθρώποις
3467 2116 3671 2184 εὐαγγε-

2124 2208 2300 2281 λισθῇ,
2335 2209 2427 2262 καὶ
2450 2209 2582 2262 Θεοῦ
2605 2208 2738 2280 πρὸς
2759 2206 3072 2278 ἀνθρώπους
3095 2208 3318 2278 γένηται
3348 2208 3611 2260 κοινωνία.

2207 2394 2332 2447 Ἐπὶ
2363 2393 2530 2464 ταύτῃ
2567 2396 2632 2464 τῇ
2669 2393 2850 2464 χάριτι
2891 2392 3200 2464 δοξάζωμεν
3229 2392 3320 2445 τὸν
3353 2391 3568 2460 Πατέρα
3595 2387 3670 2440 τὸν

2123 2487 2388 2541 δεδωκότα
2414 2487 2504 2540 τὸν
2539 2487 2662 2540 Υίὸν
2697 2485 2861 2540 αὐτοῦ
2897 2486 2985 2539 τὸν
3023 2484 3284 2556 μονογενῆ
3307 2485 3450 2554 ὑπὲρ
3474 2483 3570 2552 τῆς
3593 2479 3667 2534 τοῦ

2123 2581 2325 2649 κόσμου
2347 2577 2508 2649 ζωῆς.
2535 2577 2852 2650 Δοξὰσωμεν
2871 2579 2928 2630 τὸ
2947 2577 3167 2648 Πνεῦμα
3183 2576 3244 2628 τὸ
3271 2577 3446 2644 ἅγιον,
3469 2576 3529 2628 τὸ
3553 2577 3670 2644 ἐνερ-

2123 2672 2271 2740 γοῦν,
2308 2671 2367 2725 τὸ
2405 2673 2696 2737 ζωοποιοῦν
2732 2674 2899 2744 ἡμᾶς,
2932 2671 2992 2724 τὸ
3021 2671 3256 2742 παρέχον
3283 2671 3350 2722 τὰ
3383 2671 3670 2740 χαρίσματα

2125 2765 2260 2835 πρὸς
2299 2764 2430 2818 Θεοῦ
2480 2765 2781 2828 κοινωνίαν,
2823 2765 2916 2817 καὶ
2959 2762 3032 2834 μὴ
3073 2761 3563 2834 περιεργαζώμεθα
3595 2759 3668 2813 τὸν

2125 2855 2474 2924 εὐαγγελικὸν
2501 2855 2653 2924 λόγον
2681 2852 2854 2920 λέξεσι
2889 2851 3080 2924 περιξή
3091 2869 3222 2923 ροις,
3247 2853 3581 2923 ἀπεράντους
3599 2849 3670 2918 ζη-

2124 2949 2305 3018 τήσεις
2329 2949 2422 3002 καὶ
2456 2948 2784 3020 λογομαχίας
2809 2947 3271 3022 περισπείροντες,
3315 2945 3410 2998 καὶ
3441 2945 3532 2997 τὸν
3552 2943 3668 2996 λεῖον

2125 3039 2216 3092 καὶ
2244 3038 2526 3092 εὐθύτατον
2569 3037 2720 3107 λόγον
2765 3037 2864 3108 τῆς
2907 3037 3138 3100 πίστεως
3188 3035 3542 3106 τραχύνοντες
3567 3033 3666 3104 [ἄλ.

459 3139 514 3184 et
567 3127 871 3200 expeditam
909 3125 1030 3180 tidei
1053 3124 1448 3180 institutionem
1473 3133 1895 3192 exasperantes;
1930 3123 2017 3176 sed

2122 3129 2490 3201 τραχοῦντες],
2523 3128 2660 3184 ἀλλά
2699 3128 2894 3199 μᾶλλον
2929 3125 3286 3199 ἐργαζώμεθα
3313 3126 3374 3179 τὸ
3407 3127 3560 3198 ἔργον
3587 3123 3662 3194 τῆς

461 3221 634 3290 magis
687 3221 742 3274 in
793 3217 844 3273 id
895 3217 1304 3280 incumbamus,
1345 3225 1405 3270 ut
1465 3213 1842 3270 tideiotIicium
1891 3230 2025 3284 prae-

461 3323 696 3378 stemus,
735 3326 922 3382 pacem
957 3325 1202 3364 amemus
1222 3352 1236 3374 ,
1269 3308 1616 3363 concordiam
1647 3305 2022 3376 praeferamus,

460 3403 722 3458 unitatem
773 3401 1178 3466 custodiamus,
1225 3399 1542 3454 charitatem
1615 3400 1892 3462 colamus,
1929 3413 2025 3468 per

465 3511 629 3564 quam
658 3495 902 3564 placatur
929 3491 1090 3546 Deus.

531 3585 598 3639 Et
625 3583 1079 3653 quemadmodum
1109 3592 1352 3636 nostrum
1387 3591 1594 3636 nonest
1615 3581 1751 3636 scire
1790 3590 2022 3649 tempora

2127 3223 2376 3286 πίστεως,
2399 3221 2496 3292 τὴν
2515 3223 2732 3292 εἰρήνην
2755 3222 3146 3292 ἀγαπήσωμεν,
3173 3219 3272 3289 τὴν
3297 3219 3544 3290 ὁμόνοιαν
3571 3219 3666 3270 ἑπι-

2122 3311 2450 3384 δειξώμεθα,
2509 3311 2604 3382 τὴν
2663 3311 2886 3382 ἑνότητα
2945 3309 3287 3380 φυλάξωμεν,
3338 3311 3440 3382 τὴν
3479 3309 3668 3378 aram:

2122 3404 2546 3474 γεωργήσωμεν,
2576 3403 2643 3455 δι’
2675 3397 2742 3472 ἧς
2779 3402 3156 3474 εὐαρεστεῖται
3181 3401 3335 3466 Θεός.

2194 3584 2402 3654 ’Ὠσπερ
2438 3585 2533 3654 οὐχ
2567 3584 2720 3656 ἡμῶν
2753 3586 2868 3638 ἐστι
2900 3585 2961 3637 τὸ
2992 3585 3190 3654 γνῶναι
3213 3587 3477 3654 χρόνους
3505 3586 3541 3654 ἦ
3563 3599 3668 3638 και-

463 3687 554 3732 aut
588 3686 873 3738 momenta,
913 3691 1029 3744 quae
1059 3673 1218 3727 Pater
1245 3675 1418 3742 posuit
1451 3675 1506 3726 in
1540 3689 1637 3726 sua
1664 3681 1920 3739 potestate
1941 3673 2017 3738 ⁷²;

2117 3675 2280 3742 ροὺς,
2320 3675 2426 3741 οὓς
2456 3679 2488 3728 ό
2513 3675 2714 3744 Πατὴρ
2751 3677 2916 3730 ἔθετο
2947 3676 3016 3730 ἐν
3043 3678 3109 3748 τῇ
3155 3677 3274 3744 ὶδιᾳ
3315 3675 3571 3744 ἐξουσίᾳ·
3599 3693 3668 3728 πι-

461 3765 682 3822 credere
701 3771 880 3818 autem
918 3771 1162 3832 oportet,
1197 3761 1356 3816 ﬁnem
1385 3760 1502 3816 fore
1531 3761 1694 3830 hujus
1729 3763 2014 3832 temporis,

460 3867 514 3913 et
545 3857 712 3912 futuri
765 3855 944 3910 surculi
987 3853 1415 3918 inchoationem,
1440 3861 1494 3907 et
1509 3853 1700 3922 judicii
1731 3853 2018 3906 revelatio-

461 3963 607 4014 nem,
644 3955 696 4002 et
724 3943 844 4000 Filii
889 3944 980 3998 Dei
1025 3944 1334 4008 adventura,
1375 3951 1430 3998 et
1454 3959 1676 4013 operum
1709 3944 2018 3998 retributio-

459 4053 609 4104 nem,
641 4047 694 4092 et
727 4037 876 4106 regni
907 4036 1167 4090 caelorum
1216 4035 1616 4102 hacreditatcm;
1660 4036 1740 4090 sic
1771 4047 2016 4092 nostrum

431 4141 568 4184 'non
600 4137 685 4182 est
707 4129 880 4193 scire,
909 4126 1183 4196 quomodo
1217 4125 1386 4180 Filius
1413 4124 1506 4180 Dei
1538 4123 1712 4182 factus
1735 4128 1805 4182 sit
1829 4129 2012 4183 homo.

459 4219 594 4274 Nam
619 4219 934 4292 mysterium
965 4219 1066 4272 hoc
1093 4233 1348 4285 magnum
1381 4225 1482 4279 est,
1511 4227 1569 4270 ut
1621 4216 1901 4288 Scriptura
1939 4228 2015 4274 te-

461 4321 634 4368 statur
658 4313 704 4343 ⁷⁵
741 4329 756 4366 z
791 4311 1182 4365 Generationem
1203 4311 1314 4378 ejus
1339 4311 1454 4379 quis
1485 4310 1750 4364 enarrabit
1769 4313 1857 4366 7"?
1886 4330 2013 4382 quo-

459 4405 605 4456 niam
643 4401 908 4456 tolletura
946 4409 1084 4454 terra
1129 4403 1236 4454 vita
1279 4401 1391 4469 ejus
1414 4403 1478 4454 ⁷⁸.
1536 4401 1640 4456 Sed
1688 4405 2012 4458 credendum

2121 3767 2339 3822 στεῦσαι
2361 3769 2416 3821 δὲ
2445 3769 2544 3832 δεῖ,
2579 3770 2658 3822 ὅτι
2689 3770 2878 3840 χρόνου
2913 3769 3062 3822 ἔσται
3092 3769 3260 3833 τέλος,
3289 3771 3385 3822 καὶ
3418 3771 3668 3840 μέλλοντος

2119 3859 2309 3923 αἰῶνος
2350 3859 2499 3913 ἔσται
2563 3861 2886 3932 φανέρωσις,
2927 3861 3020 3914 καὶ
3067 3860 3296 3932 κρίσεως
3333 3859 3664 3928 ἀποκάλυψις,

2118 3953 2210 4004 καὶ
2233 3953 2324 4005 τοῦ
2351 3952 2480 4005 Υἱοῦ
2507 3951 2639 4005 Θεοῦ
2669 3951 2956 4024 παρουσία,
2999 3952 3092 4004 καλ⁹
3119 3951 3294 4023 ἔργων
3319 3952 3664 4012 ἁνταπύδοσις,

2117 4043 2211 4095 καὶ
2245 4043 2487 4114 οὐρανῶν
2521 4042 2792 4114 βασιλείας
2821 4043 3167 4115 κληρονομία·
3202 4041 3374 4106 οὕτως
3400 4045 3498 4114 οὐχ
3533 4040 3664 4112 ἡμῶν

2115 4132 2315 4200 γνῶναι
2345 4133 2402 4185 τὸ
2439 4131 2556 4198 πῶς
2591 4135 2618 4186 6
2653 4133 2778 4196 Υἱὸς
2821 4134 2912 4186 τοῦ
2947 4133 3078 4186 Θεοῦ
3119 4133 3340 4202 γέγονεν
3385 4129 3664 4204 ἄνθρωπος’

2115 4226 2174 4278 τὸ
2201 4225 2308 4298 γὰρ
2339 4227 2630 4298 μυστήριον
2653 4225 2808 4279 τοῦτο
2831 4227 2972 4298 μέγα
3000 4225 3134 4290 ἐστὶ,
3162 4223 3346 4288 καθὼς
3365 4225 3666 4296 γέγραπται,

2117 4321 2350 4390 δτι,Τὴν
2371 4319 2581 4386 γενεὰν
2609 4319 2793 4372 αὑτοῦ
2825 4319 2916 4384 τίς
2946 4317 3324 4388 διηγήσεται;
3357 4317 3450 4370 ὅτι
3469 4315 3666 4382 αἴρεται

2116 4409 2234 4466 ἀπὸ
2263 4408 2372 4477 τῆς
2395 4409 2507 4478 τῆς
2536 4409 2573 4477 ἠ
2608 4409 2716 4477 ζωὴ
2740 4409 2942 4464 αὐτοῦ.
2979 4409 3138 4461 Ἀλλὰ
3167 4407 3455 4461 πιστεῦσαι
3483 4408 3572 4470 δεῖ,
3601 4405 3670 4456 ὅτι

460 4505 542 4550 est
589 4493 788 4548 Filium
833 4492 923 4546 Dei
962 4493 1163 4547 factum
1219 4507 1340 4548 esse
1387 4494 1659 4548 hominem
1711 4497 2013 4550 secundum

2120 4506 2148 4556 6
2179 4502 2302 4564 Υἱὸς
2330 4499 2421 4552 τοῦ
2453 4499 2584 4553 Θεοῦ
2610 4501 2822 4568 ἐγένετο
2851 4499 3128 4571 ἄνθρωπος
3159 4501 3300 4552 κατὰ
3318 4499 3418 4564 τὰς
3451 4495 3666 4569 Γραφῇ,

463 4587 810 4657 Scripturas;
845 4595 899 4639 et
931 4585 984 4638 in
1022 4595 1164 4639 terra
1213 4583 1422 4648 visum,
1472 4597 1674 4640 etcum
1705 4587 2018 4643 hominibus

459 4689 841 4733 conversatum
867 4693 984 4732 esse
1006 4717 1019 4740 ,
1047 4685 1106 4730 ut
1144 4692 1313 4732 sacra:
1337 4677 1552 4735 Littera:
1576 4677 1801 4748 docent;
1830 4695 2022 4735 secun-

459 4772 588 4827 dum
622 4771 1030 4824 similitudinem
1049 4811 1063 4834 ,
1093 4770 1298 4838 absque
1325 4780 1548 4839 peccato
1568 4811 1584 4836 ,
1628 4787 1833 4842 proque
1863 4772 2019 4826 nobis

460 4873 736 4920 mortuum
786 4878 944 4928 esse,
981 4872 1035 4916 et
1071 4863 1432 4918 resurrexisse
1462 4878 1528 4916 ex
1577 4865 1840 4930 mortuis,
1882 4865 2022 4920 sicut

461 4956 724 5026 scriptum
740 4956 880 5010 est”
903 4965 988 5020 ;et
1009 4955 1062 5008 in
1089 4955 1254 5010 caelos
1285 4965 1622 5025 assumptum
1641 4973 1780 5022 esse,
1807 4957 2019 5012 sedere-

461 5061 566 5114 que
605 5047 659 5099 in
683 5046 906 5100 dextera
931 5045 1189 5108 Patris",
1216 5047 1340 5100 inde
1363 5055 1652 5100 venturum
1676 5047 1924 5116 judicare
1939 5045 2020 5098 vi-

461 5153 560 5192 vos
587 5146 640 5192 et
665 5147 925 5203 mortuos,
957 5147 1018 5192 ut
1040 5138 1318 5206 Scriptura
1351 5139 1608 5202 tradit";
1641 5155 1707 5190 ne
1729 5178 1742 5199 ,
1780 5137 1908 5192 dum
1937 5137 2020 5190 in-

463 5239 540 5280 ter
599 5243 697 5283 nos
729 5228 909 5283 verbis
941 5229 1318 5296 digladiamur,
1366 5229 1740 5298 blasphement
1800 5229 2018 5298 quidam

463 5319 763 5373 doctrinam
813 5319 1030 5386 ﬁdei";
1078 5322 1396 5390 eveniatqne
1447 5319 1578 5374 illud
1615 5337 1627 5372 :
1665 5319 1890 5389 Propter
1925 5337 2021 5375 vos

465 5407 856 5478 blasphematur
879 5427 1062 5463 nomen
1091 5427 1258 5462 meum
1293 5428 1490 5480 semper
1521 5413 1572 5464 iu
1609 5413 1849 5480 gentibus
1880 5413 1947 5464 ⁸ο.

2123 4593 2215 4645 καὶ
2243 4593 2323 4645 ὅτι
2367 4592 2459 4642 ἐπὶ
2503 4589 2599 4660 τῆς
2643 4591 2746 4660 γῆς
2777 4590 2950 4660 ὤφθη,
2979 4589 3070 4643 καὶ
3089 4593 3198 4652 τοῖς
3239 4589 3544 4661 ἀνθρώποις
3571 4601 3670 4638 συν-

2123 4683 2435 4756 ανεστράφη
2477 4685 2615 4737 κατὰ
2643 4684 2741 4746 τὰς
2769 4682 3014 4754 Γραφὰς,
3039 4681 3159 4734 καθ’
3195 4682 3506 4752 ὁμοιότητα,
3523 4677 3666 4750 χωρὶς

2124 4777 2412 4846 ἁμαρτίας,
2450 4776 2544 4828 καὶ
2567 4777 2646 4828 ὅτι
2669 4775 2933 4828 ἀπέθανεν
2969 4775 3105 4845 ὑπὲρ
3143 4773 3320 4844 ἡμῶν,
3369 4773 3462 4826 καὶ
3497 4771 3668 4836 ἀνέστη

2125 4871 2188 4922 ἐκ
2218 4869 2444 4939 νεκρῶν,
2487 4867 2664 4933 καθὼς
2711 4868 3034 4941 γέγραπται,
3077 4867 3171 4920 καὶ
3201 4868 3282 4920 ὅτι
3317 4865 3398 4930 εἰς
3431 4861 3668 4932 capaci);

2124 4959 2396 5030 ἀνελήφθη
2419 4959 2776 5032 [ἀνελήλυθε],
2801 4959 2893 5014 καὶ
2919 4959 3166 5012 ἐκάθισεν
3191 4959 3247 5010 ὲν
3283 4955 3434 5026 δεξιᾷ
3459 4955 3548 5008 τοῦ
3579 4951 3670 5004 Πα-

2125 5052 2271 5122 τρὸς,
2305 5051 2424 5104 ὅθεν
2469 5051 2586 5122 ἥξει
2633 5053 2809 5123 κρῖναι
2849 5049 3058 5114 ζῶντας
3099 5050 3192 5102 καὶ
3231 5051 3476 5119 νεκροὺς,
3511 5039 3666 5102 καθὼς

2126 5143 2450 5214 γέγραπται,
2477 5144 2548 5214 μή
2573 5159 2702 5195 ποτε
2723 5141 2877 5212 ἡμῶν
2901 5139 3346 5210 λογομαχούντων
3379 5137 3512 5208 πρὸς

2127 5233 2247 5296 λους
2279 5232 2703 5305 βλασφημήσωσί
2729 5251 2869 5296 τινες
2893 5233 2981 5285 τὸν
3009 5233 3104 5302 τῆς
3135 5231 3370 5292 πίστεως
3391 5229 3564 5296 λόγον,
3591 5222 3666 5274 καὶ

2123 5327 2318 5398 ἐπέλοῃ
2365 5329 2425 5379 τὸ
2454 5327 2755 5397 εἰρημένον·
2787 5327 2861 5378 Δι’
2892 5325 3034 5396 ὑμᾶς
3073 5323 3138 5376 τὸ
3175 5321 3362 5391 ὄνομά
3413 5339 3528 5390 μιν
3571 5315 3662 5388 [ἄλ.

2123 5421 2229 5474 τοῦ
2249 5425 2350 5474 ou
2363 5419 2418 5491 ῦ]
2435 5419 2758 5483 διαπαντὸς
2772 5417 3216 5486 ,ϐλασφημεῖται
3239 5417 3308 5470 ἐν
3327 5415 3446 5480 τοῖς
3467 5413 3664 5466 ἔθνεσι.

537 5655 576 5682 δ’
613 5653 775 5730 hiare.
811 5673 848 5718 ι,
895 5657 946 5708 9.
972 5727 991 5730 _
1023 5657 1068 5688 ⁸³
1096 5657 1296 5730 Matth.
1343 5675 1415 5722 tv,
1444 5659 1494 5712 1.
1573 5661 1615 5690 ⁸⁹
1639 5661 1794 5716 Joan.
1835 5679 1946 5728 xvr,
1979 5665 2017 5717 51

2139 5665 2186 5694 ’θ
2235 5663 2392 5718 Rom.
2421 5683 2470 5718 v.
2572 5665 2612 5696 '”
2639 5663 2803 5719 lCor.
2837 5682 2926 5721 xv.
3001 5663 3168 5718 "Act.
3195 5679 3234 5730 ι,
3273 5663 3323 5714 7.
3386 5661 3462 5730 7"
3499 5657 3662 5711 l'l'im.

464 5737 546 5796 ιιι.
621 5725 670 5796 "f_
693 5725 937 5796 Istum",
966 5727 1018 5782 8.
1094 5729 1136 5758 ⁷⁵
1167 5733 1284 5783 Act.
1379 5745 1494 5796 Vm,
1522 5731 1611 5784 55.

467 5795 552 5848 19.
629 5793 676 5826 τε
701 5795 740 5846 ll
777 5795 914 5854 Tim.
951 5813 1021 5865 Iv,
1059 5799 1108 5852 l.
1159 5799 1230 5873 _"°
1279 5793 1566 5868 lTivar,
1593 5803 1638 5856 ι.

1688 5733 1992 5804 "Baruch.
2059 5749 2140 5799 ιιι,
2173 5735 2279 5802 38;
2341 5733 2502 5790 Hebr.
2539 5751 2612 5802 1v,
2649 5737 2748 5804 15;
2775 5735 2814 5790 ll
2863 5735 3004 5790 Tim.
3040 5751 3102 5798 ιι,
3131 5733 3184 5788 8.

1718 5803 1763 5834 ⁸ο
1797 5805 1902 5859 lsa.
1933 5819 2027 5870 ιιι,
2055 5805 2086 5858 5

3261 5733 3308 5764 η
3353 5729 3516 5792 Marc.
3565 5739 3660 5788 )Jl,
