3876 6522
219 337 355 393 1157

1399 335 1812 396 DISPUTATIO
1852 342 1938 396 DE
1979 341 2214 396 ANIMA.

3299 357 3434 413 1133

242 498 3415 543 Mm

962 661 1187 747 ΤΟΥ
1249 614 1400 748 ἘΝ
1455 663 1814 750 ΑΓΙΟΙΣ
1857 661 2304 750 HATPo-z
2365 664 2689 753 HMoN

1354 855 2315 990 ΓΡΗΓΟΡΙΟΥ

521 1080 918 1138 ΕΠΙΣΚΟΠΟΥ
945 1081 1079 1136 ΤΗΣ
1103 1082 1645 1137 ΝΕΟΚᾹΙΣΑΡΕΙΑΣ
1673 1084 1968 1152 ΠΟΝΤΟΥ,
1997 1087 2357 1160 ΕΠΩΝΥΜΙᾼ
2386 1091 2522 1146 ΤΟΥ
2546 1092 3121 1164 ΘΑΥΜΑΤΟΥΡΓΟΥ,

1215 1249 1623 1366 ΠΡΟΣ
1677 1253 2454 1436 ΤΑΤΙΑΝΟΝ

835 1474 1090 1561 ΠΕΡΙ
1137 1472 1527 1560 ΨΥΧΗΣ
1583 1471 1941 1590 ΛΟΓΟΣ
1992 1475 2775 1566 ΚΕΦΑΛΑΙΩΔΗΣ

1101 1829 1514 1921 SANCTI
1593 1829 2013 1920 PATRIS
2084 1828 2518 1923 NOSTRI

1439 2041 2191 2172 GREGORII

700 2277 1007 2336 EPISEOPI
1056 2278 1561 2336 NEOCA‘ISAREIE
1609 2267 1850 2346 PONTI,
1901 2281 2367 2338 COGNOMENTO
2422 2281 2948 2353 THAUMATURGI,

1387 2453 1535 2540 AD
1611 2451 2242 2544 TATIANUM

495 2673 674 2786 DE
758 2668 1210 2785 ANIMA
1285 2668 1552 2780 PER
1637 2661 2163 2780 CAPITA
2248 2665 3167 2781 DISPUTATIO.

868 2891 941 2955 (S.
966 2891 1122 2955 Cres.
1141 2889 1303 2940 Neoc.
1324 2889 1506 2952 Opera,
1535 2889 1616 2938 ed.
1648 2888 1761 2938 Ger.
1785 2888 1967 2947 Vossii,
1996 2885 2337 2948 Paris.,1622,
2361 2889 2411 2938 in
2436 2887 2543 2948 fol,
2577 2901 2627 2950 p.
2652 2886 2755 2951 42.)

1755 3061 1827 3077 —

257 3197 368 3251 Τὸν
396 3196 524 3268 περὶ
549 3195 724 3266 ψυχῆς
751 3211 831 3248 σοι
869 3193 1025 3261 λόγον
1057 3194 1346 3256 ἐκέλευσας
1378 3193 1530 3263 ἡμῖν,
1558 3185 1604 3245 ὣ
1627 3191 1756 3245 θαυ-

1930 3185 2168 3248 Iussisti,
2205 3183 2651 3255 praestantissime
2679 3181 2925 3246 Taliane,
2953 3191 3013 3237 ut
3035 3197 3160 3238 cum
3195 3184 3432 3242 efﬁcaci-

187 3291 357 3361 μὰσιε
381 3287 632 3352 Τατιανὲ,
687 3287 800 3357 μετ’
849 3288 1180 3359 ὲνεργουσὼν
1222 3283 1548 3351 ἀποδείξεων
1572 3284 1759 3354 διαχα-

184 3381 422 3450 ρὰξασιν
469 3378 801 3433 ἀποστεῖλαι·
858 3379 953 3432 καὶ
995 3377 1169 3432 ταῦτα
1212 3377 1395 3445 ήξίους
1443 3379 1633 3440 ποιεῖν,
1683 3374 1757 3446 μὴ

180 3474 311 3534 ταῖς
363 3468 472 3520 τῶν
519 3467 750 3539 Γραφῶν
801 3467 1127 3540 μαρτυρίαις
1170 3467 1546 3538 χρησαμένους
1572 3485 1584 3497 ·
1623 3469 1760 3538 ὅπερ

181 3560 390 3612 ἔπιτε
417 3559 510 3613 καὶ
553 3561 663 3622 τοῖς
709 3558 946 3622 εὐσεϐῶς
993 3559 1205 3630 φρονεῖν
1254 3555 1521 3609 ἐθέλουσιν
1558 3555 1759 3626 ἀληθὴς

179 3650 448 3720 τυγχάνει
508 3649 822 3703 διδασκαλία
869 3651 1072 3715 παντὸς
1111 3649 1450 3721 ἀνθρωπίνου
1496 3646 1762 3719 λογισμοῦ.

182 3742 710 3814 ἀποδεικτικωτέρω
753 3742 887 3815 ἔφης
933 3743 1041 3814 γὰρ
1091 3742 1165 3815 μὴ
1232 3743 1367 3814 πρὸς
1408 3743 1506 3815 τὴν
1565 3741 1757 3798 ἑαυτοῦ

185 3832 566 3903 πληροφορίαν
616 3830 774 3887 τοῦτο
838 3835 1134 3904 ἐπιζητεῖν,
1193 3835 1620 3904 πεπαιδευμένος
1658 3836 1758 3905 ήδη

179 3927 311 3988 ταῖς
335 3923 507 3987 θείαις
535 3924 885 3995 προσανέχειν
909 3925 1152 3998 Γραφαῖς
1173 3926 1267 3980 καὶ
1293 3926 1638 3997 παραδόσεσι,
1667 3928 1759 3978 καὶ

183 4018 262 4089 μὴ
291 4019 556 4088 στροφαῖς
601 4016 708 4071 τῶν
749 4017 1099 4089 ἀνθρωπίνων
1140 4019 1312 4089 λόγων
1360 4020 1623 4073 δονεῖσθαι
1661 4020 1758 4091 τὴν

179 4111 449 4163 διάνοιαν·
517 4108 654 4162 ἀλλὰ
691 4109 826 4181 πρὸς
865 4110 1176 4184 ἀνατροπὴν
1233 4113 1330 4183 τῆς
1372 4111 1479 4164 τῶν
1523 4111 1759 4184 ἑτεροδό-

182 4202 295 4268 ξων
321 4201 562 4275 γνώμης,
609 4203 656 4254 οἳ
682 4202 961 4256 πείθεσθαι
985 4205 1102 4266 ταῖς
1138 4205 1380 4274 Γραφαῖς
1423 4204 1523 4256 οὐκ
1549 4204 1762 4273 ἀνέχον-

179 4311 299 4348 ταιο
331 4293 594 4364 δεινότητι
636 4294 690 4347 δέ
734 4312 839 4349 τινι
890 4295 1236 4365 περιτρέπειν
1275 4297 1399 4358 τοὺς
1443 4295 1630 4365 ἀήθεις
1652 4295 1759 4346 τῶν

179 4385 448 4438 τοιούτων
475 4385 644 4455 λόγων
695 4388 1005 4458 πειρῶνται.
1049 4388 1141 4441 Διὸ
1188 4389 1417 4458 ἑτοίμως
1458 4389 1758 4442 ὑπακοῦσαι

175 4480 325 4551 ’τῷδε
381 4478 456 4550 σῷ
478 4479 806 4550 ἐπιτάγματι
832 4479 1199 4551 προήχθημεν,
1232 4480 1394 4550 μηδὲν
1443 4481 1760 4533 ὑποστειλά-

1858 3280 1960 3334 bus
2004 3277 2342 3348 argumentis
2378 3277 2492 3330 sive
2523 3275 3084 3348 demonstrationibus
3117 3291 3424 3334 sermonem

1862 3381 2024 3441 atque
2048 3369 2468 3438 disputationem
2497 3367 2562 3420 de
2587 3367 2766 3420 anima
2796 3367 2894 3422 tibi
2916 3367 3280 3438 conscriptam
3305 3370 3430 3424 mit-

1859 3471 2049 3523 terem,
2109 3475 2280 3528 caque
2327 3459 2378 3510 in
2413 3472 2472 3511 re
2499 3447 2663 3511 nullis
2699 3457 3100 3527 Scripturarum
3147 3467 3328 3514 uterer
3351 3468 3431 3514 te-

1860 3552 2161 3616 stimoniis;
2217 3566 2336 3620 qua:
2363 3550 2579 3620 quidem
2608 3550 2834 3604 docendi
2863 3550 3023 3617 ratio,
3053 3551 3158 3606 etsi
3186 3567 3310 3606 vera
3336 3553 3427 3617 sit,

1859 3654 1912 3701 et
1943 3646 2049 3700 illis
2080 3645 2172 3715 qui
2199 3645 2286 3714 pie
2316 3643 2517 3698 sentire
2542 3643 2728 3708 velint,
2765 3644 2957 3714 quavis
2991 3644 3228 3699 humana
3257 3645 3428 3700 ratio-

1861 3737 2132 3793 cinatione
2159 3735 2354 3791 certior
2374 3744 2427 3790 et
2451 3735 2516 3789 ad
2541 3735 2878 3806 probandum
2905 3735 3113 3804 aptior;
3155 3736 3249 3791 sed
3279 3737 3427 3791 enim

1861 3828 1911 3882 id
1957 3844 1988 3882 a
2029 3844 2118 3882 me
2159 3828 2238 3882 sic
2280 3827 2394 3881 lieri
2437 3827 2625 3896 cupis,
2672 3842 2776 3880 non
2820 3837 2878 3880 ut
2924 3827 3018 3881 tibi
3055 3827 3170 3897 ipse
3221 3829 3431 3884 satisfa-

1862 3922 1975 3975 cias
1996 3961 2010 3984 ,
2066 3919 2264 3989 quippe
2313 3918 2405 3988 qui
2429 3919 2543 3987 jam
2575 3920 2644 3971 ita
2677 3919 2753 3971 sis
2779 3918 3110 3987 instructus,
3145 3930 3204 3974 ut
3229 3922 3428 3976 divinis

1860 4021 1914 4066 et
1939 4010 2153 4080 Scripta
2166 4010 2242 4064 ris
2267 4018 2320 4063 et
2345 4009 2733 4063 traditionibus
2758 4017 2920 4078 atque
2945 4011 3426 4068 constitutionibus

1863 4101 2167 4164 adhazreas,
2224 4111 2399 4167 neque
2433 4096 2556 4151 ullis
2589 4097 2844 4151 humanis
2872 4095 3174 4151 rationibus
3204 4096 3270 4151 de
3299 4113 3426 4152 sen-

1864 4192 2026 4248 tentia
2057 4190 2318 4245 dimoveri
2351 4199 2403 4244 te
2431 4191 2612 4256 sinas;
2665 4190 2758 4245 sed
2799 4190 2866 4244 ad
2905 4205 3000 4245 eos
3025 4192 3427 4246 convincendos

1826 4291 1830 4294 ’
1860 4287 1954 4355 qui
1990 4285 2143 4338 aliter
2191 4283 2452 4348 sentiunt,
2501 4292 2556 4338 et
2583 4283 2877 4352 Scripturis
2905 4283 3104 4338 divinis
3130 4284 3290 4340 ﬁdem
3325 4286 3425 4340 ha-

1853 4377 1987 4439 bere
2033 4377 2258 4441 nolunt,
2313 4376 2546 4445 quadam
2595 4383 2772 4430 autem
2820 4376 3120 4432 disserendi
3167 4377 3425 4432 facultate

1860 4466 2108 4522 homines
2156 4465 2618 4536 disputationibus
2676 4464 2944 4535 ejusmodi
2998 4466 3140 4520 haud
3176 4477 3425 4523 assuetos

183 4586 345 4641 μενοι
392 4569 468 4632 ὼς
506 4570 720 4640 ἄπειροι
761 4570 861 4640 τῆς
902 4570 1117 4623 τοιᾶσδε
1155 4571 1500 4641 κατασκευῆς
1540 4570 1645 4624 τῶν
1668 4570 1757 4624 λό-

1862 4558 2260 4612 circumvenire
2294 4574 2357 4612 ac
2390 4556 2578 4612 fallere
2613 4557 2881 4612 nituntur.
2922 4557 3132 4624 Quibus
3159 4560 3425 4613 adductus

179 4679 324 4731 των,
365 4660 500 4714 ἀλλά
524 4663 586 4731 τῇ
615 4664 682 4732 σῇ
708 4663 834 4733 περὶ
860 4663 1005 4732 ἡμᾶς
1027 4662 1208 4732 εὐνοίᾳ
1233 4661 1601 4735 θαρρήσαντες
1626 4683 1635 4693 ·
1669 4668 1760 4718 καὶ

181 4755 297 4825 γὰρ
331 4749 477 4817 οἶδας
502 4753 536 4806 ἂ
584 4754 684 4825 μὲν
721 4753 896 4816 καλῶς
937 4753 1078 4824 ἔχειν
1114 4753 1442 4824 δοκιμάζεις,
1467 4756 1637 4808 ταῦτα
1680 4758 1760 4819 είς

181 4846 244 4897 τὸ
295 4845 474 4898 κοινὸν
527 4845 855 4916 προτιθέναι·
916 4845 985 4899 τὰ
1030 4846 1086 4898 δὲ
1144 4846 1360 4900 ἔλαττον
1409 4847 1502 4899 τοῦ
1548 4848 1757 4911 δέοντος

180 4936 450 4990 δοκοῦντα
475 4937 742 5007 εἰρῆσθαι,
789 4936 960 4991 ταῦτα
1001 4939 1348 5010 παρέπεσθαι·
1369 4938 1462 4992 καὶ
1510 4941 1754 5010 ἀποκρύ-

182 5030 439 5084 πτεσθαι.
494 5029 726 5100 ἑκάτερα
771 5031 950 5102 χάριτι
994 5033 1057 5102 τῇ
1105 5032 1240 5101 πρὸς
1281 5033 1428 5103 ἡμᾶς
1472 5034 1563 5085 καὶ
1610 5033 1760 5106 φιλίᾳ

182 5120 384 5174 ποιῶν.
414 5121 597 5176 Ταῦτα
621 5118 713 5175 οὖν
741 5121 914 5187 εἰδὼς,
963 5122 1100 5194 μετά
1159 5124 1337 5194 πάσης
1385 5125 1758 5195 πεποιθήσεως

181 5214 456 5286 ὡρμήθην
483 5214 578 5268 ἐπὶ
617 5214 712 5286 τὴν
759 5214 990 5268 ἔκθεσιν.
1041 5217 1340 5287 Ποιήσομαι
1376 5216 1431 5269 δὲ
1452 5217 1542 5269 τὸν
1605 5216 1758 5284 λόγον

182 5309 343 5375 τάξει
371 5309 477 5361 τινὶ
499 5307 590 5361 καὶ
617 5307 903 5378 ἀκολουθίᾳ
939 5307 1298 5380 χρησάμενος,
1343 5309 1519 5379 ἥνπερ
1570 5309 1660 5361 καὶ
1707 5310 1756 5360 οἱ

183 5401 322 5473 περὶ
347 5399 514 5452 ταῦτα
539 5400 698 5451 δεινοὶ
720 5401 1122 5471 κατεχρήσαντο
1148 5400 1282 5470 πρὸς
1312 5400 1435 5462 τοὺς
1469 5401 1660 5472 ἐπιστη
1672 5402 1758 5470 μό-

181 5510 296 5556 νως
337 5488 515 5562 ζητεῖν
540 5507 592 5542 τι
617 5490 918 5554 ἐθέλοντας.

263 5762 485 5829 Πρῶτον
509 5763 609 5836 μὲν
649 5758 740 5817 οὖν
782 5763 1032 5818 ἁπάντων
1059 5763 1417 5838 ὑποθήσομαι,
1445 5771 1549 5821 τίνι
1576 5785 1757 5841 κριτη-

1863 4666 1983 4705 sum
2017 4650 2346 4715 rationibus,
2370 4660 2429 4704 ut
2460 4665 2564 4703 non
2587 4690 2601 4713 ,
2638 4649 2783 4703 velut
2809 4650 2986 4717 aliqua
3011 4649 3300 4704 deterritus
3325 4652 3425 4704 im-

1861 4741 2052 4810 peritia
2073 4782 2088 4808 ,
2125 4742 2265 4795 hanc
2296 4740 2670 4794 tractationem
2717 4741 3169 4809 subterfugerim;
3205 4741 3300 4795 sed
3332 4750 3423 4794 tua

1860 4833 1915 4885 in
1946 4847 2032 4886 me
2059 4832 2302 4886 conlisus
2328 4831 2726 4894 benevolentia,
2754 4839 2859 4885 tuae
2883 4830 3187 4900 promptius
3217 4845 3421 4885 morem

1859 4925 2116 4994 gesserim
2140 4923 2374 4993 jussioni
2407 4939 2471 4977 ac
2494 4922 2756 4976 voluntati
2780 4939 2793 4973 :
2820 4923 2960 4976 nosti
2983 4922 3178 4976 etenim
3207 4937 3304 4991 pro
3334 4931 3424 4975 tua

1861 5015 1916 5069 in
1949 5031 2035 5070 me
2065 5016 2396 5084 benignitate
2420 5024 2580 5083 atque
2604 5015 2863 5077 amicitia,
2885 5029 3004 5083 quae
3027 5015 3278 5083 praeclara
3303 5028 3425 5067 esse

1861 5121 2080 5171 censes,
2111 5121 2175 5161 ea
2201 5106 2254 5159 in
2285 5117 2634 5174 conspectum
2671 5105 2950 5158 hominum
2992 5105 3275 5172 lucemque
3300 5119 3426 5172 pro-

1860 5197 2035 5263 ferre;
2067 5212 2187 5266 quae
2215 5206 2392 5250 autem
2425 5196 2604 5250 minus
2629 5205 2773 5251 recte
2800 5197 2941 5251 dicta
2970 5212 3090 5250 esse
3116 5196 3420 5260 videantur,

1859 5303 1921 5342 ea
1945 5288 2290 5343 dissimulare
2324 5297 2485 5357 atque
2513 5297 2815 5358 contegere.
2868 5287 3046 5354 Quare
3078 5289 3190 5341 haec
3223 5289 3421 5354 sciens,

1862 5381 2118 5436 audacter
2142 5397 2229 5436 me
2261 5382 2327 5435 ad
2356 5381 2698 5436 scribendum
2731 5383 2954 5436 contuli.
2996 5382 3068 5436 Ea
3096 5397 3222 5436 vero
3251 5382 3426 5436 disse-

1863 5472 2012 5526 rendi
2044 5472 2251 5527 ratione
2282 5481 2335 5526 et
2364 5473 2552 5527 ordine
2579 5482 2719 5535 utar,
2747 5489 2851 5542 qua
2879 5482 2933 5528 et
2963 5473 3061 5539 illi,
3083 5475 3176 5542 qui
3207 5488 3294 5527 res
3323 5472 3425 5524 hu-

1857 5563 2094 5632 iusmodi
2118 5565 2459 5633 proﬁtentur,
2490 5565 2723 5620 scienter
2748 5581 2810 5619 ac
2830 5564 3000 5634 perite
3026 5564 3422 5634 investigando,

1861 5655 1936 5710 uti
1972 5656 2164 5711 solent.

1934 5772 2008 5826 Ac
2035 5771 2271 5844 primum
2301 5770 2514 5844 quidem
2550 5787 2882 5843 proponam,
2930 5789 3039 5844 quo
3065 5773 3271 5844 judicw
3307 5773 3423 5826 ani-
