3876 6504
549 357 686 416 1139

1177 357 1256 428 [Β.
1296 355 1625 416 GREGORII
1663 354 2019 413 THAUMAT.
2057 354 2205 411 OPP.
2246 357 2423 412 PARS
2462 357 2755 417 ALTERA.
2796 393 2867 402 -—
2904 362 3132 419 DUBIA.

3588 373 3687 427 illi)

548 491 638 528 ma
666 472 984 528 naturaliter
1009 473 1394 542 comprehendi
1428 481 1624 543 queat;
1657 471 1882 536 deinde,
1920 471 2102 541 quibus

2223 470 2320 541 ρίῳ
2346 471 2587 541 πέφυκεν
2624 475 2657 543 ἡ
2694 474 2837 544 ψυχὴ
2876 475 3387 547 καταλαμϐάνεσθαι·
3437 482 3611 547 ἔπειτα,
3642 488 3687 539 δι’

550 566 856 619 rationibus
885 581 1007 620 esse
1042 564 1390 629 ostendatur;
1416 574 1530 618 tum
1558 563 1830 633 deinceps,
1861 562 2115 617 substan-

548 658 696 712 tiane
747 657 819 711 sit
861 672 929 709 an
962 657 1247 723 accidens;
1299 656 1494 712 deinde
1522 664 1914 726 consequenter
1938 697 1952 723 ,
1989 672 2114 711 cor-

550 760 721 816 pusne
745 745 815 799 sit
852 761 920 799 an
954 745 1307 815 incorporea;
1353 754 1612 815 praeterea
1639 786 1653 810 ,
1716 745 2014 815 simplexne
2044 760 2113 801 an

544 836 884 906 composita;
920 845 1032 890 tum
1060 852 1272 899 rursus,
1319 836 1637 891 mortalisne
1663 850 1733 890 an
1757 836 2110 903 immortalis;

544 936 821 998 postremo
855 937 1065 994 autem,
1098 925 1325 983 rationis
1357 929 1699 997 particepsne
1753 928 1824 983 sit
1861 943 1928 982 an
1967 928 2113 985 illius

541 1037 762 1090 expers.

618 1108 744 1164 Haac
769 1108 913 1164 enim
941 1110 995 1165 in
1032 1110 1395 1179 disputatione
1425 1098 1491 1165 de
1515 1110 1694 1164 anima
1718 1153 1731 1173 ,
1784 1121 1843 1164 ut
1879 1111 2114 1165 maxime

544 1200 765 1269 prepria
786 1240 800 1264 ,
837 1208 891 1254 et
920 1200 1030 1253 vim
1060 1210 1223 1270 atque
1268 1208 1516 1256 naturam
1565 1201 1682 1271 ejus
1714 1201 1905 1257 melius
1932 1202 2114 1272 expri-

544 1290 769 1357 mentia,
803 1290 1004 1360 inquiri
1030 1292 1227 1347 solent.
1279 1292 1357 1345 Ad
1384 1307 1448 1345 ea
1478 1306 1659 1361 porro,
1702 1292 1768 1346 de
1793 1292 1991 1361 quibus
2024 1292 2114 1348 hic

544 1383 925 1439 disserendum
979 1383 1121 1447 erit,
1173 1382 1449 1453 probanda
1492 1398 1556 1437 ac
1585 1383 1985 1450 conﬁrmanda,
2016 1398 2113 1452 pro

551 1474 1147 1538 demonstrationibus,
1199 1473 1513 1528 notionibus
1560 1473 1665 1528 illis
1700 1481 1912 1528 utemur
1960 1488 2112 1528 com-

543 1566 806 1622 munibus
832 1609 847 1633 ,
883 1582 979 1637 per
1009 1582 1145 1635 quas
1177 1565 1338 1620 rebus
1377 1580 1500 1634 quae
1539 1566 1790 1620 manibus
1815 1572 2112 1620 tractantur

541 1673 809 1713 assensus
838 1658 1149 1728 comparari
1174 1657 1326 1712 solet.
1370 1656 1653 1712 Brevitatis
1685 1672 1810 1711 vero
1837 1656 2113 1711 utilitatis-

2215 556 2288 618 ὧν
2319 564 2589 618 δείκνυται
2616 565 2953 637 ὑπάρχουσαο
2984 564 3084 621 εἷθ’
3105 569 3247 640 ἑξῆς,
3274 573 3319 624 εἰ
3339 572 3479 644 οὐσία
3494 579 3687 646 τυγχάνει

2214 650 2376 717 οὖσα,
2423 656 2455 725 ἢ
2514 656 2889 728 συμϐεϐηκός·
2950 655 3069 714 εἷτα
3109 660 3312 725 τούτοις
3350 664 3625 732 ἀκολούθως,
3656 673 3686 722 εἰ

2215 746 2372 817 σῶμά
2396 748 2561 812 ἐστιν,
2589 748 2621 818 ἢ
2648 750 2957 820 ἀσώματος·
3009 752 3197 806 ἔπειτα
3216 794 3231 819 ,
3279 757 3326 807 εἰ
3375 756 3568 830 ἀπλῆ,ἧ
3600 760 3686 813 adv.

2214 836 2385 900 θετος·
2416 834 2513 890 εἴτ’
2548 836 2721 904 αὖθις,
2770 842 2817 892 εί
2872 841 3059 914 θνητὴ,
3098 844 3130 915 ἦ
3161 844 3429 911 ἀθάνατοςο
3454 849 3685 903 τελευταῖον

2210 927 2286 994 δὲ,
2312 930 2359 981 εί
2383 928 2593 1001 λογικὴ,
2629 930 2662 1002 ἢ
2689 930 2898 999 ἄλογος.

2282 1112 2461 1168 Ταῦτα
2486 1115 2593 1186 γὰρ
2639 1114 2868 1186 μάλιστα
2902 1116 2959 1168 ἐν
3002 1116 3078 1187 τῷ
3123 1119 3249 1188 περὶ
3292 1118 3457 1189 ψυχῆς
3479 1118 3683 1188 ζητεῖσθαι

2211 1206 2366 1261 εἴωθε
2398 1206 2559 1277 λόγῳ,
2591 1206 2666 1270 ὡς
2694 1205 3003 1277 κυριώτατα
3040 1208 3133 1261 καὶ
3177 1208 3435 1280 δυνάμενα
3456 1210 3598 1279 αὐτῆς
3619 1214 3684 1281 τὴν

2214 1295 2447 1366 ίδιότητα
2491 1297 2928 1367 χαρακτηρίζειν.
2994 1298 3320 1363 Ἀποδείξεσι
3385 1299 3437 1352 δὲ
3476 1302 3586 1371 πρὸς
3617 1303 3682 1371 τήν

2209 1389 2317 1442 τῶν
2354 1388 2857 1460 ἐξετασθησομένων
2906 1390 3213 1460 βεϐαίωσιν,
3258 1397 3372 1457 ταῖς
3393 1398 3567 1458 κοιναῖς
3587 1412 3681 1466 χρη-

2212 1480 2414 1552 σόμεθα
2439 1479 2684 1545 ἐννοίαις,
2711 1476 2799 1544 αἷς
2819 1482 2880 1535 τὸ
2893 1481 3199 1548 ἀξιόπιστον
3227 1482 3293 1536 τὰ
3320 1486 3374 1535 ἐν
3400 1486 3535 1555 χερσὶ
3556 1486 3681 1556 πράγ-

2214 1591 2357 1645 ματα
2386 1576 2676 1645 μαρτυρεῖν
2708 1573 2936 1642 πέφυκε.
2966 1576 3262 1646 Συντομίας
3300 1576 3355 1631 δέ
3375 1579 3515 1649 χάριν
3537 1577 3685 1631 καὶτοῦ

2211 1666 2502 1738 χρησίμου,
2533 1665 2711 1735 μόνοις
2736 1666 2847 1726 τοῖς
2870 1665 3005 1736 πρὸς
3027 1666 3089 1720 τὸ
3124 1669 3413 1736 ἀναγκαῖον
3457 1668 3536 1721 τοῦ
3558 1669 3683 1738 ζητου-

542 1766 653 1820 que
681 1766 869 1816 causa,
906 1751 974 1805 iis
1007 1750 1270 1804 duntaxat
1293 1766 1440 1804 nunc
1467 1748 1971 1805 ratiocinationibus
1996 1758 2102 1805 ute-

2216 1756 2373 1827 μένου
2400 1756 2578 1826 ἔχουσι
2600 1758 2697 1827 τὴν
2729 1757 3020 1824 ἀπόδειξιν,
3044 1758 3113 1811 τὰ
3155 1757 3253 1811 νῦν
3294 1759 3576 1831 χρησόμεθα
3608 1758 3687 1813 trd-

542 1859 691 1909 mur,
742 1859 863 1913 quae
890 1845 956 1897 ad
986 1844 1405 1898 demonstranda
1437 1843 1548 1910 illa,
1605 1859 1837 1913 quorum
1871 1843 1928 1897 tit
1958 1842 2102 1897 inve-

2208 1816 2505 1919 λογισμοίςσ,
2519 1816 2666 1913 ὅπως
2686 1850 2829 1920 σαφῆ
2849 1868 2907 1903 τε
2929 1816 3027 1903 καί.
3049 1816 3420 1923 εύπαράδὲκτα
3436 1816 3495 1904 τα
3507 1852 3685 1920 νοήματα

538 1934 795 2004 stigatio,
854 1936 1199 2004 potissimum
1243 1936 1450 2001 valent;
1502 1945 1562 1991 ut
1596 1934 1895 1990 manifestis
1921 1948 2106 2006 perce-

540 2036 749 2096 ptuque
788 2026 1126 2082 facilioribus
1171 2043 1352 2083 earum
1382 2028 1696 2083 notionibus
1725 2038 1884 2097 atque
1912 2027 2109 2097 proba-

541 2118 782 2174 tionibus
826 2119 1093 2185 instruCti,
1147 2121 1507 2190 promptiores
1549 2135 1902 2174 occurramus
1948 2134 2109 2188 repu-

541 2211 853 2281 gnantibus.
880 2209 1018 2266 Hinc
1045 2211 1215 2282 igitur
1247 2212 1517 2267 sermonis
1541 2210 1711 2265 nostri
1737 2220 1897 2281 atque
1918 2209 2107 2280 dispu-

536 2305 765 2360 tationis
790 2305 1022 2360 ducatur
1048 2305 1394 2375 principium.

787 2396 903 2462 Quo
927 2399 1136 2468 judicio
1168 2399 1636 2468 comprehendatur
1663 2396 1859 2450 anima.

613 2487 654 2542 1.
699 2487 804 2543 Res
833 2502 1192 2557 quaecunque,
1229 2498 1323 2542 aut
1347 2503 1511 2543 sensu
1560 2494 1979 2556 cognoscuntur,
2015 2496 2109 2542 aut

536 2580 892 2649 intelligentia
915 2581 1468 2652 comprehenduntur.
1536 2578 1616 2632 Ex
1642 2578 1840 2647 quibus
1862 2578 2102 2647 quidem,

536 2689 664 2742 qua:
693 2674 795 2728 sub
823 2688 1043 2728 sensum
1076 2673 1275 2728 cadunt
1299 2714 1314 2738 ,
1343 2673 1462 2742 ipso
1507 2687 1672 2728 sensu
1716 2669 1848 2726 satis
1881 2672 2105 2726 demon-

539 2774 822 2833 strantur;
854 2781 981 2819 nam
1013 2766 1175 2819 simul
1194 2766 1461 2835 atqueille
1482 2766 1733 2821 admotus
1760 2766 1942 2833 fuerit,
1972 2767 2105 2822 sub-

531 2858 693 2927 jectae
726 2857 803 2913 rei
838 2858 1127 2927 imaginem
1160 2874 1223 2913 ac
1246 2859 1481 2929 speciem
1528 2858 1687 2915 nobis
1734 2870 2099 2931 repraesentat.

534 2950 671 3017 Quae
698 2966 823 3005 vero
848 2950 1203 3020 intelligentia
1235 2951 1767 3021 comprehenduntur
1788 2994 1803 3020 ,
1855 2968 1961 3007 non
1987 2953 2103 3022 ipsa

530 3057 605 3097 ex
635 3058 712 3109 se,
745 3042 837 3097 sed
868 3058 934 3097 ex
959 3041 1200 3111 ipsarum
1228 3041 1536 3097 actionibus
1565 3051 1726 3111 atque
1752 3041 1958 3098 effectis
1986 3058 2105 3111 per-

532 3136 833 3204 cipiuntur.
871 3132 1207 3203 Quapropter
1240 3148 1363 3188 cum
1395 3134 1577 3189 anima
1606 3150 1670 3190 ex
1702 3135 1880 3204 seipsa
1908 3149 2101 3204 cogno-
2124 3174 2166 3233 ϐ

531 3227 616 3281 sci
646 3235 906 3297 nequeat,
940 3240 1007 3281 ex
1035 3226 1205 3297 ipsius
1233 3225 1439 3282 effectis
1476 3227 1672 3283 merito
1705 3227 1961 3298 cognosci
1996 3241 2097 3296 po-

538 3321 683 3375 terit.

1110 3414 1192 3465 An
1231 3413 1301 3465 sit
1325 3413 1524 3467 anima.

607 3503 675 3558 ll.
716 3503 928 3574 Corpus
964 3512 1208 3558 nostrum
1238 3518 1361 3558 cum
1396 3510 1674 3568 movetur,
1715 3512 1808 3557 aut
1834 3502 2101 3557 extrinse-

524 3593 671 3663 cus,
722 3604 816 3651 aut
846 3595 1173 3648 intrinsecus
1209 3602 1476 3647 movetur.
1541 3590 1659 3646 Non
1706 3592 1910 3646 moveri
1969 3592 2099 3645 illud

528 3687 875 3744 extrinsecus
898 3727 913 3751 ,
947 3700 1013 3739 ex
1039 3701 1104 3739 eo
1135 3694 1315 3754 patet,
1353 3686 1497 3755 quod
1544 3699 1719 3754 neque
1751 3684 2095 3753 impulsione,

530 3795 713 3849 neque
742 3760 1010 3834 tractione
1040 3787 1307 3842 movetur,
1340 3777 1481 3831 sicut
1508 3792 1570 3830 ea
1600 3791 1721 3845 qua:
1752 3783 1879 3828 sunt
1924 3773 2100 3827 inani-

528 3881 702 3927 mata.
733 3872 869 3926 Cum
898 3881 1076 3926 autem
1103 3877 1386 3924 moveatur
1414 3868 1762 3928 intrinsecus,
1787 3881 1894 3920 non
1921 3875 2098 3920 tamen

528 3963 855 4020 naturaliter
887 3974 1138 4017 movetur
1181 3970 1238 4015 ut
1280 3961 1440 4031 ignis.
1494 3958 1631 4013 Nam
1669 3958 1809 4029 ignis
1858 3957 2097 4027 quandiu

531 4065 655 4121 est,
713 4071 991 4125 nunquam
1025 4065 1233 4108 malum
1279 4052 1625 4119 intermittit;
1681 4060 1735 4104 at
1765 4066 1961 4119 corpus
2008 4052 2097 4105 ubi

534 4157 810 4203 mortuum
866 4147 1046 4211 fuerit,
1101 4146 1306 4200 moveri
1357 4144 1574 4209 desinit,
1632 4144 1758 4197 licet
1802 4152 1981 4197 tamen
2030 4143 2100 4197 sit

533 4253 752 4308 corpus.
786 4238 969 4304 Quare
1004 4239 1049 4292 si
1085 4253 1259 4307 neque
1290 4238 1630 4292 extrinsecus
1663 4244 1930 4301 movetur,
1959 4237 2100 4289 sicut

531 4332 864 4397 inanimata;
900 4345 1077 4399 neque
1105 4329 1449 4393 naturaliter,
1484 4328 1629 4382 velut
1654 4327 1827 4397 ignis;
1866 4325 2097 4380 manife-

530 4433 675 4477 stum
719 4429 804 4474 est
840 4420 1047 4474 moveri
1088 4420 1156 4474 ab
1186 4419 1396 4485 anima,
1446 4435 1570 4487 quae
1598 4419 1760 4472 etiam
1801 4417 1963 4471 vitam
1996 4417 2098 4487 ipsi

2207 1940 2486 2010 γενόμενα,
2515 1942 2835 2015 ἑτοιμότητα
2868 1960 2993 1997 τινα
3024 1944 3153 2013 ἡμῖν
3199 1943 3467 2015 ἐμποιήσῃ
3496 1943 3603 2013 πρὸς
3618 1940 3685 2009 τὴν

2207 2028 2313 2081 τῶν
2359 2028 2760 2100 ἀνθισταμένων
2818 2031 3139 2101 ἀπάντησιν.
3208 2029 3492 2103 Ἀρξόμεθα
3529 2026 3600 2084 οὖν
3622 2028 3684 2081 τοῦ

2205 2119 2360 2189 λόγου
2383 2121 2646 2176 ἐντεῦθεν.

2282 2404 2400 2457 Τίνι
2445 2402 2512 2456 τὸ
2545 2401 2987 2468 καταληπτικὸν
3018 2399 3320 2469 κριτήριον
3343 2398 3444 2467 τῆς
3462 2394 3640 2465 ψυχῆς.

2275 2494 2352 2546 Αυ.
2398 2493 2584 2546 Πάντα
2627 2491 2695 2545 τὰ
2741 2491 2904 2559 ὅντα,
2948 2490 2982 2563 ἢ
3029 2490 3278 2561 αἰσθήσει
3337 2480 3682 2558 γνωρίζεταιιῆ

2204 2587 2386 2657 νοήσει
2414 2584 2901 2656 καταλαμϐάνεται.
2926 2582 3035 2635 Καὶ
3058 2580 3118 2635 τὸ
3146 2582 3248 2652 μὲν
3295 2581 3521 2650 αἰσθήσει
3546 2573 3685 2629 ὑποπί-

2205 2697 2356 2742 πτον,
2383 2679 2572 2751 ἱκανὴν
2617 2678 2888 2743 ἀπόδειξιν
2927 2677 3039 2749 ἔχει
3081 2677 3180 2746 τὴν
3223 2673 3482 2744 αἴσθησιν·
3508 2667 3685 2741 ᾶμιγάρ

2202 2774 2268 2842 τῇ
2293 2771 2583 2843 προσδολῇ,
2635 2771 2729 2824 καὶ
2768 2770 2866 2841 τὴν
2896 2769 3192 2839 φαντασίαν
3244 2769 3374 2839 ἡμῖν
3409 2764 3592 2836 ἐμποιεῖ
3623 2759 3686 2812 τοῦ

2203 2861 2579 2932 ὑποκειμένου.
2608 2862 2681 2916 Τὸ
2726 2860 2781 2914 δὲ
2820 2862 3004 2933 νοήσει
3049 2858 3583 2930 καταλαμδανόμενον,
3620 2851 3685 2903 οὐκ

2202 2951 2260 3018 ἐξ
2302 2952 2516 3015 ἑαυτοῦ,
2565 2953 2676 3006 ἀλλ’
2708 2955 2772 3007 ἐκ
2820 2953 2927 3006 τῶν
2972 2951 3265 3023 ἐνεργειῶν
3323 2949 3615 3023 γνωρίζεται.
3643 2943 3685 2995 Ἦ

2199 3039 2376 3092 τοίνυν
2398 3039 2542 3114 ψυχὴ
2590 3041 2869 3109 ἄγνωστος
2897 3035 3032 3095 οὖσα
3055 3040 3114 3105 ἐξ
3144 3041 3366 3113 ἑαυτῆς,
3395 3043 3456 3094 ὲκ
3491 3036 3685 3091 τῶνάπο-

2201 3132 2541 3205 τελεσμάτων
2575 3132 2799 3200 εἰκότως
2827 3131 3223 3204 γνωσθήσεται.

2686 3415 2757 3468 El
2803 3414 2973 3467 ἐστιν
3012 3413 3050 3479 νὴ
3084 3410 3278 3479 ψυχή.

2270 3505 2343 3557 B'.
2376 3504 2447 3558 Τὸ
2493 3504 2651 3576 σῶμα
2703 3506 2735 3575 ή
2747 3505 2860 3575 μῶν
2895 3501 3230 3575 κινούμενον,
3258 3502 3293 3574 ἢ
3323 3501 3523 3568 ἔξωθεν,
3546 3496 3572 3569 ἦ
3596 3492 3692 3548 ἔνθ’)

2201 3598 2291 3652 θεν
2316 3600 2564 3651 κινεῖται.
2592 3595 2703 3649 Καὶ
2728 3598 2810 3650 ὅτι
2865 3596 2963 3667 μὲν
2998 3594 3193 3661 ἔξωθεν
3223 3596 3286 3649 οὐ
3338 3594 3559 3652 κινεῖται,
3582 3587 3689 3655 δῆὶῦν

2202 3693 2266 3744 ἐκ
2298 3691 2389 3744 τοῦ
2424 3692 2557 3761 μήτε
2591 3688 2920 3760 ὠθούμενον,
2970 3688 3103 3759 μήτε
3148 3687 3438 3758 ἑλκόμενον
3472 3678 3688 3737 κινεῖσθαι.

2201 3784 2277 3846 ὼς
2299 3782 2367 3835 τὰ
2395 3782 2594 3851 ἄψυχα.
2643 3781 2753 3834 Καὶ
2806 3778 3014 3833 ἔνδοθεν
3037 3779 3093 3831 δέ
3124 3778 3289 3832 πάλιν
3322 3777 3613 3847 κινούμενον,
3651 3766 3690 3818 0‘3

2202 3870 2443 3940 φυσικῶς
2472 3873 2721 3934 κινεῖται,
2768 3869 2842 3932 ὡς
2862 3867 2923 3921 τὸ
2943 3866 3073 3939 πῦρ.
3128 3867 3338 3920 Ἐκεῖνο
3389 3865 3487 3938 γὰρ
3524 3861 3573 3915 οὔ
3598 3854 3690 3909 πώ

2201 3980 2318 4016 εται
2364 3960 2456 4015 τοῦ
2503 3959 2787 4023 κινεῖσθαι,
2830 3960 2910 4022 είς
2958 3958 3080 4010 ὅσον
3133 3958 3255 4012 ἐστὶ
3309 3956 3438 4027 πῦρ·
3479 3944 3690 4019 ὥσπερύ

2202 4056 2361 4126 σῶμα
2388 4056 2576 4127 νεκρὸν
2608 4052 2990 4123 γεγενημένον,
3024 4051 3274 4120 ἀκινητεῖ
3322 4049 3473 4119 σῶμα
3500 4046 3566 4098 δν.
3592 4038 3690 4093 Οὔκ-

2199 4148 2293 4200 ούν
2329 4148 2376 4199 εί
2431 4148 2567 4217 μήτε
2610 4144 2805 4211 ἔξωθεν
2846 4145 3095 4204 κινεῖται,
3153 4142 3228 4204 ὡς
3271 4142 3367 4194 καὶ
3392 4139 3569 4207 ἄψυχα,
3597 4130 3691 4200 μήτε

2201 4240 2442 4310 φυσικῶς
2469 4239 2544 4302 ὡς
2570 4239 2628 4291 τὸ
2660 4238 2789 4307 πῦρ,
2833 4235 2989 4305 δῆλον
3041 4235 3121 4287 ὅτι
3160 4234 3268 4286 ὑπὸ
3315 4231 3484 4303 ψυχῆς
3526 4223 3691 4310 κινεῖται

2198 4332 2295 4403 τῆς
2322 4332 2414 4384 καὶ
2440 4332 2499 4383 τὸ
2539 4328 2636 4400 ζῇν
2663 4326 2810 4397 αὐτῷ
2841 4327 3203 4398 παρεχούσης,
3238 4326 3305 4377 Εἰ
3358 4323 3522 4376 τοίνυν
3547 4316 3607 4383 τῷ
3632 4308 3697 4362 σὼ·

2202 4441 2329 4495 ματι
2359 4421 2515 4493 ἡμῶν
2568 4422 2600 4490 ή
2654 4418 2799 4488 ψυχὴ
2851 4416 3122 4469 δείκνυται
3174 4414 3234 4467 τὸ
3279 4412 3379 4484 ζῇν
3434 4407 3693 4495 παρέχοντε.

530 4512 931 4569 subministrat.
993 4510 1051 4564 Si
1101 4511 1265 4581 igitur
1313 4510 1528 4579 corpori
1582 4520 1772 4565 nostro
1816 4511 1982 4565 vitam
2031 4511 2099 4565 ab

2204 4494 2354 4568 ἔσται
2393 4513 2487 4566 καὶ
2538 4510 2658 4566 καθ’
2691 4510 2950 4582 ἐαυτὴνή
3001 4507 3147 4579 ψυχὴ
3199 4509 3266 4560 ἐκ
3322 4506 3430 4559 τῶν
3479 4494 3697 4571 ἐνεργειῶν

530 4605 711 4659 anima
734 4604 962 4674 praeberi
988 4612 1229 4671 constet,
1257 4603 1439 4656 anima
1466 4603 1628 4657 etiam
1652 4618 1719 4657 ex
1746 4603 1861 4658 suis
1892 4604 2097 4659 eﬂ‘ectis

532 4697 905 4768 cognoscitur.

950 4790 1031 4843 An
1063 4790 1240 4842 anima
1266 4788 1335 4842 sit
1358 4786 1672 4840 substantia.

603 4882 687 4936 Ill.
729 4881 885 4949 Quod
914 4896 1079 4951 porro
1115 4880 1295 4935 anima
1333 4881 1405 4936 sit
1435 4880 1736 4933 substantia
1757 4921 1771 4943 ,
1808 4879 1886 4932 sic
1912 4889 2095 4934 osten-

527 4976 673 5030 ditur
704 4994 719 5028 :
747 4974 929 5028 Primo
952 4974 1194 5043 quidem,
1218 4972 1472 5041 quoniam
1506 4972 1581 5025 illi
1610 4986 1826 5040 quoque
1857 4971 2094 5024 deﬁnitio

531 5063 852 5115 substantias
883 5062 1006 5131 jure
1040 5062 1311 5125 convertit,
1345 5076 1466 5130 qua:
1494 5061 1707 5130 quidem
1741 5073 1823 5114 est
1856 5061 2093 5129 ejusmo-

528 5157 583 5209 di
611 5173 625 5209 :
665 5153 983 5209 Substantia
1013 5162 1097 5209 est.
1129 5154 1214 5217 id,
1250 5153 1395 5223 quod
1426 5168 1548 5207 cum
1579 5169 1743 5206 unum
1773 5163 1824 5206 et
1852 5153 1992 5206 idem
2024 5153 2095 5207 sit

531 5262 782 5313 numero,
812 5246 1084 5301 contraria
1110 5245 1348 5299 vicissim
1372 5244 1618 5314 suscipit.
1650 5244 1804 5310 Quod
1836 5261 1960 5299 vero
1985 5244 2094 5298 ani-

530 5356 619 5394 ma
649 5356 680 5393 a
710 5350 909 5393 natura
939 5338 1156 5408 propria
1185 5353 1293 5391 non
1329 5338 1609 5403 recedens,
1635 5338 1904 5392 contraria
1932 5339 2094 5393 vicis-

530 5433 632 5487 sim
666 5432 953 5501 suscipiat,
986 5429 1259 5490 omnibus,
1283 5428 1464 5494 credo,
1490 5440 1570 5483 est
1602 5431 1963 5499 perspicuum.
1999 5430 2094 5485 Ju-

530 5526 679 5579 stitia
713 5524 856 5578 enim
887 5533 940 5578 et
965 5522 1253 5592 injustitia,
1282 5521 1546 5575 lortitudo
1575 5530 1628 5575 et
1655 5522 1932 5589 timiditas,
1960 5532 2093 5578 tem-

535 5615 779 5683 perantia
813 5625 865 5668 et
897 5614 1330 5683 intemperantia,
1365 5613 1417 5666 in
1448 5612 1562 5681 ipsa
1593 5612 1829 5668 vicissim
1861 5630 2094 5668 cernun~

534 5714 644 5771 tur,
673 5721 797 5760 cum
832 5708 941 5759 sint
966 5706 1259 5759 contraria.
1325 5704 1684 5771 Quamobrem
1715 5722 1835 5761 cum
1875 5724 1937 5761 ea
1960 5709 2091 5762 sub-

532 5798 747 5857 stantiae
796 5796 1249 5868 sit.proprietas,
1303 5809 1359 5855 ut
1410 5799 1802 5856 contrariorum
1856 5798 2089 5854 vicissim

2201 4603 2594 4676 γνωριζομένη.

2584 4790 2653 4842 El
2686 4787 2868 4840 οὐσία
2906 4786 3077 4839 ἐστὶν
3114 4785 3153 4851 ἡ
3183 4781 3379 4852 ψυχή.

2270 4883 2343 4936 Γν.
2366 4883 2494 4935 ’Ότι
2532 4880 2628 4951 μὲν
2657 4879 2813 4931 ούσία
2845 4879 2990 4931 ἐστὶν
3029 4879 3062 4948 ἡ
3089 4876 3259 4946 ψυχὴ,
3290 4876 3544 4928 δείκνυται
3559 4867 3699 4951 οὕτως·

2201 4972 2424 5046 Πρῶτον
2462 4949 2579 5042 μὲν,
2637 4971 2717 5023 ὅτι
2748 4970 2848 5040 τῆς
2884 4969 3072 5029 οὐσίας
3119 4967 3264 5035 ὅρος,
3332 4963 3426 5017 καὶ
3472 4959 3547 5012 ἐπ’
3580 4949 3701 5046 abiis

2202 5039 2267 5121 ἂν
2298 5039 2519 5128 εἰκότως
2542 5063 2776 5133 λεχθείη.
2830 5062 2987 5113 Ἐστι
3034 5060 3089 5112 δὲ
3138 5051 3315 5121 οὗτος·
3352 5053 3511 5109 Ούσία
3538 5046 3630 5102 ἐστὶ
3664 5039 3704 5090 τῖδ

2198 5158 2416 5220 ταυτὸν,
2448 5156 2541 5209 καὶ
2595 5154 2652 5207 ἐν
2705 5152 2942 5223 ἀριθμῷ,
2990 5151 3097 5203 τῶν
3150 5147 3411 5202 ἐναντίων
3449 5134 3703 5232 παραμέᾢ

2200 5246 2337 5303 εἶναι
2371 5247 2635 5301 δεκτικόν.
2692 5247 2812 5299 Ὅτι
2863 5244 2918 5297 δὲ
2948 5244 2979 5313 ἠ
3013 5242 3156 5314 ψυχὴ
3188 5240 3331 5310 αὕτη
3384 5238 3478 5308 τῆς
3510 5232 3621 5290 ἰδίας
3642 5240 3704 5291 ἓν

2201 5361 2337 5409 σεως
2380 5342 2454 5413 μὴ
2496 5340 2839 5410 ἐξισταμένη,
2884 5337 2951 5391 τὰ
3000 5336 3212 5389 ἐναντία
3258 5335 3472 5404 δέχεται

2200 5453 2313 5505 ρος,
2340 5410 2499 5489 παντί
2533 5450 2633 5486 που
2683 5432 2858 5502 δῆλον·
2911 5429 3221 5498 δικαιοσύνη
3270 5426 3381 5497 γὰρ
3424 5422 3512 5477 καὶ
3551 5410 3704 5505 ἀδικίαι

2199 5501 2389 5597 ανδρία
2412 5544 2471 5578 τε
2508 5526 2600 5578 καὶ
2642 5501 2831 5587 δειλία,
2878 5521 3197 5592 σωφροσύνη
3229 5536 3293 5572 τε
3339 5518 3432 5571 καὶ
3481 5501 3703 5567 ἀκολασίαν

2199 5616 2255 5667 ὲν
2280 5596 2414 5685 αὑτῇ
2457 5614 2781 5685 θεωροῦνται
2833 5612 3047 5666 ἐναντία
3070 5610 3212 5663 ὄντα.
3261 5609 3326 5661 Εἰ
3370 5604 3540 5659 τοίνυν
3560 5596 3706 5685 ἰδίωμα

2198 5707 2404 5769 οὐσίας,
2442 5706 2502 5759 τὸ
2530 5706 2637 5758 τῶν
2681 5705 2936 5758 ἐναντίων
2979 5701 3113 5756 εἶναι
3156 5698 3475 5771 παραμέρος
3496 5683 3704 5747 δεκτι²δν’

2198 5800 2471 5853 δείκνυται
2504 5798 2559 5851 δὲ
2591 5800 2621 5868 ή
2834 5795 3034 5849 τούτων
3082 5791 3438 5862 ἐπιδεχομένη
3479 5786 3558 5839 τὸν
3595 5780 3703 5848 ὅρον.
