3876 6522
227 370 360 427 HM

1413 357 1825 417 DISPUTATIO
1863 356 1950 415 DE
1984 355 2219 410 ANIMA.

3312 349 3448 417 me

219 486 380 541 οὐσία
409 484 568 556 ἄραὴ
603 482 766 553 ψυχή.
807 483 1036 535 Ἔπειτα
1069 482 1161 533 καὶ
1192 480 1286 533 τοῦ
1322 481 1569 551 σώματος
1600 478 1778 541 οὐσίας

1890 475 2192 545 susceptrix
2214 474 2303 537 sit,
2328 457 2623 543 eademque
2656 469 2851 525 animat
2870 467 3172 533 conveniat,
3198 466 3450 529 substan-

221 579 396 640 ὄντος,
448 576 538 628 καὶ
586 573 682 645 τὴν
739 573 915 644 ψυχὴν
961 573 1145 626 οὐσίαν
1191 568 1330 624 εἶναι
1375 572 1622 641 ἀνάγκηο
1666 571 1785 623 οὐδὲ

222 663 470 741 γὰρσοῖόν
498 684 576 732 τε,
603 667 663 719 τὸ
686 664 1110 736 ξωοποιούμενον
1127 664 1308 717 οὐσίαν
1343 663 1505 734 [ἀλλ.
1528 660 1785 732 ὲνούσιον]

222 759 384 813 εἶναι’
414 760 474 813 τὸ
511 759 567 811 δὲ
609 757 924 822 ζωοποιοῦν,
965 753 1101 809 εἶναι
1141 757 1409 809 ἀνούσιον.
1457 756 1519 807 Ei
1555 756 1627 825 μή
1680 771 1783 817 τις,

220 852 320 906 καὶ
348 851 408 903 τὸ
437 851 511 922 μὴ
539 849 620 915 ὃν,
651 849 743 902 τοῦ
786 849 937 911 ὄντος
991 848 1159 900 αἴτιον
1203 849 1421 916 φήσειεν
1445 843 1598 899 εἶναι·
1624 844 1656 914 ἢ
1686 845 1787 897 πά-

220 942 328 1007 λιν,
355 943 413 995 τὸ
441 943 498 995 ὲν
529 935 572 1009 ᾧ
599 941 694 1012 τὴν
728 940 959 1012 ὓπαρξιν
991 940 1133 1011 ἕχον,
1174 940 1267 993 καὶ
1297 931 1357 993 οὗ
1387 939 1514 993 ἄνευ
1548 934 1684 991 εἶναι
1713 936 1785 1007 μὴ

217 1033 518 1103 δυνάμενον
551 1031 671 1104 [ἄλ.
723 1032 875 1085 καὶὸ
917 1031 1043 1085 ἄνευ
1094 1030 1188 1085 τοῦ
1244 1026 1381 1083 εἶναι
1437 1028 1507 1100 μὴ
1558 1029 1787 1098 δυνάμε-

218 1123 361 1195 νον],
385 1126 554 1178 αἴτιον
604 1124 815 1177 ἐκείνου
868 1119 1005 1177 εἶναι
1055 1123 1147 1178 τοῦ
1181 1125 1237 1176 ἐν
1278 1115 1321 1189 ᾧ
1354 1126 1490 1186 ἐστι,
1518 1120 1702 1191 μανείς
1732 1137 1784 1173 τι

217 1214 387 1268 εἴποι.

642 1398 712 1450 El
747 1397 1057 1466 ἀσώματος
1095 1398 1132 1465 ἡ
1174 1395 1363 1465 ψυχή.

287 1488 366 1539 A'.
406 1486 527 1539 Ὅτι
564 1487 660 1557 μὲν
690 1490 747 1541 ἐν
778 1488 855 1559 τῷ
903 1488 1113 1559 σώματι
1146 1488 1305 1558 ἡμῶν
1361 1490 1394 1558 ή
1441 1488 1583 1557 ψυχή
1617 1488 1783 1551 ἐστιν,

215 1578 480 1649 ἀνωτέρω
508 1579 739 1650 ἐδείχθτγ
800 1580 880 1633 δεῖ
900 1581 1075 1634 τοίνυν
1102 1580 1295 1633 εἰδέναι
1329 1579 1444 1643 πῶς
1473 1582 1530 1632 ὲν
1568 1579 1643 1650 τῷ
1677 1578 1784 1631 σώ-

218 1688 375 1739 ματι·
406 1673 498 1725 καὶ
530 1675 577 1724 εἰ
613 1673 710 1742 μὲν
745 1673 1070 1744 παράκειται
1107 1673 1253 1745 αὐτῷ
1274 1674 1347 1737 ὡς
1374 1672 1545 1743 ψηφὶς
1570 1672 1780 1743 ψηφίδι,

216 1759 384 1830 σῶμα
423 1761 519 1831 μὲν
548 1760 699 1814 ἔσται
749 1764 782 1833 ἡ
810 1762 976 1833 ψυχὴ,
1010 1762 1127 1815 ὅλον
1156 1762 1211 1815 δὲ
1234 1762 1294 1814 τὸ
1333 1762 1490 1831 σῶμα
1513 1761 1610 1815 οὐκ
1632 1761 1781 1815 ἔσται

1890 568 1963 620 tia
1991 567 2155 636 igitur
2187 566 2368 620 anima
2396 566 2515 619 erit.
2572 564 2838 627 Prmterea
2864 604 2879 627 ,
2908 577 3030 616 cum
3068 569 3121 614 et
3147 574 3344 629 corpus
3378 558 3450 611 sit

1892 657 2217 723 substantia,
2276 656 2512 710 animam
2549 669 2766 724 quoque
2798 651 3157 708 substantiam
3195 666 3315 709 esse
3358 664 3451 703 ne—

1889 765 2040 805 cesse
2084 759 2166 804 est
2209 767 2221 801 :
2266 763 2439 817 neque
2469 749 2612 803 enim
2647 747 2758 801 ﬁeri
2787 754 2982 816 potest,
3018 753 3076 797 ut
3114 743 3258 813 quod
3282 743 3447 795 vitam

1889 843 2108 912 accipit,
2136 841 2440 896 substantia
2470 841 2572 907 sit;
2610 840 2736 894 illud
2763 848 2941 894 autem
2968 836 3117 908 quod.
3137 836 3301 897 vitam
3326 850 3451 903 pra:-

1889 936 2000 998 bet,
2034 950 2141 988 non
2173 934 2243 988 sit
2278 933 2604 988 substantia.
2642 932 2756 986 Nisi
2789 930 2927 984 forte
2948 929 3072 999 quis
3095 927 3446 987 itaiusaniat,

1890 1036 1949 1080 ut
1979 1027 2029 1080 id
2061 1026 2204 1095 quod
2241 1040 2350 1079 non
2374 1034 2475 1091 est,
2509 1024 2628 1092 ejus
2658 1023 2798 1091 quod
2833 1030 2935 1086 est,
2965 1034 3187 1074 causam
3217 1032 3339 1075 esse
3369 1016 3451 1068 at-

1890 1120 2100 1186 ﬁrmet;
2156 1129 2253 1175 aut
2290 1133 2479 1173 rursus
2509 1118 2582 1183 id,
2629 1116 2787 1185 cujus
2815 1114 2942 1168 illud
2972 1113 3146 1182 ipsum
3174 1111 3316 1180 quod
3345 1118 3446 1173 est,

1887 1228 1949 1266 ex
1976 1212 2083 1266 alio
2113 1212 2192 1267 sic
2216 1211 2432 1281 pendet,
2454 1218 2513 1263 ut
2544 1210 2747 1278 absque
2769 1208 2859 1261 illo
2879 1221 2999 1261 esse
3052 1210 3303 1273 nequeat,
3331 1202 3450 1271 ejus

1889 1308 2079 1375 ipsius,
2114 1322 2178 1361 ex
2203 1322 2311 1376 quo
2340 1306 2556 1375 pendet,
2588 1320 2805 1359 causam
2831 1318 2949 1358 esse
2971 1302 3118 1356 velit.

2292 1399 2375 1448 An
2408 1398 2713 1464 incorporea
2742 1395 2811 1449 sit
2838 1395 3035 1448 anima.

1958 1489 2047 1544 ιν.
2092 1490 2146 1544 in
2190 1495 2416 1559 corpore
2448 1489 2660 1557 quidem
2708 1495 2895 1540 nostro
2926 1486 3162 1539 animam
3206 1497 3325 1537 esse
3355 1498 3448 1536 su—

1888 1581 2072 1651 pet-ius
2124 1589 2405 1635 ostensum
2458 1589 2543 1635 est
2571 1597 2585 1633 :
2614 1579 2890 1648 quomodo
2922 1586 3101 1631 autem
3148 1575 3218 1630 sit
3248 1575 3300 1627 in
3325 1588 3447 1626 cor-

1886 1690 2036 1743 pore,
2070 1688 2400 1743 cognoscere
2422 1680 2651 1740 oportet.
2700 1669 2836 1723 Nam
2870 1670 2914 1722 si
2945 1668 3019 1721 illi
3048 1668 3120 1720 ita
3152 1666 3361 1735 adjacet
3388 1674 3448 1717 ut

1887 1766 2025 1836 lapis
2071 1765 2257 1835 lapidi,
2305 1764 2571 1834 sequitur,
2603 1762 2744 1830 quod
2785 1775 2984 1829 corpus
3018 1759 3089 1812 sit
3114 1758 3315 1819 anima,
3348 1771 3447 1811 nec

212 1851 483 1923 ἔμψυχον·
542 1853 692 1923 μέρει
720 1856 825 1925 γάρ
856 1873 959 1909 τινι
994 1854 1384 1925 παρακείσεται
1410 1853 1571 1925 [ἄλλ.
1600 1853 1778 1926 παρά-

1890 1863 2055 1909 totum
2084 1870 2282 1923 corpus
2307 1853 2608 1907 animatum
2634 1867 2773 1914 esse,
2806 1865 2929 1904 cum
2959 1848 3095 1917 parti
3122 1846 3337 1901 cuidam
3364 1859 3451 1899 so-

212 1940 440 2012 κειται].
495 1942 636 1995 Εξδὲ
663 1944 1015 2015 ἐμμέμικται,
1068 1944 1491 2015 ῆὲγκὲκραται,
1547 1944 1781 2015 πολυμε-

216 2033 319 2103 ρὴς
345 2033 412 2087 ἂν
447 2035 654 2103 γένοιτο
683 2039 714 2106 ἡ
753 2036 918 2108 ψυχὴ,
944 2039 1036 2091 καὶ
1062 2037 1160 2107 οὐχ
1212 2038 1376 2110 ἁπλῆ,
1403 2036 1500 2091 τοῦ
1535 2039 1661 2093 ἰδίου
1681 2040 1780 2110 τῆς

209 2125 397 2197 ψυχῆς
425 2127 583 2197 λόγου
615 2129 1006 2201 ἐκϐεϐλημένη.
1060 2131 1133 2183 Τὸ
1164 2130 1272 2202 γὰρ
1318 2131 1637 2203 πολυμερὲς,
1688 2132 1781 2185 καὶ

208 2218 503 2289 διαιρετὸν,
532 2223 622 2275 καὶ
642 2221 904 2275 διαλυτόν·
939 2223 997 2275 τὸ
1033 2223 1090 2275 δὲ
1121 2222 1385 2286 διαλυτὸν,
1418 2223 1685 2277 σύνθετον·
1721 2223 1781 2276 τὸ

206 2310 273 2363 δὲ
298 2311 569 2377 σύνθετον,
618 2314 776 2385 τριχῆ
829 2314 1128 2368 διαστατόν.
1188 2314 1260 2367 Τὸ
1291 2315 1347 2367 δὲ
1383 2315 1538 2386 σῶμα
1569 2314 1779 2387 σώματι

210 2404 657 2475 προστιθέμενον,
693 2406 852 2474 ὄγκον
878 2409 1035 2459 ποιεῖ·
1073 2408 1104 2477 ἡ
1133 2406 1189 2459 δὲ
1219 2406 1363 2478 ψυχὴ
1391 2408 1447 2459 ὲν
1468 2407 1545 2477 τῷ
1572 2406 1780 2478 σώματι

206 2494 374 2558 οὖσα,
406 2496 566 2564 ὄγκον
617 2499 677 2551 οὐ
712 2501 873 2563 ποιεῖ,
920 2498 1057 2552 ἀλλὰ
1114 2498 1310 2568 μᾶλλον
1360 2498 1628 2563 ζωοποιεῖ.
1666 2500 1780 2553 Οὐκ

207 2586 326 2657 ἄρα
358 2585 508 2640 ἔσται
534 2588 567 2657 ή
602 2586 744 2659 ψυχὴ
770 2587 943 2658 σῶμα,
980 2588 1092 2641 ἀλλ’
1119 2586 1427 2658 ἀσώματος.

291 2859 412 2912 Ἐτι
440 2861 489 2912 εἰ
521 2859 677 2931 σῶμά
712 2859 905 2933 [ἐστιν]
938 2863 969 2932 ἠ
1007 2862 1172 2933 ψυχὴ,
1200 2862 1234 2933 ἢ
1267 2860 1463 2927 ἔξωθεν
1510 2864 1542 2935 ἢ
1573 2862 1779 2916 ἔνδοθεν

208 2953 464 3004 κινεῖται.
511 2952 646 3005 Οὔτε
686 2953 741 3005 δὲ
766 2952 961 3019 ἔξωθεν
988 2957 1231 3008 κινεῖται·
1262 2955 1321 3007 οὐ
1349 2954 1455 3027 γὰρ
1479 2955 1719 3020 ὠθεῖται,
1746 2957 1778 3028 ἢ

205 3041 454 3105 ἕλκεται,
479 3043 553 3107 ὡς
577 3044 643 3097 τὰ
667 3043 865 3115 ἄψυχα·
898 3043 1020 3097 οὒτε
1044 3045 1100 3098 δὲ
1124 3044 1324 3099 ἔσωθεν
1356 3048 1604 3113 κινεῖται,
1622 3048 1697 3111 ὡς
1714 3047 1781 3102 τὰ

206 3130 456 3201 ἔμψυχα·
493 3133 691 3188 ἄτοπον
725 3135 831 3206 γὰρ
874 3135 1051 3208 ψυχῆς
1073 3136 1247 3208 ψυχὴν
1270 3137 1466 3207 λέγειν·
1497 3139 1598 3193 οὐκ
1630 3139 1779 3194 ἔσται

205 3219 309 3278 οὖν
346 3223 525 3295 σῶμαο
550 3224 835 3295 ἀσώματος
862 3226 987 3298 ἄρα.

280 3492 396 3547 Καὶ
428 3494 606 3558 πάλιν,
639 3496 687 3549 ει
721 3495 879 3568 σῶμά
906 3499 1052 3551 ἐστιν
1077 3500 1109 3569 ὴ
1133 3498 1299 3571 ψυχὴ,
1326 3499 1419 3553 καλ¹
1442 3499 1539 3567 τὰς
1568 3501 1782 3574 ποιότη-

202 3601 312 3647 τας
338 3584 601 3654 αῐσθητὰς
632 3585 763 3656 ἔχει,
793 3588 888 3641 κᾶὶ
918 3588 1172 3659 τρέφεται
1191 3607 1203 3619 ·
1245 3589 1357 3643 ἀλλ’
1391 3592 1451 3644 οὐ
1500 3593 1776 3664 τρέφεται.

203 3671 325 3724 Καὶ
345 3673 394 3724 εἰ
422 3673 696 3745 τρέφεται,
718 3676 782 3727 οὐ
814 3678 1133 3747 σωματικῶς
1158 3679 1501 3751 τρέφεταιὼς
1518 3684 1577 3736 τὸ
1601 3683 1778 3756 σῶμα,

204 3760 329 3813 ἀλλ’
357 3761 661 3832 ἁσωμὰτως
684 3780 695 3793 ⁸
731 3763 873 3835 λόγῳ
905 3766 1011 3837 γὰρ
1034 3767 1291 3838 τρέφεται
1308 3786 1321 3799 °
1350 3770 1410 3822 οὐ
1434 3772 1611 3825 τοίνυν
1634 3774 1781 3828 ποιό-

202 3867 381 3920 τητας
422 3850 683 3921 αἰσθητὰς
727 3852 873 3923 ἔχει*
916 3854 1036 3907 οὔτε
1063 3855 1170 3928 γὰρ
1218 3859 1407 3928 ὁρᾶται
1448 3859 1777 3934 δικαιοσύνη,

202 3938 337 3993 οὔτε
357 3940 565 4011 ἀνδρία,
603 3941 726 3996 οὔτε
749 3944 856 3997 τῶν
877 3947 1129 4001 τοιούτων
1151 3948 1301 4002 οὐδέν
1321 3967 1333 3980 ’
1377 3952 1475 4022 τῆς
1509 3952 1565 4005 δὲ
1604 3954 1779 4027 ψυχῆς

199 4032 260 4082 αἱ
295 4030 581 4101 ποιότητες
608 4027 766 4087 αὗται
788 4052 800 4064 ’
833 4036 931 4088 οὐκ
963 4035 1108 4091 ἔστιν
1140 4033 1231 4091 οὖν
1260 4039 1418 4111 σῶμα
1445 4058 1457 4071 ⁸
1495 4041 1779 4115 ἀσώματος

199 4120 341 4191 ἄρα.

278 4302 426 4366 Ἔτι,
481 4305 658 4375 πάσης
694 4307 791 4377 τῆς
835 4310 1146 4381 σωματικῆς
1194 4312 1375 4376 οὐσίας
1417 4316 1495 4377 εἰς
1540 4314 1779 4388 ἔμψυχον

200 4396 303 4446 καὶ
328 4394 530 4465 ἄψυχον
570 4397 980 4473 διαιρουμένης,
1037 4404 1344 4457 εἰπάτωσαν
1386 4408 1433 4457 oi
1468 4406 1624 4478 σῶμα
1653 4407 1773 4479 [ἄλ.

1878 1946 1992 2000 lum
2022 1946 2313 2000 adlizereat.
2370 1943 2464 1997 Sin
2496 1952 2674 1998 autem
2704 1958 2827 1996 cum
2858 1955 3085 2010 corpore
3112 1939 3296 2004 mista,
3326 1953 3449 1995 con-

1880 2036 2114 2105 fusaque
2139 2036 2246 2101 sit,
2281 2050 2310 2088 c
2336 2034 2553 2103 propria
2588 2033 2784 2087 animze
2812 2030 3021 2084 ratione
3048 2028 3277 2096 dejecta,
3314 2025 3448 2079 mul-

1880 2132 1951 2186 tis
1988 2130 2236 2200 partibus
2262 2126 2555 2189 constabit,
2584 2141 2685 2181 nec
2716 2123 2945 2193 simplex
2967 2122 3087 2177 erit.
3123 2119 3273 2189 Quod
3300 2118 3445 2172 enim

1880 2221 2175 2275 multarum
2211 2226 2295 2273 est
2323 2217 2558 2287 partium
2588 2256 2603 2281 ,
2656 2214 2924 2270 divisibile
2952 2222 3035 2267 est
3060 2226 3124 2267 ac
3153 2209 3447 2267 dissolubi-

1880 2314 1959 2378 le;
1988 2313 2133 2382 quod
2158 2320 2336 2366 autem
2362 2318 2537 2381 potest
2558 2308 2746 2373 dividi,
2779 2305 3138 2375 compositum
3161 2311 3272 2369 est;
3303 2316 3447 2363 com—

1881 2404 2119 2475 positum
2151 2417 2280 2458 vero
2310 2401 2592 2471 triplieiter
2612 2399 2775 2455 dividi
2799 2406 2996 2469 potest.
3031 2395 3242 2465 Corpus
3262 2402 3443 2449 autem

1880 2495 2196 2564 adjunctum
2246 2493 2498 2563 corpori.
2547 2491 2743 2551 molem
2790 2496 2977 2558 auget;
3019 2485 3199 2540 anima
3226 2499 3354 2539 vero
3388 2483 3443 2536 in

1879 2604 2107 2659 corpore
2123 2588 2411 2654 exsistens,
2428 2585 2556 2641 illud
2580 2600 2687 2645 non
2710 2583 2999 2649 tumidum,
3019 2580 3113 2636 sed
3137 2578 3316 2632 vivum
3350 2592 3445 2646 po-

1882 2681 1990 2734 tius
2017 2680 2212 2735 reddit.
2268 2677 2385 2734 Nou
2412 2678 2574 2750 igitur
2613 2692 2843 2746 corpus,
2881 2673 2974 2729 sed
3012 2674 3329 2741 incorporea
3361 2679 3445 2724 est

1881 2771 2081 2833 anima.

1952 2862 2033 2916 Ad
2060 2862 2192 2926 haec,
2239 2862 2285 2917 si
2329 2875 2525 2930 corpus
2558 2867 2705 2915 esset
2741 2857 2940 2923 anima,
2968 2851 3438 2915 autextrinsecus.

1850 2956 1977 3029 ‘aut
2005 2950 2333 3004 intrinsecus
2368 2957 2695 3004 moveretur.
2753 2944 2872 3000 Non
2901 2953 3080 3000 autem
3107 2943 3444 2998 extrinsecus

1884 3049 2178 3099 movetur:
2216 3056 2324 3095 non
2372 3040 2518 3097 enim
2566 3038 2920 3110 impulsione,
2968 3048 3141 3104 neque
3183 3034 3443 3088 tractione

1884 3137 2151 3192 movetur,
2185 3138 2239 3183 ut
2264 3128 2591 3192 inanimata;
2626 3141 2801 3196 neque
2823 3124 3151 3179 intrinsecus
3177 3129 3441 3183 movetur,

1883 3221 2024 3277 sicut
2042 3221 2279 3275 animata
2307 3237 2319 3272 :
2366 3220 2658 3274 absurdum
2684 3219 2829 3284 enim
2859 3224 2961 3279 est,
2990 3217 3226 3270 animam
3252 3214 3445 3267 anisz

1881 3314 2062 3369 dicere
2106 3330 2123 3367 :
2161 3325 2273 3366 non
2320 3324 2449 3380 ergo
2494 3309 2674 3363 anima
2718 3316 2803 3362 est
2853 3319 3092 3375 corpus:
3127 3302 3443 3377 incorporea

1881 3405 2063 3476 igitur.

1950 3494 2018 3550 Et
2050 3509 2243 3551 rursus
2263 3535 2277 3562 ,
2313 3494 2358 3549 si
2389 3508 2586 3564 corpus
2613 3499 2697 3547 est
2719 3491 2925 3553 anima,
2961 3489 3122 3544 etiam
3153 3487 3444 3556 qualitates

1882 3587 2044 3642 habet
2084 3602 2205 3655 qua:
2243 3585 2615 3655 percipiuntur
2646 3583 2925 3646 sensibus,
2954 3590 3006 3635 et
3038 3579 3313 3644 nutritur;
3348 3579 3442 3632 sed

1880 3698 1992 3737 non
2038 3682 2298 3736 nutritur.
2346 3680 2503 3746 Quod
2538 3682 2587 3735 si
2620 3681 2879 3742 nutritur,
2913 3693 3021 3733 non
3058 3691 3313 3747 corporee
3342 3691 3445 3729 nr.-

1880 3775 2074 3839 tritur,
2118 3782 2179 3835 ut
2221 3788 2442 3849 corpus,
2489 3771 2582 3827 sed
2615 3773 2968 3840 incorporee;
2997 3784 3122 3823 nam
3159 3768 3364 3822 ratione
3390 3774 3447 3821 et

1880 3865 2047 3921 verbo
2079 3864 2318 3919 nutritur
2348 3882 2361 3917 :
2395 3879 2502 3918 non
2529 3864 2691 3933 igitur
2716 3861 2999 3916 sensibiles
3022 3859 3310 3929 qualitates
3341 3858 3443 3913 ha-

1880 3958 1998 4024 bet;
2027 3972 2203 4027 neque
2229 3957 2372 4011 enim
2408 3956 2579 4009 oculis
2610 3954 2852 4009 cernitur
2879 3953 3115 4023 justitia,
3139 3966 3313 4020 neque
3335 3949 3446 4006 for-

1842 4049 2086 4116 ,titudo,
2134 4063 2308 4117 neque
2356 4047 2460 4101 alia
2503 4047 2620 4115 ejus
2666 4046 2910 4116 generis,
2944 4060 3063 4113 quae
3094 4054 3221 4098 sunt
3249 4043 3444 4097 auium

1879 4140 2169 4210 qualitates
2199 4157 2212 4192 :
2250 4145 2578 4208 quapropter
2610 4152 2811 4206 corpus
2846 4152 2954 4191 non
2986 4144 3069 4190 est
3099 4135 3279 4190 anima
3313 4153 3326 4188 :
3360 4135 3444 4188 in-

1880 4246 2137 4301 corporea
2175 4230 2358 4301 igitur.

1948 4322 2253 4386 Praeterea,
2314 4336 2435 4376 cum
2483 4320 2662 4374 omnis
2710 4318 3013 4373 substantia
3088 4330 3345 4386 corporea
3387 4316 3442 4370 in

1880 4418 2173 4471 animatam
2230 4415 2313 4469 vel
2362 4414 2715 4467 inanimatam
2762 4411 3069 4475 dividatur;
3125 4408 3309 4463 dicant
3349 4409 3443 4478 qui

200 4488 560 4596 σωματικην]
594 4490 690 4596 τὴν
722 4491 898 4564 ψυχὴν
936 4492 1180 4561 λέγοντες
1210 4536 1223 4559 ,
1274 4498 1319 4548 εἰ
1365 4496 1567 4567 ἄψυχον
1608 4500 1774 4571 αὐτὴν

1890 4510 2114 4562 animam
2136 4522 2336 4577 corpus
2366 4504 2462 4577 [ιιι.
2490 4502 2827 4575 corpoream]
2856 4518 2975 4558 esse
3004 4500 3292 4567 afﬁrmant,
3322 4500 3441 4553 ani-

196 4575 445 4641 λεκτέον,
477 4578 509 4648 ἢ
532 4578 789 4659 ἔμψυχον.

276 4666 425 4729 Ἔτι,
460 4668 510 4719 εί
563 4670 668 4722 πᾶν
709 4669 866 4740 σῶμα
901 4672 992 4724 καὶ
1039 4673 1366 4744 κέχρωσται,
1416 4677 1507 4729 καὶ
1536 4680 1777 4733 πεπόσω-

195 4773 316 4819 ται,
354 4759 447 4810 καὶ
470 4759 891 4829 ἐσχημάτισταιο
928 4762 1078 4815 οὐδὲν
1105 4763 1159 4815 δὲ
1188 4764 1391 4818 τούτων
1435 4768 1492 4818 ὲν
1532 4771 1595 4842 τῇ
1628 4768 1773 4841 ψυχῇ

197 4847 511 4919 θεωρεῖται,
545 4852 643 4902 οὐκ
666 4852 773 4923 ἄρα
802 4852 959 4922 σῶμα
1038 4852 1202 4923 ψυχή.

512 4967 578 5018 El
605 4963 767 5033 ἁπλῆ
797 4968 833 5034 ἡ
862 4967 1030 5034 ψυχὴ
1054 5006 1067 5029 ,
1094 4967 1131 5036 ἢ
1158 4970 1466 5038 σύνθετος.

270 5055 353 5108 E’.
385 5057 667 5122 Δείκνυται
721 5058 896 5121 τοίνυν
919 5098 934 5121 ,
976 5060 1057 5121 ὅτι
1091 5061 1314 5135 εί·ἀπλῆ
1338 5067 1369 5135 ἡ
1396 5066 1571 5137 ψυχὴ,
1617 5065 1675 5131 ἐξ
1699 5060 1772 5121 ὧν

198 5144 444 5221 μάλιστα
475 5148 757 5227 ἀσώματος
780 5151 1090 5223 ἀπεδείχθη.
1124 5153 1307 5226 Είγὰρ
1328 5156 1485 5227 σῶμα
1517 5158 1614 5210 οὐκ
1637 5158 1769 5219 ἔστι,

197 5238 369 5308 σῶμα
395 5236 593 5324 δὲφπᾶν
645 5239 891 5294 σύνθετόν
932 5245 1079 5299 ἐστι·
1109 5246 1171 5299 τὸ
1215 5247 1272 5299 δὲ
1313 5247 1662 5317 συγκείμενον
1708 5248 1771 5300 ἐκ

198 5327 391 5400 μερῶν
416 5328 710 5397 σύγκειται,
739 5332 929 5386 οὐκοῦν
955 5337 1045 5389 καὶ
1070 5338 1379 5410 πολυμερὴς
1398 5337 1566 5391 ἔσται.
1606 5335 1771 5389 Ἀσώ-

196 5436 377 5493 ματος
400 5420 457 5472 δὲ
484 5417 639 5486 οὖσα,
667 5422 811 5493 ἁπλῆ
834 5426 1007 5479 ἐστιν’
1054 5428 1268 5482 ἐπειδὰν
1320 5429 1411 5482 καὶ
1460 5429 1765 5494 ἁσύνθετος,

194 5512 297 5565 καὶ
325 5512 557 5584 ἀμερής.

542 5691 611 5743 El
647 5688 936 5755 ἀθάνατος
978 5692 1143 5761 ἡμῶν
1170 5697 1207 5762 ἠ
1239 5696 1426 5765 ψυχή.

270 5783 365 5848 (Γ.
417 5778 726 5835 Ἀκόλουθον
750 5774 900 5853 οἶμαι
932 5783 1040 5838 δεῖν
1066 5784 1142 5858 τῷ
1174 5787 1360 5859 ἁπλῷ,
1389 5791 1448 5845 τὸ
1482 5790 1759 5847 ἀθάνατον.

1882 4610 2152 4656 matamne
2178 4600 2282 4654 dici
2312 4615 2431 4654 eam
2458 4598 2624 4653 velint
2656 4612 2723 4650 an
2757 4596 3132 4649 inanimatam.

1948 4691 2215 4759 Denique,
2244 4691 2288 4744 si
2316 4706 2515 4759 corpus
2541 4702 2701 4742 omne
2726 4687 2980 4750 colorem,
3006 4684 3355 4755 quantitatem
3388 4693 3437 4737 et

1878 4782 2106 4853 figuram
2134 4782 2295 4837 habet
2318 4798 2333 4846 ;
2370 4780 2503 4834 nihil
2530 4789 2708 4834 autem
2735 4777 3001 4847 ejusmodi
3032 4776 3085 4829 in
3108 4776 3287 4830 anima
3309 4789 3434 4829 conv

1879 4878 2108 4947 spicitur
2132 4895 2144 4930 :
2177 4891 2285 4929 non
2318 4875 2487 4944 igitur
2507 4872 2684 4926 anima
2710 4879 2791 4924 est
2817 4882 3034 4937 corpus.

2131 4969 2211 5021 An
2240 4966 2458 5036 simplex
2486 4966 2558 5017 sit
2592 4964 2772 5015 anima
2820 4978 2887 5013 an
2914 4962 3224 5029 composita.

1948 5060 2011 5115 V.
2059 5059 2137 5113 Ex
2162 5060 2360 5129 quibus
2390 5072 2517 5128 ergo
2548 5056 2727 5110 anima
2754 5054 2994 5122 corporis
3028 5067 3221 5121 expers
3249 5060 3433 5105 osten-

1872 5153 2041 5215 ditur,
2076 5168 2141 5208 ex
2182 5152 2249 5205 iis
2279 5150 2620 5220 potissimum
2649 5145 2811 5202 etiam
2834 5145 3061 5215 simplex
3091 5144 3432 5198 demonstra-

1872 5254 1981 5299 tur.
2014 5242 2149 5298 Nam
2177 5245 2222 5297 si
2246 5257 2443 5312 corpus
2464 5256 2571 5294 non
2600 5249 2701 5305 est,
2723 5248 2777 5294 et
2801 5253 2963 5293 omne
2988 5251 3186 5305 corpus
3212 5248 3429 5303 compo-

1873 5338 2034 5391 situm
2081 5345 2200 5400 est;
2236 5332 2594 5402 compositum
2621 5340 2800 5386 autem
2830 5346 2897 5386 ex
2922 5329 3168 5399 partibus
3199 5336 3429 5392 constet,

1870 5445 1970 5484 nec
2009 5429 2241 5499 plurium
2288 5426 2504 5497 quidem
2545 5426 2781 5496 partium
2810 5424 2930 5479 erit.
2960 5422 3095 5478 Cum
3123 5428 3303 5477 autem
3343 5420 3429 5474 in-

1870 5535 2127 5589 corporea
2162 5520 2265 5584 sit,
2308 5518 2535 5589 simplex
2577 5519 2713 5582 erit;
2747 5515 3007 5585 quoniam
3037 5530 3144 5567 non
3177 5522 3259 5569 est
3283 5530 3426 5570 com-

1868 5611 2061 5680 posita,
2098 5626 2272 5681 neque
2300 5611 2356 5665 in
2384 5618 2565 5681 partes
2599 5594 2870 5664 secabilis.

2173 5708 2252 5758 Αη
2284 5703 2599 5757 immortalis
2634 5712 2810 5756 nostra
2839 5701 2907 5754 sit
2940 5701 3137 5753 anima.

1952 5792 2030 5849 Vl.
2086 5793 2432 5873 Consequens
2483 5812 2610 5861 vero
2660 5795 2791 5851 mihi
2821 5794 3053 5859 videtur,
3092 5800 3149 5846 ut
3175 5790 3321 5863 quod
3351 5806 3430 5850 est
