3876 6494
484 358 623 416 1145

1141 355 1201 409 S.
1249 351 1582 410 GREGORII
1617 347 1973 409 THAUMAT.
2016 349 2163 405 OPP.
2218 348 2400 405 PARS
2434 346 2727 404 ALTERA.
2768 380 2831 387 —
2868 344 3094 402 DUBIA.

3580 348 3697 401 ιιιι

478 472 729 539 simplex,
772 470 933 524 etiam
986 466 1058 523 sit
1100 468 1428 522 immortale.
1482 466 1544 520 Et
1576 482 1686 535 quo
1713 474 1870 535 pacto
1898 465 2044 531 illud,

2159 463 2270 517 Kal
2300 464 2467 527 ὅπως,
2504 463 2731 517 ἄκουσον
2751 480 2765 493 ο
2793 461 2958 516 Οὐδὲν
2982 461 3089 512 τῶν
3120 459 3315 523 ὄντων,
3348 458 3476 513 αὐτὸ
3524 461 3697 520 ἑαυτοῦ

480 565 722 621 ausculta
757 580 769 594 ο
792 558 939 616 Nihil
970 576 1159 616 eorum
1189 575 1310 630 quae
1349 568 1497 623 sunt,
1531 558 1768 628 seipsum
1804 573 2048 613 corrum-

477 655 593 718 pit;
650 653 891 723 alioquin
927 652 1072 706 enim
1115 666 1183 706 ne
1218 650 1376 704 initio
1422 650 1637 721 quidem
1693 649 2043 704 constitisset.

471 739 608 805 Qurc
650 748 830 792 autem
877 748 1335 808 corrumpuntur,
1371 754 1437 791 ex
1477 739 1768 792 contrariis
1801 753 2049 792 corrum-

477 840 698 895 puntur.
731 826 866 882 Nam
902 843 1064 883 omne
1092 829 1233 898 quod
1271 830 1663 898 corrumpitur,
1694 829 2044 894 dissolvitur;

476 919 621 989 quod
652 918 986 984 dissolvitur,
1030 920 1391 988 compositum
1442 928 1554 985 est;
1587 929 1642 973 at
1667 919 2045 988 compositum,

480 1009 769 1063 multarum
805 1019 885 1064 est
918 1011 1151 1080 partium
1177 1028 1191 1077 ;
1216 1010 1437 1081 quodex
1458 1011 1704 1081 partibus
1732 1020 1963 1077 constat,
1982 1026 2047 1064 ex

475 1102 548 1158 iis
587 1102 793 1157 scilicet
834 1112 1049 1158 constat
1093 1101 1505 1169 diﬂ‘crentibus;
1548 1103 1691 1173 quod
1740 1119 1869 1157 vero
1897 1101 2049 1157 ditl‘e-

473 1208 604 1249 rens
646 1201 762 1260 est,
804 1195 945 1249 idem
976 1210 1085 1249 non
1118 1204 1201 1251 est
1234 1212 1246 1249 :
1273 1197 1625 1265 quamobrem
1663 1210 1787 1249 cum
1819 1195 2046 1265 simplex

468 1288 545 1343 sit
567 1287 783 1350 anima,
844 1303 1019 1358 neque
1065 1304 1131 1343 ex
1185 1290 1433 1359 pluribus
1489 1288 1735 1359 partibus
1796 1295 2044 1351 constet,

476 1378 603 1447 quia
652 1394 753 1434 nec
784 1380 1084 1451 composita
1119 1391 1222 1445 est,
1246 1397 1345 1435 nec
1372 1380 1595 1435 dissolvi
1627 1388 1837 1449 potest,
1869 1378 2047 1448 sequia

470 1458 562 1528 Itur
593 1486 709 1524 eam
746 1470 1217 1541 incorruptibilem
1244 1482 1296 1527 ct
1325 1466 1689 1526 immortalem
1720 1486 1864 1526 esse.

548 1559 835 1627 Praeterea,
883 1562 1147 1632 quidquid
1190 1564 1366 1618 alieno
1421 1563 1593 1617 cietur
1633 1570 1805 1624 motu,
1855 1575 1954 1616 nec
1982 1576 2048 1627 ex

475 1652 695 1721 seipso,
743 1655 838 1707 sed
884 1670 949 1709 ex
1000 1670 1098 1720 eo,
1140 1669 1169 1707 a
1204 1670 1313 1723 quo
1345 1664 1612 1717 movetur,
1642 1653 1855 1707 vivendi
1888 1652 2051 1707 habet

478 1742 823 1812 facultatem;
875 1746 1005 1800 illud
1036 1746 1222 1800 tandiu
1256 1755 1552 1816 permanet,
1586 1746 1828 1814 quandiu
1860 1745 1929 1799 ab
1957 1744 2047 1798 illa

2152 552 2444 624 φθαρτικόν
2477 555 2642 614 ἐστιν,
2681 552 2803 606 ἐπεὶ
2830 553 2928 604 οὐκ
2952 552 3017 605 ἂν
3036 549 3144 603 οὐτ’
3169 550 3226 616 ἐξ
3258 551 3430 623 ἀρχῆς
3462 553 3695 624 συνέστη.

2151 644 2231 696 Τὰ
2258 643 2366 716 γὰρ
2396 643 2747 715 φθειρόμενα,
2771 646 2835 696 ἐκ
2866 643 2972 695 τῶν
2995 644 3249 697 ἐναντίων
3274 628 3609 713 φθείρονταιε
3629 644 3696 696 διὸ

2149 738 2257 789 πᾶν
2289 735 2661 807 φθειρόμενον,
2694 734 2938 789 διαλυτόν
2960 737 3073 789 ἐστι
3094 753 3107 766 °
3137 736 3199 789 τὸ
3221 735 3277 788 δὲ
3308 734 3569 797 διαλυτὸν,
3590 736 3695 788 σύνι

2151 826 2335 880 θετον·
2365 818 2425 879 τὸ
2457 826 2513 878 δὲ
2546 826 2821 890 σύνθετον,
2864 826 3196 899 πλυμερέςσ
3239 825 3302 879 τὸ
3342 826 3399 879 δὲ
3435 827 3499 879 ἐκ
3535 827 3695 899 μερῶν

2152 919 2522 990 συγκείμενον,
2562 919 2721 989 δῆλον
2750 920 2830 972 ὅτι
3051 918 3312 991 δηλονότι]
3353 920 3418 972 ὲκ
3446 919 3695 990 διαφόρων

2152 1014 2431 1082 σύγκειται
2468 1012 2646 1084 μερῶν
2663 1029 2676 1043 ·
2715 1013 2775 1065 τὸ
2802 1014 2859 1066 δὲ
2878 1013 3147 1084 διάφορον,
3176 1013 3237 1066 οὐ
3265 1012 3493 1066 ταυτὸνο
3521 1010 3695 1065 οὐκοῦν

2150 1109 2183 1178 ἡ
2211 1108 2353 1178 ψυχὴ
2390 1107 2529 1177 ἁπλῆ
2559 1102 2710 1169 οὖσα,
2738 1107 2830 1160 καὶ
2873 1109 2948 1179 μὴ
2978 1110 3041 1162 ἐκ
3076 1106 3344 1178 διαφόρων
3383 1104 3693 1175 συγκειμένη

2156 1200 2357 1269 μερῶν,
2410 1200 2699 1263 ἀσύνθετος
2756 1202 2846 1253 καὶ
2879 1201 3156 1266 ἁδιάλυτος
3208 1198 3371 1266 οὖσα,
3425 1198 3515 1251 διὰ
3560 1197 3695 1251 τοῦτο

2150 1293 2422 1365 ἄφθαρτος
2448 1293 2542 1346 καὶ
2576 1293 2839 1357 ἀθάνατος
2866 1293 3034 1347 ἔσται.

2225 1569 2365 1633 Ἔτι,
2395 1570 2500 1622 πᾶν
2531 1571 2591 1624 τὸ
2630 1569 2692 1622 ἔκ
2728 1585 2870 1634 τινος
2906 1566 3218 1639 κινούμενον
3241 1610 3256 1633 ,
3288 1566 3385 1623 οὐκ
3418 1568 3479 1634 ἐξ
3520 1570 3691 1623 ἑαυτοῦ

2150 1662 2269 1734 ἕχον
2302 1663 2361 1715 τὸ
2383 1660 2627 1726 ζωτικὸν,
2652 1661 2765 1714 ἀλλ’
2799 1664 2862 1715 ἐκ
2887 1662 2981 1715 τοῦ
3008 1662 3299 1727 κινοῦντος,
3328 1662 3580 1715 τοσοῦτον
3598 1664 3692 1716 διαν-

2154 1755 2324 1824 μένει,
2349 1754 2470 1805 ὅσον
2496 1751 2600 1805 ὐπὸ
2622 1751 2719 1822 τῆς
2740 1751 3064 1822 ἐνεργούσης
3089 1753 3145 1803 ὲν
3170 1751 3319 1822 αὐτῷ
3339 1752 3692 1823 διακρατεῖται

476 1834 807 1891 intrinsecus
844 1847 1099 1906 operante
1140 1839 1191 1891 vi
1223 1847 1612 1901 conservatur;
1647 1846 1702 1891 et
1728 1838 1817 1891 ubi
1846 1852 1908 1892 ea
1930 1852 2044 1891 ces-

2155 1844 2455 1915 δυνάμεως·
2494 1840 2710 1895 ἐπειδὰν
2729 1841 2785 1894 δὲ
2816 1840 3085 1912 παύσηται
3103 1840 3164 1894 τὸ
3196 1840 3483 1912 ἐνεργοῦν,
3511 1840 3693 1900 διαλεί-

475 1926 717 1993 saverit,
760 1938 812 1981 et
861 1928 1036 1997 ipsum
1082 1929 1226 1998 quod
1269 1928 1337 1982 ab
1376 1944 1437 1981 ca
1467 1927 1809 1991 movebatur,
1834 1927 2048 1981 desinat

476 2033 703 2075 necesse
743 2028 846 2074 est.
878 2019 1057 2085 Quare
1096 2036 1221 2075 cum
1258 2022 1438 2073 anima
1473 2036 1502 2073 a
1535 2020 1713 2089 seipsa
1742 2027 2042 2084 moveatur,

476 2123 757 2179 nunquam
787 2125 910 2164 esse
930 2112 1150 2165 desinit.
1180 2110 1305 2166 Haec
1336 2112 1483 2166 enim
1515 2112 1587 2166 ita
1615 2127 1674 2167 se
1703 2126 2046 2180 consequun-

474 2208 585 2267 tur,
630 2209 689 2255 ut
727 2203 873 2272 quod
904 2219 934 2256 a
970 2205 1150 2273 seipso
1186 2213 1453 2271 movetur,
1492 2219 1705 2273 semper
1729 2211 2040 2267 moveatur;

475 2296 621 2365 quod
692 2312 907 2366 semper
958 2307 1246 2365 movetur,
1298 2314 1576 2368 nunquam
1627 2297 1848 2364 delicit;
1900 2296 2043 2367 quod

474 2403 757 2458 nunquam
808 2388 1009 2455 deﬁcit,
1059 2389 1168 2444 ﬁne
1192 2400 1371 2457 caret;
1400 2391 1541 2460 quod
1575 2390 1697 2443 linis
1719 2398 1803 2444 est
1829 2404 2041 2458 expers,

474 2496 583 2535 non
635 2483 1031 2550 corrumpitur;
1084 2482 1228 2551 quod
1267 2497 1376 2535 non
1404 2481 1795 2550 corrumpitur,
1826 2489 1910 2535 est
1939 2481 2043 2534 im-

475 2575 728 2628 mortale.
769 2573 911 2643 Ergo
946 2574 990 2628 si
1040 2576 1219 2627 anima
1266 2590 1298 2628 a
1339 2575 1516 2642 seipsa
1548 2584 1815 2637 movetur,
1852 2582 1911 2626 ut
1948 2589 2042 2627 su-

475 2662 659 2729 perius
682 2662 1114 2715 demonstratum
1139 2673 1255 2728 est,
1287 2664 1391 2718 erit
1424 2664 1587 2733 igitur
1609 2680 1675 2718 ex
1699 2664 1749 2717 vi
1778 2664 1887 2732 jam
1915 2679 2042 2732 pro-

474 2752 670 2820 posita:
716 2752 1175 2818 ratiocinationis,
1225 2754 1651 2823 incorruptibilis
1695 2763 1747 2807 et
1818 2754 2043 2808 immor-

478 2844 622 2898 talis.

553 2937 819 2994 Praeterea
841 2979 857 3005 ,
909 2940 1275 3010 quodcunque
1302 2955 1331 2994 a
1372 2941 1589 3011 proprio
1610 2940 1754 3000 malo
1783 2956 1891 2995 non
1924 2956 2043 2996 cor-

476 3028 769 3099 rumpitur,
799 3032 1068 3101 corrumpi
1101 3046 1208 3084 non
1230 3039 1437 3101 potest;
1464 3031 1667 3085 malum
1697 3041 1874 3085 autem
1900 3030 2044 3085 bono

477 3124 809 3177 contrarium
855 3134 969 3192 est;
1002 3124 1121 3179 ideo
1152 3135 1204 3180 et
1232 3126 1378 3182 illius
1398 3124 1780 3195 corrumpendi
1803 3126 1910 3179 vim
1940 3125 2043 3179 lia-

2146 1953 2236 1987 πει
2264 1936 2357 1987 καὶ
2388 1933 2517 1986 αὐτὸ
2536 1973 2550 1998 ,
2598 1932 2658 1985 τὸ
2701 1932 2759 1999 ἐξ
2792 1931 2954 1985 αὐτοῦ
2981 1933 3079 2005 τὴν
3109 1932 3318 2003 κίνησιν
3364 1931 3505 2003 ἕχον.
3565 1933 3622 1985 Ἦ
3644 1932 3689 1983 δὲ

2143 2022 2287 2092 ψυχὴ
2313 2022 2657 2090 αὐτοκίνητος
2681 2018 2834 2085 οὖσα,
2860 2021 3111 2075 οὐδέποτε
3132 2022 3225 2075 τοῦ
3254 2018 3389 2076 εἶναι
3420 2023 3690 2076 διαλείπει.

2158 2114 2460 2167 Ἀκολουθεῖ
2488 2114 2594 2185 γὰρ
2622 2113 2701 2183 τῷ
2730 2115 3082 2185 αὐτοκινήτῳ,
3106 2113 3167 2167 τὸ
3196 2115 3281 2168 ἀεὶ
3301 2114 3515 2185 κινητὸν
3544 2110 3690 2168 εἶναι·

2142 2206 2203 2259 τὸ
2247 2207 2302 2259 δὲ
2345 2207 2669 2278 ἀεικίνητον,
2716 2207 2989 2261 ἄπαυστόν
3017 2209 3164 2260 ἐστι·
3206 2206 3264 2261 τὸ
3307 2206 3362 2261 δὲ
3396 2208 3691 2275 ἄπαυστον,

2142 2298 2527 2369 ἀτελεύτητον·
2581 2299 2642 2351 τὸ
2687 2299 2741 2351 δὲ
2775 2298 3157 2371 ἀτελεύτητον,
3206 2300 3498 2371 ἄφθαρτον·
3548 2300 3610 2353 τὸ
3645 2299 3692 2353 δὲ

2142 2389 2434 2461 ἄφθαρτον,
2465 2388 2744 2444 ἀθάνατον.
2785 2390 2847 2443 Ei
2868 2390 3045 2442 τοίνυν
3086 2392 3121 2461 ἡ
3166 2390 3309 2462 ψυχὴ
3354 2389 3693 2462 αὐτοκίνητές

2144 2482 2291 2534 ἐστιν
2314 2521 2329 2545 ,
2360 2482 2434 2544 ὡς
2478 2482 2731 2553 ἀνωτέρω
2760 2481 3055 2553 ἀπεδείχθη
3079 2500 3092 2513 ’
3125 2482 3276 2536 ἔσται
3308 2482 3589 2555 ἄφθαρτος
3614 2484 3692 2536 καὶ

2144 2571 2406 2637 ἀθάνατος
2457 2574 2597 2628 κατὰ
2638 2573 2730 2627 τὸν
2768 2574 3127 2646 προλεχθέντα
3168 2575 3303 2648 [ἄλ.
3336 2573 3691 2648 προτεθέντα]

2147 2665 2511 2736 συλλογισμόν.

2218 2943 2357 3006 Ἔτι,
2382 2944 2488 2996 πᾶν
2517 2943 2621 2996 ὐπὸ
2659 2943 2759 3014 τῆς
2797 2934 2932 3007 ίδίας
2974 2944 3167 3008 κακίας
3218 2944 3292 3015 μὴ
3335 2943 3690 3017 φθειρόμενον,

2143 3034 2413 3106 ἄφθαρτον
2449 3038 2596 3089 ἐστι·
2628 3036 2688 3090 τὸ
2716 3037 2774 3091 δὲ
2816 3038 2983 3093 κακὸν
3025 3037 3102 3108 τῷ
3145 3038 3293 3108 καλῷ
3325 3038 3595 3099 ἐναντίον,
3625 3036 3693 3089 διὸ

2144 3128 2239 3181 καὶ
2265 3128 2554 3199 φθαρτικόν
2594 3132 2740 3182 ἐστιν
2779 3128 2964 3183 αὐτοῦ.
3006 3128 3169 3182 Οὐδὲν
3191 3128 3299 3198 γάρ
3337 3128 3488 3179 ἐστιν
3523 3126 3692 3196 ἕτερον

477 3215 587 3268 bet.
638 3212 757 3269 Non
810 3216 953 3270 enim
986 3216 1131 3271 aliud
1172 3226 1255 3272 est
1299 3219 1544 3288 corporis
1592 3220 1828 3285 malum,
1879 3233 2041 3289 quam

2155 3219 2398 3290 σώματος
2442 3221 2607 3273 κακία
2631 3261 2645 3284 ,
2686 3221 2718 3291 ἢ
2752 3220 2941 3285 πάθος,
2971 3222 3065 3275 καὶ
3104 3221 3287 3284 νόσος,
3323 3220 3415 3273 καὶ
3446 3220 3688 3282 θάνατος·

476 3306 683 3376 passio,
718 3308 942 3363 morbus
975 3320 1029 3363 et
1056 3326 1233 3377 mors;
1268 3310 1409 3365 sicut
1437 3326 1467 3365 e
1496 3320 1684 3365 contra
1723 3311 1892 3364 virtus
1926 3310 2045 3379 ejus

479 3407 593 3466 est,
640 3400 1021 3469 pulchritudo,
1068 3404 1206 3465 vita,
1251 3404 1457 3457 sanitas
1504 3412 1557 3457 et
1585 3404 1736 3457 lirma
1784 3403 2050 3457 constitu-

480 3495 578 3547 tio.
619 3491 673 3546 Si
718 3494 882 3564 igitur
928 3496 1106 3549 anima
1138 3511 1168 3551 a
1202 3511 1302 3550 suo
1332 3496 1475 3549 malo
1508 3509 1615 3549 non
1642 3494 2043 3565 corrumpitur;

479 3582 684 3637 malum
729 3593 908 3639 autem
960 3586 1174 3651 animze,
1217 3596 1301 3641 est
1345 3596 1558 3651 metus,
1607 3573 2043 3655 intemperantia,

479 3674 684 3729 invidia
741 3684 793 3730 et
832 3677 1061 3741 similia,
1100 3693 1220 3746 qum
1274 3690 1451 3733 tamen
1501 3678 1683 3731 omnia
1738 3678 1955 3732 vivendi
1984 3692 2047 3732 ac

479 3765 733 3819 movendi
767 3764 1075 3822 facultatem
1108 3768 1208 3838 ipsi
1240 3783 1348 3823 non
1386 3767 1639 3823 auferunt
1672 3785 1684 3820 :
1716 3768 1895 3822 anima
1920 3782 2047 3838 ergo

477 3863 561 3910 est
596 3857 942 3912 immortalis.

676 3952 758 4005 Αη
802 3953 1024 4005 rationis
1055 3954 1314 4022 particeps
1342 3963 1521 4007 nostra
1547 3954 1618 4007 sit
1640 3953 1839 4007 anima.

552 4067 662 4121 V'll.
702 4068 856 4134 Quod
886 4084 1048 4137 porro
1084 4070 1265 4123 anima
1299 4078 1481 4124 nostra
1507 4068 1740 4124 rationis
1772 4069 1843 4124 sit
1878 4070 2047 4138 parti—

480 4176 629 4229 ceps,
655 4162 839 4216 multis
866 4163 1201 4231 argumentis
1229 4162 1441 4217 ostendi
1473 4171 1649 4231 potest
1682 4181 1694 4215 :
1721 4178 1785 4218 ac
1808 4163 2042 4232 primum

480 4252 697 4320 quidem
745 4268 809 4306 ex
857 4268 921 4305 eo
972 4253 1116 4323 quod
1147 4262 1291 4309 artes
1345 4253 1470 4308 vita:
1522 4264 1722 4309 nostrae
1748 4255 1906 4310 utiles
1930 4255 2043 4325 ipsa

480 4344 839 4397 adinvcuerit.
885 4344 1072 4415 Neque
1118 4345 1262 4399 enim
1290 4361 1385 4400 eas
1415 4358 1640 4410 temere,
1668 4357 1761 4402 aut
1791 4362 1920 4402 casu
1949 4347 2046 4402 ali-

481 4450 591 4503 quo
640 4445 880 4505 repertas
919 4452 1062 4499 esse,
1103 4436 1226 4506 quis
1257 4436 1488 4505 dixerit;
1531 4453 1654 4492 cum
1683 4452 1781 4494 nec
1813 4440 2038 4504 otiosas,

2148 3311 2335 3382 ὥσπερ
2373 3313 2539 3385 ἀρετὴ
2566 3353 2580 3375 ,
2616 3312 2839 3377 κάλλος,
2880 3313 2991 3384 ζωὴ
3019 3352 3035 3375 ,
3074 3314 3251 3381 ὑγεία,
3280 3314 3376 3366 καὶ
3407 3313 3605 3378 εὐεξία.
3638 3312 3693 3363 Εἰ

2145 3396 2324 3457 τοίνυν
2362 3404 2395 3473 ἡ
2440 3402 2585 3474 ψυχὴ
2631 3403 2735 3456 ὑπὸ
2777 3405 2879 3475 τῆς
2908 3403 3042 3468 ἰδίας
3082 3405 3279 3468 κακίας
3313 3405 3374 3457 οὐ
3408 3404 3690 3475 φθείρεται,

2147 3494 2313 3547 κακία
2335 3495 2391 3547 δὲ
2413 3495 2590 3565 ψυχῆς
2616 3495 2807 3562 δειλία,
2832 3496 3112 3562 ἀκολασία,
3149 3497 3360 3567 φθόνος,
3392 3498 3487 3551 καί
3507 3498 3572 3550 τὰ
3598 3512 3691 3547 πα-

2151 3585 2421 3657 ραπλήσια
2439 3626 2453 3649 ,
2490 3587 2660 3641 ταῦτα
2683 3588 2739 3640 δὲ
2768 3588 2943 3642 πάντα
2975 3589 3071 3642 οὐκ
3099 3589 3409 3659 ἀφαιρεῖται
3450 3587 3613 3657 αὐτῆς
3642 3583 3695 3635 τὸ

2148 3681 2245 3751 ζῇν
2276 3699 2335 3734 τε
2363 3681 2454 3735 καὶ
2481 3681 2541 3733 τὸ
2567 3681 2857 3735 κινεῖσθαιο
2897 3681 3157 3745 ἀθάνατος
3182 3681 3289 3752 ἄρα
3308 3680 3475 3733 ἐστίν.

2516 3959 2583 4013 El
2629 3956 2840 4028 λογικὴ
2880 3957 3049 4026 ἡμῶν
3079 3958 3116 4025 ἠ
3151 3954 3340 4025 ψυχή.

2215 4074 2287 4127 Z'.
2323 4077 2443 4127 Ὅτι
2467 4073 2522 4126 δὲ
2556 4072 2744 4141 λογικὴ
2765 4070 2919 4141 ἡμῶν
2943 4071 2975 4139 ἡ
3004 4069 3169 4140 ψυχὴ,
3205 4071 3270 4121 ἐκ
3301 4067 3509 4119 πολλῶν
3538 4066 3602 4120 ἄν
3626 4080 3695 4125 2:;

2144 4162 2332 4228 δείξειε
2355 4180 2367 4192 ·
2407 4161 2500 4216 καὶ
2539 4161 2751 4231 πρῶτον
2783 4158 2914 4228 μὲν,
2947 4159 3010 4211 ἐκ
3042 4156 3133 4210 τοῦ
3167 4155 3263 4219 τὰς
3286 4156 3485 4227 τέχνας
3523 4153 3699 4225 χρησί-

2149 4271 2279 4323 μους
2301 4252 2464 4316 ούσας
2482 4250 2559 4322 τῷ
2581 4250 2680 4322 βίῳ
2701 4249 2866 4320 αὐτὴν
2892 4247 3198 4319 εὑρηκέναι.
3221 4244 3358 4298 Οὐδὲ
3381 4245 3487 4315 γὰρ
3506 4242 3695 4303 ἁπλὰ,

2148 4345 2242 4397 καὶ
2266 4344 2341 4408 ὡς
2370 4345 2548 4415 ἔτυχε,
2578 4345 2719 4398 εἴποι
2746 4359 2829 4405 τις
2859 4341 3174 4393 συνεστάναι
3207 4337 3305 4401 τὰς
3332 4337 3550 4407 τέχναςθ
3590 4334 3700 4386 ἐπεὶ

2149 4436 2283 4506 μήτε
2317 4435 2510 4505 ἀργὰς,
2541 4434 2635 4488 καὶ
2667 4432 2958 4503 ἀνωφελεῖς
2992 4430 3160 4493 αὐτὰς
3180 4428 3257 4499 τῷ
3294 4428 3390 4499 βίῳ
3421 4425 3697 4490 ἀποδείξει.

481 4542 581 4580 nec
627 4527 749 4581 vita:
785 4527 1005 4582 inutiles
1050 4528 1264 4582 easdem
1305 4544 1424 4583 esse
1457 4543 1620 4599 queat
1646 4531 2038 4586 demonstrare.

2155 4527 2211 4580 Εἰ
2262 4526 2439 4578 τοίνυν
2462 4528 2517 4578 αί
2546 4525 2730 4596 τέχναι
2761 4521 3064 4577 συντελοῦσι
3093 4520 3224 4589 πρὸς
3254 4517 3316 4571 τὸ
3347 4521 3614 4590 χρήσιμον
3633 4516 3702 4585 τῷ

483 4623 537 4676 Si
572 4622 736 4692 igitur
760 4630 904 4676 artes
934 4620 1004 4674 ad
1038 4622 1159 4675 vitae
1189 4621 1473 4676 utilitatem
1505 4622 1812 4685 conferunt,
1845 4634 1899 4679 et
1925 4638 2044 4693 quae

2155 4619 2281 4689 βίῳ⁸
2334 4616 2394 4669 τὸ
2428 4616 2484 4669 δὲ
2529 4618 2792 4687 χρήσιμον
2812 4656 2827 4680 ,
2861 4612 3166 4667 ἐπαινετόν·
3219 4612 3280 4664 τὸ
3306 4610 3375 4693 δὲ,
3410 4606 3700 4667 ἐπαινετὸν,

481 4722 610 4771 sunt
657 4712 836 4780 utilia,
885 4714 1047 4767 etiam
1085 4713 1373 4768 laudabilia
1403 4722 1565 4779 sunt;
1606 4714 1896 4768 laudabilia
1921 4730 2046 4770 vero

481 4809 693 4863 ratione
740 4816 1153 4876 comparentur;
1205 4807 1399 4861 animae
1446 4821 1573 4861 vero
1621 4806 1867 4871 inventa,
1917 4805 2046 4876 ipsa:

481 4904 594 4956 sint
622 4913 763 4956 artes
793 4920 806 4955 :
841 4900 1022 4954 anima
1066 4900 1229 4970 igitur
1260 4910 1446 4955 nostra
1504 4901 1729 4955 rationis
1763 4911 1844 4954 est
1879 4899 2046 4969 parti-

481 5009 627 5063 ceps.

553 5106 771 5168 Deinde.
804 5120 870 5161 ex
897 5121 964 5163 eo
991 5108 1136 5177 quod
1165 5123 1359 5163 sensus
1389 5107 1556 5162 nostri
1589 5107 1656 5160 ad
1680 5121 1767 5160 res
1798 5118 2047 5175 compre-

482 5197 796 5253 bendcndas
823 5215 933 5254 non
955 5209 1083 5255 sunt
1115 5199 1460 5263 sufﬁcientes,
1492 5199 1654 5252 etiam
1684 5198 1921 5251 animam
1946 5210 2017 5250 no
2036 5226 2048 5237 -

481 5299 651 5346 stram
694 5293 905 5348 ratione
946 5294 1221 5364 praeditam
1253 5307 1373 5349 esse
1402 5293 1829 5347 demonstratur.
1863 5288 2046 5359 Neque

481 5384 625 5437 enim
671 5385 785 5439 sola
822 5402 1017 5441 sensus
1055 5386 1411 5456 applicatione
1454 5383 1698 5437 valemus
1744 5381 1813 5436 ad
1838 5396 1923 5436 res
1952 5395 2046 5435 co-

482 5475 819 5540 gnoscendas
858 5476 1159 5546 pervenire.
1205 5476 1273 5528 At
1317 5475 1444 5543 quia
1481 5489 1580 5528 nec
1621 5474 1673 5527 in
1716 5472 1865 5526 hisce
1891 5471 2045 5525 volu-

483 5581 607 5619 mus
660 5567 944 5634 inbmrere,
982 5568 1033 5622 id
1059 5567 1307 5637 protinus
1335 5567 1460 5620 inde
1488 5572 1720 5629 constat,
1749 5562 1892 5633 quod
1919 5578 2045 5617 sen-

483 5673 598 5718 sus,
645 5658 749 5710 nisi
801 5660 1011 5713 ratione
1067 5659 1408 5728 adiuventur,
1456 5673 1539 5723 ea,
1569 5671 1691 5727 qua:
1718 5655 1888 5725 ﬁgura
1916 5661 2043 5708 sunt

483 5748 731 5815 aequalia,
756 5757 809 5801 ct
830 5751 1010 5803 colore
1040 5751 1262 5813 similia,
1289 5759 1480 5802 natura
1502 5758 1677 5802 tamen
1698 5746 1794 5817 [αι.
1824 5753 2043 5814 aspectu

482 5836 690 5915 tamen]
727 5842 1061 5910 diﬂercntia,
1116 5844 1476 5897 internoscere
1526 5849 1685 5909 atque
1737 5838 2042 5893 discernere

2147 4707 2287 4776 λόγῳ
2308 4705 2761 4767 κατασκευαστὸν,
2781 4704 2956 4774 ψυχῆς
2985 4702 3041 4754 δὲ
3068 4701 3285 4773 εὕρημα
3314 4692 3492 4753 αὐταιο
3522 4695 3705 4765 λογαὴ

2147 4800 2253 4870 ἄρα
2277 4798 2485 4871 ήμῶνὴ
2514 4798 2679 4869 ψυχή-

2220 5099 2449 5151 Ἔπειτα
2472 5137 2487 5162 ,
2521 5098 2585 5150 ἐκ
2626 5095 2721 5149 τοῦ
2770 5094 2867 5158 τὰς
2899 5093 3177 5164 αἰσθήσεις
3216 5092 3376 5164 ἡμῶν
3422 5091 3493 5162 μὴ
3521 5085 3709 5148 ἱκανὰς

2146 5186 2286 5243 εἶναι
2317 5188 2451 5260 πρὸς
2480 5187 2580 5259 τὴν
2611 5186 2718 5241 τῶν
2748 5186 3123 5259 παραγμάτων
3152 5182 3483 5253 κατάληψιν,
3518 5176 3708 5245 λογικὴ

2146 5282 2302 5353 ἡμῶν
2324 5283 2358 5353 ἡ
2384 5280 2529 5351 ψυχὴ
2546 5278 2944 5333 ἀποδείκνυται.
2967 5275 3099 5329 Οὐδὲ
3119 5275 3225 5347 γὰρ
3246 5271 3557 5344 ἀρκούμεθα
3579 5268 3710 5338 πρὸς

2148 5374 2352 5444 εἴδησιν
2400 5372 2507 5426 τῶν
2559 5370 2760 5433 ὄντων,
2808 5371 2874 5439 τῇ
2931 5369 3029 5439 τῆς
3066 5365 3370 5435 αἰσθήσεως
3422 5357 3706 5431 προσϐολῇ·

2160 5467 2311 5519 Ἐπεὶ
2347 5464 2479 5537 μηδὲ
2514 5466 2704 5534 στῆναι
2752 5461 2881 5531 περὶ
2913 5458 3051 5513 αὐτὰ
3077 5456 3325 5526 θέλομεν,
3364 5452 3553 5506 αὐτίκα
3583 5448 3709 5517 τοῖιν

2145 5559 2213 5611 τὰ
2238 5557 2314 5627 τῷ
2341 5558 2578 5629 σχήματι
2601 5551 2714 5619 ἴσα,
2745 5554 2839 5607 καὶ
2885 5555 2951 5623 τῇ
2994 5551 3151 5621 χροιᾷ
3178 5550 3339 5619 ὃμοια
3380 5544 3469 5596 καὶ
3510 5540 3708 5611 διῃρτΐ

2151 5651 2290 5720 μένα
2312 5653 2434 5713 ταῖς
2462 5648 2683 5719 φύσεσιν
2903 5641 3142 5715 δψεσιν],
3183 5643 3216 5712 ή
3248 5639 3488 5709 αἴσθησις
3514 5634 3709 5701 ἄλογος

2145 5740 2278 5796 οὖσα
2301 5744 2570 5814 διακρῖναι
2591 5742 2826 5795 ἀσθενεῖ.
2854 5740 2916 5793 Εἰ
2935 5737 3112 5790 τοίνυν
3143 5736 3201 5789 αἱ
3227 5734 3501 5803 αἰσθήσεις
3521 5727 3711 5795 ﬂora:

2146 5827 2321 5896 οὖσαι,
2352 5830 2519 5902 ψευδῆ
2548 5831 2675 5901 ἡμῖν
2706 5828 3002 5901 φαντασίαν
3040 5825 3147 5881 τῶν
3178 5826 3344 5879 ὄντων
3374 5817 3692 5891 ἐμποιοῦσιν
