3876 6558
230 405 379 459 11ίό

1116 410 1397 466 HOMILIA
1436 406 1461 465 ll
1490 411 1559 465 IN
1595 410 2024 469 ANNUNTIAT.
2069 411 2258 470 ΗΒΕ.
2302 411 2565 468 MANE.

3350 411 3488 466 “46

226 528 511 597 λογιστέον
535 530 684 600 ἡμῖν,
707 530 753 582 εί
770 531 1119 602 καταληπτέα
1142 533 1212 587 τά
1235 534 1433 604 δντα,ἢ
1461 533 1556 605 μὴ,
1582 534 1659 597 ὡς
1687 534 1818 604 ἀλη-
1844 569 1854 595 Α

1918 545 2214 605 nequeant.
2244 533 2609 603 Quapropter,
2634 545 2757 586 cum
2787 546 2981 586 sensus
3013 530 3224 585 ratione
3245 529 3485 586 destituti

226 624 373 687 θῶςο
404 624 497 676 καὶ
519 627 566 677 εί
598 624 698 695 μὲν
726 626 1096 697 καταληπτέα,
1124 628 1285 698 έτέρα
1315 627 1465 679 ἐστὶν
1499 628 1532 697 ή
1562 626 1807 698 δύναμις,

224 714 325 768 καὶ
362 715 621 786 κρείττων
652 717 801 789 παρὰ
824 717 921 782 τὰς
954 719 1307 791 αίσθήσεις,ή
1336 719 1539 773 τούτων
1566 722 1813 790 ἐφικνου-

230 806 393 877 μένη,
427 807 489 859 Εἰ
516 807 572 860 δὲ
595 808 668 878 μὴ
702 808 1179 879 καταλαμϐάνεται
1202 851 1215 874 ,
1254 809 1373 864 οὐδὲ
1398 811 1553 865 ἔσται
1586 813 1717 881 ἡμῖν
1742 810 1812 864 τά

225 896 434 967 ἑτέρως
460 898 612 970 παρὰ
630 900 657 953 ὃ
683 902 797 954 ἐστι
814 900 1156 973 θεωρούμενα
1171 901 1810 974 [καταλαμϐάνειν].”οτι

221 987 287 1040 δὲ
319 989 783 1062 καταληπτάήμῖν
808 992 1010 1045 ἐστιτὰ
1030 994 1350 1065 πράγματα,
1376 994 1534 1063 δῆλον
1556 994 1613 1060 ἐξ
1639 988 1702 1047 οὗ
1729 996 1810 1047 οί-

223 1080 399 1145 κείως
431 1082 644 1155 ἑκάστῳ
680 1084 816 1155 πρὸς
840 1085 899 1137 τὸ
924 1087 1189 1157 χρήσιμον
1217 1087 1495 1158 χρώμεθα,
1524 1088 1615 1139 καὶ
1653 1086 1813 1140 πάλιν

223 1173 709 1248 κατασκευάζομεν
728 1180 807 1243 είς
821 1178 856 1233 ἃ
878 1179 1150 1251 ἐθέλομεν.
1170 1179 1378 1233 υὺκοῦν
1394 1182 1442 1233 εί
1460 1179 1525 1233 τὰ
1541 1180 1813 1250 ὄνταήμῖν

1917 624 2084 682 falsas
2126 628 2285 683 nobis
2328 642 2511 680 rerum
2550 625 2814 695 imagines
2857 640 2920 679 ac
2964 626 3171 693 species
3206 622 3485 686 inducant,

1913 721 2274 791 reputantium
2318 721 2477 775 nobis
2518 728 2621 785 est,
2669 733 2757 772 res
2798 716 3255 786 comprehendine
3299 730 3485 770 revera

1914 825 2138 886 queant,
2174 830 2376 879 necne;
2427 822 2481 869 et
2525 811 2790 882 siquidem
2827 809 3211 879 comprehendi
3234 816 3484 879 possunt,

1914 909 2019 962 alia
2052 908 2210 962 nobis
2239 916 2434 977 praeter
2465 920 2660 961 sensus
2684 904 2766 959 vis
2794 912 2898 969 est,
2928 916 3099 971 eaque
3120 899 3483 971 prastantior,

1915 1016 2021 1070 qua
2075 1001 2139 1054 ad
2178 1014 2366 1054 earum
2410 999 2771 1069 cognitionem
2806 995 3090 1066 pervenire
3115 994 3295 1048 liceat.
3332 990 3485 1058 Quod

1914 1094 1957 1146 si
2003 1107 2111 1146 non
2159 1091 2725 1162 comprehenduntur,
2760 1104 2828 1143 ne
2870 1090 2961 1144 illa
3006 1089 3225 1159 quidem
3265 1086 3483 1155 assequi

1910 1183 2415 1253 poterimus,‘qu:e
2482 1182 2635 1237 aliter
2670 1196 2833 1251 quam
2880 1190 3008 1236 sunt
3048 1180 3481 1248 conspiciuntur.

221 1267 553 1339 καταληπτὰ
573 1269 804 1342 ἐδείχθη,
836 1272 891 1324 αἱ
920 1271 975 1324 δὲ
1000 1272 1274 1343 αἰσθήσεις
1292 1272 1473 1341 ἄλογοι
1490 1267 1665 1333 οὖσαι,
1690 1270 1816 1341 ψευ-

1913 1274 2021 1330 Res
2050 1289 2213 1345 porro
2239 1290 2269 1328 a
2294 1275 2452 1329 nobis
2483 1274 2709 1345 percipi,
2736 1274 2912 1344 vel;ex
2932 1288 2998 1327 eo
3022 1281 3193 1343 patet,
3223 1271 3367 1342 quod
3391 1285 3484 1326 eas

218 1359 334 1424 δὼς
355 1361 727 1433 δοκιμάζουσι,
758 1365 881 1430 νοῦς
908 1366 1059 1420 ἔσται
1081 1370 1109 1421 6
1133 1366 1201 1419 τά
1229 1367 1403 1421 πάντα
1430 1366 1571 1438 λόγῳ
1599 1364 1811 1437 διακρί-

1916 1366 2300 1422 convenienter
2330 1367 2396 1421 ad
2427 1383 2560 1421 usus
2595 1375 2813 1423 nostros
2839 1366 3177 1432 adhibemus,
3204 1374 3261 1420 et
3290 1379 3484 1419 rursus

219 1452 477 1523 νων
498 1456 525 1508 6
544 1457 717 1510 πάντα
732 1457 887 1527 λόγον
908 1458 1244 1532 διακρίνων],
1264 1460 1357 1514 καὶ
1378 1460 1490 1513 ἔστι
1506 1460 1581 1523 ὡς
1596 1457 1810 1530 ἀληθῶς

1916 1460 1972 1512 in
2012 1457 2375 1527 quodcunque
2398 1457 2669 1523 volumus,
2694 1457 3080 1514 convertimus.
3110 1456 3290 1523 Quare
3322 1456 3369 1511 si
3393 1470 3483 1511 res

218 1548 295 1600 τὰ
328 1548 458 1601 ὄντα
486 1550 859 1619 ἐπιγινώσκων
878 1570 891 1584 ·
924 1553 1050 1618 νοῦς
1076 1554 1133 1607 δὲ
1165 1554 1341 1626 ψυχῆς
1370 1554 1430 1608 τὸ
1471 1552 1686 1624 λογικὸν
1714 1553 1810 1624 μέ·

1914 1550 2296 1619 comprehendi
2348 1563 2540 1619 posse,
2584 1566 2614 1603 a
2646 1551 2825 1614 {nobis
2880 1550 3312 1605 demonstratum
3359 1536 3481 1613 est,

227 1658 353 1711 ροςσ
385 1641 574 1715 λογικὴ
604 1646 710 1717 ἄρα
741 1647 773 1716 ἡ
807 1647 973 1719 luxit.

1912 1640 2077 1712 idque
2121 1657 2154 1695 a
2206 1641 2461 1696 sensibus
2500 1642 2713 1696 ratione
2759 1642 3035 1696 destitutis
3059 1639 3193 1696 eliici
3224 1647 3479 1709 nequeat,

221 1737 429 1807 quippe
472 1741 575 1809 'qui
618 1740 784 1798 falsas
821 1744 978 1798 nobis
1016 1744 1298 1814 opiniones
1330 1751 1721 1815 repraesentant
1756 1758 1769 1794 :
1806 1753 1960 1793 mens
1984 1753 2116 1793 sane
2144 1737 2269 1799 erit,
2301 1752 2422 1807 qua:
2447 1737 2657 1791 ratione
2684 1747 2877 1792 cuncta
2918 1733 3200 1806 distinguit
3230 1732 3326 1805 [αι.
3360 1746 3482 1802 quae

222 1845 445 1886 omnem
477 1833 740 1889 rationem
781 1836 1061 1909 discernit]
1098 1849 1259 1907 atque
1305 1837 1584 1906 diiudicat,
1629 1844 1683 1890 et
1706 1849 1794 1889 res
1815 1840 1875 1887 ut
1908 1845 2093 1885 revera
2115 1840 2264 1897 sunt,
2297 1830 2614 1900 cognoscit;
2644 1846 2799 1885 meus
2828 1839 3006 1884 autem
3026 1836 3110 1883 est
3134 1828 3328 1882 animae
3354 1840 3481 1896 pars

220 1931 439 1985 ratione
469 1931 721 1987 decorata
743 1948 807 1987 ac
836 1932 1123 1989 illustrata.
1150 1932 1246 1989 Est
1273 1950 1400 2005 ergo
1426 1933 1606 1988 anima
1633 1928 1860 1987 rationis
1890 1926 2179 1998 particeps.

300 2024 446 2087 Ἔτι,
479 2023 559 2077 ὃτι
585 2025 736 2080 οὐδὲν
757 2025 1015 2098 ποιοῦμεν
1053 2026 1127 2099 μή
1156 2026 1418 2099 πρότερον
1447 2026 1658 2088 ἑαυτοῖς
1688 2024 1803 2078 δια-
1832 2030 1854 2085 Ι

1974 2016 2297 2083 Postremo,
2341 2018 2469 2087 quia
2530 2019 2663 2072 nihil
2704 2018 2948 2089 agimus,
2986 2016 3130 2086 quod
3171 2029 3279 2070 non
3329 2013 3483 2084 prius

221 2114 533 2185 γράψαντες
551 2135 564 2148 ·
594 2117 752 2173 τοῦτο
780 2120 858 2183 δὲ,
888 2116 1039 2175 οὐδὲν
1064 2119 1150 2173 ἒτε
1162 2120 1251 2192 ρόν
1275 2118 1470 2189 ἐστινῆ
1506 2118 1604 2189 τῆς
1629 2116 1806 2188 ψυχῆς

1909 2113 2061 2168 nobis
2113 2108 2215 2181 ipsi
2255 2112 2709 2181 descripserimus
2759 2120 2921 2181 atque
2970 2107 3375 2173 deiinierimus;
3425 2105 3480 2160 id

221 2204 481 2276 ἀξίωμαο
527 2207 645 2261 οὐδὲ
688 2208 795 2281 γάρ
822 2209 1017 2277 ἔξωθεν
1067 2212 1204 2283 αὐτῇ
1247 2211 1596 2281 προσγίνεται
1628 2210 1660 2280 ή
1697 2208 1806 2262 τῶν

1909 2214 2087 2261 autem
2116 2206 2251 2260 nihil
2278 2207 2426 2261 aliud
2457 2214 2541 2261 est
2569 2219 2735 2275 quam
2763 2204 2959 2258 anima:
2984 2200 3254 2271 dignitas;
3281 2199 3481 2269 quippe

218 2297 394 2350 ὅντων
418 2297 642 2370 είδησις,
670 2300 782 2354 ἀλλ’
806 2301 944 2373 αὑτὴ
966 2300 1155 2374 ὥσπερ
1171 2306 1289 2367 ταῖς
1317 2303 1515 2374 ἑαυτῆς
1544 2301 1805 2365 ἐπινοίαις

217 2387 290 2441 τὰ
310 2389 441 2443 ὄντα
474 2394 687 2462 κοσμεῖ.
747 2393 843 2446 Διὰ
874 2393 1031 2448 τοῦτο
1070 2397 1127 2449 ὲν
1168 2396 1333 2466 ἑαυτῇ
1374 2395 1805 2466 προαναζωγρα-

218 2480 401 2549 φοῦσα
592 2486 1113 2561 προαναζωγραφεῖ]
1150 2488 1407 2559 πρότερον
1448 2487 1507 2541 τὸ
1542 2489 1793 2561 πρᾶγμα,

218 2568 321 2624 εἷθ’
351 2572 525 2639 οὕτως
552 2578 631 2640 εἰς
665 2577 823 2648 ἔργον
852 2578 1091 2650 ἐκφέρει.
1131 2578 1369 2651 Ἀξίωμα
1392 2580 1447 2633 δὲ
1477 2580 1573 2650 τῆς
1596 2580 1793 2651 ψυχῆς,

218 2662 375 2715 ούδέν
401 2664 545 2718 ἐστιν
576 2666 850 2738 ἓτερον,ῆ
896 2668 956 2720 τὸ
1004 2667 1140 2738 μετὰ
1178 2668 1334 2737 λόγου
1372 2669 1548 2722 πάντα
1593 2672 1793 2723 ποιεῖν’

217 2758 391 2825 ταύτῇ
423 2755 531 2826 γὰρ
556 2756 650 2809 καὶ
674 2757 935 2830 διαφέρει,
954 2760 1047 2813 καὶ
1068 2760 1173 2813 τῶν
1190 2760 1508 2832 αἰσθήσεων.
1557 2761 1796 2833 Ἐδείχθη

214 2846 327 2916 ἄρα
364 2846 555 2919 λογικὴ
588 2851 621 2920 ὴ
652 2848 793 2921 ψυχή
975 2851 1145 2927 ταύτῃ
1239 2853 1347 2924 γάρ
1383 2853 1657 2926 διαφέρειν
1703 2854 1797 2908 καὶ

216 2937 327 2991 τῶν
360 2939 684 3011 αἰσθήσεων.
727 2942 970 3014 Ἐδείχθη
998 2943 1107 3016 ἄρα
1138 2944 1329 3015 λογικὴ
1356 2946 1388 3015 ἡ
1414 2944 1613 3017 ψυχή].

1902 2298 1991 2355 cui
2034 2314 2145 2353 non
2192 2299 2533 2354 extrinsecus
2579 2297 2798 2352 advenit
2842 2309 3026 2350 rerum
3069 2291 3344 2364 cognitio,
3384 2290 3478 2345 sed

1904 2390 2022 2460 ipsa
2068 2399 2327 2459 tanquam
2372 2389 2488 2445 suis
2517 2386 2840 2444 commentis
2863 2401 2927 2440 ac
2957 2384 3134 2439 sensis
3165 2397 3252 2437 res
3279 2387 3475 2445 ornat;

1900 2490 1955 2536 et
1984 2482 2102 2536 ideo
2145 2482 2199 2536 in
2231 2482 2407 2553 seipsa
2439 2497 2553 2536 rem
2582 2489 2706 2537 ante
2734 2478 2976 2550 depingit
3008 2487 3171 2546 atque
3196 2472 3477 2537 describit,

1901 2583 1963 2629 ut
2012 2574 2091 2630 sic
2136 2590 2257 2630 eam
2313 2584 2500 2645 postea
2553 2574 2605 2628 in
2669 2572 2909 2627 medium
2956 2567 3234 2639 proferat;
3282 2562 3480 2619 anima:

1906 2682 2070 2738 porro
2106 2666 2364 2737 dignitas,
2408 2666 2543 2720 nihil
2569 2664 2717 2719 aliud
2744 2673 2826 2717 est
2858 2676 3021 2730 quam
3050 2657 3262 2713 ratione
3294 2655 3477 2710 omnia

1905 2756 2105 2823 facere,
2146 2774 2253 2829 qua
2292 2758 2514 2828 quidem
2558 2757 2724 2812 etiam
2773 2770 2803 2810 a
2838 2752 3090 2809 sensibus
3120 2748 3317 2805 diﬂ‘ert.
3343 2745 3480 2800 Ani-

1904 2864 2049 2903 mam
2089 2848 2253 2920 igitur
2282 2849 2493 2904 ratione
2525 2848 2806 2919 praeditam
2834 2860 2977 2910 esse,
3001 2842 3113 2913 jam
3138 2841 3480 2894 demonstra-

1902 2949 2017 2995 tum
2052 2951 2135 2996 est
2165 2940 2264 3013 [αι.
2298 2939 2400 2996 hac
2429 2941 2574 2995 enim
2603 2940 2767 3018 etiam
2798 2952 2829 2991 a
2865 2936 3116 2993 sensibus
3139 2930 3354 2988 diﬁerre
3380 2929 3476 2983 de-

1902 3043 2262 3090 monstratum
2284 3043 2384 3092 est.
2430 3033 2624 3088 Anima
2663 3033 2827 3103 igitur
2872 3031 3081 3086 ratione
3103 3025 3324 3100 prmdita
3347 3020 3477 3096 esti:

252 3214 3473 3255 ω

708 3402 839 3535 S.
941 3403 1706 3532 GREGORII
1820 3400 2994 3532 THAUMATURGI

1143 3660 1794 3777 HOMILIZE
1873 3660 2552 3796 QUATUOR

1057 3873 1261 3940 (Opera
1288 3882 1341 3933 S.
1387 3884 1610 3945 Gregorii
1632 3884 2002 3947 Thaumaturgi,
2028 3883 2111 3933 ed.
2138 3883 2252 3933 Ger.
2277 3882 2459 3944 Vossil,
2482 3894 2531 3944 p.
2556 3880 2626 3943 9.)

1487 4182 2016 4277 HOMILIA
2098 4188 2134 4273 Ι

1103 4376 1176 4436 In
1232 4375 1741 4440 Annuntiatione
1784 4383 2017 4439 sancta:
2043 4375 2332 4456 Virginis
2364 4378 2603 4447 Mat-ite.

224 4540 344 4596 Τοῦ
382 4540 452 4594 ἐν
490 4539 680 4609 ἁγίοις
710 4539 940 4612 Πατρός
969 4537 1146 4612 ’ἡμῶν
1187 4538 1516 4612 Γρῃγιορίου
1554 4538 1798 4612 ἐπισκό-
1823 4545 1854 4602 ε

1909 4539 2093 4612 Sancti
2142 4540 2321 4612 Patris
2370 4543 2538 4595 nostri
2580 4540 2819 4612 Gregorii
2862 4542 3090 4611 episcopi
3118 4540 3474 4597 Neocwsarec

296 4626 415 4664 που
431 4610 891 4679 Νεοκαισαρείας
916 4609 1168 4679 Πόντου,
1188 4609 1293 4662 τοῦ
1314 4611 1791 4679 Θαυματουργοῦ,

294 4686 384 4762 sic
415 4681 521 4762 τρν
540 4679 994 4762 Εὐαγγελιονμρν
1027 4678 1485 4762 τῆεύπεραγζας
1515 4678 1792 4759 θεοτόκου

294 4746 604 4820 Παρθένου
663 4746 773 4819 τῆς
800 4746 1049 4818 Μάρίας,
1084 4746 1547 4819 λόγυςίπρῶτος.

297 4864 547 4935 Σήμερον
575 4862 844 4933 ἀγγελικῇ
872 4860 1171 4933 παρατάξει
1200 4861 1460 4932 ύμνῳδίαι
1490 4862 1802 4935 φαιδρύνον·

221 4975 343 5023 ται,
388 4958 485 5011 καὶ
513 4954 574 5009 τὸ
598 4956 800 5025 φέγγος
827 4954 927 5025 τῆς
969 4952 1061 5007 τοῦ
1094 4952 1330 5025 Χριστοῦ
1364 4955 1667 5027 παρουσίας
1693 4957 1802 5019 τοῖς

225 5051 443 5112 πιστοῖς
506 5047 942 5120 καταλάμπεται.
1010 5047 1258 5119 Σήμερον
1319 5046 1380 5099 τὸ
1444 5046 1623 5118 ἱλαρὸν
1670 5048 1802 5119 ἡμῖν

226 5143 365 5215 ἔαρ,
398 5141 632 5215 Χριστὸς
680 5142 708 5193 6
749 5141 848 5212 τῆς
889 5138 1232 5210 δικαιοσύνης
1280 5138 1430 5209 ἥλιος
1472 5137 1679 5211 φαιδρῷ
1724 5139 1803 5210 τῷ

228 5237 373 5306 φωτὶ
393 5237 542 5307 ἡμᾶς
571 5234 925 5307 περιέλαμψε,
984 5233 1078 5287 καὶ
1108 5231 1205 5297 τὰς
1228 5232 1336 5286 τῶν
1362 5233 1565 5286 πιστῶν
1595 5232 1801 5297 ἐννοίας

229 5329 492 5399 ἐφώτισε.
572 5329 817 5400 Σήμερον
879 5329 907 5380 6
954 5325 1126 5397 Ἀδάμ
1182 5326 1622 5380 άνακεκαίνισται
1677 5326 1796 5399 [ἄλ.

228 5421 643 5494 ἀνακέκληται],
670 5424 764 5475 καὶ
792 5421 1004 5494 χορεύει
1048 5420 1162 5493 μετ’
1194 5422 1438 5490 ἀγγέλων
1468 5422 1547 5485 εἰς
1574 5422 1801 5493 οὐρανὸν

230 5516 621 5587 ἀνιπτάμενοςη.
696 5514 939 5587 Σήμερον
1002 5515 1262 5587 σύμπασα
1328 5516 1424 5585 τῆς
1481 5515 1801 5585 οἰκουμένης

230 5611 364 5679 γαῖα
389 5608 562 5681 χαράν
586 5608 955 5680 περιεϐάλετο,
982 5608 1166 5679 ἐπειδὴ
1191 5606 1286 5661 τοῦ
1314 5608 1468 5676 ἁγίου
1488 5608 1803 5679 Πνεύματος

232 5702 576 5774 ἐπιφοίτησις
628 5702 720 5770 [είς
766 5699 1083 5773 ἀνθρώπους
1167 5701 1378 5770 γέγονε.
1466 5701 1708 5773 Σήμερον
1766 5703 1799 5773 ἡ

234 5795 359 5850 θεία
388 5796 566 5867 χάρις,
596 5794 703 5847 τῶν
732 5793 1028 5865 άοράτωνή
1061 5793 1213 5857 ἐλπὶς
1244 5793 1532 5864 διαλάμπει
1562 5793 1630 5847 τὰ
1661 5794 1800 5866 ὑπὲρ

240 5887 445 5942 ἔννοιαν
497 5886 771 5959 θαύματα,
818 5884 879 5939 τὸ
928 5884 1023 5939 ἀπ’
1068 5884 1260 5949 αἰῶνος
1315 5886 1799 5957 ἀποκεκρυμμένον

1974 4610 2176 4682 Ponti,
2204 4611 2588 4682 Tltaumaturgi
2608 4652 2622 4675 ,
2669 4610 2723 4665 in
2750 4610 3215 4666 Annuntiationem
3243 4613 3471 4682 sanctis-

1974 4682 2124 4736 simae
2152 4681 2249 4736 Dei
2274 4680 2551 4752 genitricis
2585 4682 2815 4754 Virginis
2848 4682 3057 4747 Maria,
3087 4698 3256 4736 sermo
3286 4680 3337 4735 I.

1976 4859 2148 4917 Hodie
2181 4862 2247 4915 ab
2270 4862 2528 4932 angelicis
2556 4862 2738 4915 choris
2759 4860 2946 4914 laudes
2978 4859 3172 4914 divinae
3192 4858 3473 4914 celebran-

1902 4969 2025 5021 tur,
2073 4966 2127 5011 et
2169 4957 2350 5010 lumen
2377 4955 2579 5010 Christi
2610 4954 2875 5008 adventus
2905 4952 3151 5009 ﬁdelibus
3183 4946 3467 5009 illucescit.

1902 5050 2074 5106 Hodie
2101 5052 2281 5107 laetum
2311 5051 2469 5105 nobis
2499 5066 2593 5103 ver
2616 5089 2632 5114 ,
2667 5048 2918 5103 Christus
2950 5049 3030 5102 sol
3053 5048 3277 5119 iustitiae
3310 5046 3469 5101 afful-

1902 5146 2010 5211 sit,
2044 5160 2110 5198 ac
2136 5144 2285 5199 claro
2313 5158 2415 5198 nos
2443 5141 2648 5196 lumine
2696 5142 3032 5196 collustravit
3056 5182 3072 5207 ,
3124 5140 3471 5209 ﬁdeliumque

1900 5245 2112 5292 mentes
2137 5235 2481 5291 illuminavit.
2516 5232 2689 5288 Hodie
2713 5246 3006 5289 renovatur
3033 5232 3131 5305 [οι.
3159 5229 3472 5304 revocatur]

1900 5332 2095 5396 Adam,
2124 5340 2177 5386 et
2199 5331 2397 5386 choros
2427 5344 2550 5385 eum
2578 5329 2783 5398 angelis
2811 5327 2955 5398 agit,
2986 5327 3039 5381 in
3062 5316 3256 5381 coelum
3286 5325 3470 5381 subla-

1900 5434 2010 5479 tus.
2048 5422 2224 5478 Hodie
2249 5432 2393 5478 totus
2424 5431 2693 5477 terrarum
2736 5421 2887 5477 orbis
2913 5421 3129 5493 gaudio,
3176 5421 3247 5475 ob
3274 5423 3470 5475 adven-

1900 5527 2015 5572 tum
2062 5516 2298 5586 Spiritus
2343 5515 2515 5570 sancti
2546 5514 2598 5567 in
2634 5515 2901 5578 homines,
2933 5514 3123 5582 plenus
3145 5524 3249 5568 est.
3297 5512 3469 5569 Hodie

1900 5611 2084 5666 divina
2112 5609 2306 5681 gratia,
2335 5623 2458 5679 spes
2489 5606 2838 5662 invisibilium
2870 5606 3102 5677 etl‘ulget,
3125 5616 3178 5661 et
3206 5606 3467 5662 miracula

1902 5718 2024 5774 quae
2056 5712 2291 5759 mentem
2328 5711 2490 5773 atque
2512 5699 2919 5771 intelligentiam
2952 5706 3229 5771 superant,
3262 5708 3465 5770 myste-

1900 5797 2151 5864 riumque
2202 5794 2345 5864 quod
2396 5793 2465 5848 ab
2501 5804 2703 5847 :etcrno
2735 5792 3064 5847 occultatum
3111 5790 3233 5860 fuit,
3286 5792 3463 5863 palam

1902 5886 2062 5945 nobis
2092 5886 2239 5945 facit.
2292 5883 2461 5943 Hodie
2503 5884 2754 5955 perennis
2786 5885 2999 5943 virtutis
3024 5895 3277 5943 texuntur
3300 5900 3458 5942 coro-
