  <div class='ocr_page' id='page_1' title='image "/cluster/home/n/w/nwhite01/storage/ocr_20150623/10/hvd.32044019207620/581.png"; bbox 0 0 3876 6558; ppageno 0'>
   <div class='ocr_carea' id='block_1_1' title="bbox 433 367 572 424">
    <p class='ocr_par' dir='ltr' id='par_1_1' title="bbox 433 367 572 424">
     <span class='ocr_line' id='line_1_1' title="bbox 433 367 572 424; baseline -0.022 0"><span class='ocrx_word' id='word_1_1' title='bbox 433 367 572 424; x_wconf 70' lang='lat' dir='ltr'><strong>H17</strong></span> 
     </span>
    </p>
   </div>
   <div class='ocr_carea' id='block_1_2' title="bbox 1072 365 3022 428">
    <p class='ocr_par' dir='ltr' id='par_1_2' title="bbox 1072 365 3022 428">
     <span class='ocr_line' id='line_1_2' title="bbox 1072 365 3022 428; baseline -0.002 -4"><span class='ocrx_word' id='word_1_2' title='bbox 1072 367 1130 424; x_wconf 88' lang='lat' dir='ltr'><strong>S.</strong></span> <span class='ocrx_word' id='word_1_3' title='bbox 1169 366 1498 426; x_wconf 76' lang='lat' dir='ltr'><strong>GREGORH</strong></span> <span class='ocrx_word' id='word_1_4' title='bbox 1537 368 1899 424; x_wconf 83' lang='lat' dir='ltr'><strong>THAUMAT.</strong></span> <span class='ocrx_word' id='word_1_5' title='bbox 1939 367 2086 422; x_wconf 85' lang='lat' dir='ltr'><strong>OPP.</strong></span> <span class='ocrx_word' id='word_1_6' title='bbox 2129 367 2308 422; x_wconf 82' lang='lat' dir='ltr'><strong>PARS</strong></span> <span class='ocrx_word' id='word_1_7' title='bbox 2343 367 2636 426; x_wconf 71' lang='lat' dir='ltr'><strong>ALTERA.</strong></span> <span class='ocrx_word' id='word_1_8' title='bbox 2677 401 2746 428; x_wconf 78' lang='grc' dir='ltr'><strong>-τ</strong></span> <span class='ocrx_word' id='word_1_9' title='bbox 2795 365 3022 424; x_wconf 75' lang='lat' dir='ltr'><strong>DUBIA.</strong></span> 
     </span>
    </p>
   </div>
   <div class='ocr_carea' id='block_1_3' title="bbox 3509 365 3662 420">
    <p class='ocr_par' dir='ltr' id='par_1_3' title="bbox 3509 365 3662 420">
     <span class='ocr_line' id='line_1_3' title="bbox 3509 365 3662 420; baseline 0 0"><span class='ocrx_word' id='word_1_10' title='bbox 3509 365 3662 420; x_wconf 65' lang='grc'><strong>1118</strong></span> 
     </span>
    </p>
   </div>
   <div class='ocr_carea' id='block_1_4' title="bbox 433 477 1998 557">
    <p class='ocr_par' dir='ltr' id='par_1_4' title="bbox 433 479 1994 555">
     <span class='ocr_line' id='line_1_4' title="bbox 433 479 1994 555; baseline 0 -19"><span class='ocrx_word' id='word_1_11' title='bbox 433 497 536 536; x_wconf 75' lang='lat' dir='ltr'><strong>nte.</strong></span> <span class='ocrx_word' id='word_1_12' title='bbox 559 479 727 536; x_wconf 85' lang='lat' dir='ltr'><strong>llodie</strong></span> <span class='ocrx_word' id='word_1_13' title='bbox 750 495 904 538; x_wconf 88' lang='lat' dir='ltr'><strong>sacra</strong></span> <span class='ocrx_word' id='word_1_14' title='bbox 927 481 1314 540; x_wconf 81' lang='lat' dir='ltr'><strong>benevolorum</strong></span> <span class='ocrx_word' id='word_1_15' title='bbox 1359 495 1412 540; x_wconf 90' lang='lat' dir='ltr'><strong>et</strong></span> <span class='ocrx_word' id='word_1_16' title='bbox 1441 483 1840 555; x_wconf 79' lang='lat' dir='ltr'><strong>religiosorum,</strong></span> <span class='ocrx_word' id='word_1_17' title='bbox 1857 483 1994 538; x_wconf 90' lang='lat' dir='ltr'><strong>dies-</strong></span> 
     </span>
    </p>
   </div>
   <div class='ocr_carea' id='block_1_5' title="bbox 2099 477 3665 557">
    <p class='ocr_par' dir='ltr' id='par_1_5' title="bbox 2101 477 3665 557">
     <span class='ocr_line' id='line_1_5' title="bbox 2101 477 3665 557; baseline -0.004 -21"><span class='ocrx_word' id='word_1_18' title='bbox 2101 486 2392 557; x_wconf 83' lang='grc' dir='ltr'>μυστήριον</span> <span class='ocrx_word' id='word_1_19' title='bbox 2433 487 2686 556; x_wconf 73' lang='grc' dir='ltr'>ἐμφανῶς</span> <span class='ocrx_word' id='word_1_20' title='bbox 2731 485 2859 556; x_wconf 80' lang='grc' dir='ltr'>ἡμῖν</span> <span class='ocrx_word' id='word_1_21' title='bbox 2917 477 3338 537; x_wconf 85' lang='grc' dir='ltr'>κατοπτεύουσα.</span> <span class='ocrx_word' id='word_1_22' title='bbox 3401 477 3665 552; x_wconf 73' lang='grc' dir='ltr'>Σήμερον</span> 
     </span>
    </p>
   </div>
   <div class='ocr_carea' id='block_1_6' title="bbox 429 571 1990 646">
    <p class='ocr_par' dir='ltr' id='par_1_6' title="bbox 429 571 1990 646">
     <span class='ocr_line' id='line_1_6' title="bbox 429 571 1990 646; baseline 0.002 -20"><span class='ocrx_word' id='word_1_23' title='bbox 429 587 538 643; x_wconf 86' lang='lat' dir='ltr'><strong>que</strong></span> <span class='ocrx_word' id='word_1_24' title='bbox 567 571 732 628; x_wconf 82' lang='lat' dir='ltr'><strong>festos</strong></span> <span class='ocrx_word' id='word_1_25' title='bbox 763 573 1006 630; x_wconf 78' lang='lat' dir='ltr'><strong>studiose</strong></span> <span class='ocrx_word' id='word_1_26' title='bbox 1045 575 1336 634; x_wconf 88' lang='lat' dir='ltr'><strong>colentium</strong></span> <span class='ocrx_word' id='word_1_27' title='bbox 1379 576 1552 646; x_wconf 88' lang='lat' dir='ltr'><strong>capita</strong></span> <span class='ocrx_word' id='word_1_28' title='bbox 1601 589 1864 630; x_wconf 79' lang='lat' dir='ltr'><strong>coronare</strong></span> <span class='ocrx_word' id='word_1_29' title='bbox 1893 590 1990 629; x_wconf 81' lang='lat' dir='ltr'><strong>vo-</strong></span> 
     </span>
    </p>
   </div>
   <div class='ocr_carea' id='block_1_7' title="bbox 431 663 1992 738">
    <p class='ocr_par' dir='ltr' id='par_1_7' title="bbox 431 663 1992 738">
     <span class='ocr_line' id='line_1_7' title="bbox 431 663 1992 738; baseline 0.001 -20"><span class='ocrx_word' id='word_1_30' title='bbox 431 663 550 720; x_wconf 82' lang='lat' dir='ltr'><strong>lens</strong></span> <span class='ocrx_word' id='word_1_31' title='bbox 581 663 744 728; x_wconf 88' lang='lat' dir='ltr'><strong>Deus,</strong></span> <span class='ocrx_word' id='word_1_32' title='bbox 769 665 937 720; x_wconf 75' lang='lat' dir='ltr'><strong>ﬁrmae</strong></span> <span class='ocrx_word' id='word_1_33' title='bbox 961 666 1376 722; x_wconf 85' lang='lat' dir='ltr'><strong>ﬁdei-amatores</strong></span> <span class='ocrx_word' id='word_1_34' title='bbox 1413 677 1666 738; x_wconf 86' lang='lat' dir='ltr'><strong>tanquam</strong></span> <span class='ocrx_word' id='word_1_35' title='bbox 1693 675 1912 724; x_wconf 73' lang='lat' dir='ltr'><strong>vocatos</strong></span> <span class='ocrx_word' id='word_1_36' title='bbox 1937 675 1992 721; x_wconf 90' lang='lat' dir='ltr'><strong>et</strong></span> 
     </span>
    </p>
   </div>
   <div class='ocr_carea' id='block_1_8' title="bbox 431 743 1989 830">
    <p class='ocr_par' dir='ltr' id='par_1_8' title="bbox 431 743 1989 830">
     <span class='ocr_line' id='line_1_8' title="bbox 431 743 1989 830; baseline 0.003 -20"><span class='ocrx_word' id='word_1_37' title='bbox 431 757 676 812; x_wconf 82' lang='lat' dir='ltr'><strong>haeredes</strong></span> <span class='ocrx_word' id='word_1_38' title='bbox 702 743 962 826; x_wconf 76' lang='lat' dir='ltr'><strong>appellat;</strong></span> <span class='ocrx_word' id='word_1_39' title='bbox 992 773 1396 829; x_wconf 89' lang='lat' dir='ltr'><strong>supernumque</strong></span> <span class='ocrx_word' id='word_1_40' title='bbox 1420 775 1646 830; x_wconf 79' lang='lat' dir='ltr'><strong>regnum</strong></span> <span class='ocrx_word' id='word_1_41' title='bbox 1667 774 1790 814; x_wconf 90' lang='lat' dir='ltr'><strong>cum</strong></span> <span class='ocrx_word' id='word_1_42' title='bbox 1811 759 1989 814; x_wconf 88' lang='lat' dir='ltr'><strong>studio</strong></span> 
     </span>
    </p>
   </div>
   <div class='ocr_carea' id='block_1_9' title="bbox 429 849 1992 921">
    <p class='ocr_par' dir='ltr' id='par_1_9' title="bbox 429 849 1992 921">
     <span class='ocr_line' id='line_1_9' title="bbox 429 849 1992 921; baseline 0.002 -17"><span class='ocrx_word' id='word_1_43' title='bbox 429 863 528 904; x_wconf 87' lang='lat' dir='ltr'><strong>eos</strong></span> <span class='ocrx_word' id='word_1_44' title='bbox 569 849 660 920; x_wconf 89' lang='lat' dir='ltr'><strong>qui</strong></span> <span class='ocrx_word' id='word_1_45' title='bbox 701 850 941 906; x_wconf 83' lang='lat' dir='ltr'><strong>ccelestia</strong></span> <span class='ocrx_word' id='word_1_46' title='bbox 985 851 1235 920; x_wconf 84' lang='lat' dir='ltr'><strong>sapiunt,</strong></span> <span class='ocrx_word' id='word_1_47' title='bbox 1263 861 1324 906; x_wconf 86' lang='lat' dir='ltr'><strong>ut</strong></span> <span class='ocrx_word' id='word_1_48' title='bbox 1353 865 1410 906; x_wconf 89' lang='lat' dir='ltr'><strong>se</strong></span> <span class='ocrx_word' id='word_1_49' title='bbox 1437 851 1620 906; x_wconf 84' lang='lat' dir='ltr'><strong>divino</strong></span> <span class='ocrx_word' id='word_1_50' title='bbox 1646 851 1992 921; x_wconf 87' lang='lat' dir='ltr'><strong>incorporeo-</strong></span> 
     </span>
    </p>
   </div>
   <div class='ocr_carea' id='block_1_10' title="bbox 431 941 1992 1013">
    <p class='ocr_par' dir='ltr' id='par_1_10' title="bbox 431 941 1992 1013">
     <span class='ocr_line' id='line_1_10' title="bbox 431 941 1992 1013; baseline 0.003 -19"><span class='ocrx_word' id='word_1_51' title='bbox 431 956 553 994; x_wconf 89' lang='lat' dir='ltr'><strong>rum</strong></span> <span class='ocrx_word' id='word_1_52' title='bbox 581 941 874 996; x_wconf 90' lang='lat' dir='ltr'><strong>chororum</strong></span> <span class='ocrx_word' id='word_1_53' title='bbox 911 942 1216 996; x_wconf 90' lang='lat' dir='ltr'><strong>ministerio</strong></span> <span class='ocrx_word' id='word_1_54' title='bbox 1233 944 1582 1013; x_wconf 73' lang='lat' dir='ltr'><strong>coniungant,</strong></span> <span class='ocrx_word' id='word_1_55' title='bbox 1615 951 1794 1000; x_wconf 83' lang='lat' dir='ltr'><strong>vocat.</strong></span> <span class='ocrx_word' id='word_1_56' title='bbox 1823 941 1992 999; x_wconf 90' lang='lat' dir='ltr'><strong>llodie</strong></span> 
     </span>
    </p>
   </div>
   <div class='ocr_carea' id='block_1_11' title="bbox 431 1031 1989 1104">
    <p class='ocr_par' dir='ltr' id='par_1_11' title="bbox 431 1031 1989 1104">
     <span class='ocr_line' id='line_1_11' title="bbox 431 1031 1989 1104; baseline 0.003 -20"><span class='ocrx_word' id='word_1_57' title='bbox 431 1031 748 1086; x_wconf 87' lang='lat' dir='ltr'><strong>Davidicum</strong></span> <span class='ocrx_word' id='word_1_58' title='bbox 790 1033 1138 1102; x_wconf 78' lang='lat' dir='ltr'><strong>adimpletum</strong></span> <span class='ocrx_word' id='word_1_59' title='bbox 1173 1043 1254 1088; x_wconf 89' lang='lat' dir='ltr'><strong>est</strong></span> <span class='ocrx_word' id='word_1_60' title='bbox 1293 1035 1594 1098; x_wconf 86' lang='lat' dir='ltr'><strong>oraculum,</strong></span> <span class='ocrx_word' id='word_1_61' title='bbox 1643 1035 1786 1104; x_wconf 87' lang='lat' dir='ltr'><strong>quod</strong></span> <span class='ocrx_word' id='word_1_62' title='bbox 1817 1035 1989 1092; x_wconf 90' lang='lat' dir='ltr'><strong>dicit:</strong></span> 
     </span>
    </p>
   </div>
   <div class='ocr_carea' id='block_1_12' title="bbox 391 1121 1993 1196">
    <p class='ocr_par' dir='ltr' id='par_1_12' title="bbox 391 1121 1993 1196">
     <span class='ocr_line' id='line_1_12' title="bbox 391 1121 1993 1196; baseline 0 -18"><span class='ocrx_word' id='word_1_63' title='bbox 391 1191 396 1196; x_wconf 30' lang='grc' dir='ltr'>η</span> <span class='ocrx_word' id='word_1_64' title='bbox 429 1121 700 1178; x_wconf 75' lang='lat' dir='ltr'><strong>Ltctentur</strong></span> <span class='ocrx_word' id='word_1_65' title='bbox 732 1123 867 1189; x_wconf 71' lang='lat' dir='ltr'><strong>creti,</strong></span> <span class='ocrx_word' id='word_1_66' title='bbox 903 1133 950 1178; x_wconf 89' lang='lat' dir='ltr'><strong>et</strong></span> <span class='ocrx_word' id='word_1_67' title='bbox 967 1125 1192 1178; x_wconf 71' lang='lat' dir='ltr'><strong>exsultet</strong></span> <span class='ocrx_word' id='word_1_68' title='bbox 1219 1135 1380 1179; x_wconf 77' lang='lat' dir='ltr'><strong>terra.</strong></span> <span class='ocrx_word' id='word_1_69' title='bbox 1411 1124 1716 1180; x_wconf 85' lang='lat' dir='ltr'><strong>Gaudebunt</strong></span> <span class='ocrx_word' id='word_1_70' title='bbox 1733 1127 1922 1195; x_wconf 86' lang='lat' dir='ltr'><strong>campi,</strong></span> <span class='ocrx_word' id='word_1_71' title='bbox 1944 1135 1993 1180; x_wconf 87' lang='lat' dir='ltr'><strong>et</strong></span> 
     </span>
    </p>
   </div>
   <div class='ocr_carea' id='block_1_13' title="bbox 433 1214 1994 1290">
    <p class='ocr_par' dir='ltr' id='par_1_13' title="bbox 433 1214 1994 1290">
     <span class='ocr_line' id='line_1_13' title="bbox 433 1214 1994 1290; baseline 0.003 -22"><span class='ocrx_word' id='word_1_72' title='bbox 433 1216 612 1268; x_wconf 85' lang='lat' dir='ltr'><strong>omnia</strong></span> <span class='ocrx_word' id='word_1_73' title='bbox 640 1214 786 1286; x_wconf 82' lang='lat' dir='ltr'><strong>ligna</strong></span> <span class='ocrx_word' id='word_1_74' title='bbox 805 1216 970 1282; x_wconf 77' lang='lat' dir='ltr'><strong>silvw,</strong></span> <span class='ocrx_word' id='word_1_75' title='bbox 996 1234 1027 1269; x_wconf 89' lang='lat' dir='ltr'><strong>a</strong></span> <span class='ocrx_word' id='word_1_76' title='bbox 1048 1227 1322 1286; x_wconf 85' lang='lat' dir='ltr'><strong>conspectu</strong></span> <span class='ocrx_word' id='word_1_77' title='bbox 1339 1217 1548 1274; x_wconf 83' lang='lat' dir='ltr'><strong>Domini</strong></span> <span class='ocrx_word' id='word_1_78' title='bbox 1563 1217 1657 1290; x_wconf 84' lang='lat' dir='ltr'><strong>[aL</strong></span> <span class='ocrx_word' id='word_1_79' title='bbox 1672 1227 1790 1274; x_wconf 91' lang='lat' dir='ltr'><strong>ante</strong></span> <span class='ocrx_word' id='word_1_80' title='bbox 1807 1220 1994 1290; x_wconf 83' lang='lat' dir='ltr'><strong>faciem</strong></span> 
     </span>
    </p>
   </div>
   <div class='ocr_carea' id='block_1_14' title="bbox 431 1305 1995 1380">
    <p class='ocr_par' dir='ltr' id='par_1_14' title="bbox 431 1305 1995 1380">
     <span class='ocr_line' id='line_1_14' title="bbox 431 1305 1995 1380; baseline 0.001 -18"><span class='ocrx_word' id='word_1_81' title='bbox 431 1305 671 1378; x_wconf 84' lang='lat' dir='ltr'><strong>Domini]</strong></span> <span class='ocrx_word' id='word_1_82' title='bbox 699 1309 947 1378; x_wconf 88' lang='lat' dir='ltr'><strong>quoniam</strong></span> <span class='ocrx_word' id='word_1_83' title='bbox 979 1310 1112 1362; x_wconf 89' lang='lat' dir='ltr'><strong>venit</strong></span> <span class='ocrx_word' id='word_1_84' title='bbox 1135 1309 1201 1362; x_wconf 72' lang='grc' dir='ltr'><strong>εί.</strong></span> <span class='ocrx_word' id='word_1_85' title='bbox 1229 1309 1294 1362; x_wconf 86' lang='lat' dir='ltr'><strong>Et</strong></span> <span class='ocrx_word' id='word_1_86' title='bbox 1321 1310 1484 1364; x_wconf 87' lang='lat' dir='ltr'><strong>David</strong></span> <span class='ocrx_word' id='word_1_87' title='bbox 1512 1311 1728 1378; x_wconf 85' lang='lat' dir='ltr'><strong>quidem</strong></span> <span class='ocrx_word' id='word_1_88' title='bbox 1752 1311 1896 1380; x_wconf 82' lang='lat' dir='ltr'><strong>ligna</strong></span> <span class='ocrx_word' id='word_1_89' title='bbox 1913 1310 1995 1366; x_wconf 84' lang='lat' dir='ltr'><strong>di-</strong></span> 
     </span>
    </p>
   </div>
   <div class='ocr_carea' id='block_1_15' title="bbox 433 1400 1994 1474">
    <p class='ocr_par' dir='ltr' id='par_1_15' title="bbox 433 1400 1994 1474">
     <span class='ocr_line' id='line_1_15' title="bbox 433 1400 1994 1474; baseline 0.003 -20"><span class='ocrx_word' id='word_1_90' title='bbox 433 1400 510 1454; x_wconf 89' lang='lat' dir='ltr'><strong>cit</strong></span> <span class='ocrx_word' id='word_1_91' title='bbox 529 1417 543 1466; x_wconf 90' lang='lat'><strong>;</strong></span> <span class='ocrx_word' id='word_1_92' title='bbox 567 1415 867 1469; x_wconf 86' lang='lat' dir='ltr'><strong>praecursor</strong></span> <span class='ocrx_word' id='word_1_93' title='bbox 885 1416 1012 1455; x_wconf 80' lang='lat' dir='ltr'><strong>vero</strong></span> <span class='ocrx_word' id='word_1_94' title='bbox 1028 1401 1262 1465; x_wconf 90' lang='lat' dir='ltr'><strong>Domini,</strong></span> <span class='ocrx_word' id='word_1_95' title='bbox 1283 1404 1506 1456; x_wconf 89' lang='lat' dir='ltr'><strong>arbores</strong></span> <span class='ocrx_word' id='word_1_96' title='bbox 1519 1404 1768 1471; x_wconf 78' lang='lat' dir='ltr'><strong>facientes</strong></span> <span class='ocrx_word' id='word_1_97' title='bbox 1793 1405 1994 1474; x_wconf 77' lang='lat' dir='ltr'><strong>fructus</strong></span> 
     </span>
    </p>
   </div>
   <div class='ocr_carea' id='block_1_16' title="bbox 433 1493 1990 1566">
    <p class='ocr_par' dir='ltr' id='par_1_16' title="bbox 433 1493 1990 1566">
     <span class='ocr_line' id='line_1_16' title="bbox 433 1493 1990 1566; baseline 0.005 -22"><span class='ocrx_word' id='word_1_98' title='bbox 433 1495 618 1562; x_wconf 83' lang='lat' dir='ltr'><strong>dignos</strong></span> <span class='ocrx_word' id='word_1_99' title='bbox 643 1494 947 1558; x_wconf 74' lang='lat' dir='ltr'><strong>paenitentia</strong></span> <span class='ocrx_word' id='word_1_100' title='bbox 963 1494 1030 1558; x_wconf 78' lang='lat'><strong>“,</strong></span> <span class='ocrx_word' id='word_1_101' title='bbox 1053 1495 1161 1548; x_wconf 88' lang='lat' dir='ltr'><strong>imo</strong></span> <span class='ocrx_word' id='word_1_102' title='bbox 1179 1493 1392 1548; x_wconf 90' lang='lat' dir='ltr'><strong>Domini</strong></span> <span class='ocrx_word' id='word_1_103' title='bbox 1419 1497 1675 1558; x_wconf 85' lang='lat' dir='ltr'><strong>adventu,</strong></span> <span class='ocrx_word' id='word_1_104' title='bbox 1697 1508 1990 1566; x_wconf 82' lang='lat' dir='ltr'><strong>nuncupat.</strong></span> 
     </span>
    </p>
   </div>
   <div class='ocr_carea' id='block_1_17' title="bbox 395 1583 1995 1657">
    <p class='ocr_par' dir='ltr' id='par_1_17' title="bbox 395 1583 1995 1657">
     <span class='ocr_line' id='line_1_17' title="bbox 395 1583 1995 1657; baseline 0.005 -21"><span class='ocrx_word' id='word_1_105' title='bbox 395 1651 400 1654; x_wconf 94' lang='lat'>_</span> <span class='ocrx_word' id='word_1_106' title='bbox 435 1583 780 1638; x_wconf 81' lang='lat' dir='ltr'><strong>AtDominus</strong></span> <span class='ocrx_word' id='word_1_107' title='bbox 815 1593 1000 1638; x_wconf 90' lang='lat' dir='ltr'><strong>noster</strong></span> <span class='ocrx_word' id='word_1_108' title='bbox 1026 1584 1185 1641; x_wconf 86' lang='lat' dir='ltr'><strong>Jesus</strong></span> <span class='ocrx_word' id='word_1_109' title='bbox 1209 1586 1458 1644; x_wconf 81' lang='lat' dir='ltr'><strong>Christus</strong></span> <span class='ocrx_word' id='word_1_110' title='bbox 1475 1603 1708 1657; x_wconf 84' lang='lat' dir='ltr'><strong>perenne</strong></span> <span class='ocrx_word' id='word_1_111' title='bbox 1741 1590 1995 1657; x_wconf 81' lang='lat' dir='ltr'><strong>gaudium</strong></span> 
     </span>
    </p>
   </div>
   <div class='ocr_carea' id='block_1_18' title="bbox 391 1675 1993 1744">
    <p class='ocr_par' dir='ltr' id='par_1_18' title="bbox 391 1675 1993 1744">
     <span class='ocr_line' id='line_1_18' title="bbox 391 1675 1993 1744; baseline 0.004 -12"><span class='ocrx_word' id='word_1_112' title='bbox 391 1725 398 1732; x_wconf 91' lang='lat'><strong>.</strong></span> <span class='ocrx_word' id='word_1_113' title='bbox 435 1677 645 1730; x_wconf 88' lang='lat' dir='ltr'><strong>cunctis</strong></span> <span class='ocrx_word' id='word_1_114' title='bbox 675 1675 726 1728; x_wconf 88' lang='lat' dir='ltr'><strong>in</strong></span> <span class='ocrx_word' id='word_1_115' title='bbox 752 1676 928 1744; x_wconf 88' lang='lat' dir='ltr'><strong>ipsum</strong></span> <span class='ocrx_word' id='word_1_116' title='bbox 957 1678 1302 1734; x_wconf 82' lang='lat' dir='ltr'><strong>credentibus</strong></span> <span class='ocrx_word' id='word_1_117' title='bbox 1333 1681 1636 1734; x_wconf 87' lang='lat' dir='ltr'><strong>annuntiat.</strong></span> <span class='ocrx_word' id='word_1_118' title='bbox 1695 1679 1784 1735; x_wconf 80' lang='lat' dir='ltr'><strong>Ait</strong></span> <span class='ocrx_word' id='word_1_119' title='bbox 1805 1683 1950 1736; x_wconf 87' lang='lat' dir='ltr'><strong>enim</strong></span> <span class='ocrx_word' id='word_1_120' title='bbox 1980 1701 1993 1738; x_wconf 92' lang='lat'><strong>:</strong></span> 
     </span>
    </p>
   </div>
   <div class='ocr_carea' id='block_1_19' title="bbox 439 1765 1994 1840">
    <p class='ocr_par' dir='ltr' id='par_1_19' title="bbox 439 1765 1994 1840">
     <span class='ocr_line' id='line_1_19' title="bbox 439 1765 1994 1840; baseline 0.004 -20"><span class='ocrx_word' id='word_1_121' title='bbox 439 1765 636 1822; x_wconf 69' lang='lat' dir='ltr'><strong>Videbo</strong></span> <span class='ocrx_word' id='word_1_122' title='bbox 657 1784 744 1821; x_wconf 87' lang='lat' dir='ltr'><strong>vos</strong></span> <span class='ocrx_word' id='word_1_123' title='bbox 766 1809 780 1832; x_wconf 90' lang='lat'><strong>,</strong></span> <span class='ocrx_word' id='word_1_124' title='bbox 804 1777 852 1821; x_wconf 89' lang='lat' dir='ltr'><strong>et</strong></span> <span class='ocrx_word' id='word_1_125' title='bbox 875 1768 1208 1837; x_wconf 80' lang='lat' dir='ltr'><strong>gaudebitis;</strong></span> <span class='ocrx_word' id='word_1_126' title='bbox 1241 1781 1288 1824; x_wconf 91' lang='lat' dir='ltr'><strong>et</strong></span> <span class='ocrx_word' id='word_1_127' title='bbox 1307 1772 1560 1840; x_wconf 77' lang='lat' dir='ltr'><strong>gaudium</strong></span> <span class='ocrx_word' id='word_1_128' title='bbox 1593 1781 1820 1826; x_wconf 85' lang='lat' dir='ltr'><strong>vestrum</strong></span> <span class='ocrx_word' id='word_1_129' title='bbox 1847 1789 1994 1827; x_wconf 87' lang='lat' dir='ltr'><strong>nemo</strong></span> 
     </span>
    </p>
   </div>
   <div class='ocr_carea' id='block_1_20' title="bbox 437 1855 2001 1932">
    <p class='ocr_par' dir='ltr' id='par_1_20' title="bbox 437 1855 2001 1932">
     <span class='ocr_line' id='line_1_20' title="bbox 437 1855 2001 1932; baseline 0.006 -23"><span class='ocrx_word' id='word_1_130' title='bbox 437 1855 584 1910; x_wconf 85' lang='lat' dir='ltr'><strong>tollet</strong></span> <span class='ocrx_word' id='word_1_131' title='bbox 616 1857 805 1910; x_wconf 88' lang='lat' dir='ltr'><strong>avobis</strong></span> <span class='ocrx_word' id='word_1_132' title='bbox 832 1859 900 1911; x_wconf 76' lang='grc'><strong>⁸³.</strong></span> <span class='ocrx_word' id='word_1_133' title='bbox 926 1857 1094 1914; x_wconf 81' lang='lat' dir='ltr'><strong>Hodie</strong></span> <span class='ocrx_word' id='word_1_134' title='bbox 1123 1861 1333 1915; x_wconf 77' lang='lat' dir='ltr'><strong>celebre</strong></span> <span class='ocrx_word' id='word_1_135' title='bbox 1363 1873 1524 1932; x_wconf 89' lang='lat' dir='ltr'><strong>atque</strong></span> <span class='ocrx_word' id='word_1_136' title='bbox 1556 1863 1822 1920; x_wconf 79' lang='lat' dir='ltr'><strong>ineﬂ‘abile</strong></span> <span class='ocrx_word' id='word_1_137' title='bbox 1843 1865 2001 1919; x_wconf 85' lang='lat' dir='ltr'><strong>Chri-</strong></span> 
     </span>
    </p>
   </div>
   <div class='ocr_carea' id='block_1_21' title="bbox 437 1949 2001 2026">
    <p class='ocr_par' dir='ltr' id='par_1_21' title="bbox 437 1949 2001 2026">
     <span class='ocr_line' id='line_1_21' title="bbox 437 1949 2001 2026; baseline 0.006 -25"><span class='ocrx_word' id='word_1_138' title='bbox 437 1949 760 2016; x_wconf 86' lang='lat' dir='ltr'><strong>stianorum,</strong></span> <span class='ocrx_word' id='word_1_139' title='bbox 790 1951 881 2020; x_wconf 88' lang='lat' dir='ltr'><strong>qui</strong></span> <span class='ocrx_word' id='word_1_140' title='bbox 905 1967 1058 2006; x_wconf 88' lang='lat' dir='ltr'><strong>suam</strong></span> <span class='ocrx_word' id='word_1_141' title='bbox 1096 1953 1148 2006; x_wconf 89' lang='lat' dir='ltr'><strong>in</strong></span> <span class='ocrx_word' id='word_1_142' title='bbox 1168 1953 1446 2008; x_wconf 82' lang='lat' dir='ltr'><strong>Christum</strong></span> <span class='ocrx_word' id='word_1_143' title='bbox 1467 1971 1614 2024; x_wconf 87' lang='lat' dir='ltr'><strong>spem</strong></span> <span class='ocrx_word' id='word_1_144' title='bbox 1649 1967 1837 2026; x_wconf 83' lang='lat' dir='ltr'><strong>sponte</strong></span> <span class='ocrx_word' id='word_1_145' title='bbox 1853 1957 2001 2012; x_wconf 88' lang='lat' dir='ltr'><strong>obsi-</strong></span> 
     </span>
    </p>
   </div>
   <div class='ocr_carea' id='block_1_22' title="bbox 435 2041 2000 2121">
    <p class='ocr_par' dir='ltr' id='par_1_22' title="bbox 435 2041 2000 2121">
     <span class='ocr_line' id='line_1_22' title="bbox 435 2041 2000 2121; baseline 0.007 -28"><span class='ocrx_word' id='word_1_146' title='bbox 435 2050 670 2112; x_wconf 77' lang='lat' dir='ltr'><strong>gnarunt</strong></span> <span class='ocrx_word' id='word_1_147' title='bbox 711 2041 807 2114; x_wconf 84' lang='lat' dir='ltr'><strong>[aL</strong></span> <span class='ocrx_word' id='word_1_148' title='bbox 833 2044 918 2112; x_wconf 88' lang='lat' dir='ltr'><strong>pie</strong></span> <span class='ocrx_word' id='word_1_149' title='bbox 948 2059 1010 2098; x_wconf 88' lang='lat' dir='ltr'><strong>ac</strong></span> <span class='ocrx_word' id='word_1_150' title='bbox 1040 2055 1223 2100; x_wconf 86' lang='lat' dir='ltr'><strong>sancte</strong></span> <span class='ocrx_word' id='word_1_151' title='bbox 1251 2047 1650 2121; x_wconf 71' lang='lat' dir='ltr'><strong>obsignarunt],</strong></span> <span class='ocrx_word' id='word_1_152' title='bbox 1683 2049 2000 2120; x_wconf 84' lang='lat' dir='ltr'><strong>mysterium</strong></span> 
     </span>
    </p>
   </div>
   <div class='ocr_carea' id='block_1_23' title="bbox 435 2134 2002 2212">
    <p class='ocr_par' dir='ltr' id='par_1_23' title="bbox 435 2134 2002 2212">
     <span class='ocr_line' id='line_1_23' title="bbox 435 2134 2002 2212; baseline 0.007 -26"><span class='ocrx_word' id='word_1_153' title='bbox 435 2134 594 2202; x_wconf 86' lang='lat' dir='ltr'><strong>plane</strong></span> <span class='ocrx_word' id='word_1_154' title='bbox 618 2135 776 2190; x_wconf 90' lang='lat' dir='ltr'><strong>nobis</strong></span> <span class='ocrx_word' id='word_1_155' title='bbox 797 2137 1168 2194; x_wconf 87' lang='lat' dir='ltr'><strong>annuntiatur.</strong></span> <span class='ocrx_word' id='word_1_156' title='bbox 1185 2138 1356 2194; x_wconf 80' lang='lat' dir='ltr'><strong>Hodie</strong></span> <span class='ocrx_word' id='word_1_157' title='bbox 1369 2140 1606 2206; x_wconf 86' lang='lat' dir='ltr'><strong>Gabriel,</strong></span> <span class='ocrx_word' id='word_1_158' title='bbox 1621 2144 1713 2212; x_wconf 90' lang='lat' dir='ltr'><strong>qui</strong></span> <span class='ocrx_word' id='word_1_159' title='bbox 1741 2143 1850 2198; x_wconf 87' lang='lat' dir='ltr'><strong>Deo</strong></span> <span class='ocrx_word' id='word_1_160' title='bbox 1863 2143 2002 2198; x_wconf 89' lang='lat' dir='ltr'><strong>assi-</strong></span> 
     </span>
    </p>
   </div>
   <div class='ocr_carea' id='block_1_24' title="bbox 435 2226 1998 2302">
    <p class='ocr_par' dir='ltr' id='par_1_24' title="bbox 435 2226 1998 2302">
     <span class='ocr_line' id='line_1_24' title="bbox 435 2226 1998 2302; baseline 0.005 -20"><span class='ocrx_word' id='word_1_161' title='bbox 435 2226 531 2282; x_wconf 81' lang='lat' dir='ltr'><strong>stit</strong></span> <span class='ocrx_word' id='word_1_162' title='bbox 555 2267 568 2291; x_wconf 92' lang='lat'><strong>,</strong></span> <span class='ocrx_word' id='word_1_163' title='bbox 599 2228 662 2282; x_wconf 92' lang='lat' dir='ltr'><strong>ad</strong></span> <span class='ocrx_word' id='word_1_164' title='bbox 689 2229 1049 2284; x_wconf 88' lang='lat' dir='ltr'><strong>castissimam</strong></span> <span class='ocrx_word' id='word_1_165' title='bbox 1072 2229 1350 2302; x_wconf 79' lang='lat' dir='ltr'><strong>Virginem</strong></span> <span class='ocrx_word' id='word_1_166' title='bbox 1383 2234 1603 2288; x_wconf 78' lang='lat' dir='ltr'><strong>veniens</strong></span> <span class='ocrx_word' id='word_1_167' title='bbox 1625 2277 1639 2298; x_wconf 86' lang='lat'><strong>,</strong></span> <span class='ocrx_word' id='word_1_168' title='bbox 1669 2235 1797 2289; x_wconf 92' lang='lat' dir='ltr'><strong>illud</strong></span> <span class='ocrx_word' id='word_1_169' title='bbox 1826 2275 1840 2300; x_wconf 90' lang='lat'><strong>,</strong></span> <span class='ocrx_word' id='word_1_170' title='bbox 1873 2235 1998 2300; x_wconf 85' lang='lat' dir='ltr'><strong>Ave,</strong></span> 
     </span>
    </p>
   </div>
   <div class='ocr_carea' id='block_1_25' title="bbox 438 2320 2004 2395">
    <p class='ocr_par' dir='ltr' id='par_1_25' title="bbox 438 2320 2004 2395">
     <span class='ocr_line' id='line_1_25' title="bbox 438 2320 2004 2395; baseline 0.009 -25"><span class='ocrx_word' id='word_1_171' title='bbox 438 2320 614 2388; x_wconf 85' lang='lat' dir='ltr'><strong>gratia</strong></span> <span class='ocrx_word' id='word_1_172' title='bbox 639 2320 792 2390; x_wconf 84' lang='lat' dir='ltr'><strong>plena</strong></span> <span class='ocrx_word' id='word_1_173' title='bbox 817 2323 881 2386; x_wconf 64' lang='grc'><strong>⁸³,</strong></span> <span class='ocrx_word' id='word_1_174' title='bbox 910 2322 1011 2392; x_wconf 89' lang='lat' dir='ltr'><strong>ipsi</strong></span> <span class='ocrx_word' id='word_1_175' title='bbox 1043 2325 1350 2380; x_wconf 86' lang='lat' dir='ltr'><strong>annuntiat.</strong></span> <span class='ocrx_word' id='word_1_176' title='bbox 1391 2325 1510 2395; x_wconf 90' lang='lat' dir='ltr'><strong>lpsa</strong></span> <span class='ocrx_word' id='word_1_177' title='bbox 1537 2341 1665 2380; x_wconf 78' lang='lat' dir='ltr'><strong>vero</strong></span> <span class='ocrx_word' id='word_1_178' title='bbox 1697 2343 1881 2382; x_wconf 87' lang='lat' dir='ltr'><strong>secum</strong></span> <span class='ocrx_word' id='word_1_179' title='bbox 1909 2343 2004 2384; x_wconf 52' lang='lat' dir='ltr'><strong>com</strong></span> 
     </span>
    </p>
   </div>
   <div class='ocr_carea' id='block_1_26' title="bbox 437 2411 2002 2490">
    <p class='ocr_par' dir='ltr' id='par_1_26' title="bbox 437 2411 2002 2490">
     <span class='ocr_line' id='line_1_26' title="bbox 437 2411 2002 2490; baseline 0.008 -27"><span class='ocrx_word' id='word_1_180' title='bbox 437 2411 642 2480; x_wconf 84' lang='lat' dir='ltr'><strong>gitante</strong></span> <span class='ocrx_word' id='word_1_181' title='bbox 694 2416 871 2483; x_wconf 86' lang='lat' dir='ltr'><strong>qualis</strong></span> <span class='ocrx_word' id='word_1_182' title='bbox 919 2426 1067 2470; x_wconf 87' lang='lat' dir='ltr'><strong>esset</strong></span> <span class='ocrx_word' id='word_1_183' title='bbox 1121 2417 1210 2471; x_wconf 90' lang='lat' dir='ltr'><strong>illa</strong></span> <span class='ocrx_word' id='word_1_184' title='bbox 1265 2419 1554 2483; x_wconf 88' lang='lat' dir='ltr'><strong>salutatio,</strong></span> <span class='ocrx_word' id='word_1_185' title='bbox 1600 2420 1824 2490; x_wconf 84' lang='lat' dir='ltr'><strong>angelus</strong></span> <span class='ocrx_word' id='word_1_186' title='bbox 1871 2435 2002 2476; x_wconf 89' lang='lat' dir='ltr'><strong>con-</strong></span> 
     </span>
    </p>
   </div>
   <div class='ocr_carea' id='block_1_27' title="bbox 398 2500 2018 2575">
    <p class='ocr_par' dir='ltr' id='par_1_27' title="bbox 398 2500 2018 2575">
     <span class='ocr_line' id='line_1_27' title="bbox 398 2500 2018 2575; baseline 0.002 -15"><span class='ocrx_word' id='word_1_187' title='bbox 398 2557 400 2560; x_wconf 71' lang='lat'><strong>,</strong></span> <span class='ocrx_word' id='word_1_188' title='bbox 437 2500 618 2556; x_wconf 80' lang='lat' dir='ltr'><strong>festim</strong></span> <span class='ocrx_word' id='word_1_189' title='bbox 639 2505 938 2574; x_wconf 77' lang='lat' dir='ltr'><strong>subjunxit,</strong></span> <span class='ocrx_word' id='word_1_190' title='bbox 957 2507 1144 2562; x_wconf 87' lang='lat' dir='ltr'><strong>dicens</strong></span> <span class='ocrx_word' id='word_1_191' title='bbox 1171 2526 1182 2562; x_wconf 88' lang='lat'><strong>:</strong></span> <span class='ocrx_word' id='word_1_192' title='bbox 1211 2507 1462 2562; x_wconf 79' lang='lat' dir='ltr'><strong>Dominus</strong></span> <span class='ocrx_word' id='word_1_193' title='bbox 1493 2517 1682 2572; x_wconf 84' lang='lat' dir='ltr'><strong>tecum,</strong></span> <span class='ocrx_word' id='word_1_194' title='bbox 1708 2525 1769 2563; x_wconf 87' lang='lat' dir='ltr'><strong>ne</strong></span> <span class='ocrx_word' id='word_1_195' title='bbox 1793 2511 2018 2575; x_wconf 84' lang='lat' dir='ltr'><strong>Iimeas,’</strong></span> 
     </span>
    </p>
   </div>
   <div class='ocr_carea' id='block_1_28' title="bbox 437 2593 2002 2670">
    <p class='ocr_par' dir='ltr' id='par_1_28' title="bbox 437 2593 2002 2670">
     <span class='ocr_line' id='line_1_28' title="bbox 437 2593 2002 2670; baseline 0.006 -23"><span class='ocrx_word' id='word_1_196' title='bbox 437 2593 618 2648; x_wconf 76' lang='lat' dir='ltr'><strong>Maria</strong></span> <span class='ocrx_word' id='word_1_197' title='bbox 648 2613 666 2650; x_wconf 90' lang='lat'><strong><em>:</em></strong></span> <span class='ocrx_word' id='word_1_198' title='bbox 695 2597 936 2666; x_wconf 73' lang='lat' dir='ltr'><strong>invenisti</strong></span> <span class='ocrx_word' id='word_1_199' title='bbox 985 2601 1122 2652; x_wconf 87' lang='lat' dir='ltr'><strong>enim</strong></span> <span class='ocrx_word' id='word_1_200' title='bbox 1168 2601 1396 2670; x_wconf 85' lang='lat' dir='ltr'><strong>gratiam</strong></span> <span class='ocrx_word' id='word_1_201' title='bbox 1447 2602 1585 2669; x_wconf 83' lang='lat' dir='ltr'><strong>apud</strong></span> <span class='ocrx_word' id='word_1_202' title='bbox 1631 2601 1818 2655; x_wconf 86' lang='lat' dir='ltr'><strong>Deum.</strong></span> <span class='ocrx_word' id='word_1_203' title='bbox 1879 2601 2002 2656; x_wconf 83' lang='lat' dir='ltr'><strong>Ideo</strong></span> 
     </span>
    </p>
   </div>
   <div class='ocr_carea' id='block_1_29' title="bbox 437 2685 2003 2761">
    <p class='ocr_par' dir='ltr' id='par_1_29' title="bbox 437 2685 2003 2761">
     <span class='ocr_line' id='line_1_29' title="bbox 437 2685 2003 2761; baseline 0.006 -23"><span class='ocrx_word' id='word_1_204' title='bbox 437 2685 694 2754; x_wconf 87' lang='lat' dir='ltr'><strong>concipies</strong></span> <span class='ocrx_word' id='word_1_205' title='bbox 735 2685 830 2758; x_wconf 80' lang='lat' dir='ltr'><strong>[aL</strong></span> <span class='ocrx_word' id='word_1_206' title='bbox 883 2705 996 2740; x_wconf 87' lang='lat' dir='ltr'><strong>ecce</strong></span> <span class='ocrx_word' id='word_1_207' title='bbox 1025 2685 1306 2760; x_wconf 59' lang='lat' dir='ltr'><strong>concipias]</strong></span> <span class='ocrx_word' id='word_1_208' title='bbox 1337 2690 1392 2740; x_wconf 89' lang='lat' dir='ltr'><strong>in</strong></span> <span class='ocrx_word' id='word_1_209' title='bbox 1432 2699 1577 2742; x_wconf 85' lang='lat' dir='ltr'><strong>utero</strong></span> <span class='ocrx_word' id='word_1_210' title='bbox 1599 2731 1614 2755; x_wconf 90' lang='lat'><strong>,</strong></span> <span class='ocrx_word' id='word_1_211' title='bbox 1648 2699 1696 2744; x_wconf 90' lang='lat' dir='ltr'><strong>et</strong></span> <span class='ocrx_word' id='word_1_212' title='bbox 1727 2692 1897 2760; x_wconf 86' lang='lat' dir='ltr'><strong>paries</strong></span> <span class='ocrx_word' id='word_1_213' title='bbox 1933 2693 2003 2761; x_wconf 83' lang='lat' dir='ltr'><strong>ﬁ-</strong></span> 
     </span>
    </p>
   </div>
   <div class='ocr_carea' id='block_1_30' title="bbox 438 2776 1999 2852">
    <p class='ocr_par' dir='ltr' id='par_1_30' title="bbox 438 2776 1999 2852">
     <span class='ocr_line' id='line_1_30' title="bbox 438 2776 1999 2852; baseline 0.005 -24"><span class='ocrx_word' id='word_1_214' title='bbox 438 2776 571 2828; x_wconf 85' lang='lat' dir='ltr'><strong>lium</strong></span> <span class='ocrx_word' id='word_1_215' title='bbox 609 2792 626 2828; x_wconf 93' lang='lat'><em>:</em></span> <span class='ocrx_word' id='word_1_216' title='bbox 670 2786 718 2830; x_wconf 88' lang='lat' dir='ltr'><strong>et</strong></span> <span class='ocrx_word' id='word_1_217' title='bbox 749 2779 1000 2832; x_wconf 81' lang='lat' dir='ltr'><strong>vocabunt</strong></span> <span class='ocrx_word' id='word_1_218' title='bbox 1036 2779 1129 2850; x_wconf 88' lang='lat' dir='ltr'><strong>[aL</strong></span> <span class='ocrx_word' id='word_1_219' title='bbox 1165 2781 1396 2851; x_wconf 81' lang='lat' dir='ltr'><strong>vocabis]</strong></span> <span class='ocrx_word' id='word_1_220' title='bbox 1437 2797 1620 2836; x_wconf 83' lang='lat' dir='ltr'><strong>nomen</strong></span> <span class='ocrx_word' id='word_1_221' title='bbox 1653 2781 1768 2852; x_wconf 84' lang='lat' dir='ltr'><strong>ejus</strong></span> <span class='ocrx_word' id='word_1_222' title='bbox 1799 2783 1999 2837; x_wconf 86' lang='lat' dir='ltr'><strong>Jesum.</strong></span> 
     </span>
    </p>
   </div>
   <div class='ocr_carea' id='block_1_31' title="bbox 411 2864 2006 2939">
    <p class='ocr_par' dir='ltr' id='par_1_31' title="bbox 411 2864 2006 2939">
     <span class='ocr_line' id='line_1_31' title="bbox 411 2864 2006 2939; baseline 0.006 -21"><span class='ocrx_word' id='word_1_223' title='bbox 411 2927 414 2930; x_wconf 26' lang='grc' dir='ltr'>λ</span> <span class='ocrx_word' id='word_1_224' title='bbox 439 2864 546 2920; x_wconf 85' lang='lat' dir='ltr'><strong>Hic</strong></span> <span class='ocrx_word' id='word_1_225' title='bbox 569 2867 673 2921; x_wconf 89' lang='lat' dir='ltr'><strong>erit</strong></span> <span class='ocrx_word' id='word_1_226' title='bbox 698 2884 937 2939; x_wconf 86' lang='lat' dir='ltr'><strong>magnus,</strong></span> <span class='ocrx_word' id='word_1_227' title='bbox 960 2881 1006 2923; x_wconf 76' lang='lat' dir='ltr'><strong>et</strong></span> <span class='ocrx_word' id='word_1_228' title='bbox 1034 2869 1204 2923; x_wconf 82' lang='lat' dir='ltr'><strong>Filius</strong></span> <span class='ocrx_word' id='word_1_229' title='bbox 1227 2871 1487 2926; x_wconf 84' lang='lat' dir='ltr'><strong>Allissimi</strong></span> <span class='ocrx_word' id='word_1_230' title='bbox 1513 2873 1798 2928; x_wconf 83' lang='lat' dir='ltr'><strong>vocabitur.</strong></span> <span class='ocrx_word' id='word_1_231' title='bbox 1823 2873 1894 2928; x_wconf 86' lang='lat' dir='ltr'><strong>Et</strong></span> <span class='ocrx_word' id='word_1_232' title='bbox 1909 2875 2006 2928; x_wconf 89' lang='lat' dir='ltr'><strong>da-</strong></span> 
     </span>
    </p>
   </div>
   <div class='ocr_carea' id='block_1_32' title="bbox 439 2957 2004 3035">
    <p class='ocr_par' dir='ltr' id='par_1_32' title="bbox 439 2957 2004 3035">
     <span class='ocr_line' id='line_1_32' title="bbox 439 2957 2004 3035; baseline 0.006 -25"><span class='ocrx_word' id='word_1_233' title='bbox 439 2957 514 3011; x_wconf 88' lang='lat' dir='ltr'><strong>bit</strong></span> <span class='ocrx_word' id='word_1_234' title='bbox 543 2959 644 3026; x_wconf 81' lang='lat' dir='ltr'><strong>ipsi</strong></span> <span class='ocrx_word' id='word_1_235' title='bbox 681 2958 930 3014; x_wconf 86' lang='lat' dir='ltr'><strong>Dominus</strong></span> <span class='ocrx_word' id='word_1_236' title='bbox 961 2961 1100 3016; x_wconf 87' lang='lat' dir='ltr'><strong>Deus</strong></span> <span class='ocrx_word' id='word_1_237' title='bbox 1131 2963 1303 3016; x_wconf 89' lang='lat' dir='ltr'><strong>sedem</strong></span> <span class='ocrx_word' id='word_1_238' title='bbox 1341 2963 1510 3018; x_wconf 85' lang='lat' dir='ltr'><strong>David</strong></span> <span class='ocrx_word' id='word_1_239' title='bbox 1551 2966 1718 3034; x_wconf 84' lang='lat' dir='ltr'><strong>patris</strong></span> <span class='ocrx_word' id='word_1_240' title='bbox 1769 2966 1883 3035; x_wconf 86' lang='lat' dir='ltr'><strong>ejus</strong></span> <span class='ocrx_word' id='word_1_241' title='bbox 1907 3007 1922 3034; x_wconf 93' lang='lat'><strong>,</strong></span> <span class='ocrx_word' id='word_1_242' title='bbox 1953 2975 2004 3020; x_wconf 86' lang='lat' dir='ltr'><strong>et</strong></span> 
     </span>
    </p>
   </div>
   <div class='ocr_carea' id='block_1_33' title="bbox 441 3052 2002 3128">
    <p class='ocr_par' dir='ltr' id='par_1_33' title="bbox 441 3052 2002 3128">
     <span class='ocr_line' id='line_1_33' title="bbox 441 3052 2002 3128; baseline 0.006 -26"><span class='ocrx_word' id='word_1_243' title='bbox 441 3052 677 3120; x_wconf 86' lang='lat' dir='ltr'><strong>regnabit</strong></span> <span class='ocrx_word' id='word_1_244' title='bbox 715 3054 768 3106; x_wconf 90' lang='lat' dir='ltr'><strong>in</strong></span> <span class='ocrx_word' id='word_1_245' title='bbox 817 3053 970 3108; x_wconf 87' lang='lat' dir='ltr'><strong>domo</strong></span> <span class='ocrx_word' id='word_1_246' title='bbox 1007 3054 1174 3110; x_wconf 71' lang='lat' dir='ltr'><strong>Iacob</strong></span> <span class='ocrx_word' id='word_1_247' title='bbox 1219 3057 1274 3110; x_wconf 88' lang='lat' dir='ltr'><strong>in</strong></span> <span class='ocrx_word' id='word_1_248' title='bbox 1305 3066 1556 3111; x_wconf 76' lang='lat' dir='ltr'><strong>wternum</strong></span> <span class='ocrx_word' id='word_1_249' title='bbox 1581 3075 1598 3112; x_wconf 92' lang='lat'><em>:</em></span> <span class='ocrx_word' id='word_1_250' title='bbox 1623 3067 1674 3112; x_wconf 89' lang='lat' dir='ltr'><strong>et</strong></span> <span class='ocrx_word' id='word_1_251' title='bbox 1715 3059 1858 3128; x_wconf 78' lang='lat' dir='ltr'><strong>regni</strong></span> <span class='ocrx_word' id='word_1_252' title='bbox 1890 3060 2002 3128; x_wconf 85' lang='lat' dir='ltr'><strong>ejus</strong></span> 
     </span>
    </p>
   </div>
   <div class='ocr_carea' id='block_1_34' title="bbox 2095 571 3664 648">
    <p class='ocr_par' dir='ltr' id='par_1_34' title="bbox 2095 571 3664 648">
     <span class='ocr_line' id='line_1_34' title="bbox 2095 571 3664 648; baseline -0.004 -18"><span class='ocrx_word' id='word_1_253' title='bbox 2095 576 2296 648; x_wconf 83' lang='grc' dir='ltr'>ἀρετῆς</span> <span class='ocrx_word' id='word_1_254' title='bbox 2332 576 2553 632; x_wconf 82' lang='grc' dir='ltr'>ἀεννάου</span> <span class='ocrx_word' id='word_1_255' title='bbox 2597 577 2882 648; x_wconf 76' lang='grc' dir='ltr'>στέμματα</span> <span class='ocrx_word' id='word_1_256' title='bbox 2925 573 3230 627; x_wconf 77' lang='grc' dir='ltr'><strong>πλέκονται.</strong></span> <span class='ocrx_word' id='word_1_257' title='bbox 3275 571 3524 642; x_wconf 80' lang='grc' dir='ltr'><strong>Σήμερον</strong></span> <span class='ocrx_word' id='word_1_258' title='bbox 3551 571 3664 634; x_wconf 73' lang='grc' dir='ltr'>τὰς</span> 
     </span>
    </p>
   </div>
   <div class='ocr_carea' id='block_1_35' title="bbox 2093 660 3666 738">
    <p class='ocr_par' dir='ltr' id='par_1_35' title="bbox 2093 660 3666 738">
     <span class='ocr_line' id='line_1_35' title="bbox 2093 660 3666 738; baseline -0.003 -20"><span class='ocrx_word' id='word_1_259' title='bbox 2093 665 2247 738; x_wconf 75' lang='grc' dir='ltr'>ἱερὰς</span> <span class='ocrx_word' id='word_1_260' title='bbox 2294 667 2400 721; x_wconf 85' lang='grc' dir='ltr'><strong>τῶν</strong></span> <span class='ocrx_word' id='word_1_261' title='bbox 2443 666 2708 738; x_wconf 81' lang='grc' dir='ltr'>φιληκόων</span> <span class='ocrx_word' id='word_1_262' title='bbox 2755 666 2850 720; x_wconf 78' lang='grc' dir='ltr'><strong>καὶ</strong></span> <span class='ocrx_word' id='word_1_263' title='bbox 2879 662 3173 734; x_wconf 81' lang='grc' dir='ltr'>φιλεορτῶν</span> <span class='ocrx_word' id='word_1_264' title='bbox 3211 660 3446 730; x_wconf 72' lang='grc' dir='ltr'>κεφαλὰς</span> <span class='ocrx_word' id='word_1_265' title='bbox 3485 679 3666 714; x_wconf 75' lang='grc' dir='ltr'>κατα-</span> 
     </span>
    </p>
   </div>
   <div class='ocr_carea' id='block_1_36' title="bbox 2095 750 3666 828">
    <p class='ocr_par' dir='ltr' id='par_1_36' title="bbox 2095 750 3666 828">
     <span class='ocr_line' id='line_1_36' title="bbox 2095 750 3666 828; baseline -0.004 -16"><span class='ocrx_word' id='word_1_266' title='bbox 2095 757 2285 826; x_wconf 75' lang='grc' dir='ltr'>στέψαι</span> <span class='ocrx_word' id='word_1_267' title='bbox 2311 757 2625 828; x_wconf 82' lang='grc' dir='ltr'>βουλόμενος</span> <span class='ocrx_word' id='word_1_268' title='bbox 2649 760 2676 811; x_wconf 99' lang='lat'><strong>6</strong></span> <span class='ocrx_word' id='word_1_269' title='bbox 2695 757 2846 820; x_wconf 82' lang='grc' dir='ltr'>Θεὸς,</span> <span class='ocrx_word' id='word_1_270' title='bbox 2873 757 2997 820; x_wconf 83' lang='grc' dir='ltr'>τοὺς</span> <span class='ocrx_word' id='word_1_271' title='bbox 3020 753 3251 825; x_wconf 78' lang='grc' dir='ltr'>ἐραστὰς</span> <span class='ocrx_word' id='word_1_272' title='bbox 3279 752 3374 823; x_wconf 77' lang='grc' dir='ltr'>τῆς</span> <span class='ocrx_word' id='word_1_273' title='bbox 3399 750 3666 815; x_wconf 74' lang='grc' dir='ltr'>ἀκλινοῦς</span> 
     </span>
    </p>
   </div>
   <div class='ocr_carea' id='block_1_37' title="bbox 2096 844 3660 921">
    <p class='ocr_par' dir='ltr' id='par_1_37' title="bbox 2096 844 3660 921">
     <span class='ocr_line' id='line_1_37' title="bbox 2096 844 3660 921; baseline -0.004 -19"><span class='ocrx_word' id='word_1_274' title='bbox 2096 851 2330 913; x_wconf 85' lang='grc' dir='ltr'>πίστεως</span> <span class='ocrx_word' id='word_1_275' title='bbox 2348 890 2364 914; x_wconf 95' lang='grc'><strong>,</strong></span> <span class='ocrx_word' id='word_1_276' title='bbox 2417 851 2492 916; x_wconf 88' lang='grc' dir='ltr'>ὡς</span> <span class='ocrx_word' id='word_1_277' title='bbox 2533 850 2762 921; x_wconf 72' lang='grc' dir='ltr'>κλητοὺς</span> <span class='ocrx_word' id='word_1_278' title='bbox 2813 850 2906 902; x_wconf 72' lang='grc' dir='ltr'>καὶ</span> <span class='ocrx_word' id='word_1_279' title='bbox 2937 847 3300 920; x_wconf 73' lang='grc' dir='ltr'><strong>κληρονόμους</strong></span> <span class='ocrx_word' id='word_1_280' title='bbox 3349 844 3660 916; x_wconf 63' lang='grc' dir='ltr'>κέκληκεν</span> 
     </span>
    </p>
   </div>
   <div class='ocr_carea' id='block_1_38' title="bbox 2093 935 3664 1013">
    <p class='ocr_par' dir='ltr' id='par_1_38' title="bbox 2093 935 3664 1013">
     <span class='ocr_line' id='line_1_38' title="bbox 2093 935 3664 1013; baseline -0.006 -16"><span class='ocrx_word' id='word_1_281' title='bbox 2093 943 2186 998; x_wconf 78' lang='grc' dir='ltr'><strong>καὶ</strong></span> <span class='ocrx_word' id='word_1_282' title='bbox 2213 944 2247 1013; x_wconf 87' lang='grc' dir='ltr'><strong>ἡ</strong></span> <span class='ocrx_word' id='word_1_283' title='bbox 2273 942 2384 996; x_wconf 81' lang='grc' dir='ltr'>ἄνω</span> <span class='ocrx_word' id='word_1_284' title='bbox 2419 941 2661 1012; x_wconf 84' lang='grc' dir='ltr'>βασιλεία</span> <span class='ocrx_word' id='word_1_285' title='bbox 2690 940 2976 1006; x_wconf 76' lang='grc' dir='ltr'><strong>σπουδάζει</strong></span> <span class='ocrx_word' id='word_1_286' title='bbox 3007 937 3246 999; x_wconf 77' lang='grc' dir='ltr'>καλοῦσα</span> <span class='ocrx_word' id='word_1_287' title='bbox 3275 938 3400 1002; x_wconf 76' lang='grc' dir='ltr'>τοὺς</span> <span class='ocrx_word' id='word_1_288' title='bbox 3425 935 3664 1008; x_wconf 73' lang='grc' dir='ltr'>οὐρανό-</span> 
     </span>
    </p>
   </div>
   <div class='ocr_carea' id='block_1_39' title="bbox 2093 1029 3666 1106">
    <p class='ocr_par' dir='ltr' id='par_1_39' title="bbox 2093 1029 3666 1106">
     <span class='ocr_line' id='line_1_39' title="bbox 2093 1029 3666 1106; baseline -0.017 -4"><span class='ocrx_word' id='word_1_289' title='bbox 2093 1051 2314 1106; x_wconf 76' lang='grc' dir='ltr'>φρονας,</span> <span class='ocrx_word' id='word_1_290' title='bbox 2365 1032 2594 1102; x_wconf 83' lang='grc' dir='ltr'>συνάψαι</span> <span class='ocrx_word' id='word_1_291' title='bbox 2622 1035 2688 1105; x_wconf 83' lang='grc' dir='ltr'>τῇ</span> <span class='ocrx_word' id='word_1_292' title='bbox 2721 1032 2840 1104; x_wconf 80' lang='grc' dir='ltr'>οείᾳ</span> <span class='ocrx_word' id='word_1_293' title='bbox 2867 1031 3172 1104; x_wconf 67' lang='grc' dir='ltr'><strong>λειτουργίᾳ</strong></span> <span class='ocrx_word' id='word_1_294' title='bbox 3212 1029 3320 1082; x_wconf 86' lang='grc' dir='ltr'><strong>τῶν</strong></span> 
     </span>
    </p>
   </div>
   <div class='ocr_carea' id='block_1_40' title="bbox 2096 1119 3664 1194">
    <p class='ocr_par' dir='ltr' id='par_1_40' title="bbox 2096 1119 3664 1194">
     <span class='ocr_line' id='line_1_40' title="bbox 2096 1119 3664 1194; baseline -0.003 -19"><span class='ocrx_word' id='word_1_295' title='bbox 2096 1124 2292 1194; x_wconf 82' lang='grc' dir='ltr'>χορῶν.</span> <span class='ocrx_word' id='word_1_296' title='bbox 2339 1123 2586 1194; x_wconf 82' lang='grc' dir='ltr'><strong>Σήμερον</strong></span> <span class='ocrx_word' id='word_1_297' title='bbox 2629 1121 2690 1175; x_wconf 82' lang='grc' dir='ltr'><strong>τὸ</strong></span> <span class='ocrx_word' id='word_1_298' title='bbox 2725 1121 2818 1175; x_wconf 82' lang='grc' dir='ltr'>τοῦ</span> <span class='ocrx_word' id='word_1_299' title='bbox 2849 1121 3012 1176; x_wconf 75' lang='grc' dir='ltr'>Δαῆὶδ</span> <span class='ocrx_word' id='word_1_300' title='bbox 3055 1120 3406 1191; x_wconf 80' lang='grc' dir='ltr'><strong>πεπλήρωται</strong></span> <span class='ocrx_word' id='word_1_301' title='bbox 3451 1119 3664 1187; x_wconf 81' lang='grc' dir='ltr'>λόγιον,</span> 
     </span>
    </p>
   </div>
   <div class='ocr_carea' id='block_1_41' title="bbox 2093 1210 3666 1283">
    <p class='ocr_par' dir='ltr' id='par_1_41' title="bbox 2093 1210 3666 1283">
     <span class='ocr_line' id='line_1_41' title="bbox 2093 1210 3666 1283; baseline -0.003 -15"><span class='ocrx_word' id='word_1_302' title='bbox 2093 1215 2154 1268; x_wconf 86' lang='grc' dir='ltr'>τὸ</span> <span class='ocrx_word' id='word_1_303' title='bbox 2186 1214 2341 1282; x_wconf 86' lang='grc' dir='ltr'>λέγον</span> <span class='ocrx_word' id='word_1_304' title='bbox 2359 1233 2373 1246; x_wconf 93' lang='grc'><strong>·</strong></span> <span class='ocrx_word' id='word_1_305' title='bbox 2405 1213 2948 1283; x_wconf 63' lang='grc' dir='ltr'>Ε-ῠφραινέσθωσιιν</span> <span class='ocrx_word' id='word_1_306' title='bbox 2979 1215 3030 1266; x_wconf 79' lang='lat' dir='ltr'><strong>oi</strong></span> <span class='ocrx_word' id='word_1_307' title='bbox 3058 1211 3322 1280; x_wconf 77' lang='grc' dir='ltr'>οὐρανοὶ,</span> <span class='ocrx_word' id='word_1_308' title='bbox 3351 1210 3452 1263; x_wconf 77' lang='grc' dir='ltr'><strong>καὶ</strong></span> <span class='ocrx_word' id='word_1_309' title='bbox 3475 1211 3666 1279; x_wconf 66' lang='grc' dir='ltr'>ἀγαι-</span> 
     </span>
    </p>
   </div>
   <div class='ocr_carea' id='block_1_42' title="bbox 2095 1302 3666 1376">
    <p class='ocr_par' dir='ltr' id='par_1_42' title="bbox 2095 1302 3666 1376">
     <span class='ocr_line' id='line_1_42' title="bbox 2095 1302 3666 1376; baseline -0.003 -16"><span class='ocrx_word' id='word_1_310' title='bbox 2095 1305 2322 1362; x_wconf 77' lang='grc' dir='ltr'>λιάσθω</span> <span class='ocrx_word' id='word_1_311' title='bbox 2372 1308 2410 1374; x_wconf 71' lang='grc' dir='ltr'><strong>ἢ</strong></span> <span class='ocrx_word' id='word_1_312' title='bbox 2459 1305 2556 1376; x_wconf 76' lang='grc' dir='ltr'>γῆ.</span> <span class='ocrx_word' id='word_1_313' title='bbox 2607 1305 2978 1374; x_wconf 79' lang='grc' dir='ltr'>Χαρήσονται</span> <span class='ocrx_word' id='word_1_314' title='bbox 3032 1304 3143 1376; x_wconf 73' lang='lat' dir='ltr'><strong>[5a.</strong></span> <span class='ocrx_word' id='word_1_315' title='bbox 3181 1302 3533 1374; x_wconf 74' lang='grc' dir='ltr'><strong>χαρήσεται]</strong></span> <span class='ocrx_word' id='word_1_316' title='bbox 3589 1303 3666 1356; x_wconf 80' lang='grc' dir='ltr'><em>τὰ</em></span> 
     </span>
    </p>
   </div>
   <div class='ocr_carea' id='block_1_43' title="bbox 2097 1391 3662 1474">
    <p class='ocr_par' dir='ltr' id='par_1_43' title="bbox 2097 1391 3662 1474">
     <span class='ocr_line' id='line_1_43' title="bbox 2097 1391 3662 1474; baseline -0.001 -28"><span class='ocrx_word' id='word_1_317' title='bbox 2097 1395 2290 1460; x_wconf 79' lang='grc' dir='ltr'>πεδία,</span> <span class='ocrx_word' id='word_1_318' title='bbox 2337 1395 2432 1450; x_wconf 80' lang='grc' dir='ltr'><strong>καὶ</strong></span> <span class='ocrx_word' id='word_1_319' title='bbox 2472 1395 2668 1448; x_wconf 81' lang='grc' dir='ltr'>πάντα</span> <span class='ocrx_word' id='word_1_320' title='bbox 2707 1395 2778 1448; x_wconf 86' lang='grc' dir='ltr'><strong>τὰ</strong></span> <span class='ocrx_word' id='word_1_321' title='bbox 2805 1394 2960 1474; x_wconf 52' lang='lat' dir='ltr'><strong>gena</strong></span> <span class='ocrx_word' id='word_1_322' title='bbox 3001 1393 3106 1447; x_wconf 86' lang='grc' dir='ltr'>τοῦ</span> <span class='ocrx_word' id='word_1_323' title='bbox 3129 1393 3356 1463; x_wconf 77' lang='grc' dir='ltr'>δρυμοῦ</span> <span class='ocrx_word' id='word_1_324' title='bbox 3393 1393 3516 1458; x_wconf 74' lang='grc' dir='ltr'><strong>ἀπὸ</strong></span> <span class='ocrx_word' id='word_1_325' title='bbox 3547 1391 3662 1463; x_wconf 74' lang='grc' dir='ltr'><strong>[ἄλ.</strong></span> 
     </span>
    </p>
   </div>
   <div class='ocr_carea' id='block_1_44' title="bbox 2101 1487 3668 1560">
    <p class='ocr_par' dir='ltr' id='par_1_44' title="bbox 2101 1487 3668 1560">
     <span class='ocr_line' id='line_1_44' title="bbox 2101 1487 3668 1560; baseline -0.003 -16"><span class='ocrx_word' id='word_1_326' title='bbox 2101 1487 2240 1560; x_wconf 80' lang='grc' dir='ltr'>πρὸ]</span> <span class='ocrx_word' id='word_1_327' title='bbox 2275 1487 2596 1556; x_wconf 80' lang='grc' dir='ltr'><strong>προσώπου</strong></span> <span class='ocrx_word' id='word_1_328' title='bbox 2645 1488 2749 1541; x_wconf 85' lang='grc' dir='ltr'><strong>τοῦ</strong></span> <span class='ocrx_word' id='word_1_329' title='bbox 2783 1489 3033 1556; x_wconf 84' lang='grc' dir='ltr'>Κυρίου,</span> <span class='ocrx_word' id='word_1_330' title='bbox 3068 1487 3155 1540; x_wconf 87' lang='grc' dir='ltr'><strong>ὅτι</strong></span> <span class='ocrx_word' id='word_1_331' title='bbox 3195 1487 3451 1556; x_wconf 78' lang='grc' dir='ltr'>ἔρχεται.</span> <span class='ocrx_word' id='word_1_332' title='bbox 3491 1489 3608 1540; x_wconf 74' lang='grc' dir='ltr'>Καὶ</span> <span class='ocrx_word' id='word_1_333' title='bbox 3637 1489 3668 1540; x_wconf 86' lang='lat'><strong>6</strong></span> 
     </span>
    </p>
   </div>
   <div class='ocr_carea' id='block_1_45' title="bbox 2103 1579 3664 1652">
    <p class='ocr_par' dir='ltr' id='par_1_45' title="bbox 2103 1579 3664 1652">
     <span class='ocr_line' id='line_1_45' title="bbox 2103 1579 3664 1652; baseline 0.001 -21"><span class='ocrx_word' id='word_1_334' title='bbox 2103 1579 2200 1649; x_wconf 84' lang='grc' dir='ltr'><strong>μὲν</strong></span> <span class='ocrx_word' id='word_1_335' title='bbox 2236 1580 2398 1632; x_wconf 78' lang='grc' dir='ltr'><strong>Δαὸὶδ</strong></span> <span class='ocrx_word' id='word_1_336' title='bbox 2434 1580 2564 1647; x_wconf 77' lang='grc' dir='ltr'>ξύλα</span> <span class='ocrx_word' id='word_1_337' title='bbox 2597 1579 2800 1649; x_wconf 75' lang='grc' dir='ltr'>ἔλεγεν,</span> <span class='ocrx_word' id='word_1_338' title='bbox 2833 1582 2861 1633; x_wconf 90' lang='lat'><strong>6</strong></span> <span class='ocrx_word' id='word_1_339' title='bbox 2891 1579 2946 1632; x_wconf 82' lang='grc' dir='ltr'><strong>δὲ</strong></span> <span class='ocrx_word' id='word_1_340' title='bbox 2975 1579 3067 1632; x_wconf 82' lang='grc' dir='ltr'>τοῦ</span> <span class='ocrx_word' id='word_1_341' title='bbox 3097 1581 3298 1652; x_wconf 80' lang='grc' dir='ltr'>Κυρίου</span> <span class='ocrx_word' id='word_1_342' title='bbox 3331 1581 3664 1650; x_wconf 47' lang='grc' dir='ltr'>πώρομος,</span> 
     </span>
    </p>
   </div>
   <div class='ocr_carea' id='block_1_46' title="bbox 2101 1669 3664 1743">
    <p class='ocr_par' dir='ltr' id='par_1_46' title="bbox 2101 1669 3664 1743">
     <span class='ocr_line' id='line_1_46' title="bbox 2101 1669 3664 1743; baseline -0.003 -15"><span class='ocrx_word' id='word_1_343' title='bbox 2101 1669 2292 1743; x_wconf 78' lang='grc' dir='ltr'>δένδρα</span> <span class='ocrx_word' id='word_1_344' title='bbox 2336 1673 2620 1726; x_wconf 79' lang='grc' dir='ltr'>ποιοῦντα</span> <span class='ocrx_word' id='word_1_345' title='bbox 2656 1673 2920 1740; x_wconf 71' lang='grc' dir='ltr'>καρποὺς</span> <span class='ocrx_word' id='word_1_346' title='bbox 2947 1673 3158 1738; x_wconf 80' lang='grc' dir='ltr'><strong>ἀξίους</strong></span> <span class='ocrx_word' id='word_1_347' title='bbox 3191 1672 3300 1740; x_wconf 79' lang='grc' dir='ltr'>τῆς</span> <span class='ocrx_word' id='word_1_348' title='bbox 3319 1674 3664 1742; x_wconf 72' lang='grc' dir='ltr'><em>μετανοίας,</em></span> 
     </span>
    </p>
   </div>
   <div class='ocr_carea' id='block_1_47' title="bbox 2107 1761 3668 1836">
    <p class='ocr_par' dir='ltr' id='par_1_47' title="bbox 2107 1761 3668 1836">
     <span class='ocr_line' id='line_1_47' title="bbox 2107 1761 3668 1836; baseline 0 -20"><span class='ocrx_word' id='word_1_349' title='bbox 2107 1763 2302 1833; x_wconf 84' lang='grc' dir='ltr'>μᾶλλον</span> <span class='ocrx_word' id='word_1_350' title='bbox 2330 1764 2386 1816; x_wconf 85' lang='grc' dir='ltr'>δὲ</span> <span class='ocrx_word' id='word_1_351' title='bbox 2407 1762 2509 1833; x_wconf 80' lang='grc' dir='ltr'>τῆς</span> <span class='ocrx_word' id='word_1_352' title='bbox 2529 1763 2620 1816; x_wconf 79' lang='grc' dir='ltr'>τοῦ</span> <span class='ocrx_word' id='word_1_353' title='bbox 2650 1761 2848 1834; x_wconf 81' lang='grc' dir='ltr'>Κυρίου</span> <span class='ocrx_word' id='word_1_354' title='bbox 2883 1763 3179 1836; x_wconf 80' lang='grc' dir='ltr'>παρουσίας</span> <span class='ocrx_word' id='word_1_355' title='bbox 3205 1761 3476 1816; x_wconf 75' lang='grc' dir='ltr'>ἐκάλεσεν.</span> <span class='ocrx_word' id='word_1_356' title='bbox 3525 1761 3586 1816; x_wconf 83' lang='grc' dir='ltr'>ὀ</span> <span class='ocrx_word' id='word_1_357' title='bbox 3610 1763 3668 1820; x_wconf 77' lang='grc' dir='ltr'>δὲ</span> 
     </span>
    </p>
   </div>
   <div class='ocr_carea' id='block_1_48' title="bbox 2103 1854 3668 1930">
    <p class='ocr_par' dir='ltr' id='par_1_48' title="bbox 2103 1854 3668 1930">
     <span class='ocr_line' id='line_1_48' title="bbox 2103 1854 3668 1930; baseline -0.002 -23"><span class='ocrx_word' id='word_1_358' title='bbox 2103 1855 2304 1930; x_wconf 86' lang='grc' dir='ltr'>Κύριος</span> <span class='ocrx_word' id='word_1_359' title='bbox 2332 1855 2486 1926; x_wconf 76' lang='grc' dir='ltr'>ἡμῶν</span> <span class='ocrx_word' id='word_1_360' title='bbox 2522 1855 2724 1927; x_wconf 78' lang='grc' dir='ltr'>Ἰησοῦς</span> <span class='ocrx_word' id='word_1_361' title='bbox 2752 1856 2982 1928; x_wconf 81' lang='grc' dir='ltr'>Χριστὸς</span> <span class='ocrx_word' id='word_1_362' title='bbox 3003 1854 3098 1926; x_wconf 79' lang='grc' dir='ltr'>τὴν</span> <span class='ocrx_word' id='word_1_363' title='bbox 3124 1855 3298 1926; x_wconf 74' lang='grc' dir='ltr'>χαρὰν</span> <span class='ocrx_word' id='word_1_364' title='bbox 3323 1854 3418 1926; x_wconf 76' lang='grc' dir='ltr'>τὴν</span> <span class='ocrx_word' id='word_1_365' title='bbox 3439 1854 3668 1909; x_wconf 78' lang='grc' dir='ltr'>ἀένναον</span> 
     </span>
    </p>
   </div>
   <div class='ocr_carea' id='block_1_49' title="bbox 2101 1945 3670 2018">
    <p class='ocr_par' dir='ltr' id='par_1_49' title="bbox 2101 1945 3670 2018">
     <span class='ocr_line' id='line_1_49' title="bbox 2101 1945 3670 2018; baseline -0.003 -18"><span class='ocrx_word' id='word_1_366' title='bbox 2101 1949 2232 2002; x_wconf 77' lang='grc' dir='ltr'>πᾶσι</span> <span class='ocrx_word' id='word_1_367' title='bbox 2263 1949 2372 2010; x_wconf 85' lang='grc' dir='ltr'>τοῖς</span> <span class='ocrx_word' id='word_1_368' title='bbox 2404 1950 2482 2010; x_wconf 85' lang='grc' dir='ltr'>εἰς</span> <span class='ocrx_word' id='word_1_369' title='bbox 2525 1947 2686 2000; x_wconf 75' lang='grc' dir='ltr'>αὐτὸν</span> <span class='ocrx_word' id='word_1_370' title='bbox 2723 1947 3068 2000; x_wconf 75' lang='grc' dir='ltr'>πιστεύουσιν</span> <span class='ocrx_word' id='word_1_371' title='bbox 3115 1946 3496 2018; x_wconf 76' lang='grc' dir='ltr'>ἐπηγγείλατο.</span> <span class='ocrx_word' id='word_1_372' title='bbox 3529 1945 3670 2016; x_wconf 74' lang='grc' dir='ltr'>Φησὶ</span> 
     </span>
    </p>
   </div>
   <div class='ocr_carea' id='block_1_50' title="bbox 2103 2037 3672 2113">
    <p class='ocr_par' dir='ltr' id='par_1_50' title="bbox 2103 2037 3672 2113">
     <span class='ocr_line' id='line_1_50' title="bbox 2103 2037 3672 2113; baseline -0.003 -21"><span class='ocrx_word' id='word_1_373' title='bbox 2103 2039 2210 2110; x_wconf 75' lang='grc' dir='ltr'><strong>γὰρ</strong></span> <span class='ocrx_word' id='word_1_374' title='bbox 2230 2056 2243 2069; x_wconf 90' lang='grc'><strong>·</strong></span> <span class='ocrx_word' id='word_1_375' title='bbox 2297 2041 2554 2108; x_wconf 75' lang='grc' dir='ltr'>Ὂψομίιι</span> <span class='ocrx_word' id='word_1_376' title='bbox 2597 2037 2786 2113; x_wconf 79' lang='grc' dir='ltr'>ὑμᾶς,</span> <span class='ocrx_word' id='word_1_377' title='bbox 2833 2039 2929 2092; x_wconf 81' lang='grc' dir='ltr'><strong>καὶ</strong></span> <span class='ocrx_word' id='word_1_378' title='bbox 2989 2037 3353 2108; x_wconf 78' lang='grc' dir='ltr'>χαρήσεσθε·</span> <span class='ocrx_word' id='word_1_379' title='bbox 3407 2037 3508 2091; x_wconf 71' lang='grc' dir='ltr'><strong>καὶ</strong></span> <span class='ocrx_word' id='word_1_380' title='bbox 3551 2037 3672 2104; x_wconf 73' lang='grc' dir='ltr'><strong>τὴν</strong></span> 
     </span>
    </p>
   </div>
   <div class='ocr_carea' id='block_1_51' title="bbox 2101 2129 3670 2201">
    <p class='ocr_par' dir='ltr' id='par_1_51' title="bbox 2101 2129 3670 2201">
     <span class='ocr_line' id='line_1_51' title="bbox 2101 2129 3670 2201; baseline -0.003 -15"><span class='ocrx_word' id='word_1_381' title='bbox 2101 2132 2290 2201; x_wconf 81' lang='grc' dir='ltr'><em>χαρὰν</em></span> <span class='ocrx_word' id='word_1_382' title='bbox 2331 2131 2494 2200; x_wconf 85' lang='grc' dir='ltr'>ὑμῶν</span> <span class='ocrx_word' id='word_1_383' title='bbox 2529 2131 2727 2198; x_wconf 76' lang='grc' dir='ltr'>οὐδεὶς</span> <span class='ocrx_word' id='word_1_384' title='bbox 2768 2132 2917 2200; x_wconf 71' lang='lat' dir='ltr'><strong>alpes</strong></span> <span class='ocrx_word' id='word_1_385' title='bbox 2961 2131 3060 2200; x_wconf 67' lang='grc' dir='ltr'><strong>ἀφ’</strong></span> <span class='ocrx_word' id='word_1_386' title='bbox 3091 2129 3273 2201; x_wconf 80' lang='grc' dir='ltr'>ὑμῶν.</span> <span class='ocrx_word' id='word_1_387' title='bbox 3327 2131 3576 2201; x_wconf 77' lang='grc' dir='ltr'><strong>Σήμερον</strong></span> <span class='ocrx_word' id='word_1_388' title='bbox 3611 2131 3670 2183; x_wconf 67' lang='grc' dir='ltr'><strong>τὸ</strong></span> 
     </span>
    </p>
   </div>
   <div class='ocr_carea' id='block_1_52' title="bbox 2104 2221 3672 2296">
    <p class='ocr_par' dir='ltr' id='par_1_52' title="bbox 2104 2221 3672 2296">
     <span class='ocr_line' id='line_1_52' title="bbox 2104 2221 3672 2296; baseline -0.003 -18"><span class='ocrx_word' id='word_1_389' title='bbox 2104 2225 2448 2296; x_wconf 74' lang='grc' dir='ltr'>περιϐόητον,</span> <span class='ocrx_word' id='word_1_390' title='bbox 2475 2225 2568 2278; x_wconf 76' lang='grc' dir='ltr'><strong>καὶ</strong></span> <span class='ocrx_word' id='word_1_391' title='bbox 2605 2224 2877 2292; x_wconf 73' lang='grc' dir='ltr'>ἄφραστον</span> <span class='ocrx_word' id='word_1_392' title='bbox 2909 2225 3196 2295; x_wconf 79' lang='grc' dir='ltr'>μυστήριον</span> <span class='ocrx_word' id='word_1_393' title='bbox 3219 2221 3323 2276; x_wconf 89' lang='grc' dir='ltr'><strong>τῶν</strong></span> <span class='ocrx_word' id='word_1_394' title='bbox 3343 2222 3442 2292; x_wconf 79' lang='grc' dir='ltr'>τὴν</span> <span class='ocrx_word' id='word_1_395' title='bbox 3469 2221 3672 2274; x_wconf 78' lang='grc' dir='ltr'>ἐλπὲδα</span> 
     </span>
    </p>
   </div>
   <div class='ocr_carea' id='block_1_53' title="bbox 2102 2313 3672 2390">
    <p class='ocr_par' dir='ltr' id='par_1_53' title="bbox 2102 2313 3672 2390">
     <span class='ocr_line' id='line_1_53' title="bbox 2102 2313 3672 2390; baseline -0.003 -21"><span class='ocrx_word' id='word_1_396' title='bbox 2102 2319 2182 2382; x_wconf 85' lang='grc' dir='ltr'><strong>εἰς</strong></span> <span class='ocrx_word' id='word_1_397' title='bbox 2207 2317 2437 2390; x_wconf 81' lang='grc' dir='ltr'>Χριστὸν</span> <span class='ocrx_word' id='word_1_398' title='bbox 2481 2317 2740 2380; x_wconf 81' lang='grc' dir='ltr'>ἑκουσίως</span> <span class='ocrx_word' id='word_1_399' title='bbox 2777 2315 2898 2387; x_wconf 68' lang='grc' dir='ltr'><strong>[ἄλ.</strong></span> <span class='ocrx_word' id='word_1_400' title='bbox 2920 2314 3110 2386; x_wconf 61' lang='grc' dir='ltr'>ὁσίως]</span> <span class='ocrx_word' id='word_1_401' title='bbox 3147 2313 3672 2384; x_wconf 72' lang='grc' dir='ltr'>ὲπεσφραγισμένων</span> 
     </span>
    </p>
   </div>
   <div class='ocr_carea' id='block_1_54' title="bbox 2102 2404 3672 2478">
    <p class='ocr_par' dir='ltr' id='par_1_54' title="bbox 2102 2404 3672 2478">
     <span class='ocr_line' id='line_1_54' title="bbox 2102 2404 3672 2478; baseline -0.003 -18"><span class='ocrx_word' id='word_1_402' title='bbox 2102 2407 2440 2478; x_wconf 76' lang='grc' dir='ltr'>Χριστιανῶν</span> <span class='ocrx_word' id='word_1_403' title='bbox 2485 2406 2740 2476; x_wconf 75' lang='grc' dir='ltr'>ἐμφανῶς</span> <span class='ocrx_word' id='word_1_404' title='bbox 2769 2407 2897 2478; x_wconf 79' lang='grc' dir='ltr'>ἡμῖν</span> <span class='ocrx_word' id='word_1_405' title='bbox 2926 2404 3368 2473; x_wconf 78' lang='grc' dir='ltr'>καταγγέλλεται.</span> <span class='ocrx_word' id='word_1_406' title='bbox 3415 2405 3672 2475; x_wconf 78' lang='grc' dir='ltr'>Σήμερον</span> 
     </span>
    </p>
   </div>
   <div class='ocr_carea' id='block_1_55' title="bbox 2102 2496 3670 2572">
    <p class='ocr_par' dir='ltr' id='par_1_55' title="bbox 2102 2496 3670 2572">
     <span class='ocr_line' id='line_1_55' title="bbox 2102 2496 3670 2572; baseline -0.003 -20"><span class='ocrx_word' id='word_1_407' title='bbox 2102 2501 2370 2572; x_wconf 74' lang='grc' dir='ltr'>Γαϐριὴλ,</span> <span class='ocrx_word' id='word_1_408' title='bbox 2421 2501 2450 2552; x_wconf 87' lang='grc' dir='ltr'>ὁ</span> <span class='ocrx_word' id='word_1_409' title='bbox 2493 2498 2570 2570; x_wconf 80' lang='grc' dir='ltr'>τῷ</span> <span class='ocrx_word' id='word_1_410' title='bbox 2598 2498 2716 2569; x_wconf 85' lang='grc' dir='ltr'><strong>Θεῷ</strong></span> <span class='ocrx_word' id='word_1_411' title='bbox 2757 2499 3175 2572; x_wconf 79' lang='grc' dir='ltr'>παριστάμενος,</span> <span class='ocrx_word' id='word_1_412' title='bbox 3223 2497 3357 2568; x_wconf 83' lang='grc' dir='ltr'>πρὸς</span> <span class='ocrx_word' id='word_1_413' title='bbox 3389 2496 3484 2567; x_wconf 76' lang='grc' dir='ltr'>τὴν</span> <span class='ocrx_word' id='word_1_414' title='bbox 3513 2497 3670 2568; x_wconf 80' lang='grc' dir='ltr'>Παρ-</span> 
     </span>
    </p>
   </div>
   <div class='ocr_carea' id='block_1_56' title="bbox 2083 2585 3670 2663">
    <p class='ocr_par' dir='ltr' id='par_1_56' title="bbox 2083 2585 3670 2663">
     <span class='ocr_line' id='line_1_56' title="bbox 2083 2585 3670 2663; baseline -0.003 -18"><span class='ocrx_word' id='word_1_415' title='bbox 2083 2592 2252 2660; x_wconf 29' lang='grc' dir='ltr'>,θένον</span> <span class='ocrx_word' id='word_1_416' title='bbox 2283 2592 2448 2663; x_wconf 82' lang='grc' dir='ltr'>ἁγνὴν</span> <span class='ocrx_word' id='word_1_417' title='bbox 2481 2591 2858 2662; x_wconf 81' lang='grc' dir='ltr'>παραγίνεται,</span> <span class='ocrx_word' id='word_1_418' title='bbox 2889 2589 2968 2653; x_wconf 80' lang='grc' dir='ltr'><strong>τὸ,</strong></span> <span class='ocrx_word' id='word_1_419' title='bbox 2994 2588 3166 2656; x_wconf 84' lang='grc' dir='ltr'>Χαῖρε</span> <span class='ocrx_word' id='word_1_420' title='bbox 3207 2585 3670 2656; x_wconf 80' lang='grc' dir='ltr'><strong>κεχαριτωμένη,</strong></span> 
     </span>
    </p>
   </div>
   <div class='ocr_carea' id='block_1_57' title="bbox 2103 2675 3674 2754">
    <p class='ocr_par' dir='ltr' id='par_1_57' title="bbox 2103 2675 3674 2754">
     <span class='ocr_line' id='line_1_57' title="bbox 2103 2675 3674 2754; baseline -0.008 -17"><span class='ocrx_word' id='word_1_421' title='bbox 2103 2685 2238 2754; x_wconf 76' lang='grc' dir='ltr'>αὐτῇ</span> <span class='ocrx_word' id='word_1_422' title='bbox 2288 2681 2780 2751; x_wconf 80' lang='grc' dir='ltr'>εὐαγγελιζόμενος.</span> <span class='ocrx_word' id='word_1_423' title='bbox 2825 2679 2889 2732; x_wconf 87' lang='grc' dir='ltr'>Ἣ</span> <span class='ocrx_word' id='word_1_424' title='bbox 2909 2679 2964 2732; x_wconf 82' lang='grc' dir='ltr'>δὲ</span> <span class='ocrx_word' id='word_1_425' title='bbox 3019 2676 3371 2746; x_wconf 78' lang='grc' dir='ltr'>διελογίζετο,</span> <span class='ocrx_word' id='word_1_426' title='bbox 3423 2675 3674 2736; x_wconf 74' lang='grc' dir='ltr'>ποταπὸς</span> 
     </span>
    </p>
   </div>
   <div class='ocr_carea' id='block_1_58' title="bbox 2104 2767 3672 2846">
    <p class='ocr_par' dir='ltr' id='par_1_58' title="bbox 2104 2767 3672 2846">
     <span class='ocr_line' id='line_1_58' title="bbox 2104 2767 3672 2846; baseline -0.008 -17"><span class='ocrx_word' id='word_1_427' title='bbox 2104 2777 2188 2846; x_wconf 80' lang='grc' dir='ltr'><strong>εἴη</strong></span> <span class='ocrx_word' id='word_1_428' title='bbox 2214 2779 2240 2828; x_wconf 91' lang='lat'><strong>6</strong></span> <span class='ocrx_word' id='word_1_429' title='bbox 2265 2775 2548 2844; x_wconf 78' lang='grc' dir='ltr'>ἀσπασμὸς</span> <span class='ocrx_word' id='word_1_430' title='bbox 2573 2768 2749 2835; x_wconf 70' lang='grc' dir='ltr'>οὗτος·</span> <span class='ocrx_word' id='word_1_431' title='bbox 2783 2772 2810 2824; x_wconf 92' lang='lat'><strong>6</strong></span> <span class='ocrx_word' id='word_1_432' title='bbox 2833 2771 2888 2824; x_wconf 73' lang='grc' dir='ltr'><strong>δὲ</strong></span> <span class='ocrx_word' id='word_1_433' title='bbox 2917 2770 3142 2840; x_wconf 82' lang='grc' dir='ltr'>ἄγγελος</span> <span class='ocrx_word' id='word_1_434' title='bbox 3165 2768 3356 2830; x_wconf 77' lang='grc' dir='ltr'>εὐθέως</span> <span class='ocrx_word' id='word_1_435' title='bbox 3383 2767 3672 2837; x_wconf 75' lang='grc' dir='ltr'>ὑπήγαγεν</span> 
     </span>
    </p>
   </div>
   <div class='ocr_carea' id='block_1_59' title="bbox 2103 2861 3669 2937">
    <p class='ocr_par' dir='ltr' id='par_1_59' title="bbox 2103 2861 3669 2937">
     <span class='ocr_line' id='line_1_59' title="bbox 2103 2861 3669 2937; baseline -0.005 -17"><span class='ocrx_word' id='word_1_436' title='bbox 2103 2868 2304 2937; x_wconf 72' lang='grc' dir='ltr'>λέγων’</span> <span class='ocrx_word' id='word_1_437' title='bbox 2347 2869 2398 2920; x_wconf 91' lang='grc' dir='ltr'><strong><em>Ὁ</em></strong></span> <span class='ocrx_word' id='word_1_438' title='bbox 2430 2869 2640 2934; x_wconf 83' lang='grc' dir='ltr'>Κύριος</span> <span class='ocrx_word' id='word_1_439' title='bbox 2667 2867 2818 2936; x_wconf 85' lang='grc' dir='ltr'><strong>μετά</strong></span> <span class='ocrx_word' id='word_1_440' title='bbox 2859 2864 2994 2929; x_wconf 83' lang='grc' dir='ltr'>σοῦ,</span> <span class='ocrx_word' id='word_1_441' title='bbox 3035 2864 3118 2932; x_wconf 79' lang='grc' dir='ltr'>μὴ</span> <span class='ocrx_word' id='word_1_442' title='bbox 3153 2861 3355 2932; x_wconf 63' lang='grc' dir='ltr'>φοϐοῦ,</span> <span class='ocrx_word' id='word_1_443' title='bbox 3397 2861 3669 2928; x_wconf 55' lang='grc' dir='ltr'>Μαριάμ·</span> 
     </span>
    </p>
   </div>
   <div class='ocr_carea' id='block_1_60' title="bbox 2103 2951 3674 3028">
    <p class='ocr_par' dir='ltr' id='par_1_60' title="bbox 2103 2951 3674 3028">
     <span class='ocr_line' id='line_1_60' title="bbox 2103 2951 3674 3028; baseline -0.006 -16"><span class='ocrx_word' id='word_1_444' title='bbox 2103 2955 2276 3028; x_wconf 81' lang='grc' dir='ltr'>εὗρες</span> <span class='ocrx_word' id='word_1_445' title='bbox 2321 2957 2430 3027; x_wconf 75' lang='grc' dir='ltr'>γὰρ</span> <span class='ocrx_word' id='word_1_446' title='bbox 2463 2957 2636 3026; x_wconf 78' lang='grc' dir='ltr'>χάριν</span> <span class='ocrx_word' id='word_1_447' title='bbox 2685 2957 2841 3025; x_wconf 79' lang='grc' dir='ltr'>παρὰ</span> <span class='ocrx_word' id='word_1_448' title='bbox 2881 2955 2962 3021; x_wconf 79' lang='grc' dir='ltr'>τῷ</span> <span class='ocrx_word' id='word_1_449' title='bbox 3003 2955 3161 3021; x_wconf 84' lang='grc' dir='ltr'><strong>Θεῷ·</strong></span> <span class='ocrx_word' id='word_1_450' title='bbox 3201 2953 3290 3007; x_wconf 84' lang='grc' dir='ltr'>διὸ</span> <span class='ocrx_word' id='word_1_451' title='bbox 3348 2951 3458 3023; x_wconf 66' lang='grc' dir='ltr'><strong>[ελ.</strong></span> <span class='ocrx_word' id='word_1_452' title='bbox 3511 2951 3674 3022; x_wconf 69' lang='grc' dir='ltr'><strong>ἔδοξ’]</strong></span> 
     </span>
    </p>
   </div>
   <div class='ocr_carea' id='block_1_61' title="bbox 2104 3041 3672 3121">
    <p class='ocr_par' dir='ltr' id='par_1_61' title="bbox 2104 3041 3672 3121">
     <span class='ocr_line' id='line_1_61' title="bbox 2104 3041 3672 3121; baseline -0.008 -16"><span class='ocrx_word' id='word_1_453' title='bbox 2104 3049 2476 3120; x_wconf 65' lang='grc' dir='ltr'><strong>συλλήψῃὲν</strong></span> <span class='ocrx_word' id='word_1_454' title='bbox 2498 3051 2729 3121; x_wconf 77' lang='grc' dir='ltr'>γαστρὶ,</span> <span class='ocrx_word' id='word_1_455' title='bbox 2752 3049 2849 3102; x_wconf 79' lang='grc' dir='ltr'><strong>καὶ</strong></span> <span class='ocrx_word' id='word_1_456' title='bbox 2874 3046 3016 3116; x_wconf 80' lang='grc' dir='ltr'><strong>τέξῃ</strong></span> <span class='ocrx_word' id='word_1_457' title='bbox 3035 3047 3192 3102; x_wconf 78' lang='grc' dir='ltr'>υἱόν·</span> <span class='ocrx_word' id='word_1_458' title='bbox 3219 3045 3315 3098; x_wconf 79' lang='grc' dir='ltr'><strong>καὶ</strong></span> <span class='ocrx_word' id='word_1_459' title='bbox 3333 3041 3672 3097; x_wconf 60' lang='lat' dir='ltr'><strong>ualeam-cs</strong></span> 
     </span>
    </p>
   </div>
   <div class='ocr_carea' id='block_1_62' title="bbox 409 3128 1998 3230">
    <p class='ocr_par' dir='ltr' id='par_1_62' title="bbox 409 3144 1998 3220">
     <span class='ocr_line' id='line_1_62' title="bbox 409 3144 1998 3220; baseline 0.008 -28"><span class='ocrx_word' id='word_1_460' title='bbox 409 3189 414 3192; x_wconf 92' lang='lat'><strong><em>_</em></strong></span> <span class='ocrx_word' id='word_1_461' title='bbox 439 3159 543 3196; x_wconf 87' lang='lat' dir='ltr'><strong>non</strong></span> <span class='ocrx_word' id='word_1_462' title='bbox 571 3144 670 3197; x_wconf 88' lang='lat' dir='ltr'><strong>erit</strong></span> <span class='ocrx_word' id='word_1_463' title='bbox 695 3145 841 3214; x_wconf 81' lang='lat' dir='ltr'><strong>ﬁnis.</strong></span> <span class='ocrx_word' id='word_1_464' title='bbox 872 3147 1026 3200; x_wconf 64' lang='lat' dir='ltr'><strong>Dixit</strong></span> <span class='ocrx_word' id='word_1_465' title='bbox 1057 3157 1234 3201; x_wconf 80' lang='lat' dir='ltr'><strong>autem</strong></span> <span class='ocrx_word' id='word_1_466' title='bbox 1259 3147 1436 3203; x_wconf 83' lang='lat' dir='ltr'><strong>Maria</strong></span> <span class='ocrx_word' id='word_1_467' title='bbox 1459 3151 1527 3202; x_wconf 87' lang='lat' dir='ltr'><strong>ad</strong></span> <span class='ocrx_word' id='word_1_468' title='bbox 1549 3149 1794 3220; x_wconf 84' lang='lat' dir='ltr'><strong>angelum</strong></span> <span class='ocrx_word' id='word_1_469' title='bbox 1815 3167 1834 3204; x_wconf 86' lang='lat'><strong><em>:</em></strong></span> <span class='ocrx_word' id='word_1_470' title='bbox 1859 3150 1998 3214; x_wconf 78' lang='lat' dir='ltr'><strong>Quo-</strong></span> 
     </span>
    </p>
   </div>
   <div class='ocr_carea' id='block_1_63' title="bbox 2099 3128 3672 3230">
    <p class='ocr_par' dir='ltr' id='par_1_63' title="bbox 2106 3128 3672 3212">
     <span class='ocr_line' id='line_1_63' title="bbox 2106 3128 3672 3212; baseline -0.009 -17"><span class='ocrx_word' id='word_1_471' title='bbox 2106 3140 2214 3212; x_wconf 77' lang='grc' dir='ltr'><strong>[ἇλ.</strong></span> <span class='ocrx_word' id='word_1_472' title='bbox 2252 3139 2554 3212; x_wconf 74' lang='grc' dir='ltr'>καλέσεις]</span> <span class='ocrx_word' id='word_1_473' title='bbox 2595 3139 2659 3193; x_wconf 82' lang='grc' dir='ltr'><strong>τὸ</strong></span> <span class='ocrx_word' id='word_1_474' title='bbox 2703 3139 2891 3208; x_wconf 81' lang='grc' dir='ltr'>ὄνομα</span> <span class='ocrx_word' id='word_1_475' title='bbox 2933 3136 3116 3190; x_wconf 81' lang='grc' dir='ltr'>αὐτοῦ</span> <span class='ocrx_word' id='word_1_476' title='bbox 3159 3133 3416 3202; x_wconf 72' lang='grc' dir='ltr'>Ἰησοῦν.</span> <span class='ocrx_word' id='word_1_477' title='bbox 3481 3128 3672 3194; x_wconf 68' lang='grc' dir='ltr'><strong>Οὖτίς</strong></span> 
     </span>
    </p>
   </div>
   <div class='ocr_carea' id='block_1_64' title="bbox 439 3224 1998 3312">
    <p class='ocr_par' dir='ltr' id='par_1_64' title="bbox 439 3237 1998 3312">
     <span class='ocr_line' id='line_1_64' title="bbox 439 3237 1998 3312; baseline 0.006 -26"><span class='ocrx_word' id='word_1_478' title='bbox 439 3237 596 3288; x_wconf 86' lang='lat' dir='ltr'><strong>modo</strong></span> <span class='ocrx_word' id='word_1_479' title='bbox 647 3238 789 3291; x_wconf 83' lang='lat' dir='ltr'><strong>istud</strong></span> <span class='ocrx_word' id='word_1_480' title='bbox 833 3240 924 3307; x_wconf 81' lang='lat' dir='ltr'><strong>ﬁet</strong></span> <span class='ocrx_word' id='word_1_481' title='bbox 973 3240 1143 3306; x_wconf 84' lang='lat' dir='ltr'><strong>mihi,</strong></span> <span class='ocrx_word' id='word_1_482' title='bbox 1185 3242 1434 3310; x_wconf 87' lang='lat' dir='ltr'><strong>quoniam</strong></span> <span class='ocrx_word' id='word_1_483' title='bbox 1481 3242 1649 3294; x_wconf 86' lang='lat' dir='ltr'><strong>virum</strong></span> <span class='ocrx_word' id='word_1_484' title='bbox 1686 3258 1789 3295; x_wconf 87' lang='lat' dir='ltr'><strong>non</strong></span> <span class='ocrx_word' id='word_1_485' title='bbox 1815 3258 1998 3312; x_wconf 73' lang='lat' dir='ltr'><strong>cogno-</strong></span> 
     </span>
    </p>
   </div>
   <div class='ocr_carea' id='block_1_65' title="bbox 2099 3224 3667 3312">
    <p class='ocr_par' dir='ltr' id='par_1_65' title="bbox 2102 3224 3667 3312">
     <span class='ocr_line' id='line_1_65' title="bbox 2102 3224 3667 3312; baseline -0.01 -22"><span class='ocrx_word' id='word_1_486' title='bbox 2102 3235 2272 3290; x_wconf 79' lang='grc' dir='ltr'>ἕσται</span> <span class='ocrx_word' id='word_1_487' title='bbox 2316 3235 2504 3306; x_wconf 75' lang='grc' dir='ltr'>μέγας</span> <span class='ocrx_word' id='word_1_488' title='bbox 2527 3275 2540 3298; x_wconf 93' lang='grc'><strong>,</strong></span> <span class='ocrx_word' id='word_1_489' title='bbox 2587 3232 2685 3286; x_wconf 76' lang='grc' dir='ltr'><strong>καὶ</strong></span> <span class='ocrx_word' id='word_1_490' title='bbox 2729 3230 2861 3296; x_wconf 80' lang='grc' dir='ltr'><strong>Υἱὸς</strong></span> <span class='ocrx_word' id='word_1_491' title='bbox 2911 3231 3203 3300; x_wconf 67' lang='grc' dir='ltr'>’Υψίστου</span> <span class='ocrx_word' id='word_1_492' title='bbox 3277 3224 3667 3312; x_wconf 65' lang='grc' dir='ltr'><strong>κληθήσεταιΪ</strong></span> 
     </span>
    </p>
   </div>
   <div class='ocr_carea' id='block_1_66' title="bbox 440 3326 2003 3402">
    <p class='ocr_par' dir='ltr' id='par_1_66' title="bbox 440 3326 2003 3402">
     <span class='ocr_line' id='line_1_66' title="bbox 440 3326 2003 3402; baseline 0.007 -25"><span class='ocrx_word' id='word_1_493' title='bbox 440 3340 528 3378; x_wconf 85' lang='lat' dir='ltr'><strong>sco</strong></span> <span class='ocrx_word' id='word_1_494' title='bbox 556 3326 643 3380; x_wconf 66' lang='lat'><strong>3“!</strong></span> <span class='ocrx_word' id='word_1_495' title='bbox 691 3329 936 3398; x_wconf 89' lang='lat' dir='ltr'><strong>nunquid</strong></span> <span class='ocrx_word' id='word_1_496' title='bbox 986 3329 1220 3399; x_wconf 86' lang='lat' dir='ltr'><strong>amplius</strong></span> <span class='ocrx_word' id='word_1_497' title='bbox 1269 3331 1420 3402; x_wconf 79' lang='lat' dir='ltr'><strong>virgo</strong></span> <span class='ocrx_word' id='word_1_498' title='bbox 1465 3333 1832 3402; x_wconf 88' lang='lat' dir='ltr'><strong>permanebo?</strong></span> <span class='ocrx_word' id='word_1_499' title='bbox 1861 3350 2003 3388; x_wconf 90' lang='lat' dir='ltr'><strong>nun-</strong></span> 
     </span>
    </p>
   </div>
   <div class='ocr_carea' id='block_1_67' title="bbox 439 3417 2004 3493">
    <p class='ocr_par' dir='ltr' id='par_1_67' title="bbox 439 3417 2004 3493">
     <span class='ocr_line' id='line_1_67' title="bbox 439 3417 2004 3493; baseline 0.006 -21"><span class='ocrx_word' id='word_1_500' title='bbox 439 3417 571 3486; x_wconf 86' lang='lat' dir='ltr'><strong>quid</strong></span> <span class='ocrx_word' id='word_1_501' title='bbox 602 3419 928 3488; x_wconf 69' lang='lat' dir='ltr'><strong>virginitatis</strong></span> <span class='ocrx_word' id='word_1_502' title='bbox 953 3421 1188 3492; x_wconf 86' lang='lat' dir='ltr'><strong>dignitas</strong></span> <span class='ocrx_word' id='word_1_503' title='bbox 1221 3423 1275 3476; x_wconf 90' lang='lat' dir='ltr'><strong>in</strong></span> <span class='ocrx_word' id='word_1_504' title='bbox 1305 3439 1390 3478; x_wconf 89' lang='lat' dir='ltr'><strong>me</strong></span> <span class='ocrx_word' id='word_1_505' title='bbox 1423 3423 1682 3493; x_wconf 88' lang='lat' dir='ltr'><strong>prodetur</strong></span> <span class='ocrx_word' id='word_1_506' title='bbox 1714 3433 1768 3479; x_wconf 92' lang='lat' dir='ltr'><strong>et</strong></span> <span class='ocrx_word' id='word_1_507' title='bbox 1796 3427 2004 3480; x_wconf 82' lang='lat' dir='ltr'><strong>amitte-</strong></span> 
     </span>
    </p>
   </div>
   <div class='ocr_carea' id='block_1_68' title="bbox 443 3511 2003 3580">
    <p class='ocr_par' dir='ltr' id='par_1_68' title="bbox 443 3511 2003 3580">
     <span class='ocr_line' id='line_1_68' title="bbox 443 3511 2003 3580; baseline 0.004 -17"><span class='ocrx_word' id='word_1_508' title='bbox 443 3511 572 3564; x_wconf 88' lang='lat' dir='ltr'><strong>tur?</strong></span> <span class='ocrx_word' id='word_1_509' title='bbox 624 3511 755 3577; x_wconf 72' lang='lat' dir='ltr'><strong>Qua:</strong></span> <span class='ocrx_word' id='word_1_510' title='bbox 787 3514 938 3579; x_wconf 91' lang='lat' dir='ltr'><strong>dum,</strong></span> <span class='ocrx_word' id='word_1_511' title='bbox 969 3515 1117 3568; x_wconf 75' lang='lat' dir='ltr'><strong>velut</strong></span> <span class='ocrx_word' id='word_1_512' title='bbox 1143 3515 1558 3580; x_wconf 86' lang='lat' dir='ltr'><strong>admirabuuda,</strong></span> <span class='ocrx_word' id='word_1_513' title='bbox 1609 3529 1793 3570; x_wconf 88' lang='lat' dir='ltr'><strong>secum</strong></span> <span class='ocrx_word' id='word_1_514' title='bbox 1819 3517 2003 3570; x_wconf 90' lang='lat' dir='ltr'><strong>animo</strong></span> 
     </span>
    </p>
   </div>
   <div class='ocr_carea' id='block_1_69' title="bbox 440 3601 1998 3676">
    <p class='ocr_par' dir='ltr' id='par_1_69' title="bbox 440 3601 1998 3676">
     <span class='ocr_line' id='line_1_69' title="bbox 440 3601 1998 3676; baseline 0.005 -22"><span class='ocrx_word' id='word_1_515' title='bbox 440 3602 782 3656; x_wconf 82' lang='lat' dir='ltr'><strong>sanctissima</strong></span> <span class='ocrx_word' id='word_1_516' title='bbox 809 3601 972 3668; x_wconf 83' lang='lat' dir='ltr'><strong>Virgo</strong></span> <span class='ocrx_word' id='word_1_517' title='bbox 999 3616 1258 3670; x_wconf 73' lang='lat' dir='ltr'><strong>versaret,</strong></span> <span class='ocrx_word' id='word_1_518' title='bbox 1293 3605 1528 3660; x_wconf 76' lang='lat' dir='ltr'><strong>breviter</strong></span> <span class='ocrx_word' id='word_1_519' title='bbox 1551 3608 1775 3676; x_wconf 83' lang='lat' dir='ltr'><strong>angelus</strong></span> <span class='ocrx_word' id='word_1_520' title='bbox 1797 3623 1998 3662; x_wconf 82' lang='lat' dir='ltr'><strong>sermo-</strong></span> 
     </span>
    </p>
   </div>
   <div class='ocr_carea' id='block_1_70' title="bbox 437 3691 2004 3766">
    <p class='ocr_par' dir='ltr' id='par_1_70' title="bbox 437 3691 2004 3766">
     <span class='ocr_line' id='line_1_70' title="bbox 437 3691 2004 3766; baseline 0.003 -20"><span class='ocrx_word' id='word_1_521' title='bbox 437 3691 528 3746; x_wconf 86' lang='lat' dir='ltr'><strong>nis</strong></span> <span class='ocrx_word' id='word_1_522' title='bbox 559 3706 826 3746; x_wconf 86' lang='lat' dir='ltr'><strong>summam</strong></span> <span class='ocrx_word' id='word_1_523' title='bbox 855 3693 1080 3762; x_wconf 80' lang='lat' dir='ltr'><strong>profert,</strong></span> <span class='ocrx_word' id='word_1_524' title='bbox 1115 3711 1178 3748; x_wconf 88' lang='lat' dir='ltr'><strong>ac</strong></span> <span class='ocrx_word' id='word_1_525' title='bbox 1213 3695 1343 3750; x_wconf 86' lang='lat' dir='ltr'><strong>dicit</strong></span> <span class='ocrx_word' id='word_1_526' title='bbox 1375 3714 1387 3748; x_wconf 90' lang='lat'>:</span> <span class='ocrx_word' id='word_1_527' title='bbox 1419 3694 1648 3764; x_wconf 87' lang='lat' dir='ltr'><strong>Spiritus</strong></span> <span class='ocrx_word' id='word_1_528' title='bbox 1676 3705 2004 3766; x_wconf 83' lang='lat' dir='ltr'><strong>sanctus_su-</strong></span> 
     </span>
    </p>
   </div>
   <div class='ocr_carea' id='block_1_71' title="bbox 436 3784 2002 3854">
    <p class='ocr_par' dir='ltr' id='par_1_71' title="bbox 436 3784 2002 3854">
     <span class='ocr_line' id='line_1_71' title="bbox 436 3784 2002 3854; baseline 0.005 -18"><span class='ocrx_word' id='word_1_529' title='bbox 436 3784 695 3854; x_wconf 85' lang='lat' dir='ltr'><strong>perveniet</strong></span> <span class='ocrx_word' id='word_1_530' title='bbox 733 3785 786 3837; x_wconf 89' lang='lat' dir='ltr'><strong>in</strong></span> <span class='ocrx_word' id='word_1_531' title='bbox 830 3793 907 3848; x_wconf 85' lang='lat' dir='ltr'><strong>te,</strong></span> <span class='ocrx_word' id='word_1_532' title='bbox 949 3795 997 3838; x_wconf 89' lang='lat' dir='ltr'><strong>et</strong></span> <span class='ocrx_word' id='word_1_533' title='bbox 1021 3787 1206 3840; x_wconf 88' lang='lat' dir='ltr'><strong>.virtus</strong></span> <span class='ocrx_word' id='word_1_534' title='bbox 1233 3786 1499 3841; x_wconf 76' lang='lat' dir='ltr'><strong>Altissimi</strong></span> <span class='ocrx_word' id='word_1_535' title='bbox 1525 3788 1854 3848; x_wconf 86' lang='lat' dir='ltr'><strong>obumbrabit</strong></span> <span class='ocrx_word' id='word_1_536' title='bbox 1885 3789 2002 3844; x_wconf 86' lang='lat' dir='ltr'><strong>tibi.</strong></span> 
     </span>
    </p>
   </div>
   <div class='ocr_carea' id='block_1_72' title="bbox 439 3872 2005 3946">
    <p class='ocr_par' dir='ltr' id='par_1_72' title="bbox 439 3872 2005 3946">
     <span class='ocr_line' id='line_1_72' title="bbox 439 3872 2005 3946; baseline 0.003 -16"><span class='ocrx_word' id='word_1_537' title='bbox 439 3872 667 3946; x_wconf 80' lang='lat' dir='ltr'><strong>Ideoque</strong></span> <span class='ocrx_word' id='word_1_538' title='bbox 711 3888 760 3930; x_wconf 86' lang='lat' dir='ltr'><strong>et</strong></span> <span class='ocrx_word' id='word_1_539' title='bbox 804 3877 940 3946; x_wconf 87' lang='lat' dir='ltr'><strong>quod</strong></span> <span class='ocrx_word' id='word_1_540' title='bbox 987 3889 1236 3933; x_wconf 84' lang='lat' dir='ltr'><strong>nascetur</strong></span> <span class='ocrx_word' id='word_1_541' title='bbox 1269 3897 1332 3933; x_wconf 83' lang='lat' dir='ltr'><strong>ea:</strong></span> <span class='ocrx_word' id='word_1_542' title='bbox 1366 3891 1412 3934; x_wconf 89' lang='lat' dir='ltr'><strong>te</strong></span> <span class='ocrx_word' id='word_1_543' title='bbox 1442 3891 1702 3944; x_wconf 87' lang='lat' dir='ltr'><strong>sanctum,</strong></span> <span class='ocrx_word' id='word_1_544' title='bbox 1736 3881 2005 3936; x_wconf 87' lang='lat' dir='ltr'><strong>vocabitur</strong></span> 
     </span>
    </p>
   </div>
   <div class='ocr_carea' id='block_1_73' title="bbox 439 3965 2004 4042">
    <p class='ocr_par' dir='ltr' id='par_1_73' title="bbox 439 3965 2004 4042">
     <span class='ocr_line' id='line_1_73' title="bbox 439 3965 2004 4042; baseline 0.005 -22"><span class='ocrx_word' id='word_1_545' title='bbox 439 3965 618 4021; x_wconf 86' lang='lat' dir='ltr'><strong>Filius</strong></span> <span class='ocrx_word' id='word_1_546' title='bbox 643 3967 739 4022; x_wconf 85' lang='lat' dir='ltr'><strong>Dei</strong></span> <span class='ocrx_word' id='word_1_547' title='bbox 765 3969 828 4024; x_wconf 78' lang='grc'><strong>⁸⁸.</strong></span> <span class='ocrx_word' id='word_1_548' title='bbox 869 3968 1004 4024; x_wconf 86' lang='lat' dir='ltr'><strong>Nam</strong></span> <span class='ocrx_word' id='word_1_549' title='bbox 1031 3972 1176 4042; x_wconf 87' lang='lat' dir='ltr'><strong>quod</strong></span> <span class='ocrx_word' id='word_1_550' title='bbox 1200 3981 1301 4036; x_wconf 91' lang='lat' dir='ltr'><strong>est,</strong></span> <span class='ocrx_word' id='word_1_551' title='bbox 1332 3973 1434 4028; x_wconf 89' lang='lat' dir='ltr'><strong>hoc</strong></span> <span class='ocrx_word' id='word_1_552' title='bbox 1460 3985 1514 4028; x_wconf 87' lang='lat' dir='ltr'><strong>ct</strong></span> <span class='ocrx_word' id='word_1_553' title='bbox 1535 3973 1758 4028; x_wconf 88' lang='lat' dir='ltr'><strong>omnino</strong></span> <span class='ocrx_word' id='word_1_554' title='bbox 1777 3975 2004 4030; x_wconf 82' lang='lat' dir='ltr'><strong>vocabi-</strong></span> 
     </span>
    </p>
   </div>
   <div class='ocr_carea' id='block_1_74' title="bbox 437 4057 2004 4132">
    <p class='ocr_par' dir='ltr' id='par_1_74' title="bbox 437 4057 2004 4132">
     <span class='ocr_line' id='line_1_74' title="bbox 437 4057 2004 4132; baseline 0.006 -23"><span class='ocrx_word' id='word_1_555' title='bbox 437 4065 546 4110; x_wconf 87' lang='lat' dir='ltr'><strong>tur.</strong></span> <span class='ocrx_word' id='word_1_556' title='bbox 587 4057 980 4114; x_wconf 75' lang='lat' dir='ltr'><strong>Convenienter</strong></span> <span class='ocrx_word' id='word_1_557' title='bbox 1011 4060 1176 4132; x_wconf 87' lang='lat' dir='ltr'><strong>igitur</strong></span> <span class='ocrx_word' id='word_1_558' title='bbox 1207 4071 1452 4118; x_wconf 87' lang='lat' dir='ltr'><strong>sanctam</strong></span> <span class='ocrx_word' id='word_1_559' title='bbox 1481 4063 1702 4118; x_wconf 84' lang='lat' dir='ltr'><strong>Mariam</strong></span> <span class='ocrx_word' id='word_1_560' title='bbox 1735 4079 1802 4118; x_wconf 81' lang='lat' dir='ltr'><strong>ex</strong></span> <span class='ocrx_word' id='word_1_561' title='bbox 1830 4065 2004 4119; x_wconf 85' lang='lat' dir='ltr'><strong>omni-</strong></span> 
     </span>
    </p>
   </div>
   <div class='ocr_carea' id='block_1_75' title="bbox 437 4147 2004 4228">
    <p class='ocr_par' dir='ltr' id='par_1_75' title="bbox 437 4147 2004 4228">
     <span class='ocr_line' id='line_1_75' title="bbox 437 4147 2004 4228; baseline 0.004 -24"><span class='ocrx_word' id='word_1_562' title='bbox 437 4147 542 4204; x_wconf 91' lang='lat' dir='ltr'><strong>bus</strong></span> <span class='ocrx_word' id='word_1_563' title='bbox 589 4149 1030 4217; x_wconf 82' lang='lat' dir='ltr'><strong>generationibus</strong></span> <span class='ocrx_word' id='word_1_564' title='bbox 1093 4154 1264 4207; x_wconf 89' lang='lat' dir='ltr'><strong>solam</strong></span> <span class='ocrx_word' id='word_1_565' title='bbox 1291 4155 1462 4222; x_wconf 84' lang='lat' dir='ltr'><strong>gratia</strong></span> <span class='ocrx_word' id='word_1_566' title='bbox 1489 4156 1665 4226; x_wconf 84' lang='lat' dir='ltr'><strong>elegit.</strong></span> <span class='ocrx_word' id='word_1_567' title='bbox 1714 4153 1847 4209; x_wconf 88' lang='lat' dir='ltr'><strong>Nam</strong></span> <span class='ocrx_word' id='word_1_568' title='bbox 1875 4171 2004 4228; x_wconf 91' lang='lat' dir='ltr'><strong>pru-</strong></span> 
     </span>
    </p>
   </div>
   <div class='ocr_carea' id='block_1_76' title="bbox 435 4239 2003 4312">
    <p class='ocr_par' dir='ltr' id='par_1_76' title="bbox 435 4239 2003 4312">
     <span class='ocr_line' id='line_1_76' title="bbox 435 4239 2003 4312; baseline 0.009 -21"><span class='ocrx_word' id='word_1_569' title='bbox 435 4239 571 4292; x_wconf 88' lang='lat' dir='ltr'><strong>dens</strong></span> <span class='ocrx_word' id='word_1_570' title='bbox 607 4255 792 4293; x_wconf 82' lang='lat' dir='ltr'><strong>revera</strong></span> <span class='ocrx_word' id='word_1_571' title='bbox 827 4256 890 4294; x_wconf 91' lang='lat' dir='ltr'><strong>ac</strong></span> <span class='ocrx_word' id='word_1_572' title='bbox 915 4243 1131 4312; x_wconf 89' lang='lat' dir='ltr'><strong>sapiens</strong></span> <span class='ocrx_word' id='word_1_573' title='bbox 1163 4245 1214 4297; x_wconf 93' lang='lat' dir='ltr'><strong>in</strong></span> <span class='ocrx_word' id='word_1_574' title='bbox 1243 4247 1454 4302; x_wconf 89' lang='lat' dir='ltr'><strong>cunctis</strong></span> <span class='ocrx_word' id='word_1_575' title='bbox 1493 4257 1609 4302; x_wconf 89' lang='lat' dir='ltr'><strong>erat</strong></span> <span class='ocrx_word' id='word_1_576' title='bbox 1640 4267 1653 4302; x_wconf 90' lang='lat'>:</span> <span class='ocrx_word' id='word_1_577' title='bbox 1686 4263 1788 4304; x_wconf 88' lang='lat' dir='ltr'><strong>nec</strong></span> <span class='ocrx_word' id='word_1_578' title='bbox 1811 4248 2003 4305; x_wconf 81' lang='lat' dir='ltr'><strong>similis</strong></span> 
     </span>
    </p>
   </div>
   <div class='ocr_carea' id='block_1_77' title="bbox 435 4328 2004 4410">
    <p class='ocr_par' dir='ltr' id='par_1_77' title="bbox 435 4328 2004 4410">
     <span class='ocr_line' id='line_1_77' title="bbox 435 4328 2004 4410; baseline 0.01 -29"><span class='ocrx_word' id='word_1_579' title='bbox 435 4328 510 4394; x_wconf 90' lang='lat' dir='ltr'><strong>ei,</strong></span> <span class='ocrx_word' id='word_1_580' title='bbox 539 4343 605 4383; x_wconf 82' lang='lat' dir='ltr'><strong>ex</strong></span> <span class='ocrx_word' id='word_1_581' title='bbox 640 4333 914 4387; x_wconf 81' lang='lat' dir='ltr'><strong>universis</strong></span> <span class='ocrx_word' id='word_1_582' title='bbox 937 4337 1380 4403; x_wconf 86' lang='lat' dir='ltr'><strong>generationibus</strong></span> <span class='ocrx_word' id='word_1_583' title='bbox 1411 4339 1520 4392; x_wconf 88' lang='lat' dir='ltr'><strong>ulla</strong></span> <span class='ocrx_word' id='word_1_584' title='bbox 1547 4355 1784 4410; x_wconf 89' lang='lat' dir='ltr'><strong>unquam</strong></span> <span class='ocrx_word' id='word_1_585' title='bbox 1813 4349 1895 4394; x_wconf 90' lang='lat' dir='ltr'><strong>est</strong></span> <span class='ocrx_word' id='word_1_586' title='bbox 1919 4357 2004 4396; x_wconf 83' lang='lat' dir='ltr'><strong>rc-</strong></span> 
     </span>
    </p>
   </div>
   <div class='ocr_carea' id='block_1_78' title="bbox 435 4420 1999 4504">
    <p class='ocr_par' dir='ltr' id='par_1_78' title="bbox 435 4420 1999 4504">
     <span class='ocr_line' id='line_1_78' title="bbox 435 4420 1999 4504; baseline 0.008 -30"><span class='ocrx_word' id='word_1_587' title='bbox 435 4427 611 4490; x_wconf 79' lang='lat' dir='ltr'><strong>perta.</strong></span> <span class='ocrx_word' id='word_1_588' title='bbox 673 4420 790 4476; x_wconf 89' lang='lat' dir='ltr'><strong>Non</strong></span> <span class='ocrx_word' id='word_1_589' title='bbox 823 4424 964 4478; x_wconf 89' lang='lat' dir='ltr'><strong>sicut</strong></span> <span class='ocrx_word' id='word_1_590' title='bbox 993 4435 1148 4478; x_wconf 85' lang='lat' dir='ltr'><strong>antea</strong></span> <span class='ocrx_word' id='word_1_591' title='bbox 1178 4429 1330 4496; x_wconf 81' lang='lat' dir='ltr'><strong>virgo</strong></span> <span class='ocrx_word' id='word_1_592' title='bbox 1359 4427 1468 4483; x_wconf 87' lang='lat' dir='ltr'><strong>Eva</strong></span> <span class='ocrx_word' id='word_1_593' title='bbox 1497 4429 1594 4500; x_wconf 82' lang='grc' dir='ltr'><strong>[αι.</strong></span> <span class='ocrx_word' id='word_1_594' title='bbox 1619 4432 1794 4499; x_wconf 89' lang='lat' dir='ltr'><strong>prima</strong></span> <span class='ocrx_word' id='word_1_595' title='bbox 1825 4432 1999 4504; x_wconf 85' lang='lat' dir='ltr'><strong>virgo]</strong></span> 
     </span>
    </p>
   </div>
   <div class='ocr_carea' id='block_1_79' title="bbox 2101 3310 3672 3388">
    <p class='ocr_par' dir='ltr' id='par_1_79' title="bbox 2101 3310 3672 3388">
     <span class='ocr_line' id='line_1_79' title="bbox 2101 3310 3672 3388; baseline -0.009 -12"><span class='ocrx_word' id='word_1_596' title='bbox 2101 3321 2210 3376; x_wconf 82' lang='grc' dir='ltr'><strong>Καὶ</strong></span> <span class='ocrx_word' id='word_1_597' title='bbox 2257 3321 2433 3375; x_wconf 84' lang='grc' dir='ltr'>δώσει</span> <span class='ocrx_word' id='word_1_598' title='bbox 2471 3319 2631 3385; x_wconf 81' lang='grc' dir='ltr'><strong>αὐτῷ</strong></span> <span class='ocrx_word' id='word_1_599' title='bbox 2663 3320 2875 3388; x_wconf 80' lang='grc' dir='ltr'>Κύριος</span> <span class='ocrx_word' id='word_1_600' title='bbox 2898 3321 2930 3371; x_wconf 83' lang='grc' dir='ltr'><strong>ό</strong></span> <span class='ocrx_word' id='word_1_601' title='bbox 2957 3317 3099 3382; x_wconf 80' lang='grc' dir='ltr'>Θεὸς</span> <span class='ocrx_word' id='word_1_602' title='bbox 3121 3316 3226 3372; x_wconf 74' lang='grc' dir='ltr'><strong>τὸν</strong></span> <span class='ocrx_word' id='word_1_603' title='bbox 3253 3316 3470 3382; x_wconf 63' lang='grc' dir='ltr'><strong>θρόνον⁵</strong></span> <span class='ocrx_word' id='word_1_604' title='bbox 3493 3310 3672 3366; x_wconf 72' lang='grc' dir='ltr'><strong>Δαῖὶδ</strong></span> 
     </span>
    </p>
   </div>
   <div class='ocr_carea' id='block_1_80' title="bbox 2103 3400 3672 3480">
    <p class='ocr_par' dir='ltr' id='par_1_80' title="bbox 2103 3400 3672 3480">
     <span class='ocr_line' id='line_1_80' title="bbox 2103 3400 3672 3480; baseline -0.006 -14"><span class='ocrx_word' id='word_1_605' title='bbox 2103 3411 2210 3466; x_wconf 79' lang='grc' dir='ltr'>τοῦ</span> <span class='ocrx_word' id='word_1_606' title='bbox 2241 3412 2460 3480; x_wconf 84' lang='grc' dir='ltr'>πατρὸς</span> <span class='ocrx_word' id='word_1_607' title='bbox 2483 3411 2691 3475; x_wconf 84' lang='grc' dir='ltr'>αὑτοῦ,</span> <span class='ocrx_word' id='word_1_608' title='bbox 2725 3411 2822 3464; x_wconf 79' lang='grc' dir='ltr'><strong>καὶ</strong></span> <span class='ocrx_word' id='word_1_609' title='bbox 2855 3410 3216 3475; x_wconf 71' lang='grc' dir='ltr'>,βασιλεύσει</span> <span class='ocrx_word' id='word_1_610' title='bbox 3243 3406 3344 3460; x_wconf 77' lang='grc' dir='ltr'><strong>ἐπὶ</strong></span> <span class='ocrx_word' id='word_1_611' title='bbox 3371 3405 3482 3458; x_wconf 75' lang='grc' dir='ltr'><strong>τὸν</strong></span> <span class='ocrx_word' id='word_1_612' title='bbox 3505 3400 3672 3458; x_wconf 62' lang='grc' dir='ltr'><strong>οἴκοθ’</strong></span> 
     </span>
    </p>
   </div>
   <div class='ocr_carea' id='block_1_81' title="bbox 2115 3498 3670 3576">
    <p class='ocr_par' dir='ltr' id='par_1_81' title="bbox 2115 3498 3670 3576">
     <span class='ocr_line' id='line_1_81' title="bbox 2115 3498 3670 3576; baseline -0.008 -12"><span class='ocrx_word' id='word_1_613' title='bbox 2115 3507 2325 3564; x_wconf 81' lang='grc' dir='ltr'><strong>Ἰακὼϐ</strong></span> <span class='ocrx_word' id='word_1_614' title='bbox 2342 3513 2428 3575; x_wconf 82' lang='grc' dir='ltr'>εἰς</span> <span class='ocrx_word' id='word_1_615' title='bbox 2457 3509 2596 3576; x_wconf 79' lang='grc' dir='ltr'>τοὺς</span> <span class='ocrx_word' id='word_1_616' title='bbox 2619 3507 2856 3574; x_wconf 72' lang='grc' dir='ltr'>αἰῶνας,</span> <span class='ocrx_word' id='word_1_617' title='bbox 2887 3506 2984 3559; x_wconf 77' lang='grc' dir='ltr'><strong>καὶ</strong></span> <span class='ocrx_word' id='word_1_618' title='bbox 3017 3504 3125 3572; x_wconf 79' lang='grc' dir='ltr'><strong>τῆς</strong></span> <span class='ocrx_word' id='word_1_619' title='bbox 3141 3501 3462 3568; x_wconf 75' lang='grc' dir='ltr'>,ϐασιλείας</span> <span class='ocrx_word' id='word_1_620' title='bbox 3485 3498 3670 3554; x_wconf 74' lang='grc' dir='ltr'>αὐτοῦ</span> 
     </span>
    </p>
   </div>
   <div class='ocr_carea' id='block_1_82' title="bbox 2104 3594 3666 3666">
    <p class='ocr_par' dir='ltr' id='par_1_82' title="bbox 2104 3594 3666 3666">
     <span class='ocr_line' id='line_1_82' title="bbox 2104 3594 3666 3666; baseline -0.008 -7"><span class='ocrx_word' id='word_1_621' title='bbox 2104 3607 2214 3660; x_wconf 84' lang='grc' dir='ltr'><strong>οὐκ</strong></span> <span class='ocrx_word' id='word_1_622' title='bbox 2245 3602 2415 3657; x_wconf 79' lang='grc' dir='ltr'>ἔσται</span> <span class='ocrx_word' id='word_1_623' title='bbox 2441 3599 2633 3666; x_wconf 73' lang='grc' dir='ltr'>τέλος.</span> <span class='ocrx_word' id='word_1_624' title='bbox 2673 3599 2859 3654; x_wconf 74' lang='grc' dir='ltr'>Εἶπεν</span> <span class='ocrx_word' id='word_1_625' title='bbox 2893 3597 2960 3650; x_wconf 84' lang='grc' dir='ltr'>δὲ</span> <span class='ocrx_word' id='word_1_626' title='bbox 2993 3596 3228 3664; x_wconf 81' lang='grc' dir='ltr'>Μαριὰμ</span> <span class='ocrx_word' id='word_1_627' title='bbox 3253 3594 3402 3661; x_wconf 81' lang='grc' dir='ltr'>πρὸς</span> <span class='ocrx_word' id='word_1_628' title='bbox 3431 3594 3538 3648; x_wconf 70' lang='grc' dir='ltr'><strong>τὸν</strong></span> <span class='ocrx_word' id='word_1_629' title='bbox 3565 3595 3666 3662; x_wconf 55' lang='grc' dir='ltr'><strong>ἄν·</strong></span> 
     </span>
    </p>
   </div>
   <div class='ocr_carea' id='block_1_83' title="bbox 2101 3688 3670 3767">
    <p class='ocr_par' dir='ltr' id='par_1_83' title="bbox 2101 3688 3670 3767">
     <span class='ocr_line' id='line_1_83' title="bbox 2101 3688 3670 3767; baseline -0.006 -16"><span class='ocrx_word' id='word_1_630' title='bbox 2101 3700 2314 3767; x_wconf 77' lang='grc' dir='ltr'>γελον·</span> <span class='ocrx_word' id='word_1_631' title='bbox 2349 3694 2491 3760; x_wconf 85' lang='grc' dir='ltr'><strong>Πῶς</strong></span> <span class='ocrx_word' id='word_1_632' title='bbox 2528 3693 2698 3748; x_wconf 78' lang='grc' dir='ltr'>ἔσται</span> <span class='ocrx_word' id='word_1_633' title='bbox 2729 3709 2830 3761; x_wconf 84' lang='grc' dir='ltr'><strong>μοι</strong></span> <span class='ocrx_word' id='word_1_634' title='bbox 2857 3691 3031 3744; x_wconf 82' lang='grc' dir='ltr'>τοῦτο</span> <span class='ocrx_word' id='word_1_635' title='bbox 3051 3729 3064 3754; x_wconf 90' lang='grc'><strong>,</strong></span> <span class='ocrx_word' id='word_1_636' title='bbox 3105 3690 3232 3743; x_wconf 80' lang='grc' dir='ltr'>ἐπεὶ</span> <span class='ocrx_word' id='word_1_637' title='bbox 3263 3688 3454 3756; x_wconf 75' lang='grc' dir='ltr'>ἄνδρα</span> <span class='ocrx_word' id='word_1_638' title='bbox 3487 3691 3560 3742; x_wconf 86' lang='grc' dir='ltr'>οὐ</span> <span class='ocrx_word' id='word_1_639' title='bbox 3591 3707 3670 3758; x_wconf 73' lang='grc' dir='ltr'><strong>τι·</strong></span> 
     </span>
    </p>
   </div>
   <div class='ocr_carea' id='block_1_84' title="bbox 2102 3781 3666 3860">
    <p class='ocr_par' dir='ltr' id='par_1_84' title="bbox 2102 3781 3666 3860">
     <span class='ocr_line' id='line_1_84' title="bbox 2102 3781 3666 3860; baseline -0.006 -15"><span class='ocrx_word' id='word_1_640' title='bbox 2102 3789 2346 3852; x_wconf 79' lang='grc' dir='ltr'>νώσκω;</span> <span class='ocrx_word' id='word_1_641' title='bbox 2376 3785 2485 3860; x_wconf 83' lang='grc' dir='ltr'><strong>ἆρα</strong></span> <span class='ocrx_word' id='word_1_642' title='bbox 2519 3787 2663 3858; x_wconf 71' lang='grc' dir='ltr'>μένω</span> <span class='ocrx_word' id='word_1_643' title='bbox 2691 3785 2773 3840; x_wconf 73' lang='grc' dir='ltr'>ἔτι</span> <span class='ocrx_word' id='word_1_644' title='bbox 2811 3785 3108 3858; x_wconf 79' lang='grc' dir='ltr'>παρθένος;</span> <span class='ocrx_word' id='word_1_645' title='bbox 3143 3781 3250 3854; x_wconf 85' lang='grc' dir='ltr'>ἆρα</span> <span class='ocrx_word' id='word_1_646' title='bbox 3285 3783 3361 3855; x_wconf 83' lang='grc' dir='ltr'>μὴ</span> <span class='ocrx_word' id='word_1_647' title='bbox 3385 3785 3486 3854; x_wconf 73' lang='grc' dir='ltr'>τῆς</span> <span class='ocrx_word' id='word_1_648' title='bbox 3527 3801 3666 3854; x_wconf 80' lang='grc' dir='ltr'>παρ-</span> 
     </span>
    </p>
   </div>
   <div class='ocr_carea' id='block_1_85' title="bbox 2077 3877 3668 3960">
    <p class='ocr_par' dir='ltr' id='par_1_85' title="bbox 2077 3877 3668 3960">
     <span class='ocr_line' id='line_1_85' title="bbox 2077 3877 3668 3960; baseline -0.004 -24"><span class='ocrx_word' id='word_1_649' title='bbox 2077 3883 2282 3960; x_wconf 16' lang='grc' dir='ltr'>·,Θενίας</span> <span class='ocrx_word' id='word_1_650' title='bbox 2323 3883 2356 3953; x_wconf 84' lang='grc' dir='ltr'>ἡ</span> <span class='ocrx_word' id='word_1_651' title='bbox 2398 3880 2520 3945; x_wconf 79' lang='grc' dir='ltr'>ἀξία</span> <span class='ocrx_word' id='word_1_652' title='bbox 2551 3879 2890 3954; x_wconf 81' lang='grc' dir='ltr'>προδίδοται;</span> <span class='ocrx_word' id='word_1_653' title='bbox 2937 3879 3120 3931; x_wconf 82' lang='grc' dir='ltr'>Ταῦτα</span> <span class='ocrx_word' id='word_1_654' title='bbox 3165 3877 3530 3949; x_wconf 66' lang='grc' dir='ltr'>διαποροῦσιν</span> <span class='ocrx_word' id='word_1_655' title='bbox 3571 3879 3668 3947; x_wconf 72' lang='grc' dir='ltr'>τὴν</span> 
     </span>
    </p>
   </div>
   <div class='ocr_carea' id='block_1_86' title="bbox 2083 3961 3670 4047">
    <p class='ocr_par' dir='ltr' id='par_1_86' title="bbox 2083 3961 3670 4047">
     <span class='ocr_line' id='line_1_86' title="bbox 2083 3961 3670 4047; baseline -0.003 -19"><span class='ocrx_word' id='word_1_656' title='bbox 2083 3961 2266 4044; x_wconf 52' lang='grc' dir='ltr'>έάγίαν</span> <span class='ocrx_word' id='word_1_657' title='bbox 2291 3974 2584 4047; x_wconf 79' lang='grc' dir='ltr'>Παρθένον,</span> <span class='ocrx_word' id='word_1_658' title='bbox 2620 3973 2898 4043; x_wconf 85' lang='grc' dir='ltr'>συντόμως</span> <span class='ocrx_word' id='word_1_659' title='bbox 2941 3973 2969 4025; x_wconf 87' lang='grc' dir='ltr'>ὁ</span> <span class='ocrx_word' id='word_1_660' title='bbox 3011 3971 3237 4040; x_wconf 79' lang='grc' dir='ltr'>ἄγγελος</span> <span class='ocrx_word' id='word_1_661' title='bbox 3279 3972 3546 4042; x_wconf 62' lang='grc' dir='ltr'>προφέρει</span> <span class='ocrx_word' id='word_1_662' title='bbox 3575 3969 3670 4024; x_wconf 70' lang='grc' dir='ltr'>τοῦ</span> 
     </span>
    </p>
   </div>
   <div class='ocr_carea' id='block_1_87' title="bbox 2079 4062 3666 4136">
    <p class='ocr_par' dir='ltr' id='par_1_87' title="bbox 2079 4062 3666 4136">
     <span class='ocr_line' id='line_1_87' title="bbox 2079 4062 3666 4136; baseline -0.003 -16"><span class='ocrx_word' id='word_1_663' title='bbox 2079 4067 2260 4136; x_wconf 81' lang='grc' dir='ltr'>¹λόγου</span> <span class='ocrx_word' id='word_1_664' title='bbox 2288 4067 2348 4120; x_wconf 79' lang='grc' dir='ltr'>τὸ</span> <span class='ocrx_word' id='word_1_665' title='bbox 2375 4065 2682 4135; x_wconf 82' lang='grc' dir='ltr'>κεφάλαιον,</span> <span class='ocrx_word' id='word_1_666' title='bbox 2714 4063 2886 4131; x_wconf 83' lang='grc' dir='ltr'>λέγων</span> <span class='ocrx_word' id='word_1_667' title='bbox 2905 4080 2918 4094; x_wconf 92' lang='grc'><strong>·</strong></span> <span class='ocrx_word' id='word_1_668' title='bbox 2955 4062 3194 4131; x_wconf 77' lang='grc' dir='ltr'><strong>Πνεῦμα</strong></span> <span class='ocrx_word' id='word_1_669' title='bbox 3221 4062 3396 4132; x_wconf 73' lang='grc' dir='ltr'>ἅγιον</span> <span class='ocrx_word' id='word_1_670' title='bbox 3421 4064 3666 4118; x_wconf 67' lang='grc' dir='ltr'>ἐπελεύ-</span> 
     </span>
    </p>
   </div>
   <div class='ocr_carea' id='block_1_88' title="bbox 2103 4154 3668 4224">
    <p class='ocr_par' dir='ltr' id='par_1_88' title="bbox 2103 4154 3668 4224">
     <span class='ocr_line' id='line_1_88' title="bbox 2103 4154 3668 4224; baseline -0.001 -12"><span class='ocrx_word' id='word_1_671' title='bbox 2103 4174 2272 4222; x_wconf 82' lang='grc' dir='ltr'>σεται</span> <span class='ocrx_word' id='word_1_672' title='bbox 2301 4157 2398 4212; x_wconf 75' lang='grc' dir='ltr'><strong>ἐπὶ</strong></span> <span class='ocrx_word' id='word_1_673' title='bbox 2425 4157 2518 4219; x_wconf 84' lang='grc' dir='ltr'>σὲ,</span> <span class='ocrx_word' id='word_1_674' title='bbox 2565 4157 2663 4210; x_wconf 80' lang='grc' dir='ltr'><strong>καὶ</strong></span> <span class='ocrx_word' id='word_1_675' title='bbox 2709 4155 2960 4224; x_wconf 81' lang='grc' dir='ltr'>δύναμις</span> <span class='ocrx_word' id='word_1_676' title='bbox 3014 4155 3306 4222; x_wconf 66' lang='grc' dir='ltr'>Ὑψίστου</span> <span class='ocrx_word' id='word_1_677' title='bbox 3329 4154 3668 4212; x_wconf 70' lang='grc' dir='ltr'>ἐπισκιάσει</span> 
     </span>
    </p>
   </div>
   <div class='ocr_carea' id='block_1_89' title="bbox 2107 4245 3670 4319">
    <p class='ocr_par' dir='ltr' id='par_1_89' title="bbox 2107 4245 3670 4319">
     <span class='ocr_line' id='line_1_89' title="bbox 2107 4245 3670 4319; baseline -0.004 -14"><span class='ocrx_word' id='word_1_678' title='bbox 2107 4267 2227 4306; x_wconf 87' lang='grc' dir='ltr'>σοι.</span> <span class='ocrx_word' id='word_1_679' title='bbox 2269 4250 2364 4304; x_wconf 81' lang='grc' dir='ltr'><strong>Διὸ</strong></span> <span class='ocrx_word' id='word_1_680' title='bbox 2391 4249 2491 4304; x_wconf 80' lang='grc' dir='ltr'><strong>καὶ</strong></span> <span class='ocrx_word' id='word_1_681' title='bbox 2511 4248 2577 4302; x_wconf 86' lang='grc' dir='ltr'>τὸ</span> <span class='ocrx_word' id='word_1_682' title='bbox 2600 4246 2968 4319; x_wconf 64' lang='grc' dir='ltr'>γεννώμενον</span> <span class='ocrx_word' id='word_1_683' title='bbox 2986 4246 3056 4298; x_wconf 81' lang='grc' dir='ltr'><strong><em>ἐκ</em></strong></span> <span class='ocrx_word' id='word_1_684' title='bbox 3077 4245 3194 4300; x_wconf 83' lang='grc' dir='ltr'>σοῦ</span> <span class='ocrx_word' id='word_1_685' title='bbox 3223 4245 3418 4316; x_wconf 74' lang='grc' dir='ltr'>ἄτιον,</span> <span class='ocrx_word' id='word_1_686' title='bbox 3451 4247 3670 4314; x_wconf 68' lang='grc' dir='ltr'><strong>κληθή-</strong></span> 
     </span>
    </p>
   </div>
   <div class='ocr_carea' id='block_1_90' title="bbox 2104 4337 3668 4411">
    <p class='ocr_par' dir='ltr' id='par_1_90' title="bbox 2104 4337 3668 4411">
     <span class='ocr_line' id='line_1_90' title="bbox 2104 4337 3668 4411; baseline -0.004 -14"><span class='ocrx_word' id='word_1_687' title='bbox 2104 4359 2272 4398; x_wconf 84' lang='grc' dir='ltr'>σεται</span> <span class='ocrx_word' id='word_1_688' title='bbox 2322 4343 2452 4407; x_wconf 76' lang='grc' dir='ltr'><strong>Υἱὸς</strong></span> <span class='ocrx_word' id='word_1_689' title='bbox 2493 4341 2660 4394; x_wconf 80' lang='grc' dir='ltr'>Θεοῦ.</span> <span class='ocrx_word' id='word_1_690' title='bbox 2713 4341 2776 4393; x_wconf 89' lang='grc' dir='ltr'><em>Ὃ</em></span> <span class='ocrx_word' id='word_1_691' title='bbox 2815 4339 2922 4411; x_wconf 80' lang='grc' dir='ltr'>γάρ</span> <span class='ocrx_word' id='word_1_692' title='bbox 2964 4341 3098 4403; x_wconf 79' lang='grc' dir='ltr'>ἐστι,</span> <span class='ocrx_word' id='word_1_693' title='bbox 3127 4337 3284 4391; x_wconf 79' lang='grc' dir='ltr'>τοῦτο</span> <span class='ocrx_word' id='word_1_694' title='bbox 3328 4339 3428 4392; x_wconf 77' lang='grc' dir='ltr'><strong>καὶ</strong></span> <span class='ocrx_word' id='word_1_695' title='bbox 3457 4340 3668 4403; x_wconf 78' lang='grc' dir='ltr'>πάντως</span> 
     </span>
    </p>
   </div>
   <div class='ocr_carea' id='block_1_91' title="bbox 2103 4429 3670 4507">
    <p class='ocr_par' dir='ltr' id='par_1_91' title="bbox 2103 4429 3670 4507">
     <span class='ocr_line' id='line_1_91' title="bbox 2103 4429 3670 4507; baseline -0.006 -18"><span class='ocrx_word' id='word_1_696' title='bbox 2103 4434 2449 4507; x_wconf 82' lang='grc' dir='ltr'>κληθήσεται.</span> <span class='ocrx_word' id='word_1_697' title='bbox 2494 4431 2815 4502; x_wconf 83' lang='grc' dir='ltr'>Πρεπόντως</span> <span class='ocrx_word' id='word_1_698' title='bbox 2853 4431 2959 4502; x_wconf 84' lang='grc' dir='ltr'>ἄρα</span> <span class='ocrx_word' id='word_1_699' title='bbox 2999 4429 3096 4501; x_wconf 81' lang='grc' dir='ltr'>τὴν</span> <span class='ocrx_word' id='word_1_700' title='bbox 3127 4430 3288 4498; x_wconf 85' lang='grc' dir='ltr'>ἁγίαν</span> <span class='ocrx_word' id='word_1_701' title='bbox 3325 4430 3565 4502; x_wconf 78' lang='grc' dir='ltr'>Μαριὰμ</span> <span class='ocrx_word' id='word_1_702' title='bbox 3607 4431 3670 4481; x_wconf 78' lang='grc' dir='ltr'><strong>ὲκ</strong></span> 
     </span>
    </p>
   </div>
   <div class='ocr_carea' id='block_1_92' title="bbox 433 4510 1998 4594">
    <p class='ocr_par' dir='ltr' id='par_1_92' title="bbox 433 4510 1998 4592">
     <span class='ocr_line' id='line_1_92' title="bbox 433 4510 1998 4592; baseline 0.007 -26"><span class='ocrx_word' id='word_1_703' title='bbox 433 4510 554 4566; x_wconf 75' lang='lat' dir='ltr'><strong>sola</strong></span> <span class='ocrx_word' id='word_1_704' title='bbox 599 4511 654 4564; x_wconf 86' lang='lat' dir='ltr'><strong>in</strong></span> <span class='ocrx_word' id='word_1_705' title='bbox 685 4513 936 4581; x_wconf 87' lang='lat' dir='ltr'><strong>paradiso</strong></span> <span class='ocrx_word' id='word_1_706' title='bbox 981 4516 1208 4570; x_wconf 88' lang='lat' dir='ltr'><strong>chorum</strong></span> <span class='ocrx_word' id='word_1_707' title='bbox 1251 4534 1417 4588; x_wconf 82' lang='lat' dir='ltr'><strong>agens</strong></span> <span class='ocrx_word' id='word_1_708' title='bbox 1463 4529 1625 4590; x_wconf 88' lang='lat' dir='ltr'><strong>atque</strong></span> <span class='ocrx_word' id='word_1_709' title='bbox 1672 4523 1998 4592; x_wconf 87' lang='lat' dir='ltr'><strong>tripudians,</strong></span> 
     </span>
    </p>
   </div>
   <div class='ocr_carea' id='block_1_93' title="bbox 2099 4510 3670 4594">
    <p class='ocr_par' dir='ltr' id='par_1_93' title="bbox 2107 4519 3670 4594">
     <span class='ocr_line' id='line_1_93' title="bbox 2107 4519 3670 4594; baseline -0.006 -13"><span class='ocrx_word' id='word_1_710' title='bbox 2107 4525 2292 4580; x_wconf 83' lang='grc' dir='ltr'>πασῶν</span> <span class='ocrx_word' id='word_1_711' title='bbox 2330 4523 2527 4594; x_wconf 83' lang='grc' dir='ltr'>γενεῶν</span> <span class='ocrx_word' id='word_1_712' title='bbox 2573 4523 2740 4593; x_wconf 83' lang='grc' dir='ltr'>μόνην</span> <span class='ocrx_word' id='word_1_713' title='bbox 2770 4523 2802 4592; x_wconf 78' lang='grc' dir='ltr'>ἡ</span> <span class='ocrx_word' id='word_1_714' title='bbox 2831 4521 2987 4593; x_wconf 81' lang='grc' dir='ltr'>χάρις</span> <span class='ocrx_word' id='word_1_715' title='bbox 3015 4521 3345 4574; x_wconf 76' lang='grc' dir='ltr'>ἐκλέλεκται.</span> <span class='ocrx_word' id='word_1_716' title='bbox 3387 4523 3536 4592; x_wconf 58' lang='lat' dir='ltr'><strong>ﬂagri;</strong></span> <span class='ocrx_word' id='word_1_717' title='bbox 3563 4519 3670 4591; x_wconf 72' lang='grc' dir='ltr'>γὰρ</span> 
     </span>
    </p>
   </div>
   <div class='ocr_carea' id='block_1_94' title="bbox 435 4603 2001 4675">
    <p class='ocr_par' dir='ltr' id='par_1_94' title="bbox 435 4603 2001 4675">
     <span class='ocr_line' id='line_1_94' title="bbox 435 4603 2001 4675; baseline 0.011 -20"><span class='ocrx_word' id='word_1_718' title='bbox 435 4603 676 4656; x_wconf 77' lang='lat' dir='ltr'><strong>relaxata</strong></span> <span class='ocrx_word' id='word_1_719' title='bbox 721 4615 902 4659; x_wconf 91' lang='lat' dir='ltr'><strong>mente</strong></span> <span class='ocrx_word' id='word_1_720' title='bbox 945 4621 1042 4675; x_wconf 87' lang='lat' dir='ltr'><strong>per</strong></span> <span class='ocrx_word' id='word_1_721' title='bbox 1103 4608 1366 4664; x_wconf 88' lang='lat' dir='ltr'><strong>incuriam</strong></span> <span class='ocrx_word' id='word_1_722' title='bbox 1416 4611 1484 4666; x_wconf 88' lang='lat' dir='ltr'><strong>ab</strong></span> <span class='ocrx_word' id='word_1_723' title='bbox 1537 4623 1758 4668; x_wconf 89' lang='lat' dir='ltr'><strong>auctore</strong></span> <span class='ocrx_word' id='word_1_724' title='bbox 1826 4615 2001 4672; x_wconf 88' lang='lat' dir='ltr'><strong>omnis</strong></span> 
     </span>
    </p>
   </div>
   <div class='ocr_carea' id='block_1_95' title="bbox 435 4699 1997 4772">
    <p class='ocr_par' dir='ltr' id='par_1_95' title="bbox 435 4699 1997 4772">
     <span class='ocr_line' id='line_1_95' title="bbox 435 4699 1997 4772; baseline 0.006 -20"><span class='ocrx_word' id='word_1_725' title='bbox 435 4699 564 4752; x_wconf 89' lang='lat' dir='ltr'><strong>mali</strong></span> <span class='ocrx_word' id='word_1_726' title='bbox 598 4708 869 4769; x_wconf 86' lang='lat' dir='ltr'><strong>serpente,</strong></span> <span class='ocrx_word' id='word_1_727' title='bbox 899 4700 1122 4754; x_wconf 72' lang='lat' dir='ltr'><strong>verbum</strong></span> <span class='ocrx_word' id='word_1_728' title='bbox 1160 4703 1426 4772; x_wconf 90' lang='lat' dir='ltr'><strong>suscepit;</strong></span> <span class='ocrx_word' id='word_1_729' title='bbox 1462 4713 1514 4758; x_wconf 89' lang='lat' dir='ltr'><strong>et</strong></span> <span class='ocrx_word' id='word_1_730' title='bbox 1543 4705 1622 4760; x_wconf 91' lang='lat' dir='ltr'><strong>sic</strong></span> <span class='ocrx_word' id='word_1_731' title='bbox 1647 4721 1808 4762; x_wconf 90' lang='lat' dir='ltr'><strong>sensu</strong></span> <span class='ocrx_word' id='word_1_732' title='bbox 1841 4723 1997 4762; x_wconf 89' lang='lat' dir='ltr'><strong>men-</strong></span> 
     </span>
    </p>
   </div>
   <div class='ocr_carea' id='block_1_96' title="bbox 434 4786 1996 4868">
    <p class='ocr_par' dir='ltr' id='par_1_96' title="bbox 434 4786 1996 4868">
     <span class='ocr_line' id='line_1_96' title="bbox 434 4786 1996 4868; baseline 0.006 -26"><span class='ocrx_word' id='word_1_733' title='bbox 434 4788 506 4842; x_wconf 89' lang='lat' dir='ltr'><strong>tis</strong></span> <span class='ocrx_word' id='word_1_734' title='bbox 547 4788 645 4861; x_wconf 76' lang='grc' dir='ltr'><strong>[αἱ.</strong></span> <span class='ocrx_word' id='word_1_735' title='bbox 697 4798 876 4844; x_wconf 88' lang='lat' dir='ltr'><strong>mente</strong></span> <span class='ocrx_word' id='word_1_736' title='bbox 918 4788 1122 4861; x_wconf 84' lang='lat' dir='ltr'><strong>cordis]</strong></span> <span class='ocrx_word' id='word_1_737' title='bbox 1167 4803 1420 4862; x_wconf 89' lang='lat' dir='ltr'><strong>corrupta</strong></span> <span class='ocrx_word' id='word_1_738' title='bbox 1449 4803 1562 4860; x_wconf 88' lang='lat' dir='ltr'><strong>est,</strong></span> <span class='ocrx_word' id='word_1_739' title='bbox 1611 4811 1674 4850; x_wconf 90' lang='lat' dir='ltr'><strong>ac</strong></span> <span class='ocrx_word' id='word_1_740' title='bbox 1700 4786 1796 4866; x_wconf 81' lang='lat' dir='ltr'><strong>per</strong></span> <span class='ocrx_word' id='word_1_741' title='bbox 1825 4798 1996 4868; x_wconf 84' lang='lat' dir='ltr'><strong>ipsam</strong></span> 
     </span>
    </p>
   </div>
   <div class='ocr_carea' id='block_1_97' title="bbox 435 4869 1998 4957">
    <p class='ocr_par' dir='ltr' id='par_1_97' title="bbox 435 4869 1998 4957">
     <span class='ocr_line' id='line_1_97' title="bbox 435 4869 1998 4957; baseline 0.006 -23"><span class='ocrx_word' id='word_1_742' title='bbox 435 4869 812 4936; x_wconf 73' lang='lat' dir='ltr'><strong>fraudulentus</strong></span> <span class='ocrx_word' id='word_1_743' title='bbox 837 4895 1102 4934; x_wconf 74' lang='lat' dir='ltr'><strong>venenum</strong></span> <span class='ocrx_word' id='word_1_744' title='bbox 1133 4881 1434 4950; x_wconf 68' lang='lat' dir='ltr'><strong>ell‘undens,</strong></span> <span class='ocrx_word' id='word_1_745' title='bbox 1464 4895 1802 4957; x_wconf 88' lang='lat' dir='ltr'><strong>mortemque</strong></span> <span class='ocrx_word' id='word_1_746' title='bbox 1825 4889 1998 4944; x_wconf 90' lang='lat' dir='ltr'><strong>admi-</strong></span> 
     </span>
    </p>
   </div>
   <div class='ocr_carea' id='block_1_98' title="bbox 435 4972 1996 5050">
    <p class='ocr_par' dir='ltr' id='par_1_98' title="bbox 435 4972 1996 5050">
     <span class='ocr_line' id='line_1_98' title="bbox 435 4972 1996 5050; baseline 0.006 -25"><span class='ocrx_word' id='word_1_747' title='bbox 435 4984 616 5035; x_wconf 78' lang='lat' dir='ltr'><strong>scens,</strong></span> <span class='ocrx_word' id='word_1_748' title='bbox 649 4972 702 5025; x_wconf 92' lang='lat' dir='ltr'><strong>in</strong></span> <span class='ocrx_word' id='word_1_749' title='bbox 730 4986 946 5028; x_wconf 87' lang='lat' dir='ltr'><strong>omnem</strong></span> <span class='ocrx_word' id='word_1_750' title='bbox 987 4975 1248 5030; x_wconf 89' lang='lat' dir='ltr'><strong>mundum</strong></span> <span class='ocrx_word' id='word_1_751' title='bbox 1289 4975 1590 5036; x_wconf 77' lang='lat' dir='ltr'><strong>introduxit</strong></span> <span class='ocrx_word' id='word_1_752' title='bbox 1616 4996 1632 5034; x_wconf 90' lang='lat'><strong>:</strong></span> <span class='ocrx_word' id='word_1_753' title='bbox 1658 4993 1722 5034; x_wconf 86' lang='lat' dir='ltr'><strong>ac</strong></span> <span class='ocrx_word' id='word_1_754' title='bbox 1749 4991 1996 5050; x_wconf 89' lang='lat' dir='ltr'><strong>propter-</strong></span> 
     </span>
    </p>
   </div>
   <div class='ocr_carea' id='block_1_99' title="bbox 435 5063 1996 5135">
    <p class='ocr_par' dir='ltr' id='par_1_99' title="bbox 435 5063 1996 5135">
     <span class='ocr_line' id='line_1_99' title="bbox 435 5063 1996 5135; baseline 0.006 -19"><span class='ocrx_word' id='word_1_755' title='bbox 435 5077 496 5116; x_wconf 89' lang='lat' dir='ltr'><strong>ea</strong></span> <span class='ocrx_word' id='word_1_756' title='bbox 531 5063 708 5118; x_wconf 83' lang='lat' dir='ltr'><strong>omnis</strong></span> <span class='ocrx_word' id='word_1_757' title='bbox 761 5073 1069 5118; x_wconf 86' lang='lat' dir='ltr'><strong>sanctorum</strong></span> <span class='ocrx_word' id='word_1_758' title='bbox 1115 5082 1356 5121; x_wconf 77' lang='lat' dir='ltr'><strong>zerumna</strong></span> <span class='ocrx_word' id='word_1_759' title='bbox 1401 5078 1526 5122; x_wconf 90' lang='lat' dir='ltr'><strong>nata</strong></span> <span class='ocrx_word' id='word_1_760' title='bbox 1559 5077 1671 5135; x_wconf 90' lang='lat' dir='ltr'><strong>est;</strong></span> <span class='ocrx_word' id='word_1_761' title='bbox 1720 5086 1907 5125; x_wconf 81' lang='lat' dir='ltr'><strong>verum</strong></span> <span class='ocrx_word' id='word_1_762' title='bbox 1941 5073 1996 5126; x_wconf 91' lang='lat' dir='ltr'><strong>in</strong></span> 
     </span>
    </p>
   </div>
   <div class='ocr_carea' id='block_1_100' title="bbox 436 5154 1996 5230">
    <p class='ocr_par' dir='ltr' id='par_1_100' title="bbox 436 5154 1996 5230">
     <span class='ocr_line' id='line_1_100' title="bbox 436 5154 1996 5230; baseline 0.006 -22"><span class='ocrx_word' id='word_1_763' title='bbox 436 5154 554 5208; x_wconf 86' lang='lat' dir='ltr'><strong>sola</strong></span> <span class='ocrx_word' id='word_1_764' title='bbox 577 5165 764 5209; x_wconf 84' lang='lat' dir='ltr'><strong>sancta</strong></span> <span class='ocrx_word' id='word_1_765' title='bbox 795 5155 1036 5226; x_wconf 81' lang='lat' dir='ltr'><strong>Virgine,</strong></span> <span class='ocrx_word' id='word_1_766' title='bbox 1073 5158 1190 5226; x_wconf 83' lang='lat' dir='ltr'><strong>ejus</strong></span> <span class='ocrx_word' id='word_1_767' title='bbox 1217 5159 1400 5228; x_wconf 90' lang='lat' dir='ltr'><strong>lapsus</strong></span> <span class='ocrx_word' id='word_1_768' title='bbox 1429 5170 1711 5230; x_wconf 88' lang='lat' dir='ltr'><strong>reparatus</strong></span> <span class='ocrx_word' id='word_1_769' title='bbox 1737 5171 1840 5218; x_wconf 89' lang='lat' dir='ltr'><strong>est.</strong></span> <span class='ocrx_word' id='word_1_770' title='bbox 1891 5163 1996 5218; x_wconf 85' lang='lat' dir='ltr'><strong>Ne-</strong></span> 
     </span>
    </p>
   </div>
   <div class='ocr_carea' id='block_1_101' title="bbox 437 5246 1994 5322">
    <p class='ocr_par' dir='ltr' id='par_1_101' title="bbox 437 5246 1994 5322">
     <span class='ocr_line' id='line_1_101' title="bbox 437 5246 1994 5322; baseline 0.007 -25"><span class='ocrx_word' id='word_1_771' title='bbox 437 5261 543 5314; x_wconf 89' lang='lat' dir='ltr'><strong>que</strong></span> <span class='ocrx_word' id='word_1_772' title='bbox 569 5246 722 5316; x_wconf 89' lang='lat' dir='ltr'><strong>prius</strong></span> <span class='ocrx_word' id='word_1_773' title='bbox 747 5247 1094 5302; x_wconf 86' lang='lat' dir='ltr'><strong>sanctissima</strong></span> <span class='ocrx_word' id='word_1_774' title='bbox 1119 5247 1280 5319; x_wconf 79' lang='lat' dir='ltr'><strong>Virgo</strong></span> <span class='ocrx_word' id='word_1_775' title='bbox 1305 5250 1506 5304; x_wconf 90' lang='lat' dir='ltr'><strong>donum</strong></span> <span class='ocrx_word' id='word_1_776' title='bbox 1533 5251 1773 5316; x_wconf 88' lang='lat' dir='ltr'><strong>admisit,</strong></span> <span class='ocrx_word' id='word_1_777' title='bbox 1809 5269 1994 5322; x_wconf 90' lang='lat' dir='ltr'><strong>quam,</strong></span> 
     </span>
    </p>
   </div>
   <div class='ocr_carea' id='block_1_102' title="bbox 434 5337 1998 5410">
    <p class='ocr_par' dir='ltr' id='par_1_102' title="bbox 434 5337 1998 5410">
     <span class='ocr_line' id='line_1_102' title="bbox 434 5337 1998 5410; baseline 0.005 -19"><span class='ocrx_word' id='word_1_778' title='bbox 434 5339 561 5410; x_wconf 78' lang='lat' dir='ltr'><strong>quis</strong></span> <span class='ocrx_word' id='word_1_779' title='bbox 601 5337 732 5392; x_wconf 89' lang='lat' dir='ltr'><strong>illud</strong></span> <span class='ocrx_word' id='word_1_780' title='bbox 774 5338 1046 5404; x_wconf 87' lang='lat' dir='ltr'><strong>mitteret,</strong></span> <span class='ocrx_word' id='word_1_781' title='bbox 1092 5347 1145 5393; x_wconf 88' lang='lat' dir='ltr'><strong>et</strong></span> <span class='ocrx_word' id='word_1_782' title='bbox 1171 5341 1440 5410; x_wconf 86' lang='lat' dir='ltr'><strong>quodnam</strong></span> <span class='ocrx_word' id='word_1_783' title='bbox 1488 5342 1688 5398; x_wconf 90' lang='lat' dir='ltr'><strong>donum</strong></span> <span class='ocrx_word' id='word_1_784' title='bbox 1719 5354 1897 5408; x_wconf 87' lang='lat' dir='ltr'><strong>esset,</strong></span> <span class='ocrx_word' id='word_1_785' title='bbox 1934 5359 1998 5399; x_wconf 88' lang='lat' dir='ltr'><strong>ac</strong></span> 
     </span>
    </p>
   </div>
   <div class='ocr_carea' id='block_1_103' title="bbox 439 5430 1998 5503">
    <p class='ocr_par' dir='ltr' id='par_1_103' title="bbox 439 5430 1998 5503">
     <span class='ocr_line' id='line_1_103' title="bbox 439 5430 1998 5503; baseline 0.005 -19"><span class='ocrx_word' id='word_1_786' title='bbox 439 5432 564 5499; x_wconf 85' lang='lat' dir='ltr'><strong>quis</strong></span> <span class='ocrx_word' id='word_1_787' title='bbox 587 5430 790 5498; x_wconf 79' lang='lat' dir='ltr'><strong>ferret,</strong></span> <span class='ocrx_word' id='word_1_788' title='bbox 825 5432 1190 5489; x_wconf 89' lang='lat' dir='ltr'><strong>addidicisset.</strong></span> <span class='ocrx_word' id='word_1_789' title='bbox 1221 5433 1352 5499; x_wconf 60' lang='lat' dir='ltr'><strong>Quae</strong></span> <span class='ocrx_word' id='word_1_790' title='bbox 1415 5432 1542 5488; x_wconf 92' lang='lat' dir='ltr'><strong>dum</strong></span> <span class='ocrx_word' id='word_1_791' title='bbox 1595 5451 1816 5503; x_wconf 87' lang='lat' dir='ltr'><strong>secum,</strong></span> <span class='ocrx_word' id='word_1_792' title='bbox 1852 5440 1998 5493; x_wconf 83' lang='lat' dir='ltr'><strong>velut</strong></span> 
     </span>
    </p>
   </div>
   <div class='ocr_carea' id='block_1_104' title="bbox 439 5523 1993 5595">
    <p class='ocr_par' dir='ltr' id='par_1_104' title="bbox 439 5523 1993 5595">
     <span class='ocr_line' id='line_1_104' title="bbox 439 5523 1993 5595; baseline 0.006 -19"><span class='ocrx_word' id='word_1_793' title='bbox 439 5523 1002 5594; x_wconf 68' lang='lat' dir='ltr'><strong>ncepsdoquerelur,</strong></span> <span class='ocrx_word' id='word_1_794' title='bbox 1029 5524 1102 5578; x_wconf 90' lang='lat' dir='ltr'><strong>ait</strong></span> <span class='ocrx_word' id='word_1_795' title='bbox 1131 5525 1195 5578; x_wconf 88' lang='lat' dir='ltr'><strong>ad</strong></span> <span class='ocrx_word' id='word_1_796' title='bbox 1223 5527 1470 5595; x_wconf 88' lang='lat' dir='ltr'><strong>angelum</strong></span> <span class='ocrx_word' id='word_1_797' title='bbox 1508 5547 1520 5582; x_wconf 95' lang='lat'>:</span> <span class='ocrx_word' id='word_1_798' title='bbox 1551 5525 1705 5584; x_wconf 88' lang='lat' dir='ltr'><strong>Unde</strong></span> <span class='ocrx_word' id='word_1_799' title='bbox 1734 5531 1816 5585; x_wconf 91' lang='lat' dir='ltr'><strong>sic</strong></span> <span class='ocrx_word' id='word_1_800' title='bbox 1839 5533 1993 5586; x_wconf 92' lang='lat' dir='ltr'><strong>nobis</strong></span> 
     </span>
    </p>
   </div>
   <div class='ocr_carea' id='block_1_105' title="bbox 589 5699 1287 5773">
    <p class='ocr_par' dir='ltr' id='par_1_105' title="bbox 589 5699 1287 5773">
     <span class='ocr_line' id='line_1_105' title="bbox 589 5699 1287 5773; baseline 0.013 -22"><span class='ocrx_word' id='word_1_801' title='bbox 589 5699 904 5773; x_wconf 48' lang='lat' dir='ltr'><strong>Psal:__xcv,</strong></span> <span class='ocrx_word' id='word_1_802' title='bbox 941 5705 999 5758; x_wconf 82' lang='lat' dir='ltr'><strong>ll</strong></span> <span class='ocrx_word' id='word_1_803' title='bbox 1023 5745 1037 5773; x_wconf 91' lang='lat'><strong>,</strong></span> <span class='ocrx_word' id='word_1_804' title='bbox 1071 5703 1168 5770; x_wconf 70' lang='grc' dir='ltr'><strong>ιε,</strong></span> <span class='ocrx_word' id='word_1_805' title='bbox 1199 5705 1287 5760; x_wconf 77' lang='grc'><strong>15.</strong></span> 
     </span>
    </p>
   </div>
   <div class='ocr_carea' id='block_1_106' title="bbox 433 5766 1830 5896">
    <p class='ocr_par' dir='ltr' id='par_1_106' title="bbox 433 5766 1830 5896">
     <span class='ocr_line' id='line_1_106' title="bbox 433 5766 1830 5876; baseline 0.004 -52"><span class='ocrx_word' id='word_1_806' title='bbox 433 5766 803 5856; x_wconf 43' lang='lat' dir='ltr'><strong>ruminas,</strong></span> <span class='ocrx_word' id='word_1_807' title='bbox 891 5766 900 5770; x_wconf 86' lang='lat'>&#39;</span> <span class='ocrx_word' id='word_1_808' title='bbox 1024 5766 1034 5773; x_wconf 88' lang='lat'><strong><em>&#39;</em></strong></span> <span class='ocrx_word' id='word_1_809' title='bbox 1157 5766 1164 5770; x_wconf 86' lang='lat'>&#39;</span> <span class='ocrx_word' id='word_1_810' title='bbox 1761 5766 1830 5876; x_wconf 45' lang='grc' dir='ltr'>,ἰ</span> 
     </span>
     <span class='ocr_line' id='line_1_107' title="bbox 1745 5867 1828 5896; baseline 0 0"><span class='ocrx_word' id='word_1_811' title='bbox 1745 5867 1828 5896; x_wconf 72' lang='lat' dir='ltr'><strong>.‘tr</strong></span> 
     </span>
    </p>
   </div>
   <div class='ocr_carea' id='block_1_107' title="bbox 1383 5705 2460 5778">
    <p class='ocr_par' dir='ltr' id='par_1_107' title="bbox 1383 5705 2460 5778">
     <span class='ocr_line' id='line_1_108' title="bbox 1383 5705 2460 5778; baseline 0.004 -19"><span class='ocrx_word' id='word_1_812' title='bbox 1383 5707 1426 5738; x_wconf 82' lang='grc'><strong>⁶¹</strong></span> <span class='ocrx_word' id='word_1_813' title='bbox 1465 5705 1648 5761; x_wconf 85' lang='lat' dir='ltr'><strong>Matth.</strong></span> <span class='ocrx_word' id='word_1_814' title='bbox 1686 5725 1776 5776; x_wconf 82' lang='grc' dir='ltr'>ιη,</span> <span class='ocrx_word' id='word_1_815' title='bbox 1813 5709 1865 5763; x_wconf 88' lang='grc'><strong>8.</strong></span> <span class='ocrx_word' id='word_1_816' title='bbox 1943 5707 2160 5766; x_wconf 70' lang='lat' dir='ltr'><strong>“Joan.</strong></span> <span class='ocrx_word' id='word_1_817' title='bbox 2198 5727 2319 5778; x_wconf 72' lang='lat' dir='ltr'><strong>xu,</strong></span> <span class='ocrx_word' id='word_1_818' title='bbox 2371 5709 2460 5764; x_wconf 71' lang='lat'><strong>‘22.</strong></span> 
     </span>
    </p>
   </div>
   <div class='ocr_carea' id='block_1_108' title="bbox 2105 4613 3666 4688">
    <p class='ocr_par' dir='ltr' id='par_1_108' title="bbox 2105 4613 3666 4688">
     <span class='ocr_line' id='line_1_109' title="bbox 2105 4613 3666 4688; baseline -0.004 -16"><span class='ocrx_word' id='word_1_819' title='bbox 2105 4619 2271 4680; x_wconf 82' lang='grc' dir='ltr'>ὅντως</span> <span class='ocrx_word' id='word_1_820' title='bbox 2295 4615 2435 4670; x_wconf 79' lang='grc' dir='ltr'>κατὰ</span> <span class='ocrx_word' id='word_1_821' title='bbox 2462 4616 2636 4669; x_wconf 75' lang='grc' dir='ltr'>πάντα</span> <span class='ocrx_word' id='word_1_822' title='bbox 2657 4614 2946 4684; x_wconf 76' lang='grc' dir='ltr'>ἐτύγχανεν</span> <span class='ocrx_word' id='word_1_823' title='bbox 2966 4633 2978 4645; x_wconf 91' lang='grc'>·</span> <span class='ocrx_word' id='word_1_824' title='bbox 3007 4615 3105 4668; x_wconf 72' lang='grc' dir='ltr'>οὐκ</span> <span class='ocrx_word' id='word_1_825' title='bbox 3129 4613 3288 4685; x_wconf 77' lang='grc' dir='ltr'>ὁμοία</span> <span class='ocrx_word' id='word_1_826' title='bbox 3465 4615 3666 4684; x_wconf 77' lang='grc' dir='ltr'>ὅμοιος]</span> 
     </span>
    </p>
   </div>
   <div class='ocr_carea' id='block_1_109' title="bbox 2105 4707 3668 4783">
    <p class='ocr_par' dir='ltr' id='par_1_109' title="bbox 2105 4707 3668 4783">
     <span class='ocr_line' id='line_1_110' title="bbox 2105 4707 3668 4783; baseline -0.004 -18"><span class='ocrx_word' id='word_1_827' title='bbox 2105 4713 2239 4783; x_wconf 83' lang='grc' dir='ltr'>αὐτῇ</span> <span class='ocrx_word' id='word_1_828' title='bbox 2269 4713 2334 4764; x_wconf 82' lang='grc' dir='ltr'>ἐκ</span> <span class='ocrx_word' id='word_1_829' title='bbox 2366 4709 2554 4764; x_wconf 85' lang='grc' dir='ltr'>πασῶν</span> <span class='ocrx_word' id='word_1_830' title='bbox 2584 4708 2783 4776; x_wconf 87' lang='grc' dir='ltr'>γενεῶν</span> <span class='ocrx_word' id='word_1_831' title='bbox 2816 4725 2900 4771; x_wconf 81' lang='grc' dir='ltr'><strong>τις</strong></span> <span class='ocrx_word' id='word_1_832' title='bbox 2931 4707 3150 4777; x_wconf 80' lang='grc' dir='ltr'>γέγονεν</span> <span class='ocrx_word' id='word_1_833' title='bbox 3177 4708 3418 4761; x_wconf 83' lang='grc' dir='ltr'>πώποτε.</span> <span class='ocrx_word' id='word_1_834' title='bbox 3453 4707 3567 4777; x_wconf 76' lang='grc' dir='ltr'><strong>Οὐχ</strong></span> <span class='ocrx_word' id='word_1_835' title='bbox 3594 4709 3668 4768; x_wconf 80' lang='grc' dir='ltr'>ὡς</span> 
     </span>
    </p>
   </div>
   <div class='ocr_carea' id='block_1_110' title="bbox 2102 4793 3670 4869">
    <p class='ocr_par' dir='ltr' id='par_1_110' title="bbox 2102 4793 3670 4869">
     <span class='ocr_line' id='line_1_111' title="bbox 2102 4793 3670 4869; baseline -0.001 -19"><span class='ocrx_word' id='word_1_836' title='bbox 2102 4799 2134 4869; x_wconf 82' lang='grc' dir='ltr'><strong>ή</strong></span> <span class='ocrx_word' id='word_1_837' title='bbox 2160 4796 2347 4869; x_wconf 79' lang='grc' dir='ltr'>πρώην</span> <span class='ocrx_word' id='word_1_838' title='bbox 2373 4794 2490 4868; x_wconf 79' lang='grc' dir='ltr'><strong>[ἄλ.</strong></span> <span class='ocrx_word' id='word_1_839' title='bbox 2529 4793 2753 4866; x_wconf 80' lang='grc' dir='ltr'>πρώτη]</span> <span class='ocrx_word' id='word_1_840' title='bbox 2782 4795 3045 4865; x_wconf 71' lang='grc' dir='ltr'>παρθένος</span> <span class='ocrx_word' id='word_1_841' title='bbox 3071 4795 3184 4849; x_wconf 77' lang='grc' dir='ltr'><strong>Εὕα</strong></span> <span class='ocrx_word' id='word_1_842' title='bbox 3222 4797 3358 4868; x_wconf 83' lang='grc' dir='ltr'>μόνη</span> <span class='ocrx_word' id='word_1_843' title='bbox 3395 4798 3452 4846; x_wconf 78' lang='grc' dir='ltr'>ἐν</span> <span class='ocrx_word' id='word_1_844' title='bbox 3497 4813 3670 4867; x_wconf 80' lang='grc' dir='ltr'>παρα-</span> 
     </span>
    </p>
   </div>
   <div class='ocr_carea' id='block_1_111' title="bbox 2101 4887 3668 4966">
    <p class='ocr_par' dir='ltr' id='par_1_111' title="bbox 2101 4887 3668 4966">
     <span class='ocr_line' id='line_1_112' title="bbox 2101 4887 3668 4966; baseline -0.003 -23"><span class='ocrx_word' id='word_1_845' title='bbox 2101 4890 2260 4960; x_wconf 83' lang='grc' dir='ltr'>δείσῳ</span> <span class='ocrx_word' id='word_1_846' title='bbox 2289 4889 2602 4960; x_wconf 77' lang='grc' dir='ltr'>χορεύουσα,</span> <span class='ocrx_word' id='word_1_847' title='bbox 2627 4887 2796 4966; x_wconf 76' lang='grc' dir='ltr'>χαύνῃ</span> <span class='ocrx_word' id='word_1_848' title='bbox 2901 4888 3123 4958; x_wconf 74' lang='grc' dir='ltr'>διανοίᾳ,</span> <span class='ocrx_word' id='word_1_849' title='bbox 3145 4887 3490 4958; x_wconf 80' lang='grc' dir='ltr'>ἀπεριέργως</span> <span class='ocrx_word' id='word_1_850' title='bbox 3519 4887 3668 4958; x_wconf 77' lang='grc' dir='ltr'>παρᾶ</span> 
     </span>
    </p>
   </div>
   <div class='ocr_carea' id='block_1_112' title="bbox 2099 4979 3668 5052">
    <p class='ocr_par' dir='ltr' id='par_1_112' title="bbox 2099 4979 3668 5052">
     <span class='ocr_line' id='line_1_113' title="bbox 2099 4979 3668 5052; baseline -0.002 -17"><span class='ocrx_word' id='word_1_851' title='bbox 2099 4982 2192 5035; x_wconf 76' lang='grc' dir='ltr'>τοῦ</span> <span class='ocrx_word' id='word_1_852' title='bbox 2233 4982 2537 5052; x_wconf 83' lang='grc' dir='ltr'>ἁρχεκάκου</span> <span class='ocrx_word' id='word_1_853' title='bbox 2567 4981 2739 5051; x_wconf 68' lang='grc' dir='ltr'>ὄφεως</span> <span class='ocrx_word' id='word_1_854' title='bbox 2781 4982 2870 5034; x_wconf 84' lang='grc' dir='ltr'>τὸν</span> <span class='ocrx_word' id='word_1_855' title='bbox 2901 4980 3054 5049; x_wconf 82' lang='grc' dir='ltr'>λόγον</span> <span class='ocrx_word' id='word_1_856' title='bbox 3078 4979 3328 5046; x_wconf 76' lang='grc' dir='ltr'>ἐδέξατο,</span> <span class='ocrx_word' id='word_1_857' title='bbox 3377 4981 3472 5032; x_wconf 80' lang='grc' dir='ltr'>καὶ</span> <span class='ocrx_word' id='word_1_858' title='bbox 3497 4981 3668 5044; x_wconf 67' lang='grc' dir='ltr'>οὕτως</span> 
     </span>
    </p>
   </div>
   <div class='ocr_carea' id='block_1_113' title="bbox 2097 5072 3668 5146">
    <p class='ocr_par' dir='ltr' id='par_1_113' title="bbox 2097 5072 3668 5146">
     <span class='ocr_line' id='line_1_114' title="bbox 2097 5072 3668 5146; baseline -0.005 -14"><span class='ocrx_word' id='word_1_859' title='bbox 2097 5073 2307 5146; x_wconf 76' lang='grc' dir='ltr'>ἐφθάρη</span> <span class='ocrx_word' id='word_1_860' title='bbox 2339 5073 2399 5126; x_wconf 84' lang='grc' dir='ltr'><strong>τὸ</strong></span> <span class='ocrx_word' id='word_1_861' title='bbox 2424 5074 2520 5145; x_wconf 83' lang='grc' dir='ltr'>τῆς</span> <span class='ocrx_word' id='word_1_862' title='bbox 2545 5074 2777 5137; x_wconf 83' lang='grc' dir='ltr'>διανοίας</span> <span class='ocrx_word' id='word_1_863' title='bbox 2811 5074 3062 5146; x_wconf 78' lang='grc' dir='ltr'>φρόνημα</span> <span class='ocrx_word' id='word_1_864' title='bbox 3086 5073 3203 5144; x_wconf 68' lang='grc' dir='ltr'><strong>[ἀλ.</strong></span> <span class='ocrx_word' id='word_1_865' title='bbox 3225 5072 3302 5144; x_wconf 84' lang='grc' dir='ltr'>τῷ</span> <span class='ocrx_word' id='word_1_866' title='bbox 3321 5073 3421 5144; x_wconf 79' lang='grc' dir='ltr'>τῆς</span> <span class='ocrx_word' id='word_1_867' title='bbox 3443 5074 3668 5144; x_wconf 80' lang='grc' dir='ltr'>καρδίας</span> 
     </span>
    </p>
   </div>
   <div class='ocr_carea' id='block_1_114' title="bbox 2098 5162 3664 5234">
    <p class='ocr_par' dir='ltr' id='par_1_114' title="bbox 2098 5162 3664 5234">
     <span class='ocr_line' id='line_1_115' title="bbox 2098 5162 3664 5234; baseline -0.001 -18"><span class='ocrx_word' id='word_1_868' title='bbox 2098 5162 2464 5234; x_wconf 81' lang='grc' dir='ltr'>φρονήματι]·</span> <span class='ocrx_word' id='word_1_869' title='bbox 2489 5163 2580 5216; x_wconf 75' lang='grc' dir='ltr'>καὶ</span> <span class='ocrx_word' id='word_1_870' title='bbox 2615 5162 2868 5234; x_wconf 78' lang='grc' dir='ltr'>δι”αὐτῆς</span> <span class='ocrx_word' id='word_1_871' title='bbox 2891 5166 2920 5216; x_wconf 83' lang='grc' dir='ltr'>ὁ</span> <span class='ocrx_word' id='word_1_872' title='bbox 2961 5163 3129 5226; x_wconf 83' lang='grc' dir='ltr'>δόλιος</span> <span class='ocrx_word' id='word_1_873' title='bbox 3165 5163 3256 5216; x_wconf 80' lang='grc' dir='ltr'><strong>τὸν</strong></span> <span class='ocrx_word' id='word_1_874' title='bbox 3323 5163 3398 5216; x_wconf 81' lang='grc' dir='ltr'><strong>ίὸν</strong></span> <span class='ocrx_word' id='word_1_875' title='bbox 3449 5163 3664 5232; x_wconf 76' lang='grc' dir='ltr'>ἐκχέας,</span> 
     </span>
    </p>
   </div>
   <div class='ocr_carea' id='block_1_115' title="bbox 2098 5254 3666 5325">
    <p class='ocr_par' dir='ltr' id='par_1_115' title="bbox 2098 5254 3666 5325">
     <span class='ocr_line' id='line_1_116' title="bbox 2098 5254 3666 5325; baseline -0.003 -17"><span class='ocrx_word' id='word_1_876' title='bbox 2098 5256 2308 5310; x_wconf 78' lang='grc' dir='ltr'>καὶτὸν</span> <span class='ocrx_word' id='word_1_877' title='bbox 2330 5255 2552 5310; x_wconf 81' lang='grc' dir='ltr'>θάνατον</span> <span class='ocrx_word' id='word_1_878' title='bbox 2582 5255 2940 5325; x_wconf 81' lang='grc' dir='ltr'>συγκεράσας,</span> <span class='ocrx_word' id='word_1_879' title='bbox 2983 5259 3062 5319; x_wconf 80' lang='grc' dir='ltr'><strong>εἰς</strong></span> <span class='ocrx_word' id='word_1_880' title='bbox 3104 5254 3278 5308; x_wconf 78' lang='grc' dir='ltr'>πάντα</span> <span class='ocrx_word' id='word_1_881' title='bbox 3329 5255 3420 5306; x_wconf 82' lang='grc' dir='ltr'><strong>τὸν</strong></span> <span class='ocrx_word' id='word_1_882' title='bbox 3465 5255 3666 5324; x_wconf 81' lang='grc' dir='ltr'>κόσμον</span> 
     </span>
    </p>
   </div>
   <div class='ocr_carea' id='block_1_116' title="bbox 2101 5349 3666 5425">
    <p class='ocr_par' dir='ltr' id='par_1_116' title="bbox 2101 5349 3666 5425">
     <span class='ocr_line' id='line_1_117' title="bbox 2101 5349 3666 5425; baseline -0.006 -18"><span class='ocrx_word' id='word_1_883' title='bbox 2101 5355 2396 5425; x_wconf 79' lang='grc' dir='ltr'>εἰσήγαγεν</span> <span class='ocrx_word' id='word_1_884' title='bbox 2422 5369 2434 5381; x_wconf 90' lang='grc'><strong>·</strong></span> <span class='ocrx_word' id='word_1_885' title='bbox 2465 5353 2560 5406; x_wconf 70' lang='grc' dir='ltr'><strong>καὶ</strong></span> <span class='ocrx_word' id='word_1_886' title='bbox 2581 5352 2667 5406; x_wconf 82' lang='grc' dir='ltr'><strong>διὰ</strong></span> <span class='ocrx_word' id='word_1_887' title='bbox 2688 5351 2842 5405; x_wconf 79' lang='grc' dir='ltr'>τοῦτο</span> <span class='ocrx_word' id='word_1_888' title='bbox 2871 5353 2978 5414; x_wconf 78' lang='grc' dir='ltr'><strong>πᾶς</strong></span> <span class='ocrx_word' id='word_1_889' title='bbox 3018 5350 3136 5422; x_wconf 65' lang='grc' dir='ltr'><strong>[ἄλ.</strong></span> <span class='ocrx_word' id='word_1_890' title='bbox 3179 5349 3356 5420; x_wconf 76' lang='grc' dir='ltr'>ἄπας]</span> <span class='ocrx_word' id='word_1_891' title='bbox 3399 5352 3430 5402; x_wconf 83' lang='grc' dir='ltr'><strong>ὁ</strong></span> <span class='ocrx_word' id='word_1_892' title='bbox 3469 5349 3666 5420; x_wconf 74' lang='grc' dir='ltr'>μόχθος</span> 
     </span>
    </p>
   </div>
   <div class='ocr_carea' id='block_1_117' title="bbox 2099 5440 3664 5514">
    <p class='ocr_par' dir='ltr' id='par_1_117' title="bbox 2099 5440 3664 5514">
     <span class='ocr_line' id='line_1_118' title="bbox 2099 5440 3664 5514; baseline -0.002 -21"><span class='ocrx_word' id='word_1_893' title='bbox 2099 5441 2204 5493; x_wconf 86' lang='grc' dir='ltr'><strong>τῶν</strong></span> <span class='ocrx_word' id='word_1_894' title='bbox 2225 5441 2396 5508; x_wconf 84' lang='grc' dir='ltr'>ἁγίων</span> <span class='ocrx_word' id='word_1_895' title='bbox 2422 5441 2667 5509; x_wconf 81' lang='grc' dir='ltr'>ἐγένετο·</span> <span class='ocrx_word' id='word_1_896' title='bbox 2702 5441 2816 5496; x_wconf 87' lang='grc' dir='ltr'><strong>ἀλλ’</strong></span> <span class='ocrx_word' id='word_1_897' title='bbox 2849 5445 2906 5496; x_wconf 81' lang='grc' dir='ltr'><strong>ὲν</strong></span> <span class='ocrx_word' id='word_1_898' title='bbox 2941 5440 3075 5514; x_wconf 81' lang='grc' dir='ltr'>μόνῃ</span> <span class='ocrx_word' id='word_1_899' title='bbox 3105 5445 3169 5512; x_wconf 83' lang='grc' dir='ltr'>τῇ</span> <span class='ocrx_word' id='word_1_900' title='bbox 3209 5441 3340 5512; x_wconf 72' lang='grc' dir='ltr'>ἁγίᾳ</span> <span class='ocrx_word' id='word_1_901' title='bbox 3383 5441 3664 5511; x_wconf 70' lang='grc' dir='ltr'>Παρθένῳ,</span> 
     </span>
    </p>
   </div>
   <div class='ocr_carea' id='block_1_118' title="bbox 2099 5531 3666 5604">
    <p class='ocr_par' dir='ltr' id='par_1_118' title="bbox 2099 5531 3666 5604">
     <span class='ocr_line' id='line_1_119' title="bbox 2099 5531 3666 5604; baseline -0.003 -19"><span class='ocrx_word' id='word_1_902' title='bbox 2099 5533 2158 5585; x_wconf 79' lang='grc' dir='ltr'><strong>τὸ</strong></span> <span class='ocrx_word' id='word_1_903' title='bbox 2189 5531 2401 5601; x_wconf 79' lang='grc' dir='ltr'>ἐκείνης</span> <span class='ocrx_word' id='word_1_904' title='bbox 2435 5535 2676 5597; x_wconf 85' lang='grc' dir='ltr'>πταῖσμα</span> <span class='ocrx_word' id='word_1_905' title='bbox 2707 5531 2825 5603; x_wconf 82' lang='grc' dir='ltr'><strong>[ἄλ.</strong></span> <span class='ocrx_word' id='word_1_906' title='bbox 2861 5531 3090 5604; x_wconf 82' lang='grc' dir='ltr'>πτῶμα]</span> <span class='ocrx_word' id='word_1_907' title='bbox 3121 5533 3506 5586; x_wconf 81' lang='grc' dir='ltr'>ἁνασέσωσται.</span> <span class='ocrx_word' id='word_1_908' title='bbox 3557 5531 3666 5584; x_wconf 69' lang='grc' dir='ltr'>Καὶ</span> 
     </span>
    </p>
   </div>
   <div class='ocr_carea' id='block_1_119' title="bbox 2557 5707 3566 5774">
    <p class='ocr_par' dir='ltr' id='par_1_119' title="bbox 2557 5707 3566 5774">
     <span class='ocr_line' id='line_1_120' title="bbox 2557 5707 3566 5774; baseline -0.001 -7"><span class='ocrx_word' id='word_1_909' title='bbox 2557 5709 2604 5742; x_wconf 79' lang='grc'><strong>⁸⁸</strong></span> <span class='ocrx_word' id='word_1_910' title='bbox 2641 5709 2772 5766; x_wconf 88' lang='lat' dir='ltr'><strong>Luc.</strong></span> <span class='ocrx_word' id='word_1_911' title='bbox 2808 5727 2858 5773; x_wconf 87' lang='grc' dir='ltr'><strong>ι,</strong></span> <span class='ocrx_word' id='word_1_912' title='bbox 2899 5709 2984 5764; x_wconf 76' lang='lat'><strong>‘28.</strong></span> <span class='ocrx_word' id='word_1_913' title='bbox 3080 5711 3124 5742; x_wconf 75' lang='grc'><strong>³³</strong></span> <span class='ocrx_word' id='word_1_914' title='bbox 3167 5709 3298 5766; x_wconf 83' lang='lat' dir='ltr'><strong>Ibid.</strong></span> <span class='ocrx_word' id='word_1_915' title='bbox 3331 5709 3432 5774; x_wconf 68' lang='lat'><strong>28,</strong></span> <span class='ocrx_word' id='word_1_916' title='bbox 3466 5707 3566 5766; x_wconf 60' lang='grc' dir='ltr'><strong>δὲ.</strong></span> 
     </span>
    </p>
   </div>
  </div>
