3876 6554
257 396 400 450 “.59

1161 401 1444 458 HOMILIA
1484 403 1505 456 Ῑ
1544 403 1611 458 IN
1653 404 2079 461 ANNUNTIAT.
2125 404 2304 460 VIRG.
2337 403 2598 460 MAﬂI/E.

3347 408 3486 464 “50

250 517 316 570 οὐ
359 515 616 588 πρότερον
650 518 683 588 ἠ
718 517 846 586 άγία
864 518 924 571 τὸ
956 518 1125 591 δῶρον
1164 522 1527 595 ἐκαρτέρησεν
1567 523 1807 588 ὑποδέξα-

1930 522 2357 578 benedictionem
2388 521 2726 592 apportasti?
2757 519 2836 575 Ex
2857 521 3162 590 cnjusmodi
3193 521 3484 590 thesturis,

251 606 402 673 σθαι,
435 611 563 679 πρὶν
597 609 664 662 ἂν
701 610 845 682 μάθῃ
860 611 941 675 τίς
963 614 991 665 6
1020 613 1283 684 πέμπων,
1330 617 1424 669 καὶ
1452 617 1503 669 τί
1543 616 1604 669 τὸ
1629 617 1820 687 δῶρον,

247 699 349 750 καὶ
380 699 460 760 τίς
483 701 510 752 ὁ
533 699 730 770 φέρων.
761 699 943 754 Ταῦτα
969 702 1091 755 καθ’
1121 705 1319 778 ἑαυτὴν
1357 705 1601 778 διηπόρει
1627 709 1660 778 ἡ
1693 707 1823 776 ἁγία

247 787 503 857 λέγουσα,
536 793 687 861 φησὶ,
723 792 858 863 πρὸς
885 794 975 848 τὸν
1004 794 1227 862 άγγελον
1246 776 1460 850 ’ίίΠόθεν
1487 776 1616 869 ἡμῖν
1649 776 1822 864 οὕτως

244 879 349 949 τὴν
374 879 620 948 εὐλογίαν
651 880 1004 952 ἐξεκόμισας;
1050 884 1142 936 Ἐκ
1179 885 1345 938 ποίων
1368 888 1499 958 ἡμῖν
1536 886 1822 958 θησαυρῶν

243 973 274 1024 ὁ
312 971 658 1043 μαργαρίτης
693 971 788 1025 τοῦ
831 973 987 1040 λόγου
1028 974 1390 1042 ἁπέσταλται;
1440 977 1606 1030 Πόθεν
1635 981 1818 1050 ήμίνή

240 1061 425 1133 δωρεὰ
467 1062 563 1134 τὴν
597 1062 848 1117 ὑπόθεσιν
890 1063 1008 1136 [ἄλ.
1047 1067 1367 1138 ὑπόσχεσιν]
1414 1067 1689 1137 κέκτηται.
1733 1069 1821 1134 Ἐξ

241 1153 477 1223 οὐρανοῦ
507 1156 903 1224 παραγέγονας,
936 1156 1052 1210 ἀλλ’
1081 1159 1174 1211 ἐπὶ
1203 1159 1305 1229 γῆς
1325 1159 1557 1230 βαδίζεις
1577 1177 1588 1189 ·
1609 1160 1819 1230 ἀνθρὼ-

239 1261 350 1298 που
393 1247 715 1317 χαρακτῆρα
769 1247 1125 1313 ἐπιδεικνύεις
1153 1289 1166 1312 ,
1201 1249 1308 1302 ’καὶ
1357 1250 1612 1321 λαμπάδα
1644 1251 1820 1319 φωτὸς

238 1320 915 1410 ἁπαστράπτειςῨΤαῦτα
962 1343 1020 1394 ἐν
1077 1343 1241 1413 ἑαυτῇ
1302 1345 1333 1414 ή
1377 1320 1504 1410 ἁγία
1543 1343 1815 1408 διενοεῖτο,

235 1430 504 1494 τοιούτοις
532 1431 587 1482 δὲ
613 1431 790 1500 λόγοις
815 1433 843 1485 6
873 1433 1210 1504 ἀρχάγγελος
1241 1433 1336 1506 τὴν
1358 1434 1628 1506 διάκρισιν
1650 1435 1818 1506 αὐτῆς

236 1523 453 1586 ἔλυσεν,
485 1522 649 1578 εἰπὼν
672 1525 809 1596 πρὸς
840 1525 1006 1596 αὐτήν
1020 1513 1309 1594 ίἮνεῦμα
1353 1525 1523 1596 ἄτιον
1571 1527 1818 1581 ἐπελεύ-

236 1632 413 1670 σεται
457 1616 553 1670 ἐπὶ
591 1615 666 1669 σὲ
690 1657 705 1683 ,
741 1615 838 1670 καὶ
879 1616 1132 1686 δύναμις
1166 1618 1447 1686 Ὑψίστου
1475 1618 1817 1674 ἐπισκιάσει

235 1725 359 1762 σοι.
400 1710 498 1762 Διὸ
523 1710 618 1762 καὶ
646 1709 711 1762 τὸ
735 1708 1111 1779 γεννώμενον
1133 1709 1201 1762 ἐκ
1227 1709 1341 1763 σοῦ
1368 1710 1567 1779 ἅγιον,
1597 1711 1817 1780 κληθή-

233 1813 412 1853 σεται
443 1800 575 1865 Υἱὸς
595 1799 761 1856 Θεοῦ.
799 1801 908 1854 Καὶ
930 1798 1016 1870 μὴ
1049 1801 1256 1869 φοϐοῦ,
1290 1800 1524 1871 Μαριάμ
1545 1819 1558 1833 ο
1602 1803 1662 1856 οὑ
1703 1801 1812 1874 γὰρ

236 1891 392 1962 φόϐῳ
417 1891 757 1962 καταπλῆξαί
784 1909 844 1946 σε
873 1866 1241 1964 παραγέγονα,
1267 1866 1692 1959 amentiamenti
1716 1866 1809 1948 τοῦ
1841 1866 1888 1926 Β

231 1978 404 2048 φόϐου
429 1979 526 2050 τὴν
557 1979 827 2036 ὑπόθεσιν.
861 1980 959 2049 Μὴ
981 1983 1187 2050 φόϐου,
1216 1982 1450 2054 Μαριάμ
1468 2000 1480 2014 '
1505 1979 1676 2052 εὗρες
1703 1985 1813 2054 γὰρ

229 2071 415 2142 χάριν
433 2073 592 2142 παρὰ
619 2073 701 2140 τῷ
742 2073 882 2140 Θεῷ.
908 2075 1018 2147 Τὴν
1038 2075 1196 2148 χάριν
1225 2077 1365 2130 κατὰ
1398 2077 1556 2146 φύσιν
1586 2079 1657 2148 μὴ
1681 2078 1811 2132 άνά-

229 2181 411 2233 κρινε.
440 2166 643 2236 Νόμοις
675 2165 808 2237 [ἄλ.
833 2167 1015 2239 νόμῳ]
1037 2167 1144 2239 γὰρ
1177 2170 1408 2237 φύσεως,
1435 2172 1468 2240 ἡ
1500 2171 1658 2242 χάρις
1683 2172 1814 2224 ὑπο-

228 2253 442 2309 ϐαίνειν
463 2258 564 2310 οὐκ
585 2258 855 2329 ἀνέχεται.
889 2260 1120 2329 Ἐγνως,
1142 2255 1186 2314 ὦ
1206 2261 1457 2333 Μαριὰμ,
1478 2262 1546 2315 τὰ
1570 2265 1694 2327 τοὺς
1712 2282 1813 2317 πα-

225 2347 499 2418 τριάρχας
531 2351 626 2402 καὶ
651 2351 930 2422 προφήτας
975 2350 1321 2407 λανθάνοντα.
1371 2353 1732 2426 Μεμάθηκας,
1766 2350 1810 2409 ὦ

226 2436 499 2509 Παρθένε,
524 2439 560 2493 ἃ
595 2440 754 2513 μέχρι
787 2440 880 2494 τοῦ
919 2441 1014 2495 νῦν
1048 2444 1400 2517 κεκρυμμένα
1446 2446 1538 2498 καὶ
1568 2449 1678 2509 τοῖς
1715 2447 1812 2516 ἀγ-

225 2529 412 2598 γέλοις
438 2531 752 2602 ἐτύγχανον.
799 2533 1088 2605 Ἀκήκοας,
1129 2529 1173 2588 ὦ
1207 2537 1465 2605 παναγία,
1493 2530 1567 2590 ὧν
1599 2537 1810 2592 οὐδέπω

223 2624 254 2676 6
283 2623 450 2695 χορὸς
480 2624 587 2679 τῶν
631 2625 903 2697 θεοφόρων
933 2626 1178 2695 ἠξίωται.
1215 2628 1454 2701 Μωῡσῆς
1488 2631 1580 2684 καὶ
1625 2631 1806 2699 Δαϐὶδ,

225 2716 322 2768 καὶ
374 2714 637 2782 Ἡσαΐας,
675 2717 769 2769 καὶ
816 2717 1032 2789 Δανιὴλ,
1065 2719 1160 2772 καὶ
1195 2719 1391 2784 πάντες
1440 2723 1489 2774 οἱ
1536 2723 1809 2793 προφῆται

225 2808 358 2879 περὶ
394 2807 557 2862 αὐτοῦ
601 2807 979 2881 προεκήρυξαν
1003 2826 1016 2840 ’
1064 2810 1200 2864 ἀλλὰ
1250 2812 1309 2865 τὸ
1362 2813 1513 2878 πῶς,
1549 2815 1648 2867 οὐκ
1687 2815 1807 2868 ἐπί-

227 2917 444 2956 σταντο.
469 2901 539 2956 Σὺ
565 2903 619 2955 δὲ
651 2903 809 2975 μόνη,
840 2897 885 2957 ὧ
925 2903 1170 2972 παναγία
1199 2904 1465 2977 Παρθένε,
1502 2905 1573 2958 τὰ
1601 2905 1809 2969 τούτοις

227 2993 435 3048 ἅπασιν
464 2995 800 3065 ἀγνοηθέντα
834 2997 1131 3068 μυστήρια,
1155 2995 1250 3050 νῦν
1276 2998 1531 3069 ὑποδέχῃ,
1558 2999 1651 3052 καὶ
1677 3015 1808 3068 μαν-

227 3083 416 3149 θάνεις
594 3087 874 3158 ὑποδέχου,
906 3089 997 3142 καὶ
1030 3087 1299 3160 μάνθανε]
1332 3089 1391 3142 τὸ
1423 3089 1603 3144 πόθεν.
1635 3090 1805 3143 Ὅπου

224 3175 332 3248 γὰρ
358 3177 586 3250 Πνεῦμα
603 3179 776 3248 ἅγιον,
795 3181 972 3234 πάντα
988 3179 1217 3251 ἑτοίμως
1242 3182 1616 3253 κατήρτισται.
1633 3181 1804 3236 Ὅπου
1833 3207 1875 3265 C

226 3267 346 3324 θεία
373 3270 558 3342 χάρις,
605 3271 783 3326 πάντα
821 3271 900 3343 τῷ
929 3273 1047 3346 Θεῷ
1076 3275 1295 3329 δυνατά.
1347 3275 1540 3344 Ἄγιον
1566 3273 1809 3344 Πνεῦμα

223 3361 323 3415 ἐπὶ
347 3361 431 3416 σὲ
450 3363 836 3420 ἐπελεύσεται
856 3408 870 3432 ,
910 3367 1010 3421 καὶ
1056 3367 1306 3437 δύναμις
1377 3366 1654 3434 Ὑψίστου
1686 3365 1809 3419 ἐπι-

226 3453 470 3509 σκιάσει
492 3471 615 3510 σοι’
650 3457 739 3511 διὸ
767 3458 947 3513 καὶτὸ
973 3459 1342 3529 γεννώμενον
1366 3459 1437 3511 ἐκ
1468 3458 1584 3512 σοῦ
1614 3457 1804 3525 ἅγιον,

225 3547 596 3614 κληθήσεται
644 3549 776 3615 Υἱὸς
797 3551 963 3604 Θεοῦ.
1003 3551 1065 3604 Et
1096 3551 1151 3604 δὲ
1181 3551 1310 3615 Υἱὸς
1333 3549 1468 3602 Θεοῦ
1491 3589 1506 3613 ,
1539 3550 1630 3602 καὶ
1652 3549 1803 3613 Θεὸς,

227 3635 552 3710 σύμμορφος
577 3639 654 3710 τῷ
674 3641 867 3712 Πατρὶ,
899 3641 992 3695 καὶ
1025 3640 1318 3705 συναῖδιος,
1349 3641 1406 3693 ὲν
1434 3631 1478 3706 ᾧ
1507 3640 1684 3692 πᾶσαν
1713 3637 1806 3692 κέ-

229 3747 428 3801 κτηται
459 3731 488 3783 6
528 3732 718 3802 Πατὴρ
759 3732 858 3804 τὴν
892 3733 1228 3805 φανέρωσιν·
1265 3734 1293 3785 6
1340 3730 1624 3802 χαρακτὴρ
1648 3733 1704 3784 ὲν
1728 3729 1806 3800 τῷ

229 3821 511 3894 προσώπῳ
537 3865 550 3889 ,
590 3825 683 3877 καὶ
727 3824 815 3877 διὰ
841 3824 934 3877 τοῦ
956 3825 1387 3896 ἀπαυγάσματος
1425 3827 1459 3895 ἡ
1491 3823 1616 3890 δόξα
1637 3840 1804 3876 κατα-

225 3913 522 3987 λάμπεται.
552 3915 663 3968 Καὶ
686 3914 873 3988 ὥσπερ
900 3917 965 3970 ἐκ
995 3919 1094 3988 τῆς
1123 3916 1346 3970 ἁεννάου
1382 3915 1562 3987 πηγῆς
1604 3917 1651 3968 oi
1704 3931 1803 3967 πο-

224 4007 393 4077 ταμοὶ
429 4006 828 4078 προέρχονται·
867 4007 1040 4072 οὓτως
1083 4006 1180 4061 καὶ
1214 4007 1279 4060 ἐκ
1309 4005 1511 4076 ταύτης
1549 4007 1648 4076 τῆς
1683 4006 1806 4058 ἀεν-

223 4099 353 4152 νάου
410 4099 503 4151 καὶ
533 4097 758 4161 ἀειζώου
781 4099 985 4170 πηγῆς,
1011 4099 1337 4170 προέρχεται
1362 4098 1422 4150 τὸ
1446 4097 1560 4166 φῶς
1587 4097 1678 4149 τοῦ
1709 4097 1802 4150 κό-

228 4205 389 4260 σμου,
417 4189 478 4242 τὸ
497 4189 720 4243 ἀὲνναον
744 4190 838 4243 καὶ
859 4189 1130 4261 ἀληθινὸν,
1161 4189 1395 4261 Χριστὸς
1415 4188 1444 4240 6
1477 4187 1606 4252 Θεὸς
1624 4189 1798 4259 ήμῶν.

227 4280 364 4352 Περὶ
395 4280 600 4353 ταύτης
629 4281 734 4354 γὰρ
761 4283 809 4334 οί
839 4283 1109 4354 προφῆται
1137 4283 1471 4354 κεκράγασιν
1491 4299 1504 4312 ’
1555 4281 1664 4334 Τοῦ
1693 4298 1800 4334 πο-

226 4375 416 4443 ταμοῦ
455 4376 528 4429 τὰ
564 4373 867 4445 ὀρμήματα
896 4377 1286 4446 εὐφραίνουσι
1325 4375 1445 4447 [γρ.
1477 4372 1542 4427 τὸ
1571 4374 1802 4444 ὅρμημα

227 4467 562 4540 εὐφραίνει]
614 4469 728 4537 τὴν
771 4470 952 4523 πόλιν
974 4469 1081 4524 τοῦ
1124 4468 1307 4523 Θεοῦ·
1349 4468 1410 4521 οὐ
1455 4467 1582 4538 μίαν
1610 4467 1666 4520 δὲ
1699 4466 1796 4520 πό-

1926 616 2080 671 verbi
2125 617 2413 687 margarita
2445 615 2602 670 nobis
2634 613 2832 669 emissa
2859 616 2976 669 est?
3024 613 3174 669 Unde
3203 617 3358 671 nobis
3390 618 3489 670 do-

1925 724 2054 764 num
2097 710 2382 764 materiam
2423 708 2521 781 [αι.
2550 706 2900 779 promissum]
2953 707 3197 777 paravit?
3239 707 3317 762 Ex
3348 712 3487 764 caelo

1926 801 2230 868 advenisti,
2276 809 2332 855 at
2367 801 2422 854 in
2461 809 2604 854 terra
2642 785 2878 866 incedis;
2915 801 3205 854 humanam
3254 800 3482 855 formam

1922 893 2164 960 exhibes,
2191 905 2245 947 et
2271 893 2410 947 lucis
2440 891 2652 963 fulgore
2680 893 3013 962 resplendes.
3045 892 3170 947 Haec
3193 893 3319 947 dum
3343 893 3480 946 intra

1922 999 1993 1039 se-
2008 984 2275 1055 cogitaret
2311 983 2654 1038 sanctissima
2684 979 2868 1049 Virgo,
2902 981 3102 1034 talibus
3130 979 3482 1048 archangelus

1920 1077 2265 1131 sermonibus
2309 1073 2764 1143 disceptationem
2813 1072 2931 1142 ejus
2974 1074 3170 1136 solvit,
3207 1072 3390 1126 dicens
3414 1071 3481 1124 ad

1921 1169 2092 1238 ipsam
2122 1187 2135 1222 :
2171 1165 2406 1237 Spiritus
2433 1175 2648 1220 sanctus
2690 1166 3006 1234 superveniet
3038 1167 3092 1218 in
3116 1175 3164 1219 te
3186 1205 3199 1229 ,
3231 1174 3278 1218 et
3315 1165 3480 1218 virtus

1918 1259 2184 1312 Altissimi
2213 1256 2540 1312 obumbrabit
2570 1258 2685 1310 tibi.
2757 1257 2879 1310 Ideo
2907 1266 2956 1310 et
2983 1257 3120 1327 quod
3149 1268 3389 1311 nascetur
3414 1271 3480 1310 ea;

1920 1359 1967 1403 te
1996 1360 2257 1415 sanctum,
2286 1347 2556 1402 vocabitur
2588 1347 2762 1402 Filius
2792 1348 3320 1416 Dei.Et,Netimeas,
3354 1348 3476 1403 Ma-

1919 1441 2002 1493 ria
2031 1456 2047 1492 :
2079 1455 2185 1493 non
2227 1438 2370 1493 enim
2403 1447 2462 1492 ut
2493 1448 2694 1492 metum
2743 1440 2837 1494 tibi
2880 1441 3173 1494 incntercm
3194 1482 3209 1507 ,
3244 1441 3432 1495 adveni
3459 1459 3475 1506 ;

1926 1531 2018 1584 sed
2050 1539 2110 1584 ut
2133 1538 2309 1585 metus
2344 1531 2622 1584 materiam
2649 1537 2750 1586 ate
2778 1532 3110 1600 repellerent.
3163 1530 3243 1585 Ne
3269 1534 3474 1599 timeas,

1918 1622 2093 1676 Maria
2116 1638 2134 1675 :
2162 1623 2405 1675 invenisti
2433 1623 2568 1674 enim
2591 1622 2817 1690 gratiam
2847 1621 2983 1690 apud
3014 1622 3196 1675 Deum.
3235 1621 3311 1678 Ne
3336 1624 3478 1692 diju-

1917 1713 2066 1766 dices
2095 1713 2322 1782 gratiam
2355 1712 2650 1767 secundum
2680 1721 2948 1766 naturam.
3004 1712 3234 1782 Legibus
3273 1712 3368 1784 [αι.
3403 1715 3478 1767 le-

1919 1802 1995 1875 gi]
2028 1805 2171 1859 enim
2202 1813 2410 1859 natura:
2467 1821 2524 1860 se
2559 1804 2750 1873 subjici
2780 1806 2950 1875 gratia
2983 1821 3090 1859 non
3115 1807 3333 1874 patitur.
3366 1804 3476 1859 No-

1918 1895 2008 1957 sti,
2043 1910 2076 1948 o
2097 1894 2286 1961 Maria,
2321 1910 2441 1964 quae
2467 1896 2806 1964 patriarchas
2830 1906 2881 1951 et
2907 1896 3196 1966 prophetas
3219 1896 3473 1951 latebant.

1917 1985 2184 2050 Didicisti,
2217 2002 2250 2040 ο
2277 1985 2461 2057 Virgo,
2489 2002 2609 2056 qua:
2640 1987 2817 2042 adhuc
2841 1988 3046 2058 angelis
3067 1989 3229 2042 etiam
3260 1987 3477 2043 fuerunt

1913 2078 2254 2133 abscondita.
2307 2078 2555 2143 Audisti,
2586 2094 2619 2133 ο
2654 2080 3016 2144 sanctissima,
3051 2096 3170 2148 qua:
3196 2096 3474 2150 nunquam

1911 2169 2096 2224 divino
2151 2168 2355 2238 Spiritu
2408 2169 2708 2224 alilatorum
2763 2171 2961 2226 chorus
3017 2173 3203 2228 audire
3256 2173 3472 2226 meruit.

1912 2259 2124 2332 Moyses
2153 2270 2206 2316 et
2235 2261 2401 2316 David
2425 2303 2440 2330 ,
2476 2262 2643 2317 Isaias
2671 2278 2734 2318 ac
2761 2263 2982 2330 Daniel,
3035 2265 3321 2334 cunctique
3351 2282 3474 2334 pro-

1910 2352 2084 2422 pheta:
2131 2354 2198 2408 de
2243 2353 2362 2424 ipso
2393 2354 2867 2424 praedicaverunt;
2904 2356 2998 2411 sed
3046 2357 3263 2411 modum
3308 2357 3474 2411 ratio-

1913 2457 2107 2498 nemve
2154 2443 2499 2514 ignorarunt.
2550 2442 2630 2497 Tu
2684 2459 2811 2500 vero
2857 2446 3007 2511 sola,
3059 2463 3091 2499 υ
3129 2447 3471 2501 sanctissima

1912 2530 2078 2603 Virgo
2100 2575 2115 2600 ,
2161 2551 2283 2605 qua:
2320 2537 2405 2591 his
2436 2535 2690 2590 omnibus
2733 2535 2913 2606 ignota
2945 2535 3162 2591 fuerunt
3195 2537 3470 2608 mysteria,
3565 2565 3570 2570 -

1912 2643 2056 2682 nunc
2083 2627 2320 2697 suscipis
2344 2667 2358 2691 ,
2391 2643 2723 2697 causamque
2755 2628 3010 2698 intelligis
3039 2628 3134 2700 [αι.
3169 2629 3382 2698 suscipe
3418 2639 3473 2684 et

1909 2717 2191 2790 intellige].
2247 2718 2378 2773 Nam
2412 2719 2503 2773 ubi
2531 2717 2759 2788 Spiritus
2787 2729 3026 2784 sanctus,
3053 2730 3250 2774 cuneta
3282 2736 3469 2790 prom-

1907 2819 1998 2879 pte
2050 2817 2212 2878 atque
2265 2809 2644 2864 incunctanter
2699 2807 3069 2877 perﬁciuntur.
3139 2806 3240 2862 Ubi
3293 2807 3471 2861 divina

1909 2903 2063 2957 adest
2107 2902 2315 2972 gratia,
2365 2903 2549 2956 omnia
2577 2901 2687 2956 Deo
2721 2909 2849 2955 sunt
2889 2899 3184 2970 possibilia.
3239 2897 3470 2968 Spiritus

1908 3003 2123 3048 sanctus
2157 2995 2477 3064 superveniet
2517 2995 2572 3048 in
2600 3004 2679 3059 te,
2719 3003 2767 3047 et
2794 2994 2958 3046 virtus
2989 2991 3247 3044 Altissimi
3285 2990 3469 3044 obum—

1909 3087 2082 3141 brabit
2133 3087 2228 3142 tibi
2270 3103 2288 3141 :
2335 3087 2451 3141 ideo
2498 3099 2543 3140 el
2590 3087 2725 3156 quod
2771 3095 3014 3140 nascetur
3037 3101 3099 3138 ea:
3137 3093 3185 3137 te
3207 3092 3468 3149 sanetum,

1907 3178 2178 3232 vocabitur
2224 3176 2400 3233 Filius
2447 3177 2565 3232 Dei.
2632 3177 2690 3231 Si
2730 3186 2905 3231 autem
2936 3175 3107 3230 Filius
3135 3175 3258 3241 Dei,
3303 3175 3468 3228 etiam

1911 3270 2073 3337 Deus,
2101 3270 2345 3340 ejusdem
2375 3268 2561 3323 forma:
2590 3283 2711 3323 cum
2749 3266 2906 3320 Patre
2926 3307 2941 3332 ,
2971 3274 3024 3319 et
3053 3273 3384 3329 coaeternus;
3413 3263 3469 3319 in

1909 3379 2019 3435 quo
2047 3378 2262 3417 onmem
2290 3361 2454 3416 Pater
2485 3361 2725 3431 possidet
2753 3358 3225 3422 clarilicationetn;
3272 3356 3467 3411 chara-

1908 3466 2022 3514 cter
2068 3465 2231 3525 atque
2279 3455 2459 3524 imago
2506 3453 2558 3506 in
2595 3468 2863 3522 persona;
2909 3458 2964 3504 et
3003 3464 3097 3518 per
3125 3447 3466 3517 splendorem

1908 3549 2074 3615 gloria
2100 3547 2350 3617 refulget.
2400 3544 2465 3600 Et
2495 3544 2953 3614 quemadmodum
2982 3556 3045 3596 ex
3073 3540 3292 3610 perenni
3322 3537 3470 3592 fonte

1905 3638 2209 3711 procedunt
2235 3637 2481 3702 ﬂumina,
2511 3637 2589 3691 sie
2617 3643 2671 3690 et
2698 3650 2764 3689 ex
2789 3635 2893 3688 hoc
2923 3632 3144 3702 perenni
3170 3645 3232 3685 ac
3257 3644 3467 3698 semper

1906 3732 2031 3786 vivo
2065 3731 2232 3793 fonte,
2264 3729 2609 3799 progreditur
2637 3727 2890 3798 perennis
2914 3734 2968 3779 et
2988 3740 3111 3780 vera
3137 3724 3225 3777 lux
3255 3721 3465 3786 mundi,

1907 3822 2159 3879 Christus
2194 3822 2336 3878 Deus
2361 3831 2564 3876 noster.
2608 3821 2678 3875 De
2702 3835 2766 3874 eo
2797 3833 3032 3888 namque
3064 3816 3338 3887 propheta:
3367 3816 3470 3869 cla-

1905 3926 2127 3972 marunt
2152 3935 2164 3970 :
2194 3915 2460 3970 Fluminis
2481 3917 2699 3985 impetus
2721 3914 2958 3982 lwtiﬁcat
2981 3913 3241 3965 civitatem
3264 3909 3360 3964 Dei
3379 3908 3424 3943 ⁸⁷
3449 3941 3467 3970 ,

1905 4025 2094 4080 neque
2131 4023 2296 4063 unam
2343 4007 2608 4062 duntaxat
2635 4006 2930 4068 civitatem,
2963 4004 3054 4058 sed
3080 4016 3304 4065 omnes;
3341 4014 3466 4053 nam

1905 4101 2046 4156 sicut
2078 4114 2241 4154 unam
2267 4097 2565 4161 civitatem,
2596 4096 2907 4149 universum
2937 4100 3204 4146 terrarum
3234 4086 3469 4140 laetiﬁcat

1903 4195 2111 4250 orbem.
2177 4189 2574 4246 Convenienter
2607 4188 2768 4258 igitur
2798 4185 3021 4255 angelus
3045 4181 3143 4254 [αι.
3174 4180 3469 4247 archange-

1903 4283 2012 4356 lus]
2045 4291 2247 4339 sanctae
2274 4281 2456 4335 Maria:
2488 4279 2731 4350 Virgini,
2764 4278 2941 4348 primo
2977 4276 3218 4332 omnium
3241 4314 3255 4337 ,
3291 4270 3462 4326 illud:

1905 4378 2028 4439 Ave,
2060 4374 2236 4443 gratia
2263 4373 2437 4441 plena,
2473 4371 2730 4424 Dominus
2773 4373 2967 4434 tecum,
2993 4362 3462 4436 prtesignilicavit‘:

1903 4467 2163 4537 quoniam
2190 4480 2312 4519 cum
2347 4464 2464 4534 ipsa
2495 4471 2638 4518 totus
2672 4461 2857 4532 gratia!
2904 4459 3192 4513 thesaurus
3217 4453 3464 4509 recondi—

227 4556 328 4624 λιν,
358 4559 496 4613 ἀλλὰ
523 4561 733 4623 πάσαςο
768 4560 956 4633 ὥσπερ
985 4560 1092 4631 γὰρ
1141 4559 1268 4631 μίαν
1304 4559 1487 4624 πόλιν,
1523 4558 1800 4629 εὐφραίνει

1911 4567 1992 4614 tus
2015 4567 2151 4613 erat.
2187 4555 2265 4610 Ex
2291 4557 2545 4610 omnibus
2579 4556 2724 4609 enim
2757 4550 3214 4624 generationibus,
3244 4547 3358 4599 haec
3379 4558 3469 4599 so-

225 4649 322 4721 τὴν
353 4652 677 4723 οἰκουμένην
706 4652 938 4707 ἃπασαν.
975 4654 1295 4725 Πρεπόντως
1317 4653 1492 4706 τοίνυν
1521 4653 1548 4705 6
1570 4652 1798 4721 ἄγγελος

229 4738 350 4811 [ἄλ.
388 4743 757 4818 ἀρχάγγελος]
787 4747 851 4816 τῇ
900 4743 1028 4816 ἁγίᾳ
1073 4743 1260 4815 Μαρίᾳ
1306 4744 1568 4814 Παρθένῳ
1607 4743 1798 4818 πρώτῃ

233 4835 472 4899 πάντων,
505 4836 592 4888 τό⁸
634 4836 828 4904 Xaipe,
856 4835 1311 4906 κεχαριτωμένη,
1348 4839 1381 4890 ὀ
1410 4837 1624 4904 Κύριος
1652 4838 1800 4906 μετὰ

229 4927 368 4992 σοῦ,
401 4928 778 5000 προεσήμαινεν
801 4945 814 4958 ·
849 4927 1033 4999 ἐπειδὴ
1071 4927 1185 4998 μετ’
1208 4928 1376 4998 αὐτῆς
1401 4928 1520 4990 ὅλος
1537 4931 1565 4981 ὁ
1596 4928 1798 4999 θησαυ-

230 5019 321 5089 ρὸς
352 5019 454 5090 τῆς
486 5019 705 5091 χάριτος
737 5019 1070 5072 ὲναπέκειτο.
1113 5019 1207 5072 Ἐκ
1235 5018 1422 5072 πασῶν
1454 5018 1564 5091 γὰρ
1596 5022 1794 5089 γενεῶν

229 5108 364 5181 αὕτη
398 5111 532 5182 μόνη
563 5111 828 5181 παρθένος
856 5111 986 5179 ἁγία
1030 5109 1240 5180 σώματι
1279 5111 1372 5164 καὶ
1411 5111 1676 5181 πνεύματι
1706 5112 1798 5180 γέ-

231 5217 419 5268 γονεν’
455 5203 550 5255 καὶ
579 5203 711 5273 μόνη
743 5203 893 5274 φέρει
918 5203 1008 5255 τὸν
1037 5200 1104 5254 τὰ
1133 5201 1308 5254 πάντα
1334 5200 1410 5272 τῷ
1457 5203 1657 5272 ῥήματι
1704 5204 1797 5271 φέ-

235 5311 415 5364 ροντα.
452 5295 561 5347 Καὶ
587 5296 649 5348 οὐ
694 5295 850 5365 μόνον
873 5288 1171 5362 θαυμάζειν
1214 5291 1359 5344 ἔστιν
1406 5291 1468 5342 τὸ
1506 5291 1606 5361 τῆς
1638 5291 1797 5360 ἁγίας

229 5385 288 5438 τὺ
315 5385 375 5438 ἐν
405 5385 618 5457 σώματι
664 5385 880 5448 κάλλος·
914 5383 1050 5437 ἀλλὰ
1079 5383 1173 5436 καὶ
1213 5382 1314 5451 τῆς
1343 5381 1522 5451 ψυχῆς
1553 5383 1644 5437 τὸν
1677 5384 1799 5436 ἐνά-

233 5493 384 5549 ρετον
427 5479 647 5547 τρόπον.
694 5477 785 5530 Διὸ
826 5477 923 5531 καὶ
951 5477 1044 5529 τό·
1092 5473 1289 5542 Χαῖρε,
1321 5473 1754 5543 κεχαριτωμένη
1779 5515 1792 5539 ,

228 5571 365 5641 αὐτῇ
398 5569 590 5644 πρώτῃ
610 5572 638 5623 ὁ
667 5569 893 5639 ἄγγελος
943 5566 1068 5639 [ἄλ.
1119 5566 1475 5640 ἀρχάγγελος]
1515 5565 1797 5638 προσεφώ-

229 5678 422 5731 νησεν
470 5661 523 5715 Ὁ
546 5663 761 5730 Κύριος
784 5663 934 5731 μετὰ
962 5659 1099 5725 σοῦ,
1129 5661 1221 5713 καὶ
1242 5660 1302 5712 οὐ
1331 5660 1516 5730 γήϊνος
1548 5657 1793 5729 νυμφίος·

300 5823 344 5854 ⁸⁷
386 5823 528 5880 Psal.
579 5839 678 5878 ην
705 5863 719 5890 ,
763 5825 816 5883 5.

1905 4651 1956 4704 la
1985 4650 2157 4719 virgo,
2191 4657 2379 4704 sancta
2410 4661 2636 4716 corpore
2667 4656 2720 4699 et
2756 4644 2948 4714 spiritu
2987 4641 3214 4702 exstitit,
3243 4637 3465 4704 solaque

1906 4741 2010 4794 fert
2031 4754 2155 4793 eum
2185 4739 2285 4808 quia
2303 4737 2470 4792 verbo
2507 4736 2689 4789 omnia
2721 4742 2920 4803 portat.
2955 4729 3021 4785 Et
3041 4745 3147 4783 non
3174 4728 3347 4782 solum
3377 4726 3464 4779 ad-

1910 4833 2250 4887 mirationem
2277 4831 2436 4884 nobis
2467 4831 2608 4897 parit
2635 4825 2993 4884 sanctissima:
3022 4821 3166 4875 illius
3193 4821 3245 4872 in
3274 4833 3468 4900 corpo-

1908 4940 1968 4979 re
1992 4922 2358 4993 pulchritudo,
2387 4920 2479 4974 sed
2505 4927 2560 4973 et
2592 4919 2818 4971 virtutes
2852 4914 3047 4968 animae
3067 4911 3205 4979 ejus.
3265 4908 3388 4962 Ideo
3411 4918 3464 4962 et

1907 5017 2089 5073 verbis
2118 5015 2225 5070 illis
2253 5032 2266 5067 :
2304 5013 2428 5078 Ave,
2455 5011 2629 5080 gratia
2654 5009 2825 5078 plena,
2845 5004 3076 5074 primum
3101 5001 3322 5071 angelus
3355 4997 3454 5072 [αι.

1905 5102 2289 5176 archangelus]
2334 5103 2508 5171 ipsam
2533 5097 2818 5154 salutando
2851 5094 3192 5163 compellavit
3224 5111 3236 5146 :
3270 5091 3453 5144 Domi-

1903 5219 2002 5257 nus
2033 5209 2221 5264 tecum,
2240 5209 2294 5251 et
2318 5211 2425 5250 non
2457 5203 2702 5247 terrenus
2723 5204 2985 5258 sponsus,
3006 5188 3098 5243 sed
3124 5187 3238 5256 ipse
3264 5184 3456 5240 sancti-

1904 5287 2175 5344 ﬁcationis
2217 5283 2316 5356 [ιιι.
2364 5277 2693 5350 sanctitatis]
2721 5277 3006 5344 Dominus,
3059 5286 3209 5346 pater
3237 5276 3458 5331 castita-

1905 5381 1999 5446 tis,
2032 5375 2456 5444 incorruptionis
2489 5384 2679 5428 auctor
2720 5379 2774 5426 et
2801 5370 3066 5425 libertatis
3088 5369 3276 5437 dator;
3310 5368 3459 5423 salu-

1902 5472 1972 5526 tis
2013 5478 2334 5540 procurator
2360 5509 2375 5534 ,
2422 5476 2476 5522 et
2525 5480 2668 5520 vera:
2712 5466 2862 5536 pacis
2907 5474 3255 5520 conservator
3297 5471 3461 5532 atque

1904 5563 2162 5632 largitor;
2205 5560 2298 5630 qui
2338 5575 2403 5614 ex
2449 5567 2591 5613 terra
2626 5557 2832 5628 virgine
2858 5555 3059 5611 creavit
3085 5555 3377 5616 hominem,
3404 5560 3459 5609 et

1908 5669 1973 5711 ex
2003 5654 2145 5709 illius
2175 5653 2340 5709 latere
2363 5667 2426 5708 ac
2449 5658 2596 5708 costa
2628 5648 2791 5706 Evam
2822 5648 3116 5718 assumpsit
3143 5646 3239 5721 [at.
3269 5655 3456 5718 protuv
