3876 6554
429 368 561 426 1151

1057 366 1117 422 S.
1157 361 1489 422 GREGORII
1527 360 1884 419 THAUMAT.
1930 361 2078 418 OPP.
2120 360 2299 417 PARS
2338 359 2633 416 ALTERA.
2672 390 2745 401 -—
2795 359 3019 416 DUBIA.

3522 359 3668 413 “5:!

428 489 513 553 lit,
543 486 765 559 ereavit]
803 506 815 541 :
848 487 936 542 hic
959 486 1221 542 Dominus
1252 495 1452 549 tecum,
1491 496 1546 541 et
1569 500 1785 540 rursum
1819 502 1887 541 ex
1913 495 1985 542 te.

2103 484 2203 538 nx
2229 483 2390 547 αὐτὸς
2436 486 2464 538 6
2493 482 2583 537 τοῦ
2645 483 2917 555 ἀγιασμοῦ
2946 482 3149 555 Κύριος
3173 523 3187 547 ,
3241 483 3270 536 6
3306 483 3405 552 τῆς
3438 482 3669 550 ἁγνείας

430 579 583 648 Agite
630 578 795 650 igitur
823 622 837 646 ,
871 578 1177 634 charissimi
1204 620 1219 647 ,
1253 588 1306 633 et
1331 594 1431 634 nos
1473 579 1767 647 angelicam
1798 593 1993 633 conse-

431 679 640 724 ctantes
669 670 907 736 laudem,
928 670 1166 725 debitum
1196 686 1293 740 pro
1318 671 1526 726 viribus
1550 671 1691 739 grati
1725 669 1821 741 [αι.
1846 678 1997 741 grato

434 759 637 832 animo]
672 762 1074 830 persolvamus,
1110 762 1391 817 dicentes:
1426 762 1531 815 Ave
1560 777 1623 815 ac
1654 760 1848 831 gaude,
1873 777 1996 830 gra-

434 856 509 909 tia
554 854 746 923 plena,
796 854 1051 908 Dominus
1097 863 1284 908 tecum.
1355 852 1529 909 Tuum
1574 854 1719 909 enim
1760 868 1885 908 vere
1914 861 1996 908 est

432 961 590 1001 avere
648 954 812 1016 atque
854 947 1116 1015 gaudere;
1157 946 1412 1015 quoniam
1450 954 1628 1001 tecum
1660 944 1844 1000 divina
1868 960 1994 1012 gra-

433 1036 529 1101 tia,
565 1046 624 1091 ut
654 1037 826 1101 novit,
851 1037 1235 1093 habitationem
1269 1038 1459 1107 elegit;
1489 1053 1613 1093 cum
1641 1037 1857 1102 ancilla,
1882 1036 1994 1091 Rex

434 1127 618 1198 gloria:
650 1146 661 1181 :
695 1143 817 1183 cum
868 1128 1147 1198 speciosa,
1204 1130 1463 1199 speciosus
1512 1129 1686 1197 forma
1732 1144 1840 1198 pra:
1864 1126 1993 1197 [iliis

433 1218 701 1271 hominum
726 1218 808 1283 ⁸⁸;
845 1234 968 1272 cum
1004 1219 1304 1289 impolluta,
1328 1220 1417 1290 qui
1441 1220 1746 1275 sanctificat
1771 1221 1992 1275 univer-

434 1324 515 1362 sa.
545 1308 745 1364 Tecum
776 1309 939 1375 Dens,
976 1319 1030 1365 et
1052 1326 1115 1365 ex
1142 1321 1194 1365 te
1224 1310 1394 1377 Deus,
1424 1327 1488 1367 ac
1510 1312 1781 1382 perfectus
1807 1312 1991 1379 homo,

432 1400 488 1456 in
533 1418 639 1471 quo
660 1404 837 1459 omnis
880 1404 1158 1474 plenitudo
1201 1405 1498 1461 divinitatis
1530 1405 1812 1465 inhabitat.
1858 1407 1983 1469 Ave,

433 1498 609 1565 gratia
634 1497 789 1566 ρίειια
810 1540 824 1561 ,
862 1497 982 1553 fons
1008 1497 1145 1555 lucis
1168 1538 1184 1565 ,
1208 1499 1301 1569 qui
1326 1507 1551 1555 cunctos
1582 1500 1634 1553 in
1670 1500 1843 1568 ipsum
1878 1514 1994 1554 cre-

432 1588 620 1644 dentes
648 1588 934 1646 illuminat.
971 1590 1092 1657 Ave,
1127 1591 1302 1662 gratia
1325 1590 1500 1660 plena,
1527 1591 1879 1661 intelligibilis
1904 1605 1994 1646 so-

431 1678 501 1734 lis
526 1680 707 1737 oriens
743 1680 838 1753 [αι.
873 1682 1003 1737 solis
1022 1682 1247 1753 justitiae
1276 1681 1515 1755 oriens],
1538 1692 1591 1739 et
1619 1682 1719 1739 llos
1744 1684 1867 1738 vitae
1888 1684 1993 1737 im»

433 1770 756 1824 maculatus.
815 1769 939 1837 Ave,
969 1773 1143 1842 gratia
1173 1771 1327 1842 plena
1347 1813 1361 1838 ,
1389 1780 1600 1842 pratum
1625 1772 1994 1843 fragrantissi-

2098 574 2231 646 [ἄλ.
2256 572 2445 644 ἁγίας]
2474 575 2674 646 πατὴρ,
2705 576 2733 627 6
2752 574 2849 644 τῆς
2864 573 3172 644 ἀφθαρσίας
3188 572 3427 641 κτίστης,
3452 573 3548 624 καὶ
3566 573 3670 642 τῆς

2093 670 2402 743 ἐλευθερίας
2434 670 2615 741 δοτὴρ,
2650 669 2678 721 6
2707 670 2805 741 τῆς
2828 668 3096 739 σωτηρίας
3124 665 3396 738 κηδεμὼν,
3436 666 3533 719 καὶ
3566 666 3671 735 τῆς

2093 762 2326 834 ἀληθοῦς
2344 763 2565 835 εἰρήνης
2585 762 2786 833 ταμίας
2812 759 3063 832 χορηγὸς,
3098 762 3126 812 6
3156 760 3219 812 ὲκ
3252 758 3352 827 τῆς
3383 758 3669 827 Παρθένου

2094 855 2196 926 γῆς
2229 854 2439 917 πλάσας
2463 853 2553 906 τὸν
2578 853 2882 924 ἄνθρωπον,
2913 852 3006 906 καὶ
3037 854 3102 903 ὲκ
3133 851 3231 921 τῆς
3265 849 3477 902 ἐκείνου
3513 849 3673 902 πλευ-

2096 947 2195 1017 ρᾶς
2230 946 2329 1015 τὴν
2360 944 2504 999 Εῦαν
2557 943 2989 1016 προσλαϐόμενος
3022 941 3150 1013 [ἄλ.
3174 939 3668 1012 προϐαλλόμενος]⁸

2092 1032 2243 1100 οὗτος
2270 1038 2298 1089 6
2334 1034 2538 1107 Κύριος
2587 1035 2725 1106 μετὰ
2752 1034 2867 1098 σοῦ,
2896 1035 2988 1087 καὶ¹
3016 1033 3178 1087 πάλιν
3220 1035 3284 1086 ἐκ
3334 1030 3453 1085 σοῦ.
3500 1031 3674 1103 Δεῦρο

2094 1127 2222 1200 [ἄλ.
2252 1125 2428 1198 δεῦτε]
2456 1126 2652 1191 τοίνυν,
2678 1126 2971 1198 ἀγαπητοὶ,
3001 1126 3269 1196 καὶήμεῖς
3295 1123 3372 1194 τῷ
3393 1122 3671 1193 ἀγγελικῷ

2093 1222 2227 1293 αίνῳ
2259 1219 2634 1292 συνεπόμενοι,
2664 1218 2763 1290 τὴν
2785 1218 2928 1274 κατὰ
2956 1218 3185 1289 δύναμιν
3217 1217 3434 1288 ὀφειλὴν
3463 1214 3669 1285 εὐγνώ-

2096 1331 2253 1385 μονες
2307 1312 2432 1385 [γρ.
2496 1311 2889 1383 εὐγνωμόνως]
2954 1310 3335 1383 ἀποτίσωμεν,
3383 1310 3667 1377 λέγοντες⁸

2089 1405 2283 1473 Χαῖρε,
2310 1403 2764 1474 κεχαριτωμένη,
2796 1406 2828 1457 ό
2848 1404 3062 1472 Κύριος
3093 1403 3243 1472 μετὰ
3264 1402 3403 1456 σοῦ.
3435 1402 3538 1454 Σὺν
3564 1401 3670 1471 γὰρ

2092 1497 2153 1550 τὸ
2181 1497 2390 1569 χαίρειν
2420 1495 2664 1567 ἀληθῶς*
2696 1494 2883 1566 ἐπειδὴ
2936 1494 3076 1565 μετά
3110 1492 3201 1547 σοῦ
3240 1497 3274 1565 ἡ
3321 1493 3441 1546 θεία
3489 1492 3667 1562 χάρις,

2092 1588 2167 1652 ὡς
2193 1584 2330 1642 οἶδεν
2353 1629 2371 1663 _,
2416 1589 2722 1659 ἐσκήνωσεν
2742 1605 2755 1618 ·
2814 1586 2954 1658 μετά
2988 1590 3087 1657 τῆς
3113 1587 3328 1659 δούλης,
3352 1590 3382 1641 6
3410 1587 3670 1649 Βασιλεὺς

2092 1681 2191 1751 τῆς
2235 1680 2389 1752 δόξης
2411 1697 2423 1710 ·
2457 1680 2594 1752 μετὰ
2619 1680 2717 1751 τῆς
2746 1679 2978 1752 ὡραίας,
2997 1683 3029 1735 o'
3045 1680 3259 1749 ὡραῖος
3276 1678 3491 1733 κάλλει
3514 1678 3671 1746 παρὰ

2095 1772 2235 1840 τοὺς
2261 1772 2429 1839 υἱοὺς
2465 1772 2583 1826 τῶν
2611 1770 2968 1843 ἀνθρώπων
3020 1770 3157 1842 μετὰ
3191 1772 3290 1842 τῆς
3320 1772 3613 1842 ἀμιάντου,
3643 1772 3669 1822 6

432 1874 605 1917 mum.
637 1861 763 1927 Ave,
788 1837 1188 1933 gratia'plena,
1230 1864 1357 1919 vitis
1383 1878 1595 1933 semper
1619 1863 1837 1935 vigens;
1874 1878 1995 1939 qua:

2103 1837 2334 1934 ἁγιὰζων
2360 1837 2430 1918 τά
2455 1837 2762 1936 σύμπαντα.
2790 1864 2947 1919 Μετά
2975 1837 3067 1917 σοῦ
3095 1865 3123 1916 6
3152 1837 3305 1927 Θεδς,
3336 1837 3431 1917 καὶ
3467 1863 3671 1928 τέλειος

433 1951 644 2006 animas
667 1952 1076 2021 glorificantium
1111 1962 1161 2008 te
1186 1954 1446 2009 laetiﬁcas.
1475 1955 1602 2018 Ave,
1629 1955 1803 2023 gratia
1820 1952 1995 2024 plena,

435 2057 566 2112 ager
586 2042 678 2112 qui
705 2058 808 2098 non
833 2052 1085 2099 exaratus
1109 2043 1318 2100 fructus
1342 2044 1544 2115 profert
1564 2045 1994 2115 pulcherrimos:

437 2135 737 2190 secundum
772 2146 1022 2193 naturam
1056 2137 1295 2208 quidem,
1329 2153 1395 2193 eo
1425 2138 1568 2208 quod
1600 2153 1752 2193 more
1782 2146 1995 2203 nostro,

431 2237 487 2283 et
516 2237 755 2299 tempore
784 2239 962 2286 motus
1052 2230 1476 2302 gestationisque
1524 2238 1737 2286 servato
1771 2231 1998 2300 protuli-

433 2320 535 2387 sti;
569 2330 624 2374 at
646 2332 839 2391 prazter
872 2332 1143 2387 naturam,
1169 2332 1264 2378 aut
1288 2324 1464 2393 potius
1506 2336 1672 2393 supra
1718 2331 1996 2389 naturam,

433 2409 561 2478 quia
598 2425 827 2480 superne
871 2412 1110 2467 divinum
1146 2413 1380 2468 Verbum
1409 2414 1662 2478 advenit,
1712 2420 1768 2467 et
1790 2413 1843 2466 in
1874 2428 1999 2469 sau-

420 2510 520 2579 ⁸σειο
554 2510 647 2555 ιυο
676 2511 829 2556 utero
857 2502 1122 2558 Adamum
1151 2502 1485 2571 reformavit,
1521 2520 1584 2559 ac
1611 2503 1995 2560 fecunditatem

436 2592 657 2663 quidem
705 2592 940 2662 Spiritus
986 2605 1209 2651 sanctus
1239 2606 1440 2652 sanctae
1470 2595 1677 2668 Virgini
1731 2598 1995 2668 praebuit;

436 2701 623 2740 verum
673 2696 853 2741 autem
897 2703 1095 2756 corpus
1144 2703 1207 2743 ex
1251 2688 1369 2757 ejus
1396 2704 1620 2758 corpore
1655 2698 1994 2761 assumptum

434 2785 537 2832 est.
600 2776 667 2832 Et
695 2779 837 2833 sicut
866 2779 1156 2850 margarita
1184 2780 1294 2851 (ll)
1322 2796 1387 2835 ex
1410 2780 1620 2837 duabus
1644 2782 1854 2841 natur-is
1877 2823 1892 2848 ,
1930 2798 1995 2837 ex

433 2868 651 2944 fulgure
680 2870 935 2925 nimirum
965 2880 1016 2926 et
1038 2888 1202 2942 aqua,
1230 2874 1456 2929 occultis
1504 2874 1830 2943 quibusdam
1858 2874 1998 2929 indi-

432 2960 533 3015 ciis
568 2975 632 3015 ac
656 2960 824 3030 signis
855 2961 1021 3017 maris
1070 2965 1345 3031 provenit;
1379 2966 1451 3018 ita
1482 2978 1701 3034 quoque
1734 2964 1996 3020 Dominus

436 3048 622 3106 noster
667 3051 826 3108 Jesus
871 3053 1142 3122 ChristUs,
1197 3055 1481 3112 inconfuse
1505 3065 1559 3112 et
1585 3057 1998 3112 immutabiliter

433 3157 496 3196 ex
530 3158 666 3213 pura
690 3159 755 3198 ac
780 3154 955 3209 casta,
1000 3154 1054 3200 et
1080 3146 1357 3215 impolluta
1385 3164 1450 3202 ac
1470 3157 1655 3204 sancta
1680 3147 1847 3204 Maria
1879 3148 1998 3204 Vir-

432 3234 557 3302 gine
582 3236 942 3305 progreditur,
970 3236 1025 3290 in
1060 3238 1257 3293 deitate
1282 3238 1573 3309 perfectus,
1592 3250 1646 3294 et
1668 3241 1721 3295 in
1753 3242 2002 3296 humani-

434 3332 543 3378 tate
583 3325 894 3395 perfectus,
938 3324 1084 3381 Patri
1129 3343 1225 3397 per
1266 3328 1447 3384 omnia
1488 3328 1684 3384 similis
1713 3370 1729 3396 ,
1759 3338 1815 3384 et
1843 3330 1999 3385 nobis

435 3432 531 3489 per
577 3417 759 3472 omnia
786 3419 1262 3476 consubstantialis
1282 3462 1297 3487 ,
1343 3421 1438 3476 sed
1468 3422 1647 3476 omnis
1672 3422 1877 3491 peccati
1900 3436 1998 3477 ex-

433 3520 583 3576 pers.

2095 1958 2399 2031 ἄνθρωπος,
2431 1960 2488 2011 ὲν
2521 1950 2565 2026 ᾧ
2601 1959 2846 2011 κατοικεῖ
2877 1959 2986 2011 πᾶν
3013 1957 3073 2009 τὸ
3107 1956 3381 2028 πλήρωμα
3422 1955 3528 2025 τῆς
3561 1954 3671 2008 θεό-

2095 2069 2270 2121 τητος.
2286 2050 2479 2120 Χαῖρε,
2508 2047 2963 2119 κεχαριτωμένη,
2991 2049 3024 2119 ή
3063 2046 3214 2118 πηγὴ
3238 2046 3332 2100 τοῦ
3362 2043 3670 2117 φωτὸς,τοῦ

2097 2141 2421 2212 φωτίζοντος
2481 2141 2711 2204 πάντας,
2743 2141 2871 2203 τοὺς
2921 2141 2999 2203 είς
3060 2139 3221 2192 αὐτὸν
3292 2138 3667 2197 πιστεύοντας.

2096 2231 2780 2307 Χαῖρε,κεχαριτωμένηι,
2824 2229 2921 2284 τοῦ
2963 2229 3154 2301 νοητοῦ
3190 2229 3339 2300 ἡλίου
3363 2231 3399 2300 ή
3435 2227 3672 2297 ἀνατολὴ

2097 2327 2236 2399 [ἄλ.
2268 2326 2416 2398 ἡλίου
2446 2326 2544 2395 τῆς
2572 2322 2919 2393 δικαιοσύνης
2962 2323 2995 2393 ἡ
3031 2319 3329 2392 ἀνατολὴΓ,
3362 2320 3455 2372 καὶ
3480 2319 3554 2371 τὸ
3581 2318 3672 2387 τῆς

2097 2418 2243 2488 ζωῆς
2263 2417 2523 2488 ἀμίαντον
2555 2415 2731 2479 ἄνθος.
2786 2413 2987 2483 Χαῖρε,
2999 2411 3433 2482 κεχαριτωμένη
3454 2451 3469 2475 ,
3501 2412 3537 2463 ὁ
3571 2411 3673 2463 λει-

2100 2511 2213 2581 μὼν
2242 2510 2338 2579 τῆς
2368 2508 2605 2571 εὐωδίας.
2637 2504 3304 2576 Χαῖρε,κεχαριτωμένη,
3345 2505 3378 2573 ἡ
3422 2503 3671 2573 ἄμπελος

2097 2606 2129 2675 ἡ
2160 2602 2434 2673 ἁειθαλὴς,
2456 2604 2489 2670 ἡ
2512 2600 2869 2677 εὐφραίνουσα
2890 2598 2987 2663 τὰς
3013 2597 3191 2669 ψυχὰς
3218 2597 3323 2650 τῶν
3344 2596 3401 2649 σὲ
3424 2593 3675 2660 505:3»-

2095 2712 2221 2748 των.
2239 2693 2432 2762 Χαῖρε,
2464 2690 2920 2762 κεχαριτωμένη,
2953 2692 2986 2761 ή
3013 2688 3359 2760 ἀγεώργητος
3387 2686 3674 2756 καλλίκαρ-

2098 2804 2197 2849 πος
2226 2786 2452 2858 ἄρουρα.
2489 2782 2647 2837 Κατὰ
2673 2782 2832 2852 φύσιν
2859 2782 2987 2853 μὲν,
3021 2782 3108 2835 διὰ
3137 2781 3196 2834 τὸ
3226 2780 3345 2834 καθ’
3376 2781 3555 2850 ἡμᾶς,
3584 2780 3673 2832 καὶ

2096 2876 2184 2929 διὰ
2214 2874 2301 2928 τὸν
2323 2874 2509 2947 χρόνον
2534 2873 2632 2943 τῆς
2657 2872 2941 2943 ἀσκήσεως
2965 2869 3259 2943 [κυήσεως]
3282 2888 3296 2900 ·
3321 2869 3468 2940 παρά
3500 2870 3669 2937 φύσιν

2096 2968 2172 3032 δὲ,
2194 2966 2393 3039 μᾶλλον
2414 2966 2469 3021 δὲ
2488 2968 2625 3038 ὑπὲρ
2653 2966 2834 3035 φύσιν,
2853 2964 2940 3020 διὰ
2962 2965 3052 3018 τὸν
3070 2962 3271 3017 ἄνωθεν
3291 2961 3665 3031 ὲνδημήσαντι

2097 3060 2227 3113 Θεὸν
2255 3060 2451 3124 Λόγον,
2482 3060 2573 3115 καὶ
2613 3061 2669 3112 ὲν
2705 3061 2770 3129 τῇ
2805 3058 2936 3129 ἁγίᾳ
2979 3074 3071 3110 σου
3097 3056 3294 3127 γαστρὶ
3330 3054 3418 3107 τὸν
3489 3053 3661 3122 Ἀδὰμ

2026 3180 2072 3241 c
2104 3151 2511 3216 ἀναπλάσαντα,
2540 3151 2634 3204 καὶ
2668 3150 2727 3204 τὸ
2759 3150 2854 3221 μὲν
2884 3149 3125 3220 γόνιμον,
3146 3152 3211 3219 τῇ
3239 3146 3366 3219 ἀγίᾳ
3412 3145 3669 3241 Παρθένῳ

2103 3243 2373 3314 παρέσχεν
2397 3243 2459 3296 τὸ
2483 3244 2636 3311 ἅγιον
2669 3241 2893 3312 Πνεῦμα
2915 3259 2929 3271 ο
2962 3243 2996 3312 ὴ
3026 3241 3082 3294 δὲ
3113 3240 3337 3311 ἀλήθεια
3368 3238 3463 3291 τοῦ
3491 3237 3668 3307 σῶμα·

2101 3349 2193 3395 τος
2240 3331 2588 3403 προσελήφθη
2622 3334 2685 3385 ἐκ
2709 3330 2803 3384 τοῦ
2844 3330 3092 3401 σώματος
3124 3329 3313 3399 αὐτῆς.
3350 3330 3461 3381 Καὶ
3491 3328 3670 3397 ὥσπερ

2101 3425 2130 3476 6
2161 3424 2505 3495 μαργαρίτης
2536 3425 2599 3477 ὲκ
2636 3423 2742 3477 τῶν
2774 3424 2867 3477 δύο
2900 3423 3132 3492 φύσεων,
3168 3421 3226 3487 ἐξ
3261 3420 3549 3493 ἀστραπῆς
3582 3420 3667 3471 καὶ

2106 3513 2317 3581 ὓδατος,
2347 3516 2410 3567 ἐκ
2429 3515 2534 3568 τῶν
2550 3515 2758 3587 ἀδήλων
2786 3515 3026 3586 σημείων
3050 3515 3148 3585 τῆς
3182 3513 3457 3583 θαλάσσης
3484 3511 3669 3582 προέρ-

434 3620 614 3672 χεται·
641 3604 815 3668 ,οὓτως
837 3606 975 3659 καὶὸ
1005 3604 1447 3676 Δεσπότηςὴμῶν
1480 3605 1688 3676 Ἰησοῦς
1714 3609 1742 3659 6
1761 3606 2017 3679 Χριστὸς,
2078 3608 2395 3681 ἁσυγχύτως
2438 3611 2530 3665 καὶ
2556 3610 2860 3682 ἀτρέπτως,
2882 3612 2946 3663 ἐκ
2983 3611 3080 3680 τῆς
3100 3609 3343 3680 καθαρᾶς
3367 3608 3463 3660 καὶ
3484 3608 3665 3675 ἁγνῆς.

435 3696 530 3749 καὶ
568 3696 864 3766 ἀμιάντου,
902 3698 994 3751 καὶ
1028 3698 1188 3767 ἁγίας
1239 3699 1513 3770 Παρθένου
1546 3702 1767 3772 Μαρίας
1800 3702 2148 3775 προέρχεται,
2193 3707 2251 3757 ὲν
2301 3705 2514 3777 θεότητι
2552 3704 2776 3770 τέλειος,
2817 3706 2911 3759 καὶ
2936 3706 2993 3757 ὲν
3035 3704 3413 3775 ἁνθρωπότητι
3450 3703 3665 3764 τέλειος,

436 3790 577 3842 κατὰ
619 3792 795 3846 πάντα
836 3794 1019 3862 ὅμοιος
1047 3793 1124 3863 τῷ
1164 3794 1367 3865 Πατρὶ,
1402 3794 1496 3848 καὶ
1543 3794 1824 3865 ὁμοούσιος
1859 3798 1989 3867 ἡμῖν
2024 3797 2161 3852 κατὰ
2190 3798 2385 3865 πάντα,
2418 3799 2585 3871 χωρὶς
2616 3799 2907 3871 ἁμαρτίας.

505 3887 731 3941 Plurimi
780 3896 1089 3943 sanctorum
1139 3887 1402 3954 Patrum,
1468 3889 1899 3959 patriarcharum
1948 3901 2002 3946 et

436 3979 828 4049 pr0phetarum
852 3980 1229 4035 desiderarunt
1255 3996 1377 4036 eum
1399 3981 1581 4038 videre
1606 3995 1659 4038 et
1681 3997 1862 4038 coram
1885 3998 2004 4053 spe-

438 4080 673 4128 ctatores
702 4072 840 4138 ﬁeri,
876 4080 931 4126 et
956 4088 1065 4127 non
1095 4083 1409 4143 potuerunt.
1467 4073 1534 4128 Et
1559 4074 1648 4128 alii
1684 4073 1902 4144 quidem
1933 4088 1998 4128 ex

440 4166 573 4235 ipsis
617 4182 713 4236 per
755 4166 991 4221 visiones
1019 4166 1383 4222 adumbratim
1418 4166 1473 4220 in
1499 4166 1875 4238 aanigmatibus
1900 4165 1997 4239 [αι.

442 4258 496 4312 in
524 4256 830 4329 aenigmate]
878 4267 1304 4327 conspexerunt;
1356 4259 1449 4313 alii
1495 4274 1621 4313 vero
1664 4259 1717 4313 in
1749 4259 2002 4314 columna

442 4349 604 4405 nubis
628 4350 865 4403 divinam
908 4365 1097 4415 vocem
1131 4352 1440 4416 audierunt,
1472 4360 1527 4406 et
1555 4361 1869 4407 sanctorum
1906 4367 2005 4406 an-

441 4443 682 4512 gelorum
716 4441 1026 4512 aspectibus
1067 4442 1219 4511 potiti
1263 4450 1422 4507 sunt;
1463 4443 1530 4497 ad
1565 4441 1791 4497 Mariam
1824 4450 2005 4497 autem

441 4535 705 4604 virginem
747 4535 916 4589 solam
962 4541 1205 4589 sanctam
1249 4531 1465 4587 Gabriel
1512 4534 1869 4603 archangelus
1906 4534 2003 4607 [aL

442 4624 688 4698 angelus]
732 4626 878 4681 claro
917 4626 1123 4679 lumine
1153 4624 1330 4690 venit,
1363 4625 1490 4691 Ave,
1518 4626 1694 4695 gratia
1720 4625 1907 4695 plena,
1956 4626 2006 4680 ei

444 4720 814 4787 annuntians;
864 4728 919 4776 et
966 4718 1046 4776 sic
1090 4719 1207 4789 ipsa
1258 4718 1495 4775 Verbum
1549 4720 1808 4788 suscepit,
1855 4728 1909 4774 et
1952 4721 2007 4774 in

447 4818 690 4902 tempore
720 4827 997 4882 corporea:
1027 4811 1407 4881 completionis
1438 4811 1730 4881 pretiosam
1756 4812 2011 4880 margari-

449 4901 558 4955 tam
582 4902 854 4971 produxit.
909 4903 1109 4960 Adeste
1149 4905 1342 4975 igitur,
1385 4919 1484 4958 vos
1512 4917 1728 4972 quoque
1752 4901 2010 4957 charissi-

448 4993 544 5056 mi,
596 5002 650 5048 et
692 4995 870 5050 dulcia
914 4998 1077 5050 verba
1119 4996 1209 5051 illa
1250 5012 1313 5051 ex
1344 4995 1575 5065 spiritali
1602 4994 1768 5049 David
1795 4995 2007 5049 cithara

447 5086 607 5141 nobis
652 5097 1034 5156 repraasentata
1081 5090 1429 5146 decantemus
1454 5130 1468 5157 ,
1501 5089 1778 5145 dicentes:
1820 5086 2007 5157 Surge,

448 5176 691 5237 Domine,
742 5179 797 5232 in
828 5182 1053 5248 requiem
1086 5190 1252 5247 tuam,
1292 5190 1368 5245 tu,
1396 5190 1444 5234 et
1474 5196 1601 5233 arca
1630 5179 2013 5248 sanctiﬁcatio-

452 5267 533 5321 nis
563 5276 666 5321 tua:
696 5268 762 5322 ⁸³.
812 5266 950 5323 Vere
996 5268 1142 5325 enim
1174 5286 1302 5325 arca
1334 5282 1417 5326 est
1447 5269 1792 5325 sanctissima
1829 5267 2009 5337 Virgo,

452 5360 782 5421 intrinsecus
808 5370 862 5415 et
885 5361 1223 5420 extrinsecus
1244 5362 1523 5428 deaurata,
1552 5376 1674 5431 quae
1701 5362 2011 5416 universum

452 5454 895 5512 sanctificationis
930 5454 1245 5509 thesaurum
1273 5456 1527 5524 suscepit.
1558 5453 1745 5525 Surge,
1771 5454 2012 5518 Domine,

525 5622 568 5655 ⁸⁸
591 5622 734 5677 Psal.
770 5638 931 5690 κων,
980 5623 1032 5678 5.
1107 5623 1152 5655 ⁸⁹
1194 5621 1343 5677 Psal.
1379 5637 1562 5688 cxm,
1590 5621 1642 5676 8.

2177 3894 2423 3947 Πλεῖστοι
2442 3893 2549 3947 τῶν
2577 3894 2746 3963 ἁγίων
2768 3893 3047 3964 Πατέρων,
3072 3893 3167 3945 καὶ
3186 3889 3560 3963 πατριαρχῶν,
3582 3887 3667 3941 καὶ

2106 3983 2418 4054 προφητῶν,
2457 3983 2806 4054 ἐπεθύμησαν
2838 3982 2982 4046 ἰδεῖν,
3004 3983 3095 4035 καὶ
3120 3981 3383 4034 αὐτόπται
3405 3979 3670 4049 γενέσθαι.

2106 4076 2200 4128 καὶ
2240 4075 2299 4127 οὐ
2352 4074 2656 4144 γεγόνασιν.
2693 4075 2803 4127 Καὶ
2844 4075 2894 4127 οἱ
2947 4073 3042 4144 μὲν
3091 4071 3306 4135 αὐτῶν,
3339 4070 3433 4124 διὰ
3463 4071 3669 4141 ὁράσεις

2106 4169 2269 4221 αὐτὸν
2313 4167 2559 4230 τυπικῶς
2607 4170 2664 4220 ὲν
2725 4166 3036 4236 αἰνίγμασιν
3253 4165 3309 4219 ὲν
3364 4159 3667 4233 αἰνίγματι]

2110 4260 2401 4315 ὲθεὰσαντο
2423 4277 2435 4290 ·
2466 4261 2515 4312 οἱ
2539 4258 2597 4311 δὲ
2629 4260 2687 4310 ὲν
2722 4259 2892 4329 στόλῳ
2934 4256 3162 4326 νεφέλης
3201 4254 3353 4317 θείας
3391 4254 3573 4323 φωνῆς
3618 4253 3671 4303 ὲν

2109 4350 2371 4421 ἀκροάσει
2408 4350 2718 4418 γεγόνασιν,
2761 4349 2854 4401 καί⁹
2886 4348 3056 4416 ἁγίων
3103 4345 3346 4415 ἀγγέλων
3398 4345 3672 4412 συνέτυχον

2112 4442 2430 4505 ὁπτασίαιςο
2483 4442 2619 4511 πρὸς
2673 4439 2904 4511 Μαριὰμ
2950 4438 3007 4491 δὲ
3055 4436 3329 4508 Παρθένον
3378 4436 3541 4506 μόνην
3583 4432 3674 4503 τὴν

2113 4534 2296 4603 ἁγίαν,
2321 4532 2555 4605 Γαϐριὴλ
2586 4540 2613 4585 6
2643 4530 2975 4604 ἀρχάγγελος
3003 4529 3133 4602 [ἄλ.
3169 4532 3196 4581 6
3226 4527 3458 4596 ἄγγελος
3476 4526 3494 4598 ]
3512 4542 3668 4593 φωτισ-

2116 4627 2313 4690 στικῶς
2346 4625 2708 4697 παρεγένετο,
2737 4623 2819 4687 τὸ,
2850 4622 3043 4691 Χαῖρε,
3074 4617 3672 4691 κεχαριτωμὲημαύτῇ

2113 4718 2594 4789 εὐαγγελιζόμενος
2613 4735 2625 4747 ’
2661 4718 2755 4770 καὶ
2785 4716 2953 4778 οὓτως
2985 4716 3074 4767 τὸν
3096 4714 3267 4781 Λόγον
3302 4711 3551 4776 ἐδέξατο,
3586 4709 3674 4761 καὶ

2110 4810 2168 4861 ἐν
2199 4808 2274 4879 τῷ
2300 4807 2475 4879 καιρῷ
2497 4808 2592 4878 τῆς
2632 4807 2944 4878 σωματικῆς
2976 4801 3442 4876 συμπληρώσεως,
3476 4801 3561 4855 τὸν
3584 4815 3674 4850 πο-

2112 4898 2334 4971 λύτιμον
2380 4899 2722 4971 μαργαρίτην
2775 4899 3129 4970 προήνεγκεν.
3180 4895 3347 4948 Δεῦτε
3375 4894 3550 4947 τοίνυν
3587 4887 3674 4943 καὶ

2115 4993 2289 5062 ὑμεῖς,
2324 4986 2368 5044 ὦ
2398 4992 2689 5062 ἀγαπητοὶ,
2714 4990 2782 5043 τὰ
2798 4993 2862 5043 ἐκ
2888 4991 2984 5060 τῆς
3016 4986 3108 5042 τοῦ
3134 4986 3298 5041 Δαόὶδ
3331 4985 3674 5039 θεοπνεύστου

2115 5082 2376 5154 κιθάρας,
2421 5084 2552 5153 ἡμῖν
2590 5082 2901 5153 δεδειγμένα
2939 5079 3367 5151 μελῳδήσωμεν,
3396 5076 3635 5144 λέγοντες
3656 5088 3670 5100 ⁸

2126 5175 2466 5242 Ἀνάστηθι,
2491 5176 2666 5242 Κύριε
2685 5214 2699 5238 ,
2739 5176 2825 5239 εὶς
2861 5171 2974 5240 τὴν
3002 5170 3352 5226 ἀνάπαυσιν
3392 5184 3503 5222 σου
3523 5185 3536 5195 ·
3574 5165 3671 5227 σὺ,

2113 5266 2213 5320 καὶ
2238 5266 2274 5331 η
2316 5264 2554 5331 κιϐωτὸς
2588 5264 2695 5318 τοῦ
2739 5262 3098 5333 ἀγιὰσματός
3136 5276 3273 5315 σου.
3300 5260 3540 5320 Κιΰωτὸς
3571 5258 3673 5326 γὰρ

2116 5357 2348 5429 ἀληθῶς,
2382 5358 2414 5428 ή
2444 5357 2573 5425 ἁγία
2603 5356 2895 5427 Παρθένος,
2929 5354 3125 5409 ἔσωθεν
3144 5354 3239 5407 καὶ
3264 5352 3458 5416 ἔξωθεν
3487 5365 3672 5419 κεχρυ-

2118 5450 2360 5522 σωμένη,
2392 5451 2424 5521 ἡ
2453 5449 2570 5503 ὅλον
2599 5449 2688 5502 τὸν
2716 5448 2986 5519 θησαυρὸν
3003 5446 3270 5517 δεξαμένη
3298 5444 3390 5499 τοῦ
3414 5442 3669 5511 ἀγιάσμαο

532 5777 643 5851 (ll)
684 5776 890 5836 Similia
920 5788 1047 5837 sunt
1069 5780 1209 5853 apud
1233 5788 1479 5837 sanctum
1509 5777 1757 5851 Ephraem
1785 5778 1837 5834 in
1866 5792 2030 5835 serm.
2062 5774 2137 5831 De
2167 5774 2465 5846 Margaritn
2487 5775 2737 5845 pretiosa,
2768 5782 2912 5829 tome
2932 5770 3013 5827 Ill.
