  <div class='ocr_page' id='page_1' title='image "/cluster/home/n/w/nwhite01/storage/ocr_20150623/10/hvd.32044019207620/584.png"; bbox 0 0 3876 6522; ppageno 0'>
   <div class='ocr_carea' id='block_1_1' title="bbox 172 357 316 415">
    <p class='ocr_par' dir='ltr' id='par_1_1' title="bbox 172 357 316 415">
     <span class='ocr_line' id='line_1_1' title="bbox 172 357 316 415; baseline 0.021 -3"><span class='ocrx_word' id='word_1_1' title='bbox 172 357 316 415; x_wconf 73' lang='lat'><strong>“53</strong></span> 
     </span>
    </p>
   </div>
   <div class='ocr_carea' id='block_1_2' title="bbox 1077 353 2520 416">
    <p class='ocr_par' dir='ltr' id='par_1_2' title="bbox 1077 353 2520 416">
     <span class='ocr_line' id='line_1_2' title="bbox 1077 353 2520 416; baseline 0.001 -4"><span class='ocrx_word' id='word_1_2' title='bbox 1077 353 1363 412; x_wconf 80' lang='lat' dir='ltr'><strong>HOMlLlA</strong></span> <span class='ocrx_word' id='word_1_3' title='bbox 1401 354 1422 410; x_wconf 89' lang='grc' dir='ltr'><strong>Ι</strong></span> <span class='ocrx_word' id='word_1_4' title='bbox 1457 353 1524 409; x_wconf 81' lang='lat' dir='ltr'><strong>IN</strong></span> <span class='ocrx_word' id='word_1_5' title='bbox 1564 353 1992 413; x_wconf 78' lang='lat' dir='ltr'><strong>ANNUNTIAT.</strong></span> <span class='ocrx_word' id='word_1_6' title='bbox 2034 355 2216 414; x_wconf 74' lang='lat' dir='ltr'><strong>VIRG.</strong></span> <span class='ocrx_word' id='word_1_7' title='bbox 2256 358 2520 416; x_wconf 59' lang='lat' dir='ltr'><strong>MARIIE.</strong></span> 
     </span>
    </p>
   </div>
   <div class='ocr_carea' id='block_1_3' title="bbox 3269 355 3410 410">
    <p class='ocr_par' dir='ltr' id='par_1_3' title="bbox 3269 355 3410 410">
     <span class='ocr_line' id='line_1_3' title="bbox 3269 355 3410 410; baseline 0 0"><span class='ocrx_word' id='word_1_8' title='bbox 3269 355 3410 410; x_wconf 63' lang='lat' dir='ltr'><strong>H54</strong></span> 
     </span>
    </p>
   </div>
   <div class='ocr_carea' id='block_1_4' title="bbox 166 474 1740 552">
    <p class='ocr_par' dir='ltr' id='par_1_4' title="bbox 166 474 1740 545">
     <span class='ocr_line' id='line_1_4' title="bbox 166 474 1740 545; baseline 0.001 -17"><span class='ocrx_word' id='word_1_9' title='bbox 166 493 281 540; x_wconf 82' lang='grc' dir='ltr'>τος.</span> <span class='ocrx_word' id='word_1_10' title='bbox 331 474 674 543; x_wconf 78' lang='grc' dir='ltr'>Ἀνάστηθι,</span> <span class='ocrx_word' id='word_1_11' title='bbox 712 477 908 545; x_wconf 77' lang='grc' dir='ltr'>Κύριε,</span> <span class='ocrx_word' id='word_1_12' title='bbox 954 477 1045 539; x_wconf 81' lang='grc' dir='ltr'><strong>εις</strong></span> <span class='ocrx_word' id='word_1_13' title='bbox 1071 475 1189 544; x_wconf 75' lang='grc' dir='ltr'><strong>τὴν</strong></span> <span class='ocrx_word' id='word_1_14' title='bbox 1217 475 1566 531; x_wconf 78' lang='grc' dir='ltr'><strong>ἀνάπαυσιν</strong></span> <span class='ocrx_word' id='word_1_15' title='bbox 1598 491 1740 532; x_wconf 87' lang='grc' dir='ltr'>σου.</span> 
     </span>
    </p>
   </div>
   <div class='ocr_carea' id='block_1_5' title="bbox 1845 474 3416 552">
    <p class='ocr_par' dir='ltr' id='par_1_5' title="bbox 1849 474 3416 552">
     <span class='ocr_line' id='line_1_5' title="bbox 1849 474 3416 552; baseline 0.001 -23"><span class='ocrx_word' id='word_1_16' title='bbox 1849 477 1904 530; x_wconf 89' lang='lat' dir='ltr'><strong>in</strong></span> <span class='ocrx_word' id='word_1_17' title='bbox 1927 477 2153 548; x_wconf 86' lang='lat' dir='ltr'><strong>requiem</strong></span> <span class='ocrx_word' id='word_1_18' title='bbox 2181 487 2347 534; x_wconf 88' lang='lat' dir='ltr'><strong>tuam.</strong></span> <span class='ocrx_word' id='word_1_19' title='bbox 2380 480 2565 552; x_wconf 86' lang='lat' dir='ltr'><strong>Surge,</strong></span> <span class='ocrx_word' id='word_1_20' title='bbox 2605 479 2846 542; x_wconf 81' lang='lat' dir='ltr'><strong>Domine,</strong></span> <span class='ocrx_word' id='word_1_21' title='bbox 2875 493 2940 533; x_wconf 80' lang='lat' dir='ltr'><strong>ex</strong></span> <span class='ocrx_word' id='word_1_22' title='bbox 2973 476 3096 532; x_wconf 89' lang='lat' dir='ltr'><strong>sinu</strong></span> <span class='ocrx_word' id='word_1_23' title='bbox 3126 474 3324 544; x_wconf 84' lang='lat' dir='ltr'><strong>Patris,</strong></span> <span class='ocrx_word' id='word_1_24' title='bbox 3356 485 3416 530; x_wconf 84' lang='lat' dir='ltr'><strong>ut</strong></span> 
     </span>
    </p>
   </div>
   <div class='ocr_carea' id='block_1_6' title="bbox 183 566 1741 642">
    <p class='ocr_par' dir='ltr' id='par_1_6' title="bbox 183 566 1741 642">
     <span class='ocr_line' id='line_1_6' title="bbox 183 566 1741 642; baseline 0 -18"><span class='ocrx_word' id='word_1_25' title='bbox 183 566 516 637; x_wconf 80' lang='grc' dir='ltr'><strong>Ἀνάστηθι,</strong></span> <span class='ocrx_word' id='word_1_26' title='bbox 544 571 742 638; x_wconf 86' lang='grc' dir='ltr'>Κύριε,</span> <span class='ocrx_word' id='word_1_27' title='bbox 767 571 831 623; x_wconf 84' lang='grc' dir='ltr'>ἐκ</span> <span class='ocrx_word' id='word_1_28' title='bbox 853 569 960 623; x_wconf 83' lang='grc' dir='ltr'><strong>τῶν</strong></span> <span class='ocrx_word' id='word_1_29' title='bbox 989 569 1204 623; x_wconf 87' lang='grc' dir='ltr'><strong>κόλπων</strong></span> <span class='ocrx_word' id='word_1_30' title='bbox 1248 567 1338 624; x_wconf 84' lang='grc' dir='ltr'><strong>τοῦ</strong></span> <span class='ocrx_word' id='word_1_31' title='bbox 1365 570 1606 642; x_wconf 80' lang='grc' dir='ltr'>Πατρὸς,</span> <span class='ocrx_word' id='word_1_32' title='bbox 1652 570 1741 624; x_wconf 83' lang='grc' dir='ltr'>ἵνα</span> 
     </span>
    </p>
   </div>
   <div class='ocr_carea' id='block_1_7' title="bbox 169 660 1734 734">
    <p class='ocr_par' dir='ltr' id='par_1_7' title="bbox 169 660 1734 734">
     <span class='ocr_line' id='line_1_7' title="bbox 169 660 1734 734; baseline 0.001 -21"><span class='ocrx_word' id='word_1_33' title='bbox 169 661 547 734; x_wconf 75' lang='grc' dir='ltr'><strong>ἐξαναστήσῃς</strong></span> <span class='ocrx_word' id='word_1_34' title='bbox 573 660 635 714; x_wconf 84' lang='grc' dir='ltr'>τὸ</span> <span class='ocrx_word' id='word_1_35' title='bbox 661 663 945 725; x_wconf 82' lang='grc' dir='ltr'>πεπτωκὸς</span> <span class='ocrx_word' id='word_1_36' title='bbox 975 661 1130 731; x_wconf 79' lang='grc' dir='ltr'>γένος</span> <span class='ocrx_word' id='word_1_37' title='bbox 1153 661 1246 714; x_wconf 90' lang='grc' dir='ltr'><strong>τοῦ</strong></span> <span class='ocrx_word' id='word_1_38' title='bbox 1295 660 1734 732; x_wconf 84' lang='grc' dir='ltr'>πρωτοπλόιστσυ.</span> 
     </span>
    </p>
   </div>
   <div class='ocr_carea' id='block_1_8' title="bbox 168 749 1739 822">
    <p class='ocr_par' dir='ltr' id='par_1_8' title="bbox 168 749 1739 822">
     <span class='ocr_line' id='line_1_8' title="bbox 168 749 1739 822; baseline -0.001 -18"><span class='ocrx_word' id='word_1_39' title='bbox 168 750 359 804; x_wconf 87' lang='grc' dir='ltr'>Ταῦτα</span> <span class='ocrx_word' id='word_1_40' title='bbox 385 749 698 822; x_wconf 74' lang='grc' dir='ltr'>πρεσὸεύων</span> <span class='ocrx_word' id='word_1_41' title='bbox 729 753 757 805; x_wconf 99' lang='lat'><strong>6</strong></span> <span class='ocrx_word' id='word_1_42' title='bbox 787 750 951 805; x_wconf 70' lang='grc' dir='ltr'>Δαὸὶδ</span> <span class='ocrx_word' id='word_1_43' title='bbox 973 751 1109 822; x_wconf 83' lang='grc' dir='ltr'>πρὸς</span> <span class='ocrx_word' id='word_1_44' title='bbox 1133 751 1231 821; x_wconf 82' lang='grc' dir='ltr'><strong>τὴν</strong></span> <span class='ocrx_word' id='word_1_45' title='bbox 1254 749 1311 816; x_wconf 76' lang='grc' dir='ltr'><strong>ἐξ</strong></span> <span class='ocrx_word' id='word_1_46' title='bbox 1328 749 1490 803; x_wconf 81' lang='grc' dir='ltr'>αὐτοῦ</span> <span class='ocrx_word' id='word_1_47' title='bbox 1512 749 1739 821; x_wconf 83' lang='grc' dir='ltr'>μέλλου-</span> 
     </span>
    </p>
   </div>
   <div class='ocr_carea' id='block_1_9' title="bbox 170 844 1735 916">
    <p class='ocr_par' dir='ltr' id='par_1_9' title="bbox 170 844 1735 916">
     <span class='ocr_line' id='line_1_9' title="bbox 170 844 1735 916; baseline 0 -18"><span class='ocrx_word' id='word_1_48' title='bbox 170 862 272 899; x_wconf 91' lang='grc' dir='ltr'><strong>σαν</strong></span> <span class='ocrx_word' id='word_1_49' title='bbox 304 844 618 915; x_wconf 82' lang='grc' dir='ltr'><strong>βλαστάνειν</strong></span> <span class='ocrx_word' id='word_1_50' title='bbox 653 844 844 916; x_wconf 75' lang='grc' dir='ltr'>ῥάϐδον</span> <span class='ocrx_word' id='word_1_51' title='bbox 871 845 934 898; x_wconf 81' lang='grc' dir='ltr'>τὸ</span> <span class='ocrx_word' id='word_1_52' title='bbox 960 845 1325 916; x_wconf 79' lang='grc' dir='ltr'><strong>καλλίκαρπον</strong></span> <span class='ocrx_word' id='word_1_53' title='bbox 1359 845 1530 899; x_wconf 78' lang='grc' dir='ltr'>ἐκεῖνο</span> <span class='ocrx_word' id='word_1_54' title='bbox 1557 844 1735 909; x_wconf 81' lang='grc' dir='ltr'><strong>ἄνθος,</strong></span> 
     </span>
    </p>
   </div>
   <div class='ocr_carea' id='block_1_10' title="bbox 166 935 1735 1008">
    <p class='ocr_par' dir='ltr' id='par_1_10' title="bbox 166 935 1735 1008">
     <span class='ocr_line' id='line_1_10' title="bbox 166 935 1735 1008; baseline 0.003 -20"><span class='ocrx_word' id='word_1_55' title='bbox 166 935 530 1008; x_wconf 78' lang='grc' dir='ltr'><strong>προφητεύων</strong></span> <span class='ocrx_word' id='word_1_56' title='bbox 561 935 767 1005; x_wconf 73' lang='grc' dir='ltr'>ἔλεγεν·</span> <span class='ocrx_word' id='word_1_57' title='bbox 811 937 1124 1002; x_wconf 81' lang='grc' dir='ltr'>Ἄκουσον,</span> <span class='ocrx_word' id='word_1_58' title='bbox 1157 938 1407 1007; x_wconf 75' lang='grc' dir='ltr'><strong>θύγατερ</strong></span> <span class='ocrx_word' id='word_1_59' title='bbox 1429 978 1444 1002; x_wconf 94' lang='grc'><strong>,</strong></span> <span class='ocrx_word' id='word_1_60' title='bbox 1482 938 1580 991; x_wconf 78' lang='grc' dir='ltr'>καὶ</span> <span class='ocrx_word' id='word_1_61' title='bbox 1626 937 1735 1003; x_wconf 79' lang='grc' dir='ltr'>ἴδε,</span> 
     </span>
    </p>
   </div>
   <div class='ocr_carea' id='block_1_11' title="bbox 165 1026 1738 1096">
    <p class='ocr_par' dir='ltr' id='par_1_11' title="bbox 165 1026 1738 1096">
     <span class='ocr_line' id='line_1_11' title="bbox 165 1026 1738 1096; baseline -0.001 -9"><span class='ocrx_word' id='word_1_62' title='bbox 165 1033 267 1086; x_wconf 73' lang='grc' dir='ltr'>καὶ</span> <span class='ocrx_word' id='word_1_63' title='bbox 298 1030 512 1086; x_wconf 69' lang='grc' dir='ltr'>κλῖνον</span> <span class='ocrx_word' id='word_1_64' title='bbox 549 1029 614 1084; x_wconf 79' lang='grc' dir='ltr'>τὸ</span> <span class='ocrx_word' id='word_1_65' title='bbox 653 1026 761 1096; x_wconf 84' lang='grc' dir='ltr'>οὖς</span> <span class='ocrx_word' id='word_1_66' title='bbox 790 1046 940 1093; x_wconf 91' lang='grc' dir='ltr'>σου,</span> <span class='ocrx_word' id='word_1_67' title='bbox 990 1030 1088 1083; x_wconf 79' lang='grc' dir='ltr'>καὶ</span> <span class='ocrx_word' id='word_1_68' title='bbox 1120 1029 1405 1084; x_wconf 79' lang='grc' dir='ltr'>ἐπιλάθου</span> <span class='ocrx_word' id='word_1_69' title='bbox 1441 1029 1548 1084; x_wconf 86' lang='grc' dir='ltr'><strong>τοῦ</strong></span> <span class='ocrx_word' id='word_1_70' title='bbox 1585 1030 1738 1085; x_wconf 75' lang='grc' dir='ltr'>λαοῦ</span> 
     </span>
    </p>
   </div>
   <div class='ocr_carea' id='block_1_12' title="bbox 164 1117 1738 1190">
    <p class='ocr_par' dir='ltr' id='par_1_12' title="bbox 164 1117 1738 1190">
     <span class='ocr_line' id='line_1_12' title="bbox 164 1117 1738 1190; baseline -0.001 -13"><span class='ocrx_word' id='word_1_71' title='bbox 164 1141 309 1187; x_wconf 87' lang='grc' dir='ltr'>σου,</span> <span class='ocrx_word' id='word_1_72' title='bbox 341 1123 438 1177; x_wconf 77' lang='grc' dir='ltr'>καὶ</span> <span class='ocrx_word' id='word_1_73' title='bbox 480 1122 584 1176; x_wconf 84' lang='grc' dir='ltr'><strong>τοῦ</strong></span> <span class='ocrx_word' id='word_1_74' title='bbox 628 1117 796 1176; x_wconf 77' lang='grc' dir='ltr'>οἴκου</span> <span class='ocrx_word' id='word_1_75' title='bbox 827 1122 933 1176; x_wconf 85' lang='grc' dir='ltr'><strong>τοῦ</strong></span> <span class='ocrx_word' id='word_1_76' title='bbox 966 1122 1193 1190; x_wconf 81' lang='grc' dir='ltr'><strong>Πατρός</strong></span> <span class='ocrx_word' id='word_1_77' title='bbox 1218 1137 1334 1176; x_wconf 90' lang='grc' dir='ltr'><strong>σου</strong></span> <span class='ocrx_word' id='word_1_78' title='bbox 1354 1138 1368 1150; x_wconf 70' lang='grc' dir='ltr'><strong>ο</strong></span> <span class='ocrx_word' id='word_1_79' title='bbox 1399 1123 1499 1176; x_wconf 80' lang='grc' dir='ltr'>καὶ</span> <span class='ocrx_word' id='word_1_80' title='bbox 1535 1123 1738 1177; x_wconf 85' lang='grc' dir='ltr'>ἐπιθυ-</span> 
     </span>
    </p>
   </div>
   <div class='ocr_carea' id='block_1_13' title="bbox 157 1213 1740 1287">
    <p class='ocr_par' dir='ltr' id='par_1_13' title="bbox 157 1213 1740 1287">
     <span class='ocr_line' id='line_1_13' title="bbox 157 1213 1740 1287; baseline -0.001 -16"><span class='ocrx_word' id='word_1_81' title='bbox 157 1217 351 1287; x_wconf 83' lang='grc' dir='ltr'>μήσει</span> <span class='ocrx_word' id='word_1_82' title='bbox 383 1219 418 1271; x_wconf 85' lang='grc' dir='ltr'><strong>ό</strong></span> <span class='ocrx_word' id='word_1_83' title='bbox 455 1216 752 1282; x_wconf 72' lang='grc' dir='ltr'>βασιλεὺς</span> <span class='ocrx_word' id='word_1_84' title='bbox 804 1215 908 1269; x_wconf 88' lang='grc' dir='ltr'><strong>τοῦ</strong></span> <span class='ocrx_word' id='word_1_85' title='bbox 951 1213 1217 1281; x_wconf 79' lang='grc' dir='ltr'><strong>κάλλους</strong></span> <span class='ocrx_word' id='word_1_86' title='bbox 1251 1231 1393 1270; x_wconf 69' lang='grc' dir='ltr'>σου*</span> <span class='ocrx_word' id='word_1_87' title='bbox 1441 1215 1528 1268; x_wconf 86' lang='grc' dir='ltr'>ὅτι</span> <span class='ocrx_word' id='word_1_88' title='bbox 1557 1217 1740 1283; x_wconf 79' lang='grc' dir='ltr'>αὐτός</span> 
     </span>
    </p>
   </div>
   <div class='ocr_carea' id='block_1_14' title="bbox 162 1307 1734 1381">
    <p class='ocr_par' dir='ltr' id='par_1_14' title="bbox 162 1307 1734 1381">
     <span class='ocr_line' id='line_1_14' title="bbox 162 1307 1734 1381; baseline 0 -19"><span class='ocrx_word' id='word_1_89' title='bbox 162 1311 342 1364; x_wconf 86' lang='grc' dir='ltr'>ἐστιν</span> <span class='ocrx_word' id='word_1_90' title='bbox 373 1311 583 1378; x_wconf 84' lang='grc' dir='ltr'>Κύριος</span> <span class='ocrx_word' id='word_1_91' title='bbox 606 1312 639 1363; x_wconf 87' lang='grc' dir='ltr'><strong>ό</strong></span> <span class='ocrx_word' id='word_1_92' title='bbox 665 1310 807 1374; x_wconf 84' lang='grc' dir='ltr'>Θεός</span> <span class='ocrx_word' id='word_1_93' title='bbox 826 1323 963 1373; x_wconf 91' lang='grc' dir='ltr'>σου,</span> <span class='ocrx_word' id='word_1_94' title='bbox 1003 1308 1100 1361; x_wconf 78' lang='grc' dir='ltr'>καὶ</span> <span class='ocrx_word' id='word_1_95' title='bbox 1125 1307 1570 1376; x_wconf 78' lang='grc' dir='ltr'><strong>προσκυνήσεις</strong></span> <span class='ocrx_word' id='word_1_96' title='bbox 1601 1309 1734 1381; x_wconf 72' lang='grc' dir='ltr'><strong>[ἄλ.</strong></span> 
     </span>
    </p>
   </div>
   <div class='ocr_carea' id='block_1_15' title="bbox 161 1401 1738 1476">
    <p class='ocr_par' dir='ltr' id='par_1_15' title="bbox 161 1401 1738 1476">
     <span class='ocr_line' id='line_1_15' title="bbox 161 1401 1738 1476; baseline 0.001 -20"><span class='ocrx_word' id='word_1_97' title='bbox 161 1401 658 1475; x_wconf 77' lang='grc' dir='ltr'>προσκυνήσουσινῖ</span> <span class='ocrx_word' id='word_1_98' title='bbox 673 1401 850 1467; x_wconf 82' lang='grc' dir='ltr'>αὐτῷ.</span> <span class='ocrx_word' id='word_1_99' title='bbox 861 1403 1173 1464; x_wconf 79' lang='grc' dir='ltr'>Ἄκουσον,</span> <span class='ocrx_word' id='word_1_100' title='bbox 1188 1403 1454 1471; x_wconf 80' lang='grc' dir='ltr'><strong>θύγατερ,</strong></span> <span class='ocrx_word' id='word_1_101' title='bbox 1468 1404 1538 1457; x_wconf 80' lang='grc' dir='ltr'>τὰ</span> <span class='ocrx_word' id='word_1_102' title='bbox 1550 1403 1738 1476; x_wconf 84' lang='grc' dir='ltr'>πρώην</span> 
     </span>
    </p>
   </div>
   <div class='ocr_carea' id='block_1_16' title="bbox 161 1492 1738 1567">
    <p class='ocr_par' dir='ltr' id='par_1_16' title="bbox 161 1492 1738 1567">
     <span class='ocr_line' id='line_1_16' title="bbox 161 1492 1738 1567; baseline 0 -18"><span class='ocrx_word' id='word_1_103' title='bbox 161 1497 246 1560; x_wconf 83' lang='grc' dir='ltr'><strong>είς</strong></span> <span class='ocrx_word' id='word_1_104' title='bbox 276 1493 498 1567; x_wconf 57' lang='lat' dir='ltr'><strong>uehi/1.</strong></span> <span class='ocrx_word' id='word_1_105' title='bbox 529 1495 657 1565; x_wconf 73' lang='grc' dir='ltr'>περὶ</span> <span class='ocrx_word' id='word_1_106' title='bbox 695 1492 826 1564; x_wconf 88' lang='grc' dir='ltr'>σοῦ]</span> <span class='ocrx_word' id='word_1_107' title='bbox 860 1494 1337 1566; x_wconf 78' lang='grc' dir='ltr'>προφητευόμεναο</span> <span class='ocrx_word' id='word_1_108' title='bbox 1380 1496 1467 1548; x_wconf 85' lang='grc' dir='ltr'><strong>ἴνα</strong></span> <span class='ocrx_word' id='word_1_109' title='bbox 1503 1497 1596 1549; x_wconf 74' lang='grc' dir='ltr'><strong>καὶ</strong></span> <span class='ocrx_word' id='word_1_110' title='bbox 1627 1499 1738 1560; x_wconf 78' lang='grc' dir='ltr'>τοῖς</span> 
     </span>
    </p>
   </div>
   <div class='ocr_carea' id='block_1_17' title="bbox 158 1581 1738 1656">
    <p class='ocr_par' dir='ltr' id='par_1_17' title="bbox 158 1581 1738 1656">
     <span class='ocr_line' id='line_1_17' title="bbox 158 1581 1738 1656; baseline -0.002 -19"><span class='ocrx_word' id='word_1_111' title='bbox 158 1583 422 1656; x_wconf 86' lang='grc' dir='ltr'>γνώσεως</span> <span class='ocrx_word' id='word_1_112' title='bbox 450 1581 745 1652; x_wconf 81' lang='grc' dir='ltr'><strong>ὀφθαλμοῖς</strong></span> <span class='ocrx_word' id='word_1_113' title='bbox 777 1581 1057 1655; x_wconf 83' lang='grc' dir='ltr'>θεωρήσῃς</span> <span class='ocrx_word' id='word_1_114' title='bbox 1088 1582 1156 1634; x_wconf 84' lang='grc' dir='ltr'><strong>τά</strong></span> <span class='ocrx_word' id='word_1_115' title='bbox 1181 1583 1502 1654; x_wconf 85' lang='grc' dir='ltr'>πράγματα.</span> <span class='ocrx_word' id='word_1_116' title='bbox 1539 1583 1738 1635; x_wconf 73' lang='lat' dir='ltr'><strong>&#39;Axou-</strong></span> 
     </span>
    </p>
   </div>
   <div class='ocr_carea' id='block_1_18' title="bbox 165 1673 1737 1748">
    <p class='ocr_par' dir='ltr' id='par_1_18' title="bbox 165 1673 1737 1748">
     <span class='ocr_line' id='line_1_18' title="bbox 165 1673 1737 1748; baseline -0.001 -18"><span class='ocrx_word' id='word_1_117' title='bbox 165 1693 265 1730; x_wconf 84' lang='grc' dir='ltr'><strong>σον</strong></span> <span class='ocrx_word' id='word_1_118' title='bbox 292 1675 430 1748; x_wconf 77' lang='grc' dir='ltr'>ἐμοῦ</span> <span class='ocrx_word' id='word_1_119' title='bbox 465 1693 545 1728; x_wconf 91' lang='grc' dir='ltr'><strong>σοι</strong></span> <span class='ocrx_word' id='word_1_120' title='bbox 575 1673 1000 1746; x_wconf 73' lang='grc' dir='ltr'>προμηνύοντος,</span> <span class='ocrx_word' id='word_1_121' title='bbox 1033 1675 1126 1728; x_wconf 75' lang='grc' dir='ltr'><strong>καὶ</strong></span> <span class='ocrx_word' id='word_1_122' title='bbox 1153 1673 1244 1728; x_wconf 88' lang='grc' dir='ltr'><strong>τοῦ</strong></span> <span class='ocrx_word' id='word_1_123' title='bbox 1276 1674 1611 1746; x_wconf 80' lang='grc' dir='ltr'>ἀρχαγγέλου</span> <span class='ocrx_word' id='word_1_124' title='bbox 1655 1692 1737 1728; x_wconf 91' lang='grc' dir='ltr'><strong>σοι</strong></span> 
     </span>
    </p>
   </div>
   <div class='ocr_carea' id='block_1_19' title="bbox 159 1765 1732 1842">
    <p class='ocr_par' dir='ltr' id='par_1_19' title="bbox 159 1765 1732 1842">
     <span class='ocr_line' id='line_1_19' title="bbox 159 1765 1732 1842; baseline -0.004 -16"><span class='ocrx_word' id='word_1_125' title='bbox 159 1772 234 1826; x_wconf 81' lang='grc' dir='ltr'>τὰ</span> <span class='ocrx_word' id='word_1_126' title='bbox 284 1772 480 1842; x_wconf 85' lang='grc' dir='ltr'>ὲντελῆ</span> <span class='ocrx_word' id='word_1_127' title='bbox 527 1787 608 1825; x_wconf 89' lang='grc' dir='ltr'><strong>σοι</strong></span> <span class='ocrx_word' id='word_1_128' title='bbox 663 1771 934 1842; x_wconf 85' lang='grc' dir='ltr'>μυστήρια</span> <span class='ocrx_word' id='word_1_129' title='bbox 976 1767 1272 1839; x_wconf 74' lang='grc' dir='ltr'>διαρρήδην</span> <span class='ocrx_word' id='word_1_130' title='bbox 1298 1765 1732 1834; x_wconf 77' lang='grc' dir='ltr'>ἀναγγέλλοντας.</span> 
     </span>
    </p>
   </div>
   <div class='ocr_carea' id='block_1_20' title="bbox 157 1857 1736 1931">
    <p class='ocr_par' dir='ltr' id='par_1_20' title="bbox 157 1857 1736 1931">
     <span class='ocr_line' id='line_1_20' title="bbox 157 1857 1736 1931; baseline -0.004 -16"><span class='ocrx_word' id='word_1_131' title='bbox 157 1858 334 1915; x_wconf 83' lang='grc' dir='ltr'>Δεῦτε</span> <span class='ocrx_word' id='word_1_132' title='bbox 357 1861 552 1925; x_wconf 81' lang='grc' dir='ltr'>τοίνυν,</span> <span class='ocrx_word' id='word_1_133' title='bbox 587 1861 880 1931; x_wconf 71' lang='grc' dir='ltr'>ἀγαπητοὶ,</span> <span class='ocrx_word' id='word_1_134' title='bbox 913 1861 1006 1914; x_wconf 63' lang='grc' dir='ltr'><strong>και¹</strong></span> <span class='ocrx_word' id='word_1_135' title='bbox 1038 1860 1195 1930; x_wconf 77' lang='grc' dir='ltr'>ἡμεῖς</span> <span class='ocrx_word' id='word_1_136' title='bbox 1221 1857 1315 1909; x_wconf 69' lang='grc' dir='ltr'>ἐπὶ</span> <span class='ocrx_word' id='word_1_137' title='bbox 1335 1857 1431 1929; x_wconf 83' lang='grc' dir='ltr'>τὴν</span> <span class='ocrx_word' id='word_1_138' title='bbox 1464 1857 1570 1910; x_wconf 83' lang='grc' dir='ltr'><strong>τῶν</strong></span> <span class='ocrx_word' id='word_1_139' title='bbox 1601 1873 1736 1930; x_wconf 85' lang='grc' dir='ltr'>προ-</span> 
     </span>
    </p>
   </div>
   <div class='ocr_carea' id='block_1_21' title="bbox 159 1948 1740 2024">
    <p class='ocr_par' dir='ltr' id='par_1_21' title="bbox 159 1948 1740 2024">
     <span class='ocr_line' id='line_1_21' title="bbox 159 1948 1740 2024; baseline -0.004 -16"><span class='ocrx_word' id='word_1_140' title='bbox 159 1953 438 2008; x_wconf 76' lang='grc' dir='ltr'>λαῦόντων</span> <span class='ocrx_word' id='word_1_141' title='bbox 463 1955 680 2024; x_wconf 85' lang='grc' dir='ltr'>μνήμην</span> <span class='ocrx_word' id='word_1_142' title='bbox 711 1951 1127 2024; x_wconf 84' lang='grc' dir='ltr'>ἀναδραμόντες,</span> <span class='ocrx_word' id='word_1_143' title='bbox 1173 1949 1270 2019; x_wconf 82' lang='grc' dir='ltr'><strong>τὴν</strong></span> <span class='ocrx_word' id='word_1_144' title='bbox 1307 1949 1364 2014; x_wconf 76' lang='grc' dir='ltr'><strong>ἐξ</strong></span> <span class='ocrx_word' id='word_1_145' title='bbox 1407 1949 1601 2002; x_wconf 78' lang='grc' dir='ltr'>Ἰεσσαὶ</span> <span class='ocrx_word' id='word_1_146' title='bbox 1644 1948 1740 2021; x_wconf 77' lang='grc' dir='ltr'><strong>ῥά-</strong></span> 
     </span>
    </p>
   </div>
   <div class='ocr_carea' id='block_1_22' title="bbox 160 2039 1741 2116">
    <p class='ocr_par' dir='ltr' id='par_1_22' title="bbox 160 2039 1741 2116">
     <span class='ocr_line' id='line_1_22' title="bbox 160 2039 1741 2116; baseline -0.004 -18"><span class='ocrx_word' id='word_1_147' title='bbox 160 2045 291 2098; x_wconf 77' lang='grc' dir='ltr'>ϐδον</span> <span class='ocrx_word' id='word_1_148' title='bbox 323 2043 616 2116; x_wconf 82' lang='grc' dir='ltr'>ὑπερφυῶς</span> <span class='ocrx_word' id='word_1_149' title='bbox 644 2041 814 2106; x_wconf 73' lang='grc' dir='ltr'>οὕτως</span> <span class='ocrx_word' id='word_1_150' title='bbox 856 2041 1235 2112; x_wconf 80' lang='grc' dir='ltr'>βλαστήσασαν</span> <span class='ocrx_word' id='word_1_151' title='bbox 1249 2039 1581 2112; x_wconf 76' lang='grc' dir='ltr'>δοξάσωμεν,</span> <span class='ocrx_word' id='word_1_152' title='bbox 1613 2040 1741 2092; x_wconf 89' lang='grc' dir='ltr'>ἀνυ-</span> 
     </span>
    </p>
   </div>
   <div class='ocr_carea' id='block_1_23' title="bbox 162 2131 1740 2210">
    <p class='ocr_par' dir='ltr' id='par_1_23' title="bbox 162 2131 1740 2210">
     <span class='ocr_line' id='line_1_23' title="bbox 162 2131 1740 2210; baseline -0.003 -20"><span class='ocrx_word' id='word_1_153' title='bbox 162 2137 485 2210; x_wconf 85' lang='grc' dir='ltr'>μνήσωμεν,</span> <span class='ocrx_word' id='word_1_154' title='bbox 543 2134 971 2206; x_wconf 88' lang='grc' dir='ltr'>μακαρίσωμεν,</span> <span class='ocrx_word' id='word_1_155' title='bbox 1031 2133 1440 2203; x_wconf 76' lang='grc' dir='ltr'>εὐφημίσωμεν.</span> <span class='ocrx_word' id='word_1_156' title='bbox 1502 2133 1576 2185; x_wconf 83' lang='grc' dir='ltr'>Ού</span> <span class='ocrx_word' id='word_1_157' title='bbox 1633 2131 1740 2204; x_wconf 81' lang='grc' dir='ltr'>γὰρ</span> 
     </span>
    </p>
   </div>
   <div class='ocr_carea' id='block_1_24' title="bbox 161 2223 1740 2300">
    <p class='ocr_par' dir='ltr' id='par_1_24' title="bbox 161 2223 1740 2300">
     <span class='ocr_line' id='line_1_24' title="bbox 161 2223 1740 2300; baseline -0.003 -19"><span class='ocrx_word' id='word_1_158' title='bbox 161 2229 316 2299; x_wconf 83' lang='grc' dir='ltr'>μόνῳ</span> <span class='ocrx_word' id='word_1_159' title='bbox 343 2227 422 2299; x_wconf 82' lang='grc' dir='ltr'>τῷ</span> <span class='ocrx_word' id='word_1_160' title='bbox 451 2227 590 2300; x_wconf 75' lang='grc' dir='ltr'>[ἀλ.</span> <span class='ocrx_word' id='word_1_161' title='bbox 626 2227 784 2299; x_wconf 91' lang='grc' dir='ltr'>μόνον</span> <span class='ocrx_word' id='word_1_162' title='bbox 804 2225 935 2298; x_wconf 87' lang='grc' dir='ltr'>τὸν]</span> <span class='ocrx_word' id='word_1_163' title='bbox 979 2226 1199 2296; x_wconf 77' lang='grc' dir='ltr'>Ἰωσὴφ,</span> <span class='ocrx_word' id='word_1_164' title='bbox 1230 2224 1366 2278; x_wconf 81' lang='grc' dir='ltr'>ἀλλὰ</span> <span class='ocrx_word' id='word_1_165' title='bbox 1398 2224 1493 2278; x_wconf 78' lang='grc' dir='ltr'>καὶ</span> <span class='ocrx_word' id='word_1_166' title='bbox 1522 2227 1588 2295; x_wconf 83' lang='grc' dir='ltr'>τῇ</span> <span class='ocrx_word' id='word_1_167' title='bbox 1621 2223 1740 2276; x_wconf 82' lang='grc' dir='ltr'>θεο-</span> 
     </span>
    </p>
   </div>
   <div class='ocr_carea' id='block_1_25' title="bbox 156 2315 1743 2393">
    <p class='ocr_par' dir='ltr' id='par_1_25' title="bbox 156 2315 1743 2393">
     <span class='ocr_line' id='line_1_25' title="bbox 156 2315 1743 2393; baseline -0.004 -17"><span class='ocrx_word' id='word_1_168' title='bbox 156 2321 310 2393; x_wconf 83' lang='grc' dir='ltr'>τόκῳ</span> <span class='ocrx_word' id='word_1_169' title='bbox 352 2321 540 2393; x_wconf 84' lang='grc' dir='ltr'>Μαρίᾳ</span> <span class='ocrx_word' id='word_1_170' title='bbox 577 2319 981 2392; x_wconf 72' lang='grc' dir='ltr'>προμαρτυριῖΝ</span> <span class='ocrx_word' id='word_1_171' title='bbox 1037 2317 1170 2390; x_wconf 79' lang='grc' dir='ltr'><strong>[ἀλ.</strong></span> <span class='ocrx_word' id='word_1_172' title='bbox 1213 2315 1682 2389; x_wconf 79' lang='grc' dir='ltr'>προσμαρτυρῶν]</span> <span class='ocrx_word' id='word_1_173' title='bbox 1714 2319 1743 2370; x_wconf 93' lang='lat'><strong>6</strong></span> 
     </span>
    </p>
   </div>
   <div class='ocr_carea' id='block_1_26' title="bbox 156 2408 1742 2481">
    <p class='ocr_par' dir='ltr' id='par_1_26' title="bbox 156 2408 1742 2481">
     <span class='ocr_line' id='line_1_26' title="bbox 156 2408 1742 2481; baseline -0.006 -12"><span class='ocrx_word' id='word_1_174' title='bbox 156 2415 399 2479; x_wconf 73' lang='grc' dir='ltr'>Λουκᾶς,</span> <span class='ocrx_word' id='word_1_175' title='bbox 426 2415 484 2468; x_wconf 77' lang='grc' dir='ltr'>ὲν</span> <span class='ocrx_word' id='word_1_176' title='bbox 517 2415 629 2478; x_wconf 81' lang='grc' dir='ltr'>τοῖς</span> <span class='ocrx_word' id='word_1_177' title='bbox 658 2413 820 2477; x_wconf 79' lang='grc' dir='ltr'>θείοις</span> <span class='ocrx_word' id='word_1_178' title='bbox 853 2410 1220 2480; x_wconf 82' lang='grc' dir='ltr'>Εὑαγγελίοις,</span> <span class='ocrx_word' id='word_1_179' title='bbox 1253 2410 1454 2481; x_wconf 84' lang='grc' dir='ltr'>ἱστορεῖ</span> <span class='ocrx_word' id='word_1_180' title='bbox 1481 2408 1616 2480; x_wconf 78' lang='grc' dir='ltr'>πρὸς</span> <span class='ocrx_word' id='word_1_181' title='bbox 1644 2408 1742 2461; x_wconf 86' lang='grc' dir='ltr'>αύ-</span> 
     </span>
    </p>
   </div>
   <div class='ocr_carea' id='block_1_27' title="bbox 155 2495 1740 2579">
    <p class='ocr_par' dir='ltr' id='par_1_27' title="bbox 155 2495 1740 2579">
     <span class='ocr_line' id='line_1_27' title="bbox 155 2495 1740 2579; baseline -0.007 -19"><span class='ocrx_word' id='word_1_182' title='bbox 155 2506 261 2579; x_wconf 75' lang='grc' dir='ltr'>τὴν</span> <span class='ocrx_word' id='word_1_183' title='bbox 285 2506 388 2578; x_wconf 82' lang='grc' dir='ltr'>τὴν</span> <span class='ocrx_word' id='word_1_184' title='bbox 410 2504 503 2558; x_wconf 84' lang='grc' dir='ltr'><strong>τοῦ</strong></span> <span class='ocrx_word' id='word_1_185' title='bbox 525 2503 688 2558; x_wconf 76' lang='grc' dir='ltr'>Δαϐὶδ</span> <span class='ocrx_word' id='word_1_186' title='bbox 711 2502 1015 2572; x_wconf 81' lang='grc' dir='ltr'>οἰκειότητα</span> <span class='ocrx_word' id='word_1_187' title='bbox 1037 2517 1051 2529; x_wconf 86' lang='grc'><strong>·</strong></span> <span class='ocrx_word' id='word_1_188' title='bbox 1094 2497 1290 2566; x_wconf 81' lang='grc' dir='ltr'>Ἀνέϐη</span> <span class='ocrx_word' id='word_1_189' title='bbox 1314 2498 1424 2567; x_wconf 83' lang='grc' dir='ltr'>γὰρ</span> <span class='ocrx_word' id='word_1_190' title='bbox 1441 2499 1472 2550; x_wconf 87' lang='grc' dir='ltr'><strong>ό</strong></span> <span class='ocrx_word' id='word_1_191' title='bbox 1505 2495 1740 2564; x_wconf 68' lang='grc' dir='ltr'>Ἰωσὴφ,</span> 
     </span>
    </p>
   </div>
   <div class='ocr_carea' id='block_1_28' title="bbox 156 2586 1740 2671">
    <p class='ocr_par' dir='ltr' id='par_1_28' title="bbox 156 2586 1740 2671">
     <span class='ocr_line' id='line_1_28' title="bbox 156 2586 1740 2671; baseline -0.008 -18"><span class='ocrx_word' id='word_1_192' title='bbox 156 2600 352 2671; x_wconf 68' lang='grc' dir='ltr'>φησιν,</span> <span class='ocrx_word' id='word_1_193' title='bbox 383 2596 500 2652; x_wconf 81' lang='grc' dir='ltr'>ἀπὸ</span> <span class='ocrx_word' id='word_1_194' title='bbox 521 2595 631 2664; x_wconf 77' lang='grc' dir='ltr'>τῆς</span> <span class='ocrx_word' id='word_1_195' title='bbox 645 2595 976 2661; x_wconf 77' lang='grc' dir='ltr'>Γαλιλαίας</span> <span class='ocrx_word' id='word_1_196' title='bbox 990 2595 1078 2659; x_wconf 87' lang='grc' dir='ltr'>εὶς</span> <span class='ocrx_word' id='word_1_197' title='bbox 1101 2592 1283 2645; x_wconf 79' lang='grc' dir='ltr'>πόλιν</span> <span class='ocrx_word' id='word_1_198' title='bbox 1297 2589 1406 2658; x_wconf 82' lang='grc' dir='ltr'>τῆς</span> <span class='ocrx_word' id='word_1_199' title='bbox 1438 2586 1740 2654; x_wconf 78' lang='grc' dir='ltr'>Ἰουδαίας,</span> 
     </span>
    </p>
   </div>
   <div class='ocr_carea' id='block_1_29' title="bbox 158 2681 1743 2759">
    <p class='ocr_par' dir='ltr' id='par_1_29' title="bbox 158 2681 1743 2759">
     <span class='ocr_line' id='line_1_29' title="bbox 158 2681 1743 2759; baseline -0.008 -12"><span class='ocrx_word' id='word_1_200' title='bbox 158 2691 301 2759; x_wconf 81' lang='grc' dir='ltr'>ἣτις</span> <span class='ocrx_word' id='word_1_201' title='bbox 333 2690 598 2746; x_wconf 74' lang='grc' dir='ltr'>καλεῖται</span> <span class='ocrx_word' id='word_1_202' title='bbox 628 2687 917 2758; x_wconf 73' lang='grc' dir='ltr'>Βηθλεὲμ,</span> <span class='ocrx_word' id='word_1_203' title='bbox 954 2684 1415 2757; x_wconf 59' lang='grc' dir='ltr'>ἀπογράψασθαι</span> <span class='ocrx_word' id='word_1_204' title='bbox 1456 2681 1580 2736; x_wconf 89' lang='grc' dir='ltr'>σὺν</span> <span class='ocrx_word' id='word_1_205' title='bbox 1619 2683 1743 2734; x_wconf 84' lang='grc' dir='ltr'><strong>Μα-</strong></span> 
     </span>
    </p>
   </div>
   <div class='ocr_carea' id='block_1_30' title="bbox 149 2773 1740 2852">
    <p class='ocr_par' dir='ltr' id='par_1_30' title="bbox 149 2773 1740 2852">
     <span class='ocr_line' id='line_1_30' title="bbox 149 2773 1740 2852; baseline -0.008 -16"><span class='ocrx_word' id='word_1_206' title='bbox 149 2785 306 2852; x_wconf 79' lang='grc' dir='ltr'>ριὰμ</span> <span class='ocrx_word' id='word_1_207' title='bbox 368 2781 443 2851; x_wconf 76' lang='grc' dir='ltr'>τῇ</span> <span class='ocrx_word' id='word_1_208' title='bbox 492 2778 990 2851; x_wconf 79' lang='grc' dir='ltr'>μεμνηστευμένῃ</span> <span class='ocrx_word' id='word_1_209' title='bbox 1049 2775 1208 2840; x_wconf 82' lang='grc' dir='ltr'>αὐτῷ</span> <span class='ocrx_word' id='word_1_210' title='bbox 1275 2773 1534 2845; x_wconf 76' lang='grc' dir='ltr'>γυναικὶ,</span> <span class='ocrx_word' id='word_1_211' title='bbox 1585 2773 1740 2842; x_wconf 81' lang='grc' dir='ltr'>οὔσῃ</span> 
     </span>
    </p>
   </div>
   <div class='ocr_carea' id='block_1_31' title="bbox 155 2861 1744 2942">
    <p class='ocr_par' dir='ltr' id='par_1_31' title="bbox 155 2861 1744 2942">
     <span class='ocr_line' id='line_1_31' title="bbox 155 2861 1744 2942; baseline -0.006 -18"><span class='ocrx_word' id='word_1_212' title='bbox 155 2871 379 2942; x_wconf 70' lang='grc' dir='ltr'>ἐγκύιει,</span> <span class='ocrx_word' id='word_1_213' title='bbox 412 2869 506 2924; x_wconf 82' lang='grc' dir='ltr'>διὰ</span> <span class='ocrx_word' id='word_1_214' title='bbox 529 2868 595 2922; x_wconf 82' lang='grc' dir='ltr'>τὸ</span> <span class='ocrx_word' id='word_1_215' title='bbox 623 2865 776 2923; x_wconf 77' lang='grc' dir='ltr'>εἶναι</span> <span class='ocrx_word' id='word_1_216' title='bbox 801 2866 1024 2933; x_wconf 83' lang='grc' dir='ltr'>αὐτοὺς</span> <span class='ocrx_word' id='word_1_217' title='bbox 1047 2865 1117 2929; x_wconf 76' lang='grc' dir='ltr'><strong>ἐξ</strong></span> <span class='ocrx_word' id='word_1_218' title='bbox 1143 2865 1315 2918; x_wconf 78' lang='grc' dir='ltr'>οἴκου</span> <span class='ocrx_word' id='word_1_219' title='bbox 1345 2862 1444 2917; x_wconf 78' lang='grc' dir='ltr'>καὶ</span> <span class='ocrx_word' id='word_1_220' title='bbox 1491 2861 1744 2931; x_wconf 86' lang='grc' dir='ltr'>πατριᾶς</span> 
     </span>
    </p>
   </div>
   <div class='ocr_carea' id='block_1_32' title="bbox 156 2954 1745 3031">
    <p class='ocr_par' dir='ltr' id='par_1_32' title="bbox 156 2954 1745 3031">
     <span class='ocr_line' id='line_1_32' title="bbox 156 2954 1745 3031; baseline -0.006 -14"><span class='ocrx_word' id='word_1_221' title='bbox 156 2962 362 3018; x_wconf 79' lang='grc' dir='ltr'>Δαϐίὸ.</span> <span class='ocrx_word' id='word_1_222' title='bbox 403 2962 663 3031; x_wconf 76' lang='grc' dir='ltr'>Ἐγένετο</span> <span class='ocrx_word' id='word_1_223' title='bbox 690 2959 758 3014; x_wconf 81' lang='grc' dir='ltr'>δὲ</span> <span class='ocrx_word' id='word_1_224' title='bbox 781 2960 850 3013; x_wconf 86' lang='grc' dir='ltr'>ἐν</span> <span class='ocrx_word' id='word_1_225' title='bbox 876 2958 957 3025; x_wconf 83' lang='grc' dir='ltr'>τῷ</span> <span class='ocrx_word' id='word_1_226' title='bbox 982 2955 1134 3013; x_wconf 77' lang='grc' dir='ltr'>εἶναι</span> <span class='ocrx_word' id='word_1_227' title='bbox 1159 2957 1381 3025; x_wconf 81' lang='grc' dir='ltr'>αὐτοὺς</span> <span class='ocrx_word' id='word_1_228' title='bbox 1401 2956 1543 3021; x_wconf 82' lang='grc' dir='ltr'>ἐκεῖ,</span> <span class='ocrx_word' id='word_1_229' title='bbox 1561 2954 1745 3022; x_wconf 78' lang='grc' dir='ltr'>ἐπλή-</span> 
     </span>
    </p>
   </div>
   <div class='ocr_carea' id='block_1_33' title="bbox 157 3048 1745 3123">
    <p class='ocr_par' dir='ltr' id='par_1_33' title="bbox 157 3048 1745 3123">
     <span class='ocr_line' id='line_1_33' title="bbox 157 3048 1745 3123; baseline -0.005 -13"><span class='ocrx_word' id='word_1_230' title='bbox 157 3060 412 3123; x_wconf 83' lang='grc' dir='ltr'>σθησαν</span> <span class='ocrx_word' id='word_1_231' title='bbox 437 3056 496 3107; x_wconf 77' lang='grc' dir='ltr'>αἱ</span> <span class='ocrx_word' id='word_1_232' title='bbox 520 3051 728 3122; x_wconf 73' lang='grc' dir='ltr'>ἡμέραι</span> <span class='ocrx_word' id='word_1_233' title='bbox 754 3051 860 3106; x_wconf 88' lang='grc' dir='ltr'><strong>τοῦ</strong></span> <span class='ocrx_word' id='word_1_234' title='bbox 892 3050 1084 3104; x_wconf 81' lang='grc' dir='ltr'>τεκεῖν</span> <span class='ocrx_word' id='word_1_235' title='bbox 1115 3049 1311 3118; x_wconf 81' lang='grc' dir='ltr'>αὐτὴν</span> <span class='ocrx_word' id='word_1_236' title='bbox 1329 3088 1344 3112; x_wconf 93' lang='grc'><strong>,</strong></span> <span class='ocrx_word' id='word_1_237' title='bbox 1397 3048 1495 3102; x_wconf 74' lang='grc' dir='ltr'>καὶ</span> <span class='ocrx_word' id='word_1_238' title='bbox 1539 3049 1745 3103; x_wconf 77' lang='grc' dir='ltr'>ἔτεκεν</span> 
     </span>
    </p>
   </div>
   <div class='ocr_carea' id='block_1_34' title="bbox 156 3138 1745 3212">
    <p class='ocr_par' dir='ltr' id='par_1_34' title="bbox 156 3138 1745 3212">
     <span class='ocr_line' id='line_1_34' title="bbox 156 3138 1745 3212; baseline -0.004 -12"><span class='ocrx_word' id='word_1_239' title='bbox 156 3146 273 3200; x_wconf 82' lang='grc' dir='ltr'>τὸν</span> <span class='ocrx_word' id='word_1_240' title='bbox 297 3143 432 3199; x_wconf 84' lang='grc' dir='ltr'>υἱὸν</span> <span class='ocrx_word' id='word_1_241' title='bbox 449 3143 640 3212; x_wconf 82' lang='grc' dir='ltr'>αὐτῆς</span> <span class='ocrx_word' id='word_1_242' title='bbox 682 3142 787 3196; x_wconf 79' lang='grc' dir='ltr'>τὸν</span> <span class='ocrx_word' id='word_1_243' title='bbox 826 3142 1200 3211; x_wconf 81' lang='grc' dir='ltr'>πρωτότοκον</span> <span class='ocrx_word' id='word_1_244' title='bbox 1241 3141 1445 3209; x_wconf 80' lang='grc' dir='ltr'>πάσης</span> <span class='ocrx_word' id='word_1_245' title='bbox 1475 3138 1583 3207; x_wconf 80' lang='grc' dir='ltr'>τῆς</span> <span class='ocrx_word' id='word_1_246' title='bbox 1623 3141 1745 3194; x_wconf 81' lang='grc' dir='ltr'>κτι-</span> 
     </span>
    </p>
   </div>
   <div class='ocr_carea' id='block_1_35' title="bbox 157 3234 1742 3306">
    <p class='ocr_par' dir='ltr' id='par_1_35' title="bbox 157 3234 1742 3306">
     <span class='ocr_line' id='line_1_35' title="bbox 157 3234 1742 3306; baseline -0.004 -15"><span class='ocrx_word' id='word_1_247' title='bbox 157 3255 320 3304; x_wconf 84' lang='grc' dir='ltr'>σεως</span> <span class='ocrx_word' id='word_1_248' title='bbox 338 3253 353 3267; x_wconf 88' lang='grc'><strong>·</strong></span> <span class='ocrx_word' id='word_1_249' title='bbox 387 3236 485 3290; x_wconf 78' lang='grc' dir='ltr'>καὶ</span> <span class='ocrx_word' id='word_1_250' title='bbox 532 3234 998 3306; x_wconf 71' lang='grc' dir='ltr'>ἐσπαργάνωσεν</span> <span class='ocrx_word' id='word_1_251' title='bbox 1030 3235 1236 3299; x_wconf 84' lang='grc' dir='ltr'>αὑτὸν,</span> <span class='ocrx_word' id='word_1_252' title='bbox 1283 3235 1381 3288; x_wconf 78' lang='grc' dir='ltr'>καὶ</span> <span class='ocrx_word' id='word_1_253' title='bbox 1425 3234 1742 3289; x_wconf 76' lang='grc' dir='ltr'>ἀνέκλινεν</span> 
     </span>
    </p>
   </div>
   <div class='ocr_carea' id='block_1_36' title="bbox 155 3321 1742 3396">
    <p class='ocr_par' dir='ltr' id='par_1_36' title="bbox 155 3321 1742 3396">
     <span class='ocr_line' id='line_1_36' title="bbox 155 3321 1742 3396; baseline -0.002 -16"><span class='ocrx_word' id='word_1_254' title='bbox 155 3329 352 3384; x_wconf 78' lang='grc' dir='ltr'>αὑτὸν</span> <span class='ocrx_word' id='word_1_255' title='bbox 377 3328 448 3380; x_wconf 86' lang='grc' dir='ltr'>ἐν</span> <span class='ocrx_word' id='word_1_256' title='bbox 474 3325 548 3396; x_wconf 78' lang='grc' dir='ltr'>τῇ</span> <span class='ocrx_word' id='word_1_257' title='bbox 570 3326 784 3396; x_wconf 67' lang='grc' dir='ltr'>φάτνῃ,</span> <span class='ocrx_word' id='word_1_258' title='bbox 817 3326 965 3379; x_wconf 84' lang='grc' dir='ltr'>διότι</span> <span class='ocrx_word' id='word_1_259' title='bbox 988 3329 1099 3380; x_wconf 86' lang='grc' dir='ltr'>οὐκ</span> <span class='ocrx_word' id='word_1_260' title='bbox 1122 3321 1201 3396; x_wconf 84' lang='grc' dir='ltr'>ἦν</span> <span class='ocrx_word' id='word_1_261' title='bbox 1225 3325 1431 3393; x_wconf 86' lang='grc' dir='ltr'>αὐτοῖς</span> <span class='ocrx_word' id='word_1_262' title='bbox 1469 3327 1649 3392; x_wconf 84' lang='grc' dir='ltr'>τόπος</span> <span class='ocrx_word' id='word_1_263' title='bbox 1671 3325 1742 3378; x_wconf 72' lang='grc' dir='ltr'>ἐν</span> 
     </span>
    </p>
   </div>
   <div class='ocr_carea' id='block_1_37' title="bbox 156 3416 1742 3488">
    <p class='ocr_par' dir='ltr' id='par_1_37' title="bbox 156 3416 1742 3488">
     <span class='ocr_line' id='line_1_37' title="bbox 156 3416 1742 3488; baseline -0.002 -15"><span class='ocrx_word' id='word_1_264' title='bbox 156 3419 242 3486; x_wconf 84' lang='grc' dir='ltr'>τῷ</span> <span class='ocrx_word' id='word_1_265' title='bbox 279 3419 667 3488; x_wconf 74' lang='grc' dir='ltr'>καταλύματι.</span> <span class='ocrx_word' id='word_1_266' title='bbox 707 3416 1159 3488; x_wconf 83' lang='grc' dir='ltr'>Ἐσπαργάνωσεν</span> <span class='ocrx_word' id='word_1_267' title='bbox 1188 3417 1295 3470; x_wconf 82' lang='grc' dir='ltr'>τὸν</span> <span class='ocrx_word' id='word_1_268' title='bbox 1334 3418 1742 3485; x_wconf 78' lang='grc' dir='ltr'>ἀναϐαλλόμε-</span> 
     </span>
    </p>
   </div>
   <div class='ocr_carea' id='block_1_38' title="bbox 156 3507 1741 3579">
    <p class='ocr_par' dir='ltr' id='par_1_38' title="bbox 156 3507 1741 3579">
     <span class='ocr_line' id='line_1_38' title="bbox 156 3507 1741 3579; baseline -0.002 -15"><span class='ocrx_word' id='word_1_269' title='bbox 156 3527 277 3564; x_wconf 87' lang='grc' dir='ltr'><strong>νον</strong></span> <span class='ocrx_word' id='word_1_270' title='bbox 317 3509 452 3579; x_wconf 64' lang='grc' dir='ltr'>ςςῶς·</span> <span class='ocrx_word' id='word_1_271' title='bbox 484 3510 564 3576; x_wconf 87' lang='grc' dir='ltr'>ὡς</span> <span class='ocrx_word' id='word_1_272' title='bbox 611 3507 861 3578; x_wconf 72' lang='grc' dir='ltr'>ἱμάτιον.</span> <span class='ocrx_word' id='word_1_273' title='bbox 915 3508 1366 3578; x_wconf 84' lang='grc' dir='ltr'>Ἐσπαργάνωσεν</span> <span class='ocrx_word' id='word_1_274' title='bbox 1415 3509 1507 3562; x_wconf 85' lang='grc' dir='ltr'><strong>τὸν</strong></span> <span class='ocrx_word' id='word_1_275' title='bbox 1562 3510 1741 3562; x_wconf 81' lang='grc' dir='ltr'>πᾶσαν</span> 
     </span>
    </p>
   </div>
   <div class='ocr_carea' id='block_1_39' title="bbox 157 3600 1742 3675">
    <p class='ocr_par' dir='ltr' id='par_1_39' title="bbox 157 3600 1742 3675">
     <span class='ocr_line' id='line_1_39' title="bbox 157 3600 1742 3675; baseline -0.003 -18"><span class='ocrx_word' id='word_1_276' title='bbox 157 3603 345 3657; x_wconf 80' lang='grc' dir='ltr'>κτίσιν</span> <span class='ocrx_word' id='word_1_277' title='bbox 365 3603 862 3674; x_wconf 85' lang='grc' dir='ltr'>δημιουργήσαντα.</span> <span class='ocrx_word' id='word_1_278' title='bbox 928 3600 1231 3655; x_wconf 84' lang='grc' dir='ltr'>Ἀνέκλινεν</span> <span class='ocrx_word' id='word_1_279' title='bbox 1275 3601 1333 3654; x_wconf 82' lang='grc' dir='ltr'>ὲν</span> <span class='ocrx_word' id='word_1_280' title='bbox 1387 3601 1594 3675; x_wconf 76' lang='grc' dir='ltr'>φάτνῃ,</span> <span class='ocrx_word' id='word_1_281' title='bbox 1635 3600 1742 3653; x_wconf 84' lang='grc' dir='ltr'>τὸν</span> 
     </span>
    </p>
   </div>
   <div class='ocr_carea' id='block_1_40' title="bbox 158 3691 1741 3764">
    <p class='ocr_par' dir='ltr' id='par_1_40' title="bbox 158 3691 1741 3764">
     <span class='ocr_line' id='line_1_40' title="bbox 158 3691 1741 3764; baseline -0.002 -16"><span class='ocrx_word' id='word_1_282' title='bbox 158 3693 320 3762; x_wconf 80' lang='grc' dir='ltr'>ὑπὲρ</span> <span class='ocrx_word' id='word_1_283' title='bbox 347 3694 628 3764; x_wconf 76' lang='grc' dir='ltr'>χερουϐὶμ</span> <span class='ocrx_word' id='word_1_284' title='bbox 651 3691 1007 3763; x_wconf 79' lang='grc' dir='ltr'>καθήμενον,</span> <span class='ocrx_word' id='word_1_285' title='bbox 1030 3693 1124 3746; x_wconf 75' lang='grc' dir='ltr'><strong>καὶ</strong></span> <span class='ocrx_word' id='word_1_286' title='bbox 1145 3693 1248 3746; x_wconf 86' lang='grc' dir='ltr'><strong>ὑπὸ</strong></span> <span class='ocrx_word' id='word_1_287' title='bbox 1276 3693 1548 3764; x_wconf 86' lang='grc' dir='ltr'>μυριάδων</span> <span class='ocrx_word' id='word_1_288' title='bbox 1579 3692 1741 3761; x_wconf 80' lang='grc' dir='ltr'>ἀγγέ-</span> 
     </span>
    </p>
   </div>
   <div class='ocr_carea' id='block_1_41' title="bbox 155 3785 1742 3857">
    <p class='ocr_par' dir='ltr' id='par_1_41' title="bbox 155 3785 1742 3857">
     <span class='ocr_line' id='line_1_41' title="bbox 155 3785 1742 3857; baseline -0.001 -17"><span class='ocrx_word' id='word_1_289' title='bbox 155 3787 271 3841; x_wconf 80' lang='grc' dir='ltr'><strong>λων</strong></span> <span class='ocrx_word' id='word_1_290' title='bbox 301 3787 535 3857; x_wconf 85' lang='grc' dir='ltr'>ἀνυμνού</span> <span class='ocrx_word' id='word_1_291' title='bbox 545 3804 722 3857; x_wconf 87' lang='grc' dir='ltr'>μενον.</span> <span class='ocrx_word' id='word_1_292' title='bbox 742 3787 829 3840; x_wconf 85' lang='grc' dir='ltr'>Ἐν</span> <span class='ocrx_word' id='word_1_293' title='bbox 858 3789 923 3857; x_wconf 84' lang='grc' dir='ltr'>τῇ</span> <span class='ocrx_word' id='word_1_294' title='bbox 943 3785 1050 3838; x_wconf 84' lang='grc' dir='ltr'><strong>τῶν</strong></span> <span class='ocrx_word' id='word_1_295' title='bbox 1080 3785 1289 3855; x_wconf 80' lang='grc' dir='ltr'>ἀλόγων</span> <span class='ocrx_word' id='word_1_296' title='bbox 1310 3785 1483 3856; x_wconf 83' lang='grc' dir='ltr'>φάτνῃ</span> <span class='ocrx_word' id='word_1_297' title='bbox 1507 3785 1742 3838; x_wconf 88' lang='grc' dir='ltr'>ἀνεπαύ-</span> 
     </span>
    </p>
   </div>
   <div class='ocr_carea' id='block_1_42' title="bbox 159 3876 1742 3949">
    <p class='ocr_par' dir='ltr' id='par_1_42' title="bbox 159 3876 1742 3949">
     <span class='ocr_line' id='line_1_42' title="bbox 159 3876 1742 3949; baseline -0.001 -18"><span class='ocrx_word' id='word_1_298' title='bbox 159 3895 300 3932; x_wconf 81' lang='grc' dir='ltr'>σατο</span> <span class='ocrx_word' id='word_1_299' title='bbox 322 3881 351 3931; x_wconf 93' lang='lat'><strong>6</strong></span> <span class='ocrx_word' id='word_1_300' title='bbox 380 3877 472 3930; x_wconf 87' lang='grc' dir='ltr'><strong>τοῦ</strong></span> <span class='ocrx_word' id='word_1_301' title='bbox 489 3876 624 3930; x_wconf 90' lang='grc' dir='ltr'>Θεοῦ</span> <span class='ocrx_word' id='word_1_302' title='bbox 647 3878 838 3946; x_wconf 84' lang='grc' dir='ltr'>Λόγος,</span> <span class='ocrx_word' id='word_1_303' title='bbox 859 3877 942 3929; x_wconf 85' lang='grc' dir='ltr'><strong>ἵνα</strong></span> <span class='ocrx_word' id='word_1_304' title='bbox 966 3881 1078 3940; x_wconf 88' lang='grc' dir='ltr'>τοῖς</span> <span class='ocrx_word' id='word_1_305' title='bbox 1105 3877 1273 3941; x_wconf 76' lang='grc' dir='ltr'>ὅντως</span> <span class='ocrx_word' id='word_1_306' title='bbox 1305 3877 1519 3946; x_wconf 82' lang='grc' dir='ltr'>ἀλόγοις</span> <span class='ocrx_word' id='word_1_307' title='bbox 1535 3877 1629 3930; x_wconf 86' lang='grc' dir='ltr'><strong>ἀνθ</strong></span> <span class='ocrx_word' id='word_1_308' title='bbox 1641 3895 1742 3949; x_wconf 90' lang='grc' dir='ltr'>ρω-</span> 
     </span>
    </p>
   </div>
   <div class='ocr_carea' id='block_1_43' title="bbox 158 3967 1742 4041">
    <p class='ocr_par' dir='ltr' id='par_1_43' title="bbox 158 3967 1742 4041">
     <span class='ocr_line' id='line_1_43' title="bbox 158 3967 1742 4041; baseline 0 -19"><span class='ocrx_word' id='word_1_309' title='bbox 158 3971 347 4032; x_wconf 82' lang='grc' dir='ltr'>πίνοις</span> <span class='ocrx_word' id='word_1_310' title='bbox 514 3967 864 4040; x_wconf 83' lang='grc' dir='ltr'>ἀνθρώποις],</span> <span class='ocrx_word' id='word_1_311' title='bbox 890 3968 1029 4021; x_wconf 76' lang='grc' dir='ltr'>κατὰ</span> <span class='ocrx_word' id='word_1_312' title='bbox 1049 3969 1385 4040; x_wconf 85' lang='grc' dir='ltr'>προαίρεσιν,</span> <span class='ocrx_word' id='word_1_313' title='bbox 1405 3968 1624 4040; x_wconf 80' lang='grc' dir='ltr'>λογικῆς</span> <span class='ocrx_word' id='word_1_314' title='bbox 1647 3986 1742 4041; x_wconf 88' lang='grc' dir='ltr'>με·-</span> 
     </span>
    </p>
   </div>
   <div class='ocr_carea' id='block_1_44' title="bbox 153 4059 1740 4132">
    <p class='ocr_par' dir='ltr' id='par_1_44' title="bbox 153 4059 1740 4132">
     <span class='ocr_line' id='line_1_44' title="bbox 153 4059 1740 4132; baseline -0.001 -18"><span class='ocrx_word' id='word_1_315' title='bbox 153 4060 384 4132; x_wconf 84' lang='grc' dir='ltr'>ταδώσῃ</span> <span class='ocrx_word' id='word_1_316' title='bbox 398 4060 717 4130; x_wconf 79' lang='grc' dir='ltr'>αἰσθήσεως.</span> <span class='ocrx_word' id='word_1_317' title='bbox 736 4060 823 4112; x_wconf 89' lang='grc' dir='ltr'>Ἐν</span> <span class='ocrx_word' id='word_1_318' title='bbox 846 4062 912 4131; x_wconf 79' lang='grc' dir='ltr'>τῇ</span> <span class='ocrx_word' id='word_1_319' title='bbox 940 4059 1189 4131; x_wconf 74' lang='grc' dir='ltr'>τραπέζῃ</span> <span class='ocrx_word' id='word_1_320' title='bbox 1213 4060 1318 4112; x_wconf 84' lang='grc' dir='ltr'><strong>τῶν</strong></span> <span class='ocrx_word' id='word_1_321' title='bbox 1352 4060 1563 4130; x_wconf 78' lang='grc' dir='ltr'>κτηνῶν</span> <span class='ocrx_word' id='word_1_322' title='bbox 1585 4078 1740 4132; x_wconf 83' lang='grc' dir='ltr'>προε-</span> 
     </span>
    </p>
   </div>
   <div class='ocr_carea' id='block_1_45' title="bbox 152 4152 1739 4225">
    <p class='ocr_par' dir='ltr' id='par_1_45' title="bbox 152 4152 1739 4225">
     <span class='ocr_line' id='line_1_45' title="bbox 152 4152 1739 4225; baseline -0.001 -17"><span class='ocrx_word' id='word_1_323' title='bbox 152 4153 294 4223; x_wconf 72' lang='grc' dir='ltr'>τέθη</span> <span class='ocrx_word' id='word_1_324' title='bbox 318 4155 345 4204; x_wconf 81' lang='grc' dir='ltr'>ὁ</span> <span class='ocrx_word' id='word_1_325' title='bbox 361 4152 610 4224; x_wconf 73' lang='grc' dir='ltr'>οὐράνιος</span> <span class='ocrx_word' id='word_1_326' title='bbox 626 4153 786 4224; x_wconf 83' lang='grc' dir='ltr'>ἄρτος</span> <span class='ocrx_word' id='word_1_327' title='bbox 803 4152 922 4223; x_wconf 72' lang='grc' dir='ltr'><strong>[ἄλ.</strong></span> <span class='ocrx_word' id='word_1_328' title='bbox 944 4152 1242 4224; x_wconf 82' lang='grc' dir='ltr'>προσετέθη</span> <span class='ocrx_word' id='word_1_329' title='bbox 1264 4154 1426 4224; x_wconf 88' lang='grc' dir='ltr'>ἄρτος</span> <span class='ocrx_word' id='word_1_330' title='bbox 1437 4154 1534 4224; x_wconf 85' lang='grc' dir='ltr'>τῆς</span> <span class='ocrx_word' id='word_1_331' title='bbox 1549 4153 1739 4225; x_wconf 79' lang='grc' dir='ltr'>ζωῆς],</span> 
     </span>
    </p>
   </div>
   <div class='ocr_carea' id='block_1_46' title="bbox 155 4243 1743 4318">
    <p class='ocr_par' dir='ltr' id='par_1_46' title="bbox 155 4243 1743 4318">
     <span class='ocr_line' id='line_1_46' title="bbox 155 4243 1743 4318; baseline 0 -20"><span class='ocrx_word' id='word_1_332' title='bbox 155 4246 250 4301; x_wconf 81' lang='grc' dir='ltr'><strong>ἶνα</strong></span> <span class='ocrx_word' id='word_1_333' title='bbox 281 4248 396 4308; x_wconf 86' lang='grc' dir='ltr'>τοῖς</span> <span class='ocrx_word' id='word_1_334' title='bbox 430 4243 755 4314; x_wconf 61' lang='grc' dir='ltr'>κηνὼδεσιν</span> <span class='ocrx_word' id='word_1_335' title='bbox 775 4247 886 4308; x_wconf 87' lang='grc' dir='ltr'>τοῖς</span> <span class='ocrx_word' id='word_1_336' title='bbox 905 4244 1267 4315; x_wconf 77' lang='grc' dir='ltr'>ἀνθρωπίνοις</span> <span class='ocrx_word' id='word_1_337' title='bbox 1302 4246 1568 4317; x_wconf 83' lang='grc' dir='ltr'>μυστικῆς</span> 
     </span>
    </p>
   </div>
   <div class='ocr_carea' id='block_1_47' title="bbox 159 4334 1742 4411">
    <p class='ocr_par' dir='ltr' id='par_1_47' title="bbox 159 4334 1742 4411">
     <span class='ocr_line' id='line_1_47' title="bbox 159 4334 1742 4411; baseline -0.001 -18"><span class='ocrx_word' id='word_1_338' title='bbox 159 4357 308 4403; x_wconf 83' lang='grc' dir='ltr'>σεως</span> <span class='ocrx_word' id='word_1_339' title='bbox 335 4340 617 4411; x_wconf 80' lang='grc' dir='ltr'>χορηγήσῃ</span> <span class='ocrx_word' id='word_1_340' title='bbox 653 4337 971 4409; x_wconf 80' lang='grc' dir='ltr'>μετάληψιν.</span> <span class='ocrx_word' id='word_1_341' title='bbox 994 4337 1104 4391; x_wconf 74' lang='grc' dir='ltr'><strong>Καὶ</strong></span> <span class='ocrx_word' id='word_1_342' title='bbox 1131 4337 1254 4391; x_wconf 77' lang='grc' dir='ltr'>οὐδὲ</span> <span class='ocrx_word' id='word_1_343' title='bbox 1274 4339 1437 4402; x_wconf 86' lang='grc' dir='ltr'>τόπος</span> <span class='ocrx_word' id='word_1_344' title='bbox 1463 4334 1532 4409; x_wconf 79' lang='grc' dir='ltr'>ἦν</span> <span class='ocrx_word' id='word_1_345' title='bbox 1561 4339 1742 4402; x_wconf 80' lang='grc' dir='ltr'>αὐτοῖς</span> 
     </span>
    </p>
   </div>
   <div class='ocr_carea' id='block_1_48' title="bbox 157 4426 1743 4502">
    <p class='ocr_par' dir='ltr' id='par_1_48' title="bbox 157 4426 1743 4502">
     <span class='ocr_line' id='line_1_48' title="bbox 157 4426 1743 4502; baseline -0.001 -17"><span class='ocrx_word' id='word_1_346' title='bbox 157 4435 218 4485; x_wconf 75' lang='grc' dir='ltr'>ὲν</span> <span class='ocrx_word' id='word_1_347' title='bbox 255 4430 342 4500; x_wconf 83' lang='grc' dir='ltr'>τῷ</span> <span class='ocrx_word' id='word_1_348' title='bbox 372 4430 736 4500; x_wconf 78' lang='grc' dir='ltr'>καταλύματι.</span> <span class='ocrx_word' id='word_1_349' title='bbox 792 4431 965 4483; x_wconf 87' lang='grc' dir='ltr'>Τόπον</span> <span class='ocrx_word' id='word_1_350' title='bbox 1014 4430 1114 4483; x_wconf 83' lang='grc' dir='ltr'><strong>οὐκ</strong></span> <span class='ocrx_word' id='word_1_351' title='bbox 1143 4426 1309 4500; x_wconf 82' lang='grc' dir='ltr'>εἶχεν,</span> <span class='ocrx_word' id='word_1_352' title='bbox 1343 4432 1370 4483; x_wconf 92' lang='lat'><strong>6</strong></span> <span class='ocrx_word' id='word_1_353' title='bbox 1394 4430 1621 4502; x_wconf 78' lang='grc' dir='ltr'>οὐρανὸν</span> <span class='ocrx_word' id='word_1_354' title='bbox 1649 4432 1743 4484; x_wconf 80' lang='grc' dir='ltr'><strong>καὶ</strong></span> 
     </span>
    </p>
   </div>
   <div class='ocr_carea' id='block_1_49' title="bbox 155 4521 1742 4596">
    <p class='ocr_par' dir='ltr' id='par_1_49' title="bbox 155 4521 1742 4596">
     <span class='ocr_line' id='line_1_49' title="bbox 155 4521 1742 4596; baseline 0 -19"><span class='ocrx_word' id='word_1_355' title='bbox 155 4528 262 4596; x_wconf 76' lang='grc' dir='ltr'>τὴν</span> <span class='ocrx_word' id='word_1_356' title='bbox 305 4525 411 4594; x_wconf 80' lang='grc' dir='ltr'>γῆν</span> <span class='ocrx_word' id='word_1_357' title='bbox 441 4523 519 4595; x_wconf 79' lang='grc' dir='ltr'>τῷ</span> <span class='ocrx_word' id='word_1_358' title='bbox 549 4523 692 4594; x_wconf 86' lang='grc' dir='ltr'>λόγῳ</span> <span class='ocrx_word' id='word_1_359' title='bbox 725 4524 1170 4594; x_wconf 82' lang='grc' dir='ltr'>κατασκευάσας·</span> <span class='ocrx_word' id='word_1_360' title='bbox 1220 4521 1742 4594; x_wconf 74' lang='grc' dir='ltr'>ὲπειδὴ,πλούσιος</span> 
     </span>
    </p>
   </div>
   <div class='ocr_carea' id='block_1_50' title="bbox 154 4615 1744 4687">
    <p class='ocr_par' dir='ltr' id='par_1_50' title="bbox 154 4615 1744 4687">
     <span class='ocr_line' id='line_1_50' title="bbox 154 4615 1744 4687; baseline -0.002 -16"><span class='ocrx_word' id='word_1_361' title='bbox 154 4618 268 4681; x_wconf 80' lang='grc' dir='ltr'>ὢν,</span> <span class='ocrx_word' id='word_1_362' title='bbox 299 4617 368 4668; x_wconf 80' lang='grc' dir='ltr'>δι’</span> <span class='ocrx_word' id='word_1_363' title='bbox 391 4618 536 4687; x_wconf 83' lang='grc' dir='ltr'>ἡμᾶς</span> <span class='ocrx_word' id='word_1_364' title='bbox 560 4616 961 4683; x_wconf 75' lang='grc' dir='ltr'>ἐπτώχευσεν,</span> <span class='ocrx_word' id='word_1_365' title='bbox 994 4615 1316 4669; x_wconf 84' lang='grc' dir='ltr'>ταπείνωσιν</span> <span class='ocrx_word' id='word_1_366' title='bbox 1345 4615 1518 4686; x_wconf 84' lang='grc' dir='ltr'>ἄκραν</span> <span class='ocrx_word' id='word_1_367' title='bbox 1556 4615 1744 4687; x_wconf 80' lang='grc' dir='ltr'>ἐλόμε-</span> 
     </span>
    </p>
   </div>
   <div class='ocr_carea' id='block_1_51' title="bbox 1766 1846 1811 1900">
    <p class='ocr_par' dir='ltr' id='par_1_51' title="bbox 1766 1846 1811 1900">
     <span class='ocr_line' id='line_1_51' title="bbox 1766 1846 1811 1900; baseline 0 0"><span class='ocrx_word' id='word_1_368' title='bbox 1766 1846 1811 1900; x_wconf 90' lang='grc' dir='ltr'>Β</span> 
     </span>
    </p>
   </div>
   <div class='ocr_carea' id='block_1_52' title="bbox 1771 3198 1812 3254">
    <p class='ocr_par' dir='ltr' id='par_1_52' title="bbox 1771 3198 1812 3254">
     <span class='ocr_line' id='line_1_52' title="bbox 1771 3198 1812 3254; baseline 0 0"><span class='ocrx_word' id='word_1_369' title='bbox 1771 3198 1812 3254; x_wconf 88' lang='lat' dir='ltr'>C</span> 
     </span>
    </p>
   </div>
   <div class='ocr_carea' id='block_1_53' title="bbox 1845 567 3412 642">
    <p class='ocr_par' dir='ltr' id='par_1_53' title="bbox 1845 567 3412 642">
     <span class='ocr_line' id='line_1_53' title="bbox 1845 567 3412 642; baseline -0.003 -19"><span class='ocrx_word' id='word_1_370' title='bbox 1845 568 2148 640; x_wconf 82' lang='lat' dir='ltr'><strong>collapsum</strong></span> <span class='ocrx_word' id='word_1_371' title='bbox 2175 570 2338 640; x_wconf 85' lang='lat' dir='ltr'><strong>primi</strong></span> <span class='ocrx_word' id='word_1_372' title='bbox 2367 571 2607 642; x_wconf 89' lang='lat' dir='ltr'><strong>parentis</strong></span> <span class='ocrx_word' id='word_1_373' title='bbox 2640 586 2810 640; x_wconf 85' lang='lat' dir='ltr'><strong>genus</strong></span> <span class='ocrx_word' id='word_1_374' title='bbox 2833 570 3032 640; x_wconf 81' lang='lat' dir='ltr'><strong>erigas.</strong></span> <span class='ocrx_word' id='word_1_375' title='bbox 3061 567 3185 623; x_wconf 68' lang='lat' dir='ltr'><strong>Haec</strong></span> <span class='ocrx_word' id='word_1_376' title='bbox 3215 575 3412 637; x_wconf 82' lang='lat' dir='ltr'><strong>postu-</strong></span> 
     </span>
    </p>
   </div>
   <div class='ocr_carea' id='block_1_54' title="bbox 1843 659 3414 733">
    <p class='ocr_par' dir='ltr' id='par_1_54' title="bbox 1843 659 3414 733">
     <span class='ocr_line' id='line_1_54' title="bbox 1843 659 3414 733; baseline -0.001 -19"><span class='ocrx_word' id='word_1_377' title='bbox 1843 659 1964 715; x_wconf 85' lang='lat' dir='ltr'><strong>lans</strong></span> <span class='ocrx_word' id='word_1_378' title='bbox 2012 677 2077 717; x_wconf 88' lang='lat' dir='ltr'><strong>ac</strong></span> <span class='ocrx_word' id='word_1_379' title='bbox 2122 661 2421 733; x_wconf 86' lang='lat' dir='ltr'><strong>deprecans</strong></span> <span class='ocrx_word' id='word_1_380' title='bbox 2458 661 2646 726; x_wconf 87' lang='lat' dir='ltr'><strong>David,</strong></span> <span class='ocrx_word' id='word_1_381' title='bbox 2682 663 2748 718; x_wconf 91' lang='lat' dir='ltr'><strong>ad</strong></span> <span class='ocrx_word' id='word_1_382' title='bbox 2775 661 3003 732; x_wconf 81' lang='lat' dir='ltr'><strong>virgam,</strong></span> <span class='ocrx_word' id='word_1_383' title='bbox 3055 676 3176 730; x_wconf 65' lang='lat' dir='ltr'><strong>qua:</strong></span> <span class='ocrx_word' id='word_1_384' title='bbox 3201 675 3268 716; x_wconf 76' lang='lat' dir='ltr'><strong>ex</strong></span> <span class='ocrx_word' id='word_1_385' title='bbox 3293 660 3414 731; x_wconf 87' lang='lat' dir='ltr'><strong>ipso</strong></span> 
     </span>
    </p>
   </div>
   <div class='ocr_carea' id='block_1_55' title="bbox 1845 752 3412 823">
    <p class='ocr_par' dir='ltr' id='par_1_55' title="bbox 1845 752 3412 823">
     <span class='ocr_line' id='line_1_55' title="bbox 1845 752 3412 823; baseline 0.001 -17"><span class='ocrx_word' id='word_1_386' title='bbox 1845 752 2196 822; x_wconf 85' lang='lat' dir='ltr'><strong>pulcherrimi</strong></span> <span class='ocrx_word' id='word_1_387' title='bbox 2231 755 2376 811; x_wconf 92' lang='lat' dir='ltr'><strong>illius</strong></span> <span class='ocrx_word' id='word_1_388' title='bbox 2405 754 2616 811; x_wconf 77' lang='lat' dir='ltr'><strong>fructus</strong></span> <span class='ocrx_word' id='word_1_389' title='bbox 2648 754 2836 810; x_wconf 83' lang='lat' dir='ltr'><strong>ﬂorem</strong></span> <span class='ocrx_word' id='word_1_390' title='bbox 2879 754 3244 823; x_wconf 87' lang='lat' dir='ltr'><strong>germinatura</strong></span> <span class='ocrx_word' id='word_1_391' title='bbox 3272 765 3412 814; x_wconf 83' lang='lat' dir='ltr'><strong>erat.</strong></span> 
     </span>
    </p>
   </div>
   <div class='ocr_carea' id='block_1_56' title="bbox 1844 844 3417 916">
    <p class='ocr_par' dir='ltr' id='par_1_56' title="bbox 1844 844 3417 916">
     <span class='ocr_line' id='line_1_56' title="bbox 1844 844 3417 916; baseline 0.001 -18"><span class='ocrx_word' id='word_1_392' title='bbox 1844 844 2137 902; x_wconf 89' lang='lat' dir='ltr'><strong>viticinans</strong></span> <span class='ocrx_word' id='word_1_393' title='bbox 2166 848 2381 904; x_wconf 79' lang='lat' dir='ltr'><strong>dicebat</strong></span> <span class='ocrx_word' id='word_1_394' title='bbox 2419 867 2431 902; x_wconf 91' lang='lat'><strong>:</strong></span> <span class='ocrx_word' id='word_1_395' title='bbox 2466 847 2606 902; x_wconf 81' lang='lat' dir='ltr'><strong>Audi</strong></span> <span class='ocrx_word' id='word_1_396' title='bbox 2632 889 2646 914; x_wconf 94' lang='lat'><strong>,</strong></span> <span class='ocrx_word' id='word_1_397' title='bbox 2683 847 2797 916; x_wconf 68' lang='lat' dir='ltr'><strong>lilia</strong></span> <span class='ocrx_word' id='word_1_398' title='bbox 2823 887 2836 908; x_wconf 93' lang='lat'><strong>,</strong></span> <span class='ocrx_word' id='word_1_399' title='bbox 2863 857 2912 900; x_wconf 87' lang='lat' dir='ltr'><strong>et</strong></span> <span class='ocrx_word' id='word_1_400' title='bbox 2940 848 3054 900; x_wconf 81' lang='lat' dir='ltr'><strong>vide</strong></span> <span class='ocrx_word' id='word_1_401' title='bbox 3082 890 3096 909; x_wconf 85' lang='lat'><strong>,</strong></span> <span class='ocrx_word' id='word_1_402' title='bbox 3134 855 3182 898; x_wconf 90' lang='lat' dir='ltr'><strong>et</strong></span> <span class='ocrx_word' id='word_1_403' title='bbox 3216 846 3417 899; x_wconf 85' lang='lat' dir='ltr'><strong>inclina</strong></span> 
     </span>
    </p>
   </div>
   <div class='ocr_carea' id='block_1_57' title="bbox 1845 937 3416 1009">
    <p class='ocr_par' dir='ltr' id='par_1_57' title="bbox 1845 937 3416 1009">
     <span class='ocr_line' id='line_1_57' title="bbox 1845 937 3416 1009; baseline 0.001 -20"><span class='ocrx_word' id='word_1_404' title='bbox 1845 953 2026 991; x_wconf 89' lang='lat' dir='ltr'><strong>aurem</strong></span> <span class='ocrx_word' id='word_1_405' title='bbox 2054 947 2236 1002; x_wconf 85' lang='lat' dir='ltr'><strong>tuam;</strong></span> <span class='ocrx_word' id='word_1_406' title='bbox 2266 937 2635 994; x_wconf 82' lang='lat' dir='ltr'><strong>etobliviscere</strong></span> <span class='ocrx_word' id='word_1_407' title='bbox 2654 939 2904 1009; x_wconf 85' lang='lat' dir='ltr'><strong>populum</strong></span> <span class='ocrx_word' id='word_1_408' title='bbox 2936 949 3102 1002; x_wconf 84' lang='lat' dir='ltr'><strong>tuum,</strong></span> <span class='ocrx_word' id='word_1_409' title='bbox 3128 949 3175 991; x_wconf 88' lang='lat' dir='ltr'><strong>et</strong></span> <span class='ocrx_word' id='word_1_410' title='bbox 3202 940 3416 991; x_wconf 84' lang='lat' dir='ltr'><strong>domum</strong></span> 
     </span>
    </p>
   </div>
   <div class='ocr_carea' id='block_1_58' title="bbox 1843 1028 3418 1098">
    <p class='ocr_par' dir='ltr' id='par_1_58' title="bbox 1843 1028 3418 1098">
     <span class='ocr_line' id='line_1_58' title="bbox 1843 1028 3418 1098; baseline 0 -18"><span class='ocrx_word' id='word_1_411' title='bbox 1843 1028 2012 1096; x_wconf 77' lang='lat' dir='ltr'><strong>patris</strong></span> <span class='ocrx_word' id='word_1_412' title='bbox 2066 1030 2178 1092; x_wconf 87' lang='lat' dir='ltr'><strong>tui;</strong></span> <span class='ocrx_word' id='word_1_413' title='bbox 2210 1039 2259 1083; x_wconf 90' lang='lat' dir='ltr'><strong>et</strong></span> <span class='ocrx_word' id='word_1_414' title='bbox 2286 1030 2614 1098; x_wconf 75' lang='lat' dir='ltr'><strong>concupiscet</strong></span> <span class='ocrx_word' id='word_1_415' title='bbox 2664 1044 2756 1082; x_wconf 75' lang='lat' dir='ltr'><strong>rex</strong></span> <span class='ocrx_word' id='word_1_416' title='bbox 2801 1029 3036 1081; x_wconf 84' lang='lat' dir='ltr'><strong>decorem</strong></span> <span class='ocrx_word' id='word_1_417' title='bbox 3070 1038 3215 1080; x_wconf 88' lang='lat' dir='ltr'><strong>tuum</strong></span> <span class='ocrx_word' id='word_1_418' title='bbox 3246 1043 3418 1096; x_wconf 83' lang='lat' dir='ltr'><strong>:qno-</strong></span> 
     </span>
    </p>
   </div>
   <div class='ocr_carea' id='block_1_59' title="bbox 1845 1118 3412 1189">
    <p class='ocr_par' dir='ltr' id='par_1_59' title="bbox 1845 1118 3412 1189">
     <span class='ocr_line' id='line_1_59' title="bbox 1845 1118 3412 1189; baseline -0.001 -18"><span class='ocrx_word' id='word_1_419' title='bbox 1845 1119 1988 1172; x_wconf 88' lang='lat' dir='ltr'><strong>uiam</strong></span> <span class='ocrx_word' id='word_1_420' title='bbox 2015 1120 2125 1189; x_wconf 86' lang='lat' dir='ltr'><strong>ipse</strong></span> <span class='ocrx_word' id='word_1_421' title='bbox 2148 1130 2226 1173; x_wconf 87' lang='lat' dir='ltr'><strong>est</strong></span> <span class='ocrx_word' id='word_1_422' title='bbox 2257 1120 2512 1174; x_wconf 78' lang='lat' dir='ltr'><strong>Dominus</strong></span> <span class='ocrx_word' id='word_1_423' title='bbox 2543 1119 2684 1173; x_wconf 87' lang='lat' dir='ltr'><strong>Deus</strong></span> <span class='ocrx_word' id='word_1_424' title='bbox 2707 1130 2849 1186; x_wconf 88' lang='lat' dir='ltr'><strong>tuus,</strong></span> <span class='ocrx_word' id='word_1_425' title='bbox 2873 1130 2920 1173; x_wconf 88' lang='lat' dir='ltr'><strong>et</strong></span> <span class='ocrx_word' id='word_1_426' title='bbox 2941 1118 3189 1172; x_wconf 82' lang='lat' dir='ltr'><strong>adorabis</strong></span> <span class='ocrx_word' id='word_1_427' title='bbox 3211 1135 3328 1172; x_wconf 87' lang='lat' dir='ltr'><strong>eum</strong></span> <span class='ocrx_word' id='word_1_428' title='bbox 3345 1121 3412 1171; x_wconf 63' lang='lat'><strong>9°.</strong></span> 
     </span>
    </p>
   </div>
   <div class='ocr_carea' id='block_1_60' title="bbox 1842 1209 3416 1284">
    <p class='ocr_par' dir='ltr' id='par_1_60' title="bbox 1842 1209 3416 1284">
     <span class='ocr_line' id='line_1_60' title="bbox 1842 1209 3416 1284; baseline 0.003 -22"><span class='ocrx_word' id='word_1_429' title='bbox 1842 1209 2006 1274; x_wconf 83' lang='lat' dir='ltr'><strong>Audi,</strong></span> <span class='ocrx_word' id='word_1_430' title='bbox 2045 1210 2200 1279; x_wconf 85' lang='lat' dir='ltr'><strong>ﬁlia,</strong></span> <span class='ocrx_word' id='word_1_431' title='bbox 2252 1227 2373 1282; x_wconf 62' lang='lat' dir='ltr'><strong>quer</strong></span> <span class='ocrx_word' id='word_1_432' title='bbox 2416 1221 2576 1267; x_wconf 89' lang='lat' dir='ltr'><strong>antea</strong></span> <span class='ocrx_word' id='word_1_433' title='bbox 2623 1214 2674 1266; x_wconf 90' lang='lat' dir='ltr'><strong>in</strong></span> <span class='ocrx_word' id='word_1_434' title='bbox 2717 1221 2770 1268; x_wconf 88' lang='lat' dir='ltr'><strong>te</strong></span> <span class='ocrx_word' id='word_1_435' title='bbox 2817 1211 2914 1284; x_wconf 83' lang='grc' dir='ltr'>[αι.</span> <span class='ocrx_word' id='word_1_436' title='bbox 2947 1214 3012 1267; x_wconf 88' lang='lat' dir='ltr'><strong>de</strong></span> <span class='ocrx_word' id='word_1_437' title='bbox 3057 1212 3127 1284; x_wconf 78' lang='lat' dir='ltr'><strong>te]</strong></span> <span class='ocrx_word' id='word_1_438' title='bbox 3163 1213 3416 1281; x_wconf 67' lang='lat' dir='ltr'><strong>praedicta</strong></span> 
     </span>
    </p>
   </div>
   <div class='ocr_carea' id='block_1_61' title="bbox 1845 1302 3414 1373">
    <p class='ocr_par' dir='ltr' id='par_1_61' title="bbox 1845 1302 3414 1373">
     <span class='ocr_line' id='line_1_61' title="bbox 1845 1302 3414 1373; baseline -0.001 -15"><span class='ocrx_word' id='word_1_439' title='bbox 1845 1311 1973 1358; x_wconf 87' lang='lat' dir='ltr'><strong>sunt</strong></span> <span class='ocrx_word' id='word_1_440' title='bbox 2008 1323 2020 1358; x_wconf 88' lang='lat'><strong>:</strong></span> <span class='ocrx_word' id='word_1_441' title='bbox 2057 1313 2115 1356; x_wconf 93' lang='lat' dir='ltr'><strong>ut</strong></span> <span class='ocrx_word' id='word_1_442' title='bbox 2141 1312 2193 1357; x_wconf 87' lang='lat' dir='ltr'><strong>et</strong></span> <span class='ocrx_word' id='word_1_443' title='bbox 2225 1302 2552 1370; x_wconf 76' lang='lat' dir='ltr'><strong>cognitionis</strong></span> <span class='ocrx_word' id='word_1_444' title='bbox 2595 1304 2767 1359; x_wconf 90' lang='lat' dir='ltr'><strong>oculis</strong></span> <span class='ocrx_word' id='word_1_445' title='bbox 2796 1319 2881 1359; x_wconf 91' lang='lat' dir='ltr'><strong>res</strong></span> <span class='ocrx_word' id='word_1_446' title='bbox 2906 1304 3053 1373; x_wconf 82' lang='lat' dir='ltr'><strong>ipsas</strong></span> <span class='ocrx_word' id='word_1_447' title='bbox 3081 1304 3414 1373; x_wconf 86' lang='lat' dir='ltr'><strong>contemple-</strong></span> 
     </span>
    </p>
   </div>
   <div class='ocr_carea' id='block_1_62' title="bbox 1843 1391 3414 1464">
    <p class='ocr_par' dir='ltr' id='par_1_62' title="bbox 1843 1391 3414 1464">
     <span class='ocr_line' id='line_1_62' title="bbox 1843 1391 3414 1464; baseline 0.002 -20"><span class='ocrx_word' id='word_1_448' title='bbox 1843 1391 1940 1445; x_wconf 90' lang='lat' dir='ltr'><strong>ris.</strong></span> <span class='ocrx_word' id='word_1_449' title='bbox 1979 1391 2117 1445; x_wconf 84' lang='lat' dir='ltr'><strong>Audi</strong></span> <span class='ocrx_word' id='word_1_450' title='bbox 2149 1406 2235 1445; x_wconf 88' lang='lat' dir='ltr'><strong>me</strong></span> <span class='ocrx_word' id='word_1_451' title='bbox 2270 1392 2366 1446; x_wconf 90' lang='lat' dir='ltr'><strong>tibi</strong></span> <span class='ocrx_word' id='word_1_452' title='bbox 2394 1393 2923 1463; x_wconf 70' lang='lat' dir='ltr'><strong>prmsignilicantem,</strong></span> <span class='ocrx_word' id='word_1_453' title='bbox 2953 1404 3005 1449; x_wconf 89' lang='lat' dir='ltr'><strong>et</strong></span> <span class='ocrx_word' id='word_1_454' title='bbox 3027 1395 3414 1464; x_wconf 80' lang='lat' dir='ltr'><strong>archangelum</strong></span> 
     </span>
    </p>
   </div>
   <div class='ocr_carea' id='block_1_63' title="bbox 1842 1466 3416 1554">
    <p class='ocr_par' dir='ltr' id='par_1_63' title="bbox 1842 1466 3416 1554">
     <span class='ocr_line' id='line_1_63' title="bbox 1842 1466 3416 1554; baseline 0.001 -18"><span class='ocrx_word' id='word_1_455' title='bbox 1842 1480 2081 1552; x_wconf 83' lang='lat' dir='ltr'><strong>perfecta</strong></span> <span class='ocrx_word' id='word_1_456' title='bbox 2114 1483 2210 1536; x_wconf 90' lang='lat' dir='ltr'><strong>tibi</strong></span> <span class='ocrx_word' id='word_1_457' title='bbox 2241 1485 2498 1554; x_wconf 85' lang='lat' dir='ltr'><strong>mysteria</strong></span> <span class='ocrx_word' id='word_1_458' title='bbox 2524 1466 2725 1540; x_wconf 76' lang='lat' dir='ltr'><strong>diserte</strong></span> <span class='ocrx_word' id='word_1_459' title='bbox 2751 1487 3188 1540; x_wconf 88' lang='lat' dir='ltr'><strong>annuntiantem.</strong></span> <span class='ocrx_word' id='word_1_460' title='bbox 3226 1484 3416 1540; x_wconf 85' lang='lat' dir='ltr'><strong>Venite</strong></span> 
     </span>
    </p>
   </div>
   <div class='ocr_carea' id='block_1_64' title="bbox 1844 1575 3417 1648">
    <p class='ocr_par' dir='ltr' id='par_1_64' title="bbox 1844 1575 3417 1648">
     <span class='ocr_line' id='line_1_64' title="bbox 1844 1575 3417 1648; baseline 0.003 -20"><span class='ocrx_word' id='word_1_461' title='bbox 1844 1575 2008 1646; x_wconf 90' lang='lat' dir='ltr'><strong>igitur</strong></span> <span class='ocrx_word' id='word_1_462' title='bbox 2029 1616 2046 1642; x_wconf 91' lang='lat'><strong>,</strong></span> <span class='ocrx_word' id='word_1_463' title='bbox 2098 1575 2437 1632; x_wconf 86' lang='lat' dir='ltr'><strong>dilectissimi</strong></span> <span class='ocrx_word' id='word_1_464' title='bbox 2463 1618 2478 1643; x_wconf 93' lang='lat'><strong>,</strong></span> <span class='ocrx_word' id='word_1_465' title='bbox 2531 1587 2585 1632; x_wconf 87' lang='lat' dir='ltr'><strong>et</strong></span> <span class='ocrx_word' id='word_1_466' title='bbox 2613 1594 2714 1634; x_wconf 92' lang='lat' dir='ltr'><strong>nos</strong></span> <span class='ocrx_word' id='word_1_467' title='bbox 2749 1579 2817 1632; x_wconf 90' lang='lat' dir='ltr'><strong>ad</strong></span> <span class='ocrx_word' id='word_1_468' title='bbox 2851 1579 3169 1633; x_wconf 88' lang='lat' dir='ltr'><strong>memoriam</strong></span> <span class='ocrx_word' id='word_1_469' title='bbox 3197 1594 3262 1632; x_wconf 88' lang='lat' dir='ltr'><strong>ea</strong></span> <span class='ocrx_word' id='word_1_470' title='bbox 3293 1593 3417 1648; x_wconf 67' lang='lat' dir='ltr'><strong>quae</strong></span> 
     </span>
    </p>
   </div>
   <div class='ocr_carea' id='block_1_65' title="bbox 1843 1667 3418 1737">
    <p class='ocr_par' dir='ltr' id='par_1_65' title="bbox 1843 1667 3418 1737">
     <span class='ocr_line' id='line_1_65' title="bbox 1843 1667 3418 1737; baseline 0.004 -20"><span class='ocrx_word' id='word_1_471' title='bbox 1843 1673 2239 1734; x_wconf 81' lang='lat' dir='ltr'><strong>praecesserunt</strong></span> <span class='ocrx_word' id='word_1_472' title='bbox 2274 1675 2612 1732; x_wconf 86' lang='lat' dir='ltr'><strong>revocantes,</strong></span> <span class='ocrx_word' id='word_1_473' title='bbox 2651 1668 2860 1737; x_wconf 84' lang='lat' dir='ltr'><strong>virgam</strong></span> <span class='ocrx_word' id='word_1_474' title='bbox 2892 1668 3038 1722; x_wconf 88' lang='lat' dir='ltr'><strong>illam</strong></span> <span class='ocrx_word' id='word_1_475' title='bbox 3067 1683 3132 1723; x_wconf 81' lang='lat' dir='ltr'><strong>ex</strong></span> <span class='ocrx_word' id='word_1_476' title='bbox 3163 1667 3315 1723; x_wconf 84' lang='lat' dir='ltr'><strong>Jesse</strong></span> <span class='ocrx_word' id='word_1_477' title='bbox 3337 1669 3418 1724; x_wconf 86' lang='lat' dir='ltr'><strong>sic</strong></span> 
     </span>
    </p>
   </div>
   <div class='ocr_carea' id='block_1_66' title="bbox 1843 1754 3417 1826">
    <p class='ocr_par' dir='ltr' id='par_1_66' title="bbox 1843 1754 3417 1826">
     <span class='ocr_line' id='line_1_66' title="bbox 1843 1754 3417 1826; baseline 0 -18"><span class='ocrx_word' id='word_1_478' title='bbox 1843 1754 2237 1809; x_wconf 82' lang='lat' dir='ltr'><strong>admirabiliter</strong></span> <span class='ocrx_word' id='word_1_479' title='bbox 2266 1764 2428 1824; x_wconf 87' lang='lat' dir='ltr'><strong>atque</strong></span> <span class='ocrx_word' id='word_1_480' title='bbox 2457 1755 2801 1810; x_wconf 72' lang='lat' dir='ltr'><strong>inelfabiliter</strong></span> <span class='ocrx_word' id='word_1_481' title='bbox 2829 1755 3222 1826; x_wconf 79' lang='lat' dir='ltr'><strong>germinantem</strong></span> <span class='ocrx_word' id='word_1_482' title='bbox 3259 1754 3417 1824; x_wconf 87' lang='lat' dir='ltr'><strong>glori-</strong></span> 
     </span>
    </p>
   </div>
   <div class='ocr_carea' id='block_1_67' title="bbox 1838 1845 3412 1916">
    <p class='ocr_par' dir='ltr' id='par_1_67' title="bbox 1838 1845 3412 1916">
     <span class='ocr_line' id='line_1_67' title="bbox 1838 1845 3412 1916; baseline -0.001 -17"><span class='ocrx_word' id='word_1_483' title='bbox 1838 1845 2064 1901; x_wconf 80' lang='lat' dir='ltr'><strong>ﬁcemus</strong></span> <span class='ocrx_word' id='word_1_484' title='bbox 2090 1887 2106 1912; x_wconf 93' lang='lat'><strong>,</strong></span> <span class='ocrx_word' id='word_1_485' title='bbox 2142 1847 2518 1901; x_wconf 89' lang='lat' dir='ltr'><strong>collaudemus</strong></span> <span class='ocrx_word' id='word_1_486' title='bbox 2544 1887 2560 1912; x_wconf 94' lang='lat'><strong>,</strong></span> <span class='ocrx_word' id='word_1_487' title='bbox 2589 1847 2800 1901; x_wconf 88' lang='lat' dir='ltr'><strong>beatam</strong></span> <span class='ocrx_word' id='word_1_488' title='bbox 2826 1846 3181 1916; x_wconf 64' lang='lat' dir='ltr'><strong>praedicemus</strong></span> <span class='ocrx_word' id='word_1_489' title='bbox 3205 1888 3220 1911; x_wconf 93' lang='lat'><strong>,</strong></span> <span class='ocrx_word' id='word_1_490' title='bbox 3245 1846 3412 1900; x_wconf 83' lang='lat' dir='ltr'><strong>laetis-</strong></span> 
     </span>
    </p>
   </div>
   <div class='ocr_carea' id='block_1_68' title="bbox 1838 1935 3416 2007">
    <p class='ocr_par' dir='ltr' id='par_1_68' title="bbox 1838 1935 3416 2007">
     <span class='ocr_line' id='line_1_68' title="bbox 1838 1935 3416 2007; baseline -0.001 -17"><span class='ocrx_word' id='word_1_491' title='bbox 1838 1951 1943 2006; x_wconf 89' lang='lat' dir='ltr'><strong>que</strong></span> <span class='ocrx_word' id='word_1_492' title='bbox 2001 1937 2481 1992; x_wconf 85' lang='lat' dir='ltr'><strong>acclamationibus</strong></span> <span class='ocrx_word' id='word_1_493' title='bbox 2548 1937 2904 2007; x_wconf 82' lang='lat' dir='ltr'><strong>excipiamus.</strong></span> <span class='ocrx_word' id='word_1_494' title='bbox 2971 1936 3088 1991; x_wconf 84' lang='lat' dir='ltr'><strong>Non</strong></span> <span class='ocrx_word' id='word_1_495' title='bbox 3136 1938 3280 1992; x_wconf 88' lang='lat' dir='ltr'><strong>enim</strong></span> <span class='ocrx_word' id='word_1_496' title='bbox 3314 1935 3416 1991; x_wconf 89' lang='lat' dir='ltr'><strong>soli</strong></span> 
     </span>
    </p>
   </div>
   <div class='ocr_carea' id='block_1_69' title="bbox 1841 2027 3416 2102">
    <p class='ocr_par' dir='ltr' id='par_1_69' title="bbox 1841 2027 3416 2102">
     <span class='ocr_line' id='line_1_69' title="bbox 1841 2027 3416 2102; baseline 0 -20"><span class='ocrx_word' id='word_1_497' title='bbox 1841 2028 1937 2102; x_wconf 83' lang='grc' dir='ltr'>[αι.</span> <span class='ocrx_word' id='word_1_498' title='bbox 1967 2027 2170 2100; x_wconf 88' lang='lat' dir='ltr'><strong>solum]</strong></span> <span class='ocrx_word' id='word_1_499' title='bbox 2219 2027 2420 2098; x_wconf 84' lang='lat' dir='ltr'><strong>Joseph</strong></span> <span class='ocrx_word' id='word_1_500' title='bbox 2445 2069 2461 2096; x_wconf 96' lang='lat'><strong>,</strong></span> <span class='ocrx_word' id='word_1_501' title='bbox 2500 2029 2595 2084; x_wconf 88' lang='lat' dir='ltr'><strong>sed</strong></span> <span class='ocrx_word' id='word_1_502' title='bbox 2628 2038 2683 2083; x_wconf 89' lang='lat' dir='ltr'><strong>et</strong></span> <span class='ocrx_word' id='word_1_503' title='bbox 2709 2027 2802 2084; x_wconf 86' lang='lat' dir='ltr'><strong>Dei</strong></span> <span class='ocrx_word' id='word_1_504' title='bbox 2835 2028 3082 2098; x_wconf 86' lang='lat' dir='ltr'><strong>genitrici</strong></span> <span class='ocrx_word' id='word_1_505' title='bbox 3130 2027 3309 2082; x_wconf 68' lang='lat' dir='ltr'><strong>Marim</strong></span> <span class='ocrx_word' id='word_1_506' title='bbox 3336 2035 3416 2082; x_wconf 90' lang='lat' dir='ltr'><strong>te-</strong></span> 
     </span>
    </p>
   </div>
   <div class='ocr_carea' id='block_1_70' title="bbox 1840 2118 3416 2190">
    <p class='ocr_par' dir='ltr' id='par_1_70' title="bbox 1840 2118 3416 2190">
     <span class='ocr_line' id='line_1_70' title="bbox 1840 2118 3416 2190; baseline -0.001 -16"><span class='ocrx_word' id='word_1_507' title='bbox 1840 2120 2158 2174; x_wconf 89' lang='lat' dir='ltr'><strong>stimonium</strong></span> <span class='ocrx_word' id='word_1_508' title='bbox 2194 2119 2485 2188; x_wconf 88' lang='lat' dir='ltr'><strong>perhibens</strong></span> <span class='ocrx_word' id='word_1_509' title='bbox 2527 2119 2726 2184; x_wconf 89' lang='lat' dir='ltr'><strong>Lucas,</strong></span> <span class='ocrx_word' id='word_1_510' title='bbox 2777 2120 2831 2174; x_wconf 92' lang='lat' dir='ltr'><strong>in</strong></span> <span class='ocrx_word' id='word_1_511' title='bbox 2856 2119 3054 2173; x_wconf 75' lang='lat' dir='ltr'><strong>divinis</strong></span> <span class='ocrx_word' id='word_1_512' title='bbox 3087 2118 3416 2190; x_wconf 87' lang='lat' dir='ltr'><strong>Evangeliis,</strong></span> 
     </span>
    </p>
   </div>
   <div class='ocr_carea' id='block_1_71' title="bbox 1840 2209 3421 2280">
    <p class='ocr_par' dir='ltr' id='par_1_71' title="bbox 1840 2209 3421 2280">
     <span class='ocr_line' id='line_1_71' title="bbox 1840 2209 3421 2280; baseline -0.001 -16"><span class='ocrx_word' id='word_1_513' title='bbox 1840 2209 1907 2264; x_wconf 87' lang='lat' dir='ltr'><strong>ad</strong></span> <span class='ocrx_word' id='word_1_514' title='bbox 1940 2209 2112 2280; x_wconf 88' lang='lat' dir='ltr'><strong>ipsam</strong></span> <span class='ocrx_word' id='word_1_515' title='bbox 2144 2209 2315 2266; x_wconf 86' lang='lat' dir='ltr'><strong>David</strong></span> <span class='ocrx_word' id='word_1_516' title='bbox 2351 2209 2609 2265; x_wconf 79' lang='lat' dir='ltr'><strong>familiam</strong></span> <span class='ocrx_word' id='word_1_517' title='bbox 2643 2219 2805 2280; x_wconf 90' lang='lat' dir='ltr'><strong>atque</strong></span> <span class='ocrx_word' id='word_1_518' title='bbox 2829 2211 3207 2280; x_wconf 86' lang='lat' dir='ltr'><strong>cognationem</strong></span> <span class='ocrx_word' id='word_1_519' title='bbox 3243 2209 3421 2279; x_wconf 84' lang='lat' dir='ltr'><strong>respi-</strong></span> 
     </span>
    </p>
   </div>
   <div class='ocr_carea' id='block_1_72' title="bbox 1846 2306 3417 2377">
    <p class='ocr_par' dir='ltr' id='par_1_72' title="bbox 1846 2306 3417 2377">
     <span class='ocr_line' id='line_1_72' title="bbox 1846 2306 3417 2377; baseline -0.001 -16"><span class='ocrx_word' id='word_1_520' title='bbox 1846 2306 2020 2370; x_wconf 81' lang='lat' dir='ltr'><strong>ciens,</strong></span> <span class='ocrx_word' id='word_1_521' title='bbox 2085 2316 2304 2362; x_wconf 89' lang='lat' dir='ltr'><strong>enarrat</strong></span> <span class='ocrx_word' id='word_1_522' title='bbox 2347 2323 2410 2362; x_wconf 88' lang='lat' dir='ltr'><strong>ac</strong></span> <span class='ocrx_word' id='word_1_523' title='bbox 2434 2307 2605 2362; x_wconf 88' lang='lat' dir='ltr'><strong>dicit:</strong></span> <span class='ocrx_word' id='word_1_524' title='bbox 2643 2307 2891 2362; x_wconf 80' lang='lat' dir='ltr'><strong>Ascendit</strong></span> <span class='ocrx_word' id='word_1_525' title='bbox 2939 2317 3114 2360; x_wconf 87' lang='lat' dir='ltr'><strong>autem</strong></span> <span class='ocrx_word' id='word_1_526' title='bbox 3143 2317 3192 2361; x_wconf 87' lang='lat' dir='ltr'><strong>et</strong></span> <span class='ocrx_word' id='word_1_527' title='bbox 3223 2307 3417 2377; x_wconf 77' lang='lat' dir='ltr'><strong>Josepli</strong></span> 
     </span>
    </p>
   </div>
   <div class='ocr_carea' id='block_1_73' title="bbox 1840 2395 3416 2469">
    <p class='ocr_par' dir='ltr' id='par_1_73' title="bbox 1840 2395 3416 2469">
     <span class='ocr_line' id='line_1_73' title="bbox 1840 2395 3416 2469; baseline 0.002 -19"><span class='ocrx_word' id='word_1_528' title='bbox 1840 2414 1872 2450; x_wconf 86' lang='grc' dir='ltr'><strong>α</strong></span> <span class='ocrx_word' id='word_1_529' title='bbox 1892 2395 2114 2452; x_wconf 75' lang='grc' dir='ltr'>σαιίιιεα</span> <span class='ocrx_word' id='word_1_530' title='bbox 2134 2400 2184 2452; x_wconf 89' lang='lat' dir='ltr'><strong>in</strong></span> <span class='ocrx_word' id='word_1_531' title='bbox 2207 2399 2469 2452; x_wconf 85' lang='lat' dir='ltr'><strong>civitatem</strong></span> <span class='ocrx_word' id='word_1_532' title='bbox 2481 2397 2707 2465; x_wconf 76' lang='lat' dir='ltr'><strong>Judww,</strong></span> <span class='ocrx_word' id='word_1_533' title='bbox 2725 2416 2840 2469; x_wconf 72' lang='lat' dir='ltr'><strong>qua:</strong></span> <span class='ocrx_word' id='word_1_534' title='bbox 2861 2411 3078 2453; x_wconf 81' lang='lat' dir='ltr'><strong>vocatur</strong></span> <span class='ocrx_word' id='word_1_535' title='bbox 3093 2399 3416 2466; x_wconf 82' lang='lat' dir='ltr'><strong>Bethlehem,</strong></span> 
     </span>
    </p>
   </div>
   <div class='ocr_carea' id='block_1_74' title="bbox 1841 2486 3421 2560">
    <p class='ocr_par' dir='ltr' id='par_1_74' title="bbox 1841 2486 3421 2560">
     <span class='ocr_line' id='line_1_74' title="bbox 1841 2486 3421 2560; baseline 0.004 -22"><span class='ocrx_word' id='word_1_536' title='bbox 1841 2495 1898 2540; x_wconf 83' lang='lat' dir='ltr'><strong>ut</strong></span> <span class='ocrx_word' id='word_1_537' title='bbox 1925 2487 2260 2555; x_wconf 83' lang='lat' dir='ltr'><strong>proﬁteretur</strong></span> <span class='ocrx_word' id='word_1_538' title='bbox 2285 2504 2402 2540; x_wconf 85' lang='lat' dir='ltr'><strong>cum</strong></span> <span class='ocrx_word' id='word_1_539' title='bbox 2422 2486 2600 2541; x_wconf 70' lang='lat' dir='ltr'><strong>Mariti</strong></span> <span class='ocrx_word' id='word_1_540' title='bbox 2623 2488 2938 2557; x_wconf 81' lang='lat' dir='ltr'><strong>desponsata</strong></span> <span class='ocrx_word' id='word_1_541' title='bbox 2965 2490 3066 2542; x_wconf 84' lang='lat' dir='ltr'><strong>sibi</strong></span> <span class='ocrx_word' id='word_1_542' title='bbox 3097 2506 3258 2544; x_wconf 74' lang='lat' dir='ltr'><strong>uxore</strong></span> <span class='ocrx_word' id='word_1_543' title='bbox 3282 2507 3421 2560; x_wconf 77' lang='lat' dir='ltr'><strong>pra:-</strong></span> 
     </span>
    </p>
   </div>
   <div class='ocr_carea' id='block_1_75' title="bbox 1843 2577 3422 2656">
    <p class='ocr_par' dir='ltr' id='par_1_75' title="bbox 1843 2577 3422 2656">
     <span class='ocr_line' id='line_1_75' title="bbox 1843 2577 3422 2656; baseline 0.005 -29"><span class='ocrx_word' id='word_1_544' title='bbox 1843 2586 2070 2646; x_wconf 85' lang='lat' dir='ltr'><strong>gnaute;</strong></span> <span class='ocrx_word' id='word_1_545' title='bbox 2121 2593 2180 2630; x_wconf 87' lang='lat' dir='ltr'><strong>eo</strong></span> <span class='ocrx_word' id='word_1_546' title='bbox 2221 2577 2358 2647; x_wconf 86' lang='lat' dir='ltr'><strong>quod</strong></span> <span class='ocrx_word' id='word_1_547' title='bbox 2389 2587 2559 2631; x_wconf 82' lang='lat' dir='ltr'><strong>essent</strong></span> <span class='ocrx_word' id='word_1_548' title='bbox 2605 2579 2705 2648; x_wconf 87' lang='lat' dir='ltr'><strong>ipsi</strong></span> <span class='ocrx_word' id='word_1_549' title='bbox 2746 2596 2772 2632; x_wconf 89' lang='lat' dir='ltr'><strong>e</strong></span> <span class='ocrx_word' id='word_1_550' title='bbox 2797 2580 2960 2656; x_wconf 32' lang='lat' dir='ltr'><strong>domo.</strong></span> <span class='ocrx_word' id='word_1_551' title='bbox 2980 2589 3029 2634; x_wconf 91' lang='lat' dir='ltr'><strong>et</strong></span> <span class='ocrx_word' id='word_1_552' title='bbox 3065 2581 3273 2650; x_wconf 79' lang='lat' dir='ltr'><strong>familia</strong></span> <span class='ocrx_word' id='word_1_553' title='bbox 3308 2581 3422 2635; x_wconf 88' lang='lat' dir='ltr'><strong>Da-</strong></span> 
     </span>
    </p>
   </div>
   <div class='ocr_carea' id='block_1_76' title="bbox 1841 2667 3420 2744">
    <p class='ocr_par' dir='ltr' id='par_1_76' title="bbox 1841 2667 3420 2744">
     <span class='ocr_line' id='line_1_76' title="bbox 1841 2667 3420 2744; baseline 0.004 -23"><span class='ocrx_word' id='word_1_554' title='bbox 1841 2668 1948 2722; x_wconf 83' lang='lat' dir='ltr'><strong>vid.</strong></span> <span class='ocrx_word' id='word_1_555' title='bbox 2014 2667 2243 2722; x_wconf 87' lang='lat' dir='ltr'><strong>Factum</strong></span> <span class='ocrx_word' id='word_1_556' title='bbox 2268 2679 2346 2723; x_wconf 88' lang='lat' dir='ltr'><strong>est</strong></span> <span class='ocrx_word' id='word_1_557' title='bbox 2371 2679 2571 2735; x_wconf 88' lang='lat' dir='ltr'><strong>&#39;autem,</strong></span> <span class='ocrx_word' id='word_1_558' title='bbox 2621 2687 2739 2724; x_wconf 87' lang='lat' dir='ltr'><strong>cum</strong></span> <span class='ocrx_word' id='word_1_559' title='bbox 2772 2682 2939 2726; x_wconf 83' lang='lat' dir='ltr'><strong>essent</strong></span> <span class='ocrx_word' id='word_1_560' title='bbox 2970 2673 3070 2740; x_wconf 87' lang='lat' dir='ltr'><strong>ipsi</strong></span> <span class='ocrx_word' id='word_1_561' title='bbox 3097 2672 3190 2738; x_wconf 89' lang='lat' dir='ltr'><strong>ibi,</strong></span> <span class='ocrx_word' id='word_1_562' title='bbox 3218 2674 3420 2744; x_wconf 82' lang='lat' dir='ltr'><strong>impleti</strong></span> 
     </span>
    </p>
   </div>
   <div class='ocr_carea' id='block_1_77' title="bbox 1843 2747 3426 2835">
    <p class='ocr_par' dir='ltr' id='par_1_77' title="bbox 1843 2747 3426 2835">
     <span class='ocr_line' id='line_1_77' title="bbox 1843 2747 3426 2835; baseline 0.005 -23"><span class='ocrx_word' id='word_1_563' title='bbox 1843 2769 1966 2813; x_wconf 88' lang='lat' dir='ltr'><strong>sunt</strong></span> <span class='ocrx_word' id='word_1_564' title='bbox 1999 2761 2109 2814; x_wconf 86' lang='lat' dir='ltr'><strong>dies</strong></span> <span class='ocrx_word' id='word_1_565' title='bbox 2140 2770 2197 2814; x_wconf 87' lang='lat' dir='ltr'><strong>ut</strong></span> <span class='ocrx_word' id='word_1_566' title='bbox 2229 2770 2436 2830; x_wconf 87' lang='lat' dir='ltr'><strong>pareret</strong></span> <span class='ocrx_word' id='word_1_567' title='bbox 2459 2763 2575 2832; x_wconf 86' lang='lat' dir='ltr'><strong>ipsa</strong></span> <span class='ocrx_word' id='word_1_568' title='bbox 2595 2804 2610 2829; x_wconf 94' lang='lat'><strong>,</strong></span> <span class='ocrx_word' id='word_1_569' title='bbox 2641 2773 2691 2816; x_wconf 87' lang='lat' dir='ltr'><strong>et</strong></span> <span class='ocrx_word' id='word_1_570' title='bbox 2718 2764 2916 2833; x_wconf 85' lang='lat' dir='ltr'><strong>peperit</strong></span> <span class='ocrx_word' id='word_1_571' title='bbox 2941 2764 3112 2833; x_wconf 83' lang='lat' dir='ltr'><strong>ﬁlium</strong></span> <span class='ocrx_word' id='word_1_572' title='bbox 3133 2781 3284 2818; x_wconf 86' lang='lat' dir='ltr'><strong>suum</strong></span> <span class='ocrx_word' id='word_1_573' title='bbox 3307 2747 3426 2835; x_wconf 5' lang='lat' dir='ltr'><strong>pri-6</strong></span> 
     </span>
    </p>
   </div>
   <div class='ocr_carea' id='block_1_78' title="bbox 1844 2853 3420 2926">
    <p class='ocr_par' dir='ltr' id='par_1_78' title="bbox 1844 2853 3420 2926">
     <span class='ocr_line' id='line_1_78' title="bbox 1844 2853 3420 2926; baseline 0.005 -22"><span class='ocrx_word' id='word_1_574' title='bbox 1844 2853 2166 2922; x_wconf 86' lang='lat' dir='ltr'><strong>mogenitnm</strong></span> <span class='ocrx_word' id='word_1_575' title='bbox 2205 2854 2374 2907; x_wconf 85' lang='lat' dir='ltr'><strong>omnis</strong></span> <span class='ocrx_word' id='word_1_576' title='bbox 2424 2865 2715 2919; x_wconf 69' lang='lat' dir='ltr'><strong>creaturae;</strong></span> <span class='ocrx_word' id='word_1_577' title='bbox 2745 2865 2794 2909; x_wconf 90' lang='lat' dir='ltr'><strong>et</strong></span> <span class='ocrx_word' id='word_1_578' title='bbox 2822 2857 3012 2926; x_wconf 86' lang='lat' dir='ltr'><strong>pannis</strong></span> <span class='ocrx_word' id='word_1_579' title='bbox 3038 2874 3153 2910; x_wconf 87' lang='lat' dir='ltr'><strong>eum</strong></span> <span class='ocrx_word' id='word_1_580' title='bbox 3185 2858 3420 2924; x_wconf 72' lang='lat' dir='ltr'><strong>inuoluit,</strong></span> 
     </span>
    </p>
   </div>
   <div class='ocr_carea' id='block_1_79' title="bbox 1848 2945 3520 3019">
    <p class='ocr_par' dir='ltr' id='par_1_79' title="bbox 1848 2945 3520 3019">
     <span class='ocr_line' id='line_1_79' title="bbox 1848 2945 3520 3019; baseline 0.004 -19"><span class='ocrx_word' id='word_1_581' title='bbox 1848 2955 1896 3000; x_wconf 88' lang='lat' dir='ltr'><strong>et</strong></span> <span class='ocrx_word' id='word_1_582' title='bbox 1929 2945 2204 3000; x_wconf 85' lang='lat' dir='ltr'><strong>reclinavit</strong></span> <span class='ocrx_word' id='word_1_583' title='bbox 2231 2947 2401 3015; x_wconf 86' lang='lat' dir='ltr'><strong>ipsum</strong></span> <span class='ocrx_word' id='word_1_584' title='bbox 2430 2948 2485 3000; x_wconf 87' lang='lat' dir='ltr'><strong>in</strong></span> <span class='ocrx_word' id='word_1_585' title='bbox 2510 2948 2785 3017; x_wconf 77' lang='lat' dir='ltr'><strong>prwsepio,</strong></span> <span class='ocrx_word' id='word_1_586' title='bbox 2821 2950 2947 3019; x_wconf 88' lang='lat' dir='ltr'><strong>quia</strong></span> <span class='ocrx_word' id='word_1_587' title='bbox 2976 2965 3078 3002; x_wconf 86' lang='lat' dir='ltr'><strong>non</strong></span> <span class='ocrx_word' id='word_1_588' title='bbox 3106 2963 3219 3005; x_wconf 89' lang='lat' dir='ltr'><strong>erat</strong></span> <span class='ocrx_word' id='word_1_589' title='bbox 3243 2952 3316 3004; x_wconf 86' lang='lat' dir='ltr'><strong>eis</strong></span> <span class='ocrx_word' id='word_1_590' title='bbox 3341 2954 3424 3005; x_wconf 86' lang='grc' dir='ltr'>ιο-</span> <span class='ocrx_word' id='word_1_591' title='bbox 3508 2961 3520 2966; x_wconf 82' lang='lat'><strong><em>&#39;</em></strong></span> 
     </span>
    </p>
   </div>
   <div class='ocr_carea' id='block_1_80' title="bbox 1847 3038 3423 3110">
    <p class='ocr_par' dir='ltr' id='par_1_80' title="bbox 1847 3038 3423 3110">
     <span class='ocr_line' id='line_1_80' title="bbox 1847 3038 3423 3110; baseline 0.002 -18"><span class='ocrx_word' id='word_1_592' title='bbox 1847 3055 1940 3092; x_wconf 87' lang='lat' dir='ltr'><strong>cus</strong></span> <span class='ocrx_word' id='word_1_593' title='bbox 1973 3039 2029 3091; x_wconf 86' lang='lat' dir='ltr'><strong>iu</strong></span> <span class='ocrx_word' id='word_1_594' title='bbox 2051 3038 2342 3092; x_wconf 81' lang='lat' dir='ltr'><strong>diversorio</strong></span> <span class='ocrx_word' id='word_1_595' title='bbox 2365 3038 2432 3094; x_wconf 79' lang='lat'><strong>&quot;.</strong></span> <span class='ocrx_word' id='word_1_596' title='bbox 2478 3038 2684 3094; x_wconf 89' lang='lat' dir='ltr'><strong>Fasciis</strong></span> <span class='ocrx_word' id='word_1_597' title='bbox 2716 3055 2839 3094; x_wconf 90' lang='lat' dir='ltr'><strong>eum</strong></span> <span class='ocrx_word' id='word_1_598' title='bbox 2877 3041 3127 3102; x_wconf 80' lang='lat' dir='ltr'><strong>involvit,</strong></span> <span class='ocrx_word' id='word_1_599' title='bbox 3163 3042 3256 3110; x_wconf 88' lang='lat' dir='ltr'><strong>qui</strong></span> <span class='ocrx_word' id='word_1_600' title='bbox 3287 3043 3423 3096; x_wconf 90' lang='lat' dir='ltr'><strong>ami-</strong></span> 
     </span>
    </p>
   </div>
   <div class='ocr_carea' id='block_1_81' title="bbox 1847 3131 3422 3202">
    <p class='ocr_par' dir='ltr' id='par_1_81' title="bbox 1847 3131 3422 3202">
     <span class='ocr_line' id='line_1_81' title="bbox 1847 3131 3422 3202; baseline 0.002 -16"><span class='ocrx_word' id='word_1_601' title='bbox 1847 3144 1961 3186; x_wconf 86' lang='lat' dir='ltr'><strong>ctus</strong></span> <span class='ocrx_word' id='word_1_602' title='bbox 2006 3141 2080 3186; x_wconf 85' lang='lat' dir='ltr'><strong>est</strong></span> <span class='ocrx_word' id='word_1_603' title='bbox 2128 3131 2324 3186; x_wconf 87' lang='lat' dir='ltr'><strong>lumine</strong></span> <span class='ocrx_word' id='word_1_604' title='bbox 2353 3132 2488 3184; x_wconf 86' lang='lat' dir='ltr'><strong>sicut</strong></span> <span class='ocrx_word' id='word_1_605' title='bbox 2523 3133 2828 3185; x_wconf 82' lang='lat' dir='ltr'><strong>vestimento</strong></span> <span class='ocrx_word' id='word_1_606' title='bbox 2862 3133 2928 3186; x_wconf 85' lang='lat'><strong>&quot;.</strong></span> <span class='ocrx_word' id='word_1_607' title='bbox 2965 3131 3192 3186; x_wconf 81' lang='lat' dir='ltr'><strong>Involvit</strong></span> <span class='ocrx_word' id='word_1_608' title='bbox 3223 3135 3422 3202; x_wconf 89' lang='lat' dir='ltr'><strong>pannis</strong></span> 
     </span>
    </p>
   </div>
   <div class='ocr_carea' id='block_1_82' title="bbox 1847 3223 3420 3294">
    <p class='ocr_par' dir='ltr' id='par_1_82' title="bbox 1847 3223 3420 3294">
     <span class='ocr_line' id='line_1_82' title="bbox 1847 3223 3420 3294; baseline 0.001 -16"><span class='ocrx_word' id='word_1_609' title='bbox 1847 3240 1994 3288; x_wconf 86' lang='lat' dir='ltr'><strong>eum,</strong></span> <span class='ocrx_word' id='word_1_610' title='bbox 2026 3225 2118 3294; x_wconf 89' lang='lat' dir='ltr'><strong>qui</strong></span> <span class='ocrx_word' id='word_1_611' title='bbox 2144 3239 2362 3278; x_wconf 86' lang='lat' dir='ltr'><strong>omnem</strong></span> <span class='ocrx_word' id='word_1_612' title='bbox 2394 3223 2649 3277; x_wconf 79' lang='lat' dir='ltr'><strong>formavit</strong></span> <span class='ocrx_word' id='word_1_613' title='bbox 2675 3232 3004 3278; x_wconf 87' lang='lat' dir='ltr'><strong>creaturam.</strong></span> <span class='ocrx_word' id='word_1_614' title='bbox 3039 3223 3339 3279; x_wconf 81' lang='lat' dir='ltr'><strong>Reclinavit</strong></span> <span class='ocrx_word' id='word_1_615' title='bbox 3363 3226 3420 3280; x_wconf 81' lang='lat' dir='ltr'><strong>in</strong></span> 
     </span>
    </p>
   </div>
   <div class='ocr_carea' id='block_1_83' title="bbox 1846 3314 3420 3387">
    <p class='ocr_par' dir='ltr' id='par_1_83' title="bbox 1846 3314 3420 3387">
     <span class='ocr_line' id='line_1_83' title="bbox 1846 3314 3420 3387; baseline 0 -17"><span class='ocrx_word' id='word_1_616' title='bbox 1846 3315 2111 3387; x_wconf 69' lang='lat' dir='ltr'><strong>prmsepio</strong></span> <span class='ocrx_word' id='word_1_617' title='bbox 2138 3332 2286 3377; x_wconf 85' lang='lat' dir='ltr'><strong>eum,</strong></span> <span class='ocrx_word' id='word_1_618' title='bbox 2318 3314 2411 3384; x_wconf 90' lang='lat' dir='ltr'><strong>qui</strong></span> <span class='ocrx_word' id='word_1_619' title='bbox 2438 3330 2594 3383; x_wconf 86' lang='lat' dir='ltr'><strong>super</strong></span> <span class='ocrx_word' id='word_1_620' title='bbox 2623 3314 2888 3368; x_wconf 81' lang='lat' dir='ltr'><strong>cherubim</strong></span> <span class='ocrx_word' id='word_1_621' title='bbox 2916 3315 3077 3377; x_wconf 86' lang='lat' dir='ltr'><strong>sedet,</strong></span> <span class='ocrx_word' id='word_1_622' title='bbox 3111 3325 3167 3370; x_wconf 87' lang='lat' dir='ltr'><strong>et</strong></span> <span class='ocrx_word' id='word_1_623' title='bbox 3195 3318 3262 3371; x_wconf 91' lang='lat' dir='ltr'><strong>ab</strong></span> <span class='ocrx_word' id='word_1_624' title='bbox 3295 3317 3420 3370; x_wconf 85' lang='lat' dir='ltr'><strong>inli-</strong></span> 
     </span>
    </p>
   </div>
   <div class='ocr_carea' id='block_1_84' title="bbox 1848 3408 3422 3481">
    <p class='ocr_par' dir='ltr' id='par_1_84' title="bbox 1848 3408 3422 3481">
     <span class='ocr_line' id='line_1_84' title="bbox 1848 3408 3422 3481; baseline 0 -16"><span class='ocrx_word' id='word_1_625' title='bbox 1848 3412 1978 3467; x_wconf 88' lang='lat' dir='ltr'><strong>nitis</strong></span> <span class='ocrx_word' id='word_1_626' title='bbox 2008 3409 2213 3481; x_wconf 84' lang='lat' dir='ltr'><strong>angelis</strong></span> <span class='ocrx_word' id='word_1_627' title='bbox 2233 3409 2572 3464; x_wconf 87' lang='lat' dir='ltr'><strong>collaudatur</strong></span> <span class='ocrx_word' id='word_1_628' title='bbox 2599 3409 2663 3461; x_wconf 74' lang='grc'><strong>’³.</strong></span> <span class='ocrx_word' id='word_1_629' title='bbox 2697 3408 2756 3463; x_wconf 91' lang='lat' dir='ltr'><strong>In</strong></span> <span class='ocrx_word' id='word_1_630' title='bbox 2788 3409 3186 3464; x_wconf 88' lang='lat' dir='ltr'><strong>irrationalium</strong></span> <span class='ocrx_word' id='word_1_631' title='bbox 3216 3412 3422 3465; x_wconf 81' lang='lat' dir='ltr'><strong>anima-</strong></span> 
     </span>
    </p>
   </div>
   <div class='ocr_carea' id='block_1_85' title="bbox 1849 3499 3422 3572">
    <p class='ocr_par' dir='ltr' id='par_1_85' title="bbox 1849 3499 3422 3572">
     <span class='ocr_line' id='line_1_85' title="bbox 1849 3499 3422 3572; baseline 0 -15"><span class='ocrx_word' id='word_1_632' title='bbox 1849 3502 1982 3557; x_wconf 88' lang='lat' dir='ltr'><strong>lium</strong></span> <span class='ocrx_word' id='word_1_633' title='bbox 2008 3502 2271 3572; x_wconf 70' lang='lat' dir='ltr'><strong>prazsepio</strong></span> <span class='ocrx_word' id='word_1_634' title='bbox 2299 3501 2545 3554; x_wconf 89' lang='lat' dir='ltr'><strong>divinum</strong></span> <span class='ocrx_word' id='word_1_635' title='bbox 2577 3501 2844 3570; x_wconf 80' lang='lat' dir='ltr'><strong>requievit</strong></span> <span class='ocrx_word' id='word_1_636' title='bbox 2877 3499 3136 3568; x_wconf 81' lang='lat' dir='ltr'><strong>Verbum,</strong></span> <span class='ocrx_word' id='word_1_637' title='bbox 3162 3512 3221 3556; x_wconf 91' lang='lat' dir='ltr'><strong>ut</strong></span> <span class='ocrx_word' id='word_1_638' title='bbox 3245 3503 3422 3557; x_wconf 83' lang='lat' dir='ltr'><strong>homi-</strong></span> 
     </span>
    </p>
   </div>
   <div class='ocr_carea' id='block_1_86' title="bbox 1847 3593 3422 3650">
    <p class='ocr_par' dir='ltr' id='par_1_86' title="bbox 1847 3593 3422 3650">
     <span class='ocr_line' id='line_1_86' title="bbox 1847 3593 3422 3650; baseline 0 -2"><span class='ocrx_word' id='word_1_639' title='bbox 1847 3594 2010 3650; x_wconf 89' lang='lat' dir='ltr'><strong>nibus</strong></span> <span class='ocrx_word' id='word_1_640' title='bbox 2039 3609 2164 3649; x_wconf 86' lang='lat' dir='ltr'><strong>vere</strong></span> <span class='ocrx_word' id='word_1_641' title='bbox 2206 3593 2616 3649; x_wconf 88' lang='lat' dir='ltr'><strong>irrationalibus</strong></span> <span class='ocrx_word' id='word_1_642' title='bbox 2639 3595 2934 3648; x_wconf 89' lang='lat' dir='ltr'><strong>secundum</strong></span> <span class='ocrx_word' id='word_1_643' title='bbox 2973 3594 3199 3648; x_wconf 78' lang='lat' dir='ltr'><strong>liberam</strong></span> <span class='ocrx_word' id='word_1_644' title='bbox 3226 3595 3422 3649; x_wconf 74' lang='lat' dir='ltr'><strong>volun-</strong></span> 
     </span>
    </p>
   </div>
   <div class='ocr_carea' id='block_1_87' title="bbox 1846 3685 3422 3756">
    <p class='ocr_par' dir='ltr' id='par_1_87' title="bbox 1846 3685 3422 3756">
     <span class='ocr_line' id='line_1_87' title="bbox 1846 3685 3422 3756; baseline 0 -16"><span class='ocrx_word' id='word_1_645' title='bbox 1846 3695 2035 3753; x_wconf 87' lang='lat' dir='ltr'><strong>tatem,</strong></span> <span class='ocrx_word' id='word_1_646' title='bbox 2075 3686 2393 3740; x_wconf 87' lang='lat' dir='ltr'><strong>rationalem</strong></span> <span class='ocrx_word' id='word_1_647' title='bbox 2441 3700 2660 3741; x_wconf 87' lang='lat' dir='ltr'><strong>sensum</strong></span> <span class='ocrx_word' id='word_1_648' title='bbox 2704 3686 2984 3742; x_wconf 87' lang='lat' dir='ltr'><strong>tribueret.</strong></span> <span class='ocrx_word' id='word_1_649' title='bbox 3023 3685 3082 3739; x_wconf 85' lang='lat' dir='ltr'><strong>In</strong></span> <span class='ocrx_word' id='word_1_650' title='bbox 3126 3701 3312 3741; x_wconf 90' lang='lat' dir='ltr'><strong>mensa</strong></span> <span class='ocrx_word' id='word_1_651' title='bbox 3332 3689 3422 3756; x_wconf 87' lang='lat' dir='ltr'><strong>ju-</strong></span> 
     </span>
    </p>
   </div>
   <div class='ocr_carea' id='block_1_88' title="bbox 1847 3775 3422 3849">
    <p class='ocr_par' dir='ltr' id='par_1_88' title="bbox 1847 3775 3422 3849">
     <span class='ocr_line' id='line_1_88' title="bbox 1847 3775 3422 3849; baseline 0.001 -19"><span class='ocrx_word' id='word_1_652' title='bbox 1847 3785 2157 3831; x_wconf 89' lang='lat' dir='ltr'><strong>mentorum</strong></span> <span class='ocrx_word' id='word_1_653' title='bbox 2205 3775 2440 3831; x_wconf 75' lang='lat' dir='ltr'><strong>cmlestis</strong></span> <span class='ocrx_word' id='word_1_654' title='bbox 2473 3777 2629 3846; x_wconf 90' lang='lat' dir='ltr'><strong>panis</strong></span> <span class='ocrx_word' id='word_1_655' title='bbox 2672 3777 2982 3846; x_wconf 86' lang='lat' dir='ltr'><strong>prOpositus</strong></span> <span class='ocrx_word' id='word_1_656' title='bbox 3025 3787 3106 3832; x_wconf 88' lang='lat' dir='ltr'><strong>est</strong></span> <span class='ocrx_word' id='word_1_657' title='bbox 3135 3777 3234 3849; x_wconf 70' lang='lat' dir='ltr'><strong>Lat.</strong></span> <span class='ocrx_word' id='word_1_658' title='bbox 3265 3779 3422 3847; x_wconf 83' lang='lat' dir='ltr'><strong>panis</strong></span> 
     </span>
    </p>
   </div>
   <div class='ocr_carea' id='block_1_89' title="bbox 1846 3867 3422 3940">
    <p class='ocr_par' dir='ltr' id='par_1_89' title="bbox 1846 3867 3422 3940">
     <span class='ocr_line' id='line_1_89' title="bbox 1846 3867 3422 3940; baseline 0.001 -18"><span class='ocrx_word' id='word_1_659' title='bbox 1846 3869 1973 3923; x_wconf 66' lang='lat' dir='ltr'><strong>vita:</strong></span> <span class='ocrx_word' id='word_1_660' title='bbox 2006 3869 2287 3938; x_wconf 75' lang='lat' dir='ltr'><strong>appositus</strong></span> <span class='ocrx_word' id='word_1_661' title='bbox 2333 3867 2461 3940; x_wconf 84' lang='lat' dir='ltr'><strong>est],</strong></span> <span class='ocrx_word' id='word_1_662' title='bbox 2494 3879 2553 3921; x_wconf 92' lang='lat' dir='ltr'><strong>ut</strong></span> <span class='ocrx_word' id='word_1_663' title='bbox 2577 3868 2828 3924; x_wconf 85' lang='lat' dir='ltr'><strong>homines</strong></span> <span class='ocrx_word' id='word_1_664' title='bbox 2856 3871 3028 3924; x_wconf 87' lang='lat' dir='ltr'><strong>instar</strong></span> <span class='ocrx_word' id='word_1_665' title='bbox 3059 3885 3317 3940; x_wconf 87' lang='lat' dir='ltr'><strong>pecorum</strong></span> <span class='ocrx_word' id='word_1_666' title='bbox 3347 3871 3422 3924; x_wconf 85' lang='lat' dir='ltr'><strong>ir-</strong></span> 
     </span>
    </p>
   </div>
   <div class='ocr_carea' id='block_1_90' title="bbox 1847 3959 3416 4030">
    <p class='ocr_par' dir='ltr' id='par_1_90' title="bbox 1847 3959 3416 4030">
     <span class='ocr_line' id='line_1_90' title="bbox 1847 3959 3416 4030; baseline 0.001 -16"><span class='ocrx_word' id='word_1_667' title='bbox 1847 3961 2142 4014; x_wconf 83' lang='lat' dir='ltr'><strong>rationales</strong></span> <span class='ocrx_word' id='word_1_668' title='bbox 2166 3960 2381 4030; x_wconf 88' lang='lat' dir='ltr'><strong>mystici</strong></span> <span class='ocrx_word' id='word_1_669' title='bbox 2406 3959 2511 4014; x_wconf 89' lang='lat' dir='ltr'><strong>cibi</strong></span> <span class='ocrx_word' id='word_1_670' title='bbox 2541 3960 2831 4030; x_wconf 83' lang='lat' dir='ltr'><strong>participes</strong></span> <span class='ocrx_word' id='word_1_671' title='bbox 2856 3961 3126 4017; x_wconf 86' lang='lat' dir='ltr'><strong>redderet.</strong></span> <span class='ocrx_word' id='word_1_672' title='bbox 3161 3961 3227 4016; x_wconf 83' lang='lat' dir='ltr'><strong>Et</strong></span> <span class='ocrx_word' id='word_1_673' title='bbox 3248 3980 3317 4018; x_wconf 90' lang='lat' dir='ltr'><strong>ne</strong></span> <span class='ocrx_word' id='word_1_674' title='bbox 3340 3964 3416 4016; x_wconf 88' lang='lat' dir='ltr'><strong>lo-</strong></span> 
     </span>
    </p>
   </div>
   <div class='ocr_carea' id='block_1_91' title="bbox 1847 4051 3421 4122">
    <p class='ocr_par' dir='ltr' id='par_1_91' title="bbox 1847 4051 3421 4122">
     <span class='ocr_line' id='line_1_91' title="bbox 1847 4051 3421 4122; baseline 0.003 -16"><span class='ocrx_word' id='word_1_675' title='bbox 1847 4067 1945 4106; x_wconf 91' lang='lat' dir='ltr'><strong>cus</strong></span> <span class='ocrx_word' id='word_1_676' title='bbox 1978 4051 2196 4122; x_wconf 87' lang='lat' dir='ltr'><strong>quidem</strong></span> <span class='ocrx_word' id='word_1_677' title='bbox 2222 4052 2302 4107; x_wconf 93' lang='lat' dir='ltr'><strong>eis</strong></span> <span class='ocrx_word' id='word_1_678' title='bbox 2329 4064 2447 4107; x_wconf 80' lang='lat' dir='ltr'><strong>erat</strong></span> <span class='ocrx_word' id='word_1_679' title='bbox 2475 4051 2530 4106; x_wconf 93' lang='lat' dir='ltr'><strong>in</strong></span> <span class='ocrx_word' id='word_1_680' title='bbox 2567 4052 2888 4107; x_wconf 89' lang='lat' dir='ltr'><strong>diversorio.</strong></span> <span class='ocrx_word' id='word_1_681' title='bbox 2939 4052 3144 4109; x_wconf 86' lang='lat' dir='ltr'><strong>Locum</strong></span> <span class='ocrx_word' id='word_1_682' title='bbox 3175 4071 3284 4108; x_wconf 88' lang='lat' dir='ltr'><strong>non</strong></span> <span class='ocrx_word' id='word_1_683' title='bbox 3321 4057 3421 4110; x_wconf 78' lang='lat' dir='ltr'><strong>ba-</strong></span> 
     </span>
    </p>
   </div>
   <div class='ocr_carea' id='block_1_92' title="bbox 1847 4145 3424 4215">
    <p class='ocr_par' dir='ltr' id='par_1_92' title="bbox 1847 4145 3424 4215">
     <span class='ocr_line' id='line_1_92' title="bbox 1847 4145 3424 4215; baseline -0.003 -15"><span class='ocrx_word' id='word_1_684' title='bbox 1847 4145 1985 4212; x_wconf 88' lang='lat' dir='ltr'><strong>buit,</strong></span> <span class='ocrx_word' id='word_1_685' title='bbox 2002 4145 2094 4215; x_wconf 91' lang='lat' dir='ltr'><strong>qui</strong></span> <span class='ocrx_word' id='word_1_686' title='bbox 2117 4145 2313 4201; x_wconf 69' lang='lat' dir='ltr'><strong>cadum</strong></span> <span class='ocrx_word' id='word_1_687' title='bbox 2340 4153 2395 4200; x_wconf 92' lang='lat' dir='ltr'><strong>et</strong></span> <span class='ocrx_word' id='word_1_688' title='bbox 2422 4154 2621 4198; x_wconf 87' lang='lat' dir='ltr'><strong>terram</strong></span> <span class='ocrx_word' id='word_1_689' title='bbox 2645 4145 2811 4199; x_wconf 89' lang='lat' dir='ltr'><strong>verbo</strong></span> <span class='ocrx_word' id='word_1_690' title='bbox 2832 4146 3124 4201; x_wconf 77' lang='lat' dir='ltr'><strong>exstruxit:</strong></span> <span class='ocrx_word' id='word_1_691' title='bbox 3144 4145 3424 4215; x_wconf 90' lang='lat' dir='ltr'><strong>quoniam,</strong></span> 
     </span>
    </p>
   </div>
   <div class='ocr_carea' id='block_1_93' title="bbox 1848 4237 3417 4308">
    <p class='ocr_par' dir='ltr' id='par_1_93' title="bbox 1848 4237 3417 4308">
     <span class='ocr_line' id='line_1_93' title="bbox 1848 4237 3417 4308; baseline -0.002 -14"><span class='ocrx_word' id='word_1_692' title='bbox 1848 4256 1967 4294; x_wconf 88' lang='lat' dir='ltr'><strong>cum</strong></span> <span class='ocrx_word' id='word_1_693' title='bbox 2003 4239 2146 4294; x_wconf 84' lang='lat' dir='ltr'><strong>dives</strong></span> <span class='ocrx_word' id='word_1_694' title='bbox 2177 4247 2348 4304; x_wconf 82' lang='lat' dir='ltr'><strong>esset,</strong></span> <span class='ocrx_word' id='word_1_695' title='bbox 2391 4247 2612 4308; x_wconf 90' lang='lat' dir='ltr'><strong>propter</strong></span> <span class='ocrx_word' id='word_1_696' title='bbox 2660 4252 2760 4292; x_wconf 90' lang='lat' dir='ltr'><strong>nos</strong></span> <span class='ocrx_word' id='word_1_697' title='bbox 2808 4237 2980 4306; x_wconf 81' lang='lat' dir='ltr'><strong>factus</strong></span> <span class='ocrx_word' id='word_1_698' title='bbox 3024 4248 3100 4292; x_wconf 87' lang='lat' dir='ltr'><strong>est</strong></span> <span class='ocrx_word' id='word_1_699' title='bbox 3126 4255 3326 4308; x_wconf 87' lang='lat' dir='ltr'><strong>pauper</strong></span> <span class='ocrx_word' id='word_1_700' title='bbox 3350 4237 3417 4304; x_wconf 71' lang='grc'><strong>’⁸,</strong></span> 
     </span>
    </p>
   </div>
   <div class='ocr_carea' id='block_1_94' title="bbox 1847 4329 3420 4388">
    <p class='ocr_par' dir='ltr' id='par_1_94' title="bbox 1847 4329 3420 4388">
     <span class='ocr_line' id='line_1_94' title="bbox 1847 4329 3420 4388; baseline -0.003 -1"><span class='ocrx_word' id='word_1_701' title='bbox 1847 4341 2144 4388; x_wconf 82' lang='lat' dir='ltr'><strong>extremam</strong></span> <span class='ocrx_word' id='word_1_702' title='bbox 2182 4331 2443 4386; x_wconf 86' lang='lat' dir='ltr'><strong>vilitatem</strong></span> <span class='ocrx_word' id='word_1_703' title='bbox 2483 4331 2554 4385; x_wconf 92' lang='lat' dir='ltr'><strong>ob</strong></span> <span class='ocrx_word' id='word_1_704' title='bbox 2581 4329 2810 4384; x_wconf 86' lang='lat' dir='ltr'><strong>salutem</strong></span> <span class='ocrx_word' id='word_1_705' title='bbox 2859 4339 3067 4385; x_wconf 68' lang='lat' dir='ltr'><strong>natura:</strong></span> <span class='ocrx_word' id='word_1_706' title='bbox 3097 4339 3297 4387; x_wconf 77' lang='lat' dir='ltr'><strong>nostra:</strong></span> <span class='ocrx_word' id='word_1_707' title='bbox 3320 4330 3420 4385; x_wconf 88' lang='lat' dir='ltr'><strong>eli-</strong></span> 
     </span>
    </p>
   </div>
   <div class='ocr_carea' id='block_1_95' title="bbox 1849 4422 3419 4496">
    <p class='ocr_par' dir='ltr' id='par_1_95' title="bbox 1849 4422 3419 4496">
     <span class='ocr_line' id='line_1_95' title="bbox 1849 4422 3419 4496; baseline -0.001 -16"><span class='ocrx_word' id='word_1_708' title='bbox 1849 4440 2004 4496; x_wconf 79' lang='lat' dir='ltr'><strong>gens,</strong></span> <span class='ocrx_word' id='word_1_709' title='bbox 2034 4440 2102 4479; x_wconf 83' lang='lat' dir='ltr'><strong>ex</strong></span> <span class='ocrx_word' id='word_1_710' title='bbox 2129 4424 2368 4494; x_wconf 87' lang='lat' dir='ltr'><strong>ingenita</strong></span> <span class='ocrx_word' id='word_1_711' title='bbox 2396 4439 2496 4479; x_wconf 90' lang='lat' dir='ltr'><strong>sua</strong></span> <span class='ocrx_word' id='word_1_712' title='bbox 2528 4425 2581 4478; x_wconf 89' lang='lat' dir='ltr'><strong>in</strong></span> <span class='ocrx_word' id='word_1_713' title='bbox 2608 4441 2709 4479; x_wconf 91' lang='lat' dir='ltr'><strong>nos</strong></span> <span class='ocrx_word' id='word_1_714' title='bbox 2732 4422 2990 4478; x_wconf 88' lang='lat' dir='ltr'><strong>bonitate.</strong></span> <span class='ocrx_word' id='word_1_715' title='bbox 3044 4422 3149 4489; x_wconf 82' lang='lat' dir='ltr'><strong>Qui</strong></span> <span class='ocrx_word' id='word_1_716' title='bbox 3177 4423 3419 4478; x_wconf 83' lang='lat' dir='ltr'><strong>occulto-</strong></span> 
     </span>
    </p>
   </div>
   <div class='ocr_carea' id='block_1_96' title="bbox 1848 4513 3420 4588">
    <p class='ocr_par' dir='ltr' id='par_1_96' title="bbox 1848 4513 3420 4588">
     <span class='ocr_line' id='line_1_96' title="bbox 1848 4513 3420 4588; baseline -0.003 -16"><span class='ocrx_word' id='word_1_717' title='bbox 1848 4533 1970 4572; x_wconf 90' lang='lat' dir='ltr'><strong>rum</strong></span> <span class='ocrx_word' id='word_1_718' title='bbox 1992 4517 2416 4588; x_wconf 84' lang='lat' dir='ltr'><strong>dispensationis</strong></span> <span class='ocrx_word' id='word_1_719' title='bbox 2440 4517 2820 4587; x_wconf 85' lang='lat' dir='ltr'><strong>mysteriorum</strong></span> <span class='ocrx_word' id='word_1_720' title='bbox 2844 4513 2922 4586; x_wconf 90' lang='lat' dir='ltr'><strong>[al</strong></span> <span class='ocrx_word' id='word_1_721' title='bbox 2931 4554 2945 4566; x_wconf 92' lang='lat'><strong>.</strong></span> <span class='ocrx_word' id='word_1_722' title='bbox 2973 4513 3188 4569; x_wconf 91' lang='lat' dir='ltr'><strong>occulto</strong></span> <span class='ocrx_word' id='word_1_723' title='bbox 3208 4513 3420 4584; x_wconf 87' lang='lat' dir='ltr'><strong>dispen-</strong></span> 
     </span>
    </p>
   </div>
   <div class='ocr_carea' id='block_1_97' title="bbox 1851 4603 3417 4682">
    <p class='ocr_par' dir='ltr' id='par_1_97' title="bbox 1851 4603 3417 4682">
     <span class='ocr_line' id='line_1_97' title="bbox 1851 4603 3417 4682; baseline -0.003 -18"><span class='ocrx_word' id='word_1_724' title='bbox 1851 4609 2081 4664; x_wconf 88' lang='lat' dir='ltr'><strong>sationis</strong></span> <span class='ocrx_word' id='word_1_725' title='bbox 2098 4607 2378 4682; x_wconf 80' lang='lat' dir='ltr'><strong>mysterio]</strong></span> <span class='ocrx_word' id='word_1_726' title='bbox 2395 4624 2611 4664; x_wconf 91' lang='lat' dir='ltr'><strong>omnem</strong></span> <span class='ocrx_word' id='word_1_727' title='bbox 2640 4607 2878 4677; x_wconf 79' lang='lat' dir='ltr'><strong>implevit</strong></span> <span class='ocrx_word' id='word_1_728' title='bbox 2900 4606 3294 4676; x_wconf 84' lang='lat' dir='ltr'><strong>providentiam</strong></span> <span class='ocrx_word' id='word_1_729' title='bbox 3318 4603 3417 4676; x_wconf 81' lang='grc' dir='ltr'>[ιιι.</span> 
     </span>
    </p>
   </div>
   <div class='ocr_carea' id='block_1_98' title="bbox 153 4695 1740 4780">
    <p class='ocr_par' dir='ltr' id='par_1_98' title="bbox 153 4706 1740 4780">
     <span class='ocr_line' id='line_1_98' title="bbox 153 4706 1740 4780; baseline -0.001 -17"><span class='ocrx_word' id='word_1_730' title='bbox 153 4724 254 4772; x_wconf 70' lang='grc' dir='ltr'><strong>νος</strong></span> <span class='ocrx_word' id='word_1_731' title='bbox 283 4708 417 4779; x_wconf 77' lang='grc' dir='ltr'><strong>[ἀλ.</strong></span> <span class='ocrx_word' id='word_1_732' title='bbox 439 4706 808 4778; x_wconf 83' lang='grc' dir='ltr'>ἀνελόμενος],</span> <span class='ocrx_word' id='word_1_733' title='bbox 835 4707 920 4760; x_wconf 74' lang='grc' dir='ltr'><strong>διὰ</strong></span> <span class='ocrx_word' id='word_1_734' title='bbox 941 4707 1038 4778; x_wconf 79' lang='grc' dir='ltr'>τὴν</span> <span class='ocrx_word' id='word_1_735' title='bbox 1057 4707 1326 4779; x_wconf 83' lang='grc' dir='ltr'>σωτηρίαν</span> <span class='ocrx_word' id='word_1_736' title='bbox 1350 4708 1449 4778; x_wconf 75' lang='grc' dir='ltr'>τῆς</span> <span class='ocrx_word' id='word_1_737' title='bbox 1467 4707 1740 4780; x_wconf 79' lang='grc' dir='ltr'>ἡμετέρας</span> 
     </span>
    </p>
   </div>
   <div class='ocr_carea' id='block_1_99' title="bbox 1845 4695 3416 4780">
    <p class='ocr_par' dir='ltr' id='par_1_99' title="bbox 1845 4695 3416 4774">
     <span class='ocr_line' id='line_1_99' title="bbox 1845 4695 3416 4774; baseline -0.003 -19"><span class='ocrx_word' id='word_1_738' title='bbox 1845 4700 2137 4774; x_wconf 88' lang='lat' dir='ltr'><strong>justitiam]</strong></span> <span class='ocrx_word' id='word_1_739' title='bbox 2163 4743 2179 4768; x_wconf 96' lang='lat'><strong>,</strong></span> <span class='ocrx_word' id='word_1_740' title='bbox 2213 4717 2277 4756; x_wconf 88' lang='lat' dir='ltr'><strong>ac</strong></span> <span class='ocrx_word' id='word_1_741' title='bbox 2298 4701 2708 4771; x_wconf 89' lang='lat' dir='ltr'><strong>dispositionem</strong></span> <span class='ocrx_word' id='word_1_742' title='bbox 2742 4700 2796 4752; x_wconf 91' lang='lat' dir='ltr'><strong>in</strong></span> <span class='ocrx_word' id='word_1_743' title='bbox 2827 4699 2967 4753; x_wconf 74' lang='lat' dir='ltr'><strong>cmlo</strong></span> <span class='ocrx_word' id='word_1_744' title='bbox 2995 4697 3048 4750; x_wconf 89' lang='lat' dir='ltr'><strong>in</strong></span> <span class='ocrx_word' id='word_1_745' title='bbox 3072 4696 3193 4751; x_wconf 85' lang='lat' dir='ltr'><strong>sinu</strong></span> <span class='ocrx_word' id='word_1_746' title='bbox 3219 4695 3416 4762; x_wconf 87' lang='lat' dir='ltr'><strong>Patris,</strong></span> 
     </span>
    </p>
   </div>
   <div class='ocr_carea' id='block_1_100' title="bbox 157 4799 1743 4872">
    <p class='ocr_par' dir='ltr' id='par_1_100' title="bbox 157 4799 1743 4872">
     <span class='ocr_line' id='line_1_100' title="bbox 157 4799 1743 4872; baseline 0 -17"><span class='ocrx_word' id='word_1_747' title='bbox 157 4803 409 4872; x_wconf 74' lang='grc' dir='ltr'>φύσεως,</span> <span class='ocrx_word' id='word_1_748' title='bbox 445 4799 543 4870; x_wconf 82' lang='grc' dir='ltr'>τῆς</span> <span class='ocrx_word' id='word_1_749' title='bbox 574 4800 813 4871; x_wconf 72' lang='grc' dir='ltr'>ἐμφύτου</span> <span class='ocrx_word' id='word_1_750' title='bbox 845 4799 1008 4852; x_wconf 82' lang='grc' dir='ltr'>αὑτοῦ</span> <span class='ocrx_word' id='word_1_751' title='bbox 1042 4799 1177 4869; x_wconf 82' lang='grc' dir='ltr'>πρὸς</span> <span class='ocrx_word' id='word_1_752' title='bbox 1210 4801 1356 4870; x_wconf 82' lang='grc' dir='ltr'>ἡμᾶς</span> <span class='ocrx_word' id='word_1_753' title='bbox 1390 4800 1743 4871; x_wconf 82' lang='grc' dir='ltr'>ἀγαοότητος.</span> 
     </span>
    </p>
   </div>
   <div class='ocr_carea' id='block_1_101' title="bbox 167 4891 1742 4965">
    <p class='ocr_par' dir='ltr' id='par_1_101' title="bbox 167 4891 1742 4965">
     <span class='ocr_line' id='line_1_101' title="bbox 167 4891 1742 4965; baseline -0.003 -17"><span class='ocrx_word' id='word_1_754' title='bbox 167 4894 234 4948; x_wconf 82' lang='grc' dir='ltr'>ὐ</span> <span class='ocrx_word' id='word_1_755' title='bbox 261 4893 589 4965; x_wconf 73' lang='grc' dir='ltr'>ἀπορρήτων</span> <span class='ocrx_word' id='word_1_756' title='bbox 615 4893 926 4964; x_wconf 85' lang='grc' dir='ltr'>μυστηρίων</span> <span class='ocrx_word' id='word_1_757' title='bbox 962 4892 1080 4963; x_wconf 74' lang='grc' dir='ltr'><strong>[ἄλ.</strong></span> <span class='ocrx_word' id='word_1_758' title='bbox 1113 4893 1404 4963; x_wconf 75' lang='grc' dir='ltr'>ἀπορρήτῳ</span> <span class='ocrx_word' id='word_1_759' title='bbox 1435 4891 1742 4964; x_wconf 84' lang='grc' dir='ltr'>μυστηρίῳ]</span> 
     </span>
    </p>
   </div>
   <div class='ocr_carea' id='block_1_102' title="bbox 151 4982 1745 5058">
    <p class='ocr_par' dir='ltr' id='par_1_102' title="bbox 151 4982 1745 5058">
     <span class='ocr_line' id='line_1_102' title="bbox 151 4982 1745 5058; baseline 0 -22"><span class='ocrx_word' id='word_1_760' title='bbox 151 4987 265 5058; x_wconf 77' lang='grc' dir='ltr'>τῆς</span> <span class='ocrx_word' id='word_1_761' title='bbox 299 4984 613 5054; x_wconf 81' lang='grc' dir='ltr'>οἰκονομίας</span> <span class='ocrx_word' id='word_1_762' title='bbox 641 4982 933 5055; x_wconf 86' lang='grc' dir='ltr'>πληρώσας</span> <span class='ocrx_word' id='word_1_763' title='bbox 979 4985 1160 5037; x_wconf 79' lang='grc' dir='ltr'>πᾶσαν</span> <span class='ocrx_word' id='word_1_764' title='bbox 1204 4983 1464 5055; x_wconf 85' lang='grc' dir='ltr'>διοίκησιν</span> <span class='ocrx_word' id='word_1_765' title='bbox 1663 4983 1745 5037; x_wconf 87' lang='grc' dir='ltr'>δι-</span> 
     </span>
    </p>
   </div>
   <div class='ocr_carea' id='block_1_103' title="bbox 154 5070 1742 5143">
    <p class='ocr_par' dir='ltr' id='par_1_103' title="bbox 154 5070 1742 5143">
     <span class='ocr_line' id='line_1_103' title="bbox 154 5070 1742 5143; baseline -0.001 -16"><span class='ocrx_word' id='word_1_766' title='bbox 154 5070 488 5142; x_wconf 81' lang='grc' dir='ltr'>καιοσύνην]</span> <span class='ocrx_word' id='word_1_767' title='bbox 548 5073 604 5122; x_wconf 81' lang='grc' dir='ltr'><strong>ἐν</strong></span> <span class='ocrx_word' id='word_1_768' title='bbox 659 5072 874 5142; x_wconf 81' lang='grc' dir='ltr'>οὐρανῷ</span> <span class='ocrx_word' id='word_1_769' title='bbox 923 5075 980 5124; x_wconf 85' lang='grc' dir='ltr'><strong>ἐν</strong></span> <span class='ocrx_word' id='word_1_770' title='bbox 1039 5071 1224 5143; x_wconf 81' lang='grc' dir='ltr'>κόλπῳ</span> <span class='ocrx_word' id='word_1_771' title='bbox 1250 5071 1343 5125; x_wconf 90' lang='grc' dir='ltr'><strong>τοῦ</strong></span> <span class='ocrx_word' id='word_1_772' title='bbox 1374 5073 1614 5143; x_wconf 82' lang='grc' dir='ltr'>Πατρὸς,</span> <span class='ocrx_word' id='word_1_773' title='bbox 1648 5074 1742 5128; x_wconf 76' lang='grc' dir='ltr'><strong>καὶ</strong></span> 
     </span>
    </p>
   </div>
   <div class='ocr_carea' id='block_1_104' title="bbox 157 5164 1744 5237">
    <p class='ocr_par' dir='ltr' id='par_1_104' title="bbox 157 5164 1744 5237">
     <span class='ocr_line' id='line_1_104' title="bbox 157 5164 1744 5237; baseline 0.001 -19"><span class='ocrx_word' id='word_1_774' title='bbox 157 5167 220 5218; x_wconf 82' lang='grc' dir='ltr'>ὲν</span> <span class='ocrx_word' id='word_1_775' title='bbox 259 5164 512 5235; x_wconf 83' lang='grc' dir='ltr'>σπηλαίῳ</span> <span class='ocrx_word' id='word_1_776' title='bbox 551 5165 608 5216; x_wconf 78' lang='grc' dir='ltr'>ἐν</span> <span class='ocrx_word' id='word_1_777' title='bbox 655 5165 918 5232; x_wconf 80' lang='grc' dir='ltr'>ἀγκάλαις</span> <span class='ocrx_word' id='word_1_778' title='bbox 949 5165 1174 5236; x_wconf 85' lang='grc' dir='ltr'>μητρὸς,</span> <span class='ocrx_word' id='word_1_779' title='bbox 1211 5164 1558 5219; x_wconf 88' lang='grc' dir='ltr'>ἀνεπαύσατο</span> <span class='ocrx_word' id='word_1_780' title='bbox 1587 5167 1645 5219; x_wconf 82' lang='grc' dir='ltr'>ὲν</span> <span class='ocrx_word' id='word_1_781' title='bbox 1676 5169 1744 5237; x_wconf 80' lang='grc' dir='ltr'>τῇ</span> 
     </span>
    </p>
   </div>
   <div class='ocr_carea' id='block_1_105' title="bbox 157 5255 1748 5328">
    <p class='ocr_par' dir='ltr' id='par_1_105' title="bbox 157 5255 1748 5328">
     <span class='ocr_line' id='line_1_105' title="bbox 157 5255 1748 5328; baseline 0.001 -19"><span class='ocrx_word' id='word_1_782' title='bbox 157 5258 370 5328; x_wconf 78' lang='grc' dir='ltr'>φάτνῃ.</span> <span class='ocrx_word' id='word_1_783' title='bbox 416 5255 726 5324; x_wconf 76' lang='grc' dir='ltr'>’Δγγελικαὶ</span> <span class='ocrx_word' id='word_1_784' title='bbox 742 5261 947 5327; x_wconf 85' lang='grc' dir='ltr'>χορεῖαι</span> <span class='ocrx_word' id='word_1_785' title='bbox 977 5257 1422 5328; x_wconf 85' lang='grc' dir='ltr'>περιεκύκλωσαν</span> <span class='ocrx_word' id='word_1_786' title='bbox 1466 5258 1658 5322; x_wconf 83' lang='grc' dir='ltr'>αὑτὸν,</span> <span class='ocrx_word' id='word_1_787' title='bbox 1689 5260 1748 5311; x_wconf 77' lang='grc' dir='ltr'>ἐν</span> 
     </span>
    </p>
   </div>
   <div class='ocr_carea' id='block_1_106' title="bbox 155 5349 1747 5423">
    <p class='ocr_par' dir='ltr' id='par_1_106' title="bbox 155 5349 1747 5423">
     <span class='ocr_line' id='line_1_106' title="bbox 155 5349 1747 5423; baseline -0.001 -18"><span class='ocrx_word' id='word_1_788' title='bbox 155 5350 387 5423; x_wconf 80' lang='grc' dir='ltr'>ούρανῴ</span> <span class='ocrx_word' id='word_1_789' title='bbox 426 5349 765 5419; x_wconf 81' lang='grc' dir='ltr'>δοξολογίαν,</span> <span class='ocrx_word' id='word_1_790' title='bbox 813 5349 906 5402; x_wconf 76' lang='grc' dir='ltr'><strong>καὶ</strong></span> <span class='ocrx_word' id='word_1_791' title='bbox 955 5352 1046 5403; x_wconf 73' lang='grc' dir='ltr'>ἐπὶ</span> <span class='ocrx_word' id='word_1_792' title='bbox 1076 5352 1178 5420; x_wconf 84' lang='grc' dir='ltr'>γῆς</span> <span class='ocrx_word' id='word_1_793' title='bbox 1217 5352 1436 5421; x_wconf 83' lang='grc' dir='ltr'>εἰρήνην</span> <span class='ocrx_word' id='word_1_794' title='bbox 1493 5368 1747 5422; x_wconf 88' lang='grc' dir='ltr'>καταμη-</span> 
     </span>
    </p>
   </div>
   <div class='ocr_carea' id='block_1_107' title="bbox 157 5441 1744 5514">
    <p class='ocr_par' dir='ltr' id='par_1_107' title="bbox 157 5441 1744 5514">
     <span class='ocr_line' id='line_1_107' title="bbox 157 5441 1744 5514; baseline -0.001 -18"><span class='ocrx_word' id='word_1_795' title='bbox 157 5443 410 5505; x_wconf 76' lang='grc' dir='ltr'>νύθντες.</span> <span class='ocrx_word' id='word_1_796' title='bbox 447 5442 536 5496; x_wconf 90' lang='grc' dir='ltr'>Ἐν</span> <span class='ocrx_word' id='word_1_797' title='bbox 561 5441 774 5513; x_wconf 80' lang='grc' dir='ltr'>οὐρανῷ</span> <span class='ocrx_word' id='word_1_798' title='bbox 793 5444 857 5495; x_wconf 86' lang='grc' dir='ltr'><strong>ὲκ</strong></span> <span class='ocrx_word' id='word_1_799' title='bbox 872 5442 1059 5506; x_wconf 80' lang='grc' dir='ltr'>δεξιῶν</span> <span class='ocrx_word' id='word_1_800' title='bbox 1081 5443 1174 5496; x_wconf 86' lang='grc' dir='ltr'><strong>τοῦ</strong></span> <span class='ocrx_word' id='word_1_801' title='bbox 1202 5444 1413 5514; x_wconf 83' lang='grc' dir='ltr'>Πατρὸς</span> <span class='ocrx_word' id='word_1_802' title='bbox 1432 5443 1744 5508; x_wconf 78' lang='grc' dir='ltr'>ὲκαΟέζετο’</span> 
     </span>
    </p>
   </div>
   <div class='ocr_carea' id='block_1_108' title="bbox 152 5533 1745 5614">
    <p class='ocr_par' dir='ltr' id='par_1_108' title="bbox 152 5533 1745 5608">
     <span class='ocr_line' id='line_1_108' title="bbox 152 5533 1745 5608; baseline 0 -19"><span class='ocrx_word' id='word_1_803' title='bbox 152 5537 266 5589; x_wconf 69' lang='grc' dir='ltr'><strong>καί</strong></span> <span class='ocrx_word' id='word_1_804' title='bbox 307 5536 380 5604; x_wconf 58' lang='grc' dir='ltr'><strong>ἐν,</strong></span> <span class='ocrx_word' id='word_1_805' title='bbox 406 5537 469 5606; x_wconf 83' lang='grc' dir='ltr'>τῇ</span> <span class='ocrx_word' id='word_1_806' title='bbox 517 5533 690 5605; x_wconf 82' lang='grc' dir='ltr'>φάτνῃ</span> <span class='ocrx_word' id='word_1_807' title='bbox 727 5533 802 5598; x_wconf 86' lang='grc' dir='ltr'>ὡς</span> <span class='ocrx_word' id='word_1_808' title='bbox 829 5535 922 5587; x_wconf 74' lang='grc' dir='ltr'><strong>ἐπὶ</strong></span> <span class='ocrx_word' id='word_1_809' title='bbox 951 5535 1058 5587; x_wconf 77' lang='grc' dir='ltr'>τῶν</span> <span class='ocrx_word' id='word_1_810' title='bbox 1090 5535 1354 5608; x_wconf 74' lang='grc' dir='ltr'>χερουὸὶμ</span> <span class='ocrx_word' id='word_1_811' title='bbox 1379 5535 1745 5590; x_wconf 81' lang='grc' dir='ltr'>ἀνεπαύσατο.</span> 
     </span>
    </p>
   </div>
   <div class='ocr_carea' id='block_1_109' title="bbox 1849 4788 3420 4863">
    <p class='ocr_par' dir='ltr' id='par_1_109' title="bbox 1849 4788 3420 4863">
     <span class='ocr_line' id='line_1_109' title="bbox 1849 4788 3420 4863; baseline -0.003 -15"><span class='ocrx_word' id='word_1_812' title='bbox 1849 4803 1904 4848; x_wconf 91' lang='lat' dir='ltr'><strong>ct</strong></span> <span class='ocrx_word' id='word_1_813' title='bbox 1931 4793 1985 4847; x_wconf 92' lang='lat' dir='ltr'><strong>in</strong></span> <span class='ocrx_word' id='word_1_814' title='bbox 2010 4796 2267 4863; x_wconf 87' lang='lat' dir='ltr'><strong>spelunca</strong></span> <span class='ocrx_word' id='word_1_815' title='bbox 2314 4793 2369 4847; x_wconf 87' lang='lat' dir='ltr'><strong>in</strong></span> <span class='ocrx_word' id='word_1_816' title='bbox 2413 4793 2555 4847; x_wconf 88' lang='lat' dir='ltr'><strong>ulnis</strong></span> <span class='ocrx_word' id='word_1_817' title='bbox 2583 4791 2794 4857; x_wconf 90' lang='lat' dir='ltr'><strong>matris,</strong></span> <span class='ocrx_word' id='word_1_818' title='bbox 2829 4791 2883 4844; x_wconf 89' lang='lat' dir='ltr'><strong>in</strong></span> <span class='ocrx_word' id='word_1_819' title='bbox 2913 4789 3176 4860; x_wconf 68' lang='lat' dir='ltr'><strong>praesepio</strong></span> <span class='ocrx_word' id='word_1_820' title='bbox 3205 4788 3420 4857; x_wconf 86' lang='lat' dir='ltr'><strong>requie-</strong></span> 
     </span>
    </p>
   </div>
   <div class='ocr_carea' id='block_1_110' title="bbox 1849 4882 3418 4956">
    <p class='ocr_par' dir='ltr' id='par_1_110' title="bbox 1849 4882 3418 4956">
     <span class='ocr_line' id='line_1_110' title="bbox 1849 4882 3418 4956; baseline -0.003 -18"><span class='ocrx_word' id='word_1_821' title='bbox 1849 4885 1946 4940; x_wconf 91' lang='lat' dir='ltr'><strong>vit.</strong></span> <span class='ocrx_word' id='word_1_822' title='bbox 2004 4885 2170 4940; x_wconf 88' lang='lat' dir='ltr'><strong>Cbori</strong></span> <span class='ocrx_word' id='word_1_823' title='bbox 2205 4884 2435 4956; x_wconf 88' lang='lat' dir='ltr'><strong>angelici</strong></span> <span class='ocrx_word' id='word_1_824' title='bbox 2481 4882 2977 4952; x_wconf 86' lang='lat' dir='ltr'><strong>circumcingebant</strong></span> <span class='ocrx_word' id='word_1_825' title='bbox 3001 4897 3126 4936; x_wconf 88' lang='lat' dir='ltr'><strong>eum</strong></span> <span class='ocrx_word' id='word_1_826' title='bbox 3149 4923 3164 4947; x_wconf 94' lang='lat'><strong>,</strong></span> <span class='ocrx_word' id='word_1_827' title='bbox 3194 4882 3248 4936; x_wconf 91' lang='lat' dir='ltr'><strong>in</strong></span> <span class='ocrx_word' id='word_1_828' title='bbox 3278 4882 3418 4935; x_wconf 72' lang='lat' dir='ltr'><strong>cmlo</strong></span> 
     </span>
    </p>
   </div>
   <div class='ocr_carea' id='block_1_111' title="bbox 1848 4974 3419 5049">
    <p class='ocr_par' dir='ltr' id='par_1_111' title="bbox 1848 4974 3419 5049">
     <span class='ocr_line' id='line_1_111' title="bbox 1848 4974 3419 5049; baseline -0.004 -17"><span class='ocrx_word' id='word_1_829' title='bbox 1848 4977 2078 5049; x_wconf 77' lang='lat' dir='ltr'><strong>gloriam</strong></span> <span class='ocrx_word' id='word_1_830' title='bbox 2105 4977 2454 5032; x_wconf 88' lang='lat' dir='ltr'><strong>concinentes</strong></span> <span class='ocrx_word' id='word_1_831' title='bbox 2474 5017 2488 5042; x_wconf 96' lang='lat'><strong>,</strong></span> <span class='ocrx_word' id='word_1_832' title='bbox 2526 4983 2580 5030; x_wconf 88' lang='lat' dir='ltr'><strong>et</strong></span> <span class='ocrx_word' id='word_1_833' title='bbox 2609 4975 2663 5029; x_wconf 89' lang='lat' dir='ltr'><strong>in</strong></span> <span class='ocrx_word' id='word_1_834' title='bbox 2691 4983 2832 5029; x_wconf 89' lang='lat' dir='ltr'><strong>terra</strong></span> <span class='ocrx_word' id='word_1_835' title='bbox 2867 4989 3054 5044; x_wconf 85' lang='lat' dir='ltr'><strong>pacem</strong></span> <span class='ocrx_word' id='word_1_836' title='bbox 3085 4974 3419 5028; x_wconf 87' lang='lat' dir='ltr'><strong>annuntian-</strong></span> 
     </span>
    </p>
   </div>
   <div class='ocr_carea' id='block_1_112' title="bbox 1848 5065 3419 5135">
    <p class='ocr_par' dir='ltr' id='par_1_112' title="bbox 1848 5065 3419 5135">
     <span class='ocr_line' id='line_1_112' title="bbox 1848 5065 3419 5135; baseline -0.006 -8"><span class='ocrx_word' id='word_1_837' title='bbox 1848 5081 1950 5127; x_wconf 88' lang='lat' dir='ltr'><strong>tes.</strong></span> <span class='ocrx_word' id='word_1_838' title='bbox 2010 5069 2069 5124; x_wconf 92' lang='lat' dir='ltr'><strong>ln</strong></span> <span class='ocrx_word' id='word_1_839' title='bbox 2098 5069 2237 5124; x_wconf 63' lang='lat' dir='ltr'><strong>caelo</strong></span> <span class='ocrx_word' id='word_1_840' title='bbox 2260 5084 2290 5123; x_wconf 91' lang='lat' dir='ltr'><strong>a</strong></span> <span class='ocrx_word' id='word_1_841' title='bbox 2313 5067 2518 5123; x_wconf 79' lang='lat' dir='ltr'><strong>dextris</strong></span> <span class='ocrx_word' id='word_1_842' title='bbox 2542 5065 2719 5122; x_wconf 89' lang='lat' dir='ltr'><strong>Patris</strong></span> <span class='ocrx_word' id='word_1_843' title='bbox 2752 5067 3007 5131; x_wconf 85' lang='lat' dir='ltr'><strong>sedebat,</strong></span> <span class='ocrx_word' id='word_1_844' title='bbox 3045 5076 3099 5121; x_wconf 87' lang='lat' dir='ltr'><strong>et</strong></span> <span class='ocrx_word' id='word_1_845' title='bbox 3140 5066 3194 5119; x_wconf 91' lang='lat' dir='ltr'><strong>in</strong></span> <span class='ocrx_word' id='word_1_846' title='bbox 3221 5080 3419 5135; x_wconf 69' lang='lat' dir='ltr'><strong>praese-</strong></span> 
     </span>
    </p>
   </div>
   <div class='ocr_carea' id='block_1_113' title="bbox 1851 5158 3419 5234">
    <p class='ocr_par' dir='ltr' id='par_1_113' title="bbox 1851 5158 3419 5234">
     <span class='ocr_line' id='line_1_113' title="bbox 1851 5158 3419 5234; baseline -0.004 -17"><span class='ocrx_word' id='word_1_847' title='bbox 1851 5163 1962 5234; x_wconf 90' lang='lat' dir='ltr'><strong>pio,</strong></span> <span class='ocrx_word' id='word_1_848' title='bbox 1999 5171 2058 5217; x_wconf 91' lang='lat' dir='ltr'><strong>ut</strong></span> <span class='ocrx_word' id='word_1_849' title='bbox 2085 5177 2248 5231; x_wconf 87' lang='lat' dir='ltr'><strong>super</strong></span> <span class='ocrx_word' id='word_1_850' title='bbox 2277 5160 2579 5224; x_wconf 84' lang='lat' dir='ltr'><strong>cherubim,</strong></span> <span class='ocrx_word' id='word_1_851' title='bbox 2599 5159 2990 5230; x_wconf 86' lang='lat' dir='ltr'><strong>requiescebat.</strong></span> <span class='ocrx_word' id='word_1_852' title='bbox 3056 5158 3310 5213; x_wconf 85' lang='lat' dir='ltr'><strong>Thronus</strong></span> <span class='ocrx_word' id='word_1_853' title='bbox 3330 5171 3419 5212; x_wconf 88' lang='lat' dir='ltr'><strong>re-</strong></span> 
     </span>
    </p>
   </div>
   <div class='ocr_carea' id='block_1_114' title="bbox 1850 5248 3417 5319">
    <p class='ocr_par' dir='ltr' id='par_1_114' title="bbox 1850 5248 3417 5319">
     <span class='ocr_line' id='line_1_114' title="bbox 1850 5248 3417 5319; baseline -0.005 -10"><span class='ocrx_word' id='word_1_854' title='bbox 1850 5270 1978 5310; x_wconf 88' lang='lat' dir='ltr'><strong>vera</strong></span> <span class='ocrx_word' id='word_1_855' title='bbox 2011 5264 2065 5308; x_wconf 86' lang='lat' dir='ltr'><strong>et</strong></span> <span class='ocrx_word' id='word_1_856' title='bbox 2094 5253 2184 5308; x_wconf 87' lang='lat' dir='ltr'><strong>hic</strong></span> <span class='ocrx_word' id='word_1_857' title='bbox 2213 5262 2330 5308; x_wconf 89' lang='lat' dir='ltr'><strong>erat</strong></span> <span class='ocrx_word' id='word_1_858' title='bbox 2355 5251 2716 5318; x_wconf 88' lang='lat' dir='ltr'><strong>cherubicus;</strong></span> <span class='ocrx_word' id='word_1_859' title='bbox 2747 5251 2981 5307; x_wconf 87' lang='lat' dir='ltr'><strong>thronus</strong></span> <span class='ocrx_word' id='word_1_860' title='bbox 3009 5251 3241 5319; x_wconf 85' lang='lat' dir='ltr'><strong>regalis;</strong></span> <span class='ocrx_word' id='word_1_861' title='bbox 3277 5248 3417 5302; x_wconf 87' lang='lat' dir='ltr'><strong>San-</strong></span> 
     </span>
    </p>
   </div>
   <div class='ocr_carea' id='block_1_115' title="bbox 1851 5343 3421 5414">
    <p class='ocr_par' dir='ltr' id='par_1_115' title="bbox 1851 5343 3421 5414">
     <span class='ocr_line' id='line_1_115' title="bbox 1851 5343 3421 5414; baseline -0.006 -11"><span class='ocrx_word' id='word_1_862' title='bbox 1851 5359 1972 5404; x_wconf 91' lang='lat' dir='ltr'><strong>ctus</strong></span> <span class='ocrx_word' id='word_1_863' title='bbox 1998 5356 2345 5413; x_wconf 86' lang='lat' dir='ltr'><strong>sanctorum;</strong></span> <span class='ocrx_word' id='word_1_864' title='bbox 2378 5347 2529 5401; x_wconf 90' lang='lat' dir='ltr'><strong>solus</strong></span> <span class='ocrx_word' id='word_1_865' title='bbox 2550 5360 2711 5414; x_wconf 75' lang='lat' dir='ltr'><strong>super</strong></span> <span class='ocrx_word' id='word_1_866' title='bbox 2736 5355 2934 5399; x_wconf 88' lang='lat' dir='ltr'><strong>terram</strong></span> <span class='ocrx_word' id='word_1_867' title='bbox 2965 5343 3270 5414; x_wconf 82' lang='lat' dir='ltr'><strong>gloriosus;</strong></span> <span class='ocrx_word' id='word_1_868' title='bbox 3300 5355 3421 5394; x_wconf 61' lang='lat' dir='ltr'><strong>sano</strong></span> 
     </span>
    </p>
   </div>
   <div class='ocr_carea' id='block_1_116' title="bbox 1850 5434 3415 5508">
    <p class='ocr_par' dir='ltr' id='par_1_116' title="bbox 1850 5434 3415 5508">
     <span class='ocr_line' id='line_1_116' title="bbox 1850 5434 3415 5508; baseline -0.008 -12"><span class='ocrx_word' id='word_1_869' title='bbox 1850 5441 1954 5497; x_wconf 86' lang='lat' dir='ltr'><strong>etis</strong></span> <span class='ocrx_word' id='word_1_870' title='bbox 1982 5441 2250 5505; x_wconf 88' lang='lat' dir='ltr'><strong>sanctior;</strong></span> <span class='ocrx_word' id='word_1_871' title='bbox 2282 5440 2336 5493; x_wconf 90' lang='lat' dir='ltr'><strong>iu</strong></span> <span class='ocrx_word' id='word_1_872' title='bbox 2358 5454 2466 5508; x_wconf 89' lang='lat' dir='ltr'><strong>quo</strong></span> <span class='ocrx_word' id='word_1_873' title='bbox 2490 5439 2756 5508; x_wconf 84' lang='lat' dir='ltr'><strong>requievit</strong></span> <span class='ocrx_word' id='word_1_874' title='bbox 2776 5435 3024 5491; x_wconf 81' lang='lat' dir='ltr'><strong>Christus</strong></span> <span class='ocrx_word' id='word_1_875' title='bbox 3049 5434 3187 5488; x_wconf 84' lang='lat' dir='ltr'><strong>Deus</strong></span> <span class='ocrx_word' id='word_1_876' title='bbox 3212 5443 3415 5486; x_wconf 89' lang='lat' dir='ltr'><strong>noster.</strong></span> 
     </span>
    </p>
   </div>
   <div class='ocr_carea' id='block_1_117' title="bbox 1852 5526 3417 5605">
    <p class='ocr_par' dir='ltr' id='par_1_117' title="bbox 1852 5526 3417 5605">
     <span class='ocr_line' id='line_1_117' title="bbox 1852 5526 3417 5605; baseline -0.007 -16"><span class='ocrx_word' id='word_1_877' title='bbox 1852 5533 1954 5589; x_wconf 87' lang='lat' dir='ltr'><strong>Cui</strong></span> <span class='ocrx_word' id='word_1_878' title='bbox 1983 5533 2175 5605; x_wconf 86' lang='lat' dir='ltr'><strong>gloria,</strong></span> <span class='ocrx_word' id='word_1_879' title='bbox 2212 5533 2409 5600; x_wconf 83' lang='lat' dir='ltr'><strong>honor,</strong></span> <span class='ocrx_word' id='word_1_880' title='bbox 2435 5541 2489 5587; x_wconf 83' lang='lat' dir='ltr'><strong>et</strong></span> <span class='ocrx_word' id='word_1_881' title='bbox 2519 5532 2832 5602; x_wconf 85' lang='lat' dir='ltr'><strong>imperium,</strong></span> <span class='ocrx_word' id='word_1_882' title='bbox 2867 5545 2992 5584; x_wconf 85' lang='lat' dir='ltr'><strong>cum</strong></span> <span class='ocrx_word' id='word_1_883' title='bbox 3024 5526 3417 5582; x_wconf 87' lang='lat' dir='ltr'><strong>immaculatis-</strong></span> 
     </span>
    </p>
   </div>
   <div class='ocr_carea' id='block_1_118' title="bbox 238 5745 1740 5835">
    <p class='ocr_par' dir='ltr' id='par_1_118' title="bbox 238 5761 1716 5835">
     <span class='ocr_line' id='line_1_118' title="bbox 238 5761 1716 5835; baseline 0.003 -19"><span class='ocrx_word' id='word_1_884' title='bbox 238 5761 293 5796; x_wconf 69' lang='grc' dir='ltr'>’θ</span> <span class='ocrx_word' id='word_1_885' title='bbox 331 5761 477 5824; x_wconf 87' lang='lat' dir='ltr'><strong>Psal.</strong></span> <span class='ocrx_word' id='word_1_886' title='bbox 507 5781 649 5834; x_wconf 81' lang='lat' dir='ltr'><strong>thv,</strong></span> <span class='ocrx_word' id='word_1_887' title='bbox 674 5766 762 5835; x_wconf 75' lang='lat' dir='ltr'><strong>ll,</strong></span> <span class='ocrx_word' id='word_1_888' title='bbox 795 5765 882 5820; x_wconf 72' lang='grc'><strong>12.</strong></span> <span class='ocrx_word' id='word_1_889' title='bbox 958 5766 1003 5800; x_wconf 67' lang='lat'><strong>9‘</strong></span> <span class='ocrx_word' id='word_1_890' title='bbox 1040 5763 1172 5824; x_wconf 86' lang='lat' dir='ltr'><strong>Luc.</strong></span> <span class='ocrx_word' id='word_1_891' title='bbox 1210 5781 1284 5831; x_wconf 88' lang='grc' dir='ltr'><strong>ιι,</strong></span> <span class='ocrx_word' id='word_1_892' title='bbox 1320 5766 1390 5835; x_wconf 70' lang='grc'>4,</span> <span class='ocrx_word' id='word_1_893' title='bbox 1417 5764 1485 5833; x_wconf 90' lang='grc'>6,</span> <span class='ocrx_word' id='word_1_894' title='bbox 1521 5765 1571 5820; x_wconf 86' lang='grc'>7.</span> <span class='ocrx_word' id='word_1_895' title='bbox 1671 5763 1716 5796; x_wconf 82' lang='lat'><strong>&quot;</strong></span> 
     </span>
    </p>
   </div>
   <div class='ocr_carea' id='block_1_119' title="bbox 1845 5745 3416 5835">
    <p class='ocr_par' dir='ltr' id='par_1_119' title="bbox 1845 5745 3416 5831">
     <span class='ocr_line' id='line_1_119' title="bbox 1845 5745 3416 5831; baseline -0.011 -14"><span class='ocrx_word' id='word_1_896' title='bbox 1845 5761 1899 5817; x_wconf 82' lang='grc' dir='ltr'><strong>ιι.</strong></span> <span class='ocrx_word' id='word_1_897' title='bbox 1927 5775 2046 5831; x_wconf 84' lang='lat' dir='ltr'><strong>cut,</strong></span> <span class='ocrx_word' id='word_1_898' title='bbox 2071 5759 2128 5815; x_wconf 74' lang='lat'><strong>2.</strong></span> <span class='ocrx_word' id='word_1_899' title='bbox 2204 5760 2252 5792; x_wconf 80' lang='lat'>”</span> <span class='ocrx_word' id='word_1_900' title='bbox 2288 5757 2435 5815; x_wconf 85' lang='lat' dir='ltr'><strong>Psal.</strong></span> <span class='ocrx_word' id='word_1_901' title='bbox 2463 5773 2634 5823; x_wconf 79' lang='lat' dir='ltr'><strong>Lxxn,</strong></span> <span class='ocrx_word' id='word_1_902' title='bbox 2664 5756 2741 5824; x_wconf 73' lang='lat'><strong>2;</strong></span> <span class='ocrx_word' id='word_1_903' title='bbox 2781 5752 2919 5810; x_wconf 89' lang='lat' dir='ltr'><strong>Dan.</strong></span> <span class='ocrx_word' id='word_1_904' title='bbox 2949 5768 3034 5808; x_wconf 89' lang='grc' dir='ltr'>ιιι.</span> <span class='ocrx_word' id='word_1_905' title='bbox 3134 5750 3181 5784; x_wconf 72' lang='grc'><strong><em>⁸³</em></strong></span> <span class='ocrx_word' id='word_1_906' title='bbox 3213 5747 3260 5806; x_wconf 82' lang='lat' dir='ltr'><strong>ll</strong></span> <span class='ocrx_word' id='word_1_907' title='bbox 3288 5745 3416 5803; x_wconf 86' lang='lat' dir='ltr'><strong>Cor.</strong></span> 
     </span>
    </p>
   </div>
   <div class='ocr_carea' id='block_1_120' title="bbox 158 5836 377 5902">
    <p class='ocr_par' dir='ltr' id='par_1_120' title="bbox 158 5836 377 5902">
     <span class='ocr_line' id='line_1_120' title="bbox 158 5836 377 5902; baseline -0.005 -11"><span class='ocrx_word' id='word_1_908' title='bbox 158 5850 291 5902; x_wconf 71' lang='lat' dir='ltr'><strong>Vm,</strong></span> <span class='ocrx_word' id='word_1_909' title='bbox 321 5836 377 5890; x_wconf 87' lang='lat'><strong>9.</strong></span> 
     </span>
    </p>
   </div>
  </div>
