3876 6526
151 333 286 388 1157

1055 319 1336 382 ιιυιιιιιιΑ
1377 315 1422 380 ιι
1456 322 1522 379 IN
1558 304 1980 378 ANNUNTIAT.
2018 321 2201 378 vine.
2238 320 2503 376 mum.

3237 317 3374 379 H58

144 451 334 520 αὐτὴν,
371 447 581 519 πρῶτον
639 446 718 507 τὸ,
749 443 943 513 Χαᾷδε,
969 442 1420 512 κεχαριτωμένη,
1448 443 1480 494 ό
1504 441 1714 508 Κύριος

1819 450 1878 490 ac
1902 433 2191 489 virtutibus
2218 433 2508 488 viventem.
2545 430 2610 486 Et
2635 430 2701 485 ad
2741 431 2909 502 ipsam
2949 429 3203 497 veniens,
3262 435 3375 501 pri-

142 543 294 610 μετὰ
323 540 458 606 σοῦ,
476 540 611 610 αὐτῇ
650 537 1054 606 εὐαγγελίζεται
1083 536 1272 600 οὕτως·
1295 534 1488 602 Χαῖρε,
1531 549 1704 601 κεχα-

139 631 453 702 ριτωμένη.
489 632 561 684 Σὺ
611 630 720 703 γὰρ
762 630 831 683 τά
884 631 982 702 τῆς
1024 630 1190 694 ὅντως
1231 630 1404 701 χαρᾶς
1453 628 1707 699 πράττεις

146 725 305 787 ἄξια·
351 722 536 793 ἐπειδὴ
573 724 634 776 σὺ
679 722 768 776 τὸν
801 720 1023 777 ἄσπιλον
1056 722 1257 793 χιτῶνα
1288 721 1580 787 ὲνδέδυσαι,
1616 721 1710 775 καὶ

145 817 242 886 τὴν
276 815 450 887 ζώνην
477 816 570 886 τῆς
595 815 944 887 σωφροσύνης
973 816 1299 887 περίκεισαι.
1328 813 1707 883 Χαῖρε,κεχα-

139 905 452 976 μτωμένη,
490 906 691 976 δοχεῖον
735 906 832 977 τῆς
862 905 1180 977 ἐπουρανίου
1214 905 1546 978 εὐφροσύνης
1577 923 1709 974 τυγ-

147 1000 402 1070 χάνουσα.
441 999 635 1067 Χαῖρε,
662 997 1214 1068 κεχαριτωμένη·διά
1247 998 1340 1052 σοῦ
1369 998 1475 1070 γὰρ
1510 1000 1542 1068 ἡ
1571 999 1711 1070 χαρὰ

147 1091 293 1162 πάσῃ
327 1094 394 1162 τῇ
421 1092 592 1144 κτίσει
623 1091 963 1162 βραϐεύεται,
999 1092 1094 1144 καὶ
1124 1091 1184 1144 τὸ
1205 1092 1358 1160 γένος
1385 1088 1491 1145 τῶν
1513 1091 1713 1164 ἀνθρώ-

147 1201 263 1237 πων
295 1183 666 1250 ἀπολαμϐάνει
697 1183 757 1236 τὸ
799 1184 1023 1255 ἀρχαῖον
1058 1183 1290 1254 ἀξίωμα.
1325 1183 1518 1252 Χαῖρε,
1538 1199 1712 1253 κεχα-

139 1277 454 1346 ριτωμένηο
491 1277 570 1330 ὅτι
599 1278 656 1329 ὲν
687 1279 803 1340 ταῖς
836 1277 1101 1344 ἀγκάλαις
1139 1293 1229 1328 σου
1293 1279 1320 1329 ὁ
1353 1276 1576 1346 κτίστης
1605 1275 1709 1330 τῶν

147 1370 401 1425 ἁπάντων
447 1371 627 1442 μέλλει
672 1369 1049 1442 βαστάσεσθαι.
1104 1371 1166 1424 Ἥ
1210 1370 1266 1424 δὲ
1309 1371 1400 1424 ἐπὶ
1449 1371 1526 1443 τῷ
1568 1370 1711 1442 λόγῳ

146 1461 315 1532 τούτῳ
363 1462 704 1534 διεταράχθη·
750 1463 922 1534 ἀήθης
953 1463 1061 1534 γὰρ
1107 1464 1241 1535 πρὸς
1269 1464 1446 1528 πάσας
1470 1464 1568 1529 τὰς
1599 1466 1712 1519 δια-

145 1552 317 1618 λέξεις
365 1554 471 1607 τῶν
519 1555 820 1627 ἀνθρώπων
869 1555 1182 1626 ὲτύγχανεν’
1215 1558 1308 1610 καὶ
1331 1558 1428 1629 τὴν
1461 1559 1708 1629 ἡσυχίαν,

145 1640 218 1706 ὡς
254 1645 465 1717 μητέρα
497 1645 848 1716 σωφροσύνης
885 1646 978 1698 κα)⁸
1021 1646 1258 1714 ἁγνείας,
1294 1648 1588 1719 ἠσπάζετο,
1617 1665 1709 1704 κα-

148 1734 308 1805 θαρὸν
366 1735 719 1808 ὑπάρχουσα,
769 1737 862 1792 καὶ
919 1739 1171 1810 ἀκέραιον
1199 1781 1214 1806 ,
1264 1743 1356 1794 καὶ
1416 1743 1710 1813 ἀμόλυντον

1807 541 1956 580 mum
1979 525 2130 588 illud,
2160 524 2285 591 Ave,
2315 525 2486 594 gratia
2519 523 2693 593 plena,
2726 521 2977 576 Dominus
3009 532 3172 576 tecum
3198 524 3238 586 ⁸,
3272 523 3376 592 ipsi

1807 617 1888 671 sic
1923 617 2208 671 annuntiat
2238 635 2251 670 :
2288 619 2412 680 Ave,
2441 614 2614 685 gratia
2642 614 2814 682 plena.
2842 612 2922 667 Tu
2947 613 3090 668 enim
3123 628 3244 683 qua:
3288 629 3375 667 re-

1804 725 1932 764 vera
1960 709 2154 780 gaudio
2211 719 2335 764 sunt
2371 709 2531 777 digna
2582 707 2696 776 agis
2726 725 2739 761 :
2778 705 3035 776 quoniam
3069 705 3380 760 immacula-

1805 809 1917 854 tam
1945 801 2131 855 induta
2178 815 2236 854 es
2278 809 2516 863 vestem,
2566 810 2618 852 et
2657 797 2874 868 cingulo
2919 798 3264 852 continentiae
3314 811 3378 851 ac

1809 891 2082 961 pudicitia
2105 890 2283 945 cincta
2318 906 2394 946 es.
2436 891 2560 958 Ave,
2598 891 2772 960 gratia
2820 889 2994 957 plena,
3046 905 3166 958 quae
3197 906 3381 958 super-

1810 986 2046 1040 caalestis
2079 985 2274 1040 latitia:
2325 1000 2420 1039 vas
2476 1001 2535 1039 es
2576 993 2737 1054 atque
2785 983 3202 1053 receptaculum.
3253 983 3381 1049 Ave,

1809 1079 1984 1148 gratia
2024 1078 2176 1146 plena
2202 1097 2221 1131 .-
2250 1093 2372 1131 nam
2405 1092 2501 1146 per
2534 1085 2606 1142 te,
2638 1077 2892 1146 gaudium
2917 1075 3065 1129 omni
3100 1077 3380 1144 dispensa-

1812 1180 1900 1226 tur
1927 1181 2206 1234 creatura},
2249 1186 2525 1241 genusque
2564 1171 2863 1224 humanum
2895 1169 3182 1239 antiquam:
3209 1169 3382 1240 dignis

1813 1273 1976 1318 tatem
2009 1271 2311 1331 recuperat.
2341 1263 2464 1330 Ave,
2497 1264 2669 1332 gratia
2709 1262 2905 1332 plena:
2933 1263 3189 1331 quoniam
3226 1263 3279 1316 in
3305 1261 3383 1317 ul-

1810 1357 1896 1410 nis
1918 1355 2025 1410 tuis
2058 1356 2281 1409 Creator
2328 1354 2703 1408 universorum
2750 1355 3065 1424 gestabitur.
3104 1354 3218 1423 Ipsa
3252 1368 3382 1409 vero

1811 1447 1867 1501 in
1895 1447 1999 1503 hoc
2024 1447 2237 1501 turbata
2260 1459 2345 1500 est
2371 1446 2536 1498 verbo
2569 1463 2580 1498 :
2615 1462 2736 1499 nam
2762 1446 2828 1498 ad
2856 1461 3217 1515 quoscunque
3242 1446 3383 1501 viro-

1811 1555 1932 1594 rum
1957 1538 2150 1593 atratus
2211 1547 2328 1592 erat
2354 1538 2567 1594 insolita
2590 1581 2604 1604 ,
2641 1547 2694 1591 et
2727 1537 2961 1606 quietem
3014 1546 3174 1606 atque
3218 1537 3383 1592 silen—

1813 1631 1948 1686 tium
1977 1641 2036 1684 ut
2065 1630 2409 1684 continentia:
2435 1645 2498 1683 ae
2523 1630 2787 1684 castitatis
2832 1639 3057 1683 matrem
3103 1629 3384 1698 amplecte‘

1813 1724 1975 1778 batur
2001 1741 2014 1790 ;
2043 1737 2275 1792 cumque
2297 1721 2548 1791 puritatis
2577 1731 2740 1791 atque
2775 1719 3096 1790 integritatis
3121 1721 3384 1774 immacu-

148 1825 368 1897 ἄγαλμα
387 1870 402 1893 ,
430 1828 566 1899 αὕτη
595 1830 692 1901 τὴν
713 1830 1006 1902 ἀγγελικὴν
1030 1831 1148 1902 ὄψιν
1176 1833 1273 1886 ούκ
1299 1833 1608 1900 ὲδειλίασεν,
1633 1835 1708 1901 ὡς

1819 1819 1979 1872 latum
2011 1816 2360 1870 simulacrum
2390 1827 2551 1877 esset,
2583 1824 2858 1883 aspectum
2892 1813 3006 1882 ipsa
3050 1811 3380 1882 angelicum,

148 1918 194 1968 οἱ
229 1917 477 1984 πλείονες
671 1920 878 1994 πολλοὶ]
903 1922 1011 1978 τῶν
1054 1917 1364 1995 προφητῶν·
1403 1927 1589 1998 ἐπειδὴ
1620 1929 1712 1983 καὶ

150 2008 415 2082 παρθενία
465 2010 665 2084 ἀληθὴς
703 2013 836 2085 πρὸς
887 2014 1148 2084 ἀγγέλους
1194 2017 1480 2086 συγγένεια
1516 2023 1714 2092 τυγχά-

149 2117 257 2166 νει,
297 2104 396 2156 καὶ
431 2105 718 2176 ίσομοιρία.
775 2107 1076 2179 Ἐπιμελῶς
1113 2108 1219 2179 γὰρ
1257 2112 1290 2181 ὴ
1336 2111 1466 2180 ἁγία
1505 2113 1714 2183 Παρθέ-

151 2209 235 2255 νος
283 2195 388 2266 τὴν
425 2195 678 2267 λαμπάδα
735 2197 833 2270 τῆς
880 2200 1176 2272 παρθενίας
1213 2201 1580 2271 φυλάττουσα,
1621 2208 1715 2260 καὶ

152 2284 350 2357 πολλὴν
394 2287 486 2340 τοῦ
534 2289 607 2361 μὴ
659 2289 982 2361 σϐεσθῆναι,
1021 2293 1431 2367 ἦσπιλωθῆναι,
1466 2298 1715 2369 πρόνοιαν

152 2377 281 2448 εἶχε.
312 2378 427 2434 Καὶ
453 2381 701 2454 καθάπερ
737 2383 802 2437 ἄν
836 2402 919 2448 τις
963 2385 1217 2458 λαμπρὰν
1259 2388 1449 2460 στολὴν
1501 2390 1717 2461 περιϐε-

155 2469 439 2541 ϐλημένος,
484 2472 648 2526 πολὺν
690 2478 918 2528 ποιεῖται
966 2475 1140 2546 λόγον,
1187 2479 1259 2550 μή
1301 2497 1384 2543 τις
1425 2480 1714 2552 μολυσμὸς,

153 2561 185 2633 ἢ
225 2562 399 2634 ῥύπος
435 2564 593 2617 πόθεν
628 2568 989 2639 προσγένηται
1016 2586 1030 2600 ⁸
1064 2570 1234 2635 οὕτως
1271 2573 1304 2643 ή
1352 2573 1482 2641 ἁγία
1531 2575 1720 2647 Μαρία

155 2655 209 2707 ὲν
231 2654 402 2726 ἑαυτῇ
429 2656 709 2724 διενοεῖτο,
744 2659 838 2712 καὶ
878 2660 1060 2730 ἔλεγεν
1081 2678 1094 2692 ο
1122 2665 1211 2735 Μή
1249 2678 1368 2717 τινα
1408 2661 1516 2740 ἆρα
1547 2683 1718 2720 κατα-

156 2747 352 2818 σκευὴν
435 2749 466 2820 ἦ
517 2749 753 2804 θωπείαν
797 2754 832 2823 ἡ
879 2752 1137 2825 θεραπεία
1183 2755 1484 2828 κέκτηται;
1530 2759 1622 2831 Μὴ
1662 2757 1721 2812 τὸ

155 2839 314 2908 χαῖρε
337 2840 501 2895 τοῦτο
527 2841 699 2914 λύπης
723 2844 890 2898 αἴτιον
913 2863 999 2916 μοι
1022 2848 1324 2918 γενήσεται,
1344 2849 1524 2914 καθὼς
1555 2850 1721 2906 πάλαι

155 2933 217 3000 τῇ
269 2931 579 3003 προμήτορι
602 2931 715 3004 Εὖᾳ
737 2935 769 3004 ἡ
803 2933 1178 3006 ὀφεοδαίμονος
1199 2937 1524 3009 συνέργητος
1547 2957 1723 3012 παρα-

155 3017 276 3093 δοχη
307 3023 412 3093 τῆς
435 3024 793 3094 χρηστολόγου
824 3025 1164 3098 ὑποσχέσεως
1188 3029 1287 3100 τῆς
1315 3030 1589 3100 θεώσεως;
1631 3035 1722 3107 Μὴ

1814 1910 1953 1964 sicut
1980 1908 2162 1977 plures
2186 1921 2252 1960 ex
2276 1904 2554 1975 prophetis
2621 1920 2728 1957 non
2783 1902 3196 1969 reformidavit;
3249 1916 3386 1970 quo-

1814 2003 1958 2056 niam
1989 2010 2043 2056 et
2075 2000 2386 2054 aliinitatcm
2416 1998 2704 2068 quamdam
2731 2013 2795 2052 ac
2821 1996 3232 2051 similitudinem
3255 2008 3384 2049 vera

1814 2095 2093 2165 virginitas
2125 2109 2247 2148 cum
2273 2092 2476 2162 angelis
2504 2091 2684 2146 habet.
2733 2089 2985 2144 Studiose
3022 2089 3218 2158 quippe
3262 2101 3388 2141 san-

1816 2187 2056 2242 ctissima
2123 2185 2288 2256 Virgo
2355 2183 2656 2253 lampadem
2703 2181 3030 2253 virginitatis
3087 2195 3384 2236 conserva-

1815 2279 1928 2345 bat,
1981 2288 2034 2333 et
2094 2291 2162 2330 ne
2232 2274 2665 2344 exstingueretur
2723 2280 2817 2326 aut
2862 2271 3384 2336 commacularetur,

1816 2371 2037 2443 provide
2099 2370 2488 2438 diligenterque
2546 2365 2790 2420 curabat.
2853 2363 2916 2418 Et
2979 2363 3121 2418 sicut
3184 2363 3387 2432 aliquis

1818 2461 2094 2532 splendido
2165 2458 2396 2514 amictus
2459 2456 2824 2519 vestimento,
2889 2468 3141 2526 magnam
3211 2453 3383 2507 ratio-

1818 2570 1942 2610 nem
2007 2568 2071 2608 ac
2133 2566 2319 2608 curam
2386 2551 2642 2617 adhibet,
2705 2563 2773 2603 ne
2837 2563 2944 2618 qua
3012 2545 3388 2616 inquinatioue

1820 2661 1884 2701 ac
1933 2645 2092 2700 sorde
2134 2644 2576 2708 contaminetur;
2638 2641 2714 2696 ita
2773 2654 2991 2710 quoque
3040 2637 3386 2694 sanctissima

1821 2738 1987 2794 Maria
2019 2740 2164 2794 intra
2211 2753 2269 2794 se
2309 2737 2582 2806 c0gitabat
2642 2744 2803 2804 atque
2845 2733 3058 2788 dicebat
3088 2749 3101 2786 :
3131 2730 3389 2802 Nunquid

1823 2829 1961 2884 forte
1990 2829 2284 2884 artiticium
2314 2826 2532 2895 aliquod
2561 2840 2623 2880 ac
2647 2823 2915 2890 fraudem,
2952 2821 3035 2876 vel
3058 2821 3385 2877 assentatio-

1822 2940 1946 2979 nem
1979 2925 2080 2978 iste
2114 2922 2403 2978 ministerii
2433 2933 2594 2990 atque
2622 2917 2870 2987 obsequii
2898 2926 3052 2971 actus
3081 2916 3134 2969 in
3164 2928 3223 2968 se
3251 2930 3385 2970 con-

1825 3018 1994 3073 tinet?
2019 3015 2274 3088 Nunquid
2321 3031 2412 3070 ave
2451 3015 2592 3070 istud
2641 3017 2845 3072 doloris
2873 3015 3006 3070 mihi
3047 3031 3211 3071 causa
3252 3016 3385 3081 erit,

157 3112 310 3168 πάλιν
333 3117 427 3180 εἰς
452 3114 708 3184 ἄγγελον
734 3116 926 3185 φωτὸς
957 3125 1538 3191 μετασχηματισθεὶς
1570 3127 1597 3178 ὁ
1619 3127 1718 3199 ἁρ-

1824 3110 1968 3166 sicut
2018 3110 2146 3164 olim
2194 3108 2382 3179 primae
2441 3109 2600 3162 matri
2645 3107 2802 3172 Evze,
2848 3109 3043 3163 blanda
3097 3109 3391 3164 divinitatis

155 3206 387 3274 χέκακος
417 3208 642 3279 δαίμων,
685 3210 779 3264 καὶ
817 3210 894 3281 τῷ
935 3213 1050 3284 ἐμῷ
1091 3216 1349 3285 μνήστορι
1377 3216 1584 3286 φθονῶν
1624 3220 1722 3290 τῆς

157 3298 286 3366 ἄγαν
317 3300 706 3373 σωφροσύνης,
751 3304 844 3356 καὶ
870 3305 1045 3375 τούτῳ
1078 3306 1361 3378 προϐαλὼν
1401 3309 1466 3362 δι’
1508 3311 1722 3381 ὁμιλίας

156 3387 288 3456 τάχα
315 3390 561 3460 χρηστῆς
580 3431 593 3455 ,
625 3391 719 3444 καὶ
746 3392 820 3463 μὴ
849 3393 1072 3463 ἰσχύσας
1105 3396 1179 3460 ὠς
1207 3397 1430 3470 στερρὸν
1459 3401 1602 3468 νοῦν,
1633 3403 1721 3456 τὸν

156 3477 316 3551 ἄνδρα
343 3481 650 3552 ἀπατῆσαι,
682 3484 804 3554 ἐμοὶ⁹
847 3485 1148 3556 προσῆλθεν
1179 3489 1253 3552 ῶς
1282 3491 1606 3565 ἁπαλωτέρᾳ
1629 3511 1722 3546 κε-

159 3587 328 3644 κοσμη
341 3572 478 3644 μένῃ
511 3578 577 3646 τῇ
610 3574 813 3648 διανοίᾳ
834 3617 848 3641 ,
877 3580 970 3632 καὶ
1001 3580 1062 3632 τὸ
1088 3581 1257 3649 χαῖρε
1277 3584 1537 3652 ἐπιφωνεῖ
1571 3586 1630 3638 τὸ
1667 3588 1724 3650 ἐς

159 3664 383 3738 ὕστερον
405 3667 567 3738 ἄχαρι
588 3685 602 3732 ;
642 3669 734 3739 Μὴ
758 3671 864 3742 ἄρα
887 3674 914 3724 ὁ
948 3674 1293 3744 μακαρισμὸς
1322 3676 1415 3728 καὶ
1438 3677 1723 3747 ἀσπασμὸς

158 3760 212 3810 ὲν
237 3760 493 3830 εἰρωνείᾳ
525 3760 749 3830 γέγονε;
779 3765 870 3834 Μή
898 3782 980 3828 τις
1017 3767 1091 3830 ἰὸς
1135 3769 1191 3820 ἐν
1220 3767 1296 3838 τῷ
1327 3768 1502 3839 μέλιτι
1529 3771 1726 3843 κέκρυ-

159 3865 316 3916 πται;
347 3850 440 3922 Μὴ
471 3851 625 3919 λόγος
658 3853 753 3923 μὲν
783 3856 1286 3928 εὐαγγελιζομένου,
1319 3859 1516 3923 σκοπὸς
1547 3861 1604 3912 δὲ
1631 3878 1724 3914 συ-

158 3939 399 4007 λοῦντος;
439 3945 538 3996 Ἦν
563 3943 670 4013 γὰρ
696 3946 795 3998 οὐκ
823 3942 960 4000 οἶδεν
994 3948 1173 4012 αὐτὸς,
1203 3950 1364 4004 πόθεν
1391 3951 1720 4019 άσπάσεται;

160 4032 336 4086 Ταῦτα
369 4035 428 4086 ὲν
463 4035 626 4105 ἑαυτῇ
651 4035 933 4108 διηπόρει,
972 4040 1065 4092 καὶ
1103 4040 1302 4109 ἔλεγεν.
1337 4043 1469 4095 Τότε
1512 4045 1668 4098 πάλιν
1696 4048 1724 4098 ὁ

159 4124 496 4195 ἀρχάγγελος
524 4131 831 4197 προσφωνεῖ
853 4129 987 4200 αὐτῇ
1015 4133 1187 4202 χαρὰν
1217 4137 1326 4196 τοῖς
1356 4136 1488 4187 πᾶσι
1508 4136 1721 4208 πιστὴν,

161 4217 247 4268 καὶ
298 4217 643 4290 ἀδιαίρετον,
678 4223 1004 4292 προμηνύων
1052 4225 1145 4276 καὶ
1194 4225 1365 4294 λέγων
1408 4227 1576 4299 αὐτῇ·
1625 4229 1722 4298 Μὴ

160 4309 339 4374 φοϐοῦ
360 4349 376 4372 ,
409 4311 642 4380 Μαριὰμ
672 4311 792 4383 [ἄλ.
831 4315 1004 4384 χαρὰν
1037 4317 1358 4388 ἀδιαίρετον,
1407 4321 1500 4373 καὶ
1541 4320 1719 4390 λέγει’

160 4403 248 4472 Μὴ
295 4403 509 4474 φοϐοῦ,
558 4403 849 4476 Magium],
889 4403 1060 4474 εὗρες
1095 4409 1205 4478 γὰρ
1243 4409 1418 4479 χάριν
1457 4416 1616 4481 παρὰ
1646 4415 1724 4481 τῷ

1823 3203 2132 3274 promissio,
2165 3217 2328 3272 quam
2353 3217 2417 3256 ex
2447 3201 2763 3256 daemoniaci
2788 3203 3052 3271 serpentis
3075 3203 3390 3271 operatione

1822 3296 2205 3366 susceperatﬂ?
2269 3293 2524 3364 Nunquid
2596 3309 2788 3349 rursus
2843 3296 2899 3348 in
2950 3293 3191 3364 angelum
3253 3291 3388 3348 lucis

1826 3385 2240 3456 transﬁguratus
2274 3384 2399 3437 mali
2432 3395 2616 3437 auctor
2647 3385 2857 3439 dazmon
2876 3385 2914 3450 ³,
2954 3392 3008 3438 et
3041 3400 3160 3439 meo
3189 3398 3392 3454 sponso

1821 3492 1978 3531 suam
2036 3476 2187 3530 valde
2232 3474 2544 3545 pudicitiam
2597 3476 2871 3542 invidens,
2914 3475 3218 3546 blandoque
3266 3492 3392 3531 eum

1823 3582 2072 3622 sermone
2124 3565 2353 3620 fortasse
2397 3582 2750 3636 oppugnans,
2795 3575 2848 3620 et
2893 3581 3000 3620 non
3061 3567 3244 3620 valens
3289 3565 3392 3619 viri

1825 3667 2063 3713 mentem
2100 3668 2358 3728 tanquam
2388 3658 2681 3712 ﬁrmiorem
2712 3658 2981 3727 decipere,
3014 3659 3079 3713 ad
3120 3672 3206 3712 me
3235 3659 3393 3729 quasi

1825 3751 2095 3805 teneriore
2127 3752 2437 3805 decoratam
2474 3760 2653 3803 mente
2695 3751 2956 3816 accessit;
2993 3760 3045 3804 et
3075 3750 3218 3805 istud
3254 3751 3389 3804 mihi

1822 3855 1912 3894 ave
1961 3843 2305 3898 invenustum
2331 3843 2383 3896 in
2412 3853 2690 3912 posterum
2725 3843 2990 3897 intonuit?
3013 3841 3265 3911 Nunquid
3297 3858 3394 3911 per

1824 3933 2056 3988 ireniam
2104 3934 2429 3988 beatiﬁcatio
2461 3943 2621 4003 atque
2655 3933 2909 3987 salutatio
2966 3933 3058 3986 illa
3095 3932 3235 3986 facta
3269 3933 3395 3988 est?

1822 4026 2076 4096 Nunquid
2115 4041 2382 4081 venenum
2417 4027 2518 4080 sub
2545 4025 2703 4079 melle
2735 4026 3104 4079 occultatum?
3135 4025 3390 4097 Nunquid

1827 4121 1990 4175 verba
2025 4120 2241 4189 quidem
2277 4119 2454 4174 fausta
2488 4120 2824 4185 nuntiantis;
2859 4127 2914 4172 at
2946 4135 3143 4189 scopus
3173 4128 3256 4175 est
3295 4121 3390 4174 de-

1825 4213 2155 4284 praedanus?
2201 4210 2486 4277 Quomodo
2532 4213 2674 4265 enim
2710 4227 2873 4282 quam
2919 4227 3026 4266 non
3077 4212 3226 4266 novit
3278 4211 3393 4282 ipse

1825 4305 2059 4359 salutat?
2112 4302 2234 4358 Ηωο
2281 4304 2420 4372 apud
2467 4318 2524 4357 se
2561 4302 2725 4358 dubia
2768 4302 3097 4374 cogitatione
3142 4304 3395 4358 versabat

1825 4405 1989 4465 atque
2015 4395 2245 4450 dicebat.
2279 4396 2429 4449 ’l'unc
2458 4410 2650 4449 rursus
2678 4395 2934 4465 gaudium
2967 4395 3178 4450 cunctis
3215 4395 3392 4448 credi-

161 4494 295 4561 Θεῷ.
325 4497 510 4566 Ἔχεις
542 4495 800 4566 σύντομον
836 4498 933 4568 τὴν
978 4499 1084 4552 τῶν
1129 4501 1398 4573 ῥηθέντων
1425 4505 1714 4572 ἀπόδειξιν.

1826 4487 1931 4542 bile
1961 4498 2124 4557 atque
2170 4487 2521 4542 indubitabile
2553 4489 2911 4559 archangelus
2939 4489 3039 4558 ipsi
3070 4490 3390 4556 annuntiat,

160 4587 228 4638 υύ
258 4587 420 4655 μόνον
451 4589 557 4660 γάρ
584 4604 698 4655 σοι,
732 4588 793 4640 τὸ
825 4589 994 4660 μηθὲν
1019 4590 1321 4659 φοϐεῖσθαι,
1345 4593 1478 4648 ἀλλὰ
1502 4596 1595 4649 καὶ
1621 4597 1719 4668 τῆς

160 4679 512 4748 ἀφοϐίαςτὺν
549 4681 746 4750 τρόπον
785 4681 1107 4752 αἰνίττομαι.
1142 4684 1218 4734 Δι’
1248 4683 1379 4754 ἐμοῦ
1416 4686 1524 4757 γάρ
1553 4690 1721 4742 πᾶσαι

161 4769 212 4818 αἰ
247 4768 496 4840 οὐράνιαι
523 4769 776 4839 δυνάμεις
796 4809 810 4832 ,
838 4770 896 4821 σὲ
924 4770 1020 4840 τὴν
1055 4771 1212 4837 ἁγίαν
1239 4773 1510 4844 Παρθένον
1543 4777 1692 4831 ὰσπά
1716 4809 1721 4813 -

163 4859 335 4922 ζονται
360 4879 374 4891 ο
406 4860 564 4923 αὐτὸς
591 4861 646 4913 δὲ
683 4860 876 4931 μᾶλλον
906 4862 933 4912 ὁ
971 4861 1238 4930 κυριεύων
1273 4864 1459 4918 πασῶν
1499 4867 1604 4919 τῶν
1634 4869 1723 4920 ού·-

166 4952 354 5020 ρανίων
381 4951 682 5022 δυνάμεων,
724 4952 830 5005 ἀπὸ
873 4953 1052 5023 πάσης
1090 4953 1183 5023 τῆς
1217 4953 1470 5020 κτίσεως,
1529 4958 1586 5010 σὲ
1619 4960 1717 5029 τὴν

161 5040 317 5109 ἁγίαν
342 5043 437 5094 καὶ
462 5039 795 5112 παγκόσμιον
817 5041 1126 5095 ἐκλέλεκται
1146 5059 1158 5072 °
1187 5045 1279 5096 καὶ
1301 5044 1386 5097 διὰ
1434 5048 1532 5117 τῆς
1564 5049 1725 5117 ἁγίας

162 5134 251 5187 nl
271 5135 446 5204 ἁγνῆς
464 5173 479 5198 ς
509 5135 602 5188 καὶ
632 5133 872 5203 καθαρᾶς
893 5175 906 5197 ,
933 5135 1026 5188 καὶ
1049 5137 1310 5206 ἀμιάντου
1339 5155 1429 5190 σου
1457 5141 1690 5211 γαστρὸς
1707 5181 1724 5208 ,

159 5227 188 5278 ὁ
227 5225 549 5294 φωτιστικδς
593 5227 933 5298 μαργαρίτης
979 5226 1301 5298 προέρχεται
1341 5231 1418 5291 είς
1453 5233 1723 5300 σωτηρίαν

163 5319 340 5389 πάσης
377 5318 478 5389 τῆς
513 5319 864 5389 οἰκουμένης⁹
919 5317 1105 5389 ἐπειδὴ
1154 5321 1331 5390 πάσης
1382 5320 1726 5397 ἀνθρωπίνης

164 5408 373 5477 φύσεως
559 5411 843 5480 κτίσεως),
872 5412 965 5464 καὶ
1004 5410 1067 5462 σὺ
1106 5414 1137 5481 ἡ
1183 5413 1345 5479 ἁγία,
1380 5414 1724 5488 ἐνδοξοτέρα,

164 5497 251 5550 και
273 5499 653 5572 καθαρωτέρα,
687 5501 778 5554 καὶ
805 5499 1068 5569 ὁσιωτέρα
1106 5500 1426 5571 γεγέννησαι
1447 5521 1458 5532 ο
1493 5504 1730 5577 λαμπρο-

166 5588 323 5660 τέραν
359 5592 455 5660 μὲν
484 5592 622 5662 ὑπὲρ
661 5591 811 5662 χιόνα
845 5589 1038 5658 ἔχουσα
1083 5589 1177 5657 τὴν
1218 5589 1485 5655 διάνοιαν,
1530 5594 1729 5658 παντὸς

1065 5777 1086 5808 ³
1122 5775 1157 5830 ll
1191 5775 1311 5831 Cor.
1343 5790 1401 5843 ιι,
1438 5774 1518 5828 Η.

233 5774 250 5804 ¹
290 5771 422 5829 Luc.
453 5791 492 5844 ι,
518 5773 606 5829 28.
682 5776 702 5806 ³
737 5774 870 5831 Gen.
904 5791 986 5831 ιιι.

1826 4589 1880 4635 et
1920 4582 2051 4636 dicit
2081 4600 2092 4635 :
2129 4579 2209 4634 Ne
2243 4583 2426 4634 timeas
2450 4580 2548 4652 [ιιι.
2577 4582 2832 4652 gaudium
2866 4582 3191 4636 indivisibile
3224 4583 3270 4635 ei
3297 4598 3393 4634 an-

1825 4677 2059 4740 nuntiat,
2096 4690 2159 4729 ac
2186 4675 2315 4728 dicit
2366 4689 2381 4725 :
2445 4673 2526 4726 Ne
2574 4673 2800 4744 timeas],
2861 4673 3040 4727 Maria
3086 4691 3103 4728 :
3154 4675 3393 4728 invenisti

1825 4769 1962 4821 enim
1997 4769 2222 4838 gratiam
2250 4767 2389 4835 apud
2423 4767 2586 4819 Deum
2609 4766 2646 4819 ⁸.
2673 4766 2849 4821 llabes
2879 4768 3092 4821 brevem
3123 4765 3391 4821 dictorum

1827 4860 2365 4915 demonstrationem.
2396 4857 2510 4911 Non
2560 4860 2734 4912 solum
2767 4860 2910 4913 enim
2948 4859 3041 4913 tibi
3083 4861 3226 4928 quod
3258 4860 3390 4915 nihil

1828 4951 2129 5005 timendum
2157 4959 2259 5014 est,
2290 4950 2381 5004 sed
2413 4958 2465 5004 et
2491 4950 2700 5005 ﬁducia:
2729 4951 2991 5005 rationem
3020 4951 3204 5005 innuo.
3254 4950 3390 5006 Nam

1827 5051 2036 5098 cuncta:
2078 5058 2173 5112 per
2203 5058 2288 5097 me
2314 5042 2562 5097 caelestes
2594 5050 2885 5112 potestates
2919 5052 2970 5096 te
2997 5053 3236 5096 sanctam
3270 5041 3390 5096 Vir-

1833 5136 2014 5206 ginem
2059 5136 2296 5190 salutant
2335 5153 2350 5188 :
2393 5133 2523 5204 quin
2561 5142 2615 5187 et
2653 5134 2767 5203 ipse
2805 5134 3103 5188 caelestium
3146 5134 3389 5188 omnium

1833 5235 2159 5295 potestatum
2190 5227 2527 5292 dominator,
2569 5242 2635 5280 ex
2665 5227 2815 5280 omni
2849 5235 3128 5289 creatura,
3177 5234 3227 5283 te
3261 5241 3391 5279 san-

1824 5319 2122 5374 ctissimam
2160 5328 2213 5374 et
2249 5319 2652 5373 ornatissimam
2702 5320 2887 5390 elegit;
2926 5328 2979 5374 et
3008 5335 3102 5388 per
3142 5328 3390 5373 sanetum

1826 5429 1888 5468 ac
1911 5423 2356 5482 castum,purum
2383 5422 2546 5483 atque
2578 5412 2916 5481 impollutam
2943 5421 3184 5465 ventrem
3210 5419 3388 5475 tuum.

1828 5503 2186 5575 fulgidissima
2227 5504 2519 5576 margarita
2563 5504 2614 5558 in
2661 5505 2888 5558 salutem
2921 5503 3086 5557 totius
3120 5511 3389 5557 terrarum

1828 5595 1980 5650 orbis
2030 5597 2410 5667 progreditur;
2460 5597 2715 5669 quoniam
2760 5608 2812 5652 et
2860 5604 2914 5649 tu
2970 5604 3187 5661 sancta,
3240 5592 3391 5649 omni

1597 5772 1770 5828 ‘Luc.
1808 5789 1846 5840 ι,
1881 5773 1967 5829 50.
