3876 6512
474 297 610 356 1159
700 343 706 352 .

1105 293 1164 348 S.
1203 287 1530 348 GREGORII
1569 285 1931 345 THAUMAT.
1970 285 2122 342 OPP.
2163 284 2346 340 PARS
2378 279 2679 336 ALTERA.
2721 307 2792 318 —
2829 274 3060 331 DUBlA.

3571 274 3704 328 H60

473 420 710 475 humana
738 417 933 465 natura
965 406 1076 481 [αι.
1107 405 1395 477 creatura]
1427 404 1720 476 gloriosior
1753 419 1818 459 ac
1849 403 2038 474 purior

2147 400 2194 454 δὲ
2223 398 2441 470 χρυσίου
2466 391 2831 466 δοκιμωτέρου
2869 389 3282 460 κεκαθαρμένον
3307 387 3367 440 τὸ
3398 387 3590 458 σῶμα·
3618 402 3706 456 γα·

470 505 822 574 sanctiorque
850 501 1042 558 eﬁ‘ecta
1063 515 1240 567 es;ac
1268 499 1390 553 nive
1415 497 1636 567 quidem
1665 496 2036 552 candidiorcm

470 601 676 657 habens
727 604 1004 660 mentem,
1052 593 1247 663 quovis
1295 599 1474 645 autem
1523 605 1658 644 auro
1688 589 2038 659 quantumvis

469 693 695 765 probato
727 689 1074 762 purificatum
1125 685 1298 754 magis
1329 699 1564 753 corpus;
1593 691 1835 739 ventrem
1884 697 2036 748 vero,

471 786 685 856 qualem
719 781 968 836 Ezechiel
999 778 1166 843 vidit,
1214 785 1268 831 et
1299 778 1515 846 qualem
1563 775 1870 841 recensuit,
1909 774 2038 828 talia

471 880 701 933 dicens:
760 872 1065 928 Similitudo
1110 871 1420 924 animalium
1465 885 1620 939 super
1659 881 1850 936 caput,
1888 867 2040 936 quasi

472 969 945 1039 ﬁrmamentum,et
968 962 1117 1034 quasi
1138 970 1375 1031 aspectus
1395 959 1633 1030 crystalli
1659 957 2034 1028 formidabilis,

473 1069 522 1114 et
547 1057 838 1113 similitudo
868 1055 1042 1110 throni
1063 1095 1080 1118 ,
1112 1069 1268 1122 super
1295 1067 1377 1114 ea,
1398 1051 1552 1122 quasi
1575 1059 1812 1119 aspectus
1843 1049 2037 1119 lapidis

474 1151 748 1222 sapphiri;
782 1159 831 1202 et
858 1164 1014 1218 super
1046 1146 1310 1211 thronum,
1346 1157 1596 1215 tanquam
1627 1143 1919 1198 similitudo
1951 1143 2040 1195 lio-

477 1245 662 1307 minis,
687 1253 736 1296 et
766 1242 923 1313 quasi
956 1249 1194 1310 aspectus
1231 1237 1450 1300 electri;
1480 1245 1528 1289 et
1558 1235 1870 1288 intrinsecus
1901 1233 2036 1304 ejus,

475 1337 608 1390 velut
642 1345 879 1404 aspectus
912 1333 1078 1402 ignis,
1124 1347 1222 1400 per
1245 1328 1583 1382 circuitum".
1615 1325 1904 1394 Perspicue
1936 1324 2038 1395 igi-

477 1437 564 1482 tur
589 1426 848 1498 propheta
893 1433 1081 1478 natnm
1117 1439 1184 1478 ex
1235 1420 1578 1475 sanctissima
1613 1416 1862 1488 Virgine,
1895 1417 1949 1471 in
1985 1417 2042 1470 ii-

476 1534 608 1590 gura
640 1533 703 1572 ac
729 1517 919 1571 umbra
945 1514 1198 1570 cernebat
1222 1528 1236 1563 :
1262 1527 1421 1581 quem
1447 1520 1524 1574 tu,
1543 1519 1724 1564 sancta
1752 1507 1913 1578 Virgo
1941 1505 2037 1578 [alt

474 1613 628 1668 beata
658 1607 840 1680 Virgo]
872 1615 1090 1678 portare
1133 1621 1242 1659 non
1277 1618 1467 1675 posses
1490 1643 1504 1666 ,
1541 1601 1646 1657 nisi
1690 1602 1839 1657 omni
1871 1601 2039 1670 gloria

2138 493 2302 565 στέρα
2343 491 2434 554 δὲ,
2484 489 2598 542 οἵαν
2637 488 2666 539 ὁ
2705 484 2965 555 Ἰεζεκιὴλ
3007 482 3295 542 ἐθεάσατο,
3327 481 3420 534 καὶ
3458 480 3618 533 ποίαν
3655 480 3704 532 δὲ

2138 579 2417 650 ἱστόρησεν
2440 617 2455 640 ,
2505 574 2681 629 τοιάδε
2713 573 2915 640 λέγων’
2954 571 3232 640 Ὀμοίωμα
3263 569 3416 630 ζώων
3437 570 3587 638 ὑπὲρ
3617 587 3705 622 κε-

2137 669 2368 741 φαλῆς,
2402 668 2543 722 ὡσεὶ
2577 665 2900 735 στερέωμα,
2936 664 3032 718 καὶ
3059 664 3140 729 ὡς
3182 661 3391 730 ὅρασις
3413 661 3707 728 κρυστάλ-

2136 766 2249 817 λου
2287 760 2560 831 φοϐεροῦ,
2589 759 2685 812 καί
2735 758 2995 827 ὁμοίωμα
3027 755 3241 822 θρόνου
3268 754 3360 806 ἐπ’
3392 753 3613 816 αὐτῶν,
3632 755 3706 820 ὡς

2138 849 2350 918 ὅρασις
2374 851 2548 902 ,λίθου
2576 847 2912 915 Gange/pou
2932 861 2946 874 ·
2977 845 3071 897 καὶ
3103 842 3305 897 ἐπάνω
3337 843 3442 896 τοῦ
3471 845 3704 910 θρόνου,

2138 941 2217 1006 ὠς
2252 940 2510 1009 ὁμοίωμα
2539 936 2873 1005 ἀνθρώπου,
2908 936 3007 990 καί
3036 936 3115 1000 ὡς
3148 935 3355 1002 ὅρασις
3380 933 3669 1002 ἠλέκτρου
3690 952 3702 963 ·

2138 1031 2235 1084 καὶ
2260 1031 2484 1084 ἔσωθεν
2515 1029 2721 1094 αὑτοῦ,
2752 1029 2834 1094 ὠς
2859 1027 3066 1096 ὅρασις
3098 1024 3288 1094 πυρός
3307 1065 3322 1088 ,
3353 1026 3579 1091 κύκλῳ.
3612 1026 3706 1076 Σα-

2140 1122 2254 1193 φῶς
2284 1123 2340 1176 δὲ
2369 1122 2459 1175 τὸν
2493 1123 2557 1174 ὲκ
2587 1121 2685 1192 τῆς
2716 1119 2876 1188 ἁγίας
2911 1116 3186 1187 Παρθένου
3215 1115 3474 1187 τεχθέντα
3507 1118 3537 1168 ὁ
3579 1135 3705 1188 προ-

2141 1218 2314 1289 φήτης
2339 1213 2580 1278 τυπικῶς
2605 1214 2890 1268 ἐθεάσατο·
2923 1211 2981 1264 ὃν
3011 1211 3096 1276 σύ,
3127 1210 3259 1278 ἁγία
3297 1209 3548 1282 Παρθένε
3590 1210 3700 1282 [ἄλ.

2143 1309 2384 1382 μακαρία
2413 1305 2679 1378 Παρθένε]
2701 1345 2715 1370 ,
2756 1305 2940 1377 φέρειν
2967 1304 3066 1357 οὐκ
3101 1303 3314 1373 ἴσχυες,
3341 1304 3390 1354 εἰ
3427 1303 3504 1374 μὴ
3539 1305 3713 1372 πάσης

2139 1403 2295 1474 δόξης
2313 1443 2328 1466 ,
2351 1401 2444 1454 καὶ
2471 1399 2672 1472 ἀρετῆς
2704 1398 2845 1452 κατά
2873 1397 2965 1450 τὸν
2997 1397 3189 1469 χρόνον
3224 1397 3432 1450 ἐκεῖνον
3460 1394 3595 1466 [ἄλ.
3627 1395 3707 1448 τὸν

2143 1494 2330 1566 θρόνον
2362 1489 2594 1564 ἐκείνου]
2641 1490 3034 1562 ὲξήστραπτες.
3075 1489 3255 1551 Ποίοις
3294 1483 3386 1541 οὖν
3425 1487 3708 1558 ἐγκωμίων

2145 1589 2351 1658 ῥήμασι
2379 1585 2477 1655 τὴν
2523 1582 2857 1654 παρθενικὴν
2887 1580 3272 1652 διαγράφωμεν
3310 1579 3505 1644 ἀξίαν;
3541 1579 3708 1642 Ποίοις

474 1713 639 1773 atque
664 1671 984 1768 virtvut‘epro
1011 1709 1256 1768 tempore
1277 1671 1377 1751 illo
1408 1695 1702 1765 refulgeres
1720 1693 1818 1766 [αι.
1850 1701 2040 1749 contra

2147 1678 2377 1730 ἐπαίνων
2398 1675 2626 1746 νεύμασι
2659 1675 2754 1728 καὶ
2777 1672 3092 1744 κηρύγμασι
3116 1672 3207 1724 τὸν
3233 1671 3457 1725 ἄσπιλον
3487 1673 3710 1741 ἁνυμνή-

479 1796 676 1850 throno
712 1792 884 1862 ipsius
919 1787 1291 1860 coruscares].
1340 1788 1548 1854 Quibus
1581 1788 1744 1858 igitur
1768 1786 2044 1841 encomio-

476 1899 600 1940 rum
665 1880 843 1938 verbis
893 1879 1212 1950 dignitatem
1265 1878 1582 1947 virginalem
1628 1875 2045 1930 describamus?

475 1972 684 2041 Quibus
738 1969 959 2025 laudum
1015 1969 1506 2040 signiﬁcationibus
1555 1978 1719 2038 atque
1785 1967 2044 2038 praeconii

474 2061 878 2120 immaculatam
907 2061 1026 2132 ejus
1049 2061 1280 2116 formam
1308 2059 1684 2116 celebremus?
1706 2060 1906 2130 quibus
1935 2058 2046 2129 spi-

479 2157 725 2213 ritalibus
741 2155 969 2210 canticis
993 2162 1155 2224 atque
1170 2153 1572 2208 elocutionibus
1590 2152 2043 2223 gloriosissimam

480 2249 619 2306 inter
638 2249 858 2320 angelos
881 2247 1280 2317 glorilicemus?
1310 2246 1456 2311 "me,
1484 2248 1538 2300 in
1564 2248 1725 2302 domo
1753 2246 1845 2301 Dei
1871 2246 2044 2300 instar

478 2340 770 2396 fructiferae
799 2341 953 2395 oliva:
978 2340 1249 2409 plantata,
1284 2340 1370 2394 cui
1404 2338 1640 2409 Spiritus
1693 2348 1918 2392 sanctus
1955 2337 2049 2391 ob-

478 2436 779 2502 umbravit;
832 2449 928 2504 per
974 2448 1137 2502 quam
1187 2449 1285 2488 nos
1330 2433 1468 2487 filios
1507 2442 1560 2486 et
1605 2429 1842 2486 haeredes
1891 2429 2045 2500 regni

477 2527 681 2582 Christi
706 2527 936 2582 vocavit.
974 2523 1099 2580 Haec
1156 2539 1369 2593 semper
1398 2523 1587 2593 vigens
1623 2520 2046 2576 immortalitatis

480 2620 767 2690 paradisus
790 2660 806 2686 ,
852 2620 907 2674 iu
937 2634 1042 2690 qua
1081 2619 1289 2690 lignum
1332 2619 1455 2672 vita:
1503 2618 1804 2688 plantatum
1834 2617 2046 2672 cunctis

482 2711 905 2767 immortalitatis
952 2711 1164 2766 fructus
1211 2709 1310 2782 [aL
1343 2709 1877 2778 incorruptibilitatis
1923 2707 2043 2763 fru-

481 2800 662 2874 ctum]
695 2803 1023 2872 suppeditat.
1059 2801 1184 2858 Hzec
1223 2803 1492 2873 virginum
1523 2801 1809 2874 gloriatio,
1835 2809 1891 2856 et
1925 2816 2046 2856 ma-

482 2928 628 2976 trum
664 2920 935 2991 jubilatio.
978 2918 1105 2976 Haec
1141 2921 1480 2976 credentium
1524 2920 1963 2983 ﬁrmamentum,
1993 2926 2048 2973 et

481 3011 696 3082 piorum
736 3011 1038 3083 perfectum
1069 3012 1396 3081 exemplum.
1431 3009 1554 3066 Hrec
1594 3011 1732 3066 lucis
1761 3010 2048 3065 indumen-

480 3114 636 3171 tum,
676 3112 731 3160 et
764 3104 982 3159 virtutis
1029 3103 1145 3177 [al.
1181 3102 1457 3174 veritatis]
1506 3103 1868 3158 domicilium.
1920 3101 2046 3158 Haec
2073 3107 2115 3164 C

480 3196 606 3252 fons
650 3197 938 3269 perennis,
976 3197 1032 3251 in
1065 3211 1173 3266 quo
1221 3211 1365 3266 aqua
1412 3195 1535 3249 viva
1579 3195 1858 3251 scaturivit
1885 3205 2048 3263 atque

481 3289 740 3363 produxit
780 3289 997 3345 Domini
1049 3289 1105 3344 in
1134 3304 1299 3344 carne
1333 3288 1645 3343 adventum.
1672 3285 1801 3342 Haec
1822 3286 2048 3357 justitia:

483 3381 917 3448 munimentum;
946 3389 998 3436 et
1031 3380 1342 3451 quicunque
1371 3380 1489 3450 ejus
1511 3421 1526 3445 ,
1558 3394 1623 3434 ac
1657 3378 1936 3450 virginalis
1966 3378 2048 3431 in-

480 3473 775 3542 genuitatis
812 3471 1175 3543 puritatisque
1215 3481 1488 3526 amatores
1541 3469 1776 3537 fuerint,
1805 3470 2047 3540 angelica

483 3565 655 3634 gratia
710 3563 1079 3632 perfruentur.
1129 3561 1455 3632 Quicunque
1502 3577 1534 3614 a
1599 3563 1722 3614 vino
1769 3560 2049 3614 ebrietatis

486 3652 584 3724 [aL
631 3668 663 3706 a
689 3653 818 3706 vino
848 3661 902 3706 et
935 3648 1220 3721 ebrietate]
1249 3659 1301 3704 et
1333 3651 1508 3704 sicera
1549 3647 1841 3717 voluptatis
1876 3645 2047 3701 absti-

484 3745 704 3800 nuerint
723 3784 738 3810 ,
771 3759 840 3799 ex
869 3743 1143 3815 genimine
1163 3741 1390 3796 viviﬁcaz
1428 3739 1781 3810 plantationis
1810 3737 2050 3792 [mtilica-

483 3839 708 3894 buntur.
738 3834 1059 3906 Quicunque
1091 3835 1415 3905 virginitatis
1440 3831 1744 3903 lampadem
1787 3830 2050 3885 iuexstin-

483 3939 626 3986 ctam
654 3929 1117 3994 conservaverint,
1151 3927 1590 3984 immarcessibili
1625 3924 2050 3981 immortalitatis

484 4023 719 4079 corona“
775 4023 1207 4078 exornabuntur.
1260 4019 1583 4092 Quicunque
1645 4019 2049 4074 immaculatam

484 4116 852 4185 temperantiae
909 4130 972 4169 ac
1013 4114 1286 4184 pudicitiae
1324 4123 1530 4169 vestem
1581 4113 2046 4184 comparaverint,

485 4207 713 4277 mystico
751 4206 975 4276 justitia:
1024 4206 1261 4261 thalamo
1301 4206 1662 4276 excipientur.
1726 4205 2050 4275 Quicunque

488 4301 711 4369 propius
774 4298 842 4353 ad
909 4299 1209 4369 angelicum
1239 4299 1464 4370 gradum
1505 4299 1876 4366 accesserint,
1921 4311 2049 4368 per-

487 4391 682 4447 fectius
710 4407 924 4462 quoque
953 4392 1160 4446 deliciis
1191 4392 1482 4462 Dominicae
1516 4391 1870 4446 beatitudinis
1920 4389 2048 4444 reﬁ-

486 4485 716 4541 cientur.
754 4482 1075 4554 Quicunque
1113 4484 1440 4554 pellucidum
1480 4485 1676 4540 mentis
1708 4485 1921 4547 oleum,
1982 4497 2046 4537 ac

486 4615 683 4673 purum
733 4598 1082 4656 conscientiae
1131 4597 1427 4668 thymiama
1483 4598 1850 4667 possederint,
1919 4598 2050 4653 boni

487 4690 744 4761 spiritalis
771 4689 954 4744 odoris
987 4689 1398 4758 adoptionisque
1418 4687 1511 4761 [aL
1534 4698 1588 4743 et
1609 4690 1917 4759 adoptionis
1939 4689 2048 4759 spi-

488 4780 684 4853 ritalis]
716 4781 1132 4851 promissionem
1161 4791 1583 4850 consequentur.
1617 4780 1940 4852 Quicunque
1964 4781 2041 4835 di-

485 4889 589 4947 gne
631 4873 721 4928 Dei
761 4874 1037 4944 genitricis
1064 4873 1298 4942 Virginis
1330 4872 1516 4928 Mariae
1562 4874 2046 4938 Anuuntiationem

485 4967 904 5033 celebraverint,
948 4966 1246 5036 pleniorem
1275 4966 1437 5020 etiam
1469 4966 1724 5036 angelicae
1759 4963 2046 5019 salutatio-

485 5061 572 5113 nis
613 5060 790 5122 illius,
841 5061 965 5122 Ave,
1012 5059 1186 5129 gratia
1212 5057 1389 5128 plena,
1442 5059 1746 5112 mercedem
1786 5056 2042 5112 relerent.

485 5149 710 5221 Oportet
759 5149 922 5221 igitur
977 5165 1077 5205 nos
1131 5150 1270 5204 hanc
1323 5147 1670 5204 festivitatem
1731 5148 2045 5211 celebrare,

485 5245 742 5315 quoniam
787 5241 982 5314 gaudio
1023 5250 1186 5311 atque
1232 5241 1415 5296 laetitia
1465 5249 1722 5295 cunctum
1777 5248 2046 5294 terrarum

487 5338 710 5408 replevit
749 5336 957 5392 orbem.
1032 5334 1380 5390 Celebremus
1435 5335 1600 5404 igitur
1650 5351 1752 5389 nos
1813 5351 1934 5389 eam
1989 5333 2047 5387 iu

489 5429 710 5498 psalmis
729 5437 782 5482 et
808 5426 1044 5499 hymnis,
1071 5442 1136 5482 ac
1165 5427 1392 5482 canticis
1416 5427 1776 5496 spiritalibus.
1799 5426 2046 5482 Celebra-

489 5522 562 5574 vit
586 5521 714 5575 olim
743 5529 796 5575 et
817 5519 983 5576 Israel
1007 5536 1022 5573 :
1043 5528 1098 5574 at
1119 5520 1173 5573 in
1194 5521 1420 5592 azymis,
1446 5528 1499 5573 et
1527 5519 1710 5573 herbis
1742 5520 1963 5585 amaris,
1978 5519 2046 5573 de

489 5614 684 5684 quibus
706 5613 780 5668 ait
795 5613 1085 5684 propheta:
1125 5611 1431 5668 Convertam
1456 5613 1790 5681 festivitatem
1811 5614 2043 5682 ipsorum

556 5788 577 5820 ε
608 5786 804 5843 Ezech.
828 5805 868 5858 ι,
895 5789 990 5858 ea,
1018 5790 1109 5855 εδ,
1143 5790 1234 5846 a7.
1311 5790 1332 5822 σ
1358 5789 1380 5845 1
1408 5789 1552 5847 Petr.
1587 5807 1642 5860 v,
1669 5792 1722 5847 ι..

2077 4449 2124 4505 D

2073 1754 2117 1813 Β
2146 1782 2327 1836 σωμεν
2369 1763 2718 1836 χαρακτῆρα;
2767 1762 2956 1826 Ποίαις
2991 1764 3384 1832 πνευματικαῖς
3424 1762 3710 1832 ὑμνῳδίαις

2143 1856 2238 1908 καὶ
2264 1855 2438 1922 λέξεσι
2469 1853 2775 1924 δοξάσωμεν
2810 1852 2908 1924 τὴν
2949 1852 3296 1922 ὐπερένδοξον
3338 1855 3396 1905 ὲν
3431 1853 3706 1921 ἀγγέλοιςς

2142 1947 2290 2018 Αὕτη
2323 1948 2380 2000 ἐν
2412 1945 2489 2018 τῷ
2520 1947 2654 2017 οἴκῳ
2681 1946 2772 2000 τοῦ
2801 1945 2936 2000 Θεοῦ
2975 1947 3359 2016 πεφυτευμένη
3379 1987 3396 2010 ,
3448 1947 3526 2009 ib;
3555 1946 3711 1998 xari-

2143 2056 2354 2110 καρπος
2386 2037 2540 2091 ἐλαία
2561 2077 2577 2103 ,
2612 2040 2669 2090 ὲν
2791 2038 2853 2090 τὸ
2896 2037 3118 2108 Πνεῦμα
3148 2038 3208 2089 τὸ
3240 2036 3394 2104 ἅγιον
3427 2037 3709 2088 ὲπεσκίασε

2146 2128 2267 2200 [ἄλ.
2305 2127 2663 2199 ὲπισκιάζειΓ
2695 2128 2761 2182 δι’
2781 2125 2848 2201 ἧς
2881 2129 3028 2191 υίούς
3057 2129 3148 2182 καὶ
3179 2126 3549 2200 κληρονόμους
3576 2129 3712 2197 ἡμεῖς

2145 2220 2406 2291 κέκληκεν
2435 2221 2534 2291 τῆς
2566 2218 2660 2272 τοῦ
2691 2217 2925 2290 Χριστοῦ
2963 2217 3256 2288 βασιλείας.
3282 2217 3454 2288 Δῦτη,
3483 2218 3514 2269 ὁ
3537 2218 3712 2270 ἀειθα-

2145 2311 2241 2383 λὴς
2283 2311 2383 2382 τῆς
2430 2309 2737 2381 ἀφθαρσίας
2771 2309 3124 2380 παράδεισος·
3173 2312 3231 2362 ὲν
3354 2309 3415 2362 τὸ
3461 2309 3714 2372 gloom?”

2146 2403 2299 2470 ξύλον
2328 2402 2612 2470 φυτευθὲν,
2654 2405 2765 2466 τοῖς
2791 2403 2955 2454 πᾶσιν
2985 2405 3216 2472 χορηγεῖ
3249 2399 3555 2464 ἀθανασίας
3589 2419 3710 2471 καρ·

2146 2492 2281 2555 πούς
2328 2491 2448 2565 [ἄλ.
2485 2492 2795 2564 ἀφθαρσίας
2827 2489 3084 2562 καρπόν].
3119 2489 3286 2561 Αὕτη,
3340 2490 3632 2562 παρθένων
3659 2488 3713 2542 τὸ

2144 2583 2404 2656 καύχημα
2426 2623 2438 2646 ,
2475 2583 2722 2655 μητέρων
2761 2583 2822 2636 τὸ
2851 2583 3182 2654 ἀγαλλίαμα.
3222 2581 3402 2652 Αὕτη,
3439 2583 3716 2635 πιστευόν-

2145 2692 2253 2729 των
2277 2677 2576 2748 στήριγμα,
2604 2676 2698 2729 καὶ
2727 2674 2964 2728 εὐσεϐῶν
2987 2674 3332 2746 κατόρθωμα.
3353 2673 3524 2744 Αὕτη,
3548 2673 3715 2743 φωτὸς

2147 2762 2377 2836 ἔνδυμα,
2421 2766 2511 2819 καὶ
2540 2765 2741 2837 ἀρετῆς
2925 2764 3202 2837 ἀληθείας]
3237 2765 3495 2834 ἐφέστιον.
3537 2765 3714 2833 Aiaci},

2149 2856 2298 2928 πηγὴ
2335 2856 2583 2920 ἀένναος,
2639 2857 2698 2908 ὲν
2743 2850 2862 2928 ᾖτὸ
2903 2853 3042 2920 ζωὸν
3090 2855 3233 2928 ὕδωρ
3267 2856 3456 2909 ἕϐλυσε
3489 2858 3605 2928 τὴν
3643 2857 3717 2910 ενα

2149 2965 2348 3020 σαρκον
2396 2947 2487 3002 τοῦ
2533 2946 2737 3019 Κυρίου
2784 2945 3104 3018 παρουσίαν.
3162 2947 3342 3018 Αὕτη,
3377 2947 3718 3018 δικαιοσύνης

2149 3042 2428 3114 ἐχύρωμα,
2448 3041 2541 3095 καὶ
2559 3043 2671 3095 ὅσοι
2702 3039 2903 3110 ταύτης
2924 3041 3209 3110 γεγόνασιν
3235 3043 3476 3113 ἐρασταὶ,
3499 3043 3608 3096 καὶ
3627 3043 3717 3111 τῆς

2149 3135 2481 3208 παρθενικῆς
2511 3134 2680 3207 ἐρῶσι
2711 3135 3064 3206 γνησιότητος
3091 3134 3184 3188 καὶ
3207 3134 3602 3206 καθαρότητος,
3629 3135 3719 3205 τῆς

2148 3227 2444 3297 ἀγγελικῆς
2490 3225 2885 3280 ἀπολαύσονται
2955 3227 3192 3299 χάριτος.
3237 3227 3383 3280 Ὅσοι
3430 3225 3523 3279 τοῦ
3584 3228 3718 3280 οἴνου

2146 3319 2245 3389 τῆς
2282 3317 2449 3390 μέθης
2651 3319 2792 3372 οἴνου
2834 3319 2928 3372 καὶ
2959 3319 3057 3389 τῆς
3097 3317 3340 3390 μέθης],
3381 3319 3617 3373 καὶτῶν
3643 3335 3718 3371 σι-

2151 3410 2330 3482 κέρων
2356 3411 2653 3482 ἀπέχονται
2696 3411 2794 3483 τῆς
2833 3412 3195 3482 ἡδυπαθείας,
3232 3414 3295 3464 ὲκ
3327 3411 3418 3465 τοῦ
3449 3415 3722 3484 γεννήμαη

2147 3523 2239 3569 τος
2269 3505 2733 3578 εὐφρανθήσονται
2757 3505 2857 3575 τῆς
2876 3503 3158 3576 ζωηφόρου
3183 3505 3426 3574 φυτείας.
3454 3505 3614 3558 Ὅσοι
3631 3507 3718 3574 τὴν

2147 3596 2403 3669 λαμπάδα
2442 3597 2702 3652 ἄσϐεστον
2745 3596 3074 3668 διετήρησαν
3107 3598 3208 3667 τῆς
3253 3596 3590 3667 παρθενίας,
3639 3599 3720 3648 τὸν

2149 3689 2512 3763 ἀμαράντινον
2560 3689 2822 3759 στέφανον
2865 3688 3216 3759 ἀναϐήσονται
3249 3690 3348 3758 τῆς
3394 3688 3717 3758 ἀφθαρσίας.

2153 3785 2303 3838 Ὅσοι
2339 3784 2429 3837 τὸν
2483 3784 2582 3854 τῆς
2628 3783 2980 3855 σωφροσύνης
3019 3782 3243 3838 ἄσπιλον
3276 3786 3723 3853 περιεποιήσαντο

2150 3876 2350 3947 χιτῶνα
2373 3917 2387 3940 ,
2423 3877 2502 3940 είς
2533 3876 2622 3929 τὸν
2651 3876 2909 3946 μυστικὸν
2939 3875 3041 3945 τῆς
3082 3875 3429 3944 δικαιοσύνης
3480 3875 3720 3948 παραλη-

2154 3967 2448 4039 φθήσονται
2496 3967 2776 4038 νυμφῶνα.
2821 3969 2974 4021 Ὅσοι
3026 3967 3117 4020 τοῦ
3177 3967 3476 4036 ἀγγελικοῦ
3521 3968 3720 4038 βαθμοῦ

2152 4056 2528 4130 πλησιαίτεροι
2579 4057 2872 4126 γεγόνασι,
2927 4057 3300 4130 γνησιαίτερον
3341 4058 3439 4112 τοῦ
3488 4060 3723 4112 δεσποτιο

2151 4149 2247 4203 κοῦ
2277 4151 2753 4221 κατατρυφήσουσι
2794 4149 3164 4222 μακαρισμοῦ.
3199 4152 3354 4203 Ὅσοι
3386 4151 3448 4203 τὸ
3476 4167 3722 4220 φωτιστι-

2151 4242 2244 4295 κδν
2278 4241 2453 4295 ἔλαιον
2477 4242 2576 4312 τῆς
2604 4241 2860 4306 διανοίας,
2893 4243 2985 4295 καὶ
3015 4241 3076 4294 τὸ
3101 4241 3343 4314 καθαρὸν
3372 4242 3471 4294 τοῦ
3505 4242 3724 4294 argve-3v.»

2150 4349 2241 4396 τος
2275 4332 2523 4404 Θυμίαμα
2554 4334 2874 4404 κέκτηνται,
2906 4335 3004 4405 τῆς
3036 4335 3263 4398 εὐωδίας
3300 4336 3403 4406 τῆς
3427 4353 3723 4405 πνευματιο

2150 4421 2254 4490 κῆς
2277 4461 2291 4486 ,
2315 4421 2527 4491 καὶτῆς
2553 4421 2822 4486 υἱοθεσίας
3009 4424 3388 4494 πνευματικῆς
3419 4423 3724 4493 υἱοθεσίας]

2152 4507 2620 4580 κληρονομήσουσι
2697 4509 2794 4582 τὴν
2839 4511 3185 4580 ἐπαγγελίαν.
3219 4513 3377 4566 Ὅσοι
3424 4516 3595 4581 ἀξίως
3644 4513 3723 4567 τύτ

2151 4599 2556 4672 Εὐαγγελισμόν
2594 4603 2908 4676 ἑορτάζουσι
2959 4607 3058 4677 τῆς
3123 4606 3377 4662 θεοτόκου
3446 4610 3724 4681 Παρθένου

2150 4695 2400 4767 Μαρίας,
2447 4699 2821 4771 γνησιαίτερον
2858 4700 2956 4771 τῆς
2997 4701 3292 4768 ἀγγελίας,
3358 4702 3452 4755 τοῦ
3475 4742 3489 4765 ,
3528 4703 3724 4770 Χαῖρε,

2150 4788 2618 4856 κεχαριτωμένη,
2656 4789 2969 4861 κομίζονται
3014 4790 3459 4861 μισθαποδοσίαν.
3506 4796 3600 4845 Δεῖ
3641 4790 3729 4846 οὖν

2151 4879 2296 4949 ἡμᾶς
2319 4878 2416 4949 τὴν
2447 4881 2638 4952 ἑορτὴν
2661 4882 2865 4953 ταύτην
2892 4883 3189 4954 ἑορτάζειν,
3218 4884 3407 4956 ἐπειδὴ
3433 4888 3614 4957 χαρᾶς
3640 4886 3731 4938 καὶ

2154 4971 2491 5044 εὐφροσύνης
2511 4975 2688 5026 πᾶσαν
2701 4973 2797 5045 τὴν
2811 4975 3131 5047 οἰκουμένην
3148 4972 3286 5045 ἐπλή
3295 4993 3488 5046 ρωσεν.
3509 4978 3728 5048 Ἑορτά-

2155 5057 2334 5131 ζῶμεν
2355 5059 2410 5113 δὲ
2435 5064 2596 5132 ἡμεῖς
2612 5064 2668 5114 ὲν
2689 5062 2922 5133 ψαλμοῖς
2943 5065 3035 5116 καὶ
3062 5063 3272 5134 ὕμνοις,
3292 5063 3386 5115 καὶ
3402 5063 3564 5132 ᾠδαῖς
3581 5080 3730 5116 πνεν-

2157 5156 2430 5224 ματικαῖς.
2465 5153 2750 5224 Ἑόρταζεν
2780 5154 2908 5208 ποτὲ
2959 5156 3049 5208 καὶ
3091 5153 3305 5225 Ἰσραὴλ
3326 5193 3340 5217 ,
3378 5153 3575 5207 ἀλλ’·ὲν
3608 5155 3730 5217 ἀζύ-

2158 5261 2312 5314 μοις,
2373 5245 2467 5298 καὶ
2517 5245 2762 5316 πικρίσιο
2827 5247 2954 5317 περὶ
3001 5239 3075 5299 ὧν
3121 5247 3150 5298 ὁ
3203 5251 3489 5317 προφήτης
3541 5245 3722 5312 λέγει’

2153 5337 2557 5406 Msenatpr
2582 5338 2688 5404 τὰς
2709 5338 2916 5407 ἑορτὰς
2932 5338 3128 5392 αὐτῶν
3151 5340 3236 5404 είς
3261 5340 3463 5402 λύπας
3480 5378 3496 5399 ,
3515 5340 3616 5390 καὶ
3646 5341 3729 5404 είς

2152 5427 2390 5495 πένθος,
2417 5430 2513 5483 καὶ
2538 5429 2652 5499 τὴν
2681 5430 2988 5501 χαρμονὴν
3014 5429 3212 5485 αὐτῶν
3246 5433 3335 5497 είς
3370 5431 3728 5500 κατήφειαν.

2153 5519 2263 5584 Τὰς
2288 5521 2343 5573 δὲ
2363 5521 2636 5596 ἡμετέρας
2660 5522 2835 5588 λύπας
2858 5525 2886 5576 ὁ
2907 5523 3108 5595 Κύριος
3134 5522 3309 5594 ἡμῶν,
3340 5522 3428 5576 διά
3457 5522 3570 5574 τῶν
3601 5539 3734 5591 καρ-

2153 5612 2268 5668 πῶν
2298 5613 2397 5686 τῆς
2443 5615 2751 5685 μετανοίας,
2797 5617 2877 5676 είς
2920 5615 3092 5686 χαρὰν
3134 5615 3501 5686 μεταστρέψαι
3544 5615 3729 5667 61:63-
