3876 6536
269 370 393 424 “(il

1155 371 1436 426 HOMILIA
1478 373 1519 428 ll
1559 373 1623 427 ΙΝ
1660 372 2083 429 ANNUNTIAT.
2131 374 2310 428 VlRG.
2358 376 2646 433 MARle.’

3390 388 3525 444 “63

261 493 554 549 ϐαιώσατο.
601 489 758 564 Εἷχεν
803 494 898 564 μὲν
933 494 1026 547 καὶ
1069 496 1100 566 ἡ
1134 496 1320 568 πρώτη
1353 497 1586 569 διαθήκη
1621 496 1839 550 δικαιώ-

1944 498 1995 548 in
2021 498 2226 549 dolores
2250 508 2296 550 rt
2314 499 2535 560 luctum,
2555 511 2604 553 et
2627 501 2870 556 thitiam
2897 520 3078 558 eorum
3103 507 3156 559 in
3183 507 3456 563 tristitiam
3482 514 3522 575 ’,

262 604 409 657 ματα
448 586 723 657 λατρείας,
772 586 846 648 ὡς
895 587 986 638 ἐπὶ
1029 586 1121 639 τοῦ
1165 589 1504 660 προπάτορος
1565 589 1834 663 Ἀϐραὰμ,

258 679 374 733 ἀλλ’
423 680 480 733 ὲν
522 681 703 742 πόνοις
755 681 1016 751 σαρκίνης
1063 680 1352 749 ἀλγηδόνος
1395 681 1481 736 διὰ
1513 684 1835 755 περιτομῆς,

259 769 424 839 μέχρι
437 769 640 840 χρόνων
657 787 718 821 συ
727 769 874 840 μπλη
885 769 1116 840 ρώσεως.
1136 771 1312 840 Νόμος
1325 771 1550 834 ἐκείνοις
1572 773 1658 825 διὰ
1683 775 1839 827 Μωῦ-

257 863 396 926 σὲως
430 865 509 925 είς
560 862 804 916 παιδείαν
853 862 1042 934 ἐδόθη·
1093 866 1224 934 ἡμῖν
1269 864 1324 916 δὲ
1364 865 1396 934 ἡ
1444 864 1621 936 χάρις,
1668 868 1760 920 καὶ
1801 870 1834 936 ἡ

254 956 487 1026 ἀλήθεια
515 956 600 1009 διά
631 954 805 1026 Ἰησοῦ
835 955 1069 1026 Χριστοῦ
1095 955 1391 1028 δεδώρηται
1421 956 1540 1029 [ίιλ.
1575 959 1833 1030 ἐγένετΟῙ.

255 1049 483 1101 Πάντων
516 1049 646 1119 ἡμῖν
671 1047 778 1100 τῶν
811 1047 1029 1117 ἀγαθῶν
1055 1049 1197 1120 ἀρχὴ
1230 1049 1450 1116 γέγονεν
1479 1050 1507 1101 6
1537 1047 1834 1118 Εὐαγγελι-

256 1138 396 1208 σμὸς
425 1139 522 1209 τῆς
547 1137 991 1209 κεχαριτωμένης
1019 1137 1255 1209 Μαρίας,
1290 1139 1322 1208 ἡ
1349 1137 1722 1209 πολυύμνητος
1741 1139 1834 1194 τοῦ

253 1229 510 1300 Σωτῆρος
537 1227 838 1300 οἰκονομία,
875 1230 907 1299 ή
939 1227 1117 1290 ἔνθεος
1149 1227 1312 1282 αὐτοῦ
1343 1229 1438 1282 καὶ
1466 1230 1836 1301 ὐπερκόσμιος

250 1318 592 1374 διδασκαλία.
637 1319 913 1372 Ἐντεῦθεν
952 1321 1081 1391 ἡμῖν
1115 1319 1494 1374 ἀνατέλλουσιν
1523 1321 1615 1375 τοῦ
1645 1323 1834 1394 νοεροῦ

251 1413 435 1480 φωτὸς
486 1413 542 1464 αἱ
589 1415 823 1476 ἀκτῖνες.
869 1413 1144 1467 Ἐντεῦθεν
1193 1415 1552 1486 ἀναϐρύουσιν
1604 1421 1736 1490 ἡμῖν
1777 1421 1833 1473 αἰ

252 1506 432 1575 πηγαὶ
455 1505 552 1576 τῆς
585 1506 794 1574 σοφίας,
822 1505 914 1559 καὶ
941 1506 1039 1575 τῆς
1066 1505 1382 1570 ἀθανασίας,
1411 1507 1576 1579 διειδῆ
1608 1509 1702 1563 καὶ
1737 1528 1835 1563 κα-

249 1595 399 1667 θαρά
422 1597 707 1666 ἐκχέουσαι
735 1597 834 1666 τῆς
859 1597 1138 1661 εὐσεϐείας
1168 1598 1233 1650 τὰ
1266 1600 1501 1670 νάματα.
1551 1600 1834 1656 Ἐντεῦθεν

247 1690 387 1759 ἡμῖν
420 1689 901 1760 ἀπαστράπτουσιν
950 1691 998 1742 οἰ
1042 1687 1304 1762 θησαυροὶ
1343 1691 1442 1761 τῆς
1484 1691 1830 1760 θεογνωσίας.

249 1785 376 1854 Ζωὴ
415 1783 523 1855 γὰρ
554 1783 693 1854 αὐτη
735 1785 883 1837 ἐστὶν
926 1783 1161 1848 αἰώνιος,
1211 1786 1296 1839 ἵνα
1338 1784 1696 1857 γινώσκωμεν
1742 1788 1831 1840 τὸν

246 1873 504 1945 ἀληθινὸν
547 1873 699 1936 Θεὸν,
745 1875 837 1928 καὶ
878 1874 936 1926 ὃν
983 1875 1298 1928 ἀπέστειλεν
1334 1875 1540 1946 Ἰησοῦν
1571 1877 1827 1949 Χριστόν.

249 1965 363 2018 Καὶ
409 1965 603 2019 πάλιν·
663 1965 948 2036 Ἑρευνᾶτε
990 1967 1088 2028 τὰς
1127 1967 1369 2037 Γραφάς,
1418 1969 1498 2021 ὅτι
1544 1971 1601 2021 ὲν
1643 1970 1832 2033 αὐταῖς

243 2058 513 2129 εὑρήσετε
563 2057 707 2128 ζωὴν
751 2055 966 2110 αἰώνιον
1016 2056 1136 2128 [ἄλ.
1185 2058 1390 2111 δοκεῖτε
1430 2059 1574 2130 ζωὴν
1617 2057 1834 2112 αἰώνιον

244 2137 454 2220 Exsul]:
479 2149 574 2202 Διά
603 2149 761 2202 τοῦτο
791 2149 920 2221 γάρ,
954 2154 1063 2214 τοῖς
1097 2151 1356 2220 ἐρευνῶσι
1410 2152 1478 2206 τὰ
1520 2152 1638 2206 θεῖα
1677 2153 1832 2222 λόγια

241 2240 688 2293 ἀνακαλύπτεται
721 2243 749 2293 6
795 2241 1067 2314 θησαυρὸς
1102 2243 1200 2313 τῆς
1238 2243 1332 2296 τοῦ
1377 2244 1513 2298 Θεοῦ
1555 2245 1827 2314 γνώσεως.

241 2333 537 2402 Θησαυρὸν
590 2335 722 2403 ἡμῖν
769 2333 988 2402 ἦπλωσε
1042 2336 1279 2406 σήμερον
1323 2335 1424 2405 τῆς
1476 2335 1830 2389 θεοπνεύστου

247 2423 476 2493 Γραφῆς
510 2425 538 2476 6
575 2423 951 2495 Παράκλητος.
998 2426 1279 2497 Θησαυρὸς
1310 2425 1365 2480 δὲ
1407 2428 1538 2497 ἡμῖν
1575 2427 1714 2480 ἔστω
1746 2445 1832 2480 σο·-

240 2514 400 2582 φίας,
429 2519 462 2586 ἡ
508 2519 817 2589 προφητικὴ
843 2518 1083 2587 γλῶσσα,
1115 2521 1209 2574 καὶ
1251 2523 1283 2590 ἡ
1316 2519 1646 2591 ἀποστολικὴ
1683 2520 1830 2574 διδα-

243 2605 446 2659 σκαλία
470 2621 486 2636 °
521 2609 579 2660 οὐ
619 2608 728 2677 γὰρ
771 2609 884 2662 ἔστι
919 2609 1086 2679 χωρὶς
1119 2611 1284 2680 νόμου
1316 2611 1409 2662 καὶ
1452 2609 1766 2680 προφητῶν,
1796 2609 1828 2681 ἢ

239 2698 647 2766 εὐαγγελιστῶν
676 2699 797 2771 [ἄλ.
819 2702 1315 2773 Εὐαγγελίων’],καὶ
1329 2703 1658 2764 ἀποστόλων,
1687 2702 1829 2773 ἔχειν

237 2791 344 2860 τὴν
384 2792 583 2863 ἀκριϐῆ
617 2793 716 2862 τῆς
753 2795 1025 2866 σωτηρίας
1058 2794 1266 2848 ἐλπίδα.
1301 2794 1398 2848 Διά
1442 2795 1547 2866 γὰρ
1582 2795 1677 2866 τῆς
1723 2795 1831 2848 τῶν

239 2883 419 2950 ἁγίων
459 2885 752 2954 προφητῶν
807 2887 902 2940 καὶ
935 2886 1247 2939 ἀποστόλων
1290 2886 1534 2956 γλώττης
1567 2889 1594 2940 6
1628 2886 1830 2958 Κύριος

235 2975 404 3044 ἡμῶν
441 2975 756 3044 φθέγγεται,
790 2978 882 3030 καὶ
921 2981 1041 3040 ταῖς
1070 2977 1176 3030 τῶν
1205 2978 1376 3047 ἁγίων
1407 2982 1612 3046 φωναῖς
1637 2981 1666 3032 6
1695 2979 1828 3042 Θεὸς

238 3065 734 3133 ἑγκαλλωττίζεται,
784 3069 844 3122 οὐ
898 3070 998 3140 τῆς
1041 3069 1236 3133 λέξεως
1280 3069 1537 3141 χρῄζων,’
1573 3069 1709 3123 ἀλλά
1760 3073 1824 3141 τῇ

237 3157 482 3212 διαθέσει
517 3159 740 3230 χαίρων,
779 3161 932 3214 οὐδὲν
979 3161 1036 3225 ἐξ
1067 3161 1368 3232 ἀνθρώπων
1410 3162 1790 3235 καρπούμενος
1811 3204 1824 3225 ,
1855 3194 1896 3250 C

235 3251 381 3304 ἀλλὰ
405 3253 470 3321 τῇ
502 3251 802 3323 εὐγνώμονι
843 3252 988 3324 ψυχῇ
1019 3252 1126 3306 τῶν
1157 3253 1375 3306 δικαίων
1404 3255 1824 3327 ἐπαναπαυόμε-

234 3360 353 3405 νος.
401 3346 474 3397 Οὐ
508 3345 618 3417 γάρ
656 3346 712 3409 ἐξ
749 3337 822 3397 ὧν
855 3349 1015 3416 ἡμεῖς
1055 3345 1424 3416 φθεγγόμεθα,
1468 3347 1701 3416 Χριστὸς
1734 3365 1829 3418 με-

235 3437 556 3505 γαλύνεται,
593 3437 706 3492 ἀλλ’
732 3439 791 3503 ἐξ
814 3431 886 3491 ὧν
911 3439 1195 3508 εὐεργετού
1207 3439 1364 3510 μεθα,
1392 3441 1488 3510 τὴν
1512 3440 1828 3510 εὐεργεσίαν

233 3529 600 3600 εὐγνωμόνως
634 3531 975 3600 κηρύττομεν
996 3547 1008 3560 ·
1047 3530 1143 3600 οὐχ
1173 3530 1260 3583 ἵνα
1289 3531 1385 3600 τῆς
1411 3531 1567 3596 ἀξίας
1606 3531 1830 3601 ὲφικνώ-

235 3621 404 3693 μεθα,
441 3621 554 3674 ἀλλ’
589 3623 676 3675 ἵνα
719 3622 816 3692 τὴν
848 3621 988 3674 κατά
1025 3621 1253 3691 δύναμιν
1293 3622 1510 3692 ὀφειλὴν
1555 3623 1826 3675 ἀποτίσω-
1865 3689 1870 3694 η

235 3731 365 3784 μεν.
405 3713 568 3767 Ὅταν
589 3713 644 3766 δὲ
686 3713 1118 3780 ἀναγινώσκεται
1153 3711 1214 3764 τὸ
1241 3711 1588 3780 Εὐαγγέλιον,
1620 3714 1652 3784 ἢ
1694 3715 1828 3767 ἀπο-

233 3804 507 3870 στολικὸν,
538 3804 612 3876 μὴ
635 3807 878 3876 προσχῇς
896 3806 962 3874 τῇ
998 3803 1184 3874 βίϐλῳ,
1212 3803 1245 3874 ἢ
1273 3803 1350 3872 τῷ
1370 3803 1821 3872 ἀναγινώσκοντι·

230 3895 376 3948 αλλὰ
409 3895 487 3966 τῷ
517 3895 611 3948 ἀπ’
664 3895 894 3965 οὐρανοῦ
927 3894 1283 3966 φθεγγομένῳ
1327 3894 1463 3964 Θεῷ.
1499 3895 1687 3959 Βίϐλος
1728 3896 1826 3966 μὲν

229 3987 369 4058 γὰρ,
403 3986 464 4038 τὸ
501 3985 809 4056 ὁρώμενον·
855 3986 1087 4058 Χριστὸς
1137 3984 1215 4046 δὲ,
1263 3983 1324 4036 τὸ
1370 3983 1819 4055 θεολογούμενον·

229 4078 646 4147 εὐαγγελίζεται
678 4078 854 4130 τοίνυν
882 4079 1011 4148 ἡμῖν
1042 4076 1139 4148 τὴν
1167 4076 1540 4146 πολυύμνητον
1576 4077 1668 4129 τοῦ
1705 4079 1821 4130 Σω-

225 4171 405 4242 τῆρος
451 4171 792 4240 οἰκονομίανο
842 4171 923 4223 ὅτι
965 4170 1098 4234 Θεὸς
1144 4168 1239 4233 ὢν,
1283 4169 1369 4223 διὰ
1417 4169 1824 4242 φιλανθρωπίαν

226 4263 524 4335 ἅνθρωπος
561 4262 780 4330 γέγονεν
803 4278 816 4292 ·
847 4262 906 4314 οὐ
933 4261 1028 4333 τὴν
1073 4259 1396 4332 προαιώνιον
1427 4261 1583 4328 ἀξίαν
1623 4262 1822 4315 ἀποθέ-

231 4371 424 4427 μενος,
457 4353 590 4407 ἀλλά
624 4353 720 4425 τὴν
767 4354 1040 4424 σωτηρίαν
1079 4354 1394 4422 οἰκονομίαν
1430 4353 1818 4431 ἐνδυσάμενος·

169 4493 177 4501 .
226 4446 647 4515 εὐαγγελίζεται
685 4448 816 4516 ἡμῖν
868 4445 964 4516 τὴν
1021 4444 1392 4516 πολυύμνητον
1433 4444 1525 4497 τοῦ
1572 4445 1821 4515 Σωτῆρος

1943 587 2199 642 Nostrum
2225 605 2392 658 porro
2424 591 2628 645 luctum
2667 594 2926 654 Dominus
2958 607 3166 662 noster,
3193 614 3290 668 per
3313 599 3524 658 fructus

1943 679 2273 746 pmnitcntim
2311 679 2361 733 in
2391 681 2647 750 gaudium
2673 699 2732 738 se
2752 699 3146 743 conversurum
3168 690 3455 748 allirmavit
3475 694 3520 748 ⁸.

1943 768 2140 824 Habuit
2165 772 2382 840 quidem
2425 782 2480 827 et
2511 774 2744 842 primum
2779 785 3164 834 testamentum
3193 783 3522 851 justiticato-

1942 862 2327 927 rioscultus,ut
2354 868 2406 917 in
2423 867 2601 934 primo
2626 876 2780 936 patre
2807 871 3105 936 Abraham;
3126 891 3314 928 verum
3342 875 3394 930 in
3421 879 3529 932 do-

1941 955 2302 1008 loremcarm-i
2321 957 2600 1012 cruciatus
2616 974 2712 1027 per
2735 960 3237 1029 circumcisionem,
3262 984 3431 1037 usque
3463 975 3527 1023 πει

1939 1047 2527 1116 temporaexpletionis
2545 1051 2586 1102 θ.
2616 1049 2724 1103 Lex
2759 1052 2864 1107 illis
2898 1069 2989 1122 per
3009 1054 3248 1126 Moysem
3283 1060 3407 1114 data
3447 1072 3525 1116 est

1938 1137 2004 1190 ad
2057 1140 2502 1207 correptionem;
2561 1143 2718 1198 nobis
2775 1154 2958 1200 autem
3002 1151 3173 1217 gratia
3218 1162 3272 1205 et
3320 1154 3525 1208 veritas

1937 1243 2032 1295 per
2079 1227 2263 1283 Iesum
2309 1230 2593 1286 Christum
2643 1249 2907 1291 concessa
2953 1246 3037 1292 est
3073 1238 3172 1309 [αι.
3207 1241 3344 1296 facta
3387 1245 3514 1313 est].

1935 1319 2269 1374 Cunctorum
2316 1322 2472 1378 nobis
2515 1324 2781 1380 bonorum
2833 1328 3162 1398 principium
3207 1334 3517 1389 Annuntia-

1935 1413 2010 1468 tio
2050 1412 2230 1468 Mariae
2258 1416 2428 1484 gratia
2459 1417 2633 1486 plenm
2662 1419 2889 1485 exstitit,
2923 1422 3299 1478 laudatissima
3328 1425 3518 1480 Salva-

1936 1503 2070 1556 luris
2131 1504 2500 1574 dispensatio.
2544 1507 2839 1578 divinaque
2873 1511 2992 1577 ejus
3042 1522 3205 1582 atque
3248 1516 3516 1570 altissima

1936 1595 2174 1649 cwlestis
2245 1597 2514 1651 doctrina.
2585 1597 2726 1653 lliuc
2801 1602 2961 1656 nobis
3031 1605 3292 1673 spiritalis
3375 1609 3516 1664 lucis

1933 1688 2259 1742 exoriuntur
2307 1692 2465 1744 radii.
2539 1690 2675 1746 Hinc
2734 1693 2892 1749 nobis
2949 1696 3229 1765 sapientiae
3291 1710 3344 1754 et.
3417 1703 3521 1754 ini-

1939 1778 2288 1833 mortalitatis
2331 1781 2640 1835 scaturiuut
2677 1780 2852 1838 lontes
2879 1802 2893 1848 ;
2923 1785 3016 1854 qui
3055 1787 3308 1857 limpidus
3335 1806 3398 1844 ac
3424 1807 3520 1860 pu-

1940 1884 2027 1922 ros
2083 1870 2230 1924 rivos
2274 1872 2488 1940 pietatis
2512 1873 2818 1927 eﬂ‘undunt.
2848 1873 2985 1931 Hinc
3009 1879 3170 1933 nobis
3194 1881 3390 1939 divinae
3419 1899 3516 1934 co-

1937 1961 2192 2030 gnitionis
2238 1963 2586 2032 resplendent
2627 1967 2889 2020 thesauri.
2943 1967 3068 2024 Haec
3112 1972 3255 2024 enim
3301 1975 3406 2028 vita
3433 1986 3519 2030 est

1935 2062 2155 2112 aeterna.
2213 2065 2270 2109 ut
2323 2072 2721 2126 cognoscamus
2778 2075 2965 2114 verum
3005 2062 3197 2126 Deum,
3249 2076 3301 2119 ct
3349 2083 3512 2136 quem

1936 2145 2085 2198 misit
2153 2144 2336 2201 Jcsum
2370 2149 2645 2204 Christum
2677 2151 2743 2205 ¹⁰.
2782 2151 2847 2205 Et
2898 2169 3089 2208 rursus
3133 2173 3146 2208 :
3181 2154 3517 2212 Srrutamini

1938 2235 2250 2305 Scripturas
2301 2256 2315 2292 :
2370 2241 2627 2309 quoniam
2675 2243 2725 2296 in
2754 2243 2820 2297 iis
2860 2245 3147 2300 invenietis
3175 2248 3338 2300 vitam
3364 2259 3520 2302 acter-

1937 2345 2058 2381 nani
2085 2330 2181 2401 [αι.
2200 2332 2400 2399 putatis
2419 2334 2576 2386 vitam
2601 2345 2857 2389 aeternam
2885 2337 3106 2408 habere]
3127 2340 3191 2391 ”.
3229 2338 3518 2408 Propterea

1933 2421 2076 2473 enim
2128 2423 2529 2477 scrutatoribus
2565 2424 2877 2480 divinorum
2921 2427 3264 2498 eloquiorum
3291 2433 3516 2486 thesau-

1935 2530 2030 2567 rus
2054 2514 2252 2568 divina:
2285 2517 2557 2570 revelatur
2586 2518 2936 2586 cognitionis.
2980 2509 3320 2576 Thcsanrum
3355 2525 3516 2580 nobis

1935 2605 2095 2660 hodie
2147 2621 2177 2659 a
2210 2603 2319 2659 Deo
2351 2607 2624 2674 inspiratze
2657 2606 2952 2676 Scriptura!
2991 2608 3305 2664 Paracletus
3339 2613 3514 2680 expli-

1933 2698 2094 2751 cavit.
2128 2696 2444 2753 Thesaurus
2485 2714 2647 2767 porro
2690 2701 2972 2768 sapientia:
3018 2703 3176 2756 nobis
3231 2705 3300 2757 sit
3330 2705 3515 2773 lingua

1934 2789 2269 2857 prophetica,
2304 2800 2355 2843 et
2387 2789 2633 2844 doctrina
2665 2793 2969 2861 apostolica
3014 2811 3027 2847 :
3068 2811 3172 2847 nou
3207 2797 3350 2848 enim
3384 2797 3509 2850 abs—

1932 2898 2039 2950 que
2088 2882 2204 2948 lcge
2250 2890 2302 2934 et
2348 2883 2647 2950 prophetis,
2697 2893 2793 2937 aut
2820 2886 3168 2954 evangelistis
3197 2885 3291 2956 [αι.
3331 2885 3510 2940 Evan—

1933 2972 2146 3045 geliis],
2208 2982 2370 3042 atquc
2431 2973 2722 3042 apostolis,
2781 2977 3075 3044 perlectam
3118 2977 3311 3031 salutis
3361 2993 3514 3047 spem

1934 3064 2133 3118 habere
2182 3080 2494 3133 possumus.
2544 3064 2678 3119 Nam
2723 3081 2818 3134 per
2861 3076 3179 3120 sanctorum
3215 3068 3511 3136 propheta-

1934 3171 2050 3208 rum
2097 3165 2150 3210 ct
2199 3157 2573 3225 apostolorum
2618 3158 2858 3227 linguam
2903 3159 3166 3212 Dominus
3196 3169 3382 3214 noster
3436 3162 3510 3214 lo-

1930 3247 2118 3318 quitur
2139 3289 2152 3310 .
2182 3258 2235 3302 et
2264 3249 2315 3301 in
2351 3258 2664 3302 sanctorum
2703 3248 2930 3302 vocibus
2955 3247 3098 3304 Deus
3127 3251 3228 3303 sibi
3259 3251 3433 3320 placet
3457 3260 3514 3306 et

1929 3341 2264 3410 acquiescit;
2313 3357 2420 3393 non
2465 3341 2609 3410 quod
2653 3341 2932 3394 locutione
2987 3351 3161 3407 egeat.
3218 3343 3311 3396 sed
3361 3346 3507 3413 quod

1929 3433 2068 3485 bona
2121 3432 2405 3488 affectione
2441 3448 2504 3486 ac
2539 3432 2898 3501 dispositione
2933 3434 3196 3503 gaudeat;
3227 3450 3334 3488 non
3363 3420 3511 3504 quod

1928 3526 1998 3580 ab
2043 3525 2261 3579 homine
2291 3525 2525 3579 fructum
2557 3525 2724 3578 ullum
2751 3525 2959 3594 capiat,
2996 3525 3089 3580 sed
3126 3527 3269 3595 quod
3302 3527 3355 3580 in
3385 3527 3509 3581 ani-

1929 3621 2124 3673 mabus
2145 3619 2418 3688 justorum
2453 3618 2622 3688 gratis
2649 3618 3027 3687 conquiescat.
3061 3617 3179 3673 Non
3210 3621 3356 3674 enim
3379 3622 3510 3690 quia

1929 3728 2028 3765 nos
2077 3711 2371 3780 loquimur,
2400 3709 2652 3765 Christus
2689 3711 3096 3779 Inaguilicatur;
3136 3713 3228 3765 sed
3262 3713 3387 3781 quia
3416 3713 3512 3767 be-

1927 3803 2137 3857 ucliciis
2175 3803 2244 3855 ab
2282 3819 2347 3855 eo
2387 3802 2674 3864 aﬂicimur.
2707 3802 3118 3856 beneﬁcentiam
3151 3803 3321 3873 ipsius
3352 3814 3509 3874 grato

1924 3893 2110 3946 animo
2158 3892 2553 3960 prxdicamus;
2592 3907 2698 3945 non
2734 3901 2793 3946 ut
2832 3893 2882 3946 id
2917 3909 3014 3961 pro
3039 3893 3302 3963 dignitate
3339 3894 3506 3949 facia-

1926 4001 2090 4048 mus,
2153 3985 2245 4038 sed
2302 3995 2363 4037 ut
2410 3985 2649 4037 debitum
2707 4001 2803 4053 pro
2856 3986 3062 4040 viribus
3107 3987 3502 4054 pet-solvamus.

1925 4076 2156 4143 Quando
2189 4091 2351 4146 porro
2377 4074 2726 4145 Evangelium
2757 4075 2970 4143 legitur,
3001 4076 3082 4128 vel
3107 4076 3502 4144 apostolicum,

1923 4185 2032 4224 non
2062 4169 2200 4222 libro
2226 4168 2491 4232 attendas,
2526 4175 2620 4219 aut
2643 4165 2861 4231 lectori;
2895 4167 2986 4219 sed
3034 4166 3142 4219 Deo
3177 4183 3207 4221 e
3236 4167 3389 4221 cwlis
3419 4167 3504 4220 lo-

1925 4263 2132 4332 quenti.
2179 4257 2342 4313 Liber
2385 4258 2654 4326 siquidem
2701 4268 2785 4312 est
2837 4258 2888 4311 id
2932 4259 3078 4327 quod
3125 4259 3400 4321 cernitur,
3449 4269 3506 4313 at

1924 4354 2174 4408 Christus
2210 4362 2293 4405 est
2327 4351 2377 4403 id
2410 4351 2476 4404 dc
2511 4365 2622 4419 quo
2651 4349 2941 4404 disseritur
2969 4349 3068 4423 [αι.
3092 4350 3158 4404 de
3185 4366 3294 4418 quo
3319 4349 3502 4405 divina

1925 4442 2333 4516 praedicantur];
2364 4442 2697 4513 evangelizat
2723 4441 2888 4512 igitur
2910 4443 3065 4497 nobis
3091 4443 3499 4496 celeberrimam

224 4541 567 4610 οἰκονομίαν,
615 4541 694 4592 ὅτι
731 4541 842 4602 τοῖς
881 4538 1176 4608 κάμνουσιν
1226 4538 1408 4608 ἰατρὸς
1449 4537 1812 4608 ἐπεδήμησεν,

1930 4543 2212 4603 Salvatoris
2241 4539 2597 4596 ceconomiam
2643 4538 2754 4591 sive
2797 4537 3260 4606 dispensationem
3305 4555 3316 4589 :
3355 4552 3495 4605 quo-

225 4635 294 4686 οὐ
343 4633 652 4703 φαρμάκοις
691 4631 1026 4702 θεραπεύων,
1074 4629 1210 4684 ἀλλὰ
1241 4629 1470 4698 νεύματι
1516 4628 1816 4699 φιλανθρω-

228 4726 366 4786 πίας
403 4721 646 4793 ἰώμενος.
687 4719 1112 4790 Εὐαγγελίςεται
1141 4722 1272 4790 ἡμῖν
1315 4721 1412 4791 τὴν
1441 4720 1816 4790 πολυύμνητον

226 4815 330 4869 τοῦ
371 4814 623 4885 Σωτῆρος
659 4813 969 4882 οἰκονομίαν
994 4828 1006 4840 °
1049 4811 1128 4864 ὅτι
1171 4814 1283 4874 τοῖς
1319 4810 1814 4881 πεπλανημένοιςὴ

224 4909 352 4971 όδδς
390 4908 490 4978 τῆς
524 4905 794 4976 σωτηρίας
837 4902 1136 4973 ἀνεδείχθη,
1171 4905 1281 4966 τοῖς
1308 4903 1746 4972 ἀπεγνωσμένοις
1781 4905 1814 4974 ἡ

227 5001 502 5070 σωτήριος
528 4999 705 5069 χάρις,
733 4997 1000 5067 διαφόρως
1035 4995 1237 5058 πάντας
1272 4993 1654 5064 εὐεργετοῦσα,
1689 4995 1816 5056 τοὺς

226 5092 678 5163 πεπλανημένους
705 5089 1066 5160 ἀναζητοῦσα,
1103 5089 1227 5150 τούς
1258 5087 1672 5156 ἐσκοτισμένους
1705 5103 1815 5154 φω-

227 5186 474 5248 τίζουσα,
505 5186 628 5248 τοὺς
650 5181 1124 5250 τεθανατωμένους
1154 5178 1508 5243 ζωοποιοῦσα,
1530 5181 1670 5252 ,τοῦς
1700 5177 1813 5230 δού-

227 5280 356 5339 λους
393 5275 769 5346 ἐλευθεροῦσα,
793 5275 917 5336 τοὺς
961 5269 1336 5342 αἰχμαλώτους
1379 5269 1806 5341 ὲξαγοράζουσα,

228 5371 327 5424 καὶ
362 5373 471 5429 tot;
514 5369 678 5420 πᾶσιν
717 5368 844 5437 ἡμῖν
873 5363 942 5417 τά
981 5365 1158 5416 πάντα
1183 5365 1424 5432 γέγονεν,
1467 5362 1643 5432 ἡάδὸς
1679 5361 1804 5433 [ἀλ-

224 5463 310 5524 είς
351 5459 492 5532 636v]
533 5459 802 5529 σωτηρίας
824 5473 837 5486 ·
873 5457 932 5509 οὐ
963 5455 1050 5508 δια
1087 5455 1184 5526 τὴν
1216 5457 1489 5526 ἡμετέραν
1521 5457 1804 5528 εὐγνωμο-

226 5548 420 5616 σύνην,
456 5546 590 5599 ἀλλά
630 5545 715 5598 διὰ
745 5545 842 5615 τὴν
880 5543 1028 5613 αὐτῷ
1069 5543 1146 5614 τῷ
1186 5544 1446 5616 εὐεργέτῃ
1491 5546 1804 5616 πρέπουσαν

220 5639 557 5708 ἁγαθότητα.
598 5638 777 5689 Πάντα
819 5635 924 5706 γάρ
970 5635 1222 5706 ἐποίησεν
1259 5633 1286 5685 6
1327 5636 1536 5706 Σωτὴρ,
1584 5637 1681 5706 οὐχ
1717 5638 1802 5689 ἵνα

1921 4638 2066 4695 niam
2095 4654 2216 4692 cum
2250 4637 2392 4689 Deus
2427 4641 2590 4694 esset,
2634 4631 2799 4683 nimia
2839 4629 3165 4699 benignitate
3191 4645 3285 4682 sua
3320 4629 3494 4682 factus

1923 4736 2007 4783 est
2031 4727 2222 4788 homo;
2248 4739 2355 4776 non
2389 4721 2604 4790 quidem
2647 4718 2959 4788 dignitatem
2984 4732 3142 4786 quam
3182 4717 3249 4770 ab
3290 4725 3494 4770 aeterno

1921 4813 2147 4878 habuit,
2187 4813 2462 4881 deponens
2494 4829 2507 4864 ι
2558 4810 2652 4864 sed
2694 4810 2984 4862 salutarem
3019 4807 3380 4859 (Bconouliaiu
3413 4808 3496 4859 in-

1919 4906 2114 4967 duens,
2159 4903 2494 4973 cvangelizat
2546 4900 2702 4954 nobis
2757 4899 3188 4954 laudatissimam
3248 4897 3498 4952 Salvato-

1923 4998 1999 5051 iis
2055 4993 2551 5064 dispensationem;
2595 4991 2853 5060 quoniam
2909 4989 3283 5044 laborantibus
3337 5000 3499 5059 atque

1921 5086 2312 5157 a-grotantibus
2354 5083 2598 5137 medicus
2640 5083 2879 5142 advenit,
2919 5099 3025 5134 nun
3055 5080 3367 5150 pharniacis
3400 5100 3501 5136 cu~

1920 5192 2084 5243 rans,
2141 5177 2234 5230 sed
2283 5184 2417 5228 nutu
2451 5173 2796 5243 benignitatis
2838 5188 2950 5226 suae
2989 5187 3211 5227 sanans.
3255 5171 3506 5245 Evange-

1920 5269 2047 5320 lizat
2095 5266 2249 5319 nobis
2279 5263 2766 5318 celebratissimaui
2809 5261 3109 5315 Salvatoris
3137 5263 3502 5331 dispensatio-

1913 5373 2033 5411 nem
2066 5375 2078 5410 :
2122 5355 2248 5425 quia
2281 5353 2597 5407 errantibus
2627 5350 2802 5405 factus
2829 5359 2911 5404 est
2935 5349 3018 5402 via
3055 5351 3270 5416 salutis,
3305 5351 3498 5418 despe-

1907 5447 2158 5502 rantibus
2209 5445 2379 5514 gratia
2426 5441 3126 5518 salutaris,'multil‘ariam
3166 5441 3218 5494 iu
3268 5451 3496 5494 cunctus

1906 5539 2166 5596 beneﬁcia
2222 5535 2543 5600 conferens,
2585 5542 2831 5587 errantes
2892 5534 3210 5606 requirens,
3257 5533 3544 5586 tenebris"

1904 5631 2268 5690 circumfusos
2301 5629 2638 5690 illuminaus,
2691 5635 2936 5700 mortuos
2974 5623 3274 5688 vivillcans,
3305 5639 3493 5678 servos

304 5821 329 5854 "
354 5824 539 5874 Amos.
571 5837 684 5878 \‘lll,
717 5821 797 5873 10.
877 5821 895 5849 ⁸
924 5819 1032 5874 Jer.
1061 5836 1209 5874 χιιι.
1285 5819 1480 5876 ’Joan.
1511 5837 1546 5875 ι.
1627 5822 1668 5852 ’⁸
1699 5820 1833 5875 Joan

1930 5835 1992 5874 ru
2017 5861 2031 5886 ,
2059 5819 2111 5872 5.
2152 5864 2161 5876 ,
2191 5819 2227 5847 ¹¹
2260 5815 2414 5869 Juan.
2455 5831 2504 5880 γ,
2536 5813 2621 5866 59.

512 5917 781 5976 Parnm.
815 5916 932 5975 Gn.
967 5916 1046 5974 Χ.

3135 5902 3209 5958 37
