3876 6494
410 311 547 366 “63

1043 312 1100 367 S.
1142 310 1469 368 GREGORII
1508 311 1865 369 TllAUMAT.
1910 310 2058 365 OPP.
2103 311 2283 367 PARS
2335 313 2639 369 ALTERA.
2672 343 2744 352 —
2782 313 3011 370 DUBIA.

3522 319 3664 374 “65

406 432 655 487 libertate
702 432 934 499 donans,
987 433 1227 502 captivos
1281 433 1572 498 redimens,
1621 443 1673 489 et
1728 434 1965 489 omnibu:

2087 433 2265 503 ἑαυτῷ
2304 434 2505 506 ἀρετὴν
2541 434 3048 507 πραγματεύσηται,
3083 435 3195 488 ἁλλ’
3232 434 3317 489 ἴνα
3351 437 3481 508 ἡμῖν
3508 455 3669 507 περι-

404 523 565 577 nobis
614 524 797 577 omnia
838 522 1033 586 factus,
1073 524 1126 577 in
1158 523 1300 578 viam
1333 526 1526 581 salutis
1563 546 1575 581 :
1621 542 1725 581 non
1760 540 1979 598 propter

405 626 646 671 nostram
678 617 845 671 animi
878 619 1287 687 gratitudinem.
1315 620 1408 674 sed
1440 620 1510 674 oh
1542 620 1839 675 bonitatem
1873 624 1976 692 ipsi

406 707 673 763 Salvatori
721 711 1155 766 convenientem.
1209 708 1405 767 Omnia
1455 714 1598 767 enim
1626 712 1752 768 fecit
1782 713 1975 769 Salva-

404 812 507 865 tor,
555 816 662 856 non
705 810 763 856 ut
796 802 899 857 sibi
941 803 1043 873 ipsi
1090 803 1344 861 virtutem
1376 816 1738 875 compararet,
1784 806 1878 861 sed
1919 816 1978 862 ut

402 894 562 948 nobis
628 894 793 948 vitam
848 894 1162 950 conciliaret
1211 904 1491 951 aeternam.
1546 896 1627 950 Ad
1682 896 1975 967 imaginem

398 986 600 1057 quippe
629 985 723 1041 Dei
765 987 1039 1043 hominem
1076 988 1338 1052 formans,
1376 989 1427 1041 in
1468 989 1720 1057 paradiso
1751 988 1971 1044 delicia-

336 1132 337 1135 η
400 1096 522 1133 rum
547 1079 712 1150 jussit
738 1098 861 1135 eum
898 1081 1132 1150 degere:
1166 1094 1424 1137 caeterum
1456 1081 1659 1136 diaboli
1693 1082 1897 1137 invidia
1928 1083 1977 1138 is

401 1172 688 1242 deceptus,
730 1182 784 1228 et
830 1174 1000 1228 divini
1044 1173 1296 1244 praecepti
1340 1183 1710 1243 transgressor
1762 1173 1971 1237 factus,

401 1267 564 1321 morti
605 1282 664 1323 se
705 1268 1000 1324 obnoxium
1048 1268 1300 1324 reddidit.
1330 1268 1674 1339 Quapropter
1696 1276 1752 1323 et
1776 1268 1873 1338 qui
1903 1283 1970 1323 ex

401 1358 517 1428 ipso
558 1359 718 1429 geniti
762 1369 909 1425 sunt,
950 1376 1045 1431 per
1066 1360 1474 1417 successionem
1508 1362 1852 1417 haereditario
1878 1362 1975 1418 de-

400 1443 510 1507 bito
540 1452 808 1518 obstricti,
848 1452 1217 1510 damnationis
1256 1454 1524 1510 sententia
1550 1454 1765 1509 multati
1817 1464 1970 1510 sunt.

398 1539 648 1610 Regnavit
677 1542 819 1595 enim
855 1557 993 1595 mors
1040 1542 1104 1595 ab
1154 1543 1324 1597 Adam
1352 1560 1513 1614 usque
1557 1543 1626 1597 ad
1658 1542 1895 1614 Moysem
1926 1544 1967 1574 ¹²

402 1630 499 1702 [αι.
517 1634 886 1689 damnationis
903 1636 970 1689 ab
987 1635 1052 1689 iis
1078 1636 1218 1691 ratio
1244 1636 1521 1708 exigitur].
1538 1636 1972 1709 Benignissimus

397 1734 578 1779 autem
615 1726 877 1782 Dominus
911 1742 1141 1783 cernens
1175 1729 1384 1799 plasma
1417 1729 1695 1799 proprium
1742 1745 1771 1784 a
1798 1740 1973 1785 morte

397 1815 646 1881 detineri,
690 1831 799 1873 non
835 1818 891 1873 in
921 1821 1083 1873 linem
1125 1834 1302 1889 usque
1366 1830 1650 1876 aversatus
1684 1829 1770 1877 est
1792 1821 1971 1876 homi—

397 1923 542 1972 nem,
579 1925 739 1979 quem
772 1910 839 1965 ad
867 1912 1158 1983 imaginem
1183 1928 1339 1969 suam
1370 1911 1598 1980 iecerat;
1626 1912 1717 1969 sed
1744 1927 1838 1983 per
1860 1913 1973 1968 sin-

388 2001 559 2071 gulas
599 2018 724 2057 eum
771 2005 1157 2073 generationes
1192 2005 1445 2071 visitans,
1489 2022 1599 2061 non
1640 2006 1885 2076 reliquit,
1917 2015 1972 2060 et

391 2100 553 2146 antea
597 2093 816 2163 quidem
850 2092 1107 2149 Patribus
1145 2104 1421 2159 ostensus,
1453 2102 1507 2149 et
1543 2094 1597 2149 in
1636 2094 1752 2164 lege
1777 2093 1973 2164 praedi-

396 2187 571 2241 catus,
616 2194 679 2234 ac
727 2179 781 2233 in
817 2180 1097 2251 prophetis
1138 2181 1496 2246 assimilatus,
1539 2181 1831 2236 salutarem
1859 2182 1971 2236 dis-

394 2272 764 2342 pensationem
790 2289 943 2329 suam
967 2275 1423 2347 praesigniﬁcarit.
1442 2275 1671 2342 Quando
1685 2291 1847 2346 porro
1880 2293 1971 2331 ve-

396 2367 475 2420 nit
520 2366 802 2435 plenitudo
842 2377 1150 2438 temporum
1186 2368 1407 2438 gloriosi
1453 2369 1718 2423 adventus
1741 2368 1856 2432 sui,
1885 2385 1970 2423 ar-

393 2456 712 2525 changelum
756 2448 1018 2525 praemisit
1065 2455 1373 2512 Gabrielem
1418 2458 1483 2511 ad
1535 2456 1761 2511 Mariam
1794 2456 1969 2527 Virgi-

392 2563 539 2609 nem.
566 2549 658 2617 qui
699 2549 881 2602 laztum
918 2550 1019 2619 ipsi
1042 2549 1294 2603 nuntium
1319 2548 1553 2604 deferret
1578 2550 1640 2602 ‘3.
1667 2548 1763 2604 llic
1788 2561 1967 2605 autem

395 2637 466 2691 ab
513 2637 879 2692 inell‘abilibus
912 2638 1165 2708 supernis
1190 2638 1552 2709 potestatibus
1589 2640 1655 2692 ad
1689 2639 1970 2694 sanctissi~

398 2743 543 2781 mam
579 2726 855 2798 Virginem
881 2728 1193 2791 deveniens,
1218 2730 1450 2799 primum
1481 2729 1585 2785 illis
1602 2730 1781 2784 verbis
1804 2747 1818 2785 :
1845 2729 1966 2793 Ave,

392 2821 569 2888 gratia
610 2820 762 2889 plena
785 2860 800 2883 ,
852 2820 1025 2890 ipsam
1069 2821 1416 2891 compellavit
1441 2836 1504 2876 ac
1527 2821 1783 2876 salutavit
1819 2840 1832 2874 :
1862 2837 1969 2891 qua

389 2909 615 2978 quidem
666 2911 957 2965 verborum
997 2926 1128 2965 voce
1169 2911 1233 2964 ad
1260 2925 1379 2964 eam
1407 2909 1575 2975 facta,
1612 2910 1666 2964 in
1691 2910 1807 2980 ipsa
1842 2925 1966 2964 mox

395 3001 673 3055 auditione
706 2999 944 3071 Spiritus
966 3012 1189 3056 sanctus
1215 3000 1699 3056 inimmaculatum
1730 3000 1969 3071 Virginis

397 3094 652 3163 templum
681 3094 956 3163 ingressus
980 3102 1092 3159 est;
1128 3104 1177 3147 et
1201 3094 1538 3149 sanctiﬁcata
1559 3102 1642 3148 est
1671 3108 1825 3149 mens
1846 3093 1967 3163 ejus

393 3184 554 3239 simul
580 3199 702 3237 cum
734 3182 993 3237 membris
1026 3201 1039 3237 :
1065 3183 1322 3252 stetitque
1344 3192 1538 3238 natura
1560 3199 1626 3238 ex
1644 3183 1896 3249 adverso,
1911 3191 1965 3238 et

395 3273 718 3327 concubitus
761 3272 983 3343 procul,
1012 3287 1137 3327 cum
1162 3281 1386 3343 stupore
1414 3280 1725 3342 spectantes
1754 3280 1967 3327 natura:

391 3362 681 3417 Dominum
711 3370 905 3431 praeter
933 3373 1209 3430 naturam,
1245 3370 1407 3432 atque
1434 3361 1571 3417 adeo
1594 3376 1761 3433 supra
1790 3371 1954 3417 natu-

394 3470 535 3521 ram,
578 3470 694 3509 rem
725 3453 1102 3513 admirabilem
1147 3454 1202 3507 in
1249 3468 1478 3523 corpore
1522 3462 1959 3524 perpetrantem;

392 3554 446 3601 et
484 3562 580 3616 per
612 3561 735 3616 qua:
777 3545 1029 3602 diabolus
1076 3559 1231 3600 arma
1276 3544 1667 3608 decertaverat,
1698 3558 1795 3615 per
1827 3558 1960 3599 con-

391 3638 561 3691 traria
618 3652 717 3691 nos
764 3637 1019 3693 Christus
1058 3636 1332 3704 liberavit,
1385 3646 1671 3707 assumpto
1734 3652 1964 3706 corpore

394 3727 539 3797 quod
570 3726 678 3797 pati
704 3739 905 3797 posset,
940 3738 998 3784 ut
1020 3738 1306 3795 nostrum;
1330 3737 1392 3783 ut
1421 3726 1691 3782 deﬁcienti
1723 3727 1962 3782 humano

395 3821 576 3889 generi
631 3820 891 3890 majorem
946 3819 1173 3890 gratiam
1212 3818 1309 3891 [αι.
1352 3819 1632 3891 gaudium]
1683 3820 1959 3875 tribueret.

394 3911 459 3966 Et
494 3912 582 3967 ubi
612 3911 908 3967 abundavit
932 3923 1239 3981 peccatum,
1281 3912 1957 3985 superabundavitgratia.

393 4007 789 4062 Convenienter
819 4006 981 4077 igitur
1006 4006 1178 4078 gratia
1203 4005 1269 4059 ad
1296 4004 1701 4061 sanctissimam
1730 4014 1813 4060 est
1840 4003 1964 4058 Vir-

393 4098 572 4169 ginem
610 4098 795 4153 missa.
832 4095 926 4153 Sic
954 4098 1099 4152 enim
1122 4106 1177 4151 et
1210 4097 1535 4167 evangeliea:
1561 4097 1805 4152 historia:
1832 4112 1962 4153 eon-

394 4191 530 4243 tinet
557 4190 839 4244 oraculum
872 4190 1058 4245 diccns
1094 4209 1108 4245 :
1140 4188 1319 4245 Hense
1355 4199 1532 4244 autem
1566 4198 1734 4252 sexto,
1764 4190 1961 4243 missus

388 4290 468 4335 est
506 4281 718 4351 angelus
761 4280 970 4335 Gabriel
1019 4283 1087 4335 ad
1120 4284 1375 4353 virginem
1418 4283 1792 4351 desponsatam
1826 4283 1959 4350 viro,

392 4374 477 4425 cui
506 4388 689 4425 nomen
737 4382 850 4425 erat
884 4371 1097 4442 Ioseph,
1126 4388 1189 4426 ex
1238 4375 1392 4427 domo
1423 4388 1471 4429 et
1505 4375 1715 4444 familia
1748 4373 1915 4427 David
1941 4392 1959 4437 ;

2087 526 2377 597 ποιήσηται
2418 524 2563 597 ζωὴν
2604 526 2704 598 τὴν
2742 526 2978 581 αἰώνιον.
3036 527 3122 579 Ἐν
3168 528 3336 582 είκόνι
3378 527 3486 599 γὰρ
3527 528 3667 582 Θεοῦ

2078 617 2379 680 διαπλάσας
2402 617 2492 670 τὸν
2522 616 2826 689 ἄνθρωπον,
2852 620 2910 673 ὲν
2937 619 3247 691 παραδείσῳ
3270 621 3481 692 τρυφῆς
3502 638 3668 694 προσ·

2078 711 2266 778 έταξεν
2298 710 2506 780 διάγειν
2525 726 2538 740 ·
2587 706 2741 775 οὗτος
2769 712 2826 765 δὲ
2864 712 3043 784 φθόνῳ
3068 712 3311 766 διαϐόλου
3338 715 3664 786 ἀπατηθεὶς,

2079 804 2172 856 καὶ
2216 805 2314 875 τῆς
2359 804 2507 869 θείας
2549 805 2772 876 ἐντολῆς
2814 806 3140 877 παραϐάτης
3178 807 3487 877 γενόμενος,
3532 808 3665 862 ὑπό-

2076 893 2223 957 δικος
2255 894 2444 964 γέγονε
2495 894 2746 949 Θανάτου.
2791 896 2952 949 Ὅθεν
2983 897 3075 950 καὶ
3102 897 3151 948 οἱ
3181 897 3240 962 ἐξ
3281 896 3446 949 αὐτοῦ
3485 898 3663 951 τικτό-

2080 1000 2253 1055 μενοι,
2304 983 2446 1038 κατὰ
2479 984 2728 1056 διαδοχὴν
2772 983 2849 1055 τῷ
2878 983 3129 1055 πατρικῷ
3156 984 3308 1055 χρέει
3354 986 3661 1051 ὑπέκειντο,

2074 1074 2176 1145 τῆς
2214 1074 2509 1147 καταδίκης
2539 1076 2600 1129 τὸ
2631 1076 2936 1145 λογοθέσιον
2966 1076 3303 1147 ἁπητημένοι
3496 1080 3661 1132 ἁπαι-

2074 1166 2367 1239 τούμενοι].
2414 1168 2803 1223 Ἐϐασίλευσε
2832 1168 2941 1241 γὰρ
2968 1171 3001 1223 ό
3039 1169 3294 1235 θάνατος
3325 1171 3445 1223 ἀπὸ
3488 1170 3662 1240 Ἀδὰμ

2071 1260 2249 1329 μέχρι
2288 1261 2606 1329 Μωϋσέως.
2654 1265 2713 1317 '0
2753 1264 2810 1317 δὲ
2855 1263 3231 1337 φιλάνθρωπος
3276 1265 3499 1339 Κύριος,
3538 1265 3661 1319 ἰδὼν

2074 1354 2135 1406 τὸ
2168 1354 2392 1425 πλάσμα
2428 1355 2489 1408 τὸ
2533 1355 2663 1410 ἴδιον
2701 1356 2805 1411 ὑπὸ
2844 1356 2937 1410 τοῦ
2985 1356 3215 1410 Θανάτου
3260 1357 3657 1428 κρατούμενον,

2074 1445 2173 1498 ούκ
2213 1448 2292 1510 εἰς
2334 1447 2487 1512 τέλος
2522 1448 2868 1521 ἀπεστράφη,
2902 1448 2961 1503 ὃν
2990 1450 3113 1503 κατ’
3144 1448 3331 1502 εἰκόνα
3363 1450 3655 1521 ἐποίησεν

2075 1537 2208 1591 ἀλλὰ
2242 1537 2362 1592 καθ’
2385 1540 2623 1611 ἑκάστην
2652 1540 2842 1608 γενεὰν
2865 1540 3347 1611 ἐπισκεπτόμενος,
3378 1540 3440 1593 οὐ
3470 1540 3660 1593 διέλει-

2076 1650 2208 1689 πεν·
2240 1636 2334 1689 καὶ⁴
2365 1635 2555 1708 πρώην
2587 1636 2685 1707 μὲν
2719 1638 2776 1690 ὲν
2813 1638 2926 1701 τοῖς
2960 1635 3237 1708 Πατράσιν
3269 1634 3658 1706 ὀπτανόμενος,

2075 1725 2167 1779 καὶ
2203 1727 2261 1779 ὲν
2290 1725 2437 1798 νόμῳ
2475 1727 2899 1799 κηρυττόμενος,
2941 1729 3034 1782 καὶ
3067 1729 3124 1781 ὲν
3162 1729 3472 1800 προφήταις
3514 1731 3657 1800 ὁμοι-

2073 1818 2322 1890 ούμενος,
2362 1817 2460 1891 τὴν
2498 1820 2762 1892 σωτήριον
2798 1821 3109 1892 οἰκονομίαν
3137 1822 3501 1892 προεμήνυεν.
3534 1822 3657 1874 Ὅτε

2073 1910 2129 1964 δὲ
2155 1907 2319 1981 ἦλθεν
2352 1910 2413 1963 τὸ
2457 1910 2728 1983 πλήρωμα
2757 1910 2867 1964 τῶν
2899 1911 3103 1984 καιρῶν
3138 1912 3236 1983 τῆς
3268 1912 3482 1978 ἐνδόξου
3521 1930 3650 1983 περ·

2071 2001 2256 2066 ουσίας
2302 2001 2488 2067 αὑτοῦ,
2533 2002 2625 2056 τὸν
2668 2002 3008 2074 ἁρχάγγελον
3062 2002 3302 2076 Γαϐριὴλ
3359 2003 3502 2075 πρὸς
3562 2004 3657 2073 τὴν

2071 2092 2343 2166 Παρθένον
2392 2093 2626 2166 Μαριὰμ
2650 2094 3133 2166 εὐαγγελιζόμενον
3185 2095 3653 2167 προαπέσταλκεν.

2082 2186 2138 2237 '0
2167 2185 2246 2251 δὲ,
2283 2186 2390 2239 ἀπὸ
2433 2186 2540 2239 τῶν
2571 2185 2866 2257 ἀφράστων
2896 2187 3009 2241 ἄνω
3055 2186 3340 2257 δυνάμεων
3381 2185 3523 2257 πρὸς
3562 2187 3656 2255 τὴν

2068 2277 2230 2346 ἁγίαν
2267 2277 2538 2350 Παρθένον
2578 2278 3042 2350 παραγενόμενος,
3079 2279 3312 2351 πρῶτον,
3339 2278 3422 2342 τὸ,
3454 2278 3653 2346 Χαῖρε,

2069 2368 2541 2439 κεχαριτωμένη,
2586 2370 2724 2442 αὐτῇ
2773 2370 3228 2441 προσεφώνησεν
3281 2370 3379 2441 τῆς
3434 2370 3491 2423 δὲ
3549 2389 3656 2439 φω-

2070 2461 2188 2530 νῆς,
2210 2460 2531 2529 τοῦ-Χαῖρε,
2573 2461 3032 2531 κεχαριτωμένη,
3062 2462 3197 2533 πρὸς
3233 2461 3398 2532 αὐτὴν
3428 2462 3657 2531 γενομέο

2070 2570 2167 2623 νης
2208 2553 2296 2607 διὰ
2322 2553 2422 2624 τῆς
2436 2555 2609 2625 ἀκοῆς
2624 2554 2871 2625 εἰσῆλθεν
2891 2554 2951 2607 τὸ
2981 2554 3203 2625 Πνεῦμα
3217 2555 3276 2607 τὸ
3291 2554 3441 2623 ἅγιον
3460 2556 3548 2619 είς
3570 2554 3655 2608 τὸν

2069 2643 2330 2714 ἀμίαντον
2359 2644 2486 2699 ναὸν
2508 2646 2604 2716 τῆς
2627 2645 2928 2717 Παρθένου”
2941 2645 3047 2717 ,καὶ
3063 2646 3295 2715 ἡγιάσθη
3312 2647 3345 2716 ἡ
3360 2645 3543 2700 ἔννοια
3562 2647 3655 2698 σὺν

2070 2737 2180 2797 τοῖς
2201 2734 2422 2805 μέλεσι·
2458 2734 2551 2788 καὶ
2581 2734 2707 2806 ἔστη
2737 2737 2769 2805 ἡ
2796 2734 2956 2804 φύσις
2977 2735 3254 2806 ἄντικρυς,
3284 2736 3377 2789 καὶ
3399 2738 3432 2806 ἡ
3471 2753 3654 2788 συνευ-

2074 2824 2164 2879 σία
2185 2825 2488 2899 πόρρωθεν,
2517 2826 2654 2898 μετὰ
2673 2825 2913 2897 θάμϐους
2937 2826 3237 2898 θεωροῦσαι
3264 2828 3353 2879 τὸν
3372 2827 3655 2896 Δεσπότην

2069 2914 2169 2985 τῆς
2221 2916 2432 2985 φύσεως
2485 2915 2635 2987 παρὰ
2684 2915 2863 2985 φύσιν,
2925 2916 3124 2986 μᾶλλον
3175 2915 3232 2969 δὲ
3295 2916 3439 2985 ὑπὲρ
3494 2916 3651 2984 etiam

2070 3006 2302 3077 πρᾶγμα
2331 3004 2849 3076 θανδματουργοῦντα
2882 3006 2939 3058 ὲν
2970 3004 3050 3076 τῷ
3084 3004 3325 3076 σώματι·
3363 3006 3461 3058 καὶ
3489 3005 3559 3059 δι’
3578 2999 3652 3060 ὧν

2070 3096 2247 3150 ὅπλων
2296 3098 2323 3150 ὁ
2377 3095 2619 3159 διάϐολος
2669 3095 2999 3165 ἠγωνίζετο,
3072 3096 3159 3150 διὰ
3229 3096 3337 3148 τῶν
3388 3098 3651 3150 ἐναντίων

2066 3190 2094 3243 ὁ
2122 3188 2357 3261 Χριστὸς
2408 3189 2556 3259 ἡμᾶς
2603 3188 2823 3251 ἔσωσεν,
2879 3187 3165 3243 ἀναλαϐὼν
3211 3188 3271 3241 τὸ
3320 3189 3651 3259 όμοιοπαθὲς

2064 3282 2196 3352 ἡμῖν
2228 3261 2532 3350 σῶμαίῖνα
2556 3278 2634 3350 τῷ
2665 3279 2903 3332 λείποντι
2940 3279 3158 3350 μείζονα
3197 3280 3353 3351 χάριν
3387 3277 3514 3349 [ἄλ.
3556 3296 3652 3349 χα-

2069 3368 2192 3440 ρὰν]
2224 3369 2552 3440 δωρήσηται.
2603 3368 2713 3422 Καὶ
2756 3368 2891 3421 ὅπου
2939 3369 3261 3422 ἐπλεόνασεν
3294 3370 3326 3439 ὴ
3362 3367 3646 3439 ἁμαρτία,

2067 3460 2590 3533 ὑπερεπερίσσευσεν
2612 3460 2832 3532 ήχάρις.
2858 3460 3184 3533 Πρεπόντως
3203 3460 3259 3512 δὲ
3277 3461 3496 3535 ήχάρις
3510 3459 3647 3529 πρὸς

2065 3554 2160 3627 τὴν
2219 3554 2376 3623 ἁγίαν
2410 3552 2683 3623 Παρθένον
2732 3552 3087 3607 ἀπέσταλται.
3146 3552 3332 3615 Οὕτως
3377 3552 3493 3622 γὰρ
3558 3552 3649 3604 καὶ

2066 3645 2305 3717 περιέχει
2347 3645 2446 3716 τῆς
2491 3642 2851 3713 εὐαΠελικῆς
2899 3642 3142 3713 ἱστορίας
3190 3642 3252 3695 τὸ
3301 3641 3504 3710 λόγιον-
3568 3640 3647 3705 Τῷ

2059 3737 2207 3807 μηνὶ
2242 3736 2309 3789 δὲ
2346 3734 2427 3801 τῷ
2450 3734 2627 3802 ἕκτῳ,
2672 3733 2986 3802 ἀπεστάλη
3022 3737 3054 3788 ὀ
3085 3733 3339 3803 ἄγγελος
3378 3733 3646 3801 Γαϐριὴλ

2064 3828 2208 3897 πρὸς
2245 3827 2541 3895 παρθένον
2557 3824 3099 3895 μεμφηστευμένηγ
3126 3824 3331 3892 ἀνδρὶ,
3378 3816 3426 3889 ᾧ
3458 3823 3645 3893 ὄνομα

2077 3919 2309 3990 Ἰωσὴφ,
2359 3918 2427 3982 ἐξ
2474 3918 2642 3972 οἴκου
2702 3917 2802 3972 καὶ
2854 3917 3103 3986 πατριᾶς
3143 3916 3359 3971 Δαείδ·
3415 3918 3517 3970 καὶ
3582 3917 3643 3969 τὸ

2065 4013 2251 4082 ὄνομα
2276 4010 2386 4079 τῆς
2411 4009 2730 4078 παρθένου,
2762 4008 3019 4078 Μαριὰμ,
3053 4009 3147 4062 καὶ
3170 4008 3237 4061 τὰ
3274 4006 3459 4060 λοιπά.
3500 4007 3644 4077 Πρῶ-

2064 4123 2153 4171 τος
2191 4105 2247 4158 δὲ
2280 4104 2384 4177 μὴν
2411 4097 2564 4166 οὗτος
2595 4101 2734 4173 πρὸς
2770 4100 2868 4173 τὴν
2913 4102 3075 4170 ἁγίαν
3125 4100 3418 4172 Παρθένονο
3465 4098 3647 4162 καθώς

2064 4214 2226 4268 φησιν
2260 4198 2316 4249 ἐν
2359 4197 2423 4266 τῇ
2471 4195 2667 4265 νομικῇ
2718 4191 2912 4262 βίϐλῳ·
2977 4194 3048 4244 Ὃ
3087 4190 3214 4261 μὴν
3254 4185 3431 4256 οὗτος
3464 4190 3644 4259 ὑμῖν,

2062 4287 2219 4358 ἀρχὴ
2238 4286 2469 4355 μηνῶν,
2493 4284 2725 4354 πρῶτός
2748 4283 2919 4337 ἐστιν
2943 4281 3106 4352 ὑμῖν,
3131 4282 3201 4334 ἐν
3221 4281 3344 4346 τοῖς
3356 4282 3512 4351 μησὶ
3543 4278 3646 4333 τοῦ

2061 4381 2360 4434 ἐνιαυτοῦ.
2404 4378 2597 4449 Πάσχα
2644 4375 2797 4445 ἅγιον
2836 4374 3133 4448 ἑορτάσατε
3330 4370 3645 4443 ὲορτάσετε]

392 4473 441 4517 et
473 4479 656 4517 nomen
678 4463 920 4533 virginis,
945 4463 1123 4517 Maria
1153 4464 1220 4529 ”,
1250 4474 1305 4518 et
1324 4466 1553 4535 reliqua.
1589 4466 1809 4520 Primus
1833 4481 1960 4521 vero

2069 4473 2140 4544 τῷ
2173 4470 2361 4543 Κυρίῳ
2410 4471 2489 4533 εἰς
2530 4468 2712 4531 πάσας
2742 4466 2840 4531 τὰς
2882 4466 3074 4535 γενεάς
3119 4464 3293 4536 ὑμῶν.
3338 4464 3537 4526 Ἕκτος
3589 4462 3646 4514 δὲ

393 4554 483 4609 hic
516 4563 601 4609 est
649 4554 874 4621 mensis,
917 4569 1027 4625 quo
1079 4555 1148 4611 ad
1215 4557 1617 4612 sanctissimam
1676 4557 1953 4627 Virginem

394 4647 598 4701 missus
618 4656 703 4701 est
740 4646 1137 4717 archangelus;
1179 4646 1319 4703 sicut
1350 4657 1404 4702 et
1436 4649 1489 4702 in
1525 4649 1680 4720 legali
1712 4650 1853 4705 libro
1883 4650 1957 4704 ait

394 4737 672 4807 Scriptura
710 4758 722 4792 :
756 4737 952 4793 Mensis
1002 4739 1101 4793 iste
1134 4739 1275 4794 vobis
1315 4741 1637 4810 principium
1676 4744 1955 4808 mensium,

391 4829 594 4896 primus
616 4838 697 4882 est
740 4828 882 4883 vobis
932 4829 986 4882 in
1029 4830 1289 4886 mensibus
1329 4832 1455 4885 anni
1479 4833 1543 4887 ιθ.
1575 4831 1789 4889 Pascha
1824 4851 1955 4890 san~

393 4928 540 4973 clum
562 4920 828 4975 celebrate
859 4918 953 4992 [aL
973 4920 1337 4994 celebrabitis]
1374 4922 1626 4991 Domino,
1656 4924 1712 4979 in
1744 4927 1956 4982 cunctis

394 5011 835 5078 generationibus
875 5013 1089 5066 vestris.
1136 5010 1333 5068 Sextus
1384 5029 1513 5068 vero
1567 5016 1773 5072 mensis
1812 5020 1954 5087 apud

396 5099 735 5156 Zachariam.
764 5100 956 5156 Merito
985 5102 1149 5173 igitur
1192 5105 1537 5160 sanctissima
1565 5104 1731 5177 Virgo
1764 5123 1830 5162 ex
1866 5124 1957 5178 ge-

394 5211 524 5251 nere
550 5194 715 5249 David
756 5192 877 5259 fuit,
905 5201 959 5248 et
987 5193 1296 5250 Bethlehem
1331 5197 1560 5265 patriam
1598 5198 1863 5267 possedit,
1893 5215 1958 5254 ac

392 5286 590 5358 Ioseph
622 5287 920 5344 secundum
973 5286 1461 5356 consanguinitatis
1503 5288 1647 5359 leges
1690 5290 1816 5359 jure
1860 5291 1955 5346 de-

396 5379 675 5449 sponsata.
714 5377 779 5431 Et
814 5385 1003 5432 custos
1026 5375 1144 5444 ejus
1163 5386 1279 5430 erat
1303 5394 1558 5447 sponsus,
1592 5389 1753 5448 atque
1782 5382 1958 5435 ineor-

395 5470 665 5538 ruptionis
692 5469 862 5538 ipsius
892 5470 1223 5523 intemeratae
1250 5469 1605 5525 cohabitator.
1636 5471 1699 5526 Et
1729 5474 1957 5528 sanctis-

394 5561 547 5615 simae
575 5558 780 5631 Virgini
811 5560 962 5616 valde
992 5575 1150 5616 suum
1176 5560 1476 5628 quadrabat
1504 5578 1699 5617 nomen
1738 5582 1751 5617 :
1786 5564 1953 5619 Maria

2072 4564 2177 4636 μὴν
2210 4563 2344 4635 πρὸς
2375 4559 2666 4632 Ζαχαρίαν.
2701 4558 2938 4618 Εἰκότως
2969 4556 3027 4608 δὲ
3058 4559 3090 4627 ἡ
3118 4556 3247 4623 ἁγία
3280 4553 3556 4625 Παρθένος
3584 4556 3647 4605 ἐκ

2069 4656 2258 4725 γένους
2304 4653 2466 4708 Δαϐὶδ
2507 4650 2817 4721 ἐτύγχανεν,
2859 4648 2952 4700 καὶ
2984 4648 3082 4717 τὴν
3114 4645 3362 4717 Βηθλεὲμ
3408 4644 3647 4713 πατρίδι

2068 4745 2347 4815 ἐκέκτητο,
2378 4743 2471 4796 καὶ
2497 4741 2575 4812 τῷ
2611 4739 2808 4811 Ἰωσὴφ
2832 4738 2971 4792 κατὰ
2997 4738 3194 4807 νόμους
3214 4735 3535 4804 συγγενείας
3561 4735 3644 4786 δι-

2066 4835 2235 4897 καίως
2268 4833 2691 4904 ὲμεμνήστευτο.
2728 4830 2838 4883 Καὶ
2869 4827 3043 4899 φύλαξ
3070 4823 3139 4899 ἦν
3167 4829 3195 4879 ὁ
3232 4828 3511 4898 μνήστωρ,
3548 4828 3646 4879 καὶ

2065 4928 2094 4979 ὁ
2125 4924 2429 4997 ἀφθαρσίας
2461 4922 2739 4994 ἀκηράτου
2777 4920 3045 4984 σύνοικος.
3080 4919 3192 4972 Καὶ
3223 4920 3287 4988 τῇ
3334 4918 3464 4988 ἁγίᾳ
3489 4918 3644 4988 Παρ-

2065 5018 2205 5089 θένῳ
2229 5017 2349 5070 λίαν
2379 5016 2585 5087 πρέπον
2609 5014 2800 5084 ὄνομα.
2837 5012 3025 5084 Μαρία
3046 5010 3154 5083 γὰρ
3179 5010 3446 5079 ἐκέκλητο
3462 5026 3475 5038 °
3503 5010 3645 5078 ὅπερ

2063 5110 2128 5182 δὴ
2171 5107 2472 5179 φωτισμὸς
2503 5104 2883 5180 ἑρμηνεύεται.
2921 5103 2987 5157 Τί
3037 5102 3145 5174 γὰρ
3191 5101 3286 5155 τοῦ
3323 5100 3501 5169 φωτὸς
3541 5101 3644 5168 τῆς

2064 5200 2359 5273 παρθενίας
2374 5198 2748 5271 λαμπρότερον
2766 5214 2781 5261 ;
2801 5197 2960 5250 Ὅθεν
2976 5196 3070 5249 καὶ
3093 5194 3191 5256 τάς
3207 5192 3409 5264 ἀρετάς
3438 5190 3645 5263 παρθέ-

2064 5309 2187 5353 νους
2220 5289 2591 5361 ὀνομάζουσιν,
2609 5289 2657 5341 οί
2679 5286 2976 5351 τὰςούσίας
3001 5285 3180 5339 αὐτῶν
3208 5284 3427 5352 ἀγαθῶς
3455 5299 3646 5352 στοχο-

2066 5381 2300 5452 ζόμενοι.
2336 5381 2398 5433 El
2430 5380 2485 5433 δὲ
2518 5379 2766 5432 τοσοῦτον
2786 5379 3008 5447 ἀγαθὸν,
3038 5377 3304 5449 παρθένον
3338 5378 3480 5446 ἔχειν
3501 5393 3637 5446 καρ-

2064 5474 2203 5539 δίαν,
2235 5472 2420 5543 ἡλίκον
2455 5473 2487 5543 ἠ
2520 5471 2654 5543 σὰρξ
2685 5472 2821 5542 μετὰ
2864 5473 2960 5541 τῆς
2987 5471 3163 5541 ψυχῆς
3205 5470 3305 5541 τὴν
3341 5469 3644 5541 τηρθενίαν

2067 5565 2385 5635 ἁσκήσασα;
2420 5563 2602 5628 Οὕτως
2632 5565 2723 5616 καὶ
2755 5566 2786 5633 ἡ
2817 5564 2944 5632 ἁγία
2976 5564 3164 5633 Μαρία
3192 5563 3249 5614 ἐν
3284 5561 3446 5631 σαρκὶ
3477 5556 3639 5625 οὖσα,

467 5750 509 5780 ¹¹
544 5747 701 5802 Rom.
734 5766 782 5813 γ,
816 5749 897 5802 li.
978 5749 1018 5779 ¹³
1052 5749 1179 5803 Luc.
1216 5765 1249 5802 I.
1333 5748 1374 5779 “
1400 5746 1532 5803 Luc.
1559 5763 1598 5812 ι,
1628 5747 1717 5817 26,
1748 5749 1837 5803 27.
1919 5753 1960 5783 ¹⁵

2069 5753 2155 5806 od.
2191 5767 2291 5817 ιιι,
2326 5750 2380 5804 ‘2.

3244 6490 3273 6494 _
3354 6488 3361 6491 -
3434 6486 3473 6491 ἡ
3516 6484 3541 6487 ἡ
3612 6484 3645 6489 κ-
3710 6483 3748 6490 ~—
