3876 6528
241 377 381 433 Ηῦἒί

1147 372 1433 429 HOMILIA
1472 372 1513 426 ll
1556 369 1625 427 IN
1667 370 2091 428 ANNUN'I'IAT.
2134 372 2318 428 γιιιο.
2356 373 2617 429 ΜᾹΒΙίΕ.

3375 384 3512 442 “66

237 493 339 565 τὴν
368 492 641 565 ἄφθαρτον
682 490 957 546 πολιτείαν
994 492 1277 562 ἐκέκτητο,
1316 494 1410 547 καὶ
1440 491 1508 547 τά
1542 493 1689 565 παρά
1730 491 1823 545 τοῦ

1933 492 2075 545 enim
2112 506 2419 563 nuncupata
2454 505 2591 561 erat,
2626 498 2769 566 quod
2803 498 3130 555 illuminatio
3180 502 3507 574 interpreta-

239 586 578 658 ἀρχαγγέλου
610 585 887 655 λεχθέντα,
923 585 1100 639 πίστει
1127 585 1359 656 ἐδέχετο.
1388 586 1497 638 Καὶ
1526 584 1648 639 τότε
1685 584 1825 656 μετὰ

241 680 476 750 σπουδῆς
513 680 647 750 πρὸς
690 680 787 750 τὴν
834 680 1112 733 Ἐλισάϐετ
1155 680 1252 751 τὴν
1302 678 1589 747 συγγενίδα
1620 678 1822 749 αὐτῆς,

240 774 322 837 εἰς
352 771 450 843 τὴν
477 772 689 843 ὀρεινὴν
723 774 1033 844 ἐπορεύετο.
1067 773 1178 828 Καὶ
1201 772 1564 828 εἰσελθοῦσα
1591 776 1679 839 εὶς
1722 772 1826 825 τὸν

239 860 412 917 οἷκον
468 863 574 917 τοῦ
628 866 911 933 Ζαχαρία,
952 866 1278 933 ἠσπάσατο
1329 866 1445 935 τὴν
1486 867 1822 931 Ἐλισάϐετ,

242 956 601 1027 μιμησαμένη
624 956 711 1009 τὸν
734 956 983 1025 ἄγγελον.
1020 956 1116 1023 Ὠς
1134 958 1190 1012 δὲ
1210 958 1478 1027 ἤκουσεν
1498 958 1605 1011 τὸν
1625 960 1823 1013 ἀσπα-

238 1049 401 1119 σμὸν
425 1050 534 1117 τῆς
562 1049 789 1118 Μαρίας
815 1052 854 1119 ή
895 1050 1225 1115 Ἐλισάϐετ,
1247 1052 1570 1120 ἐσκίρτησε
1600 1051 1665 1105 τὸ
1684 1053 1826 1121 ,βρέ-

238 1162 352 1213 φος
384 1147 445 1198 ὲν
477 1144 796 1213 ἀγαλλιάσει
829 1145 902 1199 ὲν
925 1143 1001 1213 τῇ
1035 1146 1234 1213 κοιλίᾳ
1279 1144 1486 1213 αὐτῆς,
1513 1145 1612 1199 καὶ
1632 1146 1822 1212 ἐπλή-

207 1254 213 1262 ·
237 1240 357 1303 σθη
380 1238 725 1305 Πνεύματος
752 1237 923 1306 ἁγίου
948 1238 987 1304 ἡ
1017 1236 1346 1290 Ἐλισάϐετ.
1378 1236 1587 1291 Οὐκοῦν
1617 1237 1823 1308 ήφωνὴ

236 1330 337 1400 τῆς
350 1329 572 1401 Μαρίας
598 1331 889 1400 ἐνήργησε,
915 1330 1008 1383 καὶ
1041 1330 1357 1400 Πνεῦματος
1385 1329 1541 1397 ἁγίου
1558 1328 1654 1400 τὴν
1688 1329 1824 1382 Ἐλι-

239 1421 409 1475 σάὸετ
461 1422 726 1493 ἐνέπλησε
770 1421 894 1493 [ἄλ.
940 1421 1288 1495 ὲπλήρωσε]·
1347 1422 1723 1495 καὶικαθάπερ
1763 1422 1823 1490 ἐξ

235 1515 466 1569 ἁεννάου
504 1516 688 1586 πηγῆς
720 1515 809 1569 διὰ
845 1516 945 1586 τῆς
992 1515 1236 1585 γλώττης
1270 1516 1515 1586 ποταμὸν
1547 1518 1823 1587 χαρισμά-

232 1626 369 1669 των,
411 1608 500 1662 διὰ
554 1608 651 1679 τῆς
686 1610 1021 1681 προφητείας
1052 1612 1117 1680 τῇ
1165 1609 1440 1679 συγγενίδι
1485 1609 1819 1680 ἐξέπεμψεν·

235 1701 336 1755 καὶ
360 1703 473 1764 τοῖς
500 1701 626 1755 ποσὶ
653 1700 747 1755 τοῦ
767 1702 1000 1774 βρέφους
1023 1706 1089 1773 τῇ
1105 1702 1302 1773 γαστρὶ
1326 1701 1646 1773 δεδεμένοις,
1669 1701 1823 1755 ἄλλε-

234 1793 365 1846 σθαι
398 1795 492 1847 καὶ
532 1795 761 1867 σκιρτᾷν
793 1795 1225 1865 παρεσκεύασεν.
1278 1794 1451 1867 Ὅπερ
1492 1790 1559 1865 ἦν
1602 1796 1822 1866 χορείας

233 1883 516 1955 θαύματος
547 1864 834 1955 σύμϐολον.
876 1864 1043 1938 Ἔνθα
1073 1883 1239 1956 γὰρὴ
1276 1864 1690 1957 κεχαριτωμένη
1717 1902 1821 1938 πα-
1854 1864 1893 1919 Β

235 1976 625 2048 ραγεγένηται,
682 1980 857 2049 χαρᾶς
908 1977 978 2032 τὰ
1020 1978 1200 2032 πάντα
1245 1979 1619 2050 πεπλήρωται.
1663 1979 1819 2033 Ἀνε-

232 2065 556 2137 ςώνησεδὲ
588 2068 999 2140 φωνῇμεγὰλῃ
1055 2072 1087 2141 ή
1135 2070 1435 2133 Ἐλισάὸετ,
1488 2070 1585 2125 καὶ
1616 2067 1813 2125 εἶπεν·

234 2160 632 2231 Εὐλογημένη
681 2161 763 2215 σὺ
807 2160 877 2214 ἐν
914 2161 1175 2231 γυναιξὶ,
1205 2164 1303 2216 καὶ
1350 2162 1755 2232 εὐλογημένος
1788 2167 1821 2218 ὀ

230 2254 468 2322 καρπὸς
502 2253 611 2321 τῆς
642 2253 875 2320 κοιλίας
905 2268 1051 2309 σου·
1100 2255 1199 2308 καὶ
1244 2255 1433 2309 πόθεν
1464 2272 1573 2324 μοι
1601 2256 1780 2310 τοῦτο
1803 2298 1818 2320 ,

232 2345 337 2397 ἵνα
367 2344 513 2413 ἔλθῃ
535 2345 574 2413 ἠ
598 2342 796 2413 μήτηρ
830 2345 935 2399 τοῦ
965 2347 1187 2414 Κυρίου
1229 2364 1347 2416 μου
1375 2347 1527 2416 πρὸς
1559 2348 1674 2417 μέ;
1708 2351 1822 2403 Εὑ-

233 2435 541 2505 λογημένη
574 2436 655 2489 σὺ
683 2436 754 2489 ἐν
784 2436 1044 2505 γυναιξί.
1084 2438 1155 2491 Σὺ
1188 2437 1298 2510 γὰρ
1330 2440 1522 2505 αὐταῖς
1554 2441 1697 2513 ἀρχὴ
1724 2443 1823 2513 τῆς

231 2526 594 2590 ἀναπλάσεως
643 2524 779 2599 [ἄλ.
833 2528 1214 2600 ἀναστάσεως]
1270 2530 1520 2599 γέγονας.
1565 2533 1639 2585 Σὺ
1674 2536 1809 2605 παῤ-

237 2618 436 2691 ρησίαν
465 2620 599 2690 ἡμῖν
618 2620 715 2690 τῆς
740 2620 821 2683 εἰς
851 2620 1178 2690 παράδεισον
1208 2622 1413 2675 εἰσόδου
1434 2622 1694 2689 δέδωκας,
1729 2626 1824 2680 καὶ

235 2712 334 2784 τὴν
383 2712 617 2784 ἀρχαίαν
659 2712 848 2784 ὀδύνην
879 2711 1124 2779 ὲδίωξας.
1162 2714 1358 2768 Οὐκέτι
1400 2715 1509 2788 γὰρ
1552 2718 1693 2788 μετά
1726 2718 1821 2782 σὲ,

232 2808 295 2859 τὸ
330 2806 489 2875 γένος
515 2806 624 2860 τῶν
647 2807 920 2875 γυναικῶν
950 2807 1285 2873 ὀνειδίζεται.
1322 2810 1519 2864 Οὐκέτι
1544 2812 1593 2863 οἱ
1629 2810 1825 2884 κληρο-

237 2898 396 2969 νόμοι
438 2898 539 2969 τῆς
585 2898 729 2961 Εὔας
780 2898 1070 2969 φοϐοῦνται
1114 2900 1211 2971 τήν
1263 2902 1496 2973 ἀρχαίαν
1555 2904 1821 2975 κατάραν,

233 2990 360 3043 οὐδὲ
385 2987 481 3043 τοῦ
514 2988 735 3043 τοκετοῦ
766 2990 863 3061 τὴν
904 2990 1087 3046 ὠδῖνα.
1142 2993 1358 3065 Ἐπειδὴ
1387 2995 1622 3065 Χριστὸς
1658 2996 1687 3047 ὁ
1724 2994 1820 3048 τοῦ

234 3080 430 3147 γένους
456 3079 615 3151 ήμῶν
647 3080 961 3152 Λυτρωτὴς,
988 3083 1016 3136 ὁ
1038 3082 1228 3155 Σωτὴρ
1254 3084 1383 3155 ὅλης
1405 3085 1504 3155 τῆς
1533 3085 1768 3155 φύσεως,
1793 3088 1823 3140 ὁ

236 3172 608 3242 πνευματικὸς
640 3172 831 3243 Ἀδὰμ,
858 3174 887 3225 ὁ
906 3172 1000 3226 τοῦ
1032 3174 1217 3243 χοϊκοῦ
1232 3176 1333 3245 τὴν
1356 3175 1569 3248 πληγὴν
1599 3177 1823 3247 ίασάμε-
1851 3206 1893 3262 C

236 3278 326 3325 νος
355 3264 420 3315 ὲκ
444 3261 547 3332 τῆς
582 3261 744 3330 ἁγίας
775 3261 1011 3333 γαστρός
1039 3280 1133 3317 σου
1170 3264 1517 3336 προέρχεται.
1552 3268 1822 3335 Εὐλογη-

234 3353 390 3424 μένη
434 3354 518 3409 σὺ
544 3354 615 3407 ὲν
642 3353 901 3424 γυναιξὶ,
961 3354 1059 3408 καὶ
1089 3356 1494 3426 εὐλογημένος
1522 3361 1555 3411 ό
1595 3358 1824 3427 καρπὸς

237 3448 350 3517 τῆς
384 3447 616 3514 κοιλίας
650 3463 789 3501 σου.
836 3447 893 3500 ’0
924 3446 1032 3521 γὰρ
1065 3449 1286 3504 πάντων
1316 3449 1426 3503 τῶν
1469 3450 1691 3519 ἀγαθῶν
1719 3469 1823 3521 φυ-

235 3538 501 3611 τουργὸς,
554 3538 646 3602 σὸς
710 3537 920 3609 καρπὸς
974 3538 1366 3592 ἀναδέδεικται.
1426 3540 1670 3613 Λαμπρά
1726 3543 1823 3613 μὲν

235 3629 455 3701 ὁρῶμεν
487 3631 581 3684 καὶ
613 3630 710 3700 τῆς
742 3629 966 3700 στείρας
998 3628 1065 3681 τὰ
1100 3630 1345 3701 ῥήματα·
1381 3631 1737 3705 λαμπρότερα
1766 3634 1823 3687 δὲ

237 3721 404 3774 πάλιν
450 3721 483 3790 ή
532 3719 662 3788 ἁγία
714 3719 1016 3789 ἐφθέγξατο
1067 3720 1365 3792 Παρθένος,
1416 3726 1511 3777 καὶ
1558 3725 1704 3797 ᾠδὴν
1748 3726 1826 3797 τῷ

236 3814 358 3886 Θεῷ
384 3813 757 3886 εὐχαριστίας,
798 3813 891 3865 καὶ
918 3813 1168 3878 εὐωδίας,
1198 3816 1293 3869 καὶ
1321 3815 1598 3885 θεολογίας
1628 3817 1826 3889 γέμου-

238 3923 340 3960 σαν
381 3905 460 3976 τῷ
491 3904 609 3976 θεῷ
642 3905 988 3977 ἀνατίθησιν·
1026 3907 1165 3977 μετά
1195 3907 1305 3961 τῶν
1345 3910 1587 3982 ἀρχαίων
1623 3910 1692 3964 τὰ
1732 3912 1826 3966 νέα

237 3998 714 4067 καταγγέλλουσασ
750 3998 890 4070 μετά
922 3998 1030 4051 τῶν
1066 4000 1161 4054 ἀπ’
1190 3999 1386 4065 αἰῶνος
1416 4000 1487 4054 τὰ
1516 4004 1611 4057 ἐπὶ
1647 4022 1829 4058 συντε-

237 4086 360 4157 λείᾳ
392 4084 499 4137 τῶν
520 4084 732 4139 αἰώνων
760 4084 1122 4157 κηρύττουσα,
1141 4090 1233 4143 καὶ
1262 4090 1320 4143 ὲν
1350 4088 1545 4162 βραχεῖ
1571 4092 1649 4164 τῷ
1683 4094 1827 4166 λόγῳ

237 4176 846 4248 ἀνακεφαλαιωσαμένη
889 4176 985 4231 τοῦ
1015 4180 1250 4251 Χριστοῦ
1283 4180 1352 4234 τὰ
1387 4184 1681 4255 μυστήρια.
1724 4183 1823 4241 EI-

237 4286 357 4325 πεν
388 4271 445 4324 δὲ
475 4270 711 4339 Μαριάμ
731 4287 745 4301 ⁸
787 4273 1121 4342 Μεγαλύνει
1164 4275 1203 4342 ἠ
1238 4276 1409 4344 ψυχή
1429 4294 1550 4345 μου
1575 4277 1683 4332 τὸν
1718 4282 1828 4336 Κύ-

234 4383 391 4433 ριον.
421 4365 531 4419 Καὶ
550 4365 926 4435 ἠγαλλίασεν
944 4366 1009 4419 τὸ
1038 4367 1275 4437 πνεῦμά
1299 4387 1419 4438 μου
1447 4370 1547 4425 ἐπὶ
1581 4371 1661 4439 τῷ
1705 4375 1827 4441 Θεῷ

237 4457 320 4524 τῷ
350 4456 577 4526 σωτῆρί
594 4476 735 4527 μου,
762 4458 856 4511 καὶ
881 4458 949 4512 τὰ
976 4458 1121 4530 ἑξῆς.
1162 4460 1535 4517 Ἁντελάϐετο
1579 4466 1827 4535 Ἰσραὴλ

1930 592 2039 637 tur.
2076 583 2216 649 Quid
2254 586 2401 639 enim
2452 589 2742 657 splendore
2803 591 3137 662 virginitatis
3194 594 3510 654 illustrius?

1929 677 2275 746 Quapropter
2321 686 2375 731 et
2422 678 2652 734 virtutes
2704 679 2945 751 virgines
2985 682 3363 752 denominant,
3412 691 3508 759 qui

1928 776 2076 822 recte
2121 770 2392 824 essentias
2439 785 2628 825 earum
2658 772 2980 843 conjiciunt.
3017 775 3175 841 Quod
3209 778 3259 833 si
3297 788 3508 835 tantum

1933 868 2017 913 est
2046 859 2251 914 bonum
2284 861 2483 916 habere
2509 877 2605 917 cor
2636 864 2949 934 virginitate
2982 868 3267 936 praeditum
3288 907 3303 936 ,
3331 887 3511 940 quan-

1928 960 2040 1005 tum
2074 952 2289 1006 tandem
2326 952 2430 1008 erit
2461 970 2611 1020 caro,
2638 970 2760 1025 qua:
2807 971 2932 1011 cum
2983 956 3169 1013 animo
3228 960 3510 1032 virginita-

1928 1054 2033 1098 tem
2076 1044 2346 1099 coluerit?
2404 1044 2495 1101 Sic
2544 1057 2598 1101 et
2648 1056 2837 1103 sancta
2888 1047 3057 1105 Maria
3106 1051 3161 1105 in
3193 1067 3359 1108 carne
3380 1054 3509 1109 dum

1925 1143 2092 1200 esset,
2128 1135 2295 1189 vitam
2325 1135 2698 1207 incorruptam
2744 1148 2910 1208 atque
2937 1140 3349 1198 immaculatam
3377 1160 3507 1215 pos-

1927 1222 2159 1288 sidebat,
2190 1240 2254 1279 ac
2286 1227 2450 1281 verba
2480 1228 2549 1283 ab
2583 1229 2914 1300 archangclo
2942 1231 3087 1287 dicta
3114 1233 3167 1287 in
3198 1234 3302 1290 lide
3330 1238 3510 1292 susci-

1925 1317 2129 1387 piebat.
2184 1307 2451 1388 Tuncque
2521 1337 2648 1375 cum
2711 1321 3064 1380 festinatione
3118 1325 3186 1380 ad
3232 1327 3508 1384 Elisabeth

1933 1418 2222 1480 cognatam
2274 1426 2431 1465 suam
2479 1413 2856 1468 contendebat.
2897 1413 2965 1468 Et
3017 1417 3253 1486 ingressa
3295 1420 3511 1473 domum

1934 1501 2243 1570 Zachariw,
2296 1506 2549 1559 salutavit
2605 1500 2911 1573 Elisabet/i,
2971 1511 3223 1580 angelum
3279 1512 3505 1568 imitata.

1947 1593 2014 1647 Ut
2056 1604 2237 1650 autem
2281 1597 2483 1649 audivit
2548 1598 2924 1653 salutationem
2980 1600 3170 1657 Maria:
3210 1602 3506 1670 Elisabet/t,

1939 1680 2223 1743 exsultavit
2268 1691 2445 1759 infans
2490 1706 2601 1760 prae
2625 1690 2799 1761 jubilo
2822 1694 2876 1745 in
2902 1703 3050 1747 utero
3076 1696 3209 1765 ejus,
3241 1708 3291 1750 et
3314 1702 3511 1767 repleta

1923 1793 2001 1837 est
2055 1782 2263 1853 Spiritu
2318 1792 2500 1838 sancto
2536 1783 2894 1839 Elisabeth“.
2938 1786 3054 1841 Vox
3107 1789 3273 1858 igitur
3325 1790 3510 1845 Maria:

1925 1875 2113 1931 elIieax
2150 1875 2275 1943 fuit,
2306 1885 2361 1931 et
2384 1874 2590 1947 Spiritu
2618 1886 2813 1932 sancto
2842 1879 3067 1949 replevit
3089 1878 3364 1936 Elisabeth
3391 1898 3406 1934 ι
3443 1898 3510 1937 ae

1927 1968 2074 2022 velut
2126 1982 2195 2022 ex
2241 1970 2465 2038 perenni
2500 1969 2741 2039 quodam
2796 1968 2971 2035 fonte,
3002 1972 3369 2028 instrumento
3403 1974 3508 2027 lin-

1924 2076 2063 2133 gua,
2094 2059 2297 2115 ﬂumen
2328 2061 2725 2118 charismatum
2771 2078 2868 2132 per
2900 2065 3239 2135 prophetiam
3260 2077 3509 2137 cognata:

1924 2168 2039 2208 sua:
2064 2152 2288 2208 emisit:
2325 2162 2379 2208 et
2426 2154 2653 2223 pedibus
2689 2154 2921 2212 infantis
2959 2156 3012 2210 in
3050 2162 3205 2213 utero
3235 2158 3508 2230 colligatis

1926 2242 2024 2316 [αι.
2055 2243 2339 2316 colligati],
2377 2246 2578 2301 saltum
2624 2256 2679 2302 et
2718 2248 3141 2304 exsultationem
3191 2252 3507 2321 suppedita-

1924 2336 2020 2391 vit.
2073 2336 2234 2403 Quod
2286 2338 2506 2407 quidem
2555 2340 2871 2419 miraculosi
2918 2343 3139 2413 tripudii
3196 2346 3506 2417 symbolum

1926 2429 2255 2500 signumque
2308 2441 2447 2485 erat.
2503 2432 2637 2486 Nam
2691 2434 2781 2487 ubi
2836 2436 3011 2497 gratia
3067 2437 3225 2506 plena
3264 2440 3505 2502 advenit.

1926 2518 2126 2589 gaudio
2148 2528 2344 2574 cuncta
2375 2520 2577 2590 repleta
2605 2531 2754 2577 sunt.
2801 2522 3136 2580 Exclamavit
3174 2537 3355 2583 autem
3396 2547 3510 2583 ma-

1926 2628 2031 2681 gna
2060 2628 2180 2666 voce
2210 2610 2485 2667 Elisabcth
2518 2654 2532 2678 ,
2567 2631 2629 2666 ac
2661 2615 2800 2668 dixit
2825 2615 3151 2672 :Bcned'icta
3196 2630 3252 2673 tu
3297 2622 3349 2675 in
3395 2638 3511 2675 ntu-

1925 2704 2166 2769 lieribus,
2209 2714 2259 2759 et
2297 2706 2596 2760 benedictus
2626 2706 2834 2774 {ructus
2873 2712 3068 2763 ventris
3110 2712 3208 2764 tui.
3266 2711 3333 2764 Et
3371 2713 3510 2766 unde

1926 2797 2022 2848 hoc
2058 2796 2208 2861 mihi,
2233 2807 2290 2849 ut
2326 2797 2499 2851 veniat
2521 2809 2692 2853 mater
2718 2799 2930 2853 Domini
2974 2802 3076 2855 mei
3104 2804 3173 2856 ad
3198 2820 3277 2857 me
3300 2805 3341 2834 ‘7
3364 2804 3387 2857 ?
3414 2804 3511 2859 Be-

1928 2886 2138 2940 nedicta
2188 2897 2245 2941 tu
2275 2888 2331 2941 in
2364 2889 2698 2945 mulieribus.
2727 2890 2808 2946 Tu
2861 2893 3065 2963 quippe
3123 2895 3255 2965 ipsis
3307 2897 3510 2967 princi‘

1928 2977 2077 3047 pium
2133 2980 2496 3048 reparationis
2549 2979 2647 3053 [aL
2703 2984 3146 3058 resurrectionis]
3201 2986 3387 3043 effecta
3427 3003 3508 3045 es.

1929 3067 2012 3124 Tu
2047 3069 2302 3125 ﬁduciam
2335 3071 2388 3125 in
2426 3073 2743 3141 paradisum
2778 3075 3037 3133 introitus
3071 3080 3230 3133 nobis
3286 3080 3507 3147 dedisti,

1927 3170 1982 3216 et
2009 3163 2295 3232 antiquum
2322 3163 2564 3218 dolorem
2597 3165 2917 3238 luctumque
2949 3168 3172 3241 iugasti.
3205 3169 3323 3225 Non
3355 3173 3503 3227 enim

1928 3253 2166 3323 amplius
2195 3264 2320 3325 post
2376 3264 2427 3310 te
2461 3255 2755 3312 mulierum
2789 3274 2963 3329 genus
2999 3261 3372 3331 vituperatur;
3400 3279 3509 3320 non

1929 3348 2166 3419 amplius
2216 3348 2458 3405 heredes
2490 3348 2615 3405 Eva:
2653 3350 2936 3421 antiquam
2969 3352 3410 3409 maledictionem
3445 3355 3511 3409 ti.

1932 3452 2101 3509 ment,
2120 3458 2297 3511 neque
2326 3451 2516 3513 partus
2545 3444 2789 3499 dolorem
2819 3444 3213 3513 reformidant;
3248 3448 3508 3516 quoniam

1928 3533 2183 3590 Christus
2214 3534 2442 3590 humani
2472 3537 2687 3607 generis
2715 3534 3065 3607 Redemptor,
3100 3536 3354 3593 Salvator
3386 3540 3511 3594 uni-

1931 3638 2099 3678 versa:
2159 3634 2388 3689 natura},
2441 3626 2703 3697 spiritalis
2768 3628 2967 3692 Adam,
3018 3629 3216 3683 terreni
3274 3629 3513 3686 hominis

1931 3717 2130 3773 vulnus
2164 3734 2386 3783 curans,
2421 3734 2487 3774 ex
2524 3729 2715 3775 sancto
2771 3730 2865 3775 tuo
2909 3731 3065 3777 utero
3108 3723 3372 3793 procedit.
3405 3723 3511 3778 Be-

1930 3810 2140 3863 nedicta
2169 3821 2225 3864 tu
2271 3812 2323 3864 in
2358 3811 2689 3877 mulieribus,
2713 3823 2763 3867 et
2796 3814 3100 3869 benedictus
3148 3816 3355 3885 fructus
3394 3834 3507 3871 ven-

1932 3901 2029 3954 tris
2091 3902 2193 3956 tui.
2240 3899 2497 3957 Omnium
2552 3904 2702 3959 enim
2743 3905 3013 3960 bonorum
3067 3906 3341 3976 plantator
3386 3917 3511 3964 tuus

1930 3989 2143 4047 fructus
2189 3990 2418 4048 ell’ectus
2474 4002 2578 4048 est.
2632 3992 2909 4049 Praeclara
2961 3996 3185 4066 quidem
3241 3998 3512 4063 videmus,

1929 4087 2094 4142 etiam
2127 4088 2331 4142 sterilis
2362 4086 2641 4142 Elisabcth
2694 4089 2894 4157 verba;
2926 4102 2982 4145 at
3022 4091 3319 4147 illustriora
3344 4093 3511 4148 vicis-

1940 4180 2045 4233 sim
2102 4180 2454 4235 sanetissima
2509 4182 2797 4251 prolocuta
2826 4191 2908 4238 est
2944 4182 3128 4256 Virgo,
3155 4195 3209 4240 et
3234 4186 3510 4243 cauticmn

1932 4270 2042 4324 Deo
2114 4272 2419 4343 gratiarum
2495 4274 2764 4339 actionis,
2837 4276 3078 4347 bonique
3150 4278 3374 4344 odoris,
3447 4295 3515 4337 ac

1930 4363 2222 4435 theologia
2252 4364 2472 4434 plenum
2504 4366 2779 4434 retribuit,
2807 4382 2928 4423 eum
2967 4367 3206 4439 antiquis
3242 4385 3381 4425 nova
3416 4387 3514 4425 ano

1936 4454 2223 4523 nuntians,
2269 4471 2393 4510 cum
2444 4456 2513 4511 iis
2555 4473 2678 4527 qua:
2711 4474 2742 4512 a
2786 4459 2987 4514 sacculo
3030 4469 3085 4514 et
3127 4462 3195 4514 ab
3242 4462 3418 4527 initio,
3448 4478 3511 4517 ea

237 4550 458 4615 παιδὸς
487 4549 694 4614 αὑτοῦ,
720 4548 1068 4620 μνησθῆναι
1106 4552 1321 4619 ἐλέους
1347 4555 1535 4609 αὐτοῦ
1558 4596 1573 4620 ,
1620 4558 1721 4612 καὶ
1749 4556 1825 4631 ἧς

1934 4560 2057 4615 qua:
2132 4546 2189 4599 in
2247 4546 2577 4602 smeulorum
2659 4550 3137 4605 consummatione
3196 4550 3514 4606 acciderunt

238 4644 410 4697 ἔθετο
442 4642 553 4713 [ἄλ.
590 4640 839 4714 διέθετο]
872 4642 1161 4712 διαθήκης
1190 4643 1271 4709 τῷ
1314 4646 1591 4718 Ἀϐραὰμ,
1627 4652 1723 4706 καὶ
1748 4637 1827 4720 τῷ

238 4733 539 4803 σπέρματι
563 4732 772 4797 αὑτοῦ,
806 4732 917 4799 ἕως
941 4733 1175 4800 αἰῶνος.
1207 4736 1445 4807 Θεωρεῖς
1478 4739 1597 4804 πῶς
1627 4744 1660 4813 ή
1697 4744 1827 4811 ἁγία

240 4824 541 4897 Παρθένος,
566 4824 659 4878 καὶ
692 4824 789 4896 τὴν
816 4826 1220 4896 πατριαρχικὴν
1254 4827 1588 4899 ὐπερέὸαλεν
1620 4832 1826 4888 τελειό-

240 4935 405 4988 τητα,
438 4920 531 4971 καὶ
560 4918 765 4988 βεϐαιοῖ
793 4918 891 4989 τὴν
935 4918 1074 4989 πρὸς
1122 4918 1373 4990 Ἀϐραὰμ
1405 4920 1498 4974 τοῦ
1542 4920 1679 4976 Θεοῦ
1714 4924 1828 4980 δια-

242 5009 421 5081 θήκην
440 5048 455 5072 ,
509 5010 756 5078 λέγοντος
775 5027 789 5041 ·
843 5010 1006 5077 Αὕτη
1039 5012 1075 5079 ἠ
1106 5010 1359 5078 διαθήκη
1378 5054 1393 5077 ,
1438 5010 1518 5080 ἢν
1544 5013 1828 5082 διαθήσο-

238 5119 349 5171 μαι
403 5101 713 5171 ἀναμέσον
761 5101 908 5170 ἐμοῦ
946 5102 1046 5154 καὶ
1090 5100 1225 5155 σοῦ.
1293 5103 1385 5156 Διὸ
1438 5104 1608 5159 ἐλθὼν
1670 5110 1828 5177 κυροῖ

244 5195 387 5267 [ἄλ.
418 5193 650 5265 πληροῖ]
684 5193 781 5265 τὴν
814 5194 950 5265 πρδς
1008 5192 1260 5266 Ἀϐραὰμ
1297 5195 1586 5269 διαθήκην,
1633 5217 1828 5269 μυστι-

246 5286 364 5349 κῶς
411 5286 471 5339 τὸ
509 5288 735 5357 σημεῖον
778 5286 877 5357 τῆς
910 5286 1208 5357 περιτομῆς
1251 5287 1682 5360 ἀναδεξάμενος,
1732 5291 1825 5345 καὶ

248 5378 524 5450 πλήρωμα
573 5377 736 5448 νόμου
800 5380 890 5434 καὶ
969 5379 1264 5452 προφητῶν
1314 5380 1627 5451 γενόμενος.
1678 5383 1823 5437 Ταύ-

244 5482 345 5538 της
381 5464 473 5521 οὖν
516 5468 618 5539 τῆς
671 5467 1008 5540 προφητείας
1242 5471 1446 5543 ταύτην
1510 5469 1603 5527 οὖν
1648 5474 1827 5550 ᾠδὴν]

244 5560 349 5633 τὴν
411 5559 553 5631 ᾠδὴν
595 5561 627 5631 ἠ
673 5561 803 5629 ἁγία
866 5561 1127 5625 Θεοτόκος
1194 5561 1270 5633 τῷ
1332 5562 1452 5634 Θεῷ
1507 5565 1826 5636 ἀνέπεμπεν

248 5652 385 5723 ίάλ.
441 5652 764 5723 ἀπένειμε],
824 5653 1087 5722 λέγουσα’
1148 5657 1487 5725 Μεγαλύνει
1551 5660 1589 5726 ἡ
1652 5659 1823 5727 ψυχή

323 5836 366 5866 ⁸⁸
393 5832 521 5889 Luc.
558 5850 593 5902 ι,
622 5835 713 5903 40,
742 5836 830 5892 ιι.
914 5838 952 5869 ⁸⁷
980 5836 1111 5893 lbid.
1150 5838 1235 5904 42,
1269 5836 1356 5895 43.

1444 5840 1486 5873 ’⁸
1519 5842 1653 5897 lhid.
1698 5842 1757 5897 l6
1786 5860 1936 5916 seqq.

1934 4638 2269 4707 pranlicans,
2340 4640 2602 4709 brevique
2669 4656 2921 4695 sermone
2994 4640 3198 4695 Christi
3252 4644 3512 4713 mysteria

1934 4734 2248 4784 summatim
2290 4732 2686 4801 perstringens.
2722 4733 2811 4785 Ait
2846 4741 3025 4786 autem
3057 4731 3233 4785 Maria
3256 4749 3275 4785 :
3301 4732 3515 4803 Magni-

1931 4827 2055 4895 ﬁcat
2108 4827 2290 4880 animo
2348 4843 2465 4881 mea
2524 4826 2830 4880 Dominum.
2860 4826 2927 4879 Et
2977 4827 3260 4880 exsultavit
3294 4828 3513 4896 spiritus

1932 4931 2075 4969 meus
2122 4916 2178 4969 in
2222 4915 2331 4969 Deo
2373 4915 2605 4970 salutari
2634 4933 2767 4979 meo,
2790 4925 2842 4971 et
2867 4932 2989 4985 qua:
3031 4926 3358 4987 sequuntur.
3388 4916 3516 4973 Sus-

1930 5011 2063 5079 cepit
2125 5008 2299 5064 Israel
2326 5024 2546 5077 puerum
2578 5025 2756 5075 suum,
2795 5009 3102 5063 recordatus
3134 5010 3515 5065 misericordite

1928 5118 2079 5166 sum,
2122 5117 2184 5154 ac
2228 5101 2529 5155 testamenti
2576 5101 2715 5171 quod
2755 5103 3013 5171 disposuit
3074 5118 3193 5154 cum
3243 5102 3513 5155 Abraham

1927 5203 1977 5248 et
2011 5194 2204 5247 semine
2227 5193 2339 5263 ejus
2368 5195 2422 5246 in
2446 5192 2645 5247 saecula
2671 5193 2736 5248 ¹⁸.
2766 5192 2921 5249 Vides
2950 5210 3059 5265 quo
3092 5204 3250 5265 pacto
3278 5196 3512 5249 sanctis-

1932 5287 2071 5341 sima
2102 5284 2271 5359 Virgo
2326 5288 2491 5341 etiam
2541 5287 2965 5357 patriarehieam
3019 5289 3361 5358 superaverit
3387 5303 3510 5356 per—

1931 5378 2789 5451 lectionem,conﬁrmaveritque
2843 5388 3231 5436 testamentum
3289 5378 3385 5435 Dei
3444 5380 3512 5433 ad

1935 5472 2235 5539 Abraham,
2266 5472 2497 5529 dicentis
2533 5491 2547 5527 :
2584 5474 2699 5527 lloc
2726 5484 2804 5528 est
2833 5474 3382 5545 testamentum,quod
3404 5483 3513 5527 sta.

1939 5579 2085 5623 tuam
2133 5571 2272 5624 inter
2312 5586 2393 5623 me
2428 5580 2477 5623 et
2516 5580 2564 5622 te
2588 5571 2651 5623 ¹-⁹.
2688 5564 2924 5639 Ideoque
2967 5570 3216 5637 veniens,
3243 5585 3406 5626 suum
3448 5568 3516 5623 ad

1936 5663 2209 5716 Abraham
2268 5662 2556 5717 confirmat
2600 5661 2698 5733 [αι.
2750 5662 3031 5735 adimplet]
3106 5671 3516 5730 testamentum,

2018 5845 2059 5881 ’⁸³
2089 5848 2224 5905 Gen.
2255 5862 2384 5916 xvu,
2414 5850 2470 5904 ll
2500 5848 2692 5918 gllom.
2724 5866 2795 5919 Iv,
2826 5850 2913 5904 ll.
