3876 6528
403 369 534 423 ΗϋἹ

1060 371 1113 424 S.
1157 371 1483 427 GRECOR"
1521 374 1884 430 TllAUMAT.
1924 373 2073 428 OPP.
2117 372 2298 429 PARS
2339 372 2643 429 ALTERA.
2683 402 2756 414 —
2796 374 3028 432 DUBlA.

3538 377 3666 433 “('78

401 489 622 561 mystice
653 490 869 562 signum
907 491 1342 550 circmncisionis
1390 497 1684 566 accipiens,
1727 508 1781 553 et
1811 499 1966 568 pleni.

2080 516 2200 568 μου
2264 498 2372 551 τὸν
2426 499 2665 567 Κύριον.
2718 499 2828 552 Καὶ
2890 501 3269 569 ἠγαλλίασεν
3315 499 3382 555 τὸ
3436 500 3667 570 πνεῦμά

401 583 530 638 tudo
582 582 716 651 legis
760 599 822 638 ac
869 585 1260 655 prophetarum
1312 587 1558 644 elIectus.
1598 589 1772 657 Hujus
1817 593 1982 664 igitur

398 676 697 746 prophetia:
730 677 1001 731 canticum
1032 676 1129 749 [αι.
1164 679 1268 733 hoc
1295 679 1460 750 igitur
1484 682 1788 755 canticum]
1857 699 1983 740 san-

397 778 483 822 cta
503 767 592 822 Dei
607 769 850 824 Geuitrix
869 769 975 824 Deo
995 770 1302 826 remittebat
1330 771 1427 843 [al.
1447 775 1742 848 retribuit],
1760 777 1979 832 dicens:

402 861 718 932 Magni/ient
760 862 940 914 anima
971 877 1086 915 mea
1119 860 1429 920 Dominum.
1458 864 1528 918 Et
1561 867 1845 922 exsultavit
1869 869 1976 937 spi-

401 957 536 1010 ritus
571 973 712 1010 meus
742 957 795 1009 in
840 955 943 1008 Deo
973 955 1203 1010 salutari
1235 974 1366 1011 meo.
1401 957 1540 1022 Quia
1567 959 1690 1028 fecit
1722 959 1852 1012 milii
1876 977 1983 1014 ma-

401 1067 503 1119 gna
524 1051 613 1119 qui
636 1059 816 1119 potens
845 1059 942 1114 est,
980 1059 1028 1103 et
1054 1061 1297 1103 sanctum
1322 1067 1504 1105 nomen
1547 1052 1660 1122 ejus
1680 1054 1745 1105 ²⁰.
1776 1052 1976 1122 Deipa--

398 1159 514 1198 ram
544 1144 740 1213 quippe
757 1158 841 1196 me
863 1142 1091 1207 faciens,
1107 1144 1346 1199 vicissim
1369 1160 1454 1200 me
1472 1145 1733 1216 virginem
1761 1160 1982 1201 conser-

398 1235 578 1302 vavit;
605 1248 658 1289 et
689 1252 783 1305 per
807 1251 985 1291 meum
1024 1246 1289 1303 ventrem,
1318 1246 1639 1292 cunctarum
1676 1238 1983 1308 generatio-

399 1345 551 1395 num,
596 1329 648 1383 in
684 1330 1194 1396 sanctilieationem,
1219 1333 1535 1386 summatim
1566 1331 1852 1401 colligatur
1873 1331 1982 1400 ple-

398 1422 610 1478 nitudo.
638 1419 798 1477 Omni
830 1423 975 1476 enim
1013 1424 1157 1478 aetati
1208 1423 1508 1486 benedixit,
1546 1424 1788 1478 virorum
1835 1425 1981 1494 pari-

397 1525 477 1569 ter
521 1530 585 1570 ac
620 1515 950 1579 mulierum,
993 1515 1528 1571 adolescentulorum
1578 1529 1643 1569 ac
1673 1514 1976 1583 juvenum,

395 1621 717 1677 senumque.
760 1603 910 1660 Fecit
941 1607 1231 1674 potentiam
1278 1607 1330 1660 in
1372 1605 1588 1660 brachio
1621 1623 1716 1660 suo
1755 1607 1836 1670 ²¹,
1883 1622 1980 1676 pro

397 1697 554 1751 nobis
581 1697 849 1752 adversus
883 1705 1114 1752 mortem
1144 1706 1197 1752 et
1223 1697 1525 1762 diabolum,
1556 1706 1981 1766 nostrorumque

396 1799 740 1858 peccatorum
769 1789 1116 1860 disrumpens
1151 1787 1494 1861 [al.dirupit]
1520 1789 1973 1860 chirographum.

2077 609 2230 660 μου,
2288 591 2385 645 ἐπὶ
2438 591 2519 657 τῷ
2573 589 2696 657 Θεῷ
2747 590 2972 660 σωτῆρί
3017 610 3158 662 μου.
3207 593 3334 646 Ὅτι
3382 594 3666 661 ἐποίησέν

2078 701 2180 752 μοι
2228 683 2519 754 μεγαλεῖα
2570 687 2604 738 ὁ
2665 684 2922 750 δυνατὸς
2950 725 2965 750 ,
3014 685 3113 738 καὶ
3187 685 3358 755 ἅγιον
3421 686 3488 739 τὸ
3547 687 3665 740 Ero-

2077 793 2163 844 μοι
2186 775 2388 829 αὐτοῦ.
2410 776 2683 844 ,Θεοτόκον
2712 776 2823 848 γὰρ
2846 778 3082 848 ποιήσας
3103 795 3191 848 με,
3217 778 3379 831 πάλιν
3408 778 3665 849 παρθένοι

2082 865 2398 935 διεφύλαξεν
2415 883 2428 896 °
2455 868 2549 920 καὶ
2571 866 2662 920 διὰ
2683 867 2784 938 τῆς
2804 869 2952 940 ,ἐμῆς
2975 870 3232 940 γαστρὸς,
3256 870 3448 923 πασῶν
3473 869 3666 937 γενεῶν

2084 957 2161 1018 εἰς
2195 956 2464 1027 ἁγιασμὸν
2498 957 3001 1027 ἀκακεφαλαιοῠται
3039 960 3100 1012 τὸ
3147 959 3444 1031 πλήρωμα.
3485 961 3664 1014 Iliam:

2082 1045 2190 1117 γὰρ
2237 1045 2448 1116 ἡλικίαν
2496 1046 2832 1117 ηὐλόγησεν,
2884 1048 3092 1121 ἀνδρῶν
3143 1067 3201 1102 τε
3234 1051 3332 1104 καὶ
3375 1053 3662 1119 γυναικῶν,

2081 1139 2376 1191 νεανίσκων
2420 1139 2515 1191 καὶ
2564 1139 2798 1204 παίδων,
2855 1142 2951 1196 καὶ⁹
3007 1143 3298 1213 γερόντων.
3348 1144 3665 1212 Ἐποίησεν

2083 1227 2305 1298 κράτος
2335 1228 2406 1281 ἐν
2429 1229 2711 1298 ,ϐραχίονι
2745 1232 2953 1296 αὐτοῦ,
3001 1233 3142 1306 ὑπὲρ
3177 1234 3354 1305 ἡμῶν,
3403 1236 3549 1288 κατὰ
3581 1238 3661 1290 τοῦ

2083 1321 2336 1384 θανάτου,
2364 1323 2461 1376 καὶ
2503 1323 2643 1376 κατὰ
2682 1323 2778 1376 τοῦ
2809 1323 3079 1389 διαϐόλου,
3116 1327 3210 1380 καὶ
3239 1327 3350 1380 τῶν
3384 1330 3662 1400 ἡμετέρων

2081 1413 2364 1485 ἁμαρτιῶν
2391 1413 2688 1486 διαρρήξας
2880 1416 3154 1491 διέρρηξε]
3189 1419 3248 1473 τὸ
3283 1421 3657 1492 χειρόγραφον.

2081 1507 2510 1575 Διεσκόρπισεν
2545 1508 2972 1577 ὑπερηφάνους
3011 1509 3109 1564 διὰ
3145 1512 3383 1578 ἐννοίας
3424 1513 3660 1580 καρδίας

2082 1593 2191 1667 [ἄλ.
2221 1594 2456 1664 διανοίᾳ
2473 1595 2582 1664 τῆς
2597 1597 2871 1671 καρδίας]
2893 1598 3113 1655 αὐτῶν·
3153 1601 3314 1654 αὐτόν
3341 1619 3403 1654 τε
3433 1603 3528 1655 τὸν
3558 1602 3663 1656 διά-

2083 1686 2235 1739 ϐολον
2282 1687 2680 1760 διεσκόρπισεν,
2717 1690 2808 1742 καὶ
2853 1690 3062 1755 πάντας
3097 1693 3223 1757 τοὺς
3270 1695 3467 1766 ἐκείνῳ
3513 1714 3662 1768 στρα-

2081 1776 2333 1841 τεύοντας
2382 1779 2658 1849 δαίμονας.
2701 1781 2938 1844 Ἐκεῖνος
2979 1781 3088 1855 γὰρ
3121 1787 3189 1856 τῇ
3231 1785 3430 1858 καρδίᾳ
3467 1789 3660 1860 κυρίως

395 1882 652 1950 Dispersit
684 1884 932 1951 superbos
962 1892 1128 1936 mente
1161 1883 1336 1936 cordis
1361 1885 1406 1914 ”
1428 1883 1665 1953 ipsorum
1693 1899 1711 1946 ;
1760 1883 1966 1954 disper‘

2080 1865 2148 1939 ἦν
2193 1869 2565 1941 ὑπερήφανος,
2607 1872 2798 1944 ἐπειδὴ
2847 1873 3025 1942 λέγειν
3071 1876 3392 1950 ἐτόλμησεν·
3442 1880 3659 1934 Ἑπάνω

395 1976 465 2029 sit
491 1975 668 2045 ipsum
699 1974 997 2038 diabolum,
1027 1983 1080 2030 et
1109 1982 1344 2031 cunctos
1371 1975 1420 2030 ei
1439 1975 1738 2030 militantes
1770 1974 1976 2029 dauno-

395 2083 513 2122 ncs.
539 2067 631 2121 Ille
650 2068 850 2136 quippe
882 2067 1100 2137 proprie
1137 2069 1304 2124 corde
1332 2068 1601 2138 superbus
1646 2077 1785 2132 erat,
1833 2083 1972 2137 quo-

393 2162 537 2215 niam
577 2162 757 2216 dicere.
781 2160 1050 2216 audebat:
1083 2159 1259 2231 Supra
1288 2161 1448 2216 nubes
1497 2160 1613 2214 caeli
1666 2176 1860 2230 ponam
1885 2176 1966 2213 so-

391 2253 522 2305 lium
555 2269 746 2315 meum,
797 2262 845 2306 et
887 2269 975 2305 ero
1033 2253 1224 2306 similis
1279 2252 1555 2306 Altissimo
1586 2251 1651 2306 ”.
1685 2250 1973 2317 Quomodo

390 2359 519 2397 vero
551 2359 694 2397 nunc
720 2342 894 2411 ipsum
929 2341 1230 2412 dissiparit,
1258 2349 1660 2412 consequenter
1709 2341 1970 2410 propheta

390 2438 707 2500 declaravit,
744 2437 932 2491 dicens
964 2452 977 2489 :
1010 2434 1166 2489 Nunc
1195 2443 1372 2488 autem
1394 2435 1448 2487 in
1473 2434 1738 2503 infernum
1765 2433 1975 2486 descen-

390 2530 479 2582 des
511 2529 558 2560 ’τ’
588 2527 684 2600 [αί.
715 2525 1084 2597 deprimeris],
1111 2535 1162 2580 et
1190 2527 1371 2581 cuncti
1408 2525 1681 2580 exercitus
1724 2525 1822 2578 tui.
1847 2521 1973 2578 Ubi-

391 2635 495 2689 que
529 2621 673 2674 enim
707 2634 830 2673 aras
854 2659 869 2682 ,
929 2626 1094 2688 atque
1147 2617 1372 2673 delubra
1407 2617 1562 2686 ejus,
1613 2617 1971 2686 inaniumque

392 2715 617 2765 deorum
660 2710 840 2763 cultus
869 2709 1146 2778 dispersit,
1195 2719 1248 2763 et
1300 2725 1366 2763 ex
1403 2709 1656 2779 gentibus
1709 2708 1968 2778 populum

392 2802 493 2856 sibi
529 2802 860 2872 peculiarem
899 2809 1058 2871 atque
1107 2809 1392 2871 acceptum
1444 2800 1747 2854 constituit.
1799 2799 1971 2870 Depo-

390 2897 494 2948 suit
521 2904 752 2964 potentes
791 2893 854 2946 de
883 2893 1021 2955 sede,
1051 2902 1098 2946 et
1121 2893 1378 2946 exultavit
1409 2892 1632 2945 Ittuniles
1667 2893 1734 2947 "‘.
1761 2891 1970 2958 Quibus

392 3002 522 3039 sane
549 2986 750 3050 verbis,
778 2983 1090 3039 Iudaeorum
1141 2984 1458 3054 ejectionem
1510 2995 1565 3038 et
1598 2986 1838 3054 gentium
1883 2985 1969 3037 in-

391 3079 789 3134 troductionem
825 3078 1062 3132 breviter
1108 3076 1306 3132 innuit.
1347 3074 1657 3130 Iudaeorum
1705 3075 1848 3130 enim
1885 3090 1970 3131 se-

393 3171 598 3234 niores,
635 3185 699 3225 ac
724 3169 916 3225 scriba:
941 3169 994 3223 in
1019 3170 1156 3240 lege,
1199 3178 1252 3223 et
1286 3168 1380 3238 qui
1411 3167 1464 3222 in
1497 3169 1722 3239 reliquis
1764 3184 1969 3240 praero-

395 3263 589 3332 gativis
622 3277 686 3316 ac
715 3260 1015 3331 privilegiis
1039 3261 1234 3319 divites
1265 3269 1441 3326 erant,
1475 3261 1620 3331 quod
1652 3260 1793 3315 male
1848 3260 1968 3316 suis

390 3356 595 3410 divitiis
623 3354 957 3425 etpotentiis
985 3354 1068 3408 usi
1111 3363 1331 3419 essent,
1373 3354 1502 3408 hinc
1547 3368 1642 3408 eos
1689 3354 1758 3408 ab
1811 3354 1963 3409 omni

391 3448 518 3503 sede
542 3447 815 3517 deposuit,
847 3446 1138 3517 prophetiae
1170 3445 1430 3500 nimirum
1465 3461 1529 3499 ac
1551 3445 1871 3511 sacerdotii,
1893 3445 1968 3500 le-

387 3541 662 3612 gislaturaa
701 3551 865 3609 atque
911 3540 1204 3604 doctrinae,
1249 3538 1540 3608 opulentiae
1583 3537 1965 3598 hatreditariaa,

388 3632 781 3688 sacriﬁciorum
811 3647 873 3685 ac
913 3630 1269 3685 festivitatum
1308 3631 1515 3700 copiae,
1569 3629 1966 3700 dignitatisque

385 3725 568 3795 regite.
598 3723 693 3777 llis
722 3723 976 3778 omnibus
1006 3723 1084 3776 illi
1113 3722 1351 3790 spoliati,
1385 3720 1604 3791 profugi
1634 3737 1698 3774 ac
1746 3721 1878 3776 nudi
1909 3722 1961 3775 in

384 3817 754 3886 captivitatem
783 3815 936 3886 cjecti
970 3827 1131 3881 sunt;
1164 3825 1217 3870 et
1257 3815 1472 3870 illorum
1533 3816 1679 3878 loco,
1727 3817 1960 3870 humiles

387 3924 452 3961 ex
486 3908 738 3979 gentibus
771 3907 976 3978 populi,
1011 3907 1104 3976 qui
1128 3907 1398 3978 justitiam
1431 3907 1784 3973 esuriebant,
1813 3907 1963 3962 exal-

386 4005 480 4057 tati
516 4012 678 4057 sunt:
714 4004 973 4072 quoniam
1019 4000 1380 4055 humilitatem
1435 4016 1615 4065 suam,
1666 4011 1720 4055 et
1763 4000 1961 4056 divina:

381 4094 711 4164 cognitionis
737 4092 960 4157 famem,
985 4107 1093 4163 qua
1128 4091 1534 4157 detinebantur,
1575 4094 1955 4159 ostendentes,

381 4186 624 4239 divinum
666 4184 925 4251 Verbum,
959 4185 1101 4240 sicut
1126 4184 1436 4240 Chananaea
1463 4185 1635 4240 micas
1662 4185 1734 4252 ³⁸,
1769 4185 1956 4256 depre-

381 4277 688 4344 cabantur;
755 4285 807 4331 et
866 4286 1148 4346 propterea
1204 4277 1513 4332 divinorum
1563 4275 1954 4348 mysteriorum

379 4369 566 4439 repleti
598 4377 725 4423 sunt
751 4368 975 4422 divitiis.
1006 4365 1140 4422 Nam
1170 4369 1482 4423 universam
1521 4367 1836 4425 divinorum
1865 4368 1958 4423 bo-

381 4477 576 4514 narum
609 4469 833 4520 sortem,
866 4460 958 4529 qui
1005 4476 1072 4513 ex
1119 4459 1340 4530 Virgine
1369 4470 1532 4516 natus
1583 4471 1666 4516 est.
1698 4462 1952 4517 Christus

2082 1959 2201 2014 τῶν
2232 1961 2505 2032 νεφελῶν
2530 1963 2636 2018 τοῦ
2663 1965 2925 2032 οὐρανοῦ
2957 1964 3124 2033 θήσω
3155 1968 3263 2021 τὸν
3290 1971 3512 2036 θρόνα·
3525 1988 3656 2040 μου,

2083 2055 2178 2109 καὶ
2218 2057 2432 2125 ἔσομαι
2459 2056 2660 2126 ὅμοιος
2689 2058 2766 2124 τῷ
2810 2059 3085 2128 Ὑψίστῳ.
3122 2061 3248 2125 Πῶς
3277 2062 3337 2115 δὲ
3374 2064 3470 2116 νῦν
3505 2062 3658 2118 αὑτὸν

2080 2149 2391 2213 διέσπασεν,
2424 2149 2512 2202 διὰ
2554 2149 2662 2202 τῶν
2707 2151 2833 2222 ἑξῆς
2863 2152 2891 2204 ὁ
2932 2159 3218 2226 προφήτης
3256 2154 3558 2225 ἐδήλωσεν,
3590 2156 3656 2207 εἰς

2082 2242 2220 2296 πώνο
2249 2243 2380 2296 Νῦν
2405 2242 2472 2296 δὲ
2501 2245 2586 2309 εὶς
2617 2244 2770 2311 ᾅδην
2794 2245 3106 2315 καταϐήσῃ
3136 2247 3243 2318 [ἄλ.
3270 2251 3359 2314 εὶς
3391 2248 3542 2315 ᾅδου
3567 2266 3656 2301 κα-

2082 2333 2538 2407 ταϐιϐασθήσῃ],
2595 2337 2688 2390 καὶ
2739 2337 2917 2391 πάντα
2972 2338 3041 2391 τὰ
3107 2340 3496 2411 στρατεύματα
3551 2359 3651 2394 σου.

2080 2425 2363 2498 Πανταχοῦ
2395 2427 2500 2500 γὰρ
2531 2429 2656 2492 τοὺς
2685 2428 2902 2501 βωμοὺς
2935 2431 3120 2495 αὑτοῦ,
3155 2433 3247 2485 καὶ
3286 2431 3385 2495 τὰς
3425 2434 3538 2486 τῶν
3570 2453 3655 2504 μα-

2079 2517 2244 2571 ταίων
2289 2517 2426 2572 θεῶν
2477 2520 2732 2591 λατρείας
2786 2522 3194 2595 διεσκόρπισεν⁸
3240 2527 3334 2579 καὶ
3379 2527 3440 2593 ἐξ
3493 2529 3653 2580 ἐθνῶν

2078 2610 2205 2663 λαὸν
2235 2610 2542 2682 περιούσιον
2573 2613 2751 2684 ἐαυτῷ
2796 2616 3216 2672 κατεσκεύασεν.
3247 2618 3538 2672 Καθεῖλεγ
3561 2619 3654 2672 δυ-

2077 2699 2307 2766 νάστας
2335 2702 2451 2755 ἀπὸ
2477 2703 2727 2769 θρόνων,
2758 2704 2856 2758 καί
2884 2705 3136 2774 ὕψωσεν
3170 2712 3508 2775 ταπεινούς.
3542 2710 3654 2762 Τοι-

2078 2793 2280 2865 γαροῦν
2323 2795 2422 2864 τὴν
2463 2795 2569 2848 τῶν
2635 2796 2903 2852 Ἰουδαίων
2950 2799 3210 2871 ἐκϐολὴν,
3261 2801 3354 2855 καὶ
3398 2803 3500 2871 τὴν
3554 2803 3653 2854 τῶν

2079 2886 2250 2941 ὲθνῶν
2295 2887 2604 2959 εἰσαγωγὴν
2653 2890 2711 2941 ἐν
2759 2890 3006 2961 ὲπιτόμῳ
3043 2894 3329 2964 ἐμήνυσεν.
3392 2895 3652 2948 Ἰουδαίων

2078 2976 2186 3048 γὰρ
2237 2977 2564 3050 πρεσϐύται,
2618 2980 2712 3033 καὶ
2765 2986 3112 3052 γραμματεῖς
3160 2985 3217 3035 ὲν
3269 2984 3442 3054 νόμῳ,
3496 2984 3651 3060 καὶαι

2077 3073 2198 3132 ταῖς
2251 3069 2463 3134 λοιπαῖς
2526 3071 2843 3144 πρεσϐείαις
2913 3074 3268 3140 πλουτοῦντες
3341 3077 3648 3147 ἐτύγχανον,

2077 3162 2266 3233 ὅτιπερ
2295 3163 2481 3227 κακῶς
2514 3164 2592 3235 τῷ
2627 3165 2840 3235 πλούτῳ
2869 3167 2962 3220 καὶ
2989 3169 3056 3237 τῇ
3106 3166 3389 3238 δυναστείᾳ
3415 3169 3653 3234 παρανό-

2079 3272 2194 3324 μως
2228 3255 2542 3327 ἐκέχρηντο,
2579 3257 2831 3312 ἐντεῦθεν
2862 3260 3059 3323 αὐτοὺς
3097 3260 3203 3314 ἀπὸ
3237 3261 3438 3324 παντὸς
3469 3261 3649 3334 θρόνου

2075 3346 2346 3414 καθεῖλεν,
2379 3351 2714 3422 προφητείας
2747 3367 2806 3404 τε
2843 3353 2935 3406 καὶ
2973 3353 3290 3424 ἱερωσύνης,
3337 3354 3651 3423 νομοθεσίας

2070 3455 2130 3491 τε
2188 3441 2282 3493 καὶ
2316 3441 2685 3507 διδασκαλίας,
2713 3444 2807 3498 καὶ
2829 3444 3083 3517 πατρῴου
3102 3447 3351 3508 πλούτου,
3374 3446 3572 3499 θυσιῶν
3595 3463 3648 3498 τε

2072 3533 2167 3584 καὶ
2200 3532 2437 3604 πλήθους
2464 3536 2686 3606 ἑορτῶν,
2715 3536 2808 3590 καὶ
2840 3537 2934 3590 τοῦ
2966 3538 3066 3608 τῆς
3101 3539 3376 3609 βασιλείας
3410 3538 3649 3609 ἀξιώμαο

2068 3642 2177 3687 τος.
2221 3623 2440 3680 Τούτων
2489 3627 2747 3681 ἁπάντων
2787 3629 2982 3681 ἐκεῖνοι
3029 3630 3210 3694 κενοὶ,
3262 3629 3356 3682 καὶ
3396 3629 3648 3704 φυγάδες,

2068 3720 2162 3773 καὶ
2194 3720 2392 3791 γυμνο)⁸
2433 3721 2513 3785 είς
2555 3722 2930 3794 αἰχμαλωσίαν
2958 3722 3420 3795 ὲξαπεστάλησαν·
3461 3741 3643 3776 ταπει-

2067 3814 2148 3864 νοὶ
2191 3812 2268 3877 δὲ,
2306 3813 2420 3866 ἀντ’
2463 3813 2663 3878 αὐτῶν,
2704 3817 2751 3867 οἱ
2803 3814 2860 3881 ἐξ
2906 3814 3075 3868 ἐθνῶν
3119 3816 3260 3880 λαοὶ,
3311 3816 3648 3885 δικαιοσύνην

2067 3904 2378 3968 πεινῶντες,
2413 3904 2725 3976 ύψώθησαν·
2757 3907 2945 3978 ἐπειδὴ
2995 3907 3094 3978 τὴν
3139 3907 3350 3961 ἑαυτῶν
3391 3909 3648 3963 ταπείνω-

2070 4013 2174 4062 σιν,
2204 3998 2302 4051 καὶ
2330 3999 2419 4050 τὸν
2466 3997 2759 4068 συνέχοντα
2794 3998 2992 4063 αὐτοὺς
3021 3999 3121 4068 τῆς
3150 3998 3477 4068 θεογνωσίας
3501 4001 3648 4069 λιμὸν

2067 4088 2457 4153 ἐπιδείξαντες,
2492 4088 2587 4141 τοῦ
2628 4089 2770 4142 θείου
2816 4089 2996 4157 λόγου,
3040 4088 3195 4159 δίκην
3237 4090 3455 4160 ψιχίων,
3488 4090 3645 4142 καθά·

2067 4199 2172 4252 περ
2199 4183 2502 4247 Χαναναία,
2537 4182 2887 4254 ἐπρέσϐευον·
2919 4182 3012 4234 καὶ
3038 4181 3125 4235 διὰ
3158 4181 3336 4247 τοῦτο,
3375 4183 3468 4235 τοῦ
3495 4181 3646 4234 πλούο

2064 4292 2156 4327 του
2199 4275 2306 4329 τῶν
2354 4275 2514 4329 θείων
2572 4273 2887 4346 μυστηρίων
2939 4272 3319 4345 ἐπλήσθησανο
3381 4275 3497 4327 ὅλον
3542 4274 3646 4342 γὰρ

2063 4367 2153 4420 τὸν
2187 4367 2390 4439 κλῆρον
2424 4368 2531 4421 τῶν
2558 4367 2718 4422 θείων
2745 4366 2966 4436 ἀγαθῶν
2990 4369 3019 4420 ὁ
3047 4368 3112 4419 ὲκ
3134 4366 3416 4436 Παρθένου
3447 4365 3648 4435 τεχθεκ

2065 4460 2298 4532 Χριστὸς
2361 4463 2390 4513 ὁ
2435 4459 2568 4524 Θεὸς
2612 4460 2801 4530 ἡμῶν,
2850 4461 2930 4523 εἰς
2975 4458 3045 4513 τὰ
3093 4457 3219 4527 ἔθνη
3264 4459 3642 4528 μετατέθηκεν.

379 4551 515 4606 Deus
563 4562 764 4618 noster,
811 4553 863 4605 in
914 4562 1100 4623 gentes
1147 4554 1446 4608 transtulit.
1489 4553 1730 4624 Suscepit
1783 4555 1956 4611 Israel

2080 4552 2452 4607 Ἀντελάϐετο
2522 4552 2759 4620 Ἰσραὴλ
2811 4549 3026 4617 παιδὸς
3069 4550 3278 4604 αὐτοῦ·
3325 4551 3420 4603 καὶ
3457 4551 3510 4603 ού
3556 4549 3645 4601 τοῦ

375 4659 596 4712 puerum
627 4646 882 4707 suum",
937 4654 992 4699 et
1048 4662 1156 4700 non
1211 4646 1461 4715 quemvis
1516 4646 1812 4712 lsraelem,
1866 4651 1959 4705 sed

377 4750 608 4804 puerum
635 4751 793 4789 suum
817 4753 830 4800 ;
858 4735 950 4805 qui
1000 4737 1174 4805 reipsa
1213 4735 1428 4792 lsraelis
1457 4738 1795 4793 nobilitatem
1832 4741 1962 4795 illu-

376 4835 549 4881 strat:
585 4836 744 4897 atque
777 4829 897 4883 ideo
934 4830 1108 4897 ipsum
1138 4827 1304 4881 lilium
1331 4837 1382 4882 et
1430 4830 1694 4884 lizeredem
1729 4829 1822 4885 Dei
1856 4831 1958 4884 Ge-

374 4918 538 4972 nitrix
571 4919 861 4988 appellavit
894 4919 989 4991 [(ιί.
1017 4918 1358 4990 declaravit].
1388 4921 1525 4974 Cum
1569 4922 1715 4975 enim
1757 4924 1810 4974 in
1868 4921 1957 4975 lit-

373 5019 485 5064 tera
531 5019 586 5064 et
657 5011 772 5081 lege
838 5011 986 5064 illum
1048 5012 1385 5065 laborantem
1454 5013 1792 5076 invenisset,
1857 5027 1954 5081 per

371 5101 600 5170 gratiam
629 5104 862 5158 voeavit.
887 5101 1073 5157 Talem
1109 5103 1273 5173 igitur
1305 5102 1558 5157 lsraclem
1589 5119 1812 5164 vocans,
1839 5120 1958 5156 sus-

369 5195 525 5261 cepit,
552 5194 858 5248 recordatus
896 5195 1272 5248 misericordia:
1297 5212 1427 5250 sum.
1457 5195 1606 5251 Sicut
1635 5195 1842 5248 locutus
1873 5206 1950 5248 est

371 5287 440 5338 ad
466 5296 644 5355 patres
670 5295 896 5351 nostros,
933 5285 1231 5351 Abraham,
1275 5299 1324 5342 et
1371 5290 1557 5343 semini
1596 5292 1707 5360 ejus
1742 5291 1797 5342 in
1843 5307 1949 5345 stv-

368 5380 488 5433 cula
512 5379 577 5434 ".
614 5378 671 5433 In
703 5380 892 5450 paucis
932 5381 1096 5450 igitur
1139 5381 1293 5436 hisce
1334 5382 1690 5449 dictionibus,
1731 5384 1952 5439 univer-

369 5487 489 5526 sum
545 5472 971 5541 dispensationis
1014 5475 1398 5543 complectitur
1443 5475 1782 5547 mysterium.
1834 5475 1949 5530 Sal-

368 5577 496 5617 vare
534 5565 732 5634 quippe
761 5579 932 5634 genus
955 5566 1280 5629 humanum,
1307 5577 1360 5620 et
1398 5575 1785 5622 testamentum
1820 5584 1942 5621 cum

2059 4647 2313 4716 τυχόντος
2358 4645 2595 4717 Ἰσραήλ·
2633 4645 2769 4699 ἀλλὰ
2815 4644 2910 4697 τοῦ
2948 4644 3135 4707 παιδὸς
3170 4642 3358 4706 αὐτοῦ,
3399 4645 3539 4706 ὅστις
3570 4641 3647 4711 τῷ

2063 4739 2210 4810 ἔργῳ
2257 4737 2584 4806 ὲξευγενίζει
2641 4738 2735 4790 τοῦ
2787 4737 3002 4808 Ἰσραὴλ
3047 4736 3143 4806 τὴν
3190 4738 3484 4805 εὐγένειαν.
3538 4735 3647 4787 Καὶ

2057 4829 2148 4882 διὰ
2187 4827 2366 4893 τοῦτο,
2403 4829 2567 4882 παῖδα
2622 4829 2715 4882 καλ⁵
2765 4827 3101 4899 κληρονόμον
3137 4827 3300 4880 αὑτὸν
3336 4825 3646 4898 ἡΘεειτόκος

2059 4924 2320 4977 ἐκάλεσεν
2364 4921 2486 4994 [ἄλ.
2535 4920 2846 4992 ὲδήλωσεν].
2891 4919 3184 4989 Κάμνοντα
3232 4920 3346 4992 γὰρ
3376 4917 3543 4990 εὑρὼν
3569 4916 3646 4984 τῷ

2064 5016 2375 5088 γράμματι,
2408 5013 2502 5067 καὶ
2531 5013 2606 5083 τῷ
2627 5013 2778 5082 νόμῳ
2809 5011 3104 5074 κοπιῶντα,
3153 5013 3218 5080 τῇ
3258 5010 3438 5080 χάριτι
3478 5023 3644 5076 παρε-

2063 5109 2311 5162 κάλεσεν·
2348 5105 2542 5158 οὐκοῦν
2569 5103 2659 5156 τὸν
2684 5102 2920 5156 τοιοῦτον
2961 5102 3174 5174 Ἰσραὴλ
3203 5102 3456 5162 καλέσας,
3481 5099 3647 5151 ἀντε-

2063 5200 2279 5255 λάϐετο
2307 5241 2321 5264 ,
2371 5197 2717 5268 μνησθῆναι
2776 5197 3023 5262 ἐλέους.
3087 5195 3294 5260 Καθὼς
3339 5192 3646 5258 ἐλάλησεν

2063 5294 2216 5361 πρὸς
2246 5291 2388 5357 τοὺς
2416 5289 2676 5358 πατέρας
2709 5288 2896 5358 ἡμῶν,
2923 5288 3005 5354 τῷ
3041 5287 3308 5356 Ἀϐραὰμ,
3339 5285 3433 5339 καὶ
3458 5282 3642 5348 σπέςρο

2057 5402 2198 5453 ⁸μιιτι
2229 5383 2438 5446 αὑτοῦ,
2476 5383 2587 5448 ἕως
2635 5380 2870 5446 αἰῶνος.
2911 5381 3000 5434 Ἐν
3036 5380 3260 5443 ταύταις
3305 5379 3362 5432 δὲ
3384 5377 3498 5438 ταῖς
3535 5373 3643 5426 61i-

2061 5496 2184 5546 ταις
2219 5477 2450 5542 λέξεσιν,
2498 5475 2618 5528 ὅλον
2661 5473 2724 5526 τὸ
2770 5473 2872 5544 τῆς
2920 5473 3234 5543 οἰκονομίας
3281 5467 3643 5538 ἀναλαμϐάνει

2064 5569 2381 5639 μυστήριον.
2427 5566 2706 5620 Διασῶσαι
2751 5564 2859 5635 γὰρ
2890 5563 2950 5616 τὸ
2983 5563 3138 5631 γένος
3181 5578 3292 5616 των
3325 5557 3640 5630 ἀνθρώπων.

442 5773 484 5843 εο
520 5770 650 5825 Lttc.
687 5786 723 5843 ι,
751 5772 818 5824 ιδ
854 5789 1004 5843 seqq.
1077 5733 1400 5828 insidet.
1478 5767 1680 5828 "tum.
1755 5774 2190 5841 nummus.
2272 5774 2595 5829 "lliid.15.
2674 5773 2871 5828 “an.
2913 5789 2950 5837 1,
2983 5772 3068 5827 sa.
3119 5751 3396 5824 ἰσιιειιιι.
3431 5783 3513 5832 ιγ,
3546 5762 3636 5820 37.

369 5843 412 5876 ⁸⁷
443 5842 574 5897 Luc.
617 5857 653 5910 ι,
685 5842 771 5897 54.
851 5842 1052 5900 "ibid.
1081 5844 1148 5899 54
1198 5844 1265 5896 55
