3876 6544
256 402 398 460 H69

1163 399 1445 453 HOMILIA
1485 397 1527 451 Il
1563 397 1628 452 IN
1668 395 2092 453 ANNUNTIAT.
2131 397 2313 454 VIRG.
2355 397 2614 454 MANE.

3381 390 3518 450 H70

253 527 354 582 καὶ
383 525 481 595 τὴν
513 523 776 594 διαθήκην
810 519 908 591 τὴν
943 518 1078 591 πρὸς
1121 522 1246 583 τοὺς
1278 519 1518 591 πατέρας
1553 518 1833 591 πληρῶσαι

1940 519 2182 588 patribus
2233 522 2590 575 constitutum
2661 519 2955 588 adimplere
2991 517 3244 572 Christus
3290 517 3514 578 volens,

254 623 580 694 βουλόμενος
627 623 656 674 6
693 618 944 690 Χριστὸς,
998 616 1294 684 οὐρανοῦ-ς
1341 616 1470 668 ποτὲ
1521 615 1618 685 μὲν
1676 615 1838 667 ἐκλι-

253 733 390 781 νεν,
439 714 538 767 καί
593 711 831 779 κατέϐη.
887 712 1072 773 Οὓτως
1115 710 1170 764 δὲ
1225 710 1298 772 ὡς
1351 708 1634 780 χωροῦμεν
1679 708 1841 779 ἡμεῖς

253 807 653 878 ἐμφανίζεται,
706 807 790 859 ἵνα
840 806 968 858 ίδεῖν
999 805 1181 868 αὐτὸν,
1216 804 1310 857 καὶ
1353 801 1696 873 ψηΜφῆσαι,
1747 801 1839 852 καὶ

251 899 490 952 ἀκοῦσαι
517 898 804 962 λαλοῦντος
846 898 1173 970 ἰσχύσωμεν.
1209 896 1316 949 Καὶ
1347 895 1435 948 διὰ
1464 895 1619 947 τοῦτο
1650 895 1678 946 6
1709 892 1838 955 Θεὸς

252 989 430 1058 Λόγος
451 990 630 1061 σάρκα
655 989 748 1044 καὶ
775 989 975 1042 τέλειον
1002 987 1282 1060 ἄνθρωπον
1309 989 1371 1039 ὲκ
1400 985 1654 1054 γυναικὸς
1681 983 1839 1052 ἁγίας

255 1082 538 1154 Παρθένου
577 1081 866 1136 ἀναλαϐεῖν
903 1080 1261 1152 κατηξίωσεν,
1297 1080 1392 1133 καὶ
1443 1078 1704 1149 ἐγεννήθη
1748 1079 1840 1132 ἄν-

251 1175 498 1246 θρωπος,
535 1177 620 1229 ἵνα
654 1175 844 1246 ὲκτίσῃ
887 1174 949 1226 τὸ
980 1173 1248 1248 ἡμέτερον
1289 1174 1537 1242 ὄφλημα,
1574 1173 1668 1225 καὶ
1701 1170 1837 1242 πλη-

254 1265 414 1339 ρὼσῃ
454 1267 644 1338 μέχρις
689 1264 905 1329 ἑαυτοῦ,
953 1269 1052 1335 τῆς
1097 1266 1233 1337 πρὸς
1277 1265 1526 1336 Ἀϐραὰμ
1549 1263 1834 1336 διαθήκης,

250 1359 564 1429 περιτομῆς
591 1376 649 1411 τε
678 1359 772 1411 καὶ
793 1358 900 1411 τῶν
925 1357 1120 1428 ἐφεξῆς
1144 1359 1388 1428 νομίμων
1417 1359 1483 1412 τά
1509 1358 1833 1428 ἐντάλματα.

250 1450 415 1504 Μετὰ
455 1450 510 1502 δὲ
555 1452 681 1514 τοὺς
725 1451 917 1520 λόγους
953 1450 1193 1514 τούτους,
1230 1453 1264 1522 ἡ
1299 1451 1428 1520 ἁγία
1459 1451 1730 1523 Παρθένος
1758 1453 1838 1514 είς

247 1542 358 1612 τὴν
419 1541 670 1614 Ναζαρὲτ
715 1543 1025 1615 ἐπορεύετοο
1081 1543 1286 1596 ἐκεῖθεν
1341 1544 1397 1596 δὲ
1449 1544 1610 1597 πάλιν
1664 1545 1837 1614 δόγμα

250 1632 538 1703 Καίσαρος
598 1635 677 1696 είς
722 1634 822 1704 τὴν
873 1634 1119 1706 Βηθλεὲμ
1164 1635 1404 1687 ἀνελθεῖν
1456 1635 1622 1707 αὐτὴν
1663 1653 1834 1706 παρε-

249 1723 546 1776 σκεύασεν·
600 1723 737 1794 αὕτη
777 1724 832 1777 δὲ
881 1726 954 1790 ὡς
1003 1726 1110 1778 ἀπὸ
1147 1726 1246 1797 τῆς
1289 1726 1571 1796 βασιλικῆς
1602 1728 1836 1797 πατριᾶς

246 1818 709 1888 προϋπάρχουσα,
745 1820 822 1881 είς
845 1817 942 1889 τὴν
972 1818 1254 1891 βασιλικὴν
1282 1819 1374 1872 τοῦ
1401 1819 1566 1873 Δαϐὶδ
1601 1820 1835 1892 πατριὰν

253 1909 398 1978 μετά
443 1910 640 1982 Ἰωσὴφ
687 1909 782 1963 τοῦ
834 1911 1141 1982 μνηστῆρος
1190 1911 1486 1966 ἐστέλλετο.
1518 1913 1628 1966 Καὶ
1655 1911 1715 1966 τὸ
1743 1912 1836 1966 τοῦ

249 2000 458 2064 παντὸς
505 2002 762 2056 ἐπέκεινα
824 2002 1100 2073 θαύματος
1170 2003 1451 2074 ἠκολούθει
1519 2007 1833 2078 μυστήριον.

246 2095 530 2165 Παρθένος
575 2095 855 2160 τίκτουσα,
909 2097 1002 2150 καὶ
1049 2099 1206 2168 χερσὶ
1244 2098 1582 2168 βαστάζουσα
1611 2101 1703 2152 τὸν
1743 2101 1839 2172 ρή-

251 2205 388 2258 ματι
428 2191 608 2242 πᾶσαν
647 2190 743 2260 τὴν
795 2190 970 2243 κτίσιν
1012 2191 1369 2262 βαστάζοντα.
1415 2192 1524 2246 Καὶ
1574 2191 1715 2246 οὐδὲ
1745 2197 1838 2246 τό·

243 2297 369 2345 πος
411 2278 490 2349 ἦν
540 2283 744 2348 αὐτοῖς
791 2284 861 2336 ἐν
911 2283 991 2349 τῷ
1049 2287 1436 2355 καταλύματι.
1505 2287 1679 2340 Τόπον
1737 2287 1837 2340 οὐκ

242 2368 396 2441 εἶχεν
420 2375 448 2426 6
476 2375 655 2428 πᾶσαν
696 2376 794 2446 τῆν
827 2375 927 2447 γὴν
965 2377 1042 2448 τῶ
1083 2379 1282 2450 ῥήματι
1346 2377 1700 2449 θεμελιώσας.
1733 2380 1838 2433 Γά⁸

241 2464 410 2532 λακτι
453 2466 724 2538 τρέσουσα
767 2465 853 2520 τὸν
901 2470 1078 2521 πᾶσαν
1123 2469 1288 2541 πνοὴν
1322 2470 1710 2542 διατρέφοντα,
1742 2472 1837 2525 καὶ

241 2557 638 2624 ζωογονοῦντα.
675 2558 1017 2628 Σπαργάνοις
1043 2559 1313 2630 δεσμοῦσα
1368 2560 1458 2613 τὸν
1490 2560 1632 2632 λόγῳ
1656 2563 1835 2616 πᾶσαν

241 2648 348 2717 τὴν
395 2639 572 2700 κτίσιν
628 2648 976 2719 δεσμεύοντα.
1031 2650 1119 2703 Ἑν
1177 2652 1350 2723 φάτνῃ
1411 2651 1685 2706 ἀνέκλινεν
1746 2653 1835 2706 τὸν

241 2743 344 2794 ἐπὶ
374 2741 641 2812 καθέδρας
666 2759 725 2812 χε
737 2743 930 2814 ρουῦὶμ
959 2743 1340 2814 ὲποχοὺμενον.
1369 2744 1488 2808 Φῶς
1515 2744 1572 2811 ἐξ
1604 2743 1833 2817 οὐρανοῦ

239 2833 592 2904 περιέλαμπε
649 2834 739 2888 τὸν
768 2835 947 2888 πᾶσαν
975 2835 1073 2907 τὴν
1105 2837 1282 2890 κτίσιν
1313 2837 1640 2907 φωτίσαντα.
1667 2838 1836 2908 Στρα-

236 2930 359 2982 τιαὶ
387 2929 634 2999 οὐράνιαι
653 2928 1026 2996 δοξολογοῦσαι
1047 2929 1382 3000 παρίσταντο
1401 2929 1477 3001 τῷ
1497 2931 1602 3002 πρὸ
1623 2928 1834 2984 αίῶνων

239 3023 303 3073 ἐν
344 3019 596 3090 οὐρανοῖς
635 3017 996 3088 δοξαζομένῳ.
1046 3017 1243 3089 Ἀστὴρ
1283 3019 1555 3090 δᾳδουχῶν
1591 3021 1832 3091 κατεμή-

238 3129 373 3165 νυεν
406 3112 530 3174 τοὺς
560 3113 624 3164 ἑκ
655 3111 759 3180 γῆς
793 3109 1073 3182 πόρρωθεν
1103 3109 1352 3174 ἐλθόντας
1384 3112 1518 3180 πρὸς
1548 3113 1638 3166 τὸν
1668 3112 1834 3176 ὅντως

237 3204 532 3275 ἀνατολήν.
577 3205 664 3271 ἘΞ
691 3203 986 3260 Ἀνατολῶν
1001 3206 1164 3275 ἦκασι
1198 3203 1633 3276 δωροφοροῦντες
1663 3205 1738 3276 τῷ
1765 3205 1832 3259 δι’
1863 3212 1901 3265 C

238 3300 397 3369 ἡμᾶς
430 3296 828 3368 πτωχεύσαντι·
860 3298 891 3367 ἡ
923 3297 977 3348 δὲ
1007 3296 1137 3365 ἁγία
1165 3295 1423 3360 Θεοτόκος
1456 3301 1736 3369 συνετήρει
1762 3299 1831 3352 τὰ

241 3391 473 3460 ῥήματα
517 3387 709 3450 ταῦτα,
762 3384 1144 3456 συμϐάλλουσα
1190 3387 1245 3437 ἐν
1290 3388 1356 3456 τῇ
1405 3385 1600 3457 καρδία
1639 3387 1828 3457 αὐτῆς.

237 3479 320 3541 ὡς
371 3477 509 3531 ὅλων
563 3477 672 3530 τῶν
726 3477 1039 3548 μυστηρίων
1086 3475 1407 3547 ὑπάρχουσα
1458 3475 1684 3546 δοχεῖον.
1729 3477 1830 3530 Σοῦ

242 3569 368 3638 μὲν,
399 3561 444 3620 ὦ
488 3568 726 3635 παναγία
756 3566 1019 3638 Παρθένε,
1058 3565 1326 3637 άνώτερος
1355 3567 1532 3638 πάσης
1557 3567 1832 3637 εὐφημίας

233 3665 267 3714 ὁ
299 3661 544 3724 ἔπαινος,
580 3659 664 3712 διὰ
695 3660 785 3712 τὸν
813 3663 876 3712 ὲκ
899 3658 992 3712 σοῦ
1017 3657 1148 3710 Θεὸν
1179 3659 1355 3730 σάρκα
1382 3658 1704 3730 φορέσαντα,
1739 3659 1832 3711 καὶ

237 3753 574 3823 γεννηθέντα
623 3752 925 3822 ἄνθρωπον.
976 3754 1066 3806 Σοὶ
1115 3754 1262 3806 πᾶσα
1298 3751 1458 3822 φύσιες
1497 3751 1832 3821 ἐπουρανίων

235 3846 337 3900 καὶ
367 3847 648 3915 ἐπιγείων,
684 3846 777 3898 καὶ
807 3845 1174 3916 καταχθονίων
1205 3844 1316 3916 [ἵσ.
1361 3843 1714 3915 ὑποχθονίων]
1747 3844 1834 3896 σέ-

237 3939 345 4003 ϐας
377 3939 677 4012 προσφέρει
702 3938 762 3991 τὸ
797 3937 1124 4009 πρόσφορον.
1153 3938 1223 3991 Συ
1253 3936 1361 4008 γάρ
1390 3936 1603 4008 ἀληθῶς
1645 3936 1832 4003 θρόνος

236 4031 566 4103 χερουᾶκὸς
611 4030 966 4094 ἀναδέδειξαι.
1000 4030 1070 4082 Συ
1117 4031 1173 4083 ἐν
1208 4032 1318 4093 τοῖς
1357 4028 1546 4100 ἄκροις
1574 4027 1681 4080 τῶν
1710 4046 1832 4100 νοη-

234 4123 352 4177 τῶν
388 4121 514 4193 [ἄλ.
539 4121 715 4192 νότουι
746 4121 1048 4192 βασιλειῶν,
1097 4119 1272 4189 φωτὸς
1309 4121 1650 4192 ἀπαύγασμα
1692 4121 1832 4174 ἀπα-

238 4214 577 4285 στράπτεις·
629 4213 756 4267 ἔνθα
803 4211 1084 4277 δοξάζεται
1131 4211 1320 4285 Πατὴρ
1372 4213 1402 4266 6
1455 4213 1707 4285 ἄναρχος,
1769 4208 1828 4268 οὗ

234 4307 342 4376 τὴν
393 4303 621 4375 δύναμιν
666 4305 823 4374 ἔσχες
869 4305 1313 4369 ὲπισκιάζουσαν·
1374 4309 1756 4376 προσκυνεῖται
1801 4309 1830 4360 ὁ

236 4397 409 4459 Υἱὸς,
446 4395 506 4448 ὃν
537 4395 678 4449 κατὰ
712 4396 889 4467 σάρκα
933 4397 994 4448 σὺ
1028 4396 1271 4458 τέτοκας·
1318 4395 1672 4464 δοξολογεῖται
1705 4395 1823 4468 [dt

232 4486 548 4559 δοξάζεται]
579 4487 800 4558 Πνεῦμα
827 4487 888 4540 τὸ
923 4488 1095 4555 ἅγιον,
1131 4488 1268 4557 ὅπερ
1301 4487 1358 4540 ὲν
1384 4489 1450 4558 τῇ
1482 4487 1677 4558 γαστρί
1707 4505 1823 4550 σου,

1887 620 1890 622 ⁷
1945 611 2096 665 caelos
2127 611 2345 668 tandem
2389 613 2674 676 inclinavit,
2697 622 2748 664 et
2787 611 3055 666 descendit
3083 611 3148 664 ”.
3188 609 3280 672 Sic
3335 617 3514 664 autem

1943 705 2238 758 secundum
2271 707 2626 774 capacitatem
2660 714 2900 761 nostram
2943 720 3002 759 se
3053 704 3210 758 nobis
3255 701 3513 761 ostendit,

1945 804 2002 849 ut
2029 797 2205 865 ipsum
2238 797 2420 852 videre
2473 813 2538 852 ac
2569 807 2822 870 tangere,
2867 807 2922 852 et
2966 797 3276 868 loquentem
3329 794 3516 849 audire

1942 890 2238 958 possimus.
2289 890 2364 945 Et'
2401 905 2682 960 propterea
2735 891 2878 946 Deus
2921 889 3156 946 Verbum
3211 904 3429 944 carnem
3465 896 3514 940 et

1943 981 2236 1050 perfectam
2273 983 2567 1038 humanam
2601 995 2852 1039 naturam
2899 1001 2966 1039 ex
3009 984 3233 1037 muliere
3282 981 3516 1037 sanctis-

1941 1075 2081 1128 sima
2121 1073 2337 1145 Virgine
2365 1092 2647 1131 assumere
2665 1075 2924 1148 dignatus
2947 1085 3051 1144 est,
3081 1085 3135 1130 et
3168 1076 3330 1130 homo
3354 1082 3516 1128 natus

1941 1177 2044 1230 est,
2076 1177 2133 1223 ut
2163 1169 2402 1224 debitum
2435 1180 2687 1226 nostrum
2733 1171 3085 1240 persolveret,
3130 1179 3184 1224 et
3220 1185 3394 1238 usque
3444 1167 3514 1222 ad

1942 1274 2000 1312 se
2032 1259 2230 1328 ipsum,
2271 1271 2652 1317 testamentum
2684 1278 2807 1316 cum
2833 1262 3109 1316 Abraham
3163 1261 3513 1330 dispositum,

1940 1353 2398 1418 circumcisionis,
2453 1371 2517 1408 ac
2555 1365 2874 1410 cmterorum
2913 1355 3168 1426 legalium
3218 1361 3516 1425 praecepto-

1943 1460 2062 1498 rum
2089 1445 2409 1516 adimpleret
2446 1447 2512 1500 ³ο.
2552 1446 2680 1501 Post
2717 1447 2816 1502 hos
2863 1463 3025 1517 porro
3068 1461 3350 1503 sermones
3393 1461 3516 1500 con-

1939 1537 2104 1593 cessit
2157 1538 2211 1592 in
2270 1537 2538 1594 Nazareth
2594 1541 2940 1595 sanctissima
2973 1538 3168 1609 Virgo;
3214 1539 3338 1593 inde
3387 1554 3516 1592 vero

1941 1647 2136 1687 rursus
2160 1633 2212 1686 in
2246 1631 2556 1687 Bethlehem
2584 1650 2678 1702 per
2700 1634 2937 1688 edictum
2970 1633 3199 1688 Caesaris
3223 1633 3516 1687 ascendere

1940 1734 2129 1778 coacta
2165 1734 2286 1789 est;
2319 1726 2432 1796 ipsa
2471 1737 2652 1781 autem
2689 1738 2950 1797 tanquam
3005 1743 3070 1781 ex
3120 1727 3267 1797 regia
3300 1725 3509 1780 familia

1940 1819 2260 1886 procedens,
2308 1819 2360 1873 in
2411 1819 2615 1891 regiam
2669 1819 2834 1873 David
2885 1819 3112 1890 patriam
3155 1835 3278 1874 cum
3315 1817 3514 1886 Joseph

1941 1927 2142 1981 sponso
2171 1913 2506 1967 mittebatur.
2532 1912 2597 1967 Et
2617 1913 2934 1985 mysterium
2969 1913 3113 1983 quod
3155 1929 3316 1967 omne
3360 1915 3518 1966 mira-

1939 2003 2122 2058 culum
2174 2015 2395 2074 superat
2439 2016 2788 2060 consecutum
2843 2015 2928 2060 est
2961 2019 2976 2058 :
3006 2003 3171 2076 Virgo
3233 2005 3412 2075 parit,
3464 2012 3518 2057 et

1940 2095 2192 2149 manibus
2219 2106 2394 2166 gestat
2418 2113 2542 2151 cum
2567 2096 2662 2166 qui
2718 2097 2884 2151 verbo
2937 2113 3026 2152 res
3069 2112 3262 2150 omnes
3304 2103 3516 2150 creatas

1938 2195 2131 2256 gestat.
2160 2185 2340 2257 Neque
2371 2189 2513 2242 locus
2542 2199 2654 2242 erat
2692 2191 2766 2245 eis
2801 2191 2856 2244 in
2886 2191 3172 2244 diversorio
3198 2192 3262 2244 ³¹.
3308 2188 3513 2244 Locum

1937 2292 2047 2330 non
2083 2277 2357 2342 habebat,
2405 2279 2498 2349 qui
2553 2289 2722 2334 totam
2772 2289 2974 2335 terram
3025 2281 3190 2336 verbo
3242 2279 3511 2336 fundavit.

1939 2365 2103 2422 Lacte
2136 2367 2288 2439 virgo
2320 2378 2492 2422 mater
2514 2370 2770 2438 pascebat
2799 2387 2946 2434 eum,
2974 2371 3065 2440 qui
3095 2387 3312 2424 omnem
3346 2371 3515 2424 nutrit

1937 2459 2232 2530 vivumque
2292 2461 2543 2530 producit
2602 2462 2875 2532 Spiritum.
2941 2461 3149 2518 Fasciis
3207 2463 3516 2518 involvebat

1937 2567 2085 2616 euln,
2120 2553 2212 2622 qui
2248 2555 2414 2609 verbo
2437 2569 2654 2610 omnem
2683 2556 2816 2625 ligat
2842 2566 3172 2611 creaturam.
3219 2555 3276 2612 In
3323 2571 3518 2628 praese-

1938 2644 2026 2713 pio
2053 2644 2350 2698 reclinahat
2378 2661 2526 2711 eum,
2555 2646 2649 2716 qui
2699 2647 2754 2699 in
2805 2647 3064 2701 cathedra
3121 2664 3285 2717 supra
3327 2649 3518 2704 cheru-

1937 2736 2047 2790 bim
2078 2736 2296 2791 vehitur
2329 2738 2394 2790 ³¹.
2443 2735 2561 2791 Lux
2601 2753 2631 2792 e
2675 2738 2829 2793 caelis
2872 2738 3324 2810 circumfulgebat
3366 2757 3513 2804 eum,

1936 2829 2030 2896 qui
2063 2845 2280 2882 omnem
2308 2830 2577 2883 iliuminat
2606 2840 2938 2885 creaturam.
2960 2830 3221 2886 C(elestes
3243 2833 3515 2887 exercitus

1936 2921 2304 2988 gloriﬁcantes
2347 2923 2678 2976 assistebant
2714 2923 2786 2989 ei,
2818 2923 3064 2993 quiante
3106 2925 3304 2980 saecula
3349 2925 3516 2996 glori-

1935 3013 2131 3067 licatur
2154 3013 2208 3066 in
2233 3015 2404 3070 cmlis.
2439 3015 2603 3070 Stella
2660 3017 2962 3086 praducens
3002 3018 3260 3072 ducatum
3296 3029 3516 3088 prazsta-

1937 3105 2027 3158 bat
2053 3106 2131 3160 eis
2157 3105 2223 3171 ³³,
2255 3107 2350 3176 qui
2383 3124 2447 3160 ex
2475 3107 2796 3178 longinquis
2818 3119 3081 3164 venerant
3108 3110 3420 3177 regionibus
3445 3113 3511 3165 ad

1937 3213 2060 3250 eum
2091 3196 2184 3265 qui
2208 3212 2333 3252 vere
2365 3198 2550 3252 oriens
2572 3209 2707 3254 erat.
2749 3199 2826 3254 Ex
2853 3202 3077 3260 Oriente
3107 3200 3354 3271 veniunt,
3396 3220 3516 3257 mu-

1934 3304 2064 3342 nera
2099 3288 2402 3345 deterentes
2427 3292 2473 3346 ei
2515 3293 2608 3362 qui
2658 3309 2866 3364 pauper
2916 3306 3136 3366 propter
3188 3313 3288 3352 nos
3335 3296 3512 3351 factus

1931 3391 2013 3435 est
2035 3382 2098 3436 ³⁸.
2131 3382 2492 3440 Sanctissima
2528 3403 2690 3456 porro
2723 3387 2813 3442 Dei
2857 3388 3105 3443 Genitrix
3156 3389 3518 3444 conservabat.

1933 3475 2114 3528 omnia
2144 3476 2304 3530 verba
2339 3477 2475 3541 haec,
2503 3478 2792 3534 conferens
2819 3481 2872 3534 in
2921 3480 3087 3536 corde
3125 3497 3226 3536 suo
3251 3482 3336 3548 ³⁶ς
3369 3481 3514 3536 velut

1933 3583 2053 3636 quae
2114 3569 2358 3624 onmium
2410 3573 2794 3643 mysteriorum
2842 3588 2940 3626 vas
2985 3590 3050 3628 ac
3096 3575 3529 3644 receptaculum.

1932 3670 2096 3714 esset.
2130 3659 2246 3715 Tua
2278 3679 2429 3727 sane,
2461 3680 2493 3717 ο
2519 3665 2869 3721 sanctissima
2902 3665 3091 3738 Virgo,
3140 3667 3260 3720 laus
3290 3681 3510 3721 onmem

1933 3768 2159 3822 prorsus
2187 3756 2400 3810 laudem
2427 3797 2442 3821 ,
2485 3767 2703 3828 propter
2746 3757 2917 3813 Deum
2961 3775 3026 3813 ex
3069 3769 3120 3814 te
3166 3759 3540 3815 incarnatum-

1932 3861 1997 3900 ac
2023 3846 2300 3901 hominem
2335 3858 2544 3916 natum,
2573 3849 2807 3905 excedit.
2849 3850 2972 3906 Tibi
3007 3851 3190 3908 omnis
3234 3860 3509 3917 creatura,

1933 3938 1987 3991 in
2015 3940 2168 3994 caelis
2207 3955 2272 3995 ac
2306 3941 2466 3996 terris
2493 3951 2543 3996 et
2577 3942 2718 4011 apud
2759 3940 2995 4007 inferos,
3054 3944 3412 3998 reverentiam
3447 3959 3514 3998 ac

1933 4031 2139 4085 cultum
2168 4032 2582 4087 convenientem
2614 4034 2790 4089 olfert.
2834 4034 2914 4089 Tu
2945 4035 3092 4090 enim
3118 4050 3245 4089 vere
3279 4034 3512 4088 thronus

1931 4125 2153 4179 evasisti
2182 4125 2532 4181 cherubicus.
2568 4124 2650 4180 Tu
2684 4127 2738 4180 in
2784 4127 3015 4182 summis
3050 4126 3388 4196 spiritalibus
3434 4142 3514 4180 re-

1933 4219 2053 4285 guis
2080 4217 2179 4288 [ιιι.
2207 4218 2262 4271 in
2292 4219 2565 4288 supremis
2601 4220 2771 4274 austri
2803 4221 3036 4294 regnis],
3062 4221 3200 4276 lucis
3222 4222 3511 4292 splendore

1931 4322 2192 4362 coruscas
2236 4324 2249 4360 :
2297 4308 2387 4363 ubi
2435 4309 2769 4376 gloriﬁcatur
2817 4309 2975 4366 Pater
3026 4311 3207 4367 omnis
3259 4312 3510 4383 principii

1931 4400 2369 4469 expers,'cujus
2419 4401 2840 4456 obumbrantem
2892 4403 3130 4457 habuisti
3177 4403 3508 4474 potentiam;

1931 4491 2192 4545 adoratur
2225 4489 2419 4555 Filius,
2454 4507 2616 4561 quem
2644 4490 2944 4546 secundum
2970 4507 3190 4547 carnem
3217 4491 3509 4562 peperisti;

230 4581 339 4651 τὴν
373 4581 624 4650 γέννησιν
665 4579 774 4648 τοῦ]
804 4579 1038 4650 μεγάλου
1069 4578 1338 4641 Βασιλέως
1380 4579 1702 4650 ἐνήργησεν.
1735 4579 1833 4632 Διὰ

1938 4581 2243 4638 celebratur
2291 4581 2390 4654 [αι.
2437 4581 2794 4654 gloriﬁcatur]
2832 4581 3071 4652 Spiritus
3122 4591 3364 4648 sanctus,
3416 4583 3510 4651 qui

233 4673 362 4737 σοῦ,
391 4674 830 4744 κεχαριτωμένη,
860 4672 1029 4743 Τριάς
1063 4672 1193 4740 ἁγία
1241 4673 1334 4725 καὶ
1360 4671 1644 4742 όμοούσιος
1671 4674 1727 4724 έν
1750 4670 1828 4742 τῷ

231 4765 434 4834 κόσμῳ
465 4763 805 4835 γνωρίζεται.
841 4763 994 4816 Μετὰ
1031 4761 1122 4815 σοῦ
1144 4802 1158 4826 ,
1190 4763 1283 4815 καὶ
1317 4764 1462 4832 ἡμᾶς
1492 4761 1827 4826 καταξίωσον

234 4856 535 4926 μετασχεῖν
597 4853 698 4923 τῆς
753 4853 962 4916 τελείας
1017 4870 1109 4906 σου
1171 4852 1432 4923 χάριτος,
1484 4853 1541 4903 ὲν
1608 4849 1827 4921 Χριστῴ

244 4951 428 5020 Ἰησοῦ
480 4950 557 5020 τῷ
607 4952 796 5022 Κυρίῳ
846 4951 1021 5020 ἡμῶνο
1076 4949 1193 5020 μεθ’
1221 4941 1304 5012 οὗ,
1346 4947 1423 5018 τῷ
1458 4949 1632 5020 Πατρὶ
1677 4946 1823 5010 δόξα,

231 5046 356 5114 ἅμα
400 5059 462 5094 τε
514 5041 591 5113 τῷ
629 5045 772 5114 ἁγίῳ
819 5042 1130 5113 Πνεύματιο
1181 5042 1274 5094 νῦν
1317 5041 1409 5094 καὶ
1455 5041 1574 5104 ἀεὶ,
1604 5041 1696 5093 καὶ
1747 5042 1825 5102 εἰς

230 5133 443 5196 αἰῶνας
494 5132 601 5186 τῶν
652 5132 882 5186 αἰώνων.
922 5133 1093 5203 Ἀμήν
1129 5129 1250 5202 [ἄλ.
1282 5124 1326 5199 ᾧ
1368 5134 1399 5202 ἡ
1446 5131 1589 5196 δόξα,
1634 5131 1726 5184 καὶ
1765 5132 1825 5183 τὸ

230 5226 462 5299 κράτος,
496 5226 578 5288 είς
610 5226 735 5289 τοὺς
765 5224 964 5288 αἰῶνας
993 5225 1099 5278 τῶν
1123 5223 1350 5278 αἰώνων.
1391 5223 1610 5296 Ἀμήν].

309 5482 352 5509 ²⁹
387 5477 533 5531 Psal.
567 5495 698 5541 xvii,
730 5478 814 5532 10.

234 5549 277 5578 ⁸³
313 5549 506 5602 Matth.
535 5565 596 5605 ιι.
678 5549 724 5581 ³⁵
748 5548 790 5602 ll
811 5548 939 5605 Cor.
971 5565 1092 5616 vm,
1123 5551 1176 5604 9.
1256 5551 1299 5581 ³⁸
1330 5548 1461 5604 Luc.
1490 5565 1550 5616 ιι,
1581 5548 1668 5604 51.

930 5479 974 5510 ³⁰
1000 5477 1134 5532 Gen.
1168 5495 1304 5538 xvn;
1366 5477 1508 5534 Psal.
1536 5494 1659 5544 crv;
1717 5478 1876 5534 Rom.
1906 5495 1960 5534 1v
1990 5496 2004 5544 ;
2050 5478 2167 5534 Act.
2199 5494 2292 5532 vn.

1932 4677 1986 4730 in
2029 4684 2124 4729 tuo
2155 4685 2312 4730 utero
2347 4675 2688 4729 nativitatem
2731 4675 2913 4744 magni
2966 4673 3126 4744 [legis
3158 4675 3382 4744 peregit.
3409 4674 3513 4729 Per

1931 4769 2003 4829 te,
2038 4777 2071 4817 0
2115 4766 2289 4834 gratia
2344 4763 2523 4832 plena,
2561 4761 2801 4817 Trinitas
2836 4772 3022 4816 sancta
3057 4773 3111 4817 et
3149 4764 3511 4818 consubstan-

1931 4856 2074 4910 tialis
2126 4856 2178 4908 in
2235 4856 2441 4909 mundo
2484 4857 2858 4926 cognoscitur.
2906 4853 3136 4918 Tecum,
3187 4863 3242 4910 et
3288 4871 3389 4912 nos
3430 4857 3514 4911 di-

1931 4963 2098 5016 gnare
2135 4948 2424 5017 participes
2458 4947 2668 5006 ellicere
2722 4947 2974 5016 perfectae
3027 4956 3132 5002 tua:
3185 4951 3400 5018 gratiae,
3454 4951 3510 5004 in

1933 5039 2156 5095 Christo
2186 5039 2314 5096 Jesu
2358 5040 2592 5095 Domino
2622 5051 2809 5095 nostro
2837 5061 2852 5095 ε
2883 5059 3006 5097 cum
3047 5059 3178 5112 quo,
3210 5041 3357 5097 Patri
3388 5043 3508 5113 glo-

1935 5133 2035 5197 ria,
2063 5132 2336 5202 simulque
2381 5131 2609 5202 Spiritui
2659 5148 2869 5199 saneto,
2897 5150 3042 5190 nunc
3085 5146 3138 5190 et
3175 5149 3415 5204 semper,
3455 5146 3512 5190 et-

1933 5225 1988 5278 in
2021 5225 2214 5280 szecula
2261 5226 2612 5280 saeculorum.
2645 5224 2817 5280 Amen
2864 5226 2962 5299 [αι.
3011 5230 3094 5282 cui
3133 5227 3304 5298 gloria
3330 5238 3382 5283 et
3414 5242 3509 5296 po-

1932 5317 2123 5382 tentia,
2153 5317 2206 5372 in
2233 5317 2430 5373 sa3cula
2454 5316 2798 5372 saeculorum.
2823 5318 3043 5389 Amen].

2409 5478 2449 5508 ³¹
2491 5476 2622 5532 Luc.
2665 5494 2723 5540 ιι,
2757 5476 2806 5528 ’7.
2923 5477 2964 5508 ³³
3010 5475 3151 5530 Psal.
3206 5491 3400 5542 Lxxtx,
3451 5476 3507 5530 2.
