3876 6512
1029 369 1090 423 S.
1136 369 1465 425 GREGORH
1512 369 1865 425 THAUMAT.
1907 370 2053 423 (lPP.
2096 370 2273 423 PARS
2313 366 2609 424 ALTERA.
2647 398 2714 407 --
2750 366 2975 423 DUBIA.

3496 364 3632 418 “73

3250 524 3622 538 *ἡ

1554 677 2145 777 .HOMILIA
2226 680 2414 769 Ill.

1251 870 1320 929 In
1363 867 1867 930 Annuntiatione
1900 872 2132 930 sanctae
2175 867 2459 948 Virginis
2497 869 2731 931 Mariae.

385 1150 637 1219 Ejusdem
667 1148 837 1225 sancti
858 1146 1099 1225 Gregorii
1123 1146 1351 1225 episcopi
1382 1144 1776 1225 Neocwsarew‘
1790 1147 1965 1225 Thau-

2073 1144 2183 1199 Τοῦ
2209 1144 2395 1225 αὐτοῦ
2438 1145 2611 1225 ἁγίου
2654 1146 3001 1225 Γρηγοριουη
3029 1149 3631 1225 ἐπισκᾴποιι-Νεοκαι-

450 1220 703 1288 maturgi,
748 1218 803 1271 in
836 1218 1309 1288 Annnntiationem
1344 1217 1695 1288 sanctissime
1734 1217 1829 1272 Dei
1865 1217 1962 1271 Ce-

452 1285 657 1346 nitricis
701 1287 924 1358 Virginis
951 1286 1157 1351 Marica,
1188 1303 1357 1342 sermo
1386 1285 1504 1340 IlI.

453 1468 663 1529 Rursus
694 1469 834 1521 bona
863 1468 1147 1538 faustaque
1174 1469 1353 1538 gaudii
1400 1468 1589 1525 nuntia
1612 1508 1627 1530 .
1677 1484 1869 1523 rursus
1896 1469 1962 1528 li-

378 1561 603 1623 bertatis
630 1560 847 1627 indicia,
874 1577 1067 1616 rursus
1103 1562 1376 1615 revocatio
1402 1600 1415 1624 ,
1466 1575 1659 1614 rursus
1703 1560 1958 1625 reversio,

378 1668 568 1706 rursus
586 1650 785 1705 laetitiae
808 1652 1121 1717 promissio,
1145 1665 1339 1705 rursus
1359 1665 1387 1703 a
1412 1650 1669 1704 servitute
1692 1648 1957 1705 liberatio.

376 1743 615 1814 Angelus
638 1758 762 1798 cum
800 1741 1019 1812 Virgine
1046 1742 1289 1814 loquitur
1317 1761 1329 1795 :
1363 1752 1421 1797 ut
1449 1759 1557 1798 non
1581 1741 1811 1811 amplius
1836 1757 1959 1796 cum

378 1836 607 1897 muliere
640 1850 867 1905 serpens
896 1836 1169 1903 loquatur.
1210 1834 1386 1890 Mense
1416 1844 1582 1899 sexto,
1614 1834 1810 1905 inquit,
1842 1834 1961 1886 mis-

376 1945 465 1987 sus
500 1940 573 1982 est
603 1928 819 1999 angelus
851 1926 1065 1983 Gabriel
1097 1946 1129 1981 a
1162 1928 1270 1982 Deo
1303 1930 1372 1981 ad
1400 1929 1650 1998 virginem
1674 1928 1960 1996 desponsa-

377 2031 487 2074 tam
528 2022 637 2073 viro
662 2020 728 2074 ³⁸.
762 2018 963 2074 Missus
988 2030 1072 2075 est
1103 2019 1343 2083 Gabriel,
1375 2032 1433 2073 ut
1468 2019 1636 2074 totius
1661 2018 1846 2073 mundi
1874 2033 1959 2072 sa-

376 2109 539 2166 lutem
561 2111 925 2165 annuntiaret.
950 2109 1150 2171 Missus
1166 2119 1247 2164 est
1264 2109 1501 2174 Gabriel,
1521 2118 1579 2169 ut
1595 2108 1956 2163 revocationis

378 2199 835 2269 subscriptionem
852 2199 1058 2254 Adamo
1077 2199 1332 2257 deferret.
1355 2197 1556 2255 Missus
1581 2209 1664 2255 est
1687 2200 1755 2253 ad
1793 2200 1958 2269 virgi—

376 2304 497 2345 nem
524 2289 765 2357 Gabriel,
806 2299 865 2345 ut
902 2291 1152 2351 mulieris
1196 2288 1551 2361 ignominiam
1598 2290 1652 2343 in
1694 2289 1956 2344 honorem

374 2391 758 2437 commutaret.
807 2381 1006 2439 Missus
1059 2392 1144 2437 est
1192 2380 1447 2443 Gabriel,
1501 2388 1560 2433 ut
1595 2379 1819 2449 dignum
1855 2394 1950 2449 pu-

2136 1215 2514 1287 oapelacfoﬁ
2545 1215 3024 1285 Θαυματόιιρτοῦ,
3050 1220 3135 1283 εἰς
3166 1218 3271 1271 τὸν
3307 1221 3627 1287 Εὑαγτελι-

2132 1285 2290 1357 σμὸφζ
2336 1283 2445 1352 τῆς
2480 1283 2787 1357 aurai-lac
2835 1283 3119 1342 Θέοτόκου
3163 1283 3491 1357 Παρθένοὺ’
3530 1288 3630 1357 τῆς

2130 1354 2379 1423 Μαρίας,
2411 1356 2592 1423 λόγος
2620 1356 2831 1423 τρίτος.

2133 1466 2298 1523 Πάλιν
2343 1469 2516 1542 χαρᾶς
2562 1468 2886 1535 εὐαγγέλια,
2922 1469 3082 1523 πάλιν
3125 1470 3433 1543 ἐλευθερίας
3464 1473 3629 1542 μηνύ-

2067 1574 2210 1628 ματα
2231 1598 2245 1620 ,
2295 1557 2456 1612 πάλιν
2506 1557 2821 1628 ἀνάκλησις,
2852 1559 3012 1613 πάλιν
3047 1561 3322 1625 ἐπάνοδος,
3356 1561 3523 1615 πάλιν
3550 1564 3631 1613 εὑ-

2064 1666 2098 1717 φ
2109 1649 2336 1725 ροσύνης
2353 1649 2671 1717 ἐπαγγελία,
2689 1650 2849 1703 πάλιν
2864 1651 3100 1716 δουλείας
3115 1652 3421 1725 ἀπαλλαγή.
3445 1655 3632 1721 Ἀγγε-

2061 1739 2149 1802 λος
2172 1738 2308 1811 μετά
2332 1739 2608 1815 Παρθένου
2626 1738 2789 1793 λαλεῖ·
2812 1741 2898 1793 ἵνα
2938 1744 3134 1812 μηκέτι
3160 1746 3380 1811 γυναικὶ
3396 1745 3629 1815 ὁμιλήσῃ

2060 1832 2087 1883 6
2106 1830 2246 1899 ὄφις.
2272 1830 2356 1896 Τῷ
2376 1832 2521 1900 μηνὶ
2544 1830 2624 1896 τῷ
2648 1830 2815 1897 ἕκτῳ,
2840 1835 3023 1905 φησιν,
3051 1835 3363 1903 ἀπεστάλη
3403 1840 3436 1889 ό
3465 1835 3626 1905 ἅγγε-

2060 1927 2167 1989 λος
2192 1924 2455 1991 Γαϐριὴλ
2481 1923 2598 1978 ὑπὸ
2627 1924 2731 1978 τοῦ
2751 1926 2897 1979 Θεοῦ
2926 1926 3074 1992 πρὸς
3104 1926 3403 1994 παρθένον
3409 1944 3627 1995 pegm-

2061 2014 2401 2084 στευμένην
2417 2014 2605 2080 ἀνδρί.
2637 2017 2940 2087 Ἀπεστάλη
2966 2017 3222 2089 Γαϐριὴλ,
3245 2019 3344 2090 τὴν
3386 2018 3627 2087 παγκόσο

2064 2124 2181 2176 μιον
2197 2107 2430 2178 μηνύσαι
2464 2107 2753 2178 σωτηρίαν.
2773 2108 3071 2178 Ἀπεστάλη
3091 2108 3348 2179 Γαϐριὴλ,
3361 2105 3627 2179 φέρωντῷ

2072 2196 2241 2268 Ἀδὰμ
2264 2196 2586 2269 ὑπογραφὴν
2639 2198 3003 2269 ἀνακλήσεως.
3053 2199 3353 2271 Ἀπεστάλη
3400 2198 3627 2268 Γαϐριὴλ

2059 2289 2193 2360 πρὸς
2205 2289 2489 2361 παρθένον·
2509 2290 2595 2341 ἵνα
2605 2289 2701 2363 τὴν
2712 2292 2932 2361 ἀτιμίαν
2948 2291 3049 2361 τῆς
3065 2289 3370 2362 θήλυοςμσ.
3390 2288 3626 2360 θηλείας]

2058 2384 2138 2445 εἰς
2170 2380 2334 2452 τιμὴν
2384 2381 2683 2457 μεταϐάλῃ.
2727 2382 3027 2453 Ἀπεστάλη
3064 2382 3323 2452 Γαϐριὴλ,
3358 2380 3514 2445 ἄξιον
3552 2382 3627 2432 εύο

373 2474 596 2530 rissimo
613 2487 814 2549 sponso
833 2473 1128 2535 thalamum
1147 2481 1383 2545 pararet,
1400 2470 1598 2531 Missus
1615 2479 1698 2525 est
1712 2470 1948 2532 Gabriel,

2060 2471 2307 2542 τρεπίσαι
2355 2469 2433 2542 τῷ
2488 2470 2711 2541 καθαρῷ
2763 2472 2980 2542 νυμφίῳ
3029 2473 3118 2525 τὸν
3164 2471 3425 2541 θάλαμον.
3482 2472 3627 2523 Ἀπεο

374 2577 434 2623 ιιι
465 2568 606 2622 inter
640 2576 944 2622 creaturam
981 2576 1035 2627 et
1061 2566 1377 2622 Creatorem
1423 2566 1699 2636 sponsalia
1734 2574 1949 2620 contra-

375 2659 546 2719 heret.
574 2656 773 2712 Missus
800 2666 884 2711 est
908 2656 1124 2711 Gabriel
1158 2657 1225 2710 ad
1262 2657 1562 2717 animatum
1599 2656 1759 2726 [legis
1788 2671 1950 2727 ange—

374 2750 551 2805 lorum
593 2749 875 2819 palatium.
920 2747 1123 2804 Missus
1165 2758 1249 2804 est
1290 2749 1507 2808 Gabriel
1547 2750 1612 2804 ad
1654 2750 1946 2820 virginem,

372 2839 760 2909 desponsatam
811 2840 1031 2911 quidem
1070 2838 1307 2910 Ioseph,
1356 2841 1448 2896 sed
1496 2840 1623 2897 Jesu
1675 2842 1811 2897 Filio
1854 2842 1949 2897 Dei

373 2940 663 2986 servatam.
700 2930 899 2988 Missus
926 2941 1012 2987 est
1040 2948 1230 2987 servus
1257 2932 1613 3001 incorporeus
1665 2934 1729 2989 ad
1780 2934 1950 3005 virgi-

374 3040 495 3080 nem
538 3024 854 3085 inviolatam
881 3034 1046 3100 atque
1087 3025 1516 3081 immaculatam.
1561 3025 1762 3081 Missus
1801 3037 1883 3081 est
1918 3043 1948 3081 a

372 3126 594 3184 peccato
621 3114 778 3178 liber,
811 3115 879 3177 ad
914 3130 1035 3173 eam
1070 3131 1193 3192 quae
1227 3117 1408 3172 omnis
1443 3116 1813 3186 corruptionis
1856 3134 1949 3170 ex-

372 3221 496 3275 pers
525 3213 659 3259 erat.
713 3204 913 3261 Missus
939 3215 1022 3261 est
1049 3206 1316 3276 lychnus,
1359 3206 1452 3277 qui
1504 3204 1685 3261 Solem
1724 3206 1950 3275 justitiae

372 3296 653 3355 indicaret.
688 3295 889 3353 Missus
914 3306 996 3352 est
1021 3297 1244 3352 diluculi
1269 3298 1447 3361 nitor,
1492 3298 1584 3371 qui
1622 3298 1727 3353 diei
1763 3299 1946 3359 lumen

370 3399 747 3463 praecurreret.
774 3389 977 3445 Missus
1004 3402 1089 3446 est
1115 3390 1353 3457 Gabriel,
1378 3403 1437 3446 ut
1466 3408 1592 3453 eum
1620 3394 1713 3466 qui
1746 3394 1797 3447 in
1825 3393 1946 3448 sinu

371 3490 456 3535 est
478 3479 677 3545 Patris,
702 3481 865 3536 etiam
899 3482 954 3534 in
987 3482 1179 3538 matris
1211 3483 1358 3538 ulnis
1390 3483 1948 3553 prmdicaret.Missus

373 3579 458 3625 est
485 3570 723 3636 Gabriel,
751 3579 810 3624 ut
834 3586 958 3626 eum
989 3574 1082 3642 qui
1128 3572 1181 3626 in
1219 3572 1357 3627 solio
1395 3574 1649 3638 sedebat,
1696 3575 1858 3629 etiam
1894 3576 1947 3629 in

372 3660 627 3728 spelunca
650 3660 832 3729 jacere
873 3662 1204 3717 ostenderet.
1252 3662 1452 3719 Missus
1499 3674 1583 3721 est
1624 3666 1814 3731 miles,
1855 3667 1947 3737 qui

373 3752 554 3820 magni
580 3750 743 3821 Regis
772 3753 1090 3822 mysterium
1143 3755 1506 3823 proclamaret
1538 3776 1552 3811 :
1601 3759 1944 3828 mysterium,

374 3842 618 3911 inquam,
646 3843 789 3912 quod
824 3844 927 3898 ﬁde
948 3845 1295 3915 cognoscitur
1316 3885 1330 3908 ,
1373 3856 1427 3901 et
1467 3849 1788 3905 curiositate
1838 3867 1946 3907 non
1977 3834 2021 3891 ο

372 3933 692 4004 indagator;
729 3938 1045 4007 mysterium
1080 3940 1224 4008 quod
1278 3940 1569 4007 aduratur,
1612 3954 1663 3997 et
1710 3943 1950 4000 humano

373 4024 592 4095 ingenio
629 4042 737 4080 non
768 4029 1130 4100 ponderantur;
1163 4030 1476 4099 mysterium
1504 4034 1648 4102 quod
1671 4034 1870 4090 divinis
1897 4046 1951 4091 et

374 4131 482 4170 non
541 4117 798 4174 humanis
852 4121 1158 4176 rationibus
1195 4124 1539 4193 expcnditur.
1583 4125 1761 4180 Mense
1802 4137 1949 4181 sexto

376 4210 570 4269 missus
620 4221 695 4264 est
731 4210 946 4266 Gabriel
976 4214 1045 4266 ad
1080 4216 1348 4285 virginem.
1379 4216 1483 4269 Sed
1508 4232 1669 4286 quem
1696 4219 1783 4272 hic
1827 4234 1950 4274 sex-

374 4306 491 4350 tum
529 4314 766 4353 mensem
792 4300 957 4355 dicit?
1003 4302 1349 4368 Quemnam?
1380 4303 1536 4359 lllum
1564 4308 1847 4375 nimirum,
1882 4325 1945 4364 ex

374 4402 485 4454 quo
511 4387 688 4441 laatum
716 4388 842 4443 illud
866 4390 1143 4447 Elisabeth
1167 4395 1376 4463 accepit
1408 4395 1661 4451 nuntium
1695 4417 1705 4453 :
1738 4415 1803 4453 ex
1832 4416 1943 4469 quo

372 4477 638 4533 Joannem
690 4484 955 4552 concepit.
1013 4482 1077 4538 Et
1127 4486 1271 4540 unde
1320 4487 1423 4542 hoc
1473 4488 1695 4557 planum
1745 4490 1841 4545 tit?
1883 4492 1937 4547 ld

376 4571 607 4638 ipsemet
635 4571 1023 4641 interpretatur
1051 4574 1155 4646 [aL
1194 4578 1613 4652 interpretetur]
1650 4582 1943 4655 archange-

373 4658 479 4721 lus,
508 4662 572 4715 ad
623 4661 897 4733 Virginem
952 4666 1176 4722 dicens:
1210 4668 1365 4734 Ecce,
1415 4671 1621 4741 inquit,
1673 4671 1947 4728 Elisabeth

372 4762 597 4819 cognata
632 4763 722 4807 tua
752 4767 801 4809 et
831 4757 945 4825 ipsa
970 4761 1205 4827 concepit
1233 4761 1405 4829 ﬁlium
1433 4763 1488 4816 in
1536 4775 1797 4821 senectute
1826 4782 1943 4822 sua.

373 4839 445 4895 Et
472 4844 557 4896 hic
580 4848 773 4901 mensis
800 4860 877 4902 est
901 4860 1083 4905 sextus
1112 4851 1217 4918 illi,
1252 4870 1370 4923 qua:
1396 4864 1610 4913 vocatur
1645 4857 1842 4912 sterilis
1880 4859 1944 4912 ³⁷.

372 4931 559 4990 Mense
590 4947 776 5004 sexto,
814 4941 1023 4997 scilicet
1046 4928 1423 5014 conceptionis
1452 4945 1698 5003 Joannis.
1737 4948 1948 5003 Conve-

376 5026 558 5081 niebat
588 5029 732 5082 enim
764 5040 823 5085 ut
848 5033 1004 5089 miles
1037 5036 1380 5103 praecederet.
1426 5036 1722 5107 Oportebat
1762 5050 1823 5096 ut
1859 5058 1947 5096 sa-

376 5116 528 5175 telles
557 5126 935 5188 anteverteret,
968 5124 1197 5180 decebat
1227 5135 1283 5180 ut
1318 5129 1543 5185 nuntius
1568 5144 1943 5201 przecurreret,

2056 2560 2223 2632 στάλη
2272 2560 2541 2631 Γαϐριὴλ,
2571 2561 2981 2631 νυμφεύσασθαι
3027 2562 3086 2614 τὸ
3124 2561 3347 2630 πλάσμα
3384 2560 3469 2631 τῷ
3501 2560 3627 2614 xli—

2056 2672 2228 2709 σαντι.
2293 2656 2594 2725 ’Λπεστάλη
2645 2656 2883 2726 Γαϐριὴλ
2941 2656 3077 2727 πρὸς
3126 2656 3185 2707 τὸ
3233 2654 3482 2725 ἔμψυχον
3541 2654 3623 2706 τοὶ

2054 2744 2325 2809 Βασιλέως
2352 2745 2459 2798 τῶν
2482 2745 2725 2813 ἀγγέλων
2754 2745 3031 2799 παλάτιον.
3069 2745 3369 2816 Ἀπεστάλη
3394 2746 3437 2797 Γ
3440 2744 3622 2817 αϐριὴλ

2054 2836 2191 2906 πρὸς
2252 2835 2518 2909 παρθένον
2578 2835 3057 2907 μεμνηστευμένην
3112 2835 3209 2905 μὲν
3266 2833 3346 2904 τῷ
3400 2835 3623 2903 Ἰωσὴφ,

2052 2927 2392 2998 τηρουμένην
2424 2926 2478 2978 δὲ
2518 2925 2595 2997 τῷ
2636 2927 2809 2998 Ἰησοῦ
2851 2925 2967 2996 Υἱῷ
3010 2924 3103 2978 τοῦ
3137 2924 3290 2978 Θεοῦ.
3330 2925 3622 2994 Ἀπεστάλη

2052 3018 2235 3082 δοῦλος
2288 3018 2578 3089 ἀσώματος
2625 3020 2761 3091 πρὸς
2808 3018 3083 3090 Παρθένον
3117 3018 3434 3088 ἀμόλυντον.
3478 3020 3623 3070 Ἀπε-

2058 3114 2225 3185 στάλη
2255 3115 2282 3166 6
2312 3114 2586 3185 ἁμαρτίας
2634 3113 2935 3184 ἐλεύθερος,
2972 3112 3106 3183 πρὸς
3151 3112 3247 3182 τὴν
3280 3111 3490 3183 φθορᾶς
3517 3114 3623 3163 ἁνε-

2055 3208 2324 3261 πίδεκτον.
2382 3206 2687 3277 Ἀπεστάλη
2728 3209 2756 3259 6
2800 3206 3021 3277 λύχνος,
3069 3204 3286 3276 μηνύων
3324 3205 3419 3257 τὸν
3451 3204 3623 3257 Ἥλιον

2054 3301 2149 3371 τῆς
2196 3300 2554 3372 δικαιοσύνης.
2619 3300 2922 3370 Ἀπεστάλη
2970 3302 2999 3352 ὁ
3043 3298 3271 3369 ὄρθρος,
3317 3298 3621 3369 προτρέχων

2051 3390 2147 3443 τοῦ
2182 3390 2355 3459 φωτὸς
2399 3392 2496 3463 τῆς
2550 3391 2785 3462 ἡμέραςο
2836 3390 3137 3459 ’Ᾱπεστάλη
3178 3390 3206 3441 6
3245 3387 3509 3459 Γαϐριὴλ,
3537 3406 3624 3455 κη-

2057 3483 2272 3554 ρύσσων
2314 3483 2405 3535 τδν
2450 3485 2508 3535 ὲν
2555 3482 2773 3546 κόλποις
2817 3482 2909 3535 τοῦ
2945 3482 3206 3550 Πατέρος,
3243 3481 3337 3533 καὶ
3374 3483 3432 3533 ὲν
3464 3479 3620 3546 ἀγκά-

2051 3574 2169 3637 λαις
2203 3574 2301 3645 τῆς
2341 3574 2595 3647 μητέρος.
2649 3574 2953 3641 Ἀπεστάλη
2997 3574 3257 3645 Γαϐριὴλ,
3283 3574 3499 3637 δεικνὺς
3542 3572 3620 3624 τὸν

2052 3664 2111 3716 ὲν
2156 3662 2331 3735 θρόνῳ
2378 3665 2472 3716 καὶ
2512 3663 2569 3715 ἐν
2612 3664 2878 3735 σπηλαίῳ.
2936 3664 3236 3735 Ἀπεστάλη
3270 3666 3617 3735 στρατιώτης,

2053 3754 2190 3825 βοῶν
2234 3755 2294 3807 τὸ
2328 3753 2420 3807 τοῦ
2464 3754 2698 3825 μεγάλου
2742 3754 3005 3825 βασιλέως
3045 3757 3377 3827 μυστήριονο
3431 3756 3623 3826 μυστή-

2057 3865 2205 3919 ριον,
2238 3850 2377 3918 φημὶ
2401 3887 2415 3911 ,
2449 3848 2509 3900 τὸ
2554 3848 2734 3901 πίστει
2786 3849 3215 3921 γνωριζόμενον,
3248 3848 3352 3901 οὐκ
3399 3847 3619 3918 ἐρευνώ-

2059 3955 2219 4010 μενον
2265 3942 2331 4010 τῇ
2383 3937 2901 4012 πολυπραγμοσύνῃ·
2959 3939 3251 4009 μυστήριον
3299 3935 3621 4005 προσκυνούο

2059 4048 2238 4102 μενον,
2289 4032 2350 4083 ού
2394 4030 2913 4101 ζυγοστατούμενον,
2951 4031 3245 4107 μυστήριον
3278 4029 3622 4098 θεολογούμε-

2055 4140 2163 4187 νον,
2191 4123 2251 4177 ού
2282 4122 2661 4195 μετρούμενον.
2696 4121 2781 4187 Τῷ
2802 4124 2950 4190 μηνὶ
2984 4120 3062 4187 τῷ
3098 4121 3266 4189 ἕκτῳ,
3313 4120 3618 4184 ἀπεστάλη

2055 4214 2322 4283 Γαϐριὴλ
2347 4214 2497 4282 πρὸς
2525 4213 2843 4281 παρθένον.
2878 4215 3032 4267 Ποῖον
3056 4212 3201 4285 μῆνα
3220 4197 3416 4277 ἓκτονξ
3442 4213 3618 4271 Ποῖονς

2067 4307 2183 4376 Ἀφ’
2217 4300 2279 4359 οὗ
2324 4305 2538 4370 ἐδέξατο
2574 4305 2853 4358 Ἐλισάϐετ
2895 4304 2961 4358 τὰ
2990 4303 3302 4377 εὐαγγέλια·
3332 4304 3427 4373 ἀφ’
3452 4298 3508 4355 οὗ
3540 4302 3621 4353 τὸν

2030 4422 2031 4425 η
2069 4399 2320 4468 Ἰωάννην
2354 4397 2631 4452 συνέλαϐε.
2662 4398 2772 4451 Καὶ
2800 4395 2962 4449 πόθεν
2994 4396 3171 4459 τοῦτο,
3205 4395 3392 4464 δῆλον;
3433 4395 3621 4464 Ἑρμη-

2054 4490 2267 4543 νεύεται
2458 4487 2828 4560 ἐρμηνευέτω]
2876 4488 2904 4540 6
2947 4486 3107 4549 αὐτὸς
3132 4486 3507 4559 -ἁρχάγγελος,
3549 4484 3619 4535 λέ-

2055 4601 2163 4652 γων
2191 4583 2323 4654 πρὸς
2348 4582 2447 4653 τὴν
2480 4580 2771 4653 Παρθένον
2811 4578 2980 4642 Ἰδοὺ,
3018 4578 3201 4649 φησὶν,
3256 4576 3556 4629 Ἐλισάϐετ
3586 4577 3616 4638 ἡ

2052 4673 2356 4744 συγγενής
2407 4689 2545 4734 σου,
2593 4673 2689 4725 καὶ
2744 4671 2895 4738 αὐτὴ
2941 4670 3343 4738 συιλειληφυῖα
3388 4670 3519 4723 υἱὸν
3555 4669 3619 4720 ἐν

2050 4764 2215 4835 γήρει
2243 4764 2452 4833 αὐτῆς.
2483 4764 2590 4817 Καὶ
2633 4758 2809 4828 οὗτος
2842 4762 2967 4830 μὴν
2992 4762 3162 4828 ἕκτος
3221 4761 3397 4829 αὐτῇ,
3425 4760 3495 4829 τῇ
3523 4777 3615 4812 κα-

2050 4856 2317 4925 λουμένῃ
2364 4856 2590 4922 στείρῃ.
2623 4853 2712 4925 Τῷ
2751 4855 2879 4925 μηνὶ
2930 4854 3007 4925 τῷ
3060 4854 3221 4924 ἕκτῳ,
3279 4854 3460 4907 λοιπὸν
3509 4848 3614 4911 οὖν,

2049 4948 2209 5011 ἕκτος
2244 4948 2349 5019 μὴν
2383 4946 2693 5017 συλλήψεως
2735 4947 2997 4999 Ἰωάννου.
3057 4946 3202 4998 Ἔδει
3239 4945 3349 5015 γὰρ
3396 4943 3619 5016 προφθὶ-

2055 5055 2145 5091 σαι
2176 5037 2268 5091 τὸν
2300 5036 2654 5109 στρατιώτην.
2688 5036 2837 5089 Ἔδει
2864 5037 3152 5108 προλαϐεῖν
3191 5036 3282 5088 τὸν
3308 5036 3611 5105 δορυφόρον·

2050 5130 2155 5183 ἔδει
2208 5130 2660 5205 προοδοιπορῆσαι
2690 5130 2801 5184 τὸν
2853 5131 3094 5202 μηνυτὴν
3147 5130 3245 5199 τῆς
3296 5128 3616 5195 Δεσποτικῆς

374 5209 466 5274 qui
505 5208 718 5262 Domini
755 5214 1044 5268 adventum
1078 5217 1362 5273 indicaret.
1392 5218 1569 5275 Mense
1603 5233 1771 5287 sexto,
1822 5227 1945 5278 mis-

2060 5221 2373 5293 παρουσίας.
2441 5222 2525 5287 Τῷ
2571 5223 2717 5291 μηνὶ
2768 5224 2937 5289 ἕκτῳ,
3008 5221 3321 5288 ἀπεστάλη
3374 5221 3617 5288 ein-eleg

373 5314 464 5357 sus
509 5310 586 5350 est
638 5303 852 5369 angelus
906 5303 1120 5359 Gabriel
1155 5310 1223 5361 ad
1274 5312 1526 5379 virginem
1576 5315 1943 5383 desponsata»:

372 5387 527 5438 uiro:
580 5389 1001 5465 desponsatam,
1065 5397 1325 5465 inquam,
1387 5417 1492 5463 non
1546 5404 1942 5473 conjunctam;

373 5476 756 5548 desponsatam
784 5484 1040 5552 quidem,
1071 5487 1163 5541 sed
1216 5499 1509 5545 servatam.
1555 5494 1665 5545 Cur
1710 5494 1916 5563 despon

374 5578 546 5631 satam
572 5570 595 5623 ?
625 5588 690 5625 ne
713 5575 873 5630 citius
895 5576 1035 5633 latro
1060 5579 1375 5651 mysterium
1401 5595 1769 5653 cognosceret.
1790 5586 1942 5650 Quod

375 5662 580 5723 ctenim
621 5678 713 5729 per
752 5666 1015 5735 virginem
1069 5669 1177 5724 Rex
1223 5680 1484 5727 venturus
1523 5685 1701 5741 esset,
1743 5677 1943 5751 impro—

448 5779 494 5819 8⁸
517 5778 651 5846 μιν.
693 5799 729 5851 ι,
761 5784 851 5857 “26,
883 5786 971 5845 27.
1055 5788 1095 5820 ³⁷
1118 5788 1249 5853 lhid-
1280 5789 1367 5850 36-

2058 5315 2321 5383 Γαϐριὴλ
2350 5313 2499 5382 πρὸς
2540 5314 2840 5382 παρθένον
2868 5313 3405 5384 μεμνηστευμένην
3429 5310 3612 5376 ἀνδρι”

2059 5403 2560 5476 μεμνηστευμένην,
2603 5406 2661 5457 ού
2709 5404 3073 5475 συνημμένην·
3118 5400 3611 5475 μεμνηπευμέιην,

2054 5495 2191 5550 ἀλλὰ
2230 5495 2587 5571 τηρουμένην.
2631 5496 2728 5548 Διά
2782 5496 2833 5547 τι
2883 5494 3393 5566 μεμνηστευμένην;
3426 5492 3510 5543 ἴνα
3544 5489 3611 5559 μὴ

2053 5586 2237 5655 τάχιον
2269 5584 2414 5655 μάθῃ
2454 5586 2482 5638 6
2514 5584 2713 5658 λῃστὴς
2747 5586 2808 5637 τὸ
2855 5585 3165 5655 μυστήριον.
3201 5584 3324 5637 ’Ὁτι
3371 5581 3466 5653 μιν
3512 5578 3609 5646 γὰρ

2053 5680 2140 5736 διὰ
2170 5679 2446 5751 Παρθένου
2498 5678 2615 5752 ἥξει
2660 5682 2687 5733 ὀ
2726 5679 3003 5742 Βασιλεὺς,
3035 5676 3146 5749 ᾔδει
3170 5680 3196 5729 ὁ
3220 5672 3467 5743 πονηρὸςθ
3508 5668 3606 5720 τᾶν
