3876 6516
380 333 519 393 ιιτει

1021 330 1077 384 S.
1119 329 1447 385 GliEGORll
1489 327 1851 385 TIIAUMAT.
1899 326 2049 381 OPP.
2104 325 2282 380 PARS
2321 323 2621 380 ALTERA.
2661 342 2738 364 -·
2770 323 3032 422 DUBlA.‘

378 473 494 525 quae
535 454 812 509 dicuntur.
842 454 1013 519 Quem
1045 450 1398 506 reformidant
1438 452 1717 506 cherubim
1739 490 1754 515 ,
1793 445 1947 520 quem

2057 449 2262 521 ἐλεήσω
2297 448 2440 502 Εὕαν
2473 449 2570 520 τὴν
2610 447 3023 518 κεκακωμένην.
3070 444 3336 496 Ἤκουσεν
3363 444 3386 495 ἕρ
3417 441 3628 513 ἀρχάγο

374 548 644 618 serapbim
694 546 889 600 intueri
920 553 1231 614 nequeunt.
1272 561 1433 615 quem
1482 557 1692 601 cunctae
1726 546 1954 600 virtutes

373 639 626 693 caelestes
671 636 777 707 [αι.
832 634 1124 707 angelicae]
1171 637 1629 706 comprehendere
1677 637 1953 692 intellectu

373 745 483 784 non
515 731 716 792 valent,
753 731 799 783 is
828 743 989 783 suum
1031 728 1300 798 promittit
1333 730 1523 797 puellae
1555 745 1908 798 congressum
1935 769 1950 793 ,

373 838 595 892 suaeque
645 821 818 890 ipsius
871 836 1119 891 personae
1166 821 1431 877 adventus
1477 823 1796 890 denuntiat;
1843 826 1954 878 imo

371 933 501 970 vero
527 917 834 984 ingressum
866 930 962 984 per
982 915 1226 969 auditum
1256 915 1556 984 pollicetur;
1588 925 1642 971 et
1667 917 1759 986 qui
1788 917 1953 972 Evam

372 1008 775 1073 condemnavit,
828 1008 948 1076 ejus
979 1007 1140 1061 tiliam
1178 1016 1456 1077 tantopere
1483 1008 1786 1078 gloriﬁcare
1823 1025 1956 1064 con-

372 1101 582 1155 tendit?
632 1101 722 1154 Ait
769 1101 914 1154 enim
957 1098 1163 1154 :Paret
1205 1100 1339 1154 mihi
1371 1099 1590 1155 auditus
1621 1101 1950 1172 ingressum.

375 1190 479 1244 Sed
511 1191 757 1260 nunquid
802 1189 1000 1258 poterit
1036 1190 1263 1261 virginis
1302 1200 1492 1246 uterus
1535 1191 1686 1245 illum
1721 1207 1913 1258 capere
1935 1233 1951 1258 ,

369 1282 464 1351 qui
495 1281 878 1351 comprehendi
906 1281 1128 1351 nequit?
1160 1281 1475 1353 Mysterium
1508 1297 1688 1338 revera
1719 1293 1955 1340 tremen-

370 1376 499 1426 dum
545 1387 610 1426 ac
647 1373 1015 1427 venerandum
1041 1384 1124 1428 est
1161 1374 1326 1428 istud.
1385 1372 1535 1426 Talia
1569 1374 1698 1428 dum
1731 1374 1956 1444 angelus

373 1481 560 1520 secum
601 1466 893 1536 cogitaret,
939 1466 1078 1520 dixit
1127 1465 1391 1519 Dominus
1437 1465 1504 1519 ad
1549 1466 1770 1534 ipsum:
1813 1466 1954 1532 Quid

373 1558 612 1613 turbaris
648 1560 885 1612 novitate
914 1559 1014 1623 rei,
1049 1573 1082 1613 ο
1108 1558 1364 1613 Gabriel?
1404 1556 1599 1613 Nonne
1625 1568 1782 1613 antea
1824 1560 1958 1615 mis-

372 1667 468 1705 sus
511 1666 542 1704 a
579 1665 666 1704 me
698 1665 759 1705 es
801 1651 867 1704 ad
903 1649 1224 1704 Zachariam
1263 1651 1597 1706 sacerdotem
1640 1651 1721 1704 ”?
1765 1651 1956 1706 Nonne

373 1743 474 1812 ipsi
527 1743 709 1797 laetum
763 1743 1065 1798 nativitatis
1109 1742 1338 1799 Joannis
1384 1745 1612 1799 attulisti
1663 1745 1956 1799 nuntium?

2059 542 2213 612 γελος
2248 541 2442 604 ταῦτα,
2477 541 2570 593 καὶ
2597 540 2719 593 καθ’
2753 538 2966 600 ἑαυτὸν,
3017 535 3093 600 ὡς
3142 534 3310 596 εἰκὸς,
3336 532 3626 600 ἐλογίζετο·

2017 625 2041 670 ’7
2057 639 2218 692 Ξένον
2261 637 2323 690 τὸ
2375 638 2604 707 πρᾶγμα
2660 633 2839 687 τοῦτο·
2911 629 3239 702 ύπερϐαῖνον
3299 627 3530 692 ἔννοιαν,
3574 625 3630 677 τὸ

2057 729 2405 800 λαλούμενον.
2454 729 2511 781 Ὀ
2544 731 2657 789 τοῖς
2691 724 2955 798 χερουϐὶμ
3004 721 3252 794 φοϐερὸς.
3273 723 3301 773 6
3325 723 3439 782 τοῖς
3474 735 3631 789 σεραο

2060 823 2164 893 φὶμ
2186 821 2516 893 ἀθεώρητος,
2567 821 2596 872 6
2653 821 2855 881 πάσαις
2907 820 3026 880 ταῖς
3075 812 3351 885 οὐρανίαις
3384 811 3512 883 [ἀλ.
3540 812 3632 878 ἀγ-

2057 914 2322 987 γελικαῖς]
2359 914 2650 985 δυνάμεσιν
2704 911 3091 981 ἀκατανόητος,
3129 906 3300 978 ίδικὴν
3347 904 3632 974 συντυχίαν

2058 1008 2453 1078 ἐπαγγέλλεται
2501 1007 2656 1079 κόρη·
2709 1005 3134 1075 αὐτοπρόσωπον
3197 1000 3504 1070 παρουσίαν
3537 1017 3632 1069 μη-

2060 1101 2198 1162 νύει,
2232 1100 2430 1170 μᾶλλον
2451 1099 2506 1152 δέ
2537 1098 2742 1151 εἴσοδον
2780 1097 2848 1151 δι’
2879 1098 3048 1168 ἀκοῆς
3094 1098 3452 1166 ὑπισχνεῖται·
3488 1095 3581 1147 καὶ
3606 1097 3632 1146 ὀ

2059 1193 2160 1266 τὴν
2193 1192 2336 1245 Εὕαν
2365 1191 2752 1254 καταδικάσας,
2785 1191 2884 1261 τὴν
2911 1190 3080 1261 αὐτῆς
3127 1189 3401 1258 θυγατέρα
3444 1185 3630 1239 τοσοῦ-

2055 1305 2146 1340 τον
2178 1285 2421 1352 δοξάζειν
2472 1284 2777 1352 ἐπείγεται;
2825 1283 2987 1352 Λέγει
3035 1267 3515 1354 γάρ,ίέτοιμάσαι
3548 1281 3631 1348 μοὶ

2057 1380 2154 1450 τῆς
2187 1378 2356 1447 ἀκοῆς
2389 1377 2489 1441 τάς
2525 1369 2801 1439 εἰσόδους.’
2831 1375 2990 1428 Ἀλλά
3044 1375 3117 1446 μὴ
3166 1374 3388 1427 δύναται
3420 1372 3632 1442 γαστὴρ

2057 1474 2254 1542 χωρεῖν
2275 1470 2366 1548 16v
2400 1467 2716 1540 ἀχώρητον;
2751 1471 2958 1532 Ὄντως
3000 1468 3158 1521 τοῦτο
3187 1466 3417 1538 φοϐερὸν
3441 1466 3510 1518 16
3539 1484 3632 1536 μυ-

2059 1542 2323 1633 στήριονδ
2368 1561 2602 1614 Τοιαῦτα
2661 1560 2754 1613 τοῦ
2817 1561 3050 1633 ἀγγέλου
3116 1559 3559 1630 ἐνθυμουμένου,
3606 1560 3631 1610 6

2058 1629 2332 1722 Δεσπότης
2357 1654 2522 1724 φησὶν
2559 1652 2695 1724 πρὸς
2749 1653 2929 1706 αὐτόν·
2961 1629 3057 1704 “Ti
3094 1629 3359 1722 ταράττῃ,
3411 1648 3509 1701 καὶ
3559 1648 3632 1711 ξε-

2059 1744 2202 1817 νίζῃ,
2231 1739 2275 1797 ὦ
2308 1744 2581 1817 Γαϐριήλ;
2630 1745 2704 1796 Ού
2727 1743 2917 1816 πρώην
2970 1744 3098 1814 παρ’
3123 1741 3257 1811 ἐμοῦ
3303 1740 3630 1809 ἀπεστάλης,

370 1834 562 1889 Nonne
595 1837 874 1891 incredulo
903 1837 1173 1892 sacerdoti
1207 1837 1592 1892 taciturnitatis
1622 1853 1838 1908 poenam
1865 1839 1947 1892 in-

2063 1838 2199 1908 πρὸς
2220 1839 2495 1910 Ζαχαρίαν
2521 1837 2610 1892 τὸν
2639 1837 2788 1908 ἱερέα
2811 1853 2824 1902 ;
2849 1838 2924 1890 Ού
2949 1836 3186 1898 δέδωκας
3213 1833 3361 1905 αύτῷ
3394 1834 3499 1903 τῆς
3524 1850 3633 1901 γεν-

371 1927 580 1981 tulisti?
605 1925 795 1982 Nonne
836 1944 1020 1982 senem
1067 1929 1297 1999 loquelae
1334 1929 1635 1999 privatione
1673 1930 1952 1986 multasti?

371 2017 561 2072 Nonne
592 2035 712 2088 quae
744 2031 798 2075 tu
828 2022 1132 2087 asseruisti,
1173 2037 1273 2093 ego
1305 2023 1623 2078 confirmavi
1661 2032 1717 2078 et
1754 2039 1951 2094 appro-

368 2111 530 2166 bavi?
580 2112 769 2168 Nonne
797 2125 944 2170 tuam
983 2117 1453 2171 annuntiationem
1491 2131 1580 2171 res
1613 2117 1727 2186 ipsa
1757 2117 1950 2172 subse-

369 2216 493 2261 cuta
536 2209 664 2262 est?
701 2206 892 2263 Nonne
937 2211 1138 2265 sterilis
1187 2211 1476 2280 concepit?
1525 2209 1718 2264 Nonne
1763 2218 1952 2265 uterus

367 2301 644 2356 obedivit?
676 2300 864 2357 Nonne
889 2303 1190 2358 sterilitatis
1219 2302 1442 2358 morbus
1476 2304 1733 2358 recessit?
1766 2302 1954 2358 Nonne

369 2404 577 2448 natura:
623 2395 829 2462 inertia
884 2396 1063 2467 fugit?
1109 2395 1300 2451 Nonne
1365 2412 1510 2452 nunc
1565 2396 1948 2452 fecunditatem

367 2487 628 2550 ostendit,
656 2503 777 2557 quae
805 2488 957 2558 prius
994 2497 1208 2542 uterum
1255 2503 1363 2542 non
1402 2489 1662 2559 gerebat?
1696 2489 1948 2560 Nunquid

368 2579 704 2648 impossibile
757 2579 897 2648 apud
952 2594 1038 2632 me
1079 2589 1401 2634 cunctorum
1447 2590 1747 2634 creatorem
1778 2623 1794 2647 ,
1848 2582 1952 2637 erit

368 2685 531 2723 omne
563 2671 825 2724 verbum?
849 2669 1135 2736 Quomodo
1166 2687 1294 2739 ergo
1334 2673 1590 2729 dubitas?
1617 2673 1756 2739 Quid
1789 2675 1952 2744 igitur

367 2760 609 2815 vicissim
637 2761 703 2814 a'd
744 2761 857 2816 haec
885 2763 1148 2832 angelus?
1180 2762 1431 2828 Naturae,
1464 2766 1669 2836 inquit,
1699 2781 1946 2831 errores,

368 2868 402 2905 ο
436 2852 684 2924 Domine,
715 2854 1022 2924 corrigere;
1065 2857 1383 2911 morborum
1427 2866 1806 2930 tempestatum
1838 2861 1952 2916 dis-

369 2947 596 3012 solvere,
628 2947 868 3002 mcmbra
899 2959 1147 3004 emortua
1180 2951 1245 3004 ad
1275 2951 1492 3006 vitalem
1517 2953 1626 3008 vim
1657 2969 1946 3018 revocare;

368 3048 606 3104 naturae,
638 3049 698 3093 ut
736 3041 935 3096 liberos
965 3041 1176 3112 gignat,
1222 3045 1549 3114 praecipere;
1585 3046 1655 3101 ah
1685 3048 1940 3101 extermi-

367 3131 510 3184 natis
544 3132 803 3187 membris
851 3133 1186 3189 sterilitatem
1236 3137 1529 3206 repellere;
1575 3150 1946 3195 senescentem

367 3225 623 3295 stipulam
656 3226 722 3279 ad
754 3225 978 3281 viridem
1021 3227 1253 3283 formam
1295 3230 1587 3295 reducere;
1620 3241 1818 3288 terram
1867 3236 1950 3290 in—

367 3317 652 3373 fecundam
705 3329 928 3390 repente
973 3324 1378 3392 manipulorum
1421 3334 1650 3380 matrem
1699 3327 1948 3394 efficere;

365 3426 502 3479 opus
549 3419 632 3467 est
678 3413 823 3482 quod
877 3423 967 3468 tua
1011 3415 1211 3470 virtute
1260 3426 1423 3486 atque
1483 3420 1724 3487 potentia
1764 3421 1949 3490 perfici

365 3503 518 3558 solet.
545 3503 834 3575 Testisque
857 3516 939 3560 est
967 3504 1120 3572 Sara,
1150 3518 1350 3566 etcum
1379 3509 1481 3564 hac
1509 3509 1606 3581 [αι.
1636 3521 1757 3581 post
1787 3512 1948 3585 hanc]

366 3595 609 3651 Rebecca
640 3597 704 3661 ⁸³,
737 3613 1038 3667 rursusque
1063 3605 1218 3658 Anna
1255 3619 1268 3654 :
1299 3617 1421 3671 quae
1447 3603 1577 3657 dum
1609 3605 1759 3670 gravi
1789 3614 1951 3675 atque

365 3687 594 3741 molesto
625 3687 927 3742 sterilitatis
971 3691 1162 3743 morbo
1215 3690 1560 3757 laborarent,
1599 3703 1786 3761 postea
1823 3711 1852 3749 a
1900 3705 1951 3750 te

366 3779 608 3834 liberatae
640 3788 786 3834 sunt.
830 3781 1120 3846 Caeterum,
1153 3782 1416 3852 virginem
1454 3784 1661 3853 absque
1692 3787 1794 3840 viri
1820 3802 1950 3841 con-

365 3884 555 3936 gressu
582 3884 792 3938 parere,
822 3882 1049 3926 cunctas
1084 3881 1297 3927 naturae
1329 3873 1470 3944 leges
1501 3885 1750 3946 superat;
1787 3887 1950 3948 atque

363 3960 502 4014 adeo
553 3970 706 4014 tuum
755 3961 823 4015 ad
859 3960 1093 4030 puellam
1135 3962 1410 4033 polliceris
1443 3967 1774 4022 adventum?
1811 3967 1946 4023 Caeli

364 4061 628 4122 terraeque
672 4069 778 4107 non
813 4063 864 4109 te
895 4054 1029 4109 fines
1069 4055 1326 4125 capiunt;
1365 4059 1642 4128 quomodo
1687 4061 1851 4132 igitur
1897 4070 1949 4116 te

360 4145 644 4214 virginalis
673 4155 862 4202 uterus
895 4147 1110 4217 capiet?
1145 4147 1246 4203 Cui
1289 4150 1553 4208 Dominus
1590 4173 1602 4207 :
1637 4152 1944 4219 Quomodo,

363 4235 578 4304 inquit,
625 4236 857 4291 Abrahae
908 4237 1316 4293 tabernaculum
1363 4257 1451 4296 me
1495 4258 1688 4309 capere
1733 4245 1948 4312 potuit?

363 4324 430 4379 Et
469 4327 694 4395 angelus
727 4346 740 4380 z
777 4329 1076 4394 Quoniam,
1115 4331 1328 4400 inquit,
1364 4333 1751 4402 hospitalitatis
1781 4338 1944 4390 habe-

361 4415 456 4468 bat
503 4417 756 4486 pelagus;
800 4416 1052 4486 illicque,
1106 4434 1140 4474 ο
1185 4418 1447 4486 Domine,
1498 4433 1548 4478 te
1586 4426 1942 4494 conspicuum

2059 1931 2269 2001 νήσεως
2312 1931 2557 1985 Ἰωάννου
2586 1930 2654 1984 τά
2691 1929 3015 1998 εὑαγγέλια;
3056 1927 3170 1982 Ούκ
3217 1928 3538 1982 ἀπιστοῦντι
3564 1927 3633 1996 τῷ

2061 2025 2214 2096 ἱερεῖ,
2245 2023 2306 2077 16
2365 2023 2464 2094 τῆς
2512 2023 2724 2092 σιωπῆς
2775 2023 3123 2094 προσήγαγες
3175 2022 3518 2093 πρόστιμονς
3563 2022 3631 2072 0-3

2059 2117 2421 2178 κατεδίκασας
2450 2115 2538 2168 16v
2597 2113 2908 2184 πρεσϐύτην
2961 2117 3029 2185 τῇ
3087 2114 3340 2184 ἀφωνίᾳ;
3409 2114 3545 2183 Οὐχὶ
3573 2114 3628 2165 συ

2059 2211 2342 2280 άπεφήνω,
2407 2207 2518 2276 ἐγὼ
2559 2207 2614 2261 δέ
2668 2207 2953 2278 ἐκύρωσα;
2989 2208 3063 2260 Ού
3112 2207 3190 2277 τῷ
3253 2207 3631 2277 εὐαγγελισμιῖι

2061 2319 2174 2365 σου,
2197 2303 2257 2355 16
2278 2302 2435 2374 ἔργον
2462 2301 2897 2373 ἐπηκολούθησεν
2922 2317 2936 2365 ;
2957 2301 3032 2353 Ού
3058 2301 3346 2354 συνέλαϐεν
3374 2303 3410 2370 ἡ
3435 2305 3629 2371 στεῖρας

2059 2396 2172 2448 Οὐκ
2233 2395 2542 2466 ὑπήκουσεν
2590 2396 2624 2465 ή
2686 2395 2904 2465 μήτρα;
2971 2393 3085 2446 Οὐκ
3131 2392 3484 2463 ἀνεχώρησεν
3541 2391 3630 2460 τῆς

2058 2488 2334 2560 ἀκαρπίας
2385 2490 2419 2558 ἠ
2477 2488 2666 2552 νόσος;
2718 2488 2831 2539 Οὐκ
2865 2485 3062 2555 ἔφυγεν
3115 2486 3353 2557 ἡάργία
3410 2485 3512 2556 τῆς
3543 2484 3632 2552 φύ-

2059 2598 2234 2645 σεως;
2264 2581 2337 2634 Ού
2369 2581 2463 2633 νῦν
2492 2583 2638 2633 ἐστιν
2695 2580 3158 2652 σταχυοφοροῦσα,
3189 2582 3222 2651 ἡ
3258 2581 3530 2653 πρότερον
3575 2580 3627 2632 οὗ

2058 2673 2433 2746 κυοφοροῦσας
2486 2674 2578 2744 Μὴ
2606 2673 2868 2726 ἀδύνατον
2927 2673 3056 2744 παρ’
3081 2673 3202 2742 ἐμοὶ
3237 2671 3314 2740 τῷ
3368 2671 3626 2753 κτίσαντι,

2058 2767 2164 2820 πᾶν
2218 2767 2399 2838 ρἧας
2437 2767 2560 2830 Πῶς
2609 2762 2718 2854 οὗνι
2754 2765 3055 2836 ἀμφιϐολίᾳ
3114 2755 3544 2836 περιεϐλήθης;”
3571 2761 3626 2814 Τί
3674 2745 3722 2786 1‘
3757 2763 3761 2768 “

2056 2853 2148 2911 οὖν
2179 2843 2336 2910 πάλιν
2362 2857 2390 2908 6
2423 2857 2651 2926 ἄγγελος
2672 2839 2996 2922 ς’(Δέσποτα,
3056 2857 3137 2922 16,
3202 2855 3541 2928 θεραπεῦσαι
3567 2853 3629 2906 τά

2054 2953 2151 3022 τῆς
2180 2951 2394 3021 φύσεως
2425 2952 2732 3022 σφάλματα·
2769 2952 2848 3019 16,
2885 2951 3138 3006 διαλῦσαι
3171 2952 3278 3004 τῶν
3332 2949 3525 3005 παθῶν
3546 2948 3627 3001 τὸν

2056 3045 2320 3115 χειμῶνα·
2355 3045 2436 3108 16,
2461 3045 2799 3117 νεκρωθέντα
2833 3046 2968 3116 μέλη
2995 3046 3130 3115 πρὸς
3163 3045 3400 3114 ζωτικὴν
3435 3045 3628 3096 ἀνακα-

2055 3137 2314 3190 λέσασθαι
2344 3125 2592 3210 δύναμιν·
2625 3140 2704 3203 16,
2730 3139 2981 3204 ἐπιτάξαι
3014 3143 3080 3210 τῇ
3108 3137 3265 3208 φύσει
3291 3137 3627 3195 παιδοποιίας

2055 3230 2352 3299 ἐνέργειαν,
2396 3231 2475 3294 16,
2539 3231 2699 3285 λῦσαι
2748 3233 3051 3304 στείρωσιν,
3100 3233 3156 3284 ἐν
3185 3229 3500 3301 ὑπερορίοις
3526 3229 3627 3286 τοῖς

2056 3321 2291 3389 μέλεσιν·
2326 3323 2406 3387 16,
2461 3327 2834 3395 γεγηρακυῖαν
2863 3323 3114 3395 καλάμην
3160 3320 3627 3394 μετασχηματίσαι

2053 3414 2189 3484 πρὸς
2247 3413 2546 3485 χλοηφόρον
2607 3416 2808 3486 σχῆμα·
2861 3417 2942 3479 τὸ,
2993 3415 3091 3486 τὴν
3154 3414 3348 3482 ἄγονον
3399 3414 3626 3484 ἄρουραν

2051 3501 2377 3572 δραγμάτων
2424 3503 2682 3577 ἐξαίφνης
2719 3506 2992 3570 ἀναδεῖξαι
3029 3505 3262 3578 μητέρα·
3295 3504 3460 3576 ἔργον
3492 3505 3627 3556 ἐστὶν

2053 3594 2150 3665 τῆς
2211 3594 2310 3664 σῆς
2345 3596 2647 3666 δυνάμεως,
2685 3597 2750 3650 ἐκ
2794 3597 3086 3668 συνηθείας
3137 3597 3485 3666 τελούμενον.
3529 3596 3625 3647 Καὶ

2055 3687 2266 3758 μάρτυς
2290 3689 2322 3757 ἠ
2350 3688 2554 3759 Σάρρα,
2593 3690 2683 3742 καὶ
2715 3687 2852 3759 μετά
2879 3688 3081 3760 ταύτης
3115 3690 3147 3760 η
3181 3687 3301 3760 [ἀλ.
3336 3688 3477 3758 μετά
3502 3686 3625 3739 ταύ-

2050 3778 2174 3849 την]
2213 3778 2509 3832 Ῥεϐέκκα·
2559 3779 2653 3834 καὶ
2710 3780 2871 3833 πάλιν
2905 3783 3092 3842 Ἀννα,
3143 3778 3220 3850 τῷ
3266 3779 3492 3850 χαλεπῷ
3533 3779 3624 3847 τῆς

2053 3869 2391 3940 στειρώσεως
2428 3870 2779 3926 δουλεύσασαι
2836 3872 3018 3934 πάθει,
3063 3867 3182 3925 εἶτα
3208 3870 3362 3942 παρά
3412 3870 3506 3925 σοῦ
3534 3871 3623 3941 τὴν

2051 3962 2363 4035 ἐλευθερίαν
2415 3963 2720 4035 δεξάμεναι.
2756 3965 2828 4018 T6
2883 3967 2960 4030 δὲ,
3002 3963 3268 4037 παρθένον
3313 3968 3519 4025 τεκεῖν,
3557 3963 3624 4034 μὴ

2053 4053 2414 4124 συντυχοῦσαν
2441 4055 2616 4125 ἀνδρὶ,
2658 4055 2915 4126 άνότερὸν
2957 4057 3104 4108 ἐστιν
3152 4055 3373 4109 πάντων
3408 4055 3516 4108 τῶν
3543 4056 3622 4108 v6-

2055 4163 2170 4216 μων
2197 4147 2296 4218 τῆς
2324 4147 2559 4215 φύσεως·
2593 4147 2727 4201 ἀλλά
2755 4149 2850 4200 καὶ
2913 4147 3010 4219 τὴν
3067 4148 3164 4218 σὴν
3207 4147 3525 4217 ἐπαγγέλλῃ
3565 4148 3623 4215 τῇ

2052 4237 2205 4289 παιδὶ
2238 4237 2576 4308 παρουσίαν;
2614 4238 2857 4310 Οὐρανοῦ
2912 4239 3004 4291 καὶ
3033 4239 3134 4310 γῆς
3158 4239 3217 4290 ού
3251 4241 3422 4310 χωρεῖ
3456 4255 3513 4310 σε
3561 4237 3623 4288 τὰ

2049 4327 2283 4398 πέρατα,
2307 4329 2399 4381 καὶ
2429 4329 2545 4393 πῶς
2574 4345 2631 4382 σε
2649 4308 2838 4431 prima.
2863 4308 3100 4402 χωρήσει
3154 4308 3456 4401 παρθενικὴ
3473 4308 3623 4394 ς’Ἴιίαὶ

2048 4421 2076 4471 ὁ
2106 4421 2383 4510 Δεσπότης
2437 4422 2620 4490 φησίν·
2649 4401 2796 4484 (Ἠώς
2827 4439 2892 4493 με
2947 4401 3222 4494 ἐχώρησεν
3251 4424 3284 4492 ἡ
3338 4422 3512 4493 σκηνὴ
3536 4418 3622 4473 τοῦ

358 4507 594 4562 Abrahae
639 4509 691 4562 in
731 4510 874 4564 ostio
919 4510 1256 4566 tabernaculi
1287 4515 1565 4569 reddidisti
1601 4517 1646 4548 ⁵⁸
1672 4559 1687 4582 ,
1733 4528 1783 4574 et
1821 4534 1941 4589 per-

2063 4507 2360 4582 ‘A6patép;
2383 4513 2491 4566 Καὶ
2513 4514 2541 4564 6
2569 4514 2798 4582 ἄγγελός
2845 4532 3026 4585 φησιν·
3089 4513 3303 4584 Ἐπειδὴ
3362 4509 3505 4583 εἶχεν
3529 4512 3622 4580 τῆς

358 4601 607 4658 transisti
657 4603 804 4657 velut
851 4602 945 4672 qui
989 4604 1173 4659 omnia
1220 4606 1415 4675 reples.
1475 4607 1759 4674 Quomodo
1809 4628 1940 4666 vero

359 4693 526 4749 Maria
561 4695 864 4752 divinitatis
894 4696 1028 4751 feret
1058 4697 1274 4768 ignem?
1319 4698 1362 4752 Τ
1370 4700 1578 4756 hronus
1607 4713 1731 4757 tuus
1756 4704 1940 4770 splen-

357 4788 487 4841 dore
516 4787 817 4842 illustratus
846 4788 1179 4854 accenditur,
1206 4801 1260 4846 et
1286 4771 1440 4863 virgo
1473 4802 1523 4846 te
1550 4793 1692 4848 ferre
1720 4795 1939 4864 poterit,

357 4889 418 4934 ut
477 4895 583 4934 non
647 4881 1044 4937 comburatur?
1082 4883 1184 4938 Cui
1238 4884 1506 4940 Dominus
1551 4908 1561 4941 ε
1619 4885 1732 4940 lmo
1773 4903 1938 4950 vero,

353 4974 550 5043 inquit,
590 4975 631 5027 si
664 4974 804 5044 ignis
831 4977 882 5030 in
930 4977 1226 5032 solitudine
1256 4978 1394 5031 lzesit
1424 4979 1621 5033 rubum
1657 4979 1737 5045 “,
1784 4980 1942 5034 laedet

354 5066 580 5118 omnino
615 5073 668 5118 et
694 5065 917 5121 Mariam
952 5085 1106 5123 mens
1132 5070 1424 5134 adventus;
1470 5079 1525 5123 at
1567 5072 1613 5125 si
1655 5070 1796 5139 ignis
1827 5071 1936 5138 ille,

353 5153 447 5223 qui
477 5154 646 5208 divini
677 5156 780 5209 mei
811 5171 878 5210 ex
906 5159 1047 5211 caelo
1087 5158 1228 5228 ignis
1269 5159 1559 5213 adventura
1593 5161 1938 5231 designabat,

319 5245 547 5298 'rubum
597 5246 820 5315 rigavit,
877 5263 983 5302 non
1028 5249 1362 5313 combussit;
1411 5251 1672 5320 quidnam
1710 5253 1777 5308 de
1826 5255 1941 5324 ipsa

352 5339 579 5394 veritate
601 5340 837 5402 dixeris,
878 5358 987 5395 non
1024 5343 1073 5395 in
1098 5343 1315 5397 flamma
1342 5345 1504 5414 ignis,
1541 5347 1633 5402 sed
1672 5348 1722 5401 in
1757 5350 1937 5416 specie

350 5429 580 5498 pluviae,
615 5431 978 5487 descendente
1008 5433 1093 5487 "?
1146 5433 1300 5488 Tune
1330 5435 1494 5504 igitur
1533 5439 1791 5508 angelus,
1841 5439 1936 5494 Dei

345 5518 500 5587 iussa
536 5521 591 5573 in
640 5535 700 5574 se
747 5523 1016 5592 recipiens
1057 5531 1112 5576 et
1151 5523 1376 5592 exsequi
1405 5525 1621 5591 volens,
1657 5526 1932 5596 Virginem

347 5608 502 5673 aliit,
532 5618 586 5662 et
623 5611 766 5665 clara
798 5627 916 5666 eam
962 5628 1094 5667 voce
1123 5615 1497 5682 compellavit,
1531 5616 1718 5671 dicens
1763 5637 1774 5671 :
1809 5619 1933 5682 Ave,

427 5785 621 5847 "Luc.
663 5809 699 5848 ι.
777 5795 822 5826 ⁸⁸⁵
851 5795 984 5850 Gen.
1022 5812 1179 5856 xvm,
1213 5797 1302 5852 9.5.
1383 5798 1426 5829 ³⁸
1457 5798 1590 5856 Gen.
1637 5815 1792 5855 ιιι-ιιι.

777 5795 822 5826 ⁸⁸⁵
851 5795 984 5850 Gen.
1022 5812 1179 5865 xvm,
1213 5797 1302 5852 9.5.

1876 5804 1914 5832 "‘
1945 5803 2113 5858 Exod.
2157 5821 2235 5858 ιιι.

2051 4603 2355 4672 φιλοξενίας
2406 4607 2467 4660 τὸ
2518 4607 2772 4676 πέλαγος,
2829 4608 3095 4669 Δέσποτα,
3145 4607 3261 4659 ἐκεῖ
3317 4604 3507 4676 ὤφθης
3551 4604 3621 4673 τῷ

2062 4697 2311 4769 Ἀϐραὰμ
2340 4701 2398 4751 ἐν
2427 4702 2489 4770 τῇ
2525 4700 2764 4771 παροδίῳ
2811 4703 3002 4770 σκηνῇ,
3033 4700 3126 4752 καὶ
3178 4697 3528 4769 παρέδραμες
3551 4697 3621 4760 ὡς

2049 4790 2265 4844 ἅπαντα
2298 4791 2541 4862 πληρῶν.
2594 4793 2717 4856 Πῶς
2761 4793 2818 4845 δὲ
2850 4794 3062 4862 ἐνεγκεῖ
3108 4791 3342 4863 Μαριάμ
3390 4792 3484 4861 τῆς
3507 4789 3620 4843 θεὸ-

2049 4897 2210 4950 τητος
2239 4880 2298 4934 16
2328 4881 2472 4953 πῦρ;
2535 4882 2590 4934 '0
2621 4881 2807 4954 θρόνος
2837 4900 2931 4935 σου
2961 4882 3215 4951 φλέγεται
3240 4886 3309 4952 τῇ
3335 4882 3498 4954 αἴγλῃ
3529 4899 3621 4932 πε-

2047 4958 2478 5043 ριλαμπόμενος,
2535 4973 2630 5054 καὶ
2687 4972 3005 5027 δύναταίσε
3063 4975 3245 5047 φέρειν
3298 4975 3330 5044 η
3393 4974 3622 5027 εὐκατά-

2046 5037 2274 5133 φλεκτος
2295 5037 2565 5138 παρθένος
2579 5037 2610 5131 ἒν
2635 5068 2745 5120 Καὶ
2794 5069 2822 5120 6
2851 5037 3147 5140 Δεσπότης·
3177 5037 3362 5140 φησίν·
3423 5068 3548 5131 Ναὶ,
3575 5069 3619 5118 εί

2044 5157 2276 5228 ἔϐλαψεν
2316 5159 2375 5212 16
2409 5160 2522 5230 πῦρ
2547 5162 2602 5213 ἐν
2626 5162 2817 5232 ἐρήμῳ
2843 5160 2941 5232 τὴν
2973 5160 3150 5231 βάτον,
3188 5160 3378 5231 βλάψει
3407 5160 3612 5222 πάντας

2046 5252 2140 5305 καὶ
2191 5251 2464 5322 Μαρίανή
2497 5251 2604 5322 ἐμὴ
2637 5252 2924 5323 παρουσία.
2964 5253 3026 5305 Ei
3053 5251 3108 5306 δὲ
3139 5253 3316 5304 ἐκεῖνο
3337 5251 3396 5304 16
3420 5249 3529 5320 πῦρ

2049 5342 2461 5412 σκιογραφῆσαν
2515 5342 2614 5412 τὴν
2669 5341 2762 5395 τοῦ
2827 5342 3007 5395 θεῖκοῦ
3052 5341 3223 5414 πυρὸς
3279 5341 3339 5408 ἐξ
3388 5336 3615 5412 ούρανοῦ

2046 5434 2384 5504 παρουσίαν,
2422 5433 2682 5504 ἠρδευσεν
2734 5434 2829 5504 την
2878 5433 3058 5503 βάτον,
3115 5433 3206 5487 καὶ
3249 5433 3348 5486 οὐκ
3380 5430 3612 5500 ἔφλεξεν·

2046 5526 2097 5578 τί
2127 5525 2192 5578 ἀν
2217 5526 2410 5589 εἴποις,
2445 5527 2574 5598 περὶ
2603 5527 2702 5596 τῆς
2748 5527 3025 5596 ἀληθείας,
3055 5527 3155 5580 οὐκ
3201 5529 3258 5578 ἐν
3300 5525 3458 5594 φλογὶ
3513 5542 3604 5577 πυ-

2050 5620 2156 5690 ρῦς,
2204 5619 2314 5673 ἀλλ’
2351 5622 2408 5672 ἐν
2471 5621 2709 5690 σχήματι
2765 5621 2924 5674 ὑετοῦ
2966 5598 3602 5691 καταϐαινούσηςςῖτότι

2314 5807 2355 5835 ii
2391 5803 2526 5859 Psal.
2564 5822 2711 5865 um.
2755 5802 2806 5860 6.

3489 314 3622 370 Ηῖθ
3809 83 3820 376 1

3815 379 3819 398 ’
