3876 6512
143 404 284 463 H77

1133 398 1424 457 llOMlLIA
1459 399 1525 454 IV
1570 400 1632 454 IN
1665 399 1937 456 SANCTA
1975 400 2436 458 THEOPIIANIA.

3274 404 3416 459 H73

138 527 326 580 Λοιπὸν
378 529 406 581 ὁ
457 526 685 596 ἅγγελος
744 525 1042 597 ἐξεπλήρου
1097 525 1160 578 τὸ
1214 525 1574 597 προσταχθὲν,
1630 543 1682 578 κε

1792 527 2000 596 ,gratia
2031 528 2206 596 plena,
2249 527 2507 581 Dominus
2546 536 2715 582 tecum
2742 528 2806 582 ⁸⁸.
2860 526 2978 582 Non
3021 526 3256 596 amplius
3297 527 3418 581 dia-

135 620 278 682 πρὸς
301 619 398 691 τὴν
427 619 702 691 Παρθένον
753 617 1027 681 εἰσελθὼν,
1077 617 1300 689 ἐϐόησεν
1351 620 1487 690 πρὸς
1533 619 1720 691 αὐτὴν,

134 712 331 782 λέγων·
355 711 554 780 Χαῖρε,
589 709 1050 781 κεχαριτωμένη,
1086 713 1119 764 ό
1163 712 1378 778 Κύριος
1395 712 1544 780 μετὰ
1581 712 1718 766 σοῦ.

133 803 336 857 Οὐκέτι
367 805 396 856 6
417 802 658 866 διάϐολος
688 802 831 856 κατὰ
874 801 989 856 σοῦ·
1018 803 1150 856 ὅπου
1189 802 1298 874 γὰρ
1341 802 1402 854 τὸ
1456 803 1721 874 πρότερον

132 896 376 968 ἔτρωσεν
393 896 422 948 6
450 895 729 966 πολέμιος,
746 897 862 949 ἐκεῖ
885 895 1100 967 πρῶτον
1121 895 1215 949 νῦν
1235 898 1262 949 6
1296 895 1476 967 ἰατρὸς
1496 896 1597 966 τῆς
1623 913 1721 949 σω-

129 987 331 1059 τηρίας
358 988 456 1059 τὴν
493 987 839 1060 ἔμπλαστρον
868 987 1197 1060 ἐπιτίθησιν.
1241 986 1401 1041 Ὅθεν
1442 987 1662 1059 ἐξῆλθεν
1690 990 1718 1042 ὁ

129 1081 386 1145 θάνατος,
421 1080 628 1134 ἐκεῖθεν
657 1082 690 1152 ὴ
721 1079 832 1152 ζωὴ
860 1082 960 1151 τὴν
991 1082 1191 1134 εἴσοδον
1241 1081 1584 1151 ἐτεκτήνατο.
1617 1081 1716 1133 Διὰ

125 1172 390 1241 γυναικὸς
419 1173 603 1246 ὲρρύει
632 1174 700 1227 τὰ
725 1173 924 1242 φαῦλα,
950 1175 1043 1228 καὶ
1073 1174 1163 1227 διὰ
1192 1175 1448 1242 γυναικὸς
1477 1171 1714 1246 πηγάζει

121 1267 192 1320 τὰ
219 1267 528 1337 κρείττονα.
563 1267 760 1335 Χαῖρε,
797 1267 1254 1334 κεχαριτωμένη.
1297 1265 1410 1336 Μὴ,
1440 1265 1516 1329 ὡς
1568 1266 1714 1318 αἰτία

122 1360 451 1430 καταδίκης,
482 1360 760 1431 αἰσχύνου.
818 1361 1016 1432 Μήτηρ
1064 1359 1172 1432 γὰρ
1196 1360 1288 1413 τοῦ
1323 1359 1715 1413 καταδικάσαν-

119 1468 213 1514 τος
243 1452 343 1506 καὶ
377 1452 750 1524 λυτρώσαντος
803 1452 947 1523 γίνῃ.
1007 1454 1199 1523 Χαῖρε,
1246 1452 1340 1504 τοῦ
1389 1451 1712 1523 χηρεύοντος

121 1543 357 1615 κόσμου,
390 1546 698 1616 νυμφοτόκε
728 1544 979 1616 ἀμίαντε.
1011 1543 1206 1615 Χαῖρε,
1235 1547 1268 1614 ἡ
1304 1547 1362 1597 ὲν
1397 1546 1581 1616 μήτρᾳ
1618 1545 1710 1598 τὸν

117 1637 220 1708 τῆς
256 1639 466 1710 μητρὸς
513 1638 782 1708 βυθίσασα
841 1637 1090 1691 θάνατον.
1143 1640 1335 1708 Χαῖρε,
1386 1641 1415 1691 6
1469 1637 1711 1709 ἔμψυχος

117 1731 246 1794 ναὸς
281 1732 377 1784 τοῦ
421 1731 576 1784 Θεοῦ.
627 1734 820 1802 Χαῖρε,
880 1732 1112 1803 ούρανοῦ
1143 1735 1238 1786 καὶ
1281 1732 1384 1802 γῆς
1419 1732 1726 1816 ἰσόρροπον..

111 1822 346 1893 οἴκημα.
376 1825 570 1896 Χαῖρε,
594 1824 696 1894 τῆς
750 1826 1038 1900 ἀχωεήτου
1071 1823 1286 1892 φύσεως
1312 1824 1512 1904 χωρίον
1546 1818 1734 1894 εύρύὶί

114 1932 318 1992 ﬂow
365 1915 525 1971 Ἀλλὰ
545 1917 750 1971 τούτων
777 1917 950 1981 οὕτως
985 1918 1239 1988 ἐχόντων,
1275 1917 1474 1988 ἐπέστη
1508 1916 1577 1969 δι’
1606 1917 1704 1970 αύ-

108 2003 206 2073 τῆς
229 2007 349 2068 τοῖς
374 2005 686 2061 ἀσθενοῦσιν
741 2009 767 2060 6
810 2007 1013 2080 ἰατρός*
1069 2010 1182 2071 τοῖς
1220 2009 1278 2059 ἐν
1323 2007 1502 2060 σκότει
1533 2007 1703 2078 καθη-

110 2095 321 2164 μένοις,
378 2100 406 2149 6
431 2096 580 2168 ἣλιος
606 2099 704 2170 τῆς
755 2099 1121 2171 δικαιοσύνης·
1155 2102 1320 2154 πᾶσιν
1367 2101 1424 2154 δὲ
1453 2104 1565 2165 τοῖς
1589 2119 1701 2172 χει-

108 2184 466 2256 μαζομένοις,
496 2190 528 2259 ἡ
565 2188 778 2262 ἄγκυρα
809 2191 903 2244 καὶ
933 2183 969 2244 ὅ
992 2191 1322 2262 ἀχείμαστος
1355 2192 1538 2264 λιμήν.
1575 2194 1700 2257 Τοῖς

103 2275 444 2333 ἁδιάλλακτα
475 2281 821 2353 μισουμένοις
851 2283 1078 2348 δούλοις,
1109 2287 1138 2337 6
1169 2285 1445 2356 Δεσπότης
1476 2285 1692 2356 ἐτέχθη,

101 2369 194 2421 καὶ
222 2369 333 2440 τῆς
361 2373 581 2443 εἰρήνης
608 2375 636 2425 6
668 2373 984 2446 σύνδεσμος,
1016 2378 1046 2429 6
1073 2375 1348 2448 λυτρωτὴς
1368 2380 1478 2439 τοῖς
1500 2379 1696 2447 αἰχμα-

97 2457 294 2525 λώτοις
352 2462 555 2527 δούλοις
609 2465 974 2537 ἐπεδήμησεν,
1023 2469 1135 2530 τοῖς
1190 2467 1616 2538 πολεμουμένοις
1658 2471 1692 2540 ή

99 2555 318 2626 εἰρήνη.
357 2559 550 2625 Αὐτὸς
595 2560 705 2629 γάρ
733 2561 905 2615 ἐστιν
965 2563 1004 2629 ἡ
1038 2560 1248 2630 εἰρήνη
1288 2561 1474 2631 ἡμῶν
1500 2557 1569 2634 ἧς
1604 2562 1697 2630 γέ-

97 2664 243 2700 νοιτο
283 2647 496 2713 πάντας
527 2652 821 2706 ἀπολαύειν
848 2655 1016 2725 ἡμᾶς,
1050 2654 1256 2726 χάριτι,
1282 2655 1374 2707 καὶ
1400 2655 1697 2727 φιλανθρω-

1829 617 1985 673 holus
2015 620 2118 673 erit
2153 629 2341 674 contra
2374 629 2460 686 te;
2503 635 2627 673 nam
2665 620 2755 674 ubi
2785 630 2945 674 antea
2979 618 3152 672 hostis
3180 619 3266 672 ille
3290 619 3413 672 vul-

1826 727 1930 766 nus
1965 712 2177 775 inﬂixit,
2213 713 2320 766 illic
2352 711 2590 782 primmn
2622 729 2767 767 tmnc
2797 711 3042 766 medicus
3072 711 3265 764 salutis
3294 726 3409 763 tne-

1823 805 2191 860 dicamentum
2222 805 2461 859 adhibet.
2498 803 2652 859 Uade
2676 820 2824 859 mors
2868 802 3084 874 prodiit,
3134 802 3257 856 inde
3298 802 3407 854 vita

1822 897 1924 952 sibi
1967 897 2274 964 ingressum
2307 885 2538 967 paravit.
2589 895 2693 950 Per
2743 895 3026 950 mulierem
3073 894 3212 947 mala
3247 892 3409 947 [luxe-

1823 998 1984 1054 runt,
2033 998 2086 1043 et.
2134 1005 2228 1058 per
2271 990 2550 1044 mulierem
2583 989 2724 1043 bona
2755 999 3032 1043 emanant.
3059 989 3182 1051 Are,
3229 990 3406 1058 gratia

1819 1081 1996 1150 plena.
2034 1079 2132 1144 Ne,
2169 1083 2312 1152 quod
2345 1082 2539 1136 mulier
2579 1081 2946 1135 damnationis
2980 1096 3145 1134 causa
3179 1079 3403 1134 exstite-

1820 1177 1910 1238 rit,
1945 1175 2240 1230 erubescas
2275 1173 2516 1229 :Judicis
2537 1175 2682 1228 enim
2708 1185 2760 1229 et
2786 1173 3166 1243 Redemptoris
3200 1183 3253 1227 tu
3289 1187 3408 1227 ma-

1817 1277 1897 1323 ter
1930 1268 2060 1323 eris.
2108 1267 2240 1336 Ave,
2275 1267 2641 1332 immaculata,
2682 1268 2885 1322 viduali
2917 1267 3064 1322 orbis
3101 1282 3300 1336 sponsa
3331 1266 3409 1321 sim

1816 1359 1931 1415 mul
1966 1369 2020 1413 et
2066 1368 2258 1414 mater.
2291 1357 2424 1423 Ave,
2455 1376 2576 1429 qua:
2606 1360 2657 1412 in
2695 1370 2786 1414 tuo
2839 1371 2993 1415 utero
3038 1360 3228 1414 matris
3279 1358 3404 1414 Eva:

1817 1462 2050 1505 mortem
2095 1449 2423 1504 demersisti.
2477 1450 2926 1509 Ave,animatum
2979 1449 3069 1504 llci
3117 1450 3398 1518 templum.

1811 1543 1947 1604 Ave,
1973 1542 2094 1599 εωιι
2145 1552 2201 1598 et
2242 1552 2401 1598 terra:
2431 1543 2761 1612 atqnivalcns
2797 1544 3130 1614 dignumque
3172 1544 3402 1597 domici-

1811 1637 1968 1691 lium.
2017 1637 2148 1702 Ave,
2172 1648 2380 1690 naturae
2426 1636 2571 1692 illius
2615 1637 3184 1706 incomprehensibilis
3232 1655 3400 1708 capa-

1764 1771 1768 1818 ἰ
1813 1729 2098 1784 cissimum
2151 1729 2570 1797 receptaculum.
2621 1727 2868 1798 Cumque
2915 1730 3028 1783 haec
3079 1731 3149 1784 ita
3194 1745 3253 1784 se
3299 1731 3397 1784 ha-

1753 1814 1992 1892 L'Ilieant,
2028 1821 2182 1876 adest
2204 1837 2299 1890 per
2327 1837 2447 1875 eam
2483 1822 2870 1892 argrotantihus
2902 1823 3178 1887 medicus;
3227 1823 3278 1876 in
3319 1834 3396 1878 te-

1811 1918 1995 1972 nebris
2021 1916 2357 1980 sedentibus,
2387 1916 2466 1970 sol
2488 1915 2744 1986 justitiae;
2784 1917 2997 1970 cunctis
3032 1932 3158 1970 vero
3191 1925 3397 1984 tempe-

1808 2018 1949 2064 state
1967 2009 2204 2077 jactatis,
2227 2010 2465 2062 anchora
2485 2018 2782 2078 portusque
2802 2008 3125 2063 tutissimus.
3153 2005 3395 2063 Inimicis

1806 2111 1859 2156 et
1892 2100 1999 2156 Deo
2045 2102 2236 2157 invisis
2267 2103 2438 2156 servis
2479 2101 2744 2156 Dominus
2783 2110 2942 2154 natus
2974 2111 3089 2165 est,
3135 2101 3394 2170 pacisque

1807 2195 2084 2249 vinculum
2128 2194 2326 2259 factus,
2368 2194 2596 2261 captivis
2640 2195 2906 2258 liberatio,
2935 2206 2988 2248 et
3035 2193 3172 2247 ιητιιο
3205 2194 3392 2264 exagi»

1803 2286 1929 2340 tatis
1959 2286 2282 2355 paciﬁcatio.
2330 2283 2446 2354 Ipse
2476 2287 2616 2338 enim
2664 2295 2742 2338 est
2780 2302 2885 2355 pax
2915 2297 3098 2339 nostra
3135 2286 3177 2316 ⁸³
3219 2304 3232 2339 :
3279 2300 3386 2353 qua

1801 2378 2020 2447 quidem
2067 2394 2238 2447 pace,
2292 2379 2503 2433 utinam
2546 2379 2876 2432 concedatur
2922 2380 3079 2433 nolis
3131 2378 3388 2432 omnibus

1801 2473 1930 2538 frui,
1955 2472 2128 2543 gratia
2157 2482 2211 2528 et
2246 2473 2576 2544 benignitate
2605 2472 2816 2528 Domini
2856 2474 3030 2528 nostri
3073 2471 3202 2527 Jesn
3233 2471 3384 2526 Chri-

1798 2564 1867 2618 sti
1899 2581 1912 2618 :
1942 2565 2031 2619 cui
2064 2565 2255 2634 gloria,
2281 2567 2448 2622 decus
2471 2576 2526 2621 et
2557 2565 2868 2635 imperium,
2894 2581 3040 2618 nitne
3067 2574 3382 2632 etsempcr,

1798 2663 1852 2709 et
1891 2655 1946 2709 in
1977 2658 2159 2711 omnia
2199 2658 2396 2712 szecula
2437 2659 2783 2714 saeculorum.
2827 2656 3020 2709 Amen.

95 2739 196 2810 πία
226 2741 327 2794 τοῦ
369 2743 574 2814 Κυρίου
635 2747 791 2818 ἡμῶν
829 2749 1003 2819 Ἰησοῦ
1045 2751 1302 2820 Χριστοῦ’
1334 2744 1379 2819 ᾧ
1431 2754 1464 2822 ὴ
1513 2751 1658 2817 δόξα,
1690 2751 1846 2823 τιμὴ,
1876 2753 2055 2806 καὶτὸ
2103 2754 2356 2825 κράτος,
2387 2753 2482 2809 νῦν
2528 2739 2622 2807 iul
2653 2752 2760 2816 ἀεὶ,
2817 2753 2911 2806 καί⁸
2956 2753 3034 2814 εἰς
3079 2753 3204 2813 τοὺς
3246 2751 3384 2805 πάν-

93 2853 192 2898 τας
231 2838 441 2904 αἰῶνας
475 2841 583 2896 τῶν
617 2843 848 2899 αἰώνων.
886 2848 1076 2919 Ἀμήν.

99 2971 312 2991 ‘—

1370 3127 1905 3221 HOMILIA
1987 3131 2152 3221 IV.

823 3319 897 3378 ln
955 3326 1165 3380 sancta
1222 3319 1657 3398 Thmphania,
1686 3323 1823 3383 sive
1869 3323 1946 3381 de
1999 3321 2231 3384 Christi
2276 3322 2609 3399 baptismo.

85 3589 194 3642 Τοῦ
223 3591 420 3670 αὐτοῦ
446 3593 517 3670 ἐς
543 3594 733 3670 dficit;
757 3595 986 3670 Πατρός
1011 3596 1179 3670 mni»:
1199 3598 1249 3648 Γ
1247 3597 1530 3663 ρηγορίου
1553 3599 1677 3650 ἑπι-

1792 3599 2039 3670 Ejusdem
2069 3599 2240 3670 sancti
2285 3596 2463 3650 Patris
2501 3598 2669 3670 nostri
2699 3595 2938 3666 Gregorii
2967 3595 3194 3670 episc_opi
3230 3595 3366 3670 Nea-

145 3663 394 3737 φςόπου
420 3661 534 3737 τῆς
562 3661 1181 3737 ΔΝερκιιιοίῑρειίῑς*τοῦ
1214 3661 1673 3737 Θαυμὰτοιιργοῦ

141 3733 342 3810 λρτοςξ
379 3736 466 3800 εὶς
512 3734 584 3788 τὰ
631 3735 766 3806 ἅγια
818 3735 1113 3806 Θεοφάνια
1158 3737 1268 3810 [ἄλ.
1311 3733 1398 3804 εἰς
1425 3739 1498 3793 τὰ
1522 3733 1673 3810 ’ἅγια

145 3801 368 3874 gata].

145 3919 384 3992 ’Ἄνδρες
429 3920 787 3993 φιλόχριστοι,
825 3924 918 3976 καὶ
948 3922 1235 3992 φιλόξενοι,
1280 3925 1372 3977 καὶ
1423 3923 1670 3992 φιλάδελ-

71 4029 180 4080 φοι,
222 4012 614 4084 ξενοδοχήσατε
653 4014 751 4085 τὴν
791 4014 930 4086 ἐμὴν
970 4014 1243 4084 γλῶσσαν,
1292 4016 1384 4069 καὶ
1429 4017 1669 4088 τήμερον

70 4104 191 4176 [ἄλ.
230 4105 526 4178 σήμερονῖ,
559 4107 652 4159 καὶ
682 4108 780 4170 τὰς
806 4106 975 4170 ἀκοὰς
1016 4106 1169 4178 ὑμῶν
1206 4107 1282 4171 ὡς
1324 4107 1498 4171 πύλας
1536 4110 1668 4162 ἀνα-

69 4196 436 4258 πετάσαντες,
469 4196 696 4259 ταύταις
733 4196 825 4249 τὸν
864 4196 994 4266 ἐμὸν
1027 4196 1184 4264 λόγον
1221 4197 1544 4260 ἐνοικίσατε,
1574 4198 1668 4250 κα)⁵

65 4287 294 4354 δέξασθε
342 4290 475 4358 παρ’
517 4288 649 4358 ἐμοῦ
693 4289 753 4341 τὸ
798 4289 1064 4358 σωτήριον
1105 4289 1390 4360 κήρυγμα,
1425 4290 1560 4361 ὅπερ
1610 4291 1666 4342 ἐν

60 4381 136 4449 τῷ
193 4379 445 4451 Ἰορδάνῃ
487 4379 719 4451 ποταμῷ
759 4381 856 4451 τῆς
905 4380 1250 4445 καταδύσεως
1295 4381 1387 4434 τοῦ
1428 4382 1664 4452 Χριστοῦ

63 4473 329 4540 γέγονεν’
365 4474 452 4526 ἵνα
491 4473 584 4525 τὸν
631 4471 884 4526 τοσοῦτον
922 4476 1052 4544 ἡμῖν
1097 4474 1518 4542 συγκαταϐἀντα
1565 4478 1664 4528 Δε-

61 4566 274 4636 σπότην
315 4565 478 4618 πλέον
510 4565 802 4636 ποθήσητε.
834 4566 898 4618 Ei
941 4565 1048 4637 γὰρ
1083 4567 1176 4619 καὶ
1211 4567 1308 4637 τῆς
1355 4567 1448 4620 τοῦ
1481 4569 1664 4639 Σωτῆ-

57 4672 148 4725 ρος
177 4657 544 4724 Ἐπιφανείας
571 4659 604 4728 ή
627 4657 932 4728 πανήγυρις
963 4654 1354 4726 παρελήλυθεν,
1383 4657 1492 4710 ἀλλ’
1516 4660 1663 4730 ήχά-

53 4764 138 4817 ρις
167 4748 350 4818 αὐτῆς
407 4747 557 4816 μένει
601 4747 687 4800 διὰ
730 4748 949 4811 παντός.
1001 4750 1526 4821 Κατατρυφήσωμεν
1565 4748 1660 4804 οὖν

49 4839 288 4909 ταύτης,
330 4839 630 4908 ἀπλήστοις
657 4839 855 4909 ψυχαῖς
879 4857 890 4868 ·
926 4840 1064 4911 καλὴ
1090 4841 1198 4912 γὰρ
1225 4843 1318 4895 ἐπὶ
1351 4844 1457 4896 τῶν
1492 4862 1660 4916 σωτη-

1850 3686 2092 3724 εαέανραι
2125 3669 2508 3737 Thaumaturgi
2535 3684 2704 3721 sermo
2725 3708 2740 3730 ,
2788 3670 2841 3720 in
2869 3678 3055 3721 sancta
3091 3667 3363 3737 Theopha-

1849 3743 1937 3794 uia
1971 3739 2066 3812 [aL
2087 3743 2158 3812 ju
2192 3737 2265 3812 S.
2301 3737 2552 3812 taurina],
2583 3739 2636 3791 id
2672 3748 2770 3805 est,
2798 3739 2863 3793 de
2893 3739 2987 3792 Dei
3015 3743 3365 3808 apparitione,

1846 3815 1950 3866 sive
1972 3809 2043 3863 'de
2067 3809 2266 3866 Christi
2301 3809 2582 3878 baptismo.

1852 3925 1966 3980 Viri
1991 3925 2212 3980 Christo
2235 3923 2415 3977 dilecti
2456 3930 2508 3975 et
2558 3921 2946 3991 hospitalitatis
2976 3931 3138 3990 atque
3169 3920 3361 3976 fratcr-

1773 4020 1958 4074 nitatis
1992 4028 2268 4072 amatores
2292 4059 2308 4080 ,
2346 4018 2565 4071 auditus
2593 4016 2758 4070 vestri
2795 4015 3029 4083 hospitio
3058 4016 3356 4068 etiamnum

1771 4109 1932 4163 hodie
1975 4109 2214 4177 linguam
2249 4123 2424 4160 meam
2476 4105 2738 4175 excipite,
2789 4106 3122 4172 auribusque
3164 4107 3360 4158 vestris

1769 4210 2046 4271 portarum
2091 4201 2262 4255 instar
2294 4200 2514 4269 apertis,
2553 4215 2730 4252 metnn
2754 4199 2892 4250 intra
2923 4213 3015 4251 eas
3049 4213 3356 4250 sermonem

1772 4294 2080 4356 admittite;
2121 4303 2174 4348 et
2215 4293 2510 4347 salutarem
2546 4307 2575 4345 a
2613 4308 2698 4344 me
2739 4290 3174 4360 praedicationem
3221 4289 3359 4343 acci-

1769 4388 1897 4454 pite,
1950 4387 2310 4442 demersionis
2355 4385 2582 4445 Christi.
2631 4400 2751 4453 qum
2799 4385 2851 4438 in
2896 4381 3133 4437 Jordane
3189 4383 3362 4437 ﬂuvio

1769 4479 1910 4535 facta
1941 4491 2026 4533 est
2052 4497 2065 4532 :
2094 4489 2154 4533 ut
2184 4478 2474 4532 Dominum
2509 4477 2600 4546 qui
2635 4491 2806 4546 usque
2832 4477 2967 4530 adeo
2997 4476 3150 4528 nobis
3179 4475 3355 4528 indul-

1765 4582 1886 4643 get,
1936 4571 2200 4627 adametis
2248 4572 2644 4625 vehementius.
2702 4568 2836 4623 Nam
2892 4573 2992 4622 etsi
3041 4567 3354 4635 Epiphaniae

1765 4667 1880 4720 sive
1911 4665 2270 4734 apparitionis
2303 4663 2602 4717 Salvatoris
2619 4663 2789 4716 nostri
2815 4661 3098 4716 celebritas
3125 4671 3344 4727 praetcr-

1764 4757 1923 4824 ierit,
1975 4758 2147 4827 gratia
2196 4765 2375 4809 tamen
2430 4756 2596 4825 ipsius
2649 4770 2860 4823 semper
2915 4761 3113 4806 manet.
3171 4750 3353 4815 Quare

1762 4850 2166 4906 insatiabilibus
2229 4851 2429 4903 animis
2473 4847 2854 4918 perfruamur,
2899 4861 2963 4899 ac
3019 4846 3346 4899 deici-temur

49 4932 181 5000 ρίων
219 4930 573 5002 πραγμάτων
607 4933 638 5001 ἡ
671 4932 965 5002 ἀπληστία,
997 4933 1158 5004 καλή.
1191 4936 1301 4989 Καὶ
1322 4936 1495 4999 δεῦτε,
1522 4937 1658 4990 πάν-

1795 4959 1860 5009 a;
1903 4959 2028 4997 nam
2074 4943 2215 4997 bona
2257 4942 2310 4995 in
2344 4942 2507 4994 rebus
2535 4939 2865 4994 salutaribus
2897 4947 2980 4992 est
3023 4938 3344 4990 insatmhih-

42 5038 132 5085 τες
177 5025 250 5076 ὲκ
296 5023 396 5092 τῆς
429 5023 715 5087 Γαλιλαίας
758 5026 837 5088 εἰς
883 5027 980 5097 τὴν
1025 5027 1301 5092 Ἰουδαίαν,
1334 5029 1648 5101 σιινεξορμί-

42 5130 232 5182 ςωμεν
280 5113 363 5182 τῷ
411 5114 663 5186 Χριστῷ·
705 5117 974 5189 μακάριος
1016 5118 1122 5191 γὰρ
1165 5122 1193 5173 6
1237 5121 1530 5174 συνοδεύων
1576 5125 1641 5193 τῇ

39 5203 139 5273 εδῴ
183 5205 298 5273 τῆς
339 5204 504 5274 ζωῆς.
538 5205 725 5270 Δεῦτε,
761 5211 874 5272 τοῖς
898 5209 998 5279 τῆς
1032 5211 1271 5275 διανοίας
1306 5214 1451 5278 ποσὶ,
1479 5231 1644 5266 κατα-

36 5295 310 5363 λάϐωμεν
339 5297 432 5349 τὸν
468 5297 759 5371 Ἰορδάνην,
795 5305 889 5356 καὶ
919 5304 1010 5357 τὸν
1043 5305 1348 5378 Βαπτιστὴν
1391 5307 1640 5380 Ἰωάννην

37 5387 387 5456 βαπτίζοντα
434 5389 652 5461 ἴδωμεν,
689 5395 780 5448 τὸν
827 5396 1199 5469 βαπτίσματος
1249 5399 1322 5471 μὴ
1364 5400 1638 5471 δεόμενον,

37 5481 116 5533 ἵνα
169 5481 275 5534 τοῦ
329 5481 705 5554 βαπτίσματος
751 5489 880 5559 ήμῖν
934 5491 1030 5560 τὴν
1088 5492 1247 5562 χάριν
1298 5491 1631 5564 δωρήσηται.

29 5573 224 5637 Δεῦτε,
269 5572 600 5644 θεασώμεθα
633 5579 731 5649 τῆς
776 5582 1044 5652 ἡμετέρας
1083 5585 1492 5656 ἀναγεννήσεως
1538 5587 1637 5658 τὴν

29 5664 216 5721 εἰκόνα
248 5670 779 5740 σκιαγραφουμένην
808 5673 864 5724 ὲν
888 5674 1113 5738 ἐκείνοις
1142 5680 1252 5741 τοῖς
1287 5676 1461 5732 ὕδασι.
1501 5681 1636 5733 Τότε

93 5844 137 5875 ολ
165 5843 316 5898 Luc.
350 5859 387 5906 ι,
423 5844 513 5899 9.8.
599 5848 638 5878 ἰ’
676 5849 870 5918 Ephcs.
906 5866 965 5915 ιι,
1002 5852 1078 5906 Η.

1752 5044 1856 5098 tas,
1892 5036 2034 5090 bona
2061 5037 2303 5104 inquam.
2341 5032 2528 5088 Venite
2560 5034 2724 5103 igitur
2744 5032 2922 5086 cuneti
2955 5047 3018 5083 ex
3044 5029 3259 5084 Galilzea
3289 5050 3340 5082 tll

1751 5126 2017 5194 Iudaeam,
2046 5137 2100 5181 et
2126 5143 2231 5181 una
2255 5144 2374 5181 cum
2399 5127 2618 5182 Christo
2641 5140 2920 5179 exeamus.
2952 5122 3149 5177 Beatus
3171 5125 3340 5186 cnim,

1751 5219 1843 5288 qui
1877 5219 2041 5273 simul
2073 5234 2192 5272 cum
2236 5219 2320 5272 via
2351 5217 2472 5270 vita:
2510 5217 2611 5270 iter
2643 5215 2793 5271 facit.
2849 5214 3073 5280 Venite,
3112 5216 3340 5283 pedibus

1750 5312 1950 5365 mentis
2003 5309 2296 5364 Jordancm
2341 5318 2620 5379 petamus;
2669 5318 2722 5362 et
2776 5324 2806 5361 a
2845 5307 3052 5362 Joanne
3101 5307 3340 5376 Baptista

1749 5417 1872 5455 eum
1917 5401 2180 5469 baptizari
2223 5400 2648 5470 conspiciamus,
2695 5398 2788 5468 qui
2821 5397 3090 5464 baptismo
3123 5412 3229 5447 non
3259 5397 3334 5449 in-

1746 5494 1926 5563 diget,
1975 5503 2034 5547 ut
2067 5494 2323 5563 baptismi
2372 5496 2531 5550 nobis
2575 5494 2806 5566 gratiam
2859 5493 3040 5546 donet.
3101 5488 3332 5554 Venite,

1745 5587 2173 5656 contemplemur
2205 5588 2628 5657 regenerationis
2647 5595 2845 5641 nostra:
2869 5586 3180 5654 imaginem,
3209 5596 3334 5652 qua

1745 5679 1798 5732 in
1841 5680 1997 5749 aquis
2033 5679 2139 5736 illis
2173 5680 2548 5734 adumlu'atur.
2587 5679 2731 5734 Tum:
2758 5679 2894 5733 venit
2924 5675 3081 5731 Jesus
3117 5695 3148 5730 a
3178 5676 3332 5730 Gali-
