3876 6522
487 441 620 494 1179

1119 441 1179 496 S.
1222 438 1551 496 GREGGRH
1590 430 1947 491 TllAL'MAT.
1991 425 2137 482 OPP.
2184 422 2360 478 PARS
2401 420 2698 478 ALTERA.
2742 453 2799 462 —
2849 421 3076 478 DUEM.

3605 428 3714 482 HS‘.‘

479 558 581 614 lca
608 558 663 611 in
700 556 991 613 Iordanem
1020 561 1088 613 ad
1123 561 1419 628 Joannem,
1465 570 1521 614 ut
1567 559 1631 612 ab
1675 575 1733 612 eo
1765 554 2061 622 baptizare-

2168 545 2542 615 «apart-remi
2570 547 2602 598 ὁ
2636 544 2864 612 Ἰησοῦς
2886 543 3005 598 ἀπὸ
3033 543 3142 612 τῆς
3165 547 3495 612 Γαλιλαίας
3528 549 3608 614 εις
3633 550 3714 602 τὸν

482 660 570 702 tur
601 648 670 702 '°.
707 647 782 705 O!
822 661 1023 719 quanta
1049 649 1260 705 Domini
1290 652 1572 706 humilitas
1603 658 1766 718 atque
1800 642 2060 699 modestia

479 743 680 796 animi!
701 741 772 797 0!
799 753 1000 814 quanta
1032 745 1392 815 indulgentia!
1427 746 1540 800 Rex
1563 743 1797 799 caelestis
1817 741 1881 795 ad
1903 738 2066 793 Joan-

483 847 604 886 nem
623 849 1012 902 praacursorcm
1039 850 1197 888 suum
1219 836 1473 900 accurrit,
1488 851 1595 890 non
1617 833 1930 903 angelorum
1951 844 2067 883 mo-

482 938 615 977 vens
647 931 826 978 castra
859 923 955 996 [αί.
986 925 1315 996 exercitus],
1363 942 1538 996 neque
1569 939 1933 996 praecursores
1961 922 2064 977 sibi

484 1019 834 1087 praemittens,
869 1020 1220 1089 incorporeas
1239 1030 1562 1090 potestates;
1592 1037 1776 1075 verum
1804 1029 2063 1089 tanquam

484 1109 745 1180 simplicis
772 1125 836 1164 ac
863 1111 1038 1164 tenuis
1067 1111 1419 1176 conditionis,
1459 1111 1515 1164 in
1552 1109 1770 1164 militari
1807 1109 2068 1162 adventus

485 1200 657 1253 forma
694 1199 790 1272 [aL
829 1201 919 1255 sed
947 1201 1018 1256 ita
1045 1201 1302 1268 demisse,
1336 1203 1389 1256 in
1421 1200 1638 1256 militari
1660 1199 1924 1254 accedens
1957 1196 2067 1252 for-

484 1290 624 1362 ma],
651 1292 715 1346 ad
747 1309 907 1347 suum
942 1293 1112 1362 ipsius
1141 1295 1289 1348 venit
1319 1293 1577 1360 militem;
1621 1292 1850 1363 etqnasi
1875 1306 2016 1345 unus
2038 1304 2068 1344 e

485 1383 644 1452 vulgo
666 1383 732 1436 ad
762 1399 885 1439 eum
923 1383 1152 1448 accedit,
1187 1400 1354 1454 seque
1375 1384 1552 1455 ipsum
1578 1385 1716 1438 inter
1731 1384 1974 1453 captivos
1990 1398 2071 1436 re-

486 1472 590 1528 fert
627 1474 970 1546 Redemptor,
1004 1484 1058 1530 et
1087 1476 1227 1531 inter
1256 1493 1378 1532 reos
1405 1492 1462 1532 se
1489 1476 1643 1546 ponit
1669 1475 1868 1541 Judex,
1899 1489 2066 1544 seque

485 1568 677 1622 ovibus
700 1569 920 1638 perditis
944 1569 1224 1639 conjungit
1241 1571 1430 1624 Pastor
1449 1571 1626 1623 bonus
1648 1569 1716 1632 ⁵¹,
1735 1568 1825 1637 qui
1852 1575 2069 1636 propter

485 1672 642 1712 ovem
690 1667 963 1714 errantem
995 1675 1026 1714 e
1056 1659 1210 1715 ccelis
1237 1659 1619 1722 descenderat,
1665 1668 1718 1714 et
1750 1660 1918 1713 cmlos
1959 1672 2066 1710 non

487 1751 780 1819 reliquerat
815 1769 828 1805 :
864 1752 1268 1821 admistumque
1292 1759 1409 1806 erat
1437 1751 1664 1806 zizaniis
1693 1751 1912 1804 cmleste
1937 1749 2064 1802 illud

485 1856 734 1908 granum,
773 1842 915 1911 quod
945 1843 1152 1913 absque
1187 1843 1428 1897 humano
1459 1842 1667 1897 semine
1702 1848 2059 1912 processerat.

2179 636 2480 706 Ἰορδάνην
2521 637 2673 705 πρὸς
2710 636 2818 690 τόν
2857 636 3155 705 Ἰωάννην,
3189 637 3294 690 τοῦ
3322 639 3715 709 ’βαπτισθῆναι

2165 729 2267 783 ὐπ’
2310 727 2516 783 αὑτοῦ.
2574 729 2639 780 Ὢ
2681 727 2820 798 πόση
2860 729 2894 797 ἡ
2936 726 3030 780 τοῦ
3073 728 3340 781 Δεσπότου
3383 746 3715 802 ταπεινοφρο-

2173 822 2340 893 σύνηῑ
2382 821 2447 874 Ὢ
2500 821 2638 892 πόση
2687 821 2720 891 ἡ
2757 819 3192 888 συγκατάϐασιςί
3241 821 3298 874 '0
3343 823 3716 887 Βασιλεύςτῶν

2165 913 2429 986 οὐρανῶν,
2465 912 2601 985 πρὸς
2641 913 2891 983 Ἰωάννην
2927 912 3018 964 τὸν
3046 912 3237 966 ἑαυτοῦ
3266 914 3575 985 πρόδρομον
3595 916 3718 984 ἒτρεν

2166 1024 2280 1078 χεν,
2315 1005 2376 1058 οὐ
2429 1006 2652 1076 κινήσας
2691 1004 2760 1057 τὰ
2801 1003 2910 1056 τῶν
2953 1004 3196 1072 ἀγγέλων
3238 1005 3583 1076 στρατόπεδα
3618 1005 3716 1078 [ἄλ.

2169 1098 2597 1172 στρατεύματα],
2639 1097 2760 1151 οὐδὲ
2801 1098 3138 1169 προδρόμους
3179 1099 3612 1170 προαποστείλας
3639 1105 3718 1163 τὰς

2167 1190 2491 1262 ἀσωμάτους
2531 1189 2789 1258 δυνάμεις
2811 1205 2823 1218 ·
2857 1188 2990 1241 ἀλλὰ
3025 1187 3164 1252 λιτὸς
3352 1189 3547 1262 λιτῶς]
3578 1190 3716 1255 οὕτως

2167 1283 2225 1337 ὲν
2259 1285 2324 1352 τῇ
2369 1282 2728 1352 στρατιωτικῇ
2768 1279 3206 1350 παραγενόμενος
3249 1283 3455 1351 μορφῇ,
3496 1283 3624 1352 πρὸς
3648 1282 3717 1333 τὸν

2167 1370 2362 1424 ἑαυτοῦ
2409 1369 2770 1440 παραγίνεται
2818 1369 3174 1440 στρατιώτην.
3224 1370 3332 1422 Καὶ
3373 1369 3452 1434 ὡς
3516 1367 3592 1434 εἷς
3633 1371 3716 1422 τῶν

2168 1462 2377 1516 πολλῶν
2403 1459 2550 1530 αὐτῷ
2579 1459 3032 1532 προσερχόμενος,
3054 1459 3148 1511 καὶ
3176 1460 3532 1530 συναριθμῶν
3561 1460 3718 1513 ἑαυτὸν

2167 1559 2278 1618 τοῖς
2305 1551 2668 1623 αἰχμαλώτοις
2699 1553 2727 1604 6
2754 1550 3064 1622 Λυτρωτὴς,
3097 1551 3190 1603 καὶ
3217 1551 3533 1604 συντάττων
3561 1550 3717 1605 ἑαυτὸν

2167 1650 2279 1709 τοῖς
2330 1643 2649 1705 ὑπευθύνοις
2690 1644 2718 1695 6
2757 1643 3046 1713 Δικαστὴς,
3095 1644 3190 1696 καὶ
3248 1644 3718 1714 συναγελαζόμενος

2167 1739 2280 1800 τοῖς
2319 1733 2622 1789 ἀπολωλόσι
2656 1730 2946 1802 προϐάτοις
2992 1735 3021 1784 6
3050 1730 3260 1801 Ποιμὴν
3288 1731 3316 1782 6
3361 1731 3561 1794 καλός·
3589 1733 3614 1782 ὁ
3651 1730 3718 1781 διὰ

2167 1828 2228 1880 τὸ
2274 1825 2626 1896 πλανώμενον
2669 1823 2938 1894 πρόϐατον
2977 1822 3262 1893 οὐρανόθεν
3306 1823 3606 1884 κατελθὼν,
3647 1823 3720 1874 καὶ

485 1931 725 1988 Cernens
758 1949 887 2004 ergo
909 1934 1085 2004 ipsum
1113 1932 1351 1991 Joannes
1387 1935 1627 2006 Baptista
1656 1942 1710 1987 et
1737 1947 2060 2002 agnoscens,

2168 1918 2290 1979 τοὺς
2317 1915 2578 1987 οὐρανοὺς
2614 1912 2687 1984 μὴ
2725 1911 3040 1966 καταλιπὼν
3067 1914 3162 1966 καὶ
3205 1913 3720 1984 συναναμιγνύμεεεος

485 2040 646 2094 quem
701 2034 945 2080 materno
992 2041 1058 2080 ex
1111 2036 1267 2083 utero
1319 2035 1544 2082 noverat
1588 2035 1643 2081 et
1702 2025 2062 2091 adoraverat,

486 2113 881 2186 manifesteque
922 2117 1067 2173 hunc
1110 2117 1262 2172 illum
1310 2119 1484 2188 ipsum
1526 2133 1669 2182 esse,
1708 2116 1865 2186 cujus
1899 2130 2064 2171 causa

485 2207 538 2259 in
567 2217 722 2261 utero
759 2208 950 2263 matris
992 2224 1156 2278 supra
1194 2220 1407 2265 aetatem
1444 2209 1813 2264 exsultaverat
1847 2207 1926 2261 ⁵¹ι
1967 2221 2066 2260 na-

484 2308 620 2353 tura:
651 2301 910 2356 terminos
944 2302 1266 2371 reprimens,
1299 2303 1576 2357 dexteram
1605 2302 1744 2355 intra
1771 2298 2063 2369 diploidem

486 2391 782 2456 contraxit,
823 2401 877 2446 et
905 2392 1164 2447 inclinato
1194 2408 1293 2447 suo
1323 2393 1521 2463 capite,
1563 2399 1622 2447 ut
1652 2391 2064 2446 amantissimus

491 2477 704 2533 Domini
752 2495 976 2544 servus,
1023 2482 1224 2536 talibus
1272 2483 1338 2537 ad
1384 2498 1508 2536 eum
1552 2483 1777 2537 vocibus
1817 2481 2066 2536 elocutus

485 2577 570 2622 est
599 2566 695 2639 [aL
728 2585 859 2623 usus
893 2569 996 2641 est]
1034 2588 1048 2623 :
1095 2570 1204 2641 Ego
1227 2587 1355 2640 opus
1384 2571 1548 2625 habeo
1577 2580 1634 2625 ut
1667 2587 1700 2623 a
1732 2581 1780 2624 te
1807 2569 2063 2638 baptizer,

483 2668 533 2711 et
562 2670 614 2712 tu
652 2662 792 2714 venis
821 2662 890 2714 ad
916 2679 995 2715 me
1013 2662 1058 2693 ⁵³
1083 2663 1106 2715 ?
1146 2663 1285 2728 Quid
1317 2664 1454 2734 agis,
1489 2680 1522 2715 o
1548 2663 1814 2717 Domine?
1839 2663 1949 2718 Cur
1975 2678 2064 2718 re-

483 2766 607 2805 rum
647 2752 903 2807 itnmutas
932 2754 1219 2809 ordinem?
1245 2757 1519 2821 Quorsum
1559 2770 1683 2810 cum
1717 2756 1924 2824 servis,
1968 2770 2063 2820 ea,

483 2857 606 2912 qua:
644 2859 924 2898 servorum
975 2857 1131 2908 sunt,
1183 2864 1213 2903 a
1252 2863 1410 2903 servo
1447 2857 1540 2903 tuo
1581 2849 1816 2919 quaeris?
1857 2848 1969 2903 Cur
2001 2863 2065 2904 ca

411 2979 415 2983 .
483 2933 640 3002 cupis
674 2935 941 3003 accipere,
977 2938 1176 3007 quibus
1228 2955 1333 2993 non
1383 2939 1626 3010 indiges?
1658 2939 1770 2995 Cur
1806 2949 1914 2994 tam
1945 2955 2065 2994 ma-

485 3039 591 3092 gna
619 3023 955 3095 indulgentia
983 3035 1143 3096 atque
1174 3028 1478 3083 humilitate
1505 3045 1590 3084 me
1616 3027 1878 3083 famulum
1911 3037 2064 3082 tuum

484 3114 720 3179 gravas?
758 3113 869 3186 Ego
900 3115 1056 3170 debeo
1083 3135 1116 3171 a
1150 3127 1198 3172 te
1230 3118 1494 3188 baptizari
1522 3135 1542 3186 ,'
1591 3133 1647 3174 at
1679 3128 1766 3186 tn,
1807 3129 1866 3174 ut
1905 3135 1934 3174 a
1979 3134 2066 3174 me

483 3204 795 3276 baptizeris,
828 3224 933 3262 non
965 3209 1192 3280 indiges.
1224 3209 1380 3277 Quod
1414 3213 1596 3268 minus
1634 3226 1750 3280 est,
1780 3228 1812 3266 a
1856 3211 2065 3282 majore

485 3313 549 3352 ac
581 3299 793 3369 potiore
833 3300 1204 3370 benedicitur;
1249 3319 1356 3358 non
1403 3313 1584 3359 autem
1619 3306 1763 3376 quod
1797 3305 2000 3375 potius,
2033 3321 2064 3360 a

489 3390 699 3445 minore
730 3391 1065 3447 bcnedicitur
1095 3403 1150 3448 et
1187 3397 1577 3452 sanctiﬁcatur.
1615 3397 1859 3453 Lucerna
1891 3414 1920 3453 a
1953 3397 2068 3454 sole

487 3482 730 3552 undique
759 3483 1091 3551 illustratur,
1136 3503 1244 3540 non
1287 3488 1368 3542 sol
1395 3505 1426 3544 a
1455 3490 1677 3545 lucerna
1707 3491 2066 3545 illuminatur.

483 3571 688 3639 Argilla
717 3588 746 3626 a
779 3575 941 3642 ﬁgulo
982 3588 1347 3645 prazparatur,
1387 3594 1498 3633 non
1531 3579 1729 3651 ﬁgulus
1773 3581 1842 3635 ab
1876 3581 2066 3652 argilla

486 3660 773 3718 formatur.
825 3662 931 3718 Res
979 3677 1160 3720 creata
1209 3682 1240 3719 a
1289 3666 1544 3722 Creatore
1579 3681 1911 3735 renovatur,
1959 3687 2066 3725 non

485 3746 713 3802 Creator
761 3766 791 3805 ιι
842 3768 898 3806 re
929 3762 1108 3808 creata
1151 3754 1425 3826 dirigitur.
1491 3756 1752 3827 IEgmtus
1784 3777 1814 3813 a
1861 3761 2070 3815 medico

485 3849 739 3905 curatur,
779 3859 886 3897 non
922 3846 1165 3900 medicus
1191 3846 1259 3900 ab
1288 3846 1505 3902 inﬁrmo
1532 3849 1782 3904 visitatur
1815 3849 1911 3921 [αι.
1939 3853 2070 3907 edo-

485 3931 685 4005 cetur].
723 3932 939 4006 Egenus
984 3951 1015 3990 a
1063 3937 1249 4002 divite,
1301 3952 1411 3993 non
1446 3938 1599 3996 dives
1627 3955 1657 3996 a
1685 3956 1922 4012 paupere
1947 3959 2068 3998 mu—

485 4033 688 4081 tuatur.
732 4025 845 4098 Ego
876 4046 909 4082 a
947 4038 994 4084 te
1038 4029 1303 4101 baptizari
1329 4049 1460 4103 opus
1487 4034 1687 4104 habeo,
1734 4047 1785 4092 et
1823 4047 1882 4092 tu
1927 4039 2068 4094 venis

485 4116 555 4170 ad
581 4118 700 4170 me?
720 4119 802 4172 An
829 4120 972 4174 enim
998 4121 1188 4189 ignoro
1212 4123 1335 4194 quis
1353 4124 1472 4180 sis?
1495 4133 1550 4180 et
1573 4142 1639 4182 ex
1665 4142 1774 4197 quo
1797 4128 2034 4186 eluxeris
2051 4171 2067 4197 ,

484 4217 538 4262 ct
562 4208 707 4264 unde
732 4212 980 4266 veneris?
1006 4211 1087 4266 An
1118 4215 1248 4284 quia
1283 4217 1478 4274 similis
1506 4220 1639 4274 mihi
1668 4220 1847 4278 factus
1876 4238 1935 4278 es
1967 4221 2066 4295 [aL

486 4313 556 4352 an
580 4300 707 4367 quia
733 4311 952 4369 propter
983 4318 1069 4357 me
1101 4313 1266 4361 natus
1294 4323 1374 4375 es,
1405 4309 1600 4365 similis
1634 4311 1828 4384 mihi],
1859 4315 2069 4384 magni-

485 4389 756 4444 ﬁcentiam
808 4392 1108 4450 divinitatis
1161 4405 1267 4452 tuae
1315 4404 1546 4469 negem?
1588 4401 1671 4457 An
1723 4405 1850 4474 quia
1895 4421 2068 4476 usque

486 4479 624 4532 adeo
671 4480 945 4536 indulsisti
993 4483 1148 4550 mihi,
1183 4497 1241 4540 ut
1277 4501 1508 4558 corpore
1548 4506 1718 4562 prope
1755 4493 2065 4558 accederes,

2164 2010 2276 2070 τοῖς
2306 2006 2585 2072 ζιζανίοις,
2621 2007 2649 2058 ὁ
2689 2003 2938 2074 οὐράνιος
2965 2004 3169 2067 ἐκεῖνος
3193 2005 3396 2068 κόκκος
3431 2006 3463 2056 6
3495 2007 3718 2075 ﬁsmpsg.

2177 2098 2322 2152 Ἰδὼν
2355 2098 2534 2153 τοίνυν
2562 2097 2724 2151 αὐτὸν
2764 2097 2792 2149 6
2825 2095 3130 2166 Βαπτιστὴς
3172 2097 3451 2168 Ἰωάννης,
3497 2097 3590 2148 καὶ
3616 2112 3724 2163 γνω-

2165 2192 2342 2264 ρίσας,
2382 2190 2440 2245 ὃν
2484 2190 2550 2243 ὲκ
2587 2188 2823 2260 γαστρὸς
2853 2189 2952 2259 τῆς
3002 2188 3208 2260 μητρὸς
3248 2187 3523 2260 ὲγνώρισέ
3566 2204 3620 2239 τε
3648 2186 3724 2238 καὶ

2167 2279 2561 2353 προσεκύνησε,
2591 2279 2685 2331 καὶ
2724 2276 2909 2346 σαφῶς
2937 2277 3190 2345 ἐπιγνοὺς
3217 2276 3410 2329 τοῦτον
3443 2278 3644 2329 ἐκεῖνον
3667 2270 3722 2325 εἷ-

2165 2391 2272 2435 ναι,
2296 2372 2362 2426 δι’
2399 2371 2458 2425 ὃν
2484 2372 2541 2424 ἐν
2573 2371 2638 2441 τῇ
2674 2370 2854 2440 μήτρα
2886 2369 2984 2440 τῆς
3012 2367 3215 2439 μητρὸς
3236 2366 3383 2437 ὑπὲρ
3411 2365 3511 2436 τὴν
3541 2364 3722 2436 ἡλικίαν

2166 2464 2482 2536 ἐσκίρτησε,
2523 2460 2840 2532 βιαζόμενος
2870 2460 2997 2523 τοὺς
3035 2460 3192 2531 ὄρους
3221 2459 3320 2528 τῆς
3356 2456 3597 2526 φύσεως,
3628 2475 3726 2508 σνν-

2168 2554 2404 2609 έστειλεν
2437 2553 2543 2607 ἔσω
2579 2554 2676 2624 τῆς
2715 2551 2982 2615 διπλοῖδος
3011 2549 3108 2620 τὴν
3141 2549 3340 2612 δεξιὰν,
3380 2550 3480 2602 καὶ
3505 2549 3602 2619 τὴν
3631 2549 3724 2599 ἐαυ-

2164 2646 2260 2700 τοῦ
2314 2645 2556 2718 κεφαλὴν
2612 2644 2925 2708 ὑποκλίνας,
2980 2643 3056 2706 ὡς
3104 2641 3495 2710 φιλοδέσποτος
3549 2639 3724 2699 δοῦλος.

2165 2737 2440 2802 τοιαύταις
2484 2738 2622 2812 πρὸς
2655 2737 2817 2792 αὐτὸν
2853 2735 3151 2804 ἐφθέγξατο
3187 2736 3395 2802 φωναῖς
3594 2733 3726 2801 ἐχρή-

2169 2830 2557 2902 σατοιφωναῖς]
2580 2847 2594 2860 ·
2641 2829 2779 2899 Ἐγὼ
2826 2828 3037 2898 χρείαν
3085 2826 3198 2895 ἔχω
3229 2825 3348 2879 ὑπὸ
3393 2824 3516 2878 σοῦ
3538 2826 3724 2890 βαπτι-

2167 2921 2407 2991 σθῆναι,
2430 2923 2528 2976 καὶ
2559 2921 2641 2976 σὺ
2666 2920 2812 2990 ἔρχῃ
2849 2919 2998 2988 πρὸς
3013 2918 3126 2989 μέ;
3152 2918 3215 2970 Τί
3244 2920 3448 2982 ποιεῖς,
3480 2917 3724 2970 Δέσποταξ

2167 3015 2232 3067 Τί
2261 3013 2368 3069 τῶν
2400 3013 2741 3087 πραγμάτων
2785 3011 3125 3072 ὲναλλάττεις
3165 3008 3264 3080 τὴν
3299 3008 3494 3074 τάξιν;
3524 3009 3587 3061 Τί
3617 3007 3731 3078 μετὰ

2167 3106 2277 3160 τῶν
2305 3105 2506 3160 δούλων
2532 3105 2601 3158 τὰ
2627 3103 2735 3157 τῶν
2764 3102 2966 3157 δούλων
3003 3102 3154 3174 παρά
3183 3101 3277 3154 τοῦ
3308 3100 3408 3153 σοῦ
3440 3101 3623 3154 δούλου
3649 3099 3727 3167 gr;-

2166 3200 2315 3262 τεῖς;
2352 3197 2417 3250 Τί
2451 3197 2624 3262 θέλεις
2651 3196 2687 3250 ὃ.
2731 3196 2804 3268 μὴ
2847 3195 3070 3267 χρῄζεις
3112 3194 3331 3255 λαϐεῖνξ
3366 3193 3440 3246 Τί
3475 3194 3540 3263 τῇ
3588 3190 3730 3259 πολλῇ

2167 3289 2576 3359 συγκαταῦάσει
2607 3288 2865 3362 βαρύνεις
2902 3287 3024 3360 [ἄλ.
3059 3285 3266 3359 βαρεῖς]
3305 3287 3372 3357 μὲ
3408 3287 3504 3340 τὸν
3542 3283 3731 3348 oixétry

2164 3381 2257 3435 τὸν
2285 3381 2410 3446 σόν;
2458 3381 2599 3449 Ἐγὼ
2638 3382 2849 3451 χρείαν
2875 3381 2992 3448 ἐχω
3023 3378 3140 3431 ὑπὸ
3165 3377 3283 3431 σοῦ
3311 3377 3730 3444 βαπτισθῆναι.

2169 3474 2232 3527 σύ
2274 3473 2331 3526 δὲ
2367 3472 2468 3526 οὐκ
2515 3473 2656 3543 ἔχεις
2702 3472 2892 3543 χρείαν
2939 3473 3030 3524 ὐπ’
3075 3469 3209 3540 ἐμοῦ
3254 3470 3653 3541 βαπτισθῆναι·
3684 3467 3733 3519 τὸ

2168 3565 2385 3620 ἔλαττον
2405 3566 2508 3618 ὐπὸ
2535 3565 2628 3618 τοῦ
2669 3565 2978 3636 κρείττονος
3007 3564 3327 3633 εὐλογεῖται,
3374 3565 3440 3616 οὐ
3479 3563 3544 3616 τὸ
3581 3563 3735 3633 195i:-

2167 3674 2258 3712 τον
2287 3657 2390 3710 ὑπὸ
2414 3656 2506 3710 τοῦ
2545 3657 2825 3720 ἐλάττονος
2854 3657 3178 3724 εὐλογεῖται,
3214 3657 3309 3708 καὶ
3346 3655 3653 3724 ἁγιάζεται.
3687 3654 3732 3700 ’0

2167 3749 2357 3820 λύχνος
2385 3751 2489 3804 ὐπὸ
2519 3751 2612 3804 τοῦ
2644 3751 2793 3822 ἡλίου
2824 3751 3248 3822 περιλάμπεται,
3283 3751 3384 3820 οὐχ
3412 3754 3444 3804 ὁ
3474 3751 3621 3821 ἥλιος

2167 3843 2268 3912 τῆς
2315 3843 2630 3914 θρυαλλίδος
2679 3844 3102 3914 καταυγάζεται.
3135 3844 3221 3905 ,Ὀ
3269 3843 3448 3915 πηλὸς
3499 3845 3605 3897 ὑπὸ
3659 3838 3735 3891 τοῦ

2170 3935 2458 4007 κεραμέως
2486 3937 2888 4010 καταρτίζεται,
2915 3938 3013 4008 οὐχ
3039 3940 3068 3990 6
3090 3937 3369 4008 κεραμεὺς
3400 3938 3514 3991 ὑπὸ
3539 3935 3632 3990 τοῦ
3657 3950 3741 4002 πῖ,-

2168 4025 2261 4079 λοῦ
2305 4027 2709 4081 διαπλάττεται.
2741 4028 2814 4081 Τὸ
2852 4027 3058 4099 κτίσμα
3093 4027 3199 4080 ὑπὸ
3239 4026 3336 4081 τοῦ
3376 4028 3603 4081 κτίστου
3635 4028 3742 4081 ἀνι·

2170 4121 2486 4186 καινίζεται,
2517 4122 2616 4192 οὐχ
2642 4122 2670 4174 6
2699 4121 2891 4186 κτίσας
2915 4122 3020 4175 ὑπὸ
3047 4122 3140 4176 τοῦ
3172 4122 3482 4194 κτίσματος
3517 4116 3739 4191 διορθώ-

2169 4229 2280 4265 ται.
2331 4211 2387 4265 '0
2420 4212 2704 4284 ἄρρωστος
2733 4211 2837 4265 ὑπὸ
2873 4211 2967 4266 τοῦ
3009 4212 3195 4286 ἰατροῦ
3235 4211 3630 4283 θεραπεύεται,
3659 4211 3740 4278 οὐχ

2168 4306 2196 4356 6
2230 4304 2411 4376 ἰατρὸς
2447 4305 2552 4358 ὐπὸ
2585 4305 2680 4358 τοῦ
2723 4303 3006 4378 ἀρρώστου
3036 4305 3412 4376 περιοδεύεται
3452 4305 3585 4377 [ἄλ.
3617 4303 3741 4358 ἐκδι-

2169 4393 2474 4466 δάσκεται].
2526 4395 2582 4445 ’0
2609 4394 2875 4466 προσδεὴς
2917 4394 3068 4467 παρά
3099 4396 3192 4448 τοῦ
3233 4395 3496 4449 πλουσίου
3529 4396 3745 4458 δανείζε-

2171 4504 2282 4550 ται,
2317 4486 2416 4557 οὐχ
2452 4487 2481 4538 6
2511 4485 2762 4551 πλούσιος
2818 4485 2971 4557 παρά
3009 4485 3104 4539 τοῦ
3149 4486 3383 4558 πένητος
3425 4488 3743 4558 ἐρανίζεται.

487 4585 554 4624 ac
607 4587 694 4625 me
739 4581 913 4626 totum
955 4573 1009 4628 in
1045 4583 1098 4630 te
1144 4576 1263 4645 ipso
1296 4577 1487 4644 ferres,
1524 4589 1586 4635 ut
1625 4590 1799 4637 totum
1827 4585 2065 4644 salvat-es

2183 4577 2326 4649 Ἐγὼ
2363 4579 2574 4648 χρείαν
2600 4579 2718 4646 ἔχω
2765 4576 2886 4632 ὑπὸ
2917 4576 3035 4631 σοῦ
3069 4577 3514 4644 βαπτισθῆναι,
3545 4580 3642 4632 καὶ
3677 4577 3748 4630 σὺ

485 4661 800 4727 hominem;
837 4679 936 4732 ego
969 4674 1188 4735 propter
1211 4682 1413 4738 corpus
1446 4682 1599 4725 tuum
1625 4673 1772 4742 quod
1798 4675 2063 4742 cernitur,

482 4753 631 4822 quod
670 4762 849 4809 mente
887 4756 1208 4833 intelligitur
1251 4762 1552 4818 divinitatis
1604 4764 1937 4835 despiciam?
1979 4767 2063 4823 An

483 4845 614 4913 quia
651 4845 721 4899 ob
745 4861 918 4901 meam
949 4850 1200 4917 salutem,
1231 4869 1380 4909 meas
1411 4854 1633 4912 indutus
1662 4873 1722 4914 es
1750 4859 2022 4928 primitias
2047 4901 2062 4927 ,

483 4935 726 5004 ignorem
765 4947 817 4994 te
858 4939 1008 4995 indui
1054 4943 1261 5000 lumine
1295 4946 1437 5002 sicut
1475 4950 1798 5006 vestimento
1850 4951 1936 5006 ⁵⁵⁸1
1979 4954 2062 5007 An

481 5029 743 5096 quoniam
772 5047 993 5088 carnem
1021 5035 1157 5090 mihi
1193 5048 1478 5109 cognatam
1505 5051 1684 5111 gestas
1711 5041 1809 5114 [αι.
1842 5057 2062 5099 carnem

483 5133 661 5173 meam
689 5121 929 5191 gestas],
961 5135 1016 5179 et
1046 5127 1358 5184 hominibus
1388 5131 1715 5200 conspicuus
1740 5149 1834 5200 es,
1867 5143 1930 5189 ut
1961 5134 2064 5202 ipsi

481 5219 533 5261 te
558 5210 992 5282 viderepossint,
1017 5233 1103 5273 me
1131 5220 1384 5289 splendor
1411 5225 1750 5285 coruscantis
1768 5226 2066 5285 divinitatis

483 5309 588 5354 tuae
613 5301 810 5356 lateat?
841 5303 923 5357 An
957 5307 1218 5374 quoniam
1251 5325 1428 5365 meam
1459 5311 1513 5364 in
1541 5319 1592 5365 te
1618 5326 1784 5368 cerno
1809 5312 2064 5380 formam,

481 5406 584 5460 ego
618 5392 856 5449 divinam
903 5405 1049 5452 tuam
1082 5402 1376 5457 essentiam
1423 5403 1750 5458 invisibilem
1790 5414 1953 5475 atque
1989 5407 2066 5461 iu-

479 5485 1026 5553 comprehcnsibilem
1077 5489 1214 5546 falsa
1265 5494 1683 5551 ratiocinatione
1732 5513 1928 5568 negare
1966 5515 2065 5554 au-

481 5574 682 5630 deam?
716 5576 848 5634 Novi
877 5591 947 5646 te,
980 5581 1243 5652 Domine;
1290 5585 1415 5640 novi
1455 5595 1506 5641 te
1540 5588 1732 5657 plane;
1774 5590 1900 5644 novi
1929 5600 2002 5658 te,
2033 5608 2064 5647 a

483 5671 534 5720 te
559 5668 820 5732 edoctus:
868 5689 1029 5730 nemo
1056 5675 1200 5730 enim
1233 5688 1283 5733 te
1309 5692 1470 5734 nosse
1512 5688 1704 5749 potest,
1741 5681 1845 5736 nisi
1877 5685 2066 5752 gratia:

555 5849 600 5882 ‘°
631 5850 816 5906 Matth.
855 5871 931 5922 tu,
962 5857 1010 5909 5.

1090 5859 1129 5889 δ’
1155 5855 1308 5913 Joan.
1342 5875 1367 5911 κ
1393 5877 1404 5924 ;
1433 5857 1562 5914 Lzzc.
1599 5876 1684 5915 xv.
1765 5863 1810 5895 ⁵¹
1842 5861 1972 5920 Luc.
2009 5882 2046 5932 ι,
2085 5867 2142 5922 ιΗ

2171 4668 2316 4737 ἔρχῃ
2358 4667 2506 4736 πρὸς
2529 4667 2638 4738 μέ;
2671 4667 2762 4740 Μὴ
2793 4667 2902 4739 γὰρ
2933 4654 3113 4738 ἀγνοὶῖι
3139 4669 3224 4732 τίς
3261 4665 3341 4733 εἷς
3372 4671 3487 4724 Καὶ
3519 4673 3588 4723 ἐκ
3622 4669 3747 4730 τίνος

2173 4759 2502 4831 ἐξέλαμψας,
2559 4761 2654 4813 καὶ
2709 4760 2872 4813 πόθεν
2917 4760 3218 4831 ὲλήλυθαςς
3268 4761 3363 4832 Μὴ
3411 4762 3529 4832 γὰρ
3579 4761 3749 4826 ἐπειδὴ

2173 4852 2402 4921 γέγονας
2440 4854 2561 4906 κατ’
2593 4852 2694 4923 ἐμὲ
2880 4852 2946 4905 δι’
2976 4851 3076 4923 ἐμὲ
3111 4853 3348 4922 γέγονας
3373 4857 3499 4907 κατ’
3529 4854 3677 4925 ips],
3702 4850 3754 4901 τὸ

2176 4941 2461 5012 μεγαλεῖον
2516 4942 2787 5015 ἀρνοῦμαι
2839 4945 2940 5015 τῆς
2997 4943 3099 5012 σῆς
3147 4943 3440 5015 θεότητοςς
3500 4946 3602 5017 Μὴ
3658 4943 3754 5010 γάρ

2170 5034 2357 5106 ἐπειδὴ
2385 5035 2636 5090 τοσοῦτόν
2659 5053 2748 5108 μοι
2775 5036 3135 5106 συγκατέδης,
3159 5037 3283 5090 ὅσον
3313 5038 3485 5105 ἐγγὺς
3510 5035 3751 5106 γενέσθαι

2171 5125 2249 5198 τῷ
2275 5126 2485 5198 σώματι
2512 5129 2605 5182 καὶ
2632 5128 2751 5184 ὅλον
2779 5129 2879 5200 ἐμὲ
2909 5129 3095 5200 φέρεις
3124 5130 3182 5182 ὲν
3213 5129 3415 5200 ἐαυτῷ,
3447 5130 3543 5184 ἵνα
3589 5128 3754 5199 σώσῃς

2167 5220 2290 5274 ὅλον
2313 5221 2405 5273 τὸν
2434 5219 2739 5291 ἄνθρωπονσ
2768 5221 2880 5290 ἐγὼ
2919 5220 3009 5274 διά
3036 5220 3099 5273 τὸ
3141 5219 3421 5291 ὁρώμενόν
3451 5237 3555 5272 σου
3586 5219 3749 5288 σῶμ.

2167 5311 2228 5364 τὸ
2267 5311 2556 5383 νοούμενον
2583 5313 2683 5383 τῆς
2721 5311 2976 5383 θεότητος
3008 5312 3265 5385 παρορῶς
3295 5313 3388 5384 Μὴ
3421 5312 3542 5384 γὰρ
3585 5309 3758 5376 ἐπειδὴ

2169 5406 2258 5460 διὰ
2282 5407 2381 5477 τὴν
2415 5407 2553 5477 ἐμὴν
2581 5405 2851 5477 σωτηρίαν
2881 5405 3269 5476 περιϐέϐλησαι
3294 5406 3396 5476 τὴν
3419 5405 3573 5477 ἐμὴν
3598 5406 3758 5471 ἀπαρ-

2173 5499 2292 5570 χὴν,
2327 5499 2428 5551 οὐκ
2473 5497 2767 5568 ἐπίσταμαί
2801 5515 2882 5562 σε,
2919 5497 3010 5551 τὸν
3053 5496 3523 5569 περιϐαλλόμενον
3558 5496 3626 5550 τὸ

2172 5589 2246 5651 ὡς
2277 5588 2523 5659 ίμάτιον;
2558 5588 2648 5659 Μὴ
2679 5588 2787 5660 γὰρ
2809 5588 2994 5658 ἐπειδὴ
3023 5588 3123 5660 τὴν
3150 5589 3273 5658 ἐμοὶ
3307 5589 3554 5659 συγγενῆ
3593 5588 3758 5657 σάριτ

2175 5687 2359 5756 φορεῖς
2391 5684 2511 5757 [ἀλ.
2542 5685 2641 5756 τὴν
2670 5686 2810 5757 ἐμὴν
2850 5683 3030 5758 σάρκα
3058 5683 3288 5756 φορεῖς],
3322 5682 3413 5737 καὶ
3442 5683 3629 5757 φαίνῃ
3662 5682 3759 5743 τοῖς

2248 5867 2292 5899 ⁸³
2328 5866 2511 5924 Matth.
2555 5884 2636 5937 ιιι,
2669 5868 2748 5923 Η.
2828 5870 2870 5900 ⁸³
2907 5867 3050 5924 Psal.
3086 5882 3202 5936 cut,
3234 5867 3287 5921 ‘2.
