3876 6500
108 432 223 488 1181

1059 426 1343 488 HOMILIA
1383 431 1448 485 IV
1489 431 1555 485 IN
1599 430 1872 487 SANCTA
1912 433 2377 491 THEOPHANIA.

3221 424 3359 483 H89.

108 550 398 624 ἀνθρώποις
447 551 522 614 ὡς
561 550 711 604 αύτοί
760 567 817 603 σε
864 550 1081 622 βλέπειν
1112 552 1374 624 ἰσχύουσι,
1421 553 1658 607 λανθάνει

1776 565 1880 608 tu.e
1912 556 2116 610 lumine
2150 556 2471 610 illustratus.
2516 553 2650 610 Novi
2693 565 2779 623 te,
2834 554 3091 621 Domine,
3133 566 3353 626 aperte;

108 663 165 716 με
187 647 218 716 ἡ
243 644 400 716 αἴγλη
434 642 534 713 τῆς
564 644 982 717 ἁστραπτούσης
1006 663 1100 699 σου
1132 646 1413 718 θεότητος;
1441 646 1532 717 Μὴ
1562 645 1669 717 γάρ

107 735 277 806 ἐπειδὴ
302 734 399 805 τὴν
441 733 580 806 ἐμὴν
611 736 669 789 ἐν
701 736 783 788 σοὶ
828 735 1010 806 βλέπω
1042 737 1277 809 μορφὴν,
1310 736 1670 809 παραλογιζο-

108 828 193 899 μαί
224 845 314 881 σου
342 826 439 899 τὴν
471 825 624 881 θείαν
653 827 859 892 οὐσίαν,
890 830 988 900 τὴν
1015 830 1244 903 ἀόρατον
1282 830 1376 885 καὶ
1401 830 1671 901 ἀκατάλη-

107 938 254 981 πτον;
295 915 425 972 Οἶδά
469 936 548 985 σε,
593 919 860 985 Δέσποτα,
902 915 1021 974 οἶδά
1068 939 1126 975 σε
1169 922 1389 992 σαφῶς’
1428 918 1548 976 οἶδά
1588 940 1666 987 σε,

106 1015 237 1087 παρὰ
263 1014 358 1068 σοῦ
396 1014 699 1085 διδαχθείς·
732 1016 908 1078 οὐδεὶς
935 1016 1044 1089 γὰρ
1079 1019 1375 1089 ἐπιγνῶναί
1408 1036 1467 1072 σε
1510 1018 1670 1073 δύνα-

105 1125 200 1171 ται,
229 1108 301 1178 μὴ
337 1107 438 1177 τῆς
475 1107 574 1179 σῆς
606 1106 895 1161 ἀπολαύων
921 1110 1259 1182 ὲλλάμψεως.
1292 1107 1424 1165 Οἶδά
1460 1129 1540 1178 σε,
1580 1112 1670 1165 Δέ-

106 1216 279 1263 σποτα,
308 1198 526 1268 σαφῶςο
566 1195 705 1253 εἶδον
733 1199 841 1272 γάρ
870 1218 927 1253 σε
966 1203 1374 1273 πνευματικῶς,
1412 1204 1541 1276 πρὶν
1575 1203 1667 1257 ἴδω

103 1289 245 1343 τοῦτο
270 1291 333 1343 τὸ
366 1292 499 1360 φῶς.
535 1292 664 1344 Ὅτε
696 1292 760 1345 σὺ
805 1293 903 1364 μὲν
935 1292 1010 1346 ὢν
1038 1294 1158 1358 ὅλος
1184 1294 1306 1366 [ἀλ.
1337 1295 1419 1348 ὅτι
1461 1296 1525 1348 σὺ
1570 1296 1667 1365 μὲν

103 1383 209 1445 ὅλος
234 1381 334 1454 ὢν]
361 1384 418 1435 ἐν
442 1384 554 1445 τοῖς
576 1384 888 1455 ἀσωμάτοις
912 1385 1132 1449 κόλποις
1158 1385 1252 1438 τοῦ
1275 1386 1523 1459 οὐρανίου
1549 1387 1665 1439 Πα-

104 1475 232 1545 τρὸς,
270 1474 390 1538 ὅλος
433 1470 501 1547 ἧς
539 1476 596 1529 ἐν
621 1478 733 1540 τοῖς
762 1476 950 1545 λαγόσι
985 1478 1083 1547 τῆς
1113 1479 1210 1549 σῆς
1242 1478 1435 1551 δούλης
1475 1496 1534 1532 τε
1576 1480 1666 1533 καὶ

106 1567 327 1639 μητρός
373 1567 482 1637 ἐγὼ
510 1568 567 1622 δὲ
606 1568 663 1621 ἐν
700 1571 765 1640 τῇ
812 1569 988 1641 κοιλίᾳ
1025 1570 1125 1640 τῆς
1162 1570 1440 1624 Ἐλισάϐετ
1485 1570 1561 1633 ὡς
1606 1572 1665 1625 ἐν

102 1662 271 1732 εἱρκτῇ
306 1663 373 1732 τῇ
400 1660 557 1730 φύσει
585 1662 966 1733 κατεχόμενος,
996 1663 1089 1715 καὶ
1117 1661 1396 1733 δεδεμένος
1422 1664 1534 1726 τοῖς
1558 1663 1664 1716 τῶν

107 1754 348 1825 ἐμϐρύων
398 1753 615 1818 ἀλύτοις
654 1755 895 1826 δεσμοῖς,
938 1734 1224 1826 ἐσκίρτων,
1268 1755 1663 1827 ἐπανηγύριζον

101 1848 186 1915 τὴν
235 1848 337 1919 σὴν
376 1846 586 1916 γένεσιν
628 1846 1029 1920 προεορτάζων.
1081 1849 1138 1901 '0
1189 1847 1366 1900 τοίνυν
1416 1848 1523 1920 πρὸ
1569 1846 1663 1901 τοῦ

1773 647 1879 700 vidi
1910 647 2052 701 enim
2084 656 2135 702 te
2168 650 2219 701 in
2250 648 2466 718 spiritu,
2494 659 2785 717 antequam
2817 648 2959 704 hanc
2992 650 3166 704 lucem
3196 649 3357 718 inspi-

1772 753 1968 792 cerem.
2021 737 2157 805 Quia
2185 750 2265 805 ιιι,
2297 755 2419 794 cum
2472 750 2618 796 totus
2662 740 2714 794 in
2759 742 3083 811 incorporeo
3115 742 3355 797 caalestis

1772 828 1948 885 Patris
1997 831 2120 885 sinu
2167 845 2354 894 esses,
2405 840 2553 886 totus
2597 846 2814 900 quoque
2853 832 2905 885 in
2956 843 3111 886 utero
3147 833 3356 888 ancillae

1772 932 1877 977 une
1909 938 1972 978 ac
2013 925 2203 979 matris
2231 940 2385 991 eras;
2426 940 2526 995 ego
2556 940 2705 987 vero,
2742 926 2795 979 in
2832 934 3019 980 ventre
3053 925 3352 991 Elisabetli,

1771 1016 1916 1071 velut
1958 1018 2011 1071 in
2060 1034 2298 1085 carcere,
2336 1026 2529 1073 natura
2556 1018 2828 1084 detentus,
2871 1029 3033 1089 atque
3060 1020 3355 1074 indissolu-

1768 1109 1971 1164 bilibus
2018 1109 2304 1165 infantium
2335 1111 2567 1166 vinculis
2592 1112 2947 1177 constrictus,
2987 1112 3350 1174 exsultabam.

1769 1212 1823 1257 et
1847 1212 1995 1256 tuam
2025 1211 2181 1257 antea
2215 1203 2551 1259 nativitatem
2584 1204 2960 1259 collaudabam
3004 1220 3066 1258 ac
3108 1204 3353 1259 celebra-

1770 1294 1915 1348 bam.
1958 1292 2062 1359 Qui
2099 1294 2262 1366 igitur
2292 1305 2415 1350 ante
2463 1304 2860 1374 partumtuum
2891 1295 3179 1351 adventum
3211 1312 3352 1364 pne-

1768 1381 2050 1449 dicabam,
2086 1381 2208 1451 post
2248 1393 2461 1452 partum
2520 1384 2811 1439 adventum
2858 1392 3009 1438 tuum
3056 1384 3350 1453 ignorabo?

1768 1472 1871 1539 Qui
1902 1474 1955 1527 in
1984 1482 2136 1529 utero
2170 1473 2436 1540 adventus
2465 1476 2540 1528 tui
2571 1474 2761 1530 doctor
2793 1474 2892 1539 fui,
2935 1490 3081 1529 nunc
3115 1475 3352 1543 perfecta

1768 1552 1951 1619 habita
1982 1564 2291 1635 cognitione
2320 1564 2501 1621 infans
2522 1567 2657 1621 ero?
2697 1566 2962 1620 Cmterum
2999 1583 3102 1619 non
3129 1584 3351 1637 possum

1767 1674 1874 1714 non
1920 1668 1970 1713 te
2016 1658 2195 1713 colere
2243 1673 2309 1714 ac
2350 1659 2638 1723 venerari,
2689 1660 2781 1728 qui
2812 1660 2879 1714 ab
2909 1663 3058 1714 omni
3106 1661 3352 1714 adorat-is

1767 1760 2038 1805 creatura.
2093 1748 2211 1803 Non
2243 1765 2465 1821 possum
2511 1766 2617 1804 non
2657 1750 2952 1820 prmdicare
2994 1766 3141 1815 eum,
3189 1768 3351 1820 quem

1766 1847 1963 1903 coelum
2006 1846 2205 1900 ducatu
2255 1845 2425 1899 stellae
2468 1846 2926 1914 prmmonstravit,
2969 1855 3023 1900 et
3066 1857 3207 1898 terra
3256 1860 3354 1914 per

101 1938 240 1990 τόκου
391 1915 500 2010 σὴν
528 1915 817 2008 ἐπιδημίαν
846 1938 1257 2009 προκηρύττων,
1287 1938 1424 2009 μετὰ
1447 1915 1539 1991 τὸν
1572 1939 1658 1992 τό-

1769 1954 1956 2010 magos
1999 1938 2231 2009 benigne
2266 1940 2515 2008 excepit;
2569 1939 2996 2008 angelorumque
3041 1938 3226 2000 ebori,
3282 1938 3353 1991 ob

100 2049 181 2085 κον
208 2032 307 2103 τὴν
332 2031 428 2101 σὴν
452 2032 751 2103 παρουσίαν
773 2031 1055 2102 ἀγνοήσω;
1097 2031 1153 2083 Ὀ
1176 2033 1232 2085 ἐν
1258 2031 1410 2101 νηδύϊ
1430 2031 1531 2101 τῆς
1561 2032 1660 2103 σῆς

102 2124 385 2194 παρουσίας
425 2123 760 2188 διδάσκαλος,
799 2123 1049 2196 νηπιάσω
1091 2123 1205 2186 νῦν,
1252 2122 1388 2194 πρὸς
1424 2122 1523 2195 τὴν
1571 2140 1657 2177 τε·

99 2218 228 2268 λείαν
254 2214 584 2283 ἐπίγνωσινς
625 2214 762 2267 Ἀλλ’
786 2215 846 2267 οὐ
870 2214 1102 2285 δύναμαι
1142 2214 1215 2286 μὴ
1244 2214 1421 2269 σέϐειν
1452 2233 1532 2279 σε,
1564 2216 1656 2269 τὸν

98 2308 549 2380 προσκυνούμενον
581 2308 731 2381 παρὰ
770 2309 949 2379 πάσης
984 2309 1082 2379 τῆς
1118 2309 1367 2373 κτίσεως,
1398 2308 1458 2361 οὐ
1496 2308 1656 2363 δύνα-

99 2420 181 2470 μαι
210 2403 279 2473 μὴ
313 2402 620 2472 κηρύττειν,
662 2402 720 2455 ὃν
757 2401 984 2473 οὐρανὸς
1011 2401 1097 2454 διὰ
1124 2400 1218 2454 τοῦ
1261 2402 1487 2474 ἀστέρος
1526 2402 1658 2457 ὑπέ-

96 2494 235 2560 δειξε,
282 2494 378 2547 καὶ
414 2496 483 2565 γῆ
526 2495 615 2548 διὰ
661 2494 769 2545 τῶν
814 2494 1003 2564 μάγων
1040 2492 1376 2558 ἐδεξιώσατο,
1416 2495 1509 2548 καὶ
1548 2495 1655 2551 τῶν

94 2586 326 2654 ἀγγέλων
364 2587 413 2638 οἱ
445 2586 615 2657 χοροὶ,
645 2586 925 2657 χαίροντες
948 2585 1034 2638 διά
1070 2584 1168 2657 τὴν
1204 2586 1302 2657 σὴν
1336 2587 1472 2657 πρὸς
1508 2589 1656 2657 ἡμᾶς

95 2677 503 2745 σιγκατάϐασιν,
535 2678 879 2749 ἀνευφήμουν
912 2679 1002 2731 καὶ
1032 2678 1287 2748 ποιμένες
1323 2679 1656 2750 ἀγραυλοῦν-

94 2787 187 2833 τες,
207 2769 296 2822 τὸν
329 2770 689 2841 ἁρχιποίμενα
713 2770 820 2823 τῶν
838 2770 1070 2837 λογικῶν
1098 2770 1384 2841 προϐάτων
1414 2770 1509 2824 ἁνύ
1520 2789 1652 2842 μνη-

94 2876 199 2914 σαν.
245 2863 323 2915 Ού
365 2861 618 2932 δύναμαι,
643 2862 735 2913 σοῦ
768 2861 1052 2932 παρόντος,
1102 2862 1291 2931 σιγᾷν·
1330 2860 1488 2930 μονὴ
1545 2861 1653 2933 γάρ

92 2956 210 3023 ειμι·
235 2952 407 3022 φωνὴ
430 2953 557 3023 γὰρ,
576 2955 727 3025 φησι,
750 2952 1018 3019 βοῶντος
1044 2954 1115 3006 ἐν
1135 2952 1209 3021 τῇ
1227 2954 1445 3023 ἐρήμῳ·
1470 2955 1655 3007 Ἑτοι-

92 3043 303 3111 μάσατε
338 3043 451 3112 τὴν
483 3045 626 3097 ὀδόν
662 3046 902 3112 Κυρίου.
951 3045 1091 3115 Ἐγὼ
1122 3046 1330 3115 χρείαν
1368 3045 1486 3113 ἔχω
1533 3044 1652 3098 ὑπὸ

91 3136 193 3190 σοῦ
229 3137 664 3204 βαπτισθῆναι,
708 3139 803 3191 καὶ
855 3138 936 3191 σὺ
976 3138 1123 3208 ἔρχῃ
1168 3136 1313 3205 πρὸς
1350 3137 1460 3206 μέ;
1515 3131 1654 3205 Ἐγὼ

93 3230 374 3300 γεννηθεὶς,
406 3232 504 3301 τῆς
552 3232 891 3302 γεννησάσης
1106 3229 1537 3302 γεννησαμένης]
1588 3247 1652 3301 με
1682 3261 1724 3319 C

94 3321 281 3391 μητρὸς
311 3322 411 3393 τὴν
442 3322 722 3393 στείρωσιν
755 3321 947 3375 ἔλυσα·
979 3322 1074 3374 καὶ
1104 3321 1302 3392 βρέφος
1331 3322 1406 3373 ὢν
1435 3322 1534 3382 ἔτι,
1563 3321 1656 3388 γέ-

91 3426 205 3475 γονα
230 3413 335 3482 τῆς
360 3412 600 3481 ἀφωνίας
636 3412 731 3465 τοῦ
767 3412 970 3482 πατρός
1008 3429 1106 3482 μου
1140 3412 1340 3484 ίατρδς,
1376 3411 1527 3482 παρὰ
1561 3412 1655 3464 σοῦ

91 3501 251 3555 λαϐὼν
296 3505 365 3556 ἐκ
412 3504 601 3567 παιδὸς
649 3503 749 3574 τὴν
790 3504 952 3575 χάριν
998 3503 1093 3556 τοῦ
1149 3502 1444 3573 θαύματος.
1487 3504 1557 3555 Σὺ
1599 3503 1656 3555 δὲ

90 3594 283 3665 τεχθεὶς
308 3597 375 3649 ἐκ
400 3597 499 3666 τῆς
530 3595 808 3667 Παρθένου
851 3594 1090 3666 Μαρίας,
1131 3594 1208 3658 ὡς
1241 3594 1531 3665 ἠθέλησας,
1562 3596 1657 3648 καὶ

90 3685 156 3749 ὡς
194 3687 256 3740 σὺ
302 3687 465 3758 μόνος
502 3687 815 3753 ἐπίστασαι,
846 3688 947 3741 οὐκ
989 3687 1185 3751 ἔλυσας
1219 3686 1319 3758 τὴν
1358 3686 1655 3759 παρθενίαν

90 3774 243 3845 αὐτῆς
264 3792 280 3807 ·
313 3774 455 3828 ἀλλὰ
473 3777 567 3831 καὶ
591 3777 795 3848 ταύτην
823 3777 1191 3849 ἐφρούρησας,
1214 3778 1308 3830 καὶ
1331 3777 1430 3847 τῆς
1453 3776 1657 3849 μητρὸς

95 3863 213 3935 αὑτῇ
243 3868 347 3939 τὴν
376 3868 748 3940 προσηγορίαν
780 3867 1115 3941 δεδώρησαν
1150 3868 1246 3922 καὶ
1282 3866 1405 3921 οὔτε
1441 3870 1475 3938 ἡ
1512 3885 1655 3940 παρ-

89 3954 225 4010 θενία
254 3959 351 4011 τὸν
378 3958 468 4011 σὸν
497 3958 655 4013 τόκον
678 3958 969 4023 ἐκώλυσεν,
1004 3958 1128 4012 οὔτε
1151 3961 1180 4013 6
1204 3959 1363 4023 τόκος
1390 3959 1490 4030 τὴν
1519 3976 1659 4031 παρ-

89 4045 252 4101 θενίαν
310 4048 621 4120 ἐλυμήνατο
649 4066 663 4079 -
715 4048 850 4103 ἀλλὰ
904 4048 1239 4121 συνέδραμον
1291 4048 1658 4102 ἐναντιώτατα

88 4136 399 4209 πράγματα,
430 4138 587 4202 τόκος
624 4140 720 4191 καὶ
742 4137 1010 4209 παρθενία
1042 4137 1179 4211 πρὸς
1214 4137 1340 4208 μίαν
1366 4137 1649 4208 ὁμόνοιαν·

86 4229 256 4300 ἐπειδὴ
287 4228 450 4283 τοῦτο
484 4228 605 4300 [ἄλ.
639 4229 805 4303 οὕτω]
838 4230 1068 4303 πάρεστί
1102 4247 1183 4283 σοι
1209 4229 1288 4300 τῷ
1316 4230 1528 4301 πλαστῇ
1554 4231 1655 4302 τῆς

84 4319 303 4386 φύσεως.
365 4321 506 4390 Ἐγὼ
552 4322 838 4392 ἄνθρωπος
880 4323 1039 4393 μόνον
1079 4321 1195 4391 είμ.)⁸
1236 4320 1385 4386 θείας
1433 4321 1657 4394 χάριτος

87 4413 297 4484 μέτοχος
316 4432 330 4445 ·
358 4414 423 4467 σὺ
450 4414 505 4467 δὲ
529 4413 663 4477 Θεὸς
691 4410 760 4479 εἴ,
778 4415 873 4468 καὶ
889 4414 984 4469 ave
993 4432 1173 4486 ρωπος
1199 4415 1227 4467 6
1250 4414 1433 4480 αὐτὸς,
1464 4414 1651 4486 ἐπειδὴ

84 4503 454 4578 φιλάνθρωπος
490 4506 757 4576 πέφυκας.
809 4507 950 4578 Ἐγὼ
991 4508 1201 4577 χρείαν
1230 4508 1348 4576 ἐχω
1380 4509 1499 4563 ὑπὸ
1537 4507 1656 4562 σοῦ

1762 2040 1908 2087 tuam
1953 2034 2007 2087 in
2049 2047 2151 2086 nos
2193 2017 2935 2102 indulgentiam,gaudentes
2967 2032 3351 2097 decantarunt,

1759 2133 1813 2179 et
1841 2137 2092 2194 pastores
2128 2123 2182 2177 in
2219 2138 2351 2193 agro
2382 2130 2769 2192 pernoctantes
2805 2124 2849 2153 ⁵⁸
2870 2164 2885 2187 ,
2914 2122 3214 2190 principem
3250 2136 3348 2191 pa-

1760 2231 1970 2279 storum
2015 2222 2363 2276 rationalium
2416 2222 2598 2274 ovittm
2646 2220 3004 2274 celebrarunt.
3055 2218 3173 2273 Non
3224 2234 3352 2287 pos-

1758 2330 1915 2379 sum,
1963 2322 2015 2367 te
2058 2322 2342 2382 prasente,
2380 2320 2592 2380 tacere;
2631 2327 2755 2365 nam
2794 2326 2894 2365 vox
2951 2326 3043 2379 ego
3103 2326 3255 2372 sum;
3297 2317 3352 2363 et

1757 2405 1975 2475 quidem
2009 2420 2107 2457 vox
2136 2403 2418 2458 clamantis
2461 2406 2513 2457 in
2555 2404 2757 2457 deserto
2790 2418 2807 2457 :
2836 2401 3032 2457 Parata
3066 2404 3203 2457 viam
3247 2401 3351 2454 Do-

1758 2497 1887 2551 mini
1914 2496 1980 2550 “.
2014 2494 2123 2565 Ego
2151 2514 2182 2549 a
2208 2508 2256 2551 te
2288 2498 2553 2566 baptizari
2584 2496 2764 2561 debeo,
2794 2505 2842 2549 et
2876 2504 2929 2548 tu
2960 2497 3100 2549 venis
3135 2494 3203 2547 ad
3235 2495 3355 2547 me?

1759 2588 1872 2657 Ego
1900 2596 2094 2652 natus,
2123 2588 2313 2640 matris
2342 2602 2464 2656 quas
2494 2602 2579 2640 me
2610 2586 2838 2656 peperit,
2867 2585 3202 2641 sterilitatem
3231 2584 3342 2636 sol-

1755 2679 1843 2746 vi;
1873 2688 1927 2732 et
1954 2676 2137 2733 infans
2174 2694 2297 2733 cum
2329 2679 2509 2733 adhuc
2546 2694 2745 2744 essem,
2776 2677 3137 2733 taciturnitati
3174 2675 3348 2744 patris

1755 2772 1860 2826 mei
1890 2772 2215 2826 medicinam
2243 2772 2489 2836 adhibui,
2529 2787 2559 2824 a
2596 2780 2645 2826 te
2670 2786 2804 2840 puer
2836 2771 3085 2826 miraculi
3119 2770 3347 2840 gratiam

1756 2865 2053 2936 accipiens.
2097 2863 2191 2918 Tu‘
2216 2878 2366 2928 vero,
2397 2879 2463 2918 ex
2504 2862 2674 2917 Maria
2703 2872 2863 2918 natus
2889 2861 3133 2930 Virgine,
3171 2873 3227 2915 ut
3254 2878 3350 2916 vo-

1755 2960 1927 3025 luisti,
1964 2970 2018 3014 et
2050 2960 2193 3015 sicut
2222 2968 2278 3011 tu
2311 2958 2462 3012 solus
2490 2958 2656 3022 nosti,
2686 2971 2794 3011 non
2822 2956 3030 3011 solvisti
3060 2954 3348 3025 virginita-

1757 3056 1860 3108 tem
1887 3054 2037 3121 ejus;
2064 3052 2157 3106 sed
2184 3060 2237 3105 et
2260 3050 2399 3104 lianc
2421 3049 2727 3113 custodisti,
2753 3056 2806 3102 et
2835 3048 3005 3115 ipsam
3034 3047 3225 3099 matris
3249 3060 3348 3115 apo

1755 3144 2045 3215 pellatione
2065 3143 2314 3207 donasti;
2339 3150 2392 3196 et
2439 3157 2619 3209 neque
2648 3150 2798 3194 tuum
2825 3149 3043 3209 partum
3069 3137 3348 3206 impedivit

1759 3237 2085 3306 virginitas,
2137 3250 2315 3304 neque
2347 3233 2713 3303 virginitatem
2776 3231 2914 3285 laesit
2962 3238 3192 3299 partus;
3251 3228 3343 3281 sed

1760 3338 2156 3384 concurrerunt
2209 3342 2297 3381 res
2338 3324 2879 3395 repugnantissimae,
2936 3330 3121 3390 partus
3184 3329 3347 3388 atque

1760 3418 2064 3488 virginitas,
2099 3418 2151 3470 in
2175 3432 2343 3471 unum
2364 3416 2543 3470 ftedus
2566 3435 2578 3469 :
2599 3414 2859 3482 quoniam
2881 3412 2985 3465 hoc
3012 3411 3106 3465 tibi
3138 3419 3347 3463 natura:

1759 3510 2027 3566 conditori
2052 3517 2361 3579 promptum
2382 3516 2460 3561 est
2482 3506 2575 3578 [αι.
2594 3507 2673 3561 sic
2697 3506 2789 3559 tibi
2820 3513 3027 3558 natura:
3042 3503 3345 3557 auctorivi-

1758 3620 1879 3659 sum
1929 3602 2032 3674 est]
2077 3619 2141 3659 ac
2163 3601 2341 3658 facile.
2375 3601 2487 3672 Ego
2514 3602 2678 3654 homo
2703 3599 2966 3653 duntaxat
2988 3615 3109 3653 sum
3148 3598 3347 3653 divinae

1758 3699 2029 3767 particeps
2060 3697 2279 3767 gratiae;
2306 3705 2359 3748 at
2388 3704 2441 3748 tu
2463 3693 2604 3747 Deus
2630 3693 2767 3747 idem
2798 3707 2879 3756 es,
2905 3701 2959 3747 et
2986 3692 3149 3746 homo
3175 3710 3187 3745 :
3211 3706 3351 3761 quo-

1756 3786 1903 3841 niam
1936 3786 2204 3855 benignus
2232 3794 2285 3838 et
2316 3784 2539 3837 humani
2573 3780 2786 3852 generis
2818 3779 3231 3833 amantissimus
3262 3793 3341 3831 es.

1759 3880 1871 3952 Ego
1896 3895 2022 3950 Opus
2049 3878 2210 3931 habeo
2253 3888 2311 3929 ut
2339 3893 2371 3929 a
2408 3884 2454 3928 te
2485 3875 2739 3943 baptizer,
2773 3883 2820 3927 et
2851 3882 2907 3925 tu
2948 3873 3085 3926 venis
3120 3872 3188 3923 ad
3223 3872 3347 3924 me?

1758 3971 1837 4026 Tu
1860 4014 1875 4038 ,
1925 3970 2017 4039 qui
2050 3970 2106 4023 in
2148 3968 2417 4038 principio
2462 3982 2621 4030 eras,
2662 3974 2715 4019 et
2743 3964 2882 4034 apud
2913 3964 3081 4019 Deum
3118 3980 3261 4027 eras,
3291 3971 3346 4015 et

1758 4061 1901 4117 Deus
1925 4063 2039 4131 ipse
2057 4075 2179 4114 eras
2194 4060 2273 4124 ‘7;
2300 4069 2354 4111 tu
2378 4058 2470 4126 qui
2500 4056 2745 4110 Paterna;
2766 4071 2824 4110 es
2847 4056 3032 4123 gloria}
3054 4054 3339 4123 splendor;

1756 4162 1814 4209 tu
1837 4153 1929 4224 qui
1961 4150 2198 4222 perfecta
2221 4166 2280 4205 es
2309 4150 2490 4219 imago
2514 4147 2735 4218 perfecti
2771 4145 2948 4200 Patris
2990 4145 3087 4217 [σί.
3118 4144 3341 4214 perfecti
3368 4156 3371 4157 '

1756 4242 2024 4305 luminis,
2100 4241 2349 4294 videlicet
2404 4238 2654 4308 Patris];
2708 4248 2764 4291 tu
2813 4238 2905 4306 qui
2954 4236 3047 4289 lux
3094 4252 3152 4290 es
3186 4253 3339 4301 vera,

1754 4349 1872 4404 quis
1918 4332 2188 4385 illuminat
2229 4346 2435 4383 omnem
2479 4329 2741 4381 hominem
2778 4329 3065 4381 venientem
3117 4328 3170 4380 in
3201 4328 3341 4380 hunc

1758 4425 2008 4481 mundum
2035 4425 2119 4490 '8;
2154 4434 2209 4476 tu
2237 4423 2327 4493 qui
2353 4439 2475 4477 cum
2511 4421 2562 4474 in
2598 4421 2802 4474 mundo
2825 4437 2996 4483 esses,
3032 4421 3223 4474 venisti
3250 4420 3341 4473 ubi

1759 4536 1917 4584 eras;
1956 4528 2008 4571 ιιι
2038 4518 2129 4585 qui
2164 4516 2341 4571 factus
2370 4532 2430 4570 es
2460 4531 2589 4571 caro
2619 4554 2633 4578 ,
2661 4515 2755 4569 sed
2796 4530 2903 4568 non
2947 4529 3243 4568 conversus
3287 4515 3339 4568 in

78 4597 509 4665 βαπτισθῆναι,
553 4598 651 4652 καὶ
697 4599 778 4652 σὺ
825 4600 975 4667 ἔρχῃ
1031 4598 1179 4666 πρὸς
1223 4602 1331 4667 μέ;
1386 4600 1458 4652 Σὺ
1514 4602 1543 4653 6
1592 4603 1650 4655 ἐν

1761 4625 2013 4671 carnem;
2052 4616 2105 4659 ιιι
2142 4606 2232 4675 qui
2270 4604 2527 4659 liabitasti
2567 4603 2620 4657 in
2672 4603 2831 4656 nobis
2857 4643 2871 4666 ,
2918 4610 2972 4654 et
3003 4601 3176 4655 servis
3232 4599 3341 4655 tuis

80 4688 209 4759 ἀρχῇ
243 4688 342 4755 ὢν,
390 4690 485 4744 καὶ
526 4691 663 4761 πρὸς
707 4689 839 4744 Θεὸν
876 4690 973 4754 ὢν,
1026 4691 1119 4743 καὶ
1160 4690 1291 4754 Θεὸς
1337 4690 1444 4743 ὦν·
1485 4693 1549 4746 σὺ
1592 4693 1653 4747 τὸ

80 4780 165 4849 τῆς
197 4781 460 4853 πατρῴας
497 4782 654 4852 δόξης
682 4781 1025 4851 ἀπαύγασμα
1044 4798 1058 4811 ο
1097 4782 1160 4834 σὺ
1193 4784 1221 4835 6
1246 4781 1452 4845 τέλειος
1480 4800 1651 4854 χαρα-

80 4870 207 4941 κτὴρ
244 4871 341 4925 τοῦ
387 4872 589 4925 τελείου
619 4873 835 4943 Πατρός
1047 4870 1253 4924 τελείου
1308 4871 1504 4941 φωτὸς,
1552 4873 1649 4944 δη-

76 4961 197 5033 λαδὴ
230 4963 328 5017 τοῦ
363 4961 601 5035 Πατρός]
621 4980 636 4993 ’
668 4964 733 5016 σὺ
763 4962 831 5016 τὸ
864 4961 990 5033 φῶς
1017 4962 1081 5016 τὸ
1109 4964 1419 5031 ἀληθινὸν,
1445 4965 1504 5018 τὸ
1530 4984 1645 5035 φω-

79 5053 226 5114 τίζον
282 5053 485 5108 πάντα
529 5054 849 5123 ἄνθρωπον
892 5055 1220 5124 ἐρχόμενον
1265 5058 1352 5121 εἰς
1399 5056 1505 5109 τὸν
1554 5059 1653 5110 κό-

74 5159 254 5212 σμον*
284 5146 351 5199 σὺ
388 5147 416 5197 6
446 5145 504 5196 ὲν
527 5143 606 5215 τῷ
636 5145 825 5215 κόσμῳ
846 5143 943 5207 ὢν,
973 5145 1067 5197 καὶ
1093 5144 1260 5199 ἐλθὼν
1288 5146 1421 5199 ὅπου
1452 5142 1521 5217 ἦς
1544 5165 1557 5177 '
1588 5148 1653 5200 σὺ

76 5237 101 5287 6
123 5238 414 5307 γενόμενος
448 5237 604 5308 σὰρξ,
634 5237 750 5290 ἀλλ’
787 5237 889 5290 οὐκ
917 5238 997 5302 είς
1027 5236 1206 5310 σάρκα
1231 5238 1461 5309 τραπείς
1482 5254 1495 5268 ο
1530 5238 1593 5291 σὺ
1627 5239 1656 5290 6

78 5328 359 5397 σκηνώσοις
372 5330 428 5381 ἐν
442 5331 597 5398 ἡμῖν,
615 5329 708 5381 καὶ
722 5330 836 5391 τοῖς
854 5332 964 5391 σοῖς
986 5328 1191 5392 δούλοις
1211 5328 1400 5397 φανεὶς
1411 5330 1468 5382 ἐν
1481 5332 1546 5401 τῇ
1564 5329 1657 5383 τοῦ

75 5418 253 5474 δούλου
275 5424 457 5492 μορφῇ
479 5439 490 5450 ·
512 5422 577 5474 σὺ
600 5422 628 5472 6
643 5420 740 5492 τὴν
754 5420 857 5491 γῆν
872 5422 965 5475 καὶ
985 5420 1075 5475 τὸν
1090 5421 1315 5493 οὐρανὸν
1335 5420 1659 5493 γεφυρώσας

75 5508 183 5582 [ηρ.
232 5511 658 5584 γεφυράσας]τῷ
685 5512 825 5583 ἁγίῳ
856 5529 948 5566 σου
980 5512 1225 5583 ὀνόματιν
1261 5514 1325 5566 σὺ
1356 5512 1492 5587 ἕρκη
1520 5514 1657 5586 πρὸς

77 5604 171 5673 μές
201 5606 261 5660 '0
286 5606 560 5673 τοσοῦτος,
587 5606 724 5677 πρὸς
746 5607 836 5660 τὸν
867 5607 1104 5661 τοιοῦτον
1125 5624 1139 5671 ;
1170 5607 1231 5660 Ὁ
1253 5606 1504 5676 βασιλεὺς
1522 5608 1657 5679 πρὸς

78 5696 162 5752 τὸν
188 5699 537 5769 πρόδρομον;
584 5699 642 5751 '0
675 5698 951 5770 Δεσπότης
979 5700 1115 5771 πρὸς
1141 5699 1232 5754 τὸν
1263 5698 1477 5764 δοῦλον;
1518 5699 1655 5753 Ἀλλ’

142 5887 188 5919 ’⁸
223 5888 363 5943 Luc.
395 5903 452 5954 ιι,
497 5888 549 5942 8.
631 5888 672 5917 ⁸⁸
710 5886 892 5942 Matth.
930 5904 1016 5956 lli,
1047 5888 1108 5955 ὖ,
1152 5887 1314 5946 Marc.
1346 5905 1395 5956 ι,
1431 5891 1496 5959 5;
1542 5888 1651 5944 Luc

1761 5905 1802 5957 ι,
1846 5888 1915 5955 ί,
1958 5885 2113 5944 Joan.
2146 5905 2182 5956 t,
2218 5887 2302 5943 25.

1755 4701 1809 4754 in
1846 4700 2019 4753 forma
2068 4697 2208 4752 servi
2254 4696 2586 4764 conspicuus
2645 4692 2830 4757 fuisti;
2876 4700 2932 4745 tu
2984 4691 3077 4759 qui
3134 4699 3335 4743 terram

1753 4797 1806 4842 et
1875 4788 2071 4841 coelum
2152 4796 2246 4838 tuo
2325 4793 2517 4838 sancto
2585 4782 2805 4836 nomine
2878 4780 3115 4849 quodam
3180 4781 3337 4848 quasi

1754 4888 1916 4949 ponte
1964 4877 2189 4948 junxisti
2219 4893 2233 4941 ;
2265 4885 2319 4929 tu
2351 4875 2507 4929 venis
2541 4875 2607 4927 ad
2644 4873 2773 4926 me?
2827 4871 2929 4937 Tu,
2991 4871 3082 4940 qui
3152 4880 3336 4926 tantus

1752 4986 1831 5032 es,
1895 4970 1958 5024 ad
2021 4967 2226 5022 talem?
2274 4964 2409 5033 Rex,
2475 4965 2538 5018 ad
2592 4962 3336 5034 praecursorem?Dominus,

1758 5065 1823 5119 ad
1865 5060 2119 5118 servum?
2174 5057 2278 5113 Sed
2342 5057 2593 5127 quamvis
2651 5066 2704 5108 tu
2775 5054 2828 5107 in
2888 5054 3185 5107 humilibus
3237 5054 3339 5106 liu-

1761 5152 2037 5209 manitatis
2069 5150 2249 5205 modis
2299 5149 2453 5203 nasci
2487 5163 2595 5201 non
2645 5147 2932 5201 erubueris
2959 5163 2973 5211 ;
3002 5160 3104 5215 ego
3157 5155 3339 5197 tamen

1766 5255 1975 5301 natura
2001 5242 2265 5297 terminos
2294 5240 2572 5310 praeterire
2604 5254 2710 5292 non
2736 5252 2980 5307 possum.
3005 5234 3138 5289 Novi
3164 5249 3343 5303 quan-

1764 5350 1876 5391 tum
1913 5338 2053 5391 inter
2093 5345 2293 5389 terram
2339 5343 2393 5387 et
2425 5332 2741 5386 Creatorem
2776 5330 2847 5385 sit
2890 5329 3184 5384 discrimen
3218 5325 3333 5397 [αΙ.

1765 5425 2063 5498 spatium].
2096 5424 2233 5480 Novi
2264 5432 2470 5494 quanta
2503 5424 2643 5477 inter
2674 5422 2863 5475 limum
2895 5430 3051 5474 terra:
3078 5428 3132 5471 et
3161 5417 3336 5471 facto-

1766 5535 1879 5573 rem
1907 5519 1978 5572 sit
2015 5516 2337 5573 differentia.
2379 5514 2514 5569 Novi
2544 5524 2810 5585 quantum
2842 5514 2925 5568 sol
2961 5521 3087 5565 tuus
3114 5510 3340 5579 justitiau

1762 5610 2032 5678 praecellat
2056 5609 2210 5673 mihi,
2238 5607 2328 5677 qui
2357 5607 2578 5662 lucerna
2613 5617 2718 5660 tua:
2748 5622 2867 5661 sum
2894 5602 3097 5675 gratiae.
3127 5601 3191 5655 Et
3213 5601 3340 5655 licet

1758 5720 1893 5774 pura
1919 5705 2162 5774 corporis
2191 5707 2427 5761 amictus
2454 5704 2530 5757 sis
2587 5702 2761 5763 nube,
2815 5716 2915 5769 ego
2948 5706 3129 5752 tamen
3186 5703 3336 5749 tuam

2408 5888 2450 5920 ⁵⁷
2480 5884 2635 5942 Joan.
2674 5901 2723 5953 ι,
2764 5886 2811 5939 l.
2892 5885 2935 5915 ⁵⁸
2970 5881 3121 5937 Joan.
3166 5896 3217 5945 ι,
3253 5875 3308 5931 9.
