3876 6508
472 404 612 461 “83

1111 401 1167 454 S.
1206 396 1538 455 GREGORII
1579 397 1940 453 THAUMAT.
1980 395 2132 452 OPP.
2169 395 2357 452 PARS
2395 395 2697 450 ALTERA.
2739 425 2809 436 --
2848 394 3078 452 DUBIA.

3609 392 3739 448 ιιει

471 536 710 590 agnosco
743 517 1196 574 dominationem.
1250 515 1527 570 Conﬁteor
1561 515 1814 569 servilem
1869 529 2044 569 meam

2162 516 2198 566 εί
2231 513 2324 565 καὶ
2360 513 2423 567 σὺ
2463 514 2520 566 ἐν
2543 515 2656 576 τοῖς
2679 515 2958 575 ταπεινοῖς
2993 511 3214 582 μέτροις
3247 514 3342 581 τῆς
3381 510 3741 581 ἀνθρωπὸτη-

469 611 840 668 conditionem
870 651 885 675 ,
918 619 1066 663 tuam
1097 607 1334 678 praedico
1363 606 1839 678 magniﬁcentiam.
1876 606 2052 675 Agno-

472 719 567 759 sco
593 701 982 756 dominationis
1019 710 1124 754 tuzc
1157 698 1569 768 perfectionem.
1619 705 1673 751 et
1707 707 1882 751 meam
1937 696 2051 766 ipse

473 791 829 860 abjectionem
856 803 919 842 ac
945 789 1203 842 vilitatem
1228 801 1520 857 cognosco.
1557 783 1678 838 Non
1703 803 1818 840 sum
1860 786 2051 855 dignus

473 894 529 936 ιιι
551 882 751 936 solvam
779 883 1062 951 corrigiam
1087 879 1432 934 calceamenti
1461 880 1539 933 tui
1563 879 1606 910 ‘9
1632 894 1647 944 ;
1679 887 1734 932 et
1757 895 1865 948 quo
1895 889 2052 947 pacto

473 975 886 1030 immaculatum
920 973 1114 1042 capitis
1164 973 1242 1026 tui
1273 972 1528 1027 verticem
1564 971 2055 1042 tangereaudebo?

472 1067 592 1132 Quo
621 1075 778 1136 pacto
805 1081 979 1120 meam
1025 1079 1188 1134 super
1230 1073 1278 1118 te
1306 1063 1595 1118 extendam
1624 1065 1924 1130 dexteram,
1960 1066 2051 1134 qui

472 1159 672 1212 malum
709 1157 851 1210 sicut
884 1156 1077 1224 pellem
1126 1155 1417 1209 extendisti
1452 1154 1516 1218 “,
1553 1163 1608 1208 et
1658 1165 1856 1210 terram
1891 1171 2054 1226 super

473 1265 644 1318 aquas
671 1249 911 1303 statuisti
954 1247 1039 1300 6‘?
1071 1245 1358 1312 Quomodo
1387 1247 1610 1300 serviles
1657 1261 1806 1300 meos
1856 1246 2054 1316 digitos

475 1355 639 1409 super
666 1339 909 1392 divinum
935 1347 1099 1407 caput
1127 1347 1279 1391 tuum
1311 1337 1628 1406 explicabo?
1655 1336 1936 1403 Quomodo
1956 1337 2057 1390 im~

476 1430 809 1484 maculatum
835 1429 1078 1497 nullique
1101 1438 1323 1497 peccato
1347 1430 1646 1482 obnoxium
1664 1428 1890 1482 lavabo?
1911 1427 2057 1494 Quo-

473 1522 639 1576 modo
665 1523 835 1592 ipsam
865 1523 1041 1576 lucem
1067 1512 1434 1575 illuminabo?
1459 1521 1778 1591 Cujusmodi
1810 1537 1975 1590 super
2006 1532 2055 1574 te

475 1617 777 1670 orationem
808 1614 1003 1670 faciam
1024 1656 1039 1682 ,
1073 1617 1166 1685 qui
1198 1615 1359 1678 etiam
1385 1629 1574 1670 eorum
1606 1615 1700 1684 qui
1731 1623 1781 1668 te
1805 1615 2056 1684 ignorant

477 1725 665 1778 preces
691 1709 961 1778 suscipis?

2150 623 2240 669 τος
2290 605 2542 674 γενέσθαι
2586 606 2688 658 οὑκ
2741 604 3090 678 ἐπῃσχύνθης
3143 603 3264 675 [ἄλ.
3297 603 3736 673 ἐπαισχυνθῇς·

2152 696 2265 750 ἀλλ’
2306 695 2415 766 ἐγὼ
2459 697 2526 750 τὰ
2573 697 2746 769 μέτρα
2771 697 2869 768 τῆς
2911 696 3126 766 φύσεως
3164 695 3455 768 παρελθεῖν
3488 695 3596 749 οὑκ
3627 698 3742 748 ἀνέ-

2153 806 2336 858 χομαι.
2379 789 2706 860 Ἐπίσταμαι
2749 789 2913 842 πόσον
2953 789 3012 841 τὸ
3049 785 3243 860 μέτρον
3286 785 3403 859 [ἀλ.
3443 787 3514 839 τὸ
3561 786 3738 858 μέσοιή

2155 882 2260 953 γῆς
2302 882 2395 935 καὶ
2422 881 2786 954 Δημιουργοῦ.
2837 882 3167 952 Ἐπίσταμαι
3204 881 3364 935 πόσον
3390 880 3457 934 τὸ
3487 881 3738 952 διάφορον

2156 975 2328 1046 πηλοῦ
2365 977 2459 1029 καὶ
2499 975 2757 1032 πλάστου.
2798 975 3129 1046 Ἐπίσταμαι
3179 974 3342 1028 πόσον
3386 975 3450 1027 τὸ
3496 975 3737 1046 κρεῖττόν

2157 1085 2249 1121 σου
2283 1067 2377 1122 τοῦ
2403 1067 2552 1140 ἡλίου
2579 1069 2677 1140 τῆς
2701 1067 3068 1139 δικαιοσύνης,
3097 1067 3273 1138 κάμοῦ
3306 1067 3396 1120 τοῦ
3424 1067 3634 1136 λύχνου
3658 1084 3738 1119 σου

2153 1159 2254 1229 τῆς
2282 1159 2522 1230 χάριτος.
2557 1159 2618 1212 Ei
2647 1160 2740 1212 καὶ
2765 1159 2827 1212 τὸ
2853 1157 3094 1230 καθαρὸν
3139 1159 3299 1228 νέφος
3342 1159 3435 1213 τοῦ
3497 1156 3739 1228 σώματος

2158 1247 2568 1320 περιϐέϐλησαι,
2600 1248 2713 1301 ἀλλ’
2751 1247 2861 1316 ἐγὼ
2899 1247 3247 1316 ἐπιγινώσκω
3277 1249 3375 1320 τὴν
3408 1248 3519 1320 σὴν
3557 1250 3737 1301 δεσπο-

2152 1338 2325 1390 τείαν.
2394 1337 2669 1408 Ὀμολογῶ
2724 1339 2824 1408 τὴν
2878 1338 3114 1409 ἐμαυτοῦ
3167 1339 3428 1403 δουλείαν,
3494 1338 3740 1411 κηρύττω

2163 1429 2259 1500 τὴν
2289 1430 2386 1500 σὴν
2437 1429 2928 1500 μεγαλοπρέπειαν.
2961 1429 3336 1498 Ἑπιγινὼσκω
3368 1431 3473 1500 τὴν
3513 1415 3628 1500 ξσίὶςν
3664 1429 3737 1482 δε-

2163 1521 2417 1576 σποτείαν
2439 1521 2668 1585 τελείαν,
2688 1521 3034 1590 ἐπιγινώσκω
3057 1523 3152 1593 τὴν
3179 1522 3417 1593 ἐμαυτοῦ
3446 1522 3734 1575 εὑτέλειαν.

2157 1616 2278 1668 Οὐκ
2311 1615 2426 1684 ειμι
2457 1613 2661 1681 ἱκανὸς
2683 1615 2870 1670 λῦσαι
2900 1615 3008 1670 τὸν
3045 1616 3260 1684 ιμάντα
3291 1615 3399 1669 τοῦ
3432 1613 3735 1682 incestum»

2161 1707 2263 1772 τός
2293 1723 2408 1761 σου
2428 1725 2440 1738 ·
2471 1709 2566 1762 καὶ
2596 1708 2714 1772 πῶς
2743 1707 2981 1778 ἅψασθαι
3029 1708 3282 1779 τολμήσω
3329 1708 3433 1778 τῆς
3483 1709 3740 1777 ἁχραντω

475 1821 570 1858 σου
604 1807 878 1877 κορυφῆς;
911 1806 1034 1870 Πῶς
1078 1807 1302 1860 ἐκτείνω
1343 1804 1439 1875 τὴν
1487 1801 1662 1867 δεξιὰν
1706 1803 1797 1856 ἐπὶ
1858 1801 1938 1865 σέ,
1968 1801 2059 1854 τὸν
2104 1802 2419 1857 ἐκτείναντα
2629 1802 2960 1874 ἐκτείνοντα]
2985 1803 3075 1856 τὸν
3120 1803 3349 1873 οὐρανὸν
3387 1803 3528 1855 ὡσεὶ
3553 1801 3737 1872 sepem,

474 1898 568 1951 καὶ
617 1897 714 1969 τὴν
743 1899 846 1970 γῆν
881 1899 973 1952 ἐπὶ
1019 1899 1225 1952 ὑδάτων
1256 1897 1584 1967 ἐδράσαντα;
1629 1894 1753 1959 Πῶς
1780 1892 2087 1964 ἐφαπλώσω
2137 1896 2261 1957 τοὺς
2313 1896 2616 1960 οίκετικούς
2654 1914 2752 1966 μου
2787 1893 3083 1959 δακτύλους
3110 1898 3174 1967 τῇ
3206 1894 3326 1966 θείᾳ
3369 1911 3467 1947 σου
3510 1893 3739 1963 κορυσῇς

473 1991 599 2054 Πῶς
629 1991 805 2045 λούσω
836 1993 924 2046 τὸν
955 1991 1203 2057 ἄσπιλον,
1229 1994 1326 2046 καὶ
1353 1992 1442 2046 τὸν
1492 1991 1912 2061 ἀναμάρτητον;
1946 1987 2070 2051 Πῶς
2119 1990 2337 2056 φωτίσω
2370 1991 2430 2044 τὸ
2456 1989 2604 2060 φῶςς
2633 1991 2798 2044 Ποίαν
2831 1991 3126 2062 ποιήσομαι
3176 1989 3269 2042 ἐπὶ
3325 1989 3389 2042 σέ
3425 1986 3740 2058 προσευχήν,

473 2085 566 2138 τὸν
591 2086 1020 2158 προσδεχόμενον
1056 2088 1152 2141 καὶ
1177 2088 1276 2150 τὰς
1302 2087 1407 2140 τῶν
1430 2085 1768 2154 ἀγνοούντων
1805 2101 1864 2136 σε
1899 2085 2234 2155 προσευχὰς;

543 2183 696 2238 Alios
728 2185 856 2236 dum
888 2184 1125 2253 baptizo,
1152 2185 1204 2236 in
1240 2193 1334 2237 tuo
1382 2183 1603 2236 nomine
1625 2181 1876 2250 baptizo;
1911 2189 1970 2232 ut
2005 2179 2056 2232 in

2231 2182 2372 2244 Τοὺς
2399 2181 2593 2246 ἄλλδυς
2625 2182 2924 2253 βαπτίζων,
2951 2186 3029 2247 είς
3063 2184 3123 2236 τὸ
3153 2183 3243 2236 σὸν
3269 2183 3447 2252 ὄνομα
3491 2179 3738 2251 βαπτίζω,

476 2284 531 2328 te
554 2290 678 2328 cum
708 2273 876 2344 gloria
900 2275 1206 2328 venientem
1232 2273 1487 2338 credant;
1517 2281 1567 2326 te
1596 2270 2060 2340 vero‘baptizans,

474 2367 637 2435 cujus
669 2367 1002 2421 mentionem
1037 2366 1274 2421 faciam?
1310 2365 1365 2419 In
1415 2365 1574 2436 cujus
1609 2374 1663 2419 te
1713 2365 1934 2417 nomine
1964 2363 2062 2416 ba-

475 2457 732 2526 ptizabo?
766 2457 846 2509 An
890 2457 943 2509 in
984 2457 1206 2510 nomine
1271 2454 1484 2509 Patris?
1541 2456 1609 2508 At
1665 2463 1838 2508 totum
1897 2453 2062 2507 habes

475 2547 692 2604 Patrem
718 2549 771 2602 in
797 2550 995 2617 teipso,
1026 2556 1080 2601 et
1109 2557 1256 2602 totus
1285 2548 1338 2601 in
1363 2547 1520 2600 Patre
1547 2562 1628 2602 es.
1653 2546 1734 2599 An
1761 2546 1812 2599 in
1843 2546 2064 2600 nomine

475 2641 635 2695 Filii?
655 2642 724 2694 At
755 2655 864 2694 non
893 2650 976 2694 est
1004 2648 1202 2709 praeter
1233 2649 1283 2693 te
1318 2640 1459 2694 alius
1506 2649 1702 2693 natura
1734 2637 1906 2692 Filius
1943 2636 2058 2692 Dei.

474 2731 560 2786 An
597 2733 650 2786 in
686 2733 908 2786 nomine
944 2731 1180 2800 Spiritus
1218 2731 1443 2785 sancti?
1485 2731 1555 2785 At
1601 2746 1817 2800 semper
1846 2745 1953 2784 una
1983 2738 2063 2784 tc-

474 2841 601 2880 cum
629 2834 714 2878 est
767 2834 828 2878 ut
857 2823 1350 2879 consubstantialis
1379 2824 1474 2878 tibi
1506 2833 1560 2878 et
1583 2823 1834 2893 ejusdem
1869 2824 2062 2878 volun-

474 2919 604 2974 tatis
634 2927 798 2988 atque
841 2917 1158 2982 sementim,
1212 2917 1437 2988 aequalis
1466 2917 1772 2988 potestatis,
1816 2932 1880 2972 ac
1913 2917 2062 2986 paris

476 3011 735 3079 honorisj;
771 3019 1064 3080 tecumque
1095 3011 1163 3064 ab
1191 3011 1450 3064 omnibus
1479 3009 1853 3065 adorationem
1887 3009 2063 3063 susci-

474 3102 573 3171 pit.
606 3101 826 3171 Baptiza
857 3117 1007 3172 ergo,
1047 3102 1091 3156 si
1127 3101 1227 3163 vis,
1275 3100 1538 3168 Domine;
1585 3102 1800 3170 baptiza
1842 3116 1930 3155 me
1962 3100 2060 3154 bn-

469 3192 720 3259 ptistam.
758 3190 1037 3262 Regenera
1070 3207 1233 3261 quem
1269 3193 1420 3246 nasci
1453 3192 1651 3247 fecisti.
1682 3191 1924 3246 Extende
1955 3199 2061 3244 tre-

475 3283 731 3338 mendam
759 3284 1036 3338 dexteram
1064 3293 1236 3348 tuam,
1261 3300 1424 3353 quam
1453 3284 1546 3338 tibi
1575 3284 1678 3354 ipsi
1705 3284 2057 3352 comparasti;

474 3385 527 3430 et
553 3385 639 3430 tuo
659 3384 912 3430 contactu
943 3388 1103 3445 caput
1125 3365 1307 3430 meum
1340 3392 1566 3439 corona,
1603 3386 1659 3430 ut
1688 3385 1812 3429 ante
1834 3391 2058 3445 regnum

476 3474 632 3520 tuum
662 3483 914 3531 currens,
958 3476 1256 3523 coronatus
1291 3467 1438 3522 velut
1483 3485 1810 3540 praecursor,
1843 3469 2060 3524 assidue

2168 2273 2255 2328 ἴνα
2286 2273 2648 2327 πιστεύσωσιν
2680 2278 2759 2338 είς
2798 2275 2858 2327 σέ
2894 2276 2984 2328 τὸν
3024 2275 3321 2347 ἐρχόμενον
3377 2275 3522 2346 μετὰ
3564 2273 3734 2341 δόξης·

2167 2365 2226 2418 σέ
2259 2365 2560 2435 βαπτίζων,
2593 2368 2736 2430 τίνος
2771 2367 3124 2439 ἐπιμνησοῶ;
3155 2369 3250 2432 EE;
3291 2368 3448 2431 τίνος
3492 2368 3551 2420 δὲ
3593 2366 3740 2434 διδομά

2167 2475 2225 2512 σε
2257 2459 2535 2528 βαπτίσω;
2563 2461 2655 2524 Ei;
2683 2461 2742 2514 τὸ
2766 2460 2858 2513 τοῦ
2897 2461 3146 2532 Πατρός;
3190 2461 3328 2513 Ἀλλ’
3360 2461 3488 2514 ὅλον
3530 2461 3619 2512 τὸν
3643 2461 3737 2512 Πα-

2163 2551 2297 2623 τέρα
2328 2551 2467 2622 ἔχεις
2495 2553 2550 2605 ἐν
2577 2551 2775 2623 ἐαυτῷ,
2807 2553 2899 2606 καὶ
2925 2553 3046 2615 ὅλος
3071 2553 3338 2623 ὑπάρχεις
3367 2555 3429 2606 ἐν
3456 2551 3536 2622 τῷ
3563 2553 3737 2623 Πατρί.

2177 2643 2313 2695 Ἀλλ’
2346 2647 2424 2708 εἰς
2452 2645 2512 2698 τὸ
2540 2645 2632 2698 τοῦ
2666 2645 2828 2706 Υίοῦς
2867 2645 3005 2698 Ἀλλ’
3031 2647 3130 2699 οὑκ
3163 2646 3277 2699 ἔστι
3307 2646 3468 2717 παρὰ
3495 2649 3577 2708 σέ,
3603 2647 3740 2706 illo;

2165 2734 2322 2804 φύσει
2350 2737 2474 2800 Υἱὸς
2506 2736 2664 2790 Θεοῦ.
2708 2737 2848 2790 Ἀλλ’
2884 2739 2965 2801 είς
2998 2738 3058 2791 τὸ
3093 2737 3184 2792 τοῦ
3208 2739 3369 2807 ἁγίου
3399 2739 3737 2810 Πνεύματοςξ

2178 2828 2336 2881 Ἀλλὰ
2367 2829 2584 2884 σύνεστί
2611 2848 2695 2884 σοι
2730 2829 2822 2884 διὰ
2855 2830 3077 2894 παντὸς,
3104 2831 3180 2894 ὡς
3205 2832 3501 2901 δμοούσιόν
3542 2849 3622 2885 σοι
3659 2831 3741 2883 καὶ

2162 2921 2477 2992 ὁμόϐουλον,
2509 2923 2603 2976 καὶ
2623 2922 2966 2994 ὁμόγνωμον,
2996 2923 3089 2976 καὶ
3113 2921 3480 2993 ὀμοδύναμον,
3508 2924 3602 2976 καὶ
3628 2922 3742 2990 ὁμό-

2162 3032 2340 3085 τιμον,
2369 3016 2462 3068 καὶ
2492 3018 2587 3069 σὺν
2611 3015 2695 3068 σοὶ
2724 3016 2938 3087 δέχεται
2966 3016 3062 3088 τὴν
3086 3015 3236 3089 παρὰ
3265 3016 3494 3070 πάντων
3521 3016 3742 3088 προσκύ-

2163 3127 2338 3180 νησιν.
2367 3109 2635 3163 Βάπτισον
2657 3106 2749 3163 οὖν
2780 3114 2828 3164 εἰ
2863 3110 3041 3181 θέλῃς,
3065 3111 3333 3173 Δέσποτα,
3366 3110 3636 3180 βαπτιπν
3657 3108 3742 3177 ἐμὲ

2163 3199 2253 3252 τὸν
2267 3199 2587 3271 βαπτιστήν.
2607 3202 2992 3273 Ἀναγέννησον
3007 3203 3066 3255 ὃν
3081 3201 3411 3274 γεννηθῆναι
3432 3201 3739 3270 πεποίηκας.

2168 3295 2445 3347 Ἔκτεινον
2495 3294 2594 3365 τὴν
2643 3293 2878 3366 φόδεράν
2945 3311 3038 3348 σου
3099 3292 3314 3357 δεξιὰν,
3363 3293 3555 3363 ἤνπερ
3600 3290 3740 3351 asa;

2164 3386 2340 3456 ἑαυτῷ
2364 3386 2792 3451 κατεσκεύασας,
2824 3388 2915 3440 καὶ
2939 3386 3281 3454 στεφάνωσον
3309 3389 3374 3455 τῇ
3422 3388 3492 3454 σῇ
3527 3388 3634 3456 ea,
3659 3384 3744 3453 τὴν

2109 3530 2128 3548 η
2165 3476 2303 3548 ἐμὴν
2350 3478 2614 3549 κεφαλὴν,
2648 3478 2734 3530 ἵνα
2777 3478 2882 3548 πρὸ
2933 3477 3032 3549 τῆς
3076 3477 3175 3547 σῆς
3223 3475 3512 3546 βασιλείας
3551 3475 3740 3545 τρέχων

476 3559 861 3628 peccatoribus
893 3560 1259 3628 evangelizem
1285 3600 1299 3624 ,
1358 3559 1604 3614 clamans
1640 3561 1705 3614 ad
1747 3576 1878 3615 cos:
1929 3558 2057 3613 Ecce

2163 3571 2604 3640 ἐστεφανωμένος
2633 3569 2708 3632 ὼς
2741 3569 3046 3640 πρόδρομος
3093 3567 3340 3638 συνήθως
3384 3568 3741 3636 εὑαγγελίσω-

474 3648 656 3718 Agnus
696 3647 810 3714 Dei,
836 3650 925 3718 qui
963 3650 1098 3702 tollit
1136 3661 1350 3716 peccata
1389 3652 1574 3704 mundi
1623 3652 1688 3706 ⁶¹.
1725 3650 1790 3706 Ει
1825 3660 1904 3718 tu,
1941 3650 2050 3705 Jor'

475 3738 634 3793 danis
657 3737 878 3804 ﬂumen,
913 3737 1112 3793 choros
1147 3756 1360 3794 mecum
1393 3756 1522 3810 age;
1551 3749 1604 3794 et
1632 3740 1796 3794 simul
1827 3741 2060 3807 exsulta,

476 3843 542 3883 ac
590 3829 858 3882 concinne
911 3837 1143 3897 apteque
1192 3833 1366 3884 undas
1418 3839 1676 3899 tauquam
1746 3830 2062 3886 saltationes

478 3935 678 3987 move;
736 3937 862 3975 nam
897 3931 1024 3976 tuus
1068 3923 1161 3976 tibi
1197 3923 1428 3978 Creator
1464 3939 1587 3977 cum
1637 3912 1866 3994 corpore
1897 3933 2058 3979 astat.

484 4010 675 4068 Vidisti
707 4014 1003 4084 aliquando
1034 4014 1200 4070 Israel
1237 4031 1332 4085 per
1365 4025 1416 4070 te
1445 4027 1843 4081 transeuntem,
1894 4026 1948 4070 et
1976 4016 2062 4070 di-

475 4106 610 4160 visis
636 4107 793 4176 aquis
834 4107 1147 4174 substitisti,
1189 4108 1478 4164 transitum
1501 4109 1684 4178 populi
1702 4119 2056 4178 exspectans:

476 4213 624 4251 nunc
648 4213 777 4252 vero
801 4200 1180 4255 vehementius
1203 4201 1550 4270 diﬂ'undaris,
1577 4219 1641 4258 ac
1669 4205 1874 4258 tardius
1901 4203 2058 4270 (luas;

477 4297 529 4342 et
558 4291 802 4344 membra
835 4291 1186 4347 immaculata
1217 4294 1336 4363 ejus
1361 4296 1454 4364 qui
1485 4297 1651 4349 etiam
1686 4305 1815 4352 tunc
1839 4295 2061 4352 Iudaeos

477 4378 576 4451 [αι.
601 4378 878 4453 Hebraeos]
903 4384 1226 4450 transmisit,
1247 4386 1594 4454 amplectere.
1623 4387 1833 4442 Montes
1866 4398 1917 4442 et
1949 4389 2061 4442 col-

475 4472 576 4538 les,
615 4474 781 4527 valles
822 4486 874 4528 et
904 4485 1192 4541 torrentes,
1231 4479 1404 4534 maria
1435 4491 1490 4534 et
1520 4480 1739 4536 ﬂumina
1767 4522 1782 4547 ,
1835 4481 2058 4536 benedi-

475 4565 580 4618 cite
616 4565 874 4634 Domino,
923 4568 1148 4622 ﬂuvium
1181 4568 1473 4626 Jordanem
1522 4573 1882 4643 ingredienti;
1933 4590 2057 4628 nam

475 4659 591 4730 ipse
622 4672 718 4729 per
767 4661 865 4716 has
907 4679 1079 4732 aquas
1129 4664 1343 4720 cunctis
1373 4667 1530 4734 aquis
1563 4668 2055 4722 sanetiticationem

2169 3679 2266 3732 μαι
2294 3665 2403 3726 τοῖς
2437 3661 2801 3734 ἁμαρτωλοῖς,
2842 3660 2979 3731 βοῶν
3010 3661 3147 3733 πρὸς
3176 3660 3374 3723 αὑτούς
3394 3677 3409 3689 ·
3450 3659 3569 3714 Ἴδε
3596 3661 3625 3711 ό
3649 3658 3742 3723 ἀμ·

2164 3755 2270 3820 νὸς
2299 3753 2404 3806 τοῦ
2437 3753 2606 3815 Θεοῦ,
2638 3756 2670 3806 ό
2693 3753 2876 3819 αἴρων
2904 3752 3018 3821 τὴν
3038 3755 3334 3823 ἁμαρτίαν
3364 3752 3479 3806 τοῦ
3506 3753 3738 3819 κόσμων.

2179 3846 2414 3918 Ἰορδὰνη
2446 3846 2680 3916 ποταμὲ,
2710 3844 3071 3916 συγχόρευσον
3102 3863 3211 3916 μοι,
3238 3847 3334 3899 καὶ
3364 3845 3740 3916 συσκίρτησον.

2171 3941 2264 3994 καὶ
2295 3941 2517 4010 κίνησον
2559 3940 2847 4012 εὐρύθμως
2887 3941 2956 3994 τὰ
2995 3941 3264 4012 ῥεύματα,
3300 3939 3566 4010 καθάπερ
3613 3954 3744 4003 σκιρ-

2165 4036 2420 4105 τήματα·
2463 4037 2491 4088 ὁ
2530 4033 2638 4106 γὰρ
2685 4035 2775 4098 σὸς
2813 4035 3158 4106 Δημιουργδς
3217 4034 3426 4102 ἐπέστη
3490 4050 3576 4086 σοι
3625 4029 3742 4100 μετα

2166 4124 2430 4196 σώματος.
2469 4121 2623 4188 Εἶδες
2655 4127 2783 4179 ποτὲ
2810 4127 2902 4179 τὸν
2950 4125 3168 4198 Ἰσραὴλ
3198 4125 3286 4178 διὰ
3336 4124 3434 4177 σοῦ
3485 4122 3744 4194 παρερχό-

2169 4233 2344 4286 μενον,
2375 4216 2470 4270 καὶ
2507 4218 2734 4288 μερίσας
2768 4219 2836 4273 τὰ
2873 4217 3063 4282 ὑδατα,
3093 4218 3256 4289 ἔστης
3283 4217 3380 4270 τοῦ
3418 4217 3560 4271 λαοῦ
3602 4233 3738 4284 πμ·

2165 4308 2340 4379 μένων
2367 4307 2465 4378 τὴν
2497 4309 2728 4380 πάροδον
2748 4327 2762 4340 ·
2795 4309 2889 4362 νῦν
2936 4312 2994 4364 δὲ
3037 4309 3324 4381 διαχύθητι
3371 4311 3741 4383 σφοδρότερον.

2163 4402 2258 4454 καὶ
2321 4400 2511 4472 ρεὖσον
2573 4404 2945 4477 σχολαιότερον
2969 4445 2982 4467 ,
3048 4404 3145 4458 καὶ
3207 4403 3596 4474 περιπλάκηϐι
3647 4403 3744 4461 τοῖς

2162 4495 2452 4567 ἀχράντοις
2497 4496 2682 4567 μέλεσι
2725 4497 2818 4552 τοῦ
2861 4499 2954 4552 καὶ
2984 4498 3103 4551 τότε
3135 4497 3259 4560 τοὺς
3304 4496 3601 4559 Ἰουδαίους
3634 4495 3740 4566 id}.

2175 4588 2480 4660 Ἐϐραίους]
2504 4589 3058 4662 διαπορθμεύσαντος.
3092 4593 3233 4662 Ὀρη
3278 4589 3374 4642 καὶ
3417 4590 3626 4660 βουνοὶ,
3663 4587 3744 4638 νᾶ-

2163 4699 2263 4736 παι
2298 4683 2391 4735 καὶ
2419 4681 2732 4753 χείμαρροι,
2769 4681 3033 4736 Θάλασσαι
3073 4683 3166 4733 καὶ
3193 4683 3448 4751 ποταμοὶ,
3488 4681 3740 4748 εὐλογεῖτε

476 4753 742 4808 immittit.
781 4755 1134 4824 liespondens
1168 4766 1348 4811 autem
1385 4757 1545 4814 Jcsus
1570 4761 1707 4814 dixit
1736 4761 1803 4815 ad
1836 4761 2011 4830 ipsum
2039 4780 2052 4815 :

2163 4773 2252 4825 τὸν
2275 4770 2476 4842 Κύριον
2503 4770 2594 4823 τὸν
2625 4770 2890 4823 ἐπιϐάντα
2913 4769 2989 4840 τῷ
3016 4767 3244 4838 ποταμῷ
3287 4767 3538 4840 Ἰορδάνῃ
3557 4785 3571 4796 ·
3599 4765 3742 4824 ait";

475 4845 602 4900 Sine
627 4847 782 4900 modo
808 4863 825 4900 :
857 4850 934 4900 sic
960 4850 1098 4901 enim
1124 4867 1216 4902 nos
1247 4851 1390 4904 decet
1416 4868 1619 4906 omnem
1652 4854 1865 4922 implere
1886 4853 2056 4922 justi-

476 4938 610 4990 tiam
639 4937 706 4990 ⁸³.
743 4935 868 4993 Siue
899 4941 1094 5006 modo;
1127 4944 1326 5005 tribue,
1361 4960 1394 4997 ο
1425 4943 1690 5014 Baptista,
1711 4946 2057 5014 tentporidis-

480 5029 813 5095 pensationis
876 5047 1010 5085 meae
1062 5033 1362 5088 silentium.
1418 5033 1577 5089 Disce
1607 5035 1743 5088 velle
1780 5050 1901 5103 quae
1930 5050 2052 5105 ego.

477 5120 634 5174 Disce
666 5123 979 5176 ministrare
1008 5125 1140 5178 mihi
1172 5126 1224 5178 in
1256 5127 1341 5180 his
1369 5127 1437 5180 ad
1464 5142 1586 5196 qum
1619 5136 1671 5182 te
1699 5127 1963 5192 sollicito;
2001 5137 2057 5184 et.

476 5229 543 5266 ne
590 5214 808 5268 curiose
840 5215 1003 5270 nimis
1053 5233 1177 5285 quae
1210 5219 1334 5272 volo
1374 5220 1639 5288 inquiras.
1680 5219 1806 5274 Sine
1859 5222 2054 5274 modo:

475 5307 716 5360 nondum
751 5324 927 5362 meam
963 5309 1344 5379 praedicat-eris
1386 5313 1766 5379 divinitatem;
1812 5313 2053 5368 nondum

477 5397 636 5452 labiis
662 5400 774 5455 tuis
801 5417 980 5455 meum
1009 5402 1389 5458 buccinaveris
1407 5421 1632 5476 regnum
1656 5422 1669 5456 :
1701 5421 1768 5459 ne
1796 5407 1841 5460 si
1862 5421 2059 5477 cogno-

479 5490 615 5544 verit
665 5500 934 5562 tyrannus
961 5533 976 5557 ,
1021 5494 1194 5565 fugiat
1242 5497 1530 5552 consilium
1565 5498 1710 5568 quod
1751 5509 1939 5554 contra
1972 5517 2058 5554 me

477 5585 741 5653 suscepit.
782 5585 910 5642 Sine
943 5588 1221 5643 diabolum
1277 5590 1344 5644 ad
1380 5606 1468 5645 me
1497 5598 1756 5660 tanquam
1791 5593 1858 5646 ad
1884 5609 2054 5647 unum

480 5673 714 5744 aliquem
741 5693 805 5732 ex
835 5681 1048 5736 caeteris
1083 5681 1398 5738 hominibus
1440 5683 1701 5738 accedere
1733 5699 2057 5753 mecumque

545 5857 591 5890 ⁵³
626 5856 757 5915 Luc.
800 5876 878 5929 ιιι,
925 5863 1014 5929 16;
1039 5861 1194 5919 Joan.
1223 5881 1258 5930 ι,
1285 5865 1374 5920 27.
1455 5869 1498 5897 ⁶⁰
1528 5864 1668 5920 l’sal.
1697 5883 1816 5935 cut,
1848 5867 1881 5920 2

1981 5871 2018 5900 '”
2059 5867 2200 5924 I’sal.
2230 5887 2425 5938 cxxxv,
2459 5870 2492 5926 (ἓ

2156 4864 2264 4934 γὰρ
2297 4861 2386 4915 διὰ
2416 4862 2620 4915 τούτων
2645 4862 2750 4916 τῶν
2775 4863 2982 4915 ὑδάτων
3015 4863 3320 4930 ἐπιπέμπει
3353 4859 3445 4912 τὸν
3483 4857 3744 4926 ἁγωσμὺν

2159 4958 2294 5009 πᾶσι
2328 4956 2439 5017 τοῖς
2485 4954 2692 5007 ὕδασιν.
2752 4952 3098 5024 Ἀποκριθεὶς
3138 4952 3194 5004 δὲ
3247 4954 3275 5004 ὁ
3333 4950 3592 5019 Ἰησοῦς,

2160 5048 2296 5120 πρὸς
2335 5046 2522 5098 αὑτὸν·
2560 5047 2735 5113 Ἄφες
2769 5044 2932 5112 ἄρτι·
2975 5043 3129 5096 οὕτω
3175 5041 3285 5112 γὰρ
3316 5042 3559 5109 πρέπον
3590 5039 3744 5093 ἐστὶν

2157 5139 2302 5207 ἡμῖν
2330 5137 2642 5204 πληρῶσαι
2684 5133 2892 5190 πᾶσαν
2920 5134 3338 5200 δικαιοσύνην.
3371 5135 3554 5202 Ἄφες
3589 5132 3706 5199 ἄρτι
3727 5147 3738 5155 ·

2159 5232 2402 5303 χάρισαι,
2444 5229 2746 5294 Βαπτιστὰ,
2779 5227 2856 5299 τῷ
2896 5227 3072 5298 καιρῷ
3119 5226 3218 5296 τῆς
3260 5225 3402 5295 ἐμῆς
3437 5223 3740 5293 οἰκονομίας

2161 5325 2256 5396 τήν
2281 5325 2507 5394 σιωπήν.
2537 5321 2689 5376 Μἅοε
2725 5321 2898 5374 Θέλειν
2956 5321 3096 5392 ἅπερ
3129 5317 3260 5386 ἐγώ.
3296 5316 3456 5371 Mitis
3484 5317 3740 5370 διακονεῖν

2161 5435 2251 5488 μοι
2294 5415 2430 5488 πρὸς
2470 5415 2612 5485 ἅπερ
2661 5412 2990 5483 ἐπείγομαι,
3033 5411 3129 5464 καὶ
3181 5410 3253 5480 μὴ
3299 5408 3740 5480 πολυπραγμόνει

2157 5507 2302 5576 ἅπερ
2333 5503 2612 5575 βούλομαι.
2664 5505 2838 5571 Ἄφες
2862 5502 3018 5570 ἄρτι·
3060 5503 3225 5571 μήπω
3275 5499 3373 5570 τὴν
3407 5501 3554 5571 ἐμὴν
3592 5497 3743 5569 κηρύ-

2156 5595 2253 5668 ξῃς
2278 5594 2526 5664 θεότητα,
2559 5594 2727 5664 μήπω
2772 5592 3039 5665 σαλπίσῃς
3072 5595 3182 5656 τοῖς
3225 5592 3432 5662 χείλεσι
3469 5595 3577 5664 τὴν
3615 5592 3741 5660 ἐμὴν

2156 5687 2434 5756 βασιλείαν
2453 5703 2466 5716 ο
2501 5685 2586 5738 ἵνα
2617 5684 2690 5756 μὴ
2719 5685 2906 5756 μαθὼν
2934 5687 2962 5738 ὁ
2991 5683 3269 5754 τύραννος,
3301 5684 3452 5757 φύγῃ
3482 5685 3592 5755 τὴν
3620 5683 3740 5749 πρὸς

2589 5871 2633 5901 ⁸⁸
2663 5867 2818 5927 Joan.
2858 5887 2893 5937 I,
2931 5870 3017 5927 29.
3097 5872 3140 5904 ”
3178 5870 3364 5925 Matth.
3399 5885 3482 5929 tn.
3521 5871 3613 5927 15.
