3876 6526
136 417 256 474 Ηδὸ

1088 412 1374 471 ΠΟΜΙΙᾸΔ
1415 413 1483 468 lV
1527 411 1594 468 IN
1635 413 1902 468 SANCTA
1940 414 2409 473 TllEOPllANlA.

3227 434 3366 492 1186

130 535 215 603 ἐμὲ
244 531 566 603 συμϐουλήν.
604 528 802 587 Ἔασον
838 532 927 586 τὸν
967 531 1210 586 διάϐολον
1256 532 1332 595 ὡς
1362 531 1438 604 τῷ
1469 531 1684 602 τυχόντι

1788 532 2062 602 congredi,
2097 543 2156 588 ut
2179 545 2546 604 opportunum
2600 539 2795 595 vulnus
2823 541 3073 612 accipiat.
3112 544 3239 602 Sine
3274 566 3367 607 me

129 644 206 697 μοι
243 624 575 694 προσελθεῖν,
606 626 700 678 καὶ
741 625 1054 696 συμϐαλεῖν,
1097 626 1190 678 καὶ
1233 624 1418 678 λαϐεῖν
1466 623 1686 693 καιρίαν

127 722 212 787 τὴν
251 716 479 786 πληγήν.
521 717 718 768 Ἔασόν
753 733 818 785 με
846 716 1128 785 πληρῶσαι
1152 715 1242 767 τὸν
1279 713 1499 775 σκοπὸν,
1531 713 1597 764 δι’
1627 713 1685 764 ὃν

129 808 491 880 παρεγενόμην
518 809 609 861 ἐπὶ
634 807 735 876 τῆς
769 809 888 878 γῆς.
927 808 1241 878 Μυστήριόν
1284 809 1400 858 ἐστι
1433 806 1492 857 τὸ
1519 807 1686 875 σήμε-

129 918 207 971 pov
237 903 292 952 ὲν
325 900 402 970 τῷ
446 901 684 971 Ἰορδάνῃ
714 899 1052 969 τελούμενον.
1098 898 1178 949 Τὰ
1231 897 1504 967 μυστήριά
1561 913 1682 966 μου,

130 994 236 1062 ἐμοὶ
280 993 373 1044 καὶ
420 995 531 1055 τοῖς
583 994 754 1061 ἐμοῖς.
806 989 1136 1060 Μυστήριὸν¹
1174 992 1341 1051 ἐστιν,
1393 989 1493 1042 οὐκ
1547 987 1685 1058 ἐμὴν

126 1083 296 1153 χρείαν
330 1083 698 1154 ἀποπληροῦν,
734 1082 867 1135 ἀλλὰ
900 1082 1197 1152 θεραπείαν
1235 1085 1348 1145 τοῖς
1379 1097 1687 1151 τετραυμα-

123 1176 380 1246 τισμένοις
404 1175 670 1228 ὲπινοοῦν.
704 1176 1014 1248 Μυστήριόν
1043 1177 1212 1237 ἐστιν,
1247 1177 1303 1227 ἐν
1342 1173 1550 1235 τούτοις
1575 1174 1684 1234 τοῖς

123 1264 263 1318 ὕδασι
307 1265 736 1336 προζωγραφοῦν
784 1265 905 1337 [ἄλ.
959 1271 1058 1319 οὐκ
1103 1266 1242 1336 ἐμῆς
1287 1265 1499 1335 χρείαν,
1527 1262 1683 1316 ὕδασι

124 1357 586 1428 προζωγραφοῦνῙ,
621 1359 720 1427 τῆς
771 1357 877 1411 τῶν
926 1357 1229 1430 ἀνθρώπων
1264 1355 1684 1425 παλιγγενεσίας

120 1449 178 1500 τὰ
205 1450 428 1519 οὐράνια
459 1450 692 1519 νάματα.
729 1451 899 1519 Ἄφες
934 1450 1064 1519 ἄρτι
1089 1467 1102 1481 ⁸
1132 1453 1258 1503 ὅταν
1302 1451 1416 1521 ῐδῃς
1462 1465 1527 1519 με
1570 1448 1687 1501 θεο-

123 1540 337 1610 πρεπῶς
362 1543 418 1592 ὲν
454 1543 564 1602 τοῖς
597 1542 748 1610 ἐμοῖς
779 1542 1045 1612 ποιήμασι
1073 1541 1134 1594 τὸ
1165 1540 1354 1594 δοκοῦν
1380 1538 1684 1611 ἐργαζόμε-

121 1651 216 1696 νον,
255 1632 377 1684 τότε
408 1634 519 1694 τοῖς
559 1633 870 1704 γενομένοις
1048 1636 1160 1697 τοῖς
1202 1629 1529 1704 γινομένοις]
1560 1630 1686 1693 τοὺς

121 1727 308 1796 ὕμνους
335 1725 739 1796 προσάρμοσον.
770 1727 936 1780 Ὅταν
969 1727 1081 1799 ἴδῃς
1109 1744 1176 1797 με
1202 1726 1436 1799 λεπροὺς
1466 1723 1688 1794 καθαρί-

119 1819 286 1881 ζοντα,
331 1817 450 1870 τότε
502 1817 568 1887 μὲ
612 1816 949 1888 Δημιουργὸν
1005 1818 1103 1888 τῆς
1144 1815 1358 1886 φύσεως
1390 1815 1687 1885 ἀναγόρευ-

120 1927 218 1962 σον.

116 1998 317 2061 λοῦντα,
349 1997 470 2050 τότε
503 2000 618 2068 μετ’
649 1999 1046 2070 εὐκινουμένων
1082 1999 1258 2052 ποδῶν
1296 1999 1389 2052 καὶ
1437 2000 1501 2051 σὺ
1547 1998 1682 2069 πρὸς

115 2087 202 2155 τὴν
252 2087 393 2157 ἐμὴν
450 2087 754 2157 εὐφημίαν,
810 2089 907 2157 τὴν
963 2090 1062 2160 σὴν
1114 2088 1360 2158 γλῶτταν
1418 2087 1684 2160 διάρθρω-

117 2197 216 2232 σον.
248 2181 417 2234 Ὅταν
463 2182 578 2252 ἴδῃς
622 2181 690 2252 μὲ
729 2182 991 2254 δαίμονας
1035 2182 1378 2255 ὲξορίζοντα,
1419 2183 1540 2236 τότε
1586 2184 1686 2253 τὴν

114 2272 240 2344 ἐμὴν
269 2271 546 2341 βασιλείαν
576 2274 973 2345 προσκύνησον.
1012 2276 1176 2327 Ὅταν
1205 2273 1319 2344 ἴδῃς
1355 2291 1422 2344 με
1460 2275 1686 2345 νεκροὺς

114 2365 171 2415 εκ
198 2364 306 2417 τῶν
321 2367 507 2434 τάφων
529 2364 674 2435 λόγῳ
708 2367 1006 2442 ἐγείροντα,
1036 2369 1158 2420 τότε
1188 2369 1326 2438 μετὰ
1348 2366 1454 2419 τῶν
1470 2368 1688 2420 άνιστα-

117 2454 277 2522 μένων
305 2455 556 2528 δοξολόγη
567 2475 655 2511 σον
679 2498 693 2522 ,
730 2459 805 2522 ὡς
830 2458 976 2530 ζωῆς
1000 2459 1250 2530 χορηγόν.
1285 2460 1449 2513 ’Όταν
1481 2459 1594 2533 ἴδῃς
1621 2478 1686 2531 με

111 2549 165 2598 ἐν
200 2547 352 2619 δεξιᾷ
388 2549 482 2602 τοῦ
541 2550 752 2621 Πατρὸς
801 2551 1138 2621 καθήμενον,
1173 2552 1296 2604 τότε
1342 2552 1684 2625 θεολόγησον,

109 2640 176 2703 ὼς
201 2639 513 2714 σύνθρονον,
557 2644 649 2696 καὶ
676 2646 964 2710 συναῖδιον,
990 2646 1084 2699 καὶ
1111 2647 1371 2717 ὁμότιμον
1393 2646 1470 2717 τῷ
1491 2648 1685 2718 Πατρὶ,

113 2732 197 2784 καὶ
243 2732 324 2803 τῷ
369 2734 509 2805 ἁγίῳ
554 2735 846 2806 Πνεύματι,
897 2737 1081 2805 ’Ἄφες
1122 2736 1250 2804 ἄρτι
1276 2753 1289 2766 ’
1337 2737 1524 2803 οὕτως
1579 2736 1689 2807 γὰρ

108 2821 338 2888 πρέπον
352 2824 525 2877 ἐστιν
534 2825 677 2894 ἡμῖν
697 2826 1008 2896 πληρῶσαι
1043 2827 1251 2883 πᾶσαν
1273 2827 1684 2897 δικαιοσύνην.

112 2911 418 2985 Νομοθέτης
438 2918 571 2987 εἰμὶ.
607 2919 700 2971 καὶ
730 2917 1018 2988 νομοθέτου
1046 2919 1192 2982 Υἱός·
1225 2921 1318 2973 καὶ
1341 2919 1419 2972 δεῖ
1453 2937 1518 2990 με
1541 2919 1690 2993 πρῶ’

109 3019 189 3054 τον
215 3005 302 3059 διά
338 3007 553 3063 πάντων
578 3010 684 3063 τῶν
711 3011 1122 3080 καθισταμένων
1158 3010 1276 3082 [ἄλ.
1324 3011 1687 3085 καθειμένων]

108 3093 292 3160 ἐλθεῖν,
345 3100 439 3152 καὶ
488 3101 606 3154 τότε
654 3102 930 3174 πανταχοῦ
977 3103 1255 3172 προθεῖναι
1289 3105 1387 3176 τῆς
1420 3105 1560 3176 ἐμῆς
1590 3106 1690 3159 δω-

111 3188 231 3254 ρεᾶς
256 3189 328 3242 τά
363 3189 683 3262 διδάγματα.
719 3195 811 3245 Δεῖ
843 3211 909 3264 με
949 3193 1233 3266 πληρῶσαι
1262 3194 1353 3248 τὸν
1378 3196 1560 3265 νόμον,
1594 3197 1690 3250 καὶ

107 3277 217 3329 τότε
263 3278 452 3333 δοῦναι
497 3281 595 3353 τὴν
632 3282 810 3353 χάριν.
852 3285 944 3335 Δεῖ
973 3301 1040 3354 με
1080 3284 1180 3355 τὴν
1219 3284 1376 3337 σκιὰν
1410 3302 1687 3356 προσαγα-

106 3372 234 3434 γεῖν,
270 3371 372 3425 καὶ
399 3373 517 3425 τότε
542 3373 640 3444 τὴν
672 3373 952 3445 ἀλήθειαν.
985 3379 1076 3428 Δεῖ
1110 3393 1177 3446 με
1211 3376 1560 3430 καταπαῦσαι
1587 3377 1688 3449 τὴν

105 3461 337 3515 παλαιὰν
381 3451 664 3534 διαθήκην,
701 3465 794 3517 καὶ
817 3465 937 3517 τότε
975 3464 1073 3536 τὴν
1118 3465 1241 3518 νέαν
1289 3465 1682 3535 ὑπαγορεῦσαι.

105 3555 191 3607 καὶ
217 3559 342 3620 ταῖς
367 3556 472 3609 τῶν
497 3557 798 3628 ἀνθρώπων
826 3557 1071 3629 καρδίαις
1105 3558 1398 3630 ἐγγράψαι,
1434 3559 1529 3612 καὶ
1552 3559 1685 3610 ὑπο-

102 3647 302 3716 γράψαι
335 3648 415 3717 τῷ
446 3648 564 3719 ὲμῷ
604 3651 794 3721 αἵματι
975 3650 1246 3721 ὀνόματι],
1283 3651 1377 3704 καὶ
1409 3649 1686 3722 Πνεύματι

102 3736 173 3806 τῷ
194 3739 314 3810 ἐμῷ
350 3741 660 3810 σφραγίσαι.
711 3744 800 3794 Δεῖ
853 3760 920 3813 με
955 3743 1011 3794 ὲν
1043 3741 1262 3813 σταυρῷ
1293 3741 1554 3806 ἀνελθεῖν,
1592 3742 1686 3796 καὶ

100 3832 245 3901 ἣλοις
287 3834 665 3905 περιπαρῆναι
696 3874 710 3897 ,
767 3835 860 3886 καὶ
904 3833 1096 3886 παθεῖν
1130 3833 1269 3887 κατὰ
1301 3834 1360 3886 τὸ
1392 3834 1687 3904 δυνάμενον

102 3924 288 3978 παθεῖν
308 3967 323 3990 ,
363 3926 460 3978 καὶ
491 3926 651 3978 πάθει
686 3925 754 3978 τά
785 3925 930 3996 πάθη
971 3924 1220 3978 ἰάσασθαι
1248 3923 1367 3996 [ἀλ.
1399 3925 1490 3978 κα)⁸
1519 3926 1687 3989 πάθος

100 4016 255 4070 πάθει
295 4017 611 4089 ἰάσασθαι]·
658 4018 751 4071 καὶ
784 4017 872 4070 διὰ
916 4017 1070 4082 ξύλου
1113 4017 1445 4089 θεραπεῦσαι
1472 4017 1571 4088 τὴν
1599 4018 1687 4071 διὰ

102 4107 249 4172 ξύλου
271 4109 575 4180 γενομένην
601 4113 710 4173 τοῖς
741 4109 1044 4181 ἀνθρώποις
1079 4111 1311 4184 πληγήν.
1335 4114 1425 4164 Δεῖ
1459 4129 1524 4182 με
1548 4127 1686 4164 κατι

100 4199 290 4263 ελθεῖν,
349 4202 446 4254 καὶ
477 4203 556 4265 είς
595 4202 755 4254 αὑτὸν
779 4202 869 4254 τὸν
886 4201 977 4255 τοῦ
1007 4202 1132 4273 ᾇδου
1160 4202 1430 4273 πυθμένα,
1450 4202 1536 4255 διὰ
1559 4201 1686 4265 τοὺς

101 4293 211 4343 ἐκεῖ
248 4293 652 4363 κατεχομένους
692 4293 937 4365 νεκρούς.
973 4296 1063 4346 Δεῖ
1090 4311 1158 4364 με
1188 4297 1252 4365 τῇ
1285 4294 1568 4366 τριημέρῳ
1596 4311 1685 4346 τε-

96 4384 249 4458 λευτῇ
283 4387 392 4457 τῆς
412 4387 550 4458 ἐμῆς
585 4386 784 4458 σαρκὸς
816 4385 1059 4439 καθελεῖν
1091 4385 1183 4438 τοῦ
1217 4387 1562 4458 πολυχρονίου
1591 4385 1686 4438 θα-

97 4481 252 4533 νάτου
287 4482 354 4534 τὸ
395 4482 612 4552 κράτος.
645 4482 736 4534 Δεῖ
770 4497 836 4551 με
864 4480 954 4534 τοῦ
999 4481 1247 4552 σώματός
1290 4499 1392 4551 μου
1415 4481 1474 4534 τὸ
1496 4481 1686 4551 λύχνον

1714 3248 1757 3305 C

1787 622 2085 692 adimplere
2118 627 2457 695 propositum
2489 637 2652 698 atque
2683 634 2997 698 consilium,
3031 643 3099 691 ob
3131 642 3274 708 quod
3305 641 3361 697 in

1789 721 1985 768 terram
2016 717 2232 773 adveni.
2257 719 2302 772 Μ
2313 721 2572 791 ysterium
2601 732 2762 792 atque
2792 739 3060 782 secretum
3085 742 3184 794 est,
3216 734 3366 800 quod

1789 804 1947 860 hodie
1989 808 2042 861 in
2084 808 2323 865 Iordane
2357 815 2655 882 perﬁcitur.
2712 818 2929 874 Secreta
2981 837 3097 874 mea
3135 825 3264 878 mihi
3307 837 3366 882 e:

1788 897 1922 951 meis
1953 899 2016 952 6‘.
2051 898 2330 956 Secretum
2367 914 2451 959 est
2481 909 2626 975 quod
2683 925 2789 963 non
2824 927 3000 965 meam
3047 918 3224 983 explet
3263 934 3361 974 ne-

1787 988 2134 1054 cessitatem;
2168 992 2260 1044 sed
2295 995 2442 1061 quod
2494 997 2793 1053 vulneratis
2839 1005 3103 1056 curationz
3125 1021 3176 1057 m
3208 1008 3363 1060 adhi-

1791 1077 1901 1132 bet.
1936 1079 2251 1151 Mysterium
2293 1096 2454 1154 atque
2497 1103 2759 1143 arcanum
2809 1101 2912 1157 est,
2944 1095 3088 1162 quod
3124 1096 3176 1149 in
3213 1097 3364 1152 hisce

1788 1174 1944 1242 aquis
1987 1175 2240 1231 humana:
2297 1181 2727 1248 regenerationis
2772 1180 2890 1254 [αι.
2942 1185 3086 1253 quod
3141 1203 3247 1241 non
3292 1191 3362 1243 ob

1787 1281 1962 1320 meam
1996 1267 2234 1336 aliquam
2267 1272 2645 1326 necessitatem
2670 1275 2722 1327 in
2755 1277 2934 1345 aquis,
2963 1277 3095 1350 etc.]
3119 1281 3360 1335 etelestia

1788 1359 1987 1413 ﬂuenta
2019 1369 2144 1414 ante
2172 1361 2448 1416 describit.
2485 1362 2611 1417 Sine
2634 1366 2824 1420 modo:
2857 1371 3076 1437 quando
3101 1386 3187 1425 me
3215 1373 3365 1427 vide-

1789 1449 1885 1512 ris,
1922 1459 1980 1505 ut
2001 1449 2172 1506 Deum
2203 1453 2378 1516 decet,
2417 1454 2472 1506 in
2509 1456 2644 1510 meis
2665 1460 2929 1514 creaturis
2952 1462 3094 1528 quod
3128 1463 3258 1515 mihi
3290 1465 3365 1516 vi-

1786 1541 1945 1594 detur
1967 1551 2284 1612 Operantem
2313 1563 2326 1598 :
2377 1554 2506 1599 tunc
2534 1563 2598 1600 ea
2629 1564 2752 1617 qua:
2781 1549 2922 1604 facta
2952 1564 3078 1607 sunt
3109 1556 3363 1612 laudibus

1787 1632 1997 1721 celebra
2026 1631 2125 1704 [αι.
2158 1643 2290 1690 tunc
2313 1636 2378 1690 iis
2408 1652 2530 1706 qua
2558 1639 2694 1695 ﬁunt
2745 1642 2934 1696 laudes
2960 1645 3360 1721 accommoda].

1787 1719 2017 1786 Quando
2042 1739 2129 1778 me
2151 1724 2398 1792 leprosos
2423 1729 2778 1784 mundantem
2813 1737 3164 1801 conspexeris
3184 1776 3200 1800 ,
3233 1719 3364 1792 tunc

1789 1828 1875 1868 me
1909 1824 2117 1870 naturae
2151 1818 2400 1886 Opificem
2444 1823 2698 1888 praedica.
2743 1823 2974 1889 Quando
3014 1842 3099 1880 me
3139 1829 3364 1884 claudos

299 1911 465 1963 Ὅταν
545 1909 660 1981 ἴδῃς
733 1925 800 1979 με
863 1910 1068 1979 χωλοὺς
1126 1909 1417 1982 δρομαίους
1487 1908 1682 1960 ἀποτε-

1788 1907 2058 1974 aspexeris
2074 1908 2390 1964 eﬂicientcm
2407 1912 2643 1979 veloces,
2657 1921 2788 1969 tunc
2801 1925 2849 1968 et
2872 1923 2928 1968 tu
2945 1916 3123 1970 citatis
3139 1918 3365 1986 pedibus

1785 1997 2006 2063 mentis,
2045 1999 2111 2052 ad
2144 2015 2317 2056 meam
2349 2003 2566 2057 laudem
2590 2013 2735 2058 tuam
2765 2005 3007 2075 linguam
3045 2022 3359 2076 componas.

1785 2086 2013 2154 Quando
2037 2107 2123 2147 me
2144 2093 2346 2150 videris
2367 2095 2668 2166 ejicientem
2695 2097 2989 2163 daemones,
3029 2108 3160 2154 tunc
3179 2116 3361 2154 meum

1786 2195 2010 2250 regnum
2040 2184 2230 2240 adora.
2263 2186 2492 2252 Quando
2514 2203 2600 2242 me
2622 2188 2821 2244 videris
2844 2201 3090 2245 mortuos
3120 2209 3150 2246 e
3177 2198 3362 2262 sepul-

1786 2269 1896 2324 cris
1921 2271 2039 2326 solo
2079 2273 2244 2328 verbo
2277 2275 2711 2341 resuscitantcm,
2748 2287 2877 2332 tunc
2902 2280 3065 2333 etiam
3108 2297 3215 2345 me,
3235 2299 3360 2336 cum

1787 2363 2148 2424 resuscitatis.
2174 2373 2232 2419 ut
2261 2367 2382 2422 vita:
2414 2380 2692 2423 auctorem
2727 2378 2887 2438 atque
2919 2371 3164 2426 datorem
3193 2374 3361 2440 glori-

1787 2451 1911 2508 ﬁca.
1941 2451 2172 2517 Quando
2220 2471 2304 2507 me
2347 2455 2413 2508 ad
2446 2456 2724 2510 dexteram
2755 2459 2938 2514 Patris
2975 2461 3250 2516 sedentem
3281 2464 3365 2515 in-

1789 2543 1962 2597 tuitus
1999 2542 2192 2609 tueris,
2234 2555 2363 2601 tunc
2397 2562 2482 2601 me
2517 2546 2684 2602 Deum
2723 2552 2980 2605 conlitcre
3012 2567 3075 2606 ac
3105 2555 3360 2622 praedica,

1789 2642 2049 2704 tanquam
2099 2637 2344 2705 ejusdem
2382 2638 2586 2704 tbruni,
2628 2654 2692 2695 ac
2725 2651 3076 2706 eoa-ternum,
3110 2646 3364 2714 parisque

1790 2728 2020 2784 honoris
2052 2744 2175 2784 cum
2211 2729 2373 2784 Patre
2405 2740 2460 2784 et
2505 2731 2709 2801 Spiritu
2754 2744 2966 2790 sancto.
3009 2734 3132 2791 Sine
3164 2738 3316 2791 modo
3344 2753 3363 2791 :

1787 2821 1865 2875 sic
1894 2821 2084 2890 quippe
2135 2838 2226 2874 nos
2273 2823 2418 2877 decet
2451 2840 2656 2878 onmem
2697 2827 2912 2896 implere
2933 2829 3226 2896 justitiam.
3257 2828 3364 2882 Lc-

1790 2912 2015 2982 gislator
2042 2929 2143 2984 ego
2177 2929 2320 2979 sum,
2341 2925 2394 2969 et
2409 2914 2760 2986 Legistatoris
2790 2918 2989 2985 Filius;
3026 2937 3089 2976 ac
3125 2922 3368 2990 primum

1791 3013 2002 3075 oportet
2036 3022 2124 3060 me
2164 3022 2259 3076 per
2300 3010 2483 3063 omnia
2509 3025 2629 3078 qua:
2659 3020 2787 3065 sunt
2815 3013 3111 3067 constituta
3142 3014 3362 3082 venire;

1791 3109 1842 3153 et
1870 3107 1997 3153 tunc
2031 3099 2343 3168 ubicunque
2370 3101 2499 3156 doni
2534 3102 2638 3156 mei
2671 3118 2972 3178 proponere
3013 3104 3363 3161 documenta.

1791 3190 2017 3260 Oportet
2060 3207 2148 3246 me
2198 3192 2420 3262 implere
2450 3193 2644 3263 legem,
2674 3205 2727 3248 et
2758 3204 2886 3248 tunc
2925 3195 3057 3251 dare
3107 3197 3362 3266 gratiam.

1789 3280 2016 3352 Oportet
2061 3299 2150 3338 me
2196 3285 2444 3338 umbram
2487 3285 2779 3352 adducere,
2813 3294 2866 3340 et
2896 3297 3026 3341 tunc
3052 3288 3360 3344 veritatem.

1787 3374 2009 3444 Oportet
2038 3391 2126 3430 me
2155 3376 2324 3430 veteri
2349 3375 2508 3430 ﬂncm
2537 3375 2730 3432 aﬂ‘erre
2770 3385 3118 3444 testamento,
3145 3388 3196 3434 et
3233 3388 3364 3436 tunc

1788 3482 1986 3520 novum
2012 3468 2332 3536 praedicare,
2365 3482 2428 3521 ac
2458 3469 2715 3522 cordibus
2739 3469 3018 3523 hominum
3043 3470 3362 3534 inscribere,

1787 3572 2016 3628 meoque
2043 3559 2308 3627 sanguine
2341 3556 2438 3631 [αι.
2473 3558 2716 3631 nomine]
2749 3560 3112 3627 subscribere,
3151 3571 3205 3616 et
3239 3579 3364 3617 meo
3453 3565 3463 3580 ’

1789 3649 1994 3720 Spiritu
2019 3651 2324 3720 obsignare.
2357 3650 2581 3720 Oportet
2607 3668 2693 3706 me
2723 3654 2776 3707 in
2807 3669 3020 3708 crucem
3044 3655 3358 3722 ascendere,

1786 3759 1850 3797 ac
1889 3743 2058 3798 clavis
2105 3745 2323 3813 conligi,
2375 3752 2429 3798 et
2475 3745 2584 3813 pati
2620 3745 2917 3799 secundum
2955 3762 3076 3800 eam
3108 3761 3360 3802 naturam

1787 3848 1907 3900 quae
1936 3833 2043 3902 pati
2077 3842 2274 3902 potest,
2310 3850 2374 3888 ac
2412 3834 2664 3902 passione
2697 3850 2815 3887 mea
2855 3835 3204 3902 passionibus
3226 3838 3362 3890 alio-

1785 3937 1907 3975 rum
1941 3923 2142 3977 mederi
2185 3922 2282 3993 [αι.
2331 3938 2395 3978 ac
2449 3923 2756 3992 passionem
2807 3923 3063 3991 passione
3109 3925 3352 3992 sanare],

1787 4014 2043 4084 lignoque
2071 4016 2271 4070 vulnus
2301 4016 2444 4084 quod
2482 4030 2577 4084 per
2621 4016 2827 4084 lignum
2863 4015 3179 4071 hominibus
3215 4017 3357 4069 inﬂi-

1787 4116 1932 4159 ctutn
1976 4115 2078 4170 est,
2123 4121 2338 4159 curare.
2383 4105 2607 4175 Oportet
2648 4121 2734 4158 me
2761 4106 3088 4160 desectidere
3111 4105 3352 4159 etiamin

1789 4198 1967 4266 ipsum
2016 4196 2211 4252 inferni
2247 4195 2596 4266 profundum,
2633 4207 2851 4266 prOpter
2889 4206 3135 4252 mortuos
3163 4198 3234 4252 ibi
3265 4198 3361 4252 de-

1791 4301 1992 4346 tentos.
2027 4294 2249 4361 Oportet
2280 4305 2364 4343 me
2395 4291 2643 4344 triduana
2676 4299 2848 4343 morte
2870 4290 3050 4346 carnis
3081 4302 3234 4353 meai,
3265 4289 3362 4344 de-

1790 4385 1898 4437 lere
1919 4398 1984 4437 ac
2018 4381 2304 4453 proﬂigare
2331 4381 2603 4436 diuturna“:
2635 4385 2828 4436 mortis
2855 4383 3163 4452 imperium.
3193 4381 3361 4452 Opur-

1790 4483 1864 4528 tet
1890 4488 1976 4527 me
2015 4471 2260 4542 corporis
2304 4472 2410 4526 mei
2447 4472 2721 4526 lucernam
2765 4472 2870 4525 illis
2909 4472 3224 4536 accendere,
3261 4471 3357 4539 qni

94 4571 296 4641 ἀνάψαι
331 4576 446 4635 τοῖς
477 4574 534 4624 ἐν
569 4571 748 4624 σκότει
781 4571 874 4625 καὶ
910 4573 1038 4642 σκιᾷ
1065 4562 1294 4625 θανάτου
1331 4570 1680 4642 καθημένοις.

1790 4567 1842 4619 in
1874 4565 2111 4620 tenebris
2144 4572 2199 4618 et
2226 4565 2416 4619 umbra
2449 4564 2643 4617 mortis
2683 4563 2955 4617 sedent“.
3009 4562 3227 4631 Oportet
3271 4576 3358 4614 me

93 4666 179 4715 Δεῖ
210 4682 282 4734 με
312 4663 557 4717 ἀνελθεῖν
585 4666 648 4734 τῇ
690 4664 876 4734 σαρκὶ,
917 4664 1048 4717 ὅπου
1077 4662 1196 4734 εἰμὶ
1226 4665 1292 4734 τῇ
1328 4663 1562 4735 θεότητι.
1597 4666 1686 4716 Δεῖ

91 4772 155 4824 με
188 4757 568 4826 προσαγαγεῖν
607 4755 685 4825 τῷ
733 4754 929 4828 Πατρὶ,
963 4755 1056 4806 τὸν
1089 4753 1259 4824 Ἀδάμ
1291 4755 1347 4805 ὲν
1380 4754 1502 4823 ἐμοὶ
1529 4753 1683 4822 βασι-

89 4842 342 4900 λεύοντα.
380 4848 471 4898 Δεῖ
511 4863 578 4916 με
611 4845 782 4899 ταῦτα
810 4844 1239 4916 διαπράξασθαι·
1271 4844 1357 4897 διά
1383 4843 1491 4915 γάρ
1513 4842 1685 4897 ταῦτα

85 4938 200 4999 τοῖς
251 4939 416 5007 ἐμοῖς
461 4936 693 5007 ἐπέστην
739 4937 1026 5007 ποιήμασι.
1077 4937 1167 4988 Δεῖ
1208 4953 1275 5006 με
1325 4935 1684 5006 βαπτισθῆναι

86 5028 245 5080 τοῦτο
280 5029 351 5082 τὸ
395 5029 682 5099 βάπτισμα
727 5027 842 5090 νῦν,
881 5029 974 5080 καὶ
1012 5027 1234 5100 ὕστερον
1263 5027 1362 5096 τῆς
1395 5028 1684 5098 ὁμοουσίου

86 5115 325 5188 Τριάδος
366 5119 428 5172 τὸ
471 5118 752 5189 βάπτισμα
794 5121 928 5172 πᾶσι
972 5121 1083 5180 τοῖς
1103 5118 1409 5190 ἀνθρώποις
1456 5117 1684 5189 χαρίσα-

86 5211 230 5262 σθαι.
265 5210 528 5262 Δάνεισόν
557 5227 666 5280 μοι,
694 5210 992 5272 Βαπτιστα,
1020 5210 1155 5282 πρὸς
1178 5209 1274 5280 τὴν
1298 5210 1580 5282 παροῦσαν
1603 5213 1681 5264 οἰ-

82 5301 378 5370 κονομίαν,
425 5301 524 5372 τὴν
558 5303 656 5372 σὴν
690 5302 889 5368 δεξιάν,
923 5303 998 5365 ὼς
1038 5301 1275 5355 ἐδάνεισέ
1303 5319 1391 5372 μοι
1426 5301 1560 5370 πρὸς
1584 5302 1682 5373 τὴν

81 5392 245 5464 ’;’έννη
257 5411 350 5445 σιν
375 5393 471 5461 τὴν
498 5394 658 5462 νηδὺν
689 5396 720 5464 ἡ
748 5394 952 5465 Μαρία.
982 5394 1294 5447 Κατάδυσόν
1319 5412 1385 5464 με
1407 5398 1518 5458 τοῖς
1553 5395 1684 5466 Ἰορ-

81 5484 242 5540 Eii/ou
277 5486 546 5558 ῥείθροις,
584 5487 832 5558 καθάπερ
871 5489 904 5556 ἡ
933 5488 1242 5558 γεννήσασα
1268 5490 1378 5551 τοῖς
1411 5488 1678 5551 παιδικοῖς

147 5645 191 5676 "'
231 5648 349 5698 lsa.
381 5660 528 5710 xxrv,
558 5644 640 5700 l6.
717 5646 762 5678 ⁸⁸
786 5645 928 5702 Psal.
956 5663 1064 5714 cvr,
1100 5647 1182 5700 10.

149 5810 272 5880 (1’3)
321 5807 444 5863 Hoc
467 5818 569 5872 est,
591 5809 658 5864 ad
689 5810 937 5868 homines
965 5810 1108 5876 veni,
1143 5809 1318 5865 factus
1344 5809 1526 5863 homo.

1790 4657 1918 4712 illuc
1959 4657 2252 4712 ascendere
2299 4671 2422 4711 cum
2473 4671 2658 4721 carne,
2688 4656 2778 4708 ubi
2810 4669 2929 4709 sum
2971 4669 3062 4721 per
3096 4652 3353 4705 divinita-

1789 4759 1916 4805 tem.
1950 4746 2173 4818 Oportet
2201 4762 2288 4801 me
2327 4745 2470 4800 Patri
2501 4746 2768 4800 adducere
2818 4753 3129 4813 regnantem
3181 4741 3231 4794 in
3269 4756 3355 4794 me

1787 4841 1983 4896 Adam.
2031 4838 2256 4909 Oportet
2287 4853 2372 4891 me
2423 4839 2536 4890 haec
2580 4851 2868 4905 peragere;
2904 4849 3026 4886 nam
3072 4841 3350 4902 propterea

1791 4933 1924 4988 meis
1981 4932 2238 5000 operibus
2287 4928 2432 4983 astiti
2462 4928 2594 4998 (12).
2655 4926 2879 4996 Oportet
2929 4940 3012 4978 nne
3062 4925 3355 4977 hoc-nunc

1789 5024 2060 5094 baptismo
2090 5021 2374 5090 baptizari,
2408 5034 2469 5074 ac
2499 5027 2683 5088 postea
2716 5015 3196 5071 consubstantialis
3231 5011 3354 5067 Tri-

1787 5116 1972 5170 nitatis
2004 5114 2272 5184 baptisma
2307 5111 2519 5167 etu'ictis
2548 5108 2861 5162 hominibus
2893 5105 3164 5160 conferre.
3199 5103 3355 5158 Com-

1785 5211 1946 5264 moda
1998 5207 2151 5270 mihi,
2201 5205 2461 5276 Baptista,
2495 5203 2561 5256 ad
2612 5209 2932 5271 praesentem
2993 5198 3354 5268 dispensatio-

1786 5318 1932 5368 nem,
1966 5300 2243 5355 dexteram
2299 5305 2488 5360 tuam;
2540 5303 2600 5348 ut
2654 5293 2788 5348 mihi
2836 5293 2903 5347 ad
2954 5290 3352 5360 generationem

1786 5391 2153 5451 commodavit
2208 5405 2369 5444 suum
2423 5396 2638 5441 uterum
2692 5384 2883 5438 Maria.
2948 5381 3210 5451 lmmerge
3269 5393 3357 5435 me

1787 5485 2001 5540 ﬂuentis
2033 5481 2307 5545 Jordanis,
2342 5479 2485 5534 sicut
2512 5493 2634 5548 quae
2667 5491 2751 5530 me
2789 5473 2975 5546 genuit
3012 5470 3355 5527 infantilibus
