3876 6508
1132 379 1187 433 S.
1227 374 1560 431 GREGORII
1604 370 1966 430 THAUMAT.
2008 368 2159 423 ()PP.
2216 366 2394 422 PARS
2434 364 2735 424 ALTERA.
2780 396 2849 406 -
2888 364 3119 423 DUBIA.
3219 348 3230 357 ’

3611 363 3728 419 1188

479 512 705 567 munit
744 504 945 560 fasciis.
980 498 1181 554 ﬂorifer
1214 496 1348 551 mihi
1381 493 1730 564 baptismum,
1762 493 1904 547 sicut
1936 490 2054 542 Vir-

2159 487 2495 558 σπαργάνοις
2549 485 2828 539 ὲνεῐλισσε.
2883 484 2982 549 Δός
3031 501 3123 556 μοι
3165 484 3227 538 τὸ
3269 483 3578 557 βάπτισμα,
3610 487 3733 559 εἰ)ςὴ

476 622 545 675 go
574 606 654 657 lac
687 597 934 669 prxbuit.
966 589 1324 662 Apprehende
1354 604 1419 643 ac
1453 596 1612 657 tange
1648 594 1812 655 caput
1846 600 2047 651 meum,

474 694 621 760 quod
661 689 847 744 colunt
891 700 955 741 ac
1000 688 1330 737 venerantur
1361 676 1657 746 seraphin].
1692 675 2053 746 Apprehende

476 798 571 843 tua
604 786 821 839 dextera
849 786 1032 846 caput,
1063 773 1209 844 quod
1241 771 1507 840 sanguine
1535 770 1630 824 tibi
1664 769 1915 839 junctum
1946 782 2049 825 est.

476 872 833 946 Apprt‘llt‘lldc
861 867 1004 938 quod
1041 874 1234 921 natura
1256 861 1428 918 teneri
1460 870 1658 931 potest.
1690 861 2055 932 Apprehende

477 969 621 1041 quod
658 967 778 1021 ideo
810 978 840 1016 a
870 976 957 1014 me
993 967 1048 1013 et
1076 957 1235 1012 Patre
1256 964 1507 1025 paratum
1554 964 1658 1010 est.
1693 954 2053 1025 Apprchende

475 1071 637 1131 caput
688 1070 890 1119 meum,
947 1052 1095 1122 quod
1123 1049 1212 1120 qui
1252 1050 1336 1118 pie
1371 1048 1728 1117 apprehendit
1758 1065 1823 1102 ac
1860 1049 2051 1118 tangit,

477 1166 755 1222 nunquam
792 1145 1135 1214 naufragium
1190 1140 1370 1196 faciet.
1416 1139 1640 1210 Baptiza
1683 1154 1790 1205 me,
1830 1139 1925 1210 qui
1958 1155 2054 1209 per

476 1261 696 1319 aquam,
730 1253 785 1297 et
829 1238 1119 1310 Spiritum,
1172 1250 1237 1291 ac
1279 1232 1459 1304 ignem
1510 1234 1889 1304 haptizaturus
1929 1249 2050 1289 sum

476 1338 803 1397 credentes:
858 1347 956 1403 per
1001 1342 1223 1400 aquam,
1281 1342 1403 1397 quae
1459 1333 1806 1395 peccatorum
1862 1326 2053 1382 sordes

475 1433 694 1487 abluere
723 1426 935 1491 valeat;
965 1438 1062 1493 per
1100 1419 1384 1491 Spiritum,
1432 1419 1526 1490 qui
1573 1428 1819 1474 terrenos
1844 1418 2055 1474 eﬂicere

477 1514 788 1587 spirituales
818 1511 1019 1582 possit;
1052 1525 1148 1580 per
1173 1512 1375 1579 ignem,
1411 1508 1506 1579 qui
1540 1509 1607 1563 ad
1641 1509 1907 1564 scelerum
1936 1509 2053 1579 spi-

475 1624 577 1663 nas
615 1604 1014 1661 comburemlas
1043 1612 1127 1658 est
1154 1603 1403 1657 idoneus.
1434 1600 1529 1656 His
1557 1602 1778 1669 auditis,
1809 1600 2053 1671 Baptista

477 1702 531 1755 in
568 1713 791 1769 scopum
828 1696 1022 1751 salutis
1073 1694 1173 1767 [αι.
1202 1693 1527 1766 Salvatoris]
1582 1703 1820 1750 mentem
1875 1694 2056 1751 inten-

476 1792 632 1854 dens,
667 1802 720 1844 et
751 1789 1069 1860 mysterium
1110 1787 1256 1858 quod
1290 1796 1574 1857 acceperat
1605 1786 1933 1857 percipiens,
1970 1787 2055 1842 di-

474 1884 603 1937 vino
630 1882 926 1936 obsecutus
948 1888 1031 1936 est
1054 1879 1349 1946 mandato;
1372 1887 1493 1935 erat
1516 1878 1715 1950 quippe
1736 1879 1861 1949 pius
1889 1878 2053 1935 simul

476 1986 531 2030 et
576 1973 928 2044 morigerus:
966 1987 1235 2043 suamque
1280 1972 1398 2043 ipse
1440 1973 1719 2028 dexteram
1760 1970 2055 2027 subtremi-

476 2073 717 2122 scentem
764 2080 829 2121 ac
862 2064 1057 2135 partim
1088 2062 1407 2135 gestientem
1444 2063 1703 2134 paulatim
1732 2062 2052 2131 extendens,

476 2157 769 2213 Dominum
799 2157 1113 2228 baptizavit.
1146 2156 1282 2212 Cum
1307 2172 1438 2213 vero
1460 2155 1658 2225 Judaei,
1681 2156 1775 2227 qui
1805 2155 2056 2213 cominus

473 2259 530 2304 et
555 2249 770 2305 eminus
821 2248 1071 2312 aderant,
1124 2248 1265 2318 apud
1302 2264 1362 2304 se
1393 2249 1715 2319 cogitarent,
1746 2258 1801 2305 et
1826 2248 1969 2304 inter
1997 2262 2057 2304 se

477 2340 723 2395 dicerent
752 2358 766 2395 :
792 2338 1052 2409 Nunquid
1100 2338 1300 2395 frustra
1336 2340 1755 2410 suspicabamur
1801 2340 1901 2411 [αι.
1935 2340 2055 2395 exi-

476 2431 864 2505 stimabamus]
914 2432 1178 2487 Joannem
1202 2433 1467 2503 potiorem
1492 2449 1557 2489 ae
1581 2434 1861 2489 meliorem
1892 2431 2058 2488 Iesu?

476 2525 732 2596 Nunquid
762 2525 965 2581 frustra
988 2525 1439 2581 existimabamus
1475 2526 1627 2580 illum
1657 2526 1762 2581 hoc
1787 2526 2057 2581 excellen-

476 2617 713 2671 tiorcm?
741 2614 933 2671 Nonne
956 2617 1133 2686 ipsum
1167 2615 1437 2686 baptisma
1458 2615 1720 2687 Baptistae
1744 2626 2053 2681 attestatur,

477 2709 608 2779 quid
639 2709 709 2764 sit
745 2710 958 2779 potius?
985 2707 1177 2763 Nonne
1210 2709 1255 2763 is
1290 2709 1606 2777 baptizavit,
1635 2718 1694 2762 ut
1716 2708 1764 2764 is
1794 2709 1887 2779 qui
1920 2724 2058 2779 prae-

478 2809 617 2867 stat;
653 2810 710 2855 at
736 2801 825 2857 hic
854 2802 1161 2872 baptizatus
1186 2810 1289 2868 est,
1322 2811 1383 2856 ut
1406 2800 1665 2857 inferior?
1692 2800 1818 2858 Haec
1837 2802 1979 2858 inter
2000 2817 2060 2859 se

477 2892 951 2949 murmurantibus
993 2893 1082 2959 iis,
1125 2893 1217 2963 qui
1265 2891 1691 2963 dispensationis
1737 2891 2057 2963 mysterium

477 2984 836 3053 ignorabant;
868 2984 960 3039 ille
1003 2984 1098 3055 qui
1144 2983 1296 3040 solus
1340 2983 1607 3039 Dominus
1641 2991 1746 3046 est.
1781 2991 1837 3038 et
1862 2990 2059 3037 natura

476 3073 640 3132 Pater
694 3075 987 3147 Unigeniti,
1034 3077 1129 3147 qui
1161 3077 1314 3133 solus
1342 3084 1598 3132 accurate
1625 3083 1793 3146 atque
1820 3074 2063 3145 perfecte

423 3203 429 3208 ε
478 3170 631 3224 novit
664 3184 815 3234 eum,
844 3185 1005 3240 quem
1040 3170 1194 3225 solus
1222 3168 1433 3239 absque
1459 3167 1717 3239 passione
1745 3181 1809 3223 ac
1838 3177 2058 3237 pertur-
2085 3191 2129 3246 ο

476 3262 696 3317 batione
729 3262 943 3333 genuit,
987 3262 1120 3331 ipse,
1143 3260 1393 3332 inquam,
1430 3275 1716 3317 erroneam
1742 3259 2057 3317 Judasorum

476 3355 849 3425 suspicionem
893 3355 1193 3425 corrigens,
1226 3353 1441 3424 aperuit
1468 3354 1733 3408 cmlorum
1772 3361 1978 3422 portas,
2007 3363 2061 3410 et

478 3444 745 3516 Spiritum
776 3457 1028 3501 sanctum
1064 3446 1118 3499 in
1154 3444 1334 3515 specie
1360 3445 1627 3500 columbae
1654 3445 1873 3500 demisit
1895 3460 2061 3515 super

474 3544 641 3605 caput
667 3534 811 3591 'Jesu
858 3534 957 3606 [αι.
980 3550 1144 3603 super
1172 3533 1389 3587 Domini
1419 3533 1627 3606 caput],
1672 3534 1844 3605 digito
1876 3543 2061 3590 osten-

476 3627 612 3680 dens
646 3640 845 3679 novum
894 3622 1030 3691 Noe,
1084 3632 1139 3678 et
1189 3632 1493 3679 creatorem
1548 3623 1685 3691 Noe,
1743 3625 2060 3694 bonumque

475 3715 764 3786 naufragio
815 3713 1171 3785 periclitantis
1229 3723 1439 3769 natura:
1491 3714 1935 3785 gubernatorem.
1994 3714 2062 3769 Et

476 3808 595 3877 ipse
624 3808 837 3863 coalitus
872 3808 1151 3872 inclamat,
1185 3808 1331 3863 clare
1359 3808 1547 3863 dicens
1573 3825 1588 3862 :
1614 3806 1717 3862 Hic
1757 3816 1834 3861 est
1878 3805 2057 3863 Filius

474 3916 622 3954 meus
651 3899 874 3954 dilectus
898 3900 942 3931 “
975 3916 989 3953 :
1023 3900 1113 3954 ille
1154 3899 1335 3965 Jesus,
1374 3915 1484 3955 non
1509 3898 1784 3968 Joannes;
1821 3900 1915 3970 qui
1956 3900 2057 3955 ba-

474 3994 713 4061 ptizatus
746 4005 849 4057 est,
887 4008 996 4049 non
1031 3994 1125 4065 qui
1146 3994 1474 4065 baptizavit;
1502 3992 1597 4064 qni
1628 4006 1697 4048 ex
1730 4007 1818 4047 me
1839 3992 2059 4063 genitus

474 4093 559 4138 est
586 4095 711 4139 ante
745 4101 906 4141 omne
952 4088 1247 4157 temporale
1288 4086 1548 4157 spatium,
1594 4099 1703 4139 non
1732 4084 1826 4154 qui
1856 4098 1921 4139 ex
1951 4082 2055 4138 Za-

474 4177 695 4244 charia;
738 4180 831 4247 qui
862 4194 929 4233 ex
958 4164 1127 4233 Maria
1156 4190 1315 4235 natus
1344 4190 1429 4235 est
1468 4178 1768 4234 secundum
1808 4193 2055 4239 carnem.

476 4283 586 4321 non
623 4269 716 4338 qui
756 4285 823 4324 ex
867 4269 1144 4325 Elisabcth
1194 4283 1390 4341 prazter
1421 4286 1574 4341 spem
1621 4271 1911 4340 apparuit;
1960 4271 2054 4339 qui

474 4350 584 4415 non
642 4363 769 4417 laesa
823 4363 1164 4433 virginitate,
1228 4365 1486 4433 nullaque
1542 4364 1781 4418 humana
1837 4363 2054 4417 cultura

475 4453 697 4523 praevia,
740 4453 937 4523 prodiit
984 4453 1222 4516 fructus;
1273 4469 1380 4508 non
1421 4455 1516 4524 qui
1544 4470 1613 4509 ex
1644 4455 1821 4510 soluta
1850 4453 2056 4509 sterili-

2157 579 2431 652 Παρθένος
2469 579 2531 632 τὸ
2570 578 2728 648 γάλα.
2774 577 3065 650 Κράτησον
3094 578 3193 648 τὴν
3226 578 3365 649 ἐμὴν
3391 579 3663 649 κεφαλὴν,
3682 583 3740 651 ἢν

2157 667 2450 740 σέϐει
2490 666 2731 738 σέϐεται]
2763 666 2833 720 τὰ
2873 667 3135 739 σεραφίμ.
3173 668 3467 739 Κράτησον
3494 670 3601 740 τὴν
3625 685 3741 737 συγ-

2155 762 2289 833 γενῆ
2320 760 2419 831 τῆς
2452 760 2551 831 σῆς
2592 759 2792 827 δεξιᾶς.
2828 761 3118 833 Κράτησον
3153 759 3252 830 τὴν
3289 763 3606 829 πεφυκυῖαν
3632 778 3745 814 κατ-

2156 850 2397 921 έχεσθαι.
2445 849 2736 922 Κράτησω
2769 850 2870 922 τὴν
2899 850 2988 904 διὰ
3013 850 3171 904 τοῦτο
3210 854 3745 906 κατασκευασθεῖσαν

2156 941 2248 995 ὑπ’
2281 940 2437 1011 ἐμοῦ,
2488 940 2585 994 καὶ
2627 940 2723 993 τοῦ
2755 940 2988 1013 Ηατρός.
3037 940 3328 1013 Κράτησον
3352 940 3453 1012 τὴν
3484 942 3637 1013 ἐμὴν
3666 960 3745 995 κε-

2156 1034 2332 1106 φαλὴν
2358 1074 2373 1098 ,
2428 1033 2495 1105 ἣν
2537 1034 2566 1086 6
2610 1033 2827 1105 κρατῶν
2877 1033 3137 1099 εὐσεϐῶς,
3191 1035 3452 1089 οὐδέποτε
3497 1042 3742 1105 ναυαγεῖ.

2157 1127 2427 1181 Βάπτισόν
2461 1144 2551 1198 με,
2591 1127 2683 1181 τὸν
2707 1126 2967 1198 μέλλοντα
2997 1126 3279 1197 βαπτίζειν
3308 1127 3435 1192 τοὺς
3465 1132 3746 1181 πιστεύον-

2153 1238 2255 1285 τας
2282 1220 2348 1274 δι’
2376 1219 2589 1284 ὕδατος,
2618 1219 2713 1273 καὶ
2745 1219 3080 1291 Πνεύματος,
3100 1220 3195 1272 καὶ
3219 1220 3387 1290 πυρὸς
3416 1219 3544 1291 [ἀλ.
3578 1222 3744 1287 ὕδατι,

2156 1312 2252 1365 καὶ
2284 1309 2566 1381 Πνεύματι
2586 1350 2600 1375 ,
2642 1309 2735 1363 καὶ
2767 1308 2925 1382 πυρί]
2953 1326 2968 1340 ’
3017 1309 3168 1363 ὕδατι
3191 1309 3470 1381 δυναμένῳ
3498 1312 3750 1364 ἀποπλῦ-

2156 1422 2245 1460 ναι
2263 1404 2372 1458 τῶν
2397 1402 2683 1478 ἁμαρτιῶν
2705 1403 2796 1457 τὸν
2822 1401 3079 1476 βόρϐορον
3097 1420 3111 1433 ο
3141 1403 3440 1476 Πνεῦματι,
3456 1406 3748 1479 δυναμένῳ

2154 1499 2282 1561 τοὺς
2294 1498 2532 1572 χοῖκοὺς,
2551 1497 2952 1567 πνευματικοὺς
2975 1497 3390 1568 ἀπεργάσασθαι
3409 1515 3424 1529 °
3457 1501 3629 1572 πυρὶ,
3663 1520 3749 1555 πε-

2157 1588 2351 1660 φυκότι
2367 1587 2688 1641 κατακαίειν
2709 1586 2807 1651 τὰς
2820 1585 2929 1640 τῶν
2946 1586 3313 1658 ἀνομημάτων
3327 1588 3598 1655 ἀκάνθας.
3626 1593 3748 1646 T06-

2155 1697 2263 1734 των
2283 1678 2523 1742 ἀκούσας
2535 1676 2645 1731 τῶν
2658 1676 2833 1747 λόγων
2854 1678 2883 1731 6
2897 1676 3324 1750 Βαπτιστὴς,γ.αὶ
3344 1679 3422 1750 τῷ
3440 1682 3645 1752 σκοπῴ
3666 1684 3748 1754 τῆς

2159 1771 2433 1846 σωτηρίας
2454 1770 2576 1843 [ἄλ.
2594 1768 2689 1824 τοῦ
2713 1768 2986 1842 Σωτῆρος]
3020 1772 3317 1843 ἐπιστήσας
3347 1772 3441 1825 τὸν
3471 1772 3633 1839 νοῦν,
3668 1778 3746 1830 καὶ

2155 1864 2419 1939 χωρήσας
2445 1862 2508 1917 τὸ
2532 1862 2829 1934 μυστήριον
2867 1862 2896 1916 ὃ
2929 1864 3235 1936 παρέλαϐεν
3254 1905 3268 1929 ,
3297 1864 3659 1938 ὑπούργησεν
3684 1870 3747 1940 τῷ

2157 1955 2286 2028 θείῳ
2318 1955 2737 2027 προστάγματι’
2781 1949 2850 2026 ἦν
2883 1954 2993 2028 γὰρ
3026 1955 3260 2027 εὐλαϐὴς
3286 1956 3401 2028 ἅμα
3434 1960 3530 2012 καὶ
3572 1961 3746 2013 εὐπει-

2157 2046 2289 2120 θής·
2323 2048 2417 2102 καὶ
2448 2045 2547 2119 τὴν
2586 2045 2783 2100 ἑαυτοῦ
2822 2046 3001 2111 δεξιὰν
3046 2047 3290 2113 ἐκτείνας
3334 2050 3745 2122 ὑποτρέμοοδσαν

2154 2139 2341 2213 ἠρέμα
2372 2139 2469 2195 καὶ
2495 2138 2812 2212 χαίρουσαν,
2847 2140 2939 2194 τὸν
2970 2141 3247 2214 Δεσπότην
3285 2141 3607 2197 ἐϐάπτισεν.
3637 2146 3744 2198 Τῶν

2157 2234 2217 2289 δὲ
2256 2233 2543 2307 παρόντων
2596 2233 2866 2287 Ἰουδαίων
2896 2233 3006 2287 τῶν
3060 2234 3227 2303 ἐγγὺς
3268 2236 3363 2288 καὶ
3390 2237 3504 2289 τῶν
3536 2237 3743 2309 πόῤῥω-

2159 2326 2252 2381 θεν
2297 2325 2769 2399 διαλογιζομένων,
2822 2326 2918 2379 καὶ⁸
2955 2326 3076 2381 καθ’
3108 2327 3335 2392 ἑαυτοὺς
3360 2328 3459 2381 καὶ
3489 2330 3635 2401 πρὸς
3666 2330 3741 2385 ἀλ·

2158 2419 2354 2491 λήλους
2380 2419 2647 2489 λεγόντων
2671 2437 2684 2449 ·
2749 2420 2842 2492 Μὴ
2880 2422 3056 2493 μάτην
3096 2420 3430 2492 ὑπενοοῦμεν
3477 2420 3606 2492 [ἄλ.
3646 2423 3744 2474 ἑνο-

2162 2511 2415 2585 μίζομεν]
2462 2512 2554 2567 τὸν
2614 2513 2869 2587 Ἰωάννην
2930 2513 3191 2585 ἀμείνονα
3240 2513 3336 2567 τοῦ
3392 2514 3617 2585 Ἰησοῦς
3669 2514 3745 2584 Μὴ

2163 2607 2339 2678 μάτην
2353 2604 2674 2678 ἐνομίζομεν
2690 2607 2897 2661 ἐκεῖνον
2914 2606 3195 2678 κρείττονα
3207 2604 3425 2662 τούτου.
3468 2608 3588 2660 Οὐκ
3627 2608 3741 2661 αὐτὸ

2158 2699 2220 2753 τὸ
2267 2699 2549 2771 βάπτισμα
2596 2700 2674 2772 τῷ
2730 2702 3008 2772 Βαπτιστῇ
3058 2700 3119 2754 τὸ
3166 2703 3419 2772 κρεῖττον
3474 2718 3746 2772 προσμαρ-

2158 2796 2346 2866 τυρεί;
2394 2794 2508 2847 Οὐκ
2539 2795 2568 2848 6
2592 2795 2694 2866 μὲν
2721 2794 3041 2858 ἐϐάπτισεν,
3073 2794 3149 2858 ὡς
3186 2794 3499 2866 ὑπερέχων,
3530 2798 3559 2848 6
3583 2795 3642 2847 δὲ
3674 2794 3748 2863 βε-

2160 2885 2486 2953 ϐάπτισται,
2533 2886 2612 2951 ὼς
2653 2886 2926 2953 ὲλάττων;
2962 2886 3197 2941 Τοιαῦτα
3236 2886 3619 2958 θρυλλούντων
3653 2885 3746 2939 τῶν

2160 2978 2501 3047 ἀγνοούντων
2541 2978 2604 3033 τὸ
2650 2978 2751 3050 τῆς
2799 2979 3109 3051 οἰκονομίας
3152 2982 3478 3053 μυστήριον,
3528 2984 3558 3035 6
3606 2982 3747 3053 μάθος

2160 3068 2363 3141 Κύριος
2396 3068 2490 3122 καὶ
2521 3068 2692 3139 φύσειτ
2710 3069 2899 3140 Πατὴρ
2922 3068 3016 3122 τοῦ
3050 3069 3417 3137 Μονογενοῦς,
3453 3069 3485 3120 6
3513 3071 3671 3141 μόνος
3691 3070 3749 3121 tl—

2160 3158 2267 3224 δὼς
2304 3158 2547 3232 ἀκριϐῶς
2591 3159 2651 3213 ὃν
2686 3160 2845 3231 μόνος
2889 3160 3180 3231 ἐγέννησεν
3216 3161 3491 3228 ἀπαθῶς,
3529 3162 3749 3236 διορθού-

2166 3268 2326 3324 μενος
2394 3251 2495 3323 τὴν
2564 3253 2910 3325 ἐσφαλμένην
2988 3253 3096 3307 τῶν
3172 3254 3449 3308 Ἰουδαίων
3510 3258 3749 3310 ὑπόνοιαν

2159 3343 2365 3417 ἀνέῳξε
2397 3345 2497 3410 τὰς
2530 3346 2702 3411 πύλας
2738 3346 2848 3400 τῶν
2891 3346 3158 3419 οὐρανῶν,
3205 3349 3302 3401 καὶ
3343 3350 3674 3422 κατέπεμψε
3699 3349 3751 3401 τὸ

2161 3436 2391 3509 Πνεῦμα
2416 3437 2477 3491 τὸ
2505 3437 2662 3507 ἅγιον
2695 3440 2751 3491 ἑν
2779 3439 2909 3493 εἴδει
2937 3441 3268 3512 περιστερᾶς
3288 3480 3301 3505 ,
3346 3444 3445 3495 ἐπὶ
3471 3443 3573 3513 τὴν
3598 3460 3750 3511 κεφα-

2161 3527 2260 3600 λὴν
2305 3527 2399 3582 τοῦ
2455 3529 2630 3601 Ἰησοῦ
2680 3530 2802 3602 [ἄλ.
2840 3532 2933 3584 επὶ
2964 3532 3064 3604 τὴν
3103 3532 3198 3586 τοῦ
3228 3533 3446 3605 Κυρίου
3477 3534 3749 3607 auscultat],

2160 3620 2620 3677 δακτυλοδεικτῶν
2647 3622 2738 3675 τὸν
2782 3622 2901 3677 νέον
2952 3624 3077 3677 Νῶε
3097 3665 3113 3691 ,
3148 3625 3243 3678 καὶ
3282 3625 3626 3698 δημιουργὸν
3667 3626 3749 3678 τσῖσ

2160 3711 2304 3779 Νῶε,
2325 3713 2419 3767 καὶ
2443 3714 2544 3785 τῆς
2558 3714 2902 3787 ναυαγούσης
2925 3716 3141 3785 φύσεως
3166 3717 3371 3786 ἀγαθὸν
3393 3719 3750 3791 κυϐερνήτην.

2160 3805 2273 3859 Καὶ
2305 3805 2467 3870 αὐτὸς
2496 3807 2786 3882 οὐρανόθεν
2824 3808 3020 3881 ὲπιϐοᾷ
3046 3809 3287 3881 φαιδρῶς
3312 3809 3498 3880 λέγων
3518 3829 3535 3843 ·
3578 3808 3755 3875 Οὗτός

2159 3898 2332 3953 ἐστιν
2363 3900 2397 3953 6
2431 3900 2563 3966 Υἱός
2583 3916 2703 3969 μου
2742 3903 2777 3955 6
2813 3901 3140 3971 ἀγαπητός.
3187 3902 3431 3968 Ἐκεῖνος
3457 3906 3489 3958 6
3537 3904 3753 3977 Ἰησοῦς,

2157 3991 2259 4063 οὐχ
2287 3993 2316 4047 ὁ
2356 3990 2636 4064 Ἰωάννηςο
2668 3995 2697 4047 ὁ
2739 3993 3057 4065 βαπτισθεὶς
3076 4034 3090 4060 ,
3123 3996 3221 4066 οὐχ
3246 3998 3276 4050 ὁ
3305 3996 3620 4067 βαπτίσαςο
3648 3999 3677 4051 ὸ

2158 4084 2295 4156 ἐμοῦ
2337 4085 2637 4158 γεννηθεὶς,
2680 4086 2789 4158 πρὸ
2828 4086 3029 4152 πάντος
3066 4089 3320 4160 χρονικοῦ
3361 4090 3755 4165 διαστήματος,

2157 4176 2257 4248 οὐχ
2278 4179 2307 4230 6
2337 4179 2402 4232 ἐκ
2432 4179 2706 4251 Ζαχαρίου
2726 4195 2739 4209 ·
2764 4181 2793 4233 ό
2834 4180 2898 4233 ὲκ
2925 4180 3026 4251 τῆς
3064 4181 3285 4252 Μαρίας
3314 4185 3610 4256 γεννηθεὶς
3628 4184 3759 4239 κατὰ

2161 4269 2339 4340 σάρκα
2361 4310 2376 4335 ,
2408 4272 2507 4342 οὐχ
2535 4272 2564 4324 6
2593 4273 2658 4325 ὲκ
2689 4272 2790 4344 τῆς
2832 4272 3113 4327 Ἑλισάϐετ
3143 4276 3334 4343 φανεὶς
3367 4277 3509 4347 παρ’
3537 4276 3757 4330 ἑλπίδαο

2158 4365 2187 4417 6
2210 4364 2310 4435 τῆς
2331 4365 2407 4436 μὴ
2418 4364 2674 4436 λυθείσης
2696 4364 2993 4438 παρθενίας
3015 4366 3376 4441 ἀγεώργητος
3402 4371 3653 4442 καρπὸς,
3674 4370 3763 4438 οὐχ

2156 4458 2186 4511 6
2215 4457 2283 4511 ὲκ
2311 4457 2411 4529 τῆς
2444 4457 2698 4531 λυθείσης
2735 4458 3092 4532 στειρὼσεως,
3127 4456 3353 4525 κλάδος·
3409 4464 3441 4515 6
3466 4464 3597 4533 μεθ’
3620 4463 3764 4535 ὑμῶν

476 4556 587 4601 tate
616 4548 915 4617 productus
952 4557 1035 4602 est
1063 4563 1286 4614 ramus;
1322 4548 1415 4618 qui
1447 4548 1730 4603 vobiscum
1760 4562 2052 4602 conversa-

2165 4552 2706 4625 ἀναστραφεὶς,οὐχό
2722 4553 2781 4607 ὲν
2800 4556 2866 4626 τῇ
2884 4555 3077 4627 ἐρήμῳ
3095 4556 3345 4626 τραφείς.
3377 4552 3582 4625 Οὗτός
3602 4559 3767 4613 ἐστιν

474 4649 565 4695 tus
593 4649 695 4707 est,
726 4657 832 4694 non
873 4641 965 4711 qui
998 4641 1051 4695 in
1081 4641 1296 4696 deserto
1323 4641 1606 4695 educatus.
1642 4639 1747 4695 Hic
1771 4648 1849 4694 est
1874 4638 2052 4695 Filius

2162 4646 2196 4700 6
2230 4645 2364 4713 Υἱός
2379 4663 2498 4715 μου
2518 4649 2551 4701 6
2571 4648 2898 4717 ἀγαπητὸς,
2920 4647 2989 4700 ἑν
3006 4640 3554 4718 ᾦηὺδόκησαοΥἱδς
3586 4648 3769 4723 ὁμοσύ-

473 4748 618 4785 meus
654 4733 899 4798 dilectus,
933 4734 986 4787 iu
1012 4749 1114 4803 quo
1144 4734 1272 4786 mihi
1295 4732 1650 4802 complacui"
1678 4748 1691 4785 :
1719 4732 1893 4788 Filius
1922 4747 2053 4789 con-

2163 4754 2298 4803 σιος,
2330 4739 2431 4811 οὐχ
2458 4739 2812 4812 ὲτεροούσιος
2846 4740 3128 4811 ὁμοούσιος
3159 4742 3287 4813 ἐμοὶ
3319 4743 3464 4796 κατὰ
3505 4744 3577 4796 τὸ
3610 4745 3771 4815 ἀόρα-

474 4824 878 4889 snhstantialis,
909 4840 1015 4879 non
1040 4824 1263 4878 alterius
1289 4823 1641 4891 substantiae;
1683 4824 2052 4880 consubstan—

2160 4848 2273 4896 τον,
2314 4832 2410 4886 καὶ
2447 4833 2742 4906 ⁹ὁμοούσιος
2787 4833 2915 4904 ὑμῖν
2961 4833 3104 4887 κατὰ
3146 4834 3207 4887 τὸ
3248 4833 3563 4906 ὁρώμενον,
3606 4838 3768 4909 χωρὶς

474 4915 619 4970 tialis
646 4916 803 4979 mihi,
832 4917 884 4970 in
917 4932 982 4971 eo
1010 4917 1154 4987 quod
1184 4932 1215 4971 a
1235 4917 1390 4972 vobis
1413 4930 1519 4971 non
1542 4915 1818 4979 cernitur;
1848 4925 1903 4971 et
1923 4930 2055 4971 con-

2162 4925 2457 4997 άμαρτίας.
2489 4921 2659 4991 Οὗτός
2705 4930 2874 4995 ἐστιν,
2909 4930 2938 4981 6
2981 4928 3078 4981 σὺν
3121 4928 3245 4996 ἐμοὶ
3287 4928 3507 4994 πλάσας
3552 4931 3651 4985 τὸν
3682 4932 3770 4985 ἇν-

472 5008 848 5065 snbstantialis
879 5011 1057 5077 vobis,
1081 5010 1133 5064 in
1158 5025 1224 5066 eo
1249 5011 1396 5081 quod
1418 5025 1449 5064 a
1478 5009 1635 5065 vobis
1666 5009 1900 5074 videtur,
1937 5009 2055 5063 sine

2158 5018 2397 5090 θρωπον.
2453 5015 2644 5086 Οὗτός
2685 5020 2855 5074 ἐστιν
2879 5024 2912 5074 6
2949 5020 3081 5086 Υἱός
3105 5037 3225 5088 μου
3254 5024 3290 5074 6
3322 5022 3678 5091 ἀγαπητὸς,
3707 5024 3772 5076 ἐν

473 5111 715 5171 peccato.
763 5101 863 5157 Hic
909 5112 1012 5167 est,
1059 5105 1154 5173 qui
1213 5118 1431 5159 mecum
1461 5103 1719 5159 formavit
1747 5102 2047 5157 hominem.

2158 5105 2204 5179 ᾧ
2247 5112 2585 5181 ηὐδόκησα.
2642 5112 2756 5166 Οὐκ
2804 5112 2962 5176 ἄλλος
2994 5113 3142 5167 ἐστὶν
3180 5106 3339 5176 οὗτος
3369 5116 3401 5168 6
3428 5116 3575 5185 ἐμὸς
3624 5117 3769 5183 Υἱὸς,

474 5194 579 5249 Hic
605 5207 680 5248 est
709 5194 883 5249 Filius
908 5213 1051 5250 meus
1080 5196 1327 5265 dilectus,
1359 5197 1415 5251 in
1443 5214 1545 5268 quo
1578 5198 1708 5250 mihi
1730 5196 2047 5266 complacui.

2158 5203 2251 5257 καὶ
2284 5202 2442 5267 ἄλλος
2477 5204 2506 5256 6
2539 5203 2760 5276 Μαρίας
2789 5203 2932 5268 υἱός’
2977 5203 3091 5257 ἀλλ’
3138 5200 3321 5271 οὗτός
3350 5205 3540 5259 ἐστιν
3567 5212 3606 5262 ό
3648 5210 3769 5272 Tit};

472 5286 590 5342 Non
623 5288 762 5344 alius
789 5298 871 5344 est
897 5290 984 5343 hic
1007 5305 1162 5345 meus
1186 5289 1382 5355 Filius,
1416 5302 1471 5345 et
1494 5290 1636 5346 alius
1657 5288 1840 5345 Mariae
1871 5289 2046 5356 filius;

2158 5313 2271 5365 μου
2293 5298 2325 5350 6
2341 5295 2668 5367 ἀγαπητὸς,
2703 5297 2731 5349 6
2756 5295 3081 5368 βλεπόμενος
3105 5294 3196 5348 καὶ
3221 5296 3547 5367 νοούμενος.
3585 5294 3773 5365 Οὖτίς

472 5390 529 5434 ιιι
560 5382 644 5435 hic
670 5392 748 5435 est
784 5381 958 5436 Filius
989 5399 1133 5437 meus
1166 5384 1413 5453 dilectus,
1446 5385 1541 5455 qui
1570 5393 1625 5440 et
1658 5384 1834 5440 oculis
1861 5383 2044 5440 cerni-

2158 5386 2326 5438 ἐστιν
2372 5388 2406 5439 6
2448 5386 2580 5450 Υἱός
2618 5403 2739 5455 μου
2784 5389 2815 5440 6
2844 5385 3169 5456 ἀγαπητὸς,
3208 5388 3279 5441 ἐν
3316 5381 3364 5454 ᾧ
3414 5389 3773 5457 ηὑὸόκησα,

475 5485 585 5537 tur,
615 5484 669 5530 et
698 5484 876 5531 mente
907 5477 1242 5548 intelligitur.
1275 5476 1380 5531 Hic
1414 5487 1491 5532 est
1521 5476 1697 5531 Filius
1732 5494 1877 5533 meus
1911 5476 2047 5531 dile-

2158 5478 2350 5534 αὺτοῦ
2393 5478 2660 5533 ἀκούετε.
2708 5479 2830 5533 Ἐὰν
2858 5480 2990 5553 εἴπῃ
3016 5496 3030 5510 ⁸
3076 5480 3217 5551 Ἐγὼ
3252 5481 3353 5535 καί
3391 5486 3426 5536 o'
3455 5484 3687 5553 Πατὴρ
3711 5484 3775 5538 ἓν·

476 5577 626 5632 ctus,
681 5567 737 5619 in
793 5583 895 5637 quo
947 5568 1078 5621 mihi
1124 5569 1449 5638 complacui;
1495 5570 1669 5639 ipsum
1725 5570 1925 5625 audite.
1993 5569 2050 5623 Si

2158 5573 2364 5643 ἐσμεν,
2391 5572 2557 5626 αὑτοῦ
2592 5573 2843 5626 ἀκούετε.
2881 5572 3009 5627 Ἐάν
3042 5572 3171 5646 εἴπῃ
3192 5591 3207 5605 ·
3257 5575 3320 5628 '0
3339 5576 3636 5643 ἑωρακὼς
3652 5578 3774 5645 ἐμὲ,

476 5656 674 5712 dixerit
702 5676 714 5712 :
746 5657 859 5729 Ego
885 5669 932 5714 et
950 5660 1115 5715 Pater
1140 5677 1303 5715 unum
1330 5662 1592 5730 sumus“,
1632 5663 1809 5734 ipsum
1844 5663 2049 5720 audite.

2160 5664 2382 5734 ἑώρακε
2396 5664 2493 5718 καὶ
2523 5663 2629 5717 τὸν
2655 5661 2905 5733 Πατέρα,
2935 5663 3099 5719 αὐτοῦ
3130 5664 3379 5720 ἀκούετε.
3428 5667 3575 5723 Ἐὰν
3608 5670 3744 5744 εἴπῃ

549 5839 592 5870 ⁸⁸
620 5839 809 5899 Matth.
832 5859 914 5912 ιιι,
956 5845 1053 5910 17;
1077 5861 1209 5913 xvn,
1242 5844 1305 5911 5;
1342 5844 1506 5901 Marc.
1546 5863 1583 5914 I,
1618 5847 1719 5913 ll;
1754 5845 1889 5904 Luc.
1925 5866 1997 5915 Ix,
2026 5849 2115 5905 3'3.
2166 5850 2208 5881 ⁶⁷
2238 5848 2371 5904 lhid.
2416 5847 2459 5878 “
2491 5846 2648 5903 Juan.
2685 5865 2739 5915 x,
2764 5848 2854 5903 30.
