3876 6502
58 393 196 449 £189

1432 389 1933 447 FRAGMENTUM.

3177 400 3321 458 H90

66 511 499 583 Ὀπέμψαςμε,
537 508 750 580 μείζων
778 528 899 579 μου
938 509 1067 561 ἐστὶ
1123 512 1187 582 τῇ
1231 511 1512 583 οἰκονομίᾳ
1537 510 1633 582 τὴν

1751 510 1793 564 Si
1823 510 2018 565 dixerit
2051 530 2063 565 :
2102 511 2206 577 Qui
2234 513 2367 565 videt
2403 530 2500 577 me,
2539 515 2677 568 videt
2704 524 2751 569 et
2787 514 3002 569 Patrem
3023 514 3066 547 ⁸⁹
3093 555 3109 582 ,
3136 516 3315 587 ipsum

56 602 238 674 φωνὴν
268 602 703 675 προσαρμόσατε.
744 601 867 654 Ἐὰν
897 601 1023 674 εἴπῃ
1044 619 1059 633 ο
1098 604 1235 655 Τίνα
1257 620 1333 672 με
1350 602 1638 673 λέγουσιν

56 701 107 752 ol
121 697 419 765 ἅνθρωποι
443 692 595 749 εἶναι
620 695 728 749 τὸν
758 695 894 748 flor
917 694 1022 747 τοῦ
1043 692 1376 761 ἁνθρώπου;
1408 694 1635 765 ἀποκρί-

54 790 211 845 νεσθε
230 791 364 862 πρὸς
383 788 563 843 αὐτόν·
585 788 668 842 Σὺ
686 784 743 841 εἴ
756 791 787 841 ὀ
800 790 1096 855 Χριστόςό
1110 786 1240 851 Υἱὸς
1251 786 1355 839 τοῦ
1370 788 1516 840 Θεοῦ
1532 787 1637 840 τοῦ

57 881 286 947 ζῶντος.
316 881 536 943 Τούτοις
567 883 678 943 τοῖς
714 882 949 952 ῥήμασιν
974 878 1265 950 οὐρανόθεν
1288 878 1639 950 βροντοειδῶς

57 976 119 1026 ὲκ
162 974 375 1044 Πατρὸς
412 972 623 1025 ἐλθοῦσι
654 1012 668 1033 ,
720 970 1071 1041 κατηυγάσθη
1110 970 1171 1023 τὸ
1201 970 1307 1022 τῶν
1340 968 1637 1043 ἀνθρώπων

57 1068 232 1136 γένος,
278 1067 591 1135 ἐπέγνωσαν
620 1066 881 1139 διαφορὰν
914 1064 1146 1135 Ποιητοῦ
1184 1064 1276 1117 καὶ
1310 1065 1633 1134 ποιήματος,

59 1161 332 1221 Βασιλέως
354 1159 447 1212 καὶ
478 1156 827 1229 στρατιώτου.
867 1157 1122 1227 Τεχνίτου
1154 1156 1246 1209 καὶ
1278 1157 1634 1227 τεχνήματος,

59 1255 149 1306 καὶ
178 1257 248 1323 τῇ
293 1251 471 1305 πίστει
515 1250 923 1321 βεϐαιωθέντες,
960 1248 1265 1321 προσῆλθον
1295 1247 1384 1302 διὰ
1416 1247 1510 1301 τοῦ
1542 1247 1637 1317 βα-

60 1344 362 1413 πτίσματος
401 1341 665 1404 Ἰωάννου,
692 1340 771 1410 τῷ
795 1342 851 1393 ἐν
876 1340 1153 1410 Πνεύματι
1184 1338 1278 1393 καὶ
1296 1339 1428 1409 πυρὶ
1448 1336 1640 1407 βαπτί-

60 1436 203 1497 ζοντι
254 1432 471 1504 Χριστῷ
514 1433 591 1503 τῷ
646 1431 883 1502 ἀληθινῷ
919 1431 1074 1502 ἡμῶν
1099 1429 1247 1499 Θεῷ·
1292 1428 1406 1500 μεθ’
1439 1422 1522 1489 οὗ,
1562 1427 1639 1499 τῷ

62 1526 235 1597 Πατρὶ
298 1524 444 1589 δόξα,
506 1526 600 1577 σὺν
644 1523 720 1594 τῷ
766 1524 1017 1593 παναγίῳ
1065 1524 1156 1577 καὶ
1185 1520 1433 1592 ζωοποιῷ
1465 1521 1637 1574 Πνεύ-

64 1637 189 1688 ματι
209 1637 223 1648 ·
262 1619 354 1671 νῦν
388 1619 481 1671 καὶ
510 1619 624 1683 ἀεὶ,
658 1618 751 1671 καὶ
775 1620 852 1681 εἰς
879 1619 1004 1681 τοὺς
1031 1617 1233 1680 αἰῶνας
1264 1615 1372 1669 τῶν
1405 1613 1636 1669 αἰώνων.

73 1712 266 1782 Ἀμήν.

74 1912 775 1940 γαπ-’.πε

116 1926 187 1937 ρ.-
229 1926 379 1937 υ.-.-
422 1925 1065 1936 -ε--ι--.ι--ο--ιι-

1739 603 1940 657 audite.
1979 602 2036 656 Si
2067 598 2264 657 dixerit
2299 622 2311 657 :
2347 602 2457 667 Qui
2485 621 2565 658 me
2604 607 2770 668 misit,
2816 607 2992 675 major
3039 624 3119 661 me
3149 609 3314 671 est",

1739 696 2132 766 dispensationi
2179 710 2368 751 vocem
2425 698 2697 766 adaptate.
2756 696 2812 751 Si
2872 699 3114 755 dixerit:
3151 700 3317 765 Quem

1740 804 1819 842 me
1852 788 2036 841 dicunt
2070 789 2305 842 homines
2344 805 2455 842 esse
2483 788 2685 843 Filium
2724 790 2953 845 hominis
2978 792 3063 845 7‘?
3089 807 3318 862 respon-

1739 884 1860 937 dete
1892 885 1993 954 ipsi
2025 902 2038 938 :
2074 883 2151 937 Tu
2197 901 2250 939 es
2305 882 2548 939 Christus
2603 883 2781 937 Eilius
2818 884 2914 937 Dei
2961 886 3059 938 rivi
3087 886 3150 936 τ’.
3195 884 3319 941 Istis

1738 977 1919 1031 verbis
1946 977 2163 1031 cmlitus
2191 975 2421 1030 tonitrui
2455 975 2509 1028 in
2544 977 2767 1029 modum
2803 974 3222 1043 prodeuntibus,
3255 978 3320 1029 il-

1739 1067 2063 1121 luminatum
2113 1077 2196 1122 est
2230 1067 2531 1121 humanum
2576 1082 2781 1135 genus;
2835 1077 3319 1137 cognoveruntque

1739 1158 2099 1213 differentiam
2129 1156 2410 1213 Creatoris
2428 1166 2483 1212 et
2512 1170 2799 1223 creaturae,
2829 1155 2994 1227 Regis
3023 1166 3077 1211 et
3107 1158 3317 1224 militis,

1740 1250 1960 1321 Opiﬁcis
1991 1260 2044 1305 et
2082 1250 2166 1305 sui
2200 1250 2420 1319 operis;
2454 1246 2668 1319 ﬁdeque
2703 1248 3032 1314 conﬁrmati,
3069 1265 3317 1304 accesse-

1741 1350 1870 1395 runt
1895 1355 1989 1409 per
2016 1340 2285 1409 baptisma
2319 1338 2544 1392 Joannis
2581 1339 2647 1392 ad
2676 1354 2801 1393 eum
2830 1339 2923 1408 qui
2949 1338 3000 1391 in
3033 1337 3235 1407 Spiritu
3266 1349 3321 1392 et

1740 1433 1863 1504 igne
1902 1432 2141 1502 baptizat
2163 1432 2229 1497 ⁷³,
2281 1430 2561 1488 Christum
2589 1448 2776 1487 verum
2806 1432 2975 1487 Deum
3010 1444 3257 1487 nostrum
3300 1450 3315 1486 :

1740 1540 1866 1580 cum
1896 1541 2006 1595 quo
2052 1523 2201 1579 Patri
2248 1526 2320 1581 sit
2357 1525 2551 1595 gloria,
2591 1541 2697 1580 una
2728 1541 2853 1580 cum
2880 1525 3230 1579 sanctissimo
3255 1540 3320 1579 ac

1739 1616 1957 1671 viviﬁco
2011 1616 2240 1687 Spiritu,
2282 1633 2429 1672 nunc
2460 1629 2513 1673 et
2542 1632 2777 1687 semper,
2810 1625 2868 1671 et
2896 1617 2951 1671 in
2983 1616 3181 1672 saecula
3212 1632 3317 1671 sw-

1741 1707 2011 1762 culorum.
2034 1709 2231 1763 Amen.

782 1902 3287 1935 mm

1532 1924 1855 1937 m

666 2079 785 2191 S.
884 2073 1567 2194 GREGORII
1659 2074 2716 2192 THAUMATURGI

1258 2312 2093 2403 FBAGMENTUM

658 2510 730 2570 lu
794 2505 1122 2586 Evangelii
1168 2505 1525 2568 secundum
1579 2503 1943 2567 Matthteum
1981 2522 2117 2584 cap.
2160 2524 2247 2578 Vl,
2284 2524 2442 2568 vers.
2475 2507 2577 2583 22,
2620 2508 2724 2571 23.

187 2678 465 2741 (Canum,
497 2677 603 2725 Yet.
630 2676 771 2724 Patr.
801 2669 1049 2732 Biblioth.,
1072 2676 1107 2720 t.
1127 2670 1253 2732 XIV,
1279 2684 1327 2733 p.
1362 2682 1417 2731 ιι,
1441 2683 1486 2733 p.
1514 2667 1622 2729 119,
1648 2681 1712 2717 ex
1741 2668 1921 2719 Catena
1946 2668 1994 2716 in
2016 2667 2316 2729 Matthazum,
2342 2668 2449 2718 cod.
2474 2683 2565 2718 ms.
2594 2669 2682 2718 168
2714 2671 2776 2720 cl.
2815 2672 2908 2720 viri
2933 2671 3209 2735 Mitarelli.)

144 2972 203 3024 '0
246 2971 480 3039 λύχνος
527 2970 632 3024 τοῦ
680 2968 953 3039 σώματός
1007 2970 1177 3024 ἐστιν
1223 2973 1256 3023 ό
1312 2970 1636 3039 ὀφθαλμός.

1820 2966 2061 3021 Lucerna
2110 2968 2343 3036 corporis
2367 2975 2445 3021 est
2474 2968 2680 3022 oculus.
2710 2968 2769 3022 Si
2796 2969 2960 3037 igitur
2987 2969 3171 3026 oculus
3202 2982 3324 3027 tuus

80 3063 207 3115 Ἐὰν
230 3060 352 3119 οὖν
380 3065 413 3116 ό
434 3064 739 3131 ὀφθαλμός
769 3080 883 3115 σου
912 3062 1147 3128 ἁπλοῦς
1174 3056 1234 3132 ᾖ,
1266 3061 1419 3115 ὅλον
1439 3060 1503 3114 τὸ
1531 3060 1645 3115 σῶ-

69 3154 143 3222 μά
162 3172 278 3209 σου
319 3155 610 3224 φωτεινόν
640 3158 829 3211 ἔσται.
873 3155 1006 3207 Ἐὰν
1034 3154 1101 3208 δὲ
1122 3158 1154 3209 ό
1184 3156 1491 3224 ὀφθαλμός
1529 3169 1645 3207 σου

70 3248 327 3315 πονηρὸς
344 3242 403 3318 ᾗ,
435 3247 582 3301 ὅλον
602 3248 671 3301 τὸ
694 3247 865 3318 σῶμά
893 3264 1007 3302 σου
1040 3248 1357 3301 σκοτεινὸν
1382 3248 1572 3301 ἔσται.

128 3341 193 3391 Et
223 3339 294 3391 δὲ
326 3339 391 3392 τὸ
416 3338 540 3408 φῶς
571 3340 635 3393 τὸ
660 3341 731 3393 ἐν
758 3342 880 3406 σοὶ,
910 3342 1131 3407 σκότος
1150 3340 1303 3405 ἐστὶ,
1335 3339 1399 3393 τὸ
1426 3340 1648 3403 σκότος

70 3430 259 3483 πόσον
284 3445 306 3493 ;

146 3522 377 3586 ’Δπλοῦς
422 3521 717 3592 ὀφθαλμὸς,
769 3523 803 3592 ἡ
848 3519 1207 3591 ἀνυπόκριτός
1254 3520 1401 3571 ἐστιν
1434 3516 1646 3589 ἀγάπη,

71 3614 128 3667 δι’
147 3611 211 3685 ἦς
242 3616 376 3668 ὅταν
407 3615 467 3667 τὸ
497 3614 656 3685 σῶμα
691 3614 1012 3684 φωτίζηται,
1049 3612 1124 3665 τὰ
1150 3611 1289 3664 αὑτὰ
1314 3613 1424 3673 τοῖς
1449 3610 1648 3663 ἔσωθεν

73 3699 401 3778 νοούμενοις,
444 3708 535 3760 καὶ
571 3707 659 3760 διὰ
690 3708 797 3760 τῶν
824 3705 1022 3772 ἔξωθεν
1049 3704 1229 3777 μερῶν
1266 3704 1612 3777 προφέρουσα
1631 3719 1644 3733 ο

74 3804 99 3853 ὁ
136 3802 189 3853 δὲ
222 3800 460 3871 πονηρὸς
488 3800 761 3871 ὀφθαλμός
791 3802 936 3854 ἐστιν
966 3800 998 3869 ἡ
1032 3797 1396 3870 προσποίητος
1439 3798 1648 3868 ἀγάπη,

76 3895 186 3963 ἥτις
237 3897 337 3949 καὶ
376 3895 662 3966 ὑπόκρισις
695 3894 969 3947 καλεῖται’
1019 3892 1086 3946 δι’
1128 3888 1196 3964 ἦς
1222 3892 1367 3946 ἅπαν
1404 3893 1465 3945 τὸ
1495 3892 1652 3963 σῶμα

78 3987 381 4050 σκοτίζεται
418 3987 511 4040 τοῦ
537 3986 848 4059 ἀνθρώπου.
896 3986 1056 4053 Ἀξια
1085 3988 1183 4059 μὲν
1214 3989 1437 4051 σκότους
1472 3987 1649 4061 πράγ-

1747 3060 1971 3131 simplex
2004 3061 2095 3123 sit,
2135 3070 2301 3113 totum
2347 3076 2537 3129 corpus
2582 3070 2727 3112 tuum
2774 3060 3011 3114 lucidum
3048 3064 3169 3118 erit.
3227 3065 3323 3119 Sin

1747 3160 1921 3203 autem
1950 3148 2131 3202 oculus
2165 3159 2285 3202 tuus
2316 3148 2488 3203 malus
2518 3149 2609 3215 sit,
2644 3158 2810 3202 totum
2844 3166 3031 3219 corpus
3072 3161 3219 3206 tuum
3252 3164 3328 3208 te-

1748 3241 2079 3295 nebrirosum
2107 3241 2229 3293 erit.

1821 3331 1974 3396 Quod
2008 3332 2055 3385 si
2082 3330 2255 3385 lumen
2282 3331 2422 3401 quod
2459 3332 2516 3385 in
2552 3341 2621 3400 te,
2654 3332 2951 3389 obscuritas
2985 3346 3084 3403 est,
3138 3338 3325 3393 obscu-

1750 3424 1883 3477 ritas
1913 3425 2030 3493 ipsa
2062 3434 2261 3493 quanta
2281 3426 2307 3478 ?

1824 3536 2064 3606 Simplex
2112 3536 2305 3591 oculus
2345 3546 2430 3592 est
2473 3538 2686 3593 sincera
2732 3540 2995 3606 charitas,
3040 3555 3135 3609 per
3161 3557 3328 3611 quam

1753 3637 1925 3682 totum
1954 3644 2077 3682 cum
2106 3642 2307 3698 corpus
2335 3628 2694 3696 illuminatur,
2720 3630 2865 3684 haud
2896 3632 3052 3686 aliter
3082 3632 3331 3687 internos

1751 3721 2020 3791 cogitatus
2036 3718 2262 3790 profert,
2287 3736 2450 3790 quam
2472 3736 2567 3791 per
2583 3731 2837 3777 externas
2858 3724 3103 3794 corporis
3125 3734 3326 3793 partes.

1753 3814 1958 3869 Oculus
1986 3812 2165 3867 malus
2221 3821 2305 3868 est
2333 3814 2576 3869 charitas
2599 3814 2875 3877 simulata,
2902 3831 3023 3884 quae
3044 3816 3204 3869 etiam
3233 3816 3333 3886 hy~

1751 3902 1983 3975 pocrisis
2013 3902 2166 3957 audit
2201 3920 2215 3955 :
2245 3918 2339 3971 per
2364 3918 2528 3972 quam
2563 3918 2762 3973 corpus
2799 3905 3111 3959 universum
3146 3906 3329 3959 homi-

1753 3998 1839 4052 nis
1867 3999 2214 4055 tenebrescit.
2248 3998 2511 4069 Equidem
2557 3997 2719 4067 digna
2762 4000 2999 4053 tenebris
3024 4014 3211 4068 Opera,
3242 3997 3328 4051 in-

81 4096 216 4146 ματα
257 4076 611 4149 ἐννοούμενον
650 4078 755 4151 (15)
791 4078 1023 4133 ἔσωθεν
1085 4078 1172 4132 διὰ
1212 4079 1269 4133 δὲ
1308 4079 1415 4132 τῶν
1456 4078 1638 4144 ἐξωθει

1754 4086 2008 4142 teriorem
2058 4087 2332 4142 hominem
2387 4088 2714 4157 cogitamus,
2770 4089 2861 4141 sed
2914 4103 3009 4157 per
3058 4087 3329 4141 exteriora

80 4172 273 4241 μερῶν,
303 4171 484 4240 φωτὸς
506 4166 642 4223 εἶναι
677 4172 935 4225 δοκοῦντα.
969 4172 1242 4245 προφέρον
1277 4174 1524 4243 ῥήματα·
1562 4173 1638 4225 λύ-

1756 4180 2021 4245 membra,
2063 4179 2332 4250 ejusmodi
2385 4180 2549 4233 verba
2598 4178 2983 4246 proferentem,
3036 4194 3160 4248 qua:
3192 4178 3330 4233 lucis

81 4280 156 4315 κοι
181 4265 288 4336 γάρ
324 4266 465 4316 εἰσιν
492 4263 566 4327 ὡς
597 4264 831 4336 ἀληθῶς,
883 4265 1170 4337 προὸάτων
1204 4266 1632 4338 περιϐεϐλημένο

1756 4288 1879 4327 esse
1909 4271 2217 4327 videantur.
2257 4270 2395 4340 Lupi
2423 4271 2567 4325 enim
2595 4282 2719 4325 sunt
2745 4287 2951 4335 revera,
2980 4271 3150 4324 induti
3169 4269 3329 4323 ovina

79 4353 261 4425 δοράςο
292 4360 343 4410 οἱ
379 4356 439 4409 τὸ
472 4356 669 4421 ἔξωθεν
696 4356 788 4409 τοῦ
816 4358 1076 4431 ποτηρίου
1109 4358 1203 4413 καὶ
1228 4359 1328 4430 τῆς
1360 4359 1638 4432 παροψίδος

1757 4363 1894 4432 pelle
1923 4380 1937 4417 :
1962 4362 2055 4432 qui
2083 4371 2309 4417 externa
2330 4362 2510 4432 poculi
2538 4371 2591 4417 et
2617 4363 2790 4417 laneis
2817 4363 3084 4416 duntaxat
3107 4361 3333 4415 abluen—

84 4448 231 4515 μόνον
263 4450 581 4513 πλύνοντες,
610 4451 702 4503 καὶ
724 4450 823 4503 οὐκ
856 4451 1079 4516 εἰδότες,
1105 4453 1187 4505 ὃτι
1215 4452 1310 4506 ἐὰν
1343 4454 1415 4525 μὴ
1444 4454 1502 4506 τὸ
1522 4453 1638 4507 ἔσω

1760 4465 1861 4518 tes,
1891 4470 2000 4510 non
2037 4455 2240 4521 vident,
2290 4455 2437 4524 quod
2464 4454 2567 4509 nisi
2600 4454 2793 4508 horum
2826 4454 3037 4508 interna
3064 4453 3333 4507 munden-

83 4538 164 4591 θεν
192 4542 404 4595 τούτων
434 4542 759 4613 καθαρισθῇ,
783 4542 904 4596 οὐδὲ
937 4543 997 4595 τὸ
1020 4542 1215 4607 ἔξωθεν
1248 4544 1486 4615 καθαρὸν
1506 4545 1635 4598 δύνα

1762 4556 1868 4614 tur,
1911 4562 1982 4603 ne
2021 4556 2247 4603 externa
2289 4547 2509 4618 quidem
2542 4547 2745 4601 munda
2777 4561 2898 4600 esse
2925 4558 3169 4615 possunt.
3200 4543 3333 4597 Pro-

81 4636 453 4704 ταιγενέσθαι.
485 4637 681 4708 Διόπερ
696 4637 915 4698 τούτους
945 4638 1131 4706 σαφῶς
1164 4637 1420 4708 ἐλέγχων,
1440 4640 1602 4709 φησὶν
1627 4643 1638 4689 ι

1758 4639 2081 4713 pterea‘hos
2132 4641 2421 4695 manifeste
2470 4654 2791 4709 coarguens,
2842 4639 2918 4691 ait
2951 4636 3230 4690 Salvator:
3274 4634 3336 4688 Si

82 4726 286 4800 Σωτὴρ,
305 4729 410 4781 ὅτι·
438 4729 510 4781 Ei
530 4728 595 4781 τὸ
624 4728 751 4796 φῶς
770 4728 833 4781 τὸ
861 4728 1064 4791 ero-oi,
1082 4730 1320 4795 σκότος,
1350 4734 1413 4800 τῷ
1436 4732 1638 4798 σκότος

1759 4733 1936 4786 lumen
1984 4732 2123 4802 quod
2144 4733 2199 4785 in
2221 4742 2289 4798 te,
2327 4732 2569 4794 tenebraz,
2598 4733 2818 4784 tenebrae
2847 4731 2972 4799 ipsa!
3023 4739 3235 4799 quantm
3250 4728 3336 4781 ⁷δὲ

82 4820 292 4883 πόσωτ
313 4819 603 4871 Τουτέστιν
622 4835 637 4849 ⁸
661 4822 709 4872 εἰ
740 4823 771 4893 ἡ
801 4821 1033 4875 δοκοῦσά
1061 4838 1141 4874 σοι
1168 4803 1506 4893 ἁγάπῆξῖναι
1524 4822 1638 4893 φῶς

1762 4823 1817 4879 Id
1868 4832 1971 4888 est,
2019 4824 2063 4877 si
2115 4839 2236 4893 qua:
2288 4823 2382 4875 tibi
2437 4821 2650 4875 videtur
2692 4820 2933 4873 charitas
2976 4820 3155 4873 lumen
3189 4832 3333 4879 esse,

80 4908 159 4965 διὰ
184 4912 281 4984 τὴν
303 4915 362 4965 ὲν
391 4914 472 4965 σοὶ
496 4914 881 4984 κεκρυμμένην
915 4913 1202 4985 ὑπόκρισιν
1247 4914 1471 4977 σκότους
1516 4916 1638 4982 ἄξιά

1762 4926 1981 4987 propter
2026 4917 2280 4970 latentem
2321 4914 2373 4967 in
2417 4921 2467 4967 te
2495 4911 2807 4983 hypocrisin
2832 4925 2968 4979 opus
2993 4918 3075 4963 est
3097 4907 3339 4965 tenebris

80 5002 221 5057 ἐστιν
270 5006 457 5077 ἔργον,
503 5004 555 5057 τί
602 5006 670 5059 τὰ
703 5007 951 5077 προφανῆ
986 5024 1076 5060 σου
1104 5006 1557 5078 παραπτώματα;

1763 5008 2010 5077 dignum,
2039 5006 2169 5076 quid
2195 5015 2356 5059 erunt
2387 5013 2481 5058 tua
2509 5000 2795 5057 manifesta
2830 4998 3070 5059 scelera?

85 5242 111 5279 ν
148 5158 389 5283 “agnam
432 5176 545 5227 nv,
580 5160 632 5214 9.
689 5162 733 5191 7°
758 5160 889 5217 Ibid.
924 5161 1014 5215 ‘28.
1086 5163 1127 5193 ⁷¹
1159 5160 1349 5216 Matth.
1382 5177 1494 5228 xw,
1532 5161 1617 5215 15.

114 5244 151 5283 ι.
257 5268 273 5283 .

1763 5159 1895 5215 Ibid.
1927 5160 2017 5218 16.
2094 5159 2141 5190 ⁷³
2170 5157 2361 5213 Matth.
2396 5172 2475 5223 ιιι,
2508 5156 2563 5210 li
2593 5174 2606 5222 ;
2634 5153 2766 5209 Luc.
2800 5169 2881 5221 ιιι,
2910 5152 2999 5208 16.
3069 5153 3115 5185 ⁷⁸
3143 5151 3337 5211 Matth.

114 5244 151 5289 i,
182 5244 273 5283 ‘20.

147 5385 260 5458 (25)
309 5385 475 5442 Forte
502 5388 786 5459 ἐννοοῦμεν
811 5390 923 5452 τόν,
954 5397 1008 5443 et
1038 5404 1157 5441 mox
1193 5386 1546 5462 προφέροντα.
