  <div class='ocr_page' id='page_1' title='image "/cluster/home/n/w/nwhite01/storage/ocr_20150623/10/hvd.32044019207620/608.png"; bbox 0 0 3876 6536; ppageno 0'>
   <div class='ocr_carea' id='block_1_1' title="bbox 239 363 378 422">
    <p class='ocr_par' dir='ltr' id='par_1_1' title="bbox 239 363 378 422">
     <span class='ocr_line' id='line_1_1' title="bbox 239 363 378 422; baseline 0.014 -3"><span class='ocrx_word' id='word_1_1' title='bbox 239 363 378 422; x_wconf 65' lang='grc'><strong>1261</strong></span> 
     </span>
    </p>
   </div>
   <div class='ocr_carea' id='block_1_2' title="bbox 1384 368 2356 435">
    <p class='ocr_par' dir='ltr' id='par_1_2' title="bbox 1384 368 2356 435">
     <span class='ocr_line' id='line_1_2' title="bbox 1384 368 2356 435; baseline 0.011 -12"><span class='ocrx_word' id='word_1_2' title='bbox 1384 368 1611 425; x_wconf 82' lang='lat' dir='ltr'><strong>SERMO</strong></span> <span class='ocrx_word' id='word_1_3' title='bbox 1650 369 1718 425; x_wconf 84' lang='lat' dir='ltr'><strong>1N</strong></span> <span class='ocrx_word' id='word_1_4' title='bbox 1759 371 1988 431; x_wconf 74' lang='lat' dir='ltr'><strong>OMNES</strong></span> <span class='ocrx_word' id='word_1_5' title='bbox 2025 375 2356 435; x_wconf 77' lang='lat' dir='ltr'><strong>SANCTOS.</strong></span> 
     </span>
    </p>
   </div>
   <div class='ocr_carea' id='block_1_3' title="bbox 3339 382 3476 439">
    <p class='ocr_par' dir='ltr' id='par_1_3' title="bbox 3339 382 3476 439">
     <span class='ocr_line' id='line_1_3' title="bbox 3339 382 3476 439; baseline 0.015 -2"><span class='ocrx_word' id='word_1_6' title='bbox 3339 382 3476 439; x_wconf 64' lang='grc'>1202</span> 
     </span>
    </p>
   </div>
   <div class='ocr_carea' id='block_1_4' title="bbox 233 483 1791 569">
    <p class='ocr_par' dir='ltr' id='par_1_4' title="bbox 233 483 1784 565">
     <span class='ocr_line' id='line_1_4' title="bbox 233 483 1784 565; baseline 0.005 -26"><span class='ocrx_word' id='word_1_7' title='bbox 233 501 332 547; x_wconf 79' lang='grc' dir='ltr'><strong>τος</strong></span> <span class='ocrx_word' id='word_1_8' title='bbox 363 483 739 555; x_wconf 84' lang='grc' dir='ltr'><strong>ἀναπηδῶντες</strong></span> <span class='ocrx_word' id='word_1_9' title='bbox 772 485 907 556; x_wconf 72' lang='grc' dir='ltr'>πρὸς</span> <span class='ocrx_word' id='word_1_10' title='bbox 940 485 1183 558; x_wconf 80' lang='grc' dir='ltr'>ούρανόν.</span> <span class='ocrx_word' id='word_1_11' title='bbox 1225 488 1305 542; x_wconf 76' lang='grc' dir='ltr'><strong>Τὰ</strong></span> <span class='ocrx_word' id='word_1_12' title='bbox 1343 490 1475 562; x_wconf 83' lang='grc' dir='ltr'>μέλη</span> <span class='ocrx_word' id='word_1_13' title='bbox 1501 492 1784 565; x_wconf 61' lang='grc' dir='ltr'>διασκορτϋ</span> 
     </span>
    </p>
   </div>
   <div class='ocr_carea' id='block_1_5' title="bbox 1903 483 3474 569">
    <p class='ocr_par' dir='ltr' id='par_1_5' title="bbox 1910 495 3474 569">
     <span class='ocr_line' id='line_1_5' title="bbox 1910 495 3474 569; baseline 0.005 -20"><span class='ocrx_word' id='word_1_14' title='bbox 1910 495 2039 551; x_wconf 89' lang='lat' dir='ltr'><strong>dum</strong></span> <span class='ocrx_word' id='word_1_15' title='bbox 2083 514 2250 552; x_wconf 91' lang='lat' dir='ltr'><strong>unum</strong></span> <span class='ocrx_word' id='word_1_16' title='bbox 2280 498 2527 569; x_wconf 91' lang='lat' dir='ltr'><strong>idemque</strong></span> <span class='ocrx_word' id='word_1_17' title='bbox 2559 515 2682 553; x_wconf 90' lang='lat' dir='ltr'><strong>cum</strong></span> <span class='ocrx_word' id='word_1_18' title='bbox 2715 499 3132 556; x_wconf 78' lang='lat' dir='ltr'><strong>adolescentulis</strong></span> <span class='ocrx_word' id='word_1_19' title='bbox 3173 501 3275 556; x_wconf 72' lang='lat' dir='ltr'><strong>vite</strong></span> <span class='ocrx_word' id='word_1_20' title='bbox 3308 502 3474 557; x_wconf 79' lang='lat' dir='ltr'><strong>sociis</strong></span> 
     </span>
    </p>
   </div>
   <div class='ocr_carea' id='block_1_6' title="bbox 235 573 1809 652">
    <p class='ocr_par' dir='ltr' id='par_1_6' title="bbox 235 573 1809 652">
     <span class='ocr_line' id='line_1_6' title="bbox 235 573 1809 652; baseline 0.003 -21"><span class='ocrx_word' id='word_1_21' title='bbox 235 573 424 639; x_wconf 81' lang='grc' dir='ltr'>ζοντες</span> <span class='ocrx_word' id='word_1_22' title='bbox 449 575 535 628; x_wconf 78' lang='grc' dir='ltr'>ἵνα</span> <span class='ocrx_word' id='word_1_23' title='bbox 562 574 827 644; x_wconf 78' lang='grc' dir='ltr'>σφίγξωσι</span> <span class='ocrx_word' id='word_1_24' title='bbox 857 577 954 639; x_wconf 78' lang='grc' dir='ltr'>τὰς</span> <span class='ocrx_word' id='word_1_25' title='bbox 970 577 1166 647; x_wconf 70' lang='grc' dir='ltr'>ψυχὰς,</span> <span class='ocrx_word' id='word_1_26' title='bbox 1197 578 1264 632; x_wconf 73' lang='grc' dir='ltr'>τὰ</span> <span class='ocrx_word' id='word_1_27' title='bbox 1299 579 1508 650; x_wconf 82' lang='grc' dir='ltr'>κλῇθρα</span> <span class='ocrx_word' id='word_1_28' title='bbox 1540 582 1636 652; x_wconf 81' lang='grc' dir='ltr'>τῆς</span> <span class='ocrx_word' id='word_1_29' title='bbox 1665 582 1809 652; x_wconf 79' lang='grc' dir='ltr'>ζωῆς</span> 
     </span>
    </p>
   </div>
   <div class='ocr_carea' id='block_1_7' title="bbox 235 666 1805 744">
    <p class='ocr_par' dir='ltr' id='par_1_7' title="bbox 235 666 1805 744">
     <span class='ocr_line' id='line_1_7' title="bbox 235 666 1805 744; baseline 0.004 -23"><span class='ocrx_word' id='word_1_30' title='bbox 235 669 630 739; x_wconf 72' lang='grc' dir='ltr'>διαρρήξαντες</span> <span class='ocrx_word' id='word_1_31' title='bbox 663 666 751 719; x_wconf 81' lang='grc' dir='ltr'>ἵνα</span> <span class='ocrx_word' id='word_1_32' title='bbox 790 668 887 730; x_wconf 74' lang='grc' dir='ltr'>τὰς</span> <span class='ocrx_word' id='word_1_33' title='bbox 927 667 1074 732; x_wconf 87' lang='grc' dir='ltr'>κλεῖς</span> <span class='ocrx_word' id='word_1_34' title='bbox 1112 670 1364 735; x_wconf 82' lang='grc' dir='ltr'>ἀνοίξωσι</span> <span class='ocrx_word' id='word_1_35' title='bbox 1405 671 1510 725; x_wconf 88' lang='grc' dir='ltr'><strong>τῶν</strong></span> <span class='ocrx_word' id='word_1_36' title='bbox 1545 674 1805 744; x_wconf 81' lang='grc' dir='ltr'><strong>οὐρανῶν.</strong></span> 
     </span>
    </p>
   </div>
   <div class='ocr_carea' id='block_1_8' title="bbox 248 757 1810 837">
    <p class='ocr_par' dir='ltr' id='par_1_8' title="bbox 248 757 1810 837">
     <span class='ocr_line' id='line_1_8' title="bbox 248 757 1810 837; baseline 0.003 -24"><span class='ocrx_word' id='word_1_37' title='bbox 248 759 310 813; x_wconf 81' lang='grc' dir='ltr'><strong>Ὀ</strong></span> <span class='ocrx_word' id='word_1_38' title='bbox 337 759 580 812; x_wconf 86' lang='grc' dir='ltr'>ἀπιστῶν</span> <span class='ocrx_word' id='word_1_39' title='bbox 609 759 690 812; x_wconf 84' lang='grc' dir='ltr'><strong>ὅτι</strong></span> <span class='ocrx_word' id='word_1_40' title='bbox 725 757 952 824; x_wconf 80' lang='grc' dir='ltr'>Θάνατος</span> <span class='ocrx_word' id='word_1_41' title='bbox 996 761 1367 823; x_wconf 87' lang='grc' dir='ltr'>καταλέλυται,</span> <span class='ocrx_word' id='word_1_42' title='bbox 1403 762 1535 834; x_wconf 78' lang='grc' dir='ltr'>ᾅδης</span> <span class='ocrx_word' id='word_1_43' title='bbox 1565 766 1810 837; x_wconf 76' lang='grc' dir='ltr'>πεπάτη-</span> 
     </span>
    </p>
   </div>
   <div class='ocr_carea' id='block_1_9' title="bbox 235 848 1808 928">
    <p class='ocr_par' dir='ltr' id='par_1_9' title="bbox 235 848 1808 928">
     <span class='ocr_line' id='line_1_9' title="bbox 235 848 1808 928; baseline 0.004 -25"><span class='ocrx_word' id='word_1_44' title='bbox 235 868 367 914; x_wconf 88' lang='grc' dir='ltr'>ται,</span> <span class='ocrx_word' id='word_1_45' title='bbox 411 850 494 903; x_wconf 84' lang='grc' dir='ltr'>ὅτι</span> <span class='ocrx_word' id='word_1_46' title='bbox 540 848 726 903; x_wconf 82' lang='grc' dir='ltr'>τούτου</span> <span class='ocrx_word' id='word_1_47' title='bbox 763 849 832 918; x_wconf 79' lang='grc' dir='ltr'>τᾲ</span> <span class='ocrx_word' id='word_1_48' title='bbox 875 850 1047 922; x_wconf 86' lang='grc' dir='ltr'>δεσμά</span> <span class='ocrx_word' id='word_1_49' title='bbox 1085 852 1377 924; x_wconf 79' lang='grc' dir='ltr'>διερρἀη·</span> <span class='ocrx_word' id='word_1_50' title='bbox 1419 857 1502 909; x_wconf 83' lang='grc' dir='ltr'><strong>ὃτι</strong></span> <span class='ocrx_word' id='word_1_51' title='bbox 1550 857 1808 928; x_wconf 83' lang='grc' dir='ltr'>τύραννος</span> 
     </span>
    </p>
   </div>
   <div class='ocr_carea' id='block_1_10' title="bbox 233 941 1810 1015">
    <p class='ocr_par' dir='ltr' id='par_1_10' title="bbox 233 941 1810 1015">
     <span class='ocr_line' id='line_1_10' title="bbox 233 941 1810 1015; baseline 0.004 -19"><span class='ocrx_word' id='word_1_52' title='bbox 233 943 448 996; x_wconf 75' lang='grc' dir='ltr'><strong>δέδεται</strong></span> <span class='ocrx_word' id='word_1_53' title='bbox 472 959 486 973; x_wconf 75' lang='grc' dir='ltr'><strong>ο</strong></span> <span class='ocrx_word' id='word_1_54' title='bbox 527 941 769 1012; x_wconf 81' lang='grc' dir='ltr'><strong>βλεπέτω</strong></span> <span class='ocrx_word' id='word_1_55' title='bbox 815 942 1096 1015; x_wconf 79' lang='grc' dir='ltr'>μάρτυρας</span> <span class='ocrx_word' id='word_1_56' title='bbox 1141 945 1508 1010; x_wconf 86' lang='grc' dir='ltr'>κυϐιστῶντας</span> <span class='ocrx_word' id='word_1_57' title='bbox 1543 948 1683 1001; x_wconf 84' lang='grc' dir='ltr'><strong>κατά</strong></span> <span class='ocrx_word' id='word_1_58' title='bbox 1717 949 1810 1002; x_wconf 90' lang='grc' dir='ltr'>θα-</span> 
     </span>
    </p>
   </div>
   <div class='ocr_carea' id='block_1_11' title="bbox 234 1031 1804 1108">
    <p class='ocr_par' dir='ltr' id='par_1_11' title="bbox 234 1031 1804 1108">
     <span class='ocr_line' id='line_1_11' title="bbox 234 1031 1804 1108; baseline 0.005 -23"><span class='ocrx_word' id='word_1_59' title='bbox 234 1032 433 1094; x_wconf 77' lang='grc' dir='ltr'>νάτου,</span> <span class='ocrx_word' id='word_1_60' title='bbox 480 1032 573 1084; x_wconf 77' lang='grc' dir='ltr'><strong>καὶ</strong></span> <span class='ocrx_word' id='word_1_61' title='bbox 605 1031 702 1102; x_wconf 76' lang='grc' dir='ltr'><strong>τὴν</strong></span> <span class='ocrx_word' id='word_1_62' title='bbox 740 1032 832 1084; x_wconf 77' lang='grc' dir='ltr'>τοῦ</span> <span class='ocrx_word' id='word_1_63' title='bbox 877 1033 1112 1104; x_wconf 78' lang='grc' dir='ltr'><strong>Χριστοῦ</strong></span> <span class='ocrx_word' id='word_1_64' title='bbox 1154 1035 1308 1107; x_wconf 82' lang='grc' dir='ltr'>νίκην</span> <span class='ocrx_word' id='word_1_65' title='bbox 1346 1037 1804 1108; x_wconf 74' lang='grc' dir='ltr'>ἁνευφημοῦντας.</span> 
     </span>
    </p>
   </div>
   <div class='ocr_carea' id='block_1_12' title="bbox 239 1120 1808 1202">
    <p class='ocr_par' dir='ltr' id='par_1_12' title="bbox 239 1120 1808 1202">
     <span class='ocr_line' id='line_1_12' title="bbox 239 1120 1808 1202; baseline 0.004 -26"><span class='ocrx_word' id='word_1_66' title='bbox 239 1123 308 1176; x_wconf 83' lang='grc' dir='ltr'>Ὦ</span> <span class='ocrx_word' id='word_1_67' title='bbox 363 1123 456 1177; x_wconf 79' lang='grc' dir='ltr'>τοῦ</span> <span class='ocrx_word' id='word_1_68' title='bbox 517 1122 811 1194; x_wconf 82' lang='grc' dir='ltr'>θαύματος.</span> <span class='ocrx_word' id='word_1_69' title='bbox 873 1126 987 1193; x_wconf 80' lang='grc' dir='ltr'><strong>Ἀφ’</strong></span> <span class='ocrx_word' id='word_1_70' title='bbox 1031 1120 1198 1199; x_wconf 75' lang='grc' dir='ltr'>οὗπερ</span> <span class='ocrx_word' id='word_1_71' title='bbox 1248 1128 1479 1199; x_wconf 79' lang='grc' dir='ltr'>Χριστὸς</span> <span class='ocrx_word' id='word_1_72' title='bbox 1534 1129 1624 1182; x_wconf 82' lang='grc' dir='ltr'><strong>τὸν</strong></span> <span class='ocrx_word' id='word_1_73' title='bbox 1675 1129 1808 1202; x_wconf 76' lang='grc' dir='ltr'>ᾅδην</span> 
     </span>
    </p>
   </div>
   <div class='ocr_carea' id='block_1_13' title="bbox 234 1215 1802 1289">
    <p class='ocr_par' dir='ltr' id='par_1_13' title="bbox 234 1215 1802 1289">
     <span class='ocr_line' id='line_1_13' title="bbox 234 1215 1802 1289; baseline 0.005 -21"><span class='ocrx_word' id='word_1_74' title='bbox 234 1215 589 1279; x_wconf 74' lang='grc' dir='ltr'>ἐσκύλευσεν,</span> <span class='ocrx_word' id='word_1_75' title='bbox 632 1215 906 1288; x_wconf 83' lang='grc' dir='ltr'>ἄνθρωποι</span> <span class='ocrx_word' id='word_1_76' title='bbox 958 1221 1382 1289; x_wconf 83' lang='grc' dir='ltr'>κατωρχήσαντο</span> <span class='ocrx_word' id='word_1_77' title='bbox 1419 1219 1512 1273; x_wconf 71' lang='grc' dir='ltr'>τοῦ</span> <span class='ocrx_word' id='word_1_78' title='bbox 1551 1221 1802 1276; x_wconf 76' lang='grc' dir='ltr'><strong>Θανάτου.</strong></span> 
     </span>
    </p>
   </div>
   <div class='ocr_carea' id='block_1_14' title="bbox 232 1306 1806 1382">
    <p class='ocr_par' dir='ltr' id='par_1_14' title="bbox 232 1306 1806 1382">
     <span class='ocr_line' id='line_1_14' title="bbox 232 1306 1806 1382; baseline 0.004 -22"><span class='ocrx_word' id='word_1_79' title='bbox 232 1307 360 1361; x_wconf 88' lang='grc' dir='ltr'><strong>Ποῦ</strong></span> <span class='ocrx_word' id='word_1_80' title='bbox 387 1323 522 1371; x_wconf 83' lang='grc' dir='ltr'>σου,</span> <span class='ocrx_word' id='word_1_81' title='bbox 549 1306 784 1369; x_wconf 80' lang='grc' dir='ltr'><strong>θάνατε,</strong></span> <span class='ocrx_word' id='word_1_82' title='bbox 817 1309 882 1362; x_wconf 83' lang='grc' dir='ltr'>τὸ</span> <span class='ocrx_word' id='word_1_83' title='bbox 924 1308 1208 1377; x_wconf 82' lang='grc' dir='ltr'>κέντρον;</span> <span class='ocrx_word' id='word_1_84' title='bbox 1234 1311 1351 1364; x_wconf 80' lang='grc' dir='ltr'><strong>ποῦ</strong></span> <span class='ocrx_word' id='word_1_85' title='bbox 1391 1328 1528 1378; x_wconf 84' lang='grc' dir='ltr'>σου,</span> <span class='ocrx_word' id='word_1_86' title='bbox 1563 1313 1697 1382; x_wconf 81' lang='grc' dir='ltr'>ᾅδη,</span> <span class='ocrx_word' id='word_1_87' title='bbox 1739 1315 1806 1367; x_wconf 84' lang='grc' dir='ltr'>τὸ</span> 
     </span>
    </p>
   </div>
   <div class='ocr_carea' id='block_1_15' title="bbox 232 1398 1806 1476">
    <p class='ocr_par' dir='ltr' id='par_1_15' title="bbox 232 1398 1806 1476">
     <span class='ocr_line' id='line_1_15' title="bbox 232 1398 1806 1476; baseline 0.006 -25"><span class='ocrx_word' id='word_1_88' title='bbox 232 1398 440 1463; x_wconf 73' lang='grc' dir='ltr'>νῖκος;</span> <span class='ocrx_word' id='word_1_89' title='bbox 481 1399 828 1454; x_wconf 86' lang='grc' dir='ltr'>Ἐσκύλευται</span> <span class='ocrx_word' id='word_1_90' title='bbox 855 1402 884 1453; x_wconf 96' lang='lat'><strong>6</strong></span> <span class='ocrx_word' id='word_1_91' title='bbox 916 1399 1047 1472; x_wconf 71' lang='grc' dir='ltr'>ᾅδης</span> <span class='ocrx_word' id='word_1_92' title='bbox 1081 1402 1174 1455; x_wconf 75' lang='grc' dir='ltr'>καὶ</span> <span class='ocrx_word' id='word_1_93' title='bbox 1209 1404 1237 1455; x_wconf 97' lang='lat'><strong>6</strong></span> <span class='ocrx_word' id='word_1_94' title='bbox 1265 1402 1505 1468; x_wconf 80' lang='grc' dir='ltr'>διάϐολος</span> <span class='ocrx_word' id='word_1_95' title='bbox 1525 1421 1538 1435; x_wconf 87' lang='grc'><strong>·</strong></span> <span class='ocrx_word' id='word_1_96' title='bbox 1585 1406 1677 1459; x_wconf 76' lang='grc' dir='ltr'>καὶ</span> <span class='ocrx_word' id='word_1_97' title='bbox 1710 1407 1806 1476; x_wconf 82' lang='grc' dir='ltr'>τῆς</span> 
     </span>
    </p>
   </div>
   <div class='ocr_carea' id='block_1_16' title="bbox 231 1488 1798 1566">
    <p class='ocr_par' dir='ltr' id='par_1_16' title="bbox 231 1488 1798 1566">
     <span class='ocr_line' id='line_1_16' title="bbox 231 1488 1798 1566; baseline 0.006 -24"><span class='ocrx_word' id='word_1_98' title='bbox 231 1488 471 1560; x_wconf 79' lang='grc' dir='ltr'><strong>ἀρχαίας</strong></span> <span class='ocrx_word' id='word_1_99' title='bbox 503 1489 780 1561; x_wconf 76' lang='grc' dir='ltr'>ἀφῄρηται</span> <span class='ocrx_word' id='word_1_100' title='bbox 825 1491 1121 1556; x_wconf 83' lang='grc' dir='ltr'>πανοπλίας</span> <span class='ocrx_word' id='word_1_101' title='bbox 1141 1509 1152 1521; x_wconf 89' lang='grc'>·</span> <span class='ocrx_word' id='word_1_102' title='bbox 1182 1492 1273 1545; x_wconf 73' lang='grc' dir='ltr'><strong>καὶ</strong></span> <span class='ocrx_word' id='word_1_103' title='bbox 1305 1493 1396 1546; x_wconf 75' lang='grc' dir='ltr'>τοῦ</span> <span class='ocrx_word' id='word_1_104' title='bbox 1439 1494 1638 1548; x_wconf 85' lang='grc' dir='ltr'>οίκείου</span> <span class='ocrx_word' id='word_1_105' title='bbox 1669 1497 1798 1566; x_wconf 79' lang='grc' dir='ltr'>κρά-</span> 
     </span>
    </p>
   </div>
   <div class='ocr_carea' id='block_1_17' title="bbox 230 1578 1806 1656">
    <p class='ocr_par' dir='ltr' id='par_1_17' title="bbox 230 1578 1806 1656">
     <span class='ocr_line' id='line_1_17' title="bbox 230 1578 1806 1656; baseline 0.004 -26"><span class='ocrx_word' id='word_1_106' title='bbox 230 1595 359 1642; x_wconf 83' lang='grc' dir='ltr'><strong>τους</strong></span> <span class='ocrx_word' id='word_1_107' title='bbox 400 1578 754 1649; x_wconf 83' lang='grc' dir='ltr'>ὲκϐέϐληται·</span> <span class='ocrx_word' id='word_1_108' title='bbox 793 1580 885 1633; x_wconf 76' lang='grc' dir='ltr'><strong>καὶ</strong></span> <span class='ocrx_word' id='word_1_109' title='bbox 921 1580 1169 1652; x_wconf 78' lang='grc' dir='ltr'>καθάπερ</span> <span class='ocrx_word' id='word_1_110' title='bbox 1210 1583 1238 1634; x_wconf 88' lang='lat'><strong>6</strong></span> <span class='ocrx_word' id='word_1_111' title='bbox 1283 1582 1473 1636; x_wconf 74' lang='grc' dir='ltr'>Γολιὰθ</span> <span class='ocrx_word' id='word_1_112' title='bbox 1518 1583 1595 1654; x_wconf 81' lang='grc' dir='ltr'>τῷ</span> <span class='ocrx_word' id='word_1_113' title='bbox 1624 1585 1806 1656; x_wconf 80' lang='grc' dir='ltr'>οἰκείῳ</span> 
     </span>
    </p>
   </div>
   <div class='ocr_carea' id='block_1_18' title="bbox 232 1675 1804 1752">
    <p class='ocr_par' dir='ltr' id='par_1_18' title="bbox 232 1675 1804 1752">
     <span class='ocr_line' id='line_1_18' title="bbox 232 1675 1804 1752; baseline 0.008 -25"><span class='ocrx_word' id='word_1_114' title='bbox 232 1675 380 1745; x_wconf 79' lang='grc' dir='ltr'>ξίφει</span> <span class='ocrx_word' id='word_1_115' title='bbox 417 1678 514 1747; x_wconf 81' lang='grc' dir='ltr'>τὴν</span> <span class='ocrx_word' id='word_1_116' title='bbox 561 1678 802 1750; x_wconf 70' lang='grc' dir='ltr'>κεφαλὴν</span> <span class='ocrx_word' id='word_1_117' title='bbox 835 1681 1147 1752; x_wconf 82' lang='grc' dir='ltr'><strong>ἀπετμήθη,</strong></span> <span class='ocrx_word' id='word_1_118' title='bbox 1193 1681 1334 1734; x_wconf 75' lang='grc' dir='ltr'>οὕτω</span> <span class='ocrx_word' id='word_1_119' title='bbox 1379 1683 1470 1736; x_wconf 71' lang='grc' dir='ltr'><strong>καὶ</strong></span> <span class='ocrx_word' id='word_1_120' title='bbox 1507 1687 1536 1738; x_wconf 90' lang='lat'><strong>6</strong></span> <span class='ocrx_word' id='word_1_121' title='bbox 1565 1685 1804 1750; x_wconf 81' lang='grc' dir='ltr'>διάϐολος</span> 
     </span>
    </p>
   </div>
   <div class='ocr_carea' id='block_1_19' title="bbox 231 1767 1802 1846">
    <p class='ocr_par' dir='ltr' id='par_1_19' title="bbox 231 1767 1802 1846">
     <span class='ocr_line' id='line_1_19' title="bbox 231 1767 1802 1846; baseline 0.006 -27"><span class='ocrx_word' id='word_1_122' title='bbox 231 1767 466 1821; x_wconf 78' lang='grc' dir='ltr'>θάνατον</span> <span class='ocrx_word' id='word_1_123' title='bbox 500 1771 784 1841; x_wconf 72' lang='grc' dir='ltr'>γεννήσας,</span> <span class='ocrx_word' id='word_1_124' title='bbox 819 1771 906 1824; x_wconf 87' lang='grc' dir='ltr'>διά</span> <span class='ocrx_word' id='word_1_125' title='bbox 946 1771 1175 1825; x_wconf 79' lang='grc' dir='ltr'>θανάτου</span> <span class='ocrx_word' id='word_1_126' title='bbox 1208 1773 1530 1844; x_wconf 74' lang='grc' dir='ltr'>τροποῦταιο</span> <span class='ocrx_word' id='word_1_127' title='bbox 1569 1777 1663 1830; x_wconf 73' lang='grc' dir='ltr'><strong>καὶ</strong></span> <span class='ocrx_word' id='word_1_128' title='bbox 1707 1777 1802 1846; x_wconf 79' lang='grc' dir='ltr'><strong>τὴν</strong></span> 
     </span>
    </p>
   </div>
   <div class='ocr_carea' id='block_1_20' title="bbox 1912 587 3468 662">
    <p class='ocr_par' dir='ltr' id='par_1_20' title="bbox 1912 587 3468 662">
     <span class='ocr_line' id='line_1_20' title="bbox 1912 587 3468 662; baseline 0.004 -21"><span class='ocrx_word' id='word_1_129' title='bbox 1912 587 2012 642; x_wconf 90' lang='lat' dir='ltr'><strong>iter</strong></span> <span class='ocrx_word' id='word_1_130' title='bbox 2039 589 2149 659; x_wconf 78' lang='grc'>(21)</span> <span class='ocrx_word' id='word_1_131' title='bbox 2188 589 2469 658; x_wconf 86' lang='lat' dir='ltr'><strong>impulere.</strong></span> <span class='ocrx_word' id='word_1_132' title='bbox 2506 588 2568 643; x_wconf 85' lang='lat' dir='ltr'><strong>Hi</strong></span> <span class='ocrx_word' id='word_1_133' title='bbox 2614 591 2859 658; x_wconf 83' lang='lat' dir='ltr'><strong>pusillos,</strong></span> <span class='ocrx_word' id='word_1_134' title='bbox 2911 592 3167 661; x_wconf 86' lang='lat' dir='ltr'><strong>humique</strong></span> <span class='ocrx_word' id='word_1_135' title='bbox 3199 601 3468 662; x_wconf 75' lang='lat' dir='ltr'><strong>reptantes</strong></span> 
     </span>
    </p>
   </div>
   <div class='ocr_carea' id='block_1_21' title="bbox 1911 679 3471 754">
    <p class='ocr_par' dir='ltr' id='par_1_21' title="bbox 1911 679 3471 754">
     <span class='ocr_line' id='line_1_21' title="bbox 1911 679 3471 754; baseline 0.004 -21"><span class='ocrx_word' id='word_1_136' title='bbox 1911 679 2020 750; x_wconf 87' lang='grc'>(22)</span> <span class='ocrx_word' id='word_1_137' title='bbox 2051 680 2345 736; x_wconf 77' lang='lat' dir='ltr'><strong>infantulos</strong></span> <span class='ocrx_word' id='word_1_138' title='bbox 2377 683 2482 738; x_wconf 88' lang='lat' dir='ltr'><strong>huc</strong></span> <span class='ocrx_word' id='word_1_139' title='bbox 2507 683 2864 738; x_wconf 80' lang='lat' dir='ltr'><strong>adduxerunt.</strong></span> <span class='ocrx_word' id='word_1_140' title='bbox 2906 683 3016 748; x_wconf 79' lang='lat' dir='ltr'><strong>llli,‘</strong></span> <span class='ocrx_word' id='word_1_141' title='bbox 3043 684 3284 754; x_wconf 87' lang='lat' dir='ltr'><strong>inquam,</strong></span> <span class='ocrx_word' id='word_1_142' title='bbox 3324 700 3471 738; x_wconf 84' lang='lat' dir='ltr'><strong>mar-</strong></span> 
     </span>
    </p>
   </div>
   <div class='ocr_carea' id='block_1_22' title="bbox 1909 772 3470 843">
    <p class='ocr_par' dir='ltr' id='par_1_22' title="bbox 1909 772 3470 843">
     <span class='ocr_line' id='line_1_22' title="bbox 1909 772 3470 843; baseline 0.002 -19"><span class='ocrx_word' id='word_1_143' title='bbox 1909 780 2054 842; x_wconf 80' lang='lat' dir='ltr'><strong>tyres</strong></span> <span class='ocrx_word' id='word_1_144' title='bbox 2081 772 2192 842; x_wconf 78' lang='grc'>(25)</span> <span class='ocrx_word' id='word_1_145' title='bbox 2228 773 2341 827; x_wconf 75' lang='lat' dir='ltr'><strong>htec</strong></span> <span class='ocrx_word' id='word_1_146' title='bbox 2367 774 2685 843; x_wconf 77' lang='lat' dir='ltr'><strong>prtestitere,</strong></span> <span class='ocrx_word' id='word_1_147' title='bbox 2713 775 2806 842; x_wconf 85' lang='lat' dir='ltr'><strong>qui</strong></span> <span class='ocrx_word' id='word_1_148' title='bbox 2838 775 3029 828; x_wconf 89' lang='lat' dir='ltr'><strong>mortis</strong></span> <span class='ocrx_word' id='word_1_149' title='bbox 3060 783 3351 843; x_wconf 83' lang='lat' dir='ltr'><strong>c0ttSpectu</strong></span> <span class='ocrx_word' id='word_1_150' title='bbox 3384 774 3470 827; x_wconf 84' lang='lat' dir='ltr'><strong>ni-</strong></span> 
     </span>
    </p>
   </div>
   <div class='ocr_carea' id='block_1_23' title="bbox 1910 861 3469 935">
    <p class='ocr_par' dir='ltr' id='par_1_23' title="bbox 1910 861 3469 935">
     <span class='ocr_line' id='line_1_23' title="bbox 1910 861 3469 935; baseline 0.002 -21"><span class='ocrx_word' id='word_1_151' title='bbox 1910 861 1983 914; x_wconf 87' lang='lat' dir='ltr'><strong>hil</strong></span> <span class='ocrx_word' id='word_1_152' title='bbox 2041 863 2304 930; x_wconf 88' lang='lat' dir='ltr'><strong>dcterriti,</strong></span> <span class='ocrx_word' id='word_1_153' title='bbox 2350 879 2414 918; x_wconf 90' lang='lat' dir='ltr'><strong>eo</strong></span> <span class='ocrx_word' id='word_1_154' title='bbox 2459 865 2578 934; x_wconf 91' lang='lat' dir='ltr'><strong>ipso</strong></span> <span class='ocrx_word' id='word_1_155' title='bbox 2617 876 2856 934; x_wconf 88' lang='lat' dir='ltr'><strong>tempore</strong></span> <span class='ocrx_word' id='word_1_156' title='bbox 2902 882 3010 935; x_wconf 91' lang='lat' dir='ltr'><strong>quo</strong></span> <span class='ocrx_word' id='word_1_157' title='bbox 3054 866 3144 920; x_wconf 89' lang='lat' dir='ltr'><strong>illa</strong></span> <span class='ocrx_word' id='word_1_158' title='bbox 3179 866 3248 920; x_wconf 89' lang='lat' dir='ltr'><strong>ob</strong></span> <span class='ocrx_word' id='word_1_159' title='bbox 3282 866 3469 920; x_wconf 84' lang='lat' dir='ltr'><strong>oculos</strong></span> 
     </span>
    </p>
   </div>
   <div class='ocr_carea' id='block_1_24' title="bbox 1908 955 3466 1031">
    <p class='ocr_par' dir='ltr' id='par_1_24' title="bbox 1908 955 3466 1031">
     <span class='ocr_line' id='line_1_24' title="bbox 1908 955 3466 1031; baseline 0.004 -25"><span class='ocrx_word' id='word_1_160' title='bbox 1908 955 2246 1021; x_wconf 86' lang='lat' dir='ltr'><strong>versabatur,</strong></span> <span class='ocrx_word' id='word_1_161' title='bbox 2287 957 2488 1012; x_wconf 78' lang='lat' dir='ltr'><strong>saltare</strong></span> <span class='ocrx_word' id='word_1_162' title='bbox 2528 973 2640 1027; x_wconf 84' lang='lat' dir='ltr'><strong>prae</strong></span> <span class='ocrx_word' id='word_1_163' title='bbox 2671 959 2867 1031; x_wconf 85' lang='lat' dir='ltr'><strong>gaudio</strong></span> <span class='ocrx_word' id='word_1_164' title='bbox 2915 968 3345 1013; x_wconf 87' lang='lat' dir='ltr'><strong>consueverant:</strong></span> <span class='ocrx_word' id='word_1_165' title='bbox 3373 959 3466 1028; x_wconf 90' lang='lat' dir='ltr'><strong>qui</strong></span> 
     </span>
    </p>
   </div>
   <div class='ocr_carea' id='block_1_25' title="bbox 1909 1044 3470 1115">
    <p class='ocr_par' dir='ltr' id='par_1_25' title="bbox 1909 1044 3470 1115">
     <span class='ocr_line' id='line_1_25' title="bbox 1909 1044 3470 1115; baseline 0.001 -20"><span class='ocrx_word' id='word_1_166' title='bbox 1909 1052 2131 1110; x_wconf 86' lang='lat' dir='ltr'><strong>paratos</strong></span> <span class='ocrx_word' id='word_1_167' title='bbox 2160 1045 2226 1099; x_wconf 92' lang='lat' dir='ltr'><strong>ad</strong></span> <span class='ocrx_word' id='word_1_168' title='bbox 2257 1045 2594 1114; x_wconf 70' lang='lat' dir='ltr'><strong>praecidenda</strong></span> <span class='ocrx_word' id='word_1_169' title='bbox 2629 1044 2708 1100; x_wconf 89' lang='lat' dir='ltr'><strong>eis</strong></span> <span class='ocrx_word' id='word_1_170' title='bbox 2738 1046 2910 1113; x_wconf 83' lang='lat' dir='ltr'><strong>capita</strong></span> <span class='ocrx_word' id='word_1_171' title='bbox 2941 1045 3146 1115; x_wconf 78' lang='lat' dir='ltr'><strong>gladios</strong></span> <span class='ocrx_word' id='word_1_172' title='bbox 3176 1044 3470 1098; x_wconf 87' lang='lat' dir='ltr'><strong>irridehant</strong></span> 
     </span>
    </p>
   </div>
   <div class='ocr_carea' id='block_1_26' title="bbox 1907 1121 3466 1208">
    <p class='ocr_par' dir='ltr' id='par_1_26' title="bbox 1907 1121 3466 1208">
     <span class='ocr_line' id='line_1_26' title="bbox 1907 1121 3466 1208; baseline 0 -20"><span class='ocrx_word' id='word_1_173' title='bbox 1907 1143 1960 1189; x_wconf 89' lang='lat' dir='ltr'><strong>et</strong></span> <span class='ocrx_word' id='word_1_174' title='bbox 1982 1137 2428 1202; x_wconf 86' lang='lat' dir='ltr'><strong>contemnebant;</strong></span> <span class='ocrx_word' id='word_1_175' title='bbox 2460 1136 2553 1206; x_wconf 86' lang='lat' dir='ltr'><strong>qui</strong></span> <span class='ocrx_word' id='word_1_176' title='bbox 2580 1144 2933 1208; x_wconf 82' lang='lat' dir='ltr'><strong>tyrannorum</strong></span> <span class='ocrx_word' id='word_1_177' title='bbox 2961 1136 3381 1205; x_wconf 83' lang='lat' dir='ltr'><strong>indignationem</strong></span> <span class='ocrx_word' id='word_1_178' title='bbox 3412 1121 3466 1188; x_wconf 28' lang='lat' dir='ltr'><strong>inn</strong></span> 
     </span>
    </p>
   </div>
   <div class='ocr_carea' id='block_1_27' title="bbox 1908 1223 3467 1295">
    <p class='ocr_par' dir='ltr' id='par_1_27' title="bbox 1908 1223 3467 1295">
     <span class='ocr_line' id='line_1_27' title="bbox 1908 1223 3467 1295; baseline 0 -17"><span class='ocrx_word' id='word_1_179' title='bbox 1908 1225 2226 1295; x_wconf 86' lang='lat' dir='ltr'><strong>semetipsos</strong></span> <span class='ocrx_word' id='word_1_180' title='bbox 2270 1223 2603 1289; x_wconf 87' lang='lat' dir='ltr'><strong>incitabant;</strong></span> <span class='ocrx_word' id='word_1_181' title='bbox 2631 1226 2724 1295; x_wconf 89' lang='lat' dir='ltr'><strong>qui</strong></span> <span class='ocrx_word' id='word_1_182' title='bbox 2762 1237 2990 1280; x_wconf 91' lang='lat' dir='ltr'><strong>mortem</strong></span> <span class='ocrx_word' id='word_1_183' title='bbox 3046 1224 3467 1279; x_wconf 86' lang='lat' dir='ltr'><strong>immortalitatis</strong></span> 
     </span>
    </p>
   </div>
   <div class='ocr_carea' id='block_1_28' title="bbox 1905 1314 3468 1386">
    <p class='ocr_par' dir='ltr' id='par_1_28' title="bbox 1905 1314 3468 1386">
     <span class='ocr_line' id='line_1_28' title="bbox 1905 1314 3468 1386; baseline -0.001 -17"><span class='ocrx_word' id='word_1_184' title='bbox 1905 1314 2229 1371; x_wconf 73' lang='lat' dir='ltr'><strong>effectricem</strong></span> <span class='ocrx_word' id='word_1_185' title='bbox 2261 1316 2311 1369; x_wconf 88' lang='lat' dir='ltr'><strong>vi</strong></span> <span class='ocrx_word' id='word_1_186' title='bbox 2349 1317 2416 1369; x_wconf 91' lang='lat' dir='ltr'><strong>ab</strong></span> <span class='ocrx_word' id='word_1_187' title='bbox 2452 1317 2555 1370; x_wconf 90' lang='lat' dir='ltr'><strong>illis</strong></span> <span class='ocrx_word' id='word_1_188' title='bbox 2599 1317 3025 1386; x_wconf 75' lang='lat' dir='ltr'><strong>extorquebant;</strong></span> <span class='ocrx_word' id='word_1_189' title='bbox 3062 1316 3154 1384; x_wconf 86' lang='lat' dir='ltr'><strong>qui</strong></span> <span class='ocrx_word' id='word_1_190' title='bbox 3200 1325 3328 1370; x_wconf 91' lang='lat' dir='ltr'><strong>tunc</strong></span> <span class='ocrx_word' id='word_1_191' title='bbox 3358 1325 3468 1368; x_wconf 86' lang='lat' dir='ltr'><strong>sta-</strong></span> 
     </span>
    </p>
   </div>
   <div class='ocr_carea' id='block_1_29' title="bbox 1906 1407 3462 1477">
    <p class='ocr_par' dir='ltr' id='par_1_29' title="bbox 1906 1407 3462 1477">
     <span class='ocr_line' id='line_1_29' title="bbox 1906 1407 3462 1477; baseline -0.002 -17"><span class='ocrx_word' id='word_1_192' title='bbox 1906 1407 2056 1472; x_wconf 90' lang='lat' dir='ltr'><strong>bant,</strong></span> <span class='ocrx_word' id='word_1_193' title='bbox 2085 1416 2139 1461; x_wconf 88' lang='lat' dir='ltr'><strong>et</strong></span> <span class='ocrx_word' id='word_1_194' title='bbox 2172 1407 2462 1477; x_wconf 77' lang='lat' dir='ltr'><strong>gloriosam</strong></span> <span class='ocrx_word' id='word_1_195' title='bbox 2496 1408 2773 1461; x_wconf 87' lang='lat' dir='ltr'><strong>victoriam</strong></span> <span class='ocrx_word' id='word_1_196' title='bbox 2815 1407 3307 1476; x_wconf 79' lang='lat' dir='ltr'><strong>consequebantur,</strong></span> <span class='ocrx_word' id='word_1_197' title='bbox 3341 1421 3462 1458; x_wconf 88' lang='lat' dir='ltr'><strong>cunt</strong></span> 
     </span>
    </p>
   </div>
   <div class='ocr_carea' id='block_1_30' title="bbox 1907 1495 3464 1565">
    <p class='ocr_par' dir='ltr' id='par_1_30' title="bbox 1907 1495 3464 1565">
     <span class='ocr_line' id='line_1_30' title="bbox 1907 1495 3464 1565; baseline -0.003 -14"><span class='ocrx_word' id='word_1_198' title='bbox 1907 1496 2204 1562; x_wconf 86' lang='lat' dir='ltr'><strong>cadebant;</strong></span> <span class='ocrx_word' id='word_1_199' title='bbox 2228 1497 2320 1565; x_wconf 90' lang='lat' dir='ltr'><strong>qui</strong></span> <span class='ocrx_word' id='word_1_200' title='bbox 2353 1512 2449 1565; x_wconf 86' lang='lat' dir='ltr'><strong>per</strong></span> <span class='ocrx_word' id='word_1_201' title='bbox 2479 1511 2676 1565; x_wconf 91' lang='lat' dir='ltr'><strong>corpus</strong></span> <span class='ocrx_word' id='word_1_202' title='bbox 2709 1497 2761 1551; x_wconf 92' lang='lat' dir='ltr'><strong>in</strong></span> <span class='ocrx_word' id='word_1_203' title='bbox 2794 1498 2989 1551; x_wconf 69' lang='lat' dir='ltr'><strong>malum</strong></span> <span class='ocrx_word' id='word_1_204' title='bbox 3011 1496 3348 1560; x_wconf 85' lang='lat' dir='ltr'><strong>insiliehant;</strong></span> <span class='ocrx_word' id='word_1_205' title='bbox 3373 1495 3464 1563; x_wconf 89' lang='lat' dir='ltr'><strong>qui</strong></span> 
     </span>
    </p>
   </div>
   <div class='ocr_carea' id='block_1_31' title="bbox 1906 1587 3466 1658">
    <p class='ocr_par' dir='ltr' id='par_1_31' title="bbox 1906 1587 3466 1658">
     <span class='ocr_line' id='line_1_31' title="bbox 1906 1587 3466 1658; baseline -0.001 -17"><span class='ocrx_word' id='word_1_206' title='bbox 1906 1604 2035 1642; x_wconf 84' lang='lat' dir='ltr'><strong>suos</strong></span> <span class='ocrx_word' id='word_1_207' title='bbox 2068 1588 2311 1658; x_wconf 88' lang='lat' dir='ltr'><strong>ipsorum</strong></span> <span class='ocrx_word' id='word_1_208' title='bbox 2340 1598 2491 1642; x_wconf 82' lang='lat' dir='ltr'><strong>artus</strong></span> <span class='ocrx_word' id='word_1_209' title='bbox 2529 1589 2756 1642; x_wconf 80' lang='lat' dir='ltr'><strong>distrahi</strong></span> <span class='ocrx_word' id='word_1_210' title='bbox 2796 1604 2857 1643; x_wconf 90' lang='lat' dir='ltr'><strong>ac</strong></span> <span class='ocrx_word' id='word_1_211' title='bbox 2887 1589 3118 1657; x_wconf 80' lang='lat' dir='ltr'><strong>dispergi</strong></span> <span class='ocrx_word' id='word_1_212' title='bbox 3148 1587 3264 1657; x_wconf 64' lang='grc'>(24)</span> <span class='ocrx_word' id='word_1_213' title='bbox 3293 1587 3466 1657; x_wconf 80' lang='lat' dir='ltr'><strong>patio-</strong></span> 
     </span>
    </p>
   </div>
   <div class='ocr_carea' id='block_1_32' title="bbox 1903 1676 3462 1747">
    <p class='ocr_par' dir='ltr' id='par_1_32' title="bbox 1903 1676 3462 1747">
     <span class='ocr_line' id='line_1_32' title="bbox 1903 1676 3462 1747; baseline 0 -17"><span class='ocrx_word' id='word_1_214' title='bbox 1903 1676 2121 1742; x_wconf 88' lang='lat' dir='ltr'><strong>bantur,</strong></span> <span class='ocrx_word' id='word_1_215' title='bbox 2156 1693 2222 1730; x_wconf 92' lang='lat' dir='ltr'><strong>ne</strong></span> <span class='ocrx_word' id='word_1_216' title='bbox 2258 1677 2468 1731; x_wconf 85' lang='lat' dir='ltr'><strong>animas</strong></span> <span class='ocrx_word' id='word_1_217' title='bbox 2518 1676 2822 1747; x_wconf 81' lang='lat' dir='ltr'><strong>perderent,</strong></span> <span class='ocrx_word' id='word_1_218' title='bbox 2865 1678 2953 1733; x_wconf 89' lang='lat' dir='ltr'><strong>sed</strong></span> <span class='ocrx_word' id='word_1_219' title='bbox 2987 1677 3096 1732; x_wconf 91' lang='lat' dir='ltr'><strong>Deo</strong></span> <span class='ocrx_word' id='word_1_220' title='bbox 3125 1677 3462 1746; x_wconf 86' lang='lat' dir='ltr'><strong>conjunctas,</strong></span> 
     </span>
    </p>
   </div>
   <div class='ocr_carea' id='block_1_33' title="bbox 1905 1767 3461 1838">
    <p class='ocr_par' dir='ltr' id='par_1_33' title="bbox 1905 1767 3461 1838">
     <span class='ocr_line' id='line_1_33' title="bbox 1905 1767 3461 1838; baseline -0.002 -16"><span class='ocrx_word' id='word_1_221' title='bbox 1905 1783 1969 1822; x_wconf 89' lang='lat' dir='ltr'><strong>ac</strong></span> <span class='ocrx_word' id='word_1_222' title='bbox 2005 1769 2167 1823; x_wconf 89' lang='lat' dir='ltr'><strong>veluti</strong></span> <span class='ocrx_word' id='word_1_223' title='bbox 2203 1771 2530 1824; x_wconf 89' lang='lat' dir='ltr'><strong>constrictas</strong></span> <span class='ocrx_word' id='word_1_224' title='bbox 2565 1769 2675 1838; x_wconf 78' lang='grc'>(25)</span> <span class='ocrx_word' id='word_1_225' title='bbox 2713 1777 2992 1828; x_wconf 83' lang='lat' dir='ltr'><strong>tenerent;</strong></span> <span class='ocrx_word' id='word_1_226' title='bbox 3031 1769 3122 1837; x_wconf 90' lang='lat' dir='ltr'><strong>qui</strong></span> <span class='ocrx_word' id='word_1_227' title='bbox 3157 1768 3278 1822; x_wconf 84' lang='lat' dir='ltr'><strong>vitae</strong></span> <span class='ocrx_word' id='word_1_228' title='bbox 3311 1767 3461 1821; x_wconf 89' lang='lat' dir='ltr'><strong>clau-</strong></span> 
     </span>
    </p>
   </div>
   <div class='ocr_carea' id='block_1_34' title="bbox 227 1843 1791 1939">
    <p class='ocr_par' dir='ltr' id='par_1_34' title="bbox 227 1843 1791 1939">
     <span class='ocr_line' id='line_1_34' title="bbox 227 1843 1791 1939; baseline 0.006 -26"><span class='ocrx_word' id='word_1_229' title='bbox 227 1862 432 1932; x_wconf 77' lang='grc' dir='ltr'>εὐχερῆ</span> <span class='ocrx_word' id='word_1_230' title='bbox 466 1863 685 1932; x_wconf 79' lang='grc' dir='ltr'>μέθοδον</span> <span class='ocrx_word' id='word_1_231' title='bbox 722 1863 819 1934; x_wconf 77' lang='grc' dir='ltr'>τῆς</span> <span class='ocrx_word' id='word_1_232' title='bbox 851 1864 1054 1928; x_wconf 85' lang='grc' dir='ltr'>οίκείας</span> <span class='ocrx_word' id='word_1_233' title='bbox 1092 1843 1344 1936; x_wconf 66' lang='grc' dir='ltr'>ἀπάτης,</span> <span class='ocrx_word' id='word_1_234' title='bbox 1380 1865 1608 1937; x_wconf 74' lang='grc' dir='ltr'>ὄργανον</span> <span class='ocrx_word' id='word_1_235' title='bbox 1657 1843 1791 1939; x_wconf 78' lang='grc' dir='ltr'>ἰσχυ-</span> 
     </span>
    </p>
   </div>
   <div class='ocr_carea' id='block_1_35' title="bbox 1903 1843 3465 1939">
    <p class='ocr_par' dir='ltr' id='par_1_35' title="bbox 1904 1847 3465 1932">
     <span class='ocr_line' id='line_1_35' title="bbox 1904 1847 3465 1932; baseline -0.001 -16"><span class='ocrx_word' id='word_1_236' title='bbox 1904 1872 2014 1917; x_wconf 89' lang='lat' dir='ltr'><strong>stra</strong></span> <span class='ocrx_word' id='word_1_237' title='bbox 2039 1861 2151 1932; x_wconf 82' lang='grc'>(26)</span> <span class='ocrx_word' id='word_1_238' title='bbox 2192 1862 2466 1932; x_wconf 89' lang='lat' dir='ltr'><strong>perrumpi</strong></span> <span class='ocrx_word' id='word_1_239' title='bbox 2510 1861 2838 1931; x_wconf 83' lang='lat' dir='ltr'><strong>gaudebant,</strong></span> <span class='ocrx_word' id='word_1_240' title='bbox 2886 1870 2946 1914; x_wconf 88' lang='lat' dir='ltr'><strong>ut</strong></span> <span class='ocrx_word' id='word_1_241' title='bbox 2975 1847 3465 1930; x_wconf 28' lang='lat' dir='ltr'><strong>ccelorum‘januas</strong></span> 
     </span>
    </p>
   </div>
   <div class='ocr_carea' id='block_1_36' title="bbox 227 1953 1801 2032">
    <p class='ocr_par' dir='ltr' id='par_1_36' title="bbox 227 1953 1801 2032">
     <span class='ocr_line' id='line_1_36' title="bbox 227 1953 1801 2032; baseline 0.006 -27"><span class='ocrx_word' id='word_1_242' title='bbox 227 1953 328 2025; x_wconf 75' lang='grc' dir='ltr'><strong>ρον</strong></span> <span class='ocrx_word' id='word_1_243' title='bbox 355 1953 453 2023; x_wconf 76' lang='grc' dir='ltr'><strong>τῆς</strong></span> <span class='ocrx_word' id='word_1_244' title='bbox 479 1953 612 2018; x_wconf 81' lang='grc' dir='ltr'>ἰδίας</span> <span class='ocrx_word' id='word_1_245' title='bbox 643 1955 912 2019; x_wconf 83' lang='grc' dir='ltr'>ἀπωλείας</span> <span class='ocrx_word' id='word_1_246' title='bbox 937 1957 1178 2028; x_wconf 77' lang='grc' dir='ltr'>εὑρίσκει</span> <span class='ocrx_word' id='word_1_247' title='bbox 1201 1974 1214 1987; x_wconf 83' lang='grc'><em>’</em></span> <span class='ocrx_word' id='word_1_248' title='bbox 1244 1958 1490 2028; x_wconf 86' lang='grc' dir='ltr'>καθάπερ</span> <span class='ocrx_word' id='word_1_249' title='bbox 1512 1960 1801 2032; x_wconf 83' lang='grc' dir='ltr'>ἄγκιστρον</span> 
     </span>
    </p>
   </div>
   <div class='ocr_carea' id='block_1_37' title="bbox 227 2045 1801 2123">
    <p class='ocr_par' dir='ltr' id='par_1_37' title="bbox 227 2045 1801 2123">
     <span class='ocr_line' id='line_1_37' title="bbox 227 2045 1801 2123; baseline 0.005 -27"><span class='ocrx_word' id='word_1_250' title='bbox 227 2045 559 2116; x_wconf 72' lang='grc' dir='ltr'>περιπαρεὶς</span> <span class='ocrx_word' id='word_1_251' title='bbox 590 2048 655 2116; x_wconf 79' lang='grc' dir='ltr'>τῇ</span> <span class='ocrx_word' id='word_1_252' title='bbox 706 2046 950 2118; x_wconf 83' lang='grc' dir='ltr'>Θεὸτητι,</span> <span class='ocrx_word' id='word_1_253' title='bbox 991 2047 1084 2100; x_wconf 74' lang='grc' dir='ltr'>καὶ</span> <span class='ocrx_word' id='word_1_254' title='bbox 1124 2047 1183 2100; x_wconf 77' lang='grc' dir='ltr'>τὸ</span> <span class='ocrx_word' id='word_1_255' title='bbox 1220 2047 1446 2119; x_wconf 83' lang='grc' dir='ltr'>σύνηθες</span> <span class='ocrx_word' id='word_1_256' title='bbox 1481 2049 1671 2123; x_wconf 82' lang='grc' dir='ltr'>δέλεαρ</span> <span class='ocrx_word' id='word_1_257' title='bbox 1703 2068 1801 2104; x_wconf 85' lang='grc' dir='ltr'>κα-</span> 
     </span>
    </p>
   </div>
   <div class='ocr_carea' id='block_1_38' title="bbox 223 2133 1801 2211">
    <p class='ocr_par' dir='ltr' id='par_1_38' title="bbox 223 2133 1801 2211">
     <span class='ocr_line' id='line_1_38' title="bbox 223 2133 1801 2211; baseline 0.004 -23"><span class='ocrx_word' id='word_1_258' title='bbox 223 2133 437 2188; x_wconf 84' lang='grc' dir='ltr'>ταπιὼν</span> <span class='ocrx_word' id='word_1_259' title='bbox 467 2136 758 2207; x_wconf 80' lang='grc' dir='ltr'>ἁγρεύεται</span> <span class='ocrx_word' id='word_1_260' title='bbox 801 2138 984 2208; x_wconf 66' lang='grc' dir='ltr'>σαφῶς</span> <span class='ocrx_word' id='word_1_261' title='bbox 1026 2140 1053 2191; x_wconf 89' lang='lat'><strong>6</strong></span> <span class='ocrx_word' id='word_1_262' title='bbox 1100 2139 1354 2210; x_wconf 77' lang='grc' dir='ltr'>ἀγρεύειν</span> <span class='ocrx_word' id='word_1_263' title='bbox 1394 2141 1668 2211; x_wconf 78' lang='grc' dir='ltr'>οἰόμενος·</span> <span class='ocrx_word' id='word_1_264' title='bbox 1707 2143 1801 2196; x_wconf 77' lang='grc' dir='ltr'><strong>καὶ</strong></span> 
     </span>
    </p>
   </div>
   <div class='ocr_carea' id='block_1_39' title="bbox 231 2223 1800 2306">
    <p class='ocr_par' dir='ltr' id='par_1_39' title="bbox 231 2223 1800 2306">
     <span class='ocr_line' id='line_1_39' title="bbox 231 2223 1800 2306; baseline 0.006 -30"><span class='ocrx_word' id='word_1_265' title='bbox 231 2223 369 2277; x_wconf 76' lang='grc' dir='ltr'>Θεὸν</span> <span class='ocrx_word' id='word_1_266' title='bbox 401 2225 519 2278; x_wconf 76' lang='grc' dir='ltr'>ἀντὶ</span> <span class='ocrx_word' id='word_1_267' title='bbox 545 2226 828 2298; x_wconf 85' lang='grc' dir='ltr'>ἀνθρώπου</span> <span class='ocrx_word' id='word_1_268' title='bbox 869 2231 1166 2300; x_wconf 88' lang='grc' dir='ltr'>κρατήσας.</span> <span class='ocrx_word' id='word_1_269' title='bbox 1199 2230 1297 2284; x_wconf 82' lang='grc' dir='ltr'><strong>Διὰ</strong></span> <span class='ocrx_word' id='word_1_270' title='bbox 1331 2229 1485 2284; x_wconf 75' lang='grc' dir='ltr'>τοῦτο</span> <span class='ocrx_word' id='word_1_271' title='bbox 1527 2232 1800 2306; x_wconf 82' lang='grc' dir='ltr'>μάρτυρες</span> 
     </span>
    </p>
   </div>
   <div class='ocr_carea' id='block_1_40' title="bbox 226 2315 1802 2392">
    <p class='ocr_par' dir='ltr' id='par_1_40' title="bbox 226 2315 1802 2392">
     <span class='ocr_line' id='line_1_40' title="bbox 226 2315 1802 2392; baseline 0.008 -25"><span class='ocrx_word' id='word_1_272' title='bbox 226 2315 522 2385; x_wconf 83' lang='grc' dir='ltr'>σκιρτῶσιν</span> <span class='ocrx_word' id='word_1_273' title='bbox 553 2316 648 2388; x_wconf 82' lang='grc' dir='ltr'><strong>τὴν</strong></span> <span class='ocrx_word' id='word_1_274' title='bbox 683 2316 774 2370; x_wconf 80' lang='grc' dir='ltr'><strong>τοῦ</strong></span> <span class='ocrx_word' id='word_1_275' title='bbox 807 2317 1098 2389; x_wconf 83' lang='grc' dir='ltr'>δράκοντος</span> <span class='ocrx_word' id='word_1_276' title='bbox 1135 2321 1374 2392; x_wconf 79' lang='grc' dir='ltr'>κεφαλήν</span> <span class='ocrx_word' id='word_1_277' title='bbox 1395 2337 1407 2350; x_wconf 83' lang='lat'><strong><em>°</em></strong></span> <span class='ocrx_word' id='word_1_278' title='bbox 1446 2321 1541 2376; x_wconf 78' lang='grc' dir='ltr'><strong>καὶ</strong></span> <span class='ocrx_word' id='word_1_279' title='bbox 1574 2325 1680 2376; x_wconf 85' lang='grc' dir='ltr'><strong>πᾶν</strong></span> <span class='ocrx_word' id='word_1_280' title='bbox 1725 2321 1802 2378; x_wconf 64' lang='lat'><strong>5?-</strong></span> 
     </span>
    </p>
   </div>
   <div class='ocr_carea' id='block_1_41' title="bbox 221 2405 1800 2486">
    <p class='ocr_par' dir='ltr' id='par_1_41' title="bbox 221 2405 1800 2486">
     <span class='ocr_line' id='line_1_41' title="bbox 221 2405 1800 2486; baseline 0.006 -27"><span class='ocrx_word' id='word_1_281' title='bbox 221 2405 317 2468; x_wconf 82' lang='grc' dir='ltr'>δος</span> <span class='ocrx_word' id='word_1_282' title='bbox 357 2405 602 2476; x_wconf 78' lang='grc' dir='ltr'>βασάνων</span> <span class='ocrx_word' id='word_1_283' title='bbox 651 2409 1010 2482; x_wconf 82' lang='grc' dir='ltr'>ὑπερορῶσιν.</span> <span class='ocrx_word' id='word_1_284' title='bbox 1067 2411 1182 2480; x_wconf 77' lang='grc' dir='ltr'><strong>Ἀφ’</strong></span> <span class='ocrx_word' id='word_1_285' title='bbox 1229 2408 1290 2466; x_wconf 75' lang='grc' dir='ltr'>οὗ</span> <span class='ocrx_word' id='word_1_286' title='bbox 1333 2413 1440 2485; x_wconf 77' lang='grc' dir='ltr'>γὰρ</span> <span class='ocrx_word' id='word_1_287' title='bbox 1477 2415 1505 2466; x_wconf 90' lang='lat'><strong>6</strong></span> <span class='ocrx_word' id='word_1_288' title='bbox 1553 2414 1800 2486; x_wconf 84' lang='grc' dir='ltr'>δεύτερος</span> 
     </span>
    </p>
   </div>
   <div class='ocr_carea' id='block_1_42' title="bbox 222 2495 1800 2576">
    <p class='ocr_par' dir='ltr' id='par_1_42' title="bbox 222 2495 1800 2576">
     <span class='ocr_line' id='line_1_42' title="bbox 222 2495 1800 2576; baseline 0.009 -28"><span class='ocrx_word' id='word_1_289' title='bbox 222 2495 318 2548; x_wconf 70' lang='grc' dir='ltr'><strong>τδν</strong></span> <span class='ocrx_word' id='word_1_290' title='bbox 346 2497 556 2568; x_wconf 86' lang='grc' dir='ltr'>πρῶτον</span> <span class='ocrx_word' id='word_1_291' title='bbox 591 2500 762 2570; x_wconf 68' lang='grc' dir='ltr'>Ἀδὰμ</span> <span class='ocrx_word' id='word_1_292' title='bbox 793 2502 856 2553; x_wconf 81' lang='grc' dir='ltr'>ὲκ</span> <span class='ocrx_word' id='word_1_293' title='bbox 882 2501 974 2554; x_wconf 79' lang='grc' dir='ltr'>τοῦ</span> <span class='ocrx_word' id='word_1_294' title='bbox 1020 2502 1290 2574; x_wconf 76' lang='grc' dir='ltr'>πυθμένος</span> <span class='ocrx_word' id='word_1_295' title='bbox 1322 2504 1414 2558; x_wconf 83' lang='grc' dir='ltr'>τοῦ</span> <span class='ocrx_word' id='word_1_296' title='bbox 1449 2505 1573 2576; x_wconf 83' lang='grc' dir='ltr'>ᾃδου</span> <span class='ocrx_word' id='word_1_297' title='bbox 1608 2507 1682 2571; x_wconf 86' lang='grc' dir='ltr'>ὡς</span> <span class='ocrx_word' id='word_1_298' title='bbox 1710 2509 1800 2562; x_wconf 79' lang='grc' dir='ltr'><strong>τὸν</strong></span> 
     </span>
    </p>
   </div>
   <div class='ocr_carea' id='block_1_43' title="bbox 235 2589 1798 2670">
    <p class='ocr_par' dir='ltr' id='par_1_43' title="bbox 235 2589 1798 2670">
     <span class='ocr_line' id='line_1_43' title="bbox 235 2589 1798 2670; baseline 0.009 -30"><span class='ocrx_word' id='word_1_299' title='bbox 235 2589 422 2642; x_wconf 76' lang='grc' dir='ltr'>Ἰωνᾶν</span> <span class='ocrx_word' id='word_1_300' title='bbox 452 2592 514 2644; x_wconf 82' lang='grc' dir='ltr'><strong>ὲκ</strong></span> <span class='ocrx_word' id='word_1_301' title='bbox 545 2590 636 2644; x_wconf 77' lang='grc' dir='ltr'>τοῦ</span> <span class='ocrx_word' id='word_1_302' title='bbox 663 2593 862 2663; x_wconf 79' lang='grc' dir='ltr'>κήτους</span> <span class='ocrx_word' id='word_1_303' title='bbox 884 2595 1179 2664; x_wconf 80' lang='grc' dir='ltr'>ἀνήγαγεν,</span> <span class='ocrx_word' id='word_1_304' title='bbox 1201 2595 1292 2649; x_wconf 73' lang='grc' dir='ltr'>καὶ</span> <span class='ocrx_word' id='word_1_305' title='bbox 1316 2597 1406 2650; x_wconf 85' lang='grc' dir='ltr'><strong>τὸν</strong></span> <span class='ocrx_word' id='word_1_306' title='bbox 1432 2599 1798 2670; x_wconf 88' lang='grc' dir='ltr'>ἀπατηθέντα,</span> 
     </span>
    </p>
   </div>
   <div class='ocr_carea' id='block_1_44' title="bbox 221 2681 1801 2763">
    <p class='ocr_par' dir='ltr' id='par_1_44' title="bbox 221 2681 1801 2763">
     <span class='ocr_line' id='line_1_44' title="bbox 221 2681 1801 2763; baseline 0.009 -31"><span class='ocrx_word' id='word_1_307' title='bbox 221 2681 308 2743; x_wconf 88' lang='grc' dir='ltr'><strong>είς</strong></span> <span class='ocrx_word' id='word_1_308' title='bbox 342 2681 606 2753; x_wconf 79' lang='grc' dir='ltr'>ἐντροπὴν</span> <span class='ocrx_word' id='word_1_309' title='bbox 655 2683 747 2736; x_wconf 80' lang='grc' dir='ltr'><strong>τοῦ</strong></span> <span class='ocrx_word' id='word_1_310' title='bbox 781 2685 1180 2757; x_wconf 87' lang='grc' dir='ltr'>ἀπατήσαντος,</span> <span class='ocrx_word' id='word_1_311' title='bbox 1219 2688 1639 2763; x_wconf 77' lang='grc' dir='ltr'>οὐρανοπολίτην</span> <span class='ocrx_word' id='word_1_312' title='bbox 1681 2693 1801 2746; x_wconf 89' lang='grc' dir='ltr'>ἀνέ-</span> 
     </span>
    </p>
   </div>
   <div class='ocr_carea' id='block_1_45' title="bbox 219 2769 1799 2852">
    <p class='ocr_par' dir='ltr' id='par_1_45' title="bbox 219 2769 1799 2852">
     <span class='ocr_line' id='line_1_45' title="bbox 219 2769 1799 2852; baseline 0.009 -29"><span class='ocrx_word' id='word_1_313' title='bbox 219 2769 396 2837; x_wconf 75' lang='grc' dir='ltr'>δειξεν</span> <span class='ocrx_word' id='word_1_314' title='bbox 418 2788 432 2802; x_wconf 75' lang='grc' dir='ltr'><strong><em>ο</em></strong></span> <span class='ocrx_word' id='word_1_315' title='bbox 465 2771 522 2840; x_wconf 80' lang='grc' dir='ltr'><strong>ἐξ</strong></span> <span class='ocrx_word' id='word_1_316' title='bbox 558 2774 764 2829; x_wconf 82' lang='grc' dir='ltr'>ἐκείνου</span> <span class='ocrx_word' id='word_1_317' title='bbox 800 2777 964 2830; x_wconf 85' lang='grc' dir='ltr'>πύλαι</span> <span class='ocrx_word' id='word_1_318' title='bbox 992 2778 1118 2850; x_wconf 72' lang='grc' dir='ltr'>ᾅδου</span> <span class='ocrx_word' id='word_1_319' title='bbox 1143 2779 1495 2852; x_wconf 80' lang='grc' dir='ltr'>ἐκλείσθησαν</span> <span class='ocrx_word' id='word_1_320' title='bbox 1515 2800 1528 2814; x_wconf 76' lang='grc' dir='ltr'><strong>ο</strong></span> <span class='ocrx_word' id='word_1_321' title='bbox 1566 2785 1659 2839; x_wconf 77' lang='grc' dir='ltr'>καὶ</span> <span class='ocrx_word' id='word_1_322' title='bbox 1696 2785 1799 2838; x_wconf 85' lang='grc' dir='ltr'>πύ-</span> 
     </span>
    </p>
   </div>
   <div class='ocr_carea' id='block_1_46' title="bbox 221 2864 1802 2948">
    <p class='ocr_par' dir='ltr' id='par_1_46' title="bbox 221 2864 1802 2948">
     <span class='ocr_line' id='line_1_46' title="bbox 221 2864 1802 2948; baseline 0.009 -32"><span class='ocrx_word' id='word_1_323' title='bbox 221 2864 316 2919; x_wconf 89' lang='grc' dir='ltr'><strong>λαι</strong></span> <span class='ocrx_word' id='word_1_324' title='bbox 357 2865 584 2938; x_wconf 73' lang='grc' dir='ltr'>ούρανοῦ</span> <span class='ocrx_word' id='word_1_325' title='bbox 631 2868 1012 2941; x_wconf 73' lang='grc' dir='ltr'>ἀνεῴχθησανο</span> <span class='ocrx_word' id='word_1_326' title='bbox 1063 2871 1338 2928; x_wconf 85' lang='grc' dir='ltr'>ἀκώλυτον</span> <span class='ocrx_word' id='word_1_327' title='bbox 1381 2878 1492 2940; x_wconf 85' lang='grc' dir='ltr'>τοῖς</span> <span class='ocrx_word' id='word_1_328' title='bbox 1539 2879 1676 2948; x_wconf 85' lang='grc' dir='ltr'>μετὰ</span> <span class='ocrx_word' id='word_1_329' title='bbox 1716 2879 1802 2932; x_wconf 87' lang='grc' dir='ltr'>πί-</span> 
     </span>
    </p>
   </div>
   <div class='ocr_carea' id='block_1_47' title="bbox 225 2961 1800 3042">
    <p class='ocr_par' dir='ltr' id='par_1_47' title="bbox 225 2961 1800 3042">
     <span class='ocr_line' id='line_1_47' title="bbox 225 2961 1800 3042; baseline 0.01 -32"><span class='ocrx_word' id='word_1_330' title='bbox 225 2973 399 3022; x_wconf 88' lang='grc' dir='ltr'>στεως</span> <span class='ocrx_word' id='word_1_331' title='bbox 426 2961 662 3013; x_wconf 73' lang='grc' dir='ltr'>ἀνιοῦσιν</span> <span class='ocrx_word' id='word_1_332' title='bbox 689 2965 1112 3035; x_wconf 77' lang='grc' dir='ltr'>παραχωρούσαι</span> <span class='ocrx_word' id='word_1_333' title='bbox 1138 2966 1234 3036; x_wconf 80' lang='grc' dir='ltr'>τὴν</span> <span class='ocrx_word' id='word_1_334' title='bbox 1256 2968 1476 3022; x_wconf 71' lang='grc' dir='ltr'>εἴσοδον.</span> <span class='ocrx_word' id='word_1_335' title='bbox 1500 2971 1674 3025; x_wconf 77' lang='grc' dir='ltr'>Πάλαι</span> <span class='ocrx_word' id='word_1_336' title='bbox 1703 2972 1800 3042; x_wconf 84' lang='grc' dir='ltr'>μὲν</span> 
     </span>
    </p>
   </div>
   <div class='ocr_carea' id='block_1_48' title="bbox 233 3048 1798 3132">
    <p class='ocr_par' dir='ltr' id='par_1_48' title="bbox 233 3048 1798 3132">
     <span class='ocr_line' id='line_1_48' title="bbox 233 3048 1798 3132; baseline 0.01 -32"><span class='ocrx_word' id='word_1_337' title='bbox 233 3048 430 3103; x_wconf 83' lang='grc' dir='ltr'>Ἰακὼϐ</span> <span class='ocrx_word' id='word_1_338' title='bbox 463 3051 706 3122; x_wconf 80' lang='grc' dir='ltr'>κλίμακα</span> <span class='ocrx_word' id='word_1_339' title='bbox 731 3056 1131 3128; x_wconf 79' lang='grc' dir='ltr'>ἐστηριγμένην</span> <span class='ocrx_word' id='word_1_340' title='bbox 1165 3056 1268 3122; x_wconf 75' lang='grc' dir='ltr'>ἕως</span> <span class='ocrx_word' id='word_1_341' title='bbox 1301 3059 1394 3112; x_wconf 77' lang='grc' dir='ltr'>τοῦ</span> <span class='ocrx_word' id='word_1_342' title='bbox 1427 3061 1654 3132; x_wconf 79' lang='grc' dir='ltr'>ούρανοῦ</span> <span class='ocrx_word' id='word_1_343' title='bbox 1679 3063 1798 3116; x_wconf 75' lang='grc' dir='ltr'>ἑθε-</span> 
     </span>
    </p>
   </div>
   <div class='ocr_carea' id='block_1_49' title="bbox 1902 1951 3464 2022">
    <p class='ocr_par' dir='ltr' id='par_1_49' title="bbox 1902 1951 3464 2022">
     <span class='ocr_line' id='line_1_49' title="bbox 1902 1951 3464 2022; baseline -0.003 -15"><span class='ocrx_word' id='word_1_344' title='bbox 1902 1953 2143 2008; x_wconf 87' lang='lat' dir='ltr'><strong>clavibus</strong></span> <span class='ocrx_word' id='word_1_345' title='bbox 2172 1963 2471 2008; x_wconf 89' lang='lat' dir='ltr'><strong>reserarent</strong></span> <span class='ocrx_word' id='word_1_346' title='bbox 2504 1952 2636 2021; x_wconf 82' lang='grc'>(27).</span> <span class='ocrx_word' id='word_1_347' title='bbox 2674 1951 2827 2017; x_wconf 87' lang='lat' dir='ltr'><strong>Quod</strong></span> <span class='ocrx_word' id='word_1_348' title='bbox 2856 1953 2900 2007; x_wconf 88' lang='lat' dir='ltr'><strong>si</strong></span> <span class='ocrx_word' id='word_1_349' title='bbox 2930 1953 3052 2022; x_wconf 90' lang='lat' dir='ltr'><strong>quis</strong></span> <span class='ocrx_word' id='word_1_350' title='bbox 3085 1961 3310 2005; x_wconf 91' lang='lat' dir='ltr'><strong>mortem</strong></span> <span class='ocrx_word' id='word_1_351' title='bbox 3335 1966 3464 2020; x_wconf 81' lang='lat' dir='ltr'><strong>pro-</strong></span> 
     </span>
    </p>
   </div>
   <div class='ocr_carea' id='block_1_50' title="bbox 1902 2043 3463 2114">
    <p class='ocr_par' dir='ltr' id='par_1_50' title="bbox 1902 2043 3463 2114">
     <span class='ocr_line' id='line_1_50' title="bbox 1902 2043 3463 2114; baseline -0.001 -16"><span class='ocrx_word' id='word_1_352' title='bbox 1902 2043 2159 2114; x_wconf 76' lang='lat' dir='ltr'><strong>fligatam,</strong></span> <span class='ocrx_word' id='word_1_353' title='bbox 2186 2043 2453 2097; x_wconf 82' lang='lat' dir='ltr'><strong>infernum</strong></span> <span class='ocrx_word' id='word_1_354' title='bbox 2477 2043 2587 2114; x_wconf 90' lang='grc'>(28)</span> <span class='ocrx_word' id='word_1_355' title='bbox 2610 2045 3007 2109; x_wconf 89' lang='lat' dir='ltr'><strong>conculcatunt,</strong></span> <span class='ocrx_word' id='word_1_356' title='bbox 3035 2044 3222 2098; x_wconf 89' lang='lat' dir='ltr'><strong>tartari</strong></span> <span class='ocrx_word' id='word_1_357' title='bbox 3251 2043 3463 2097; x_wconf 84' lang='lat' dir='ltr'><strong>vincula</strong></span> 
     </span>
    </p>
   </div>
   <div class='ocr_carea' id='block_1_51' title="bbox 1901 2135 3464 2207">
    <p class='ocr_par' dir='ltr' id='par_1_51' title="bbox 1901 2135 3464 2207">
     <span class='ocr_line' id='line_1_51' title="bbox 1901 2135 3464 2207; baseline -0.001 -16"><span class='ocrx_word' id='word_1_358' title='bbox 1901 2135 2167 2206; x_wconf 83' lang='lat' dir='ltr'><strong>disrupta,</strong></span> <span class='ocrx_word' id='word_1_359' title='bbox 2199 2146 2485 2207; x_wconf 87' lang='lat' dir='ltr'><strong>tyrannum</strong></span> <span class='ocrx_word' id='word_1_360' title='bbox 2518 2139 2756 2192; x_wconf 91' lang='lat' dir='ltr'><strong>vinetum</strong></span> <span class='ocrx_word' id='word_1_361' title='bbox 2785 2137 2953 2192; x_wconf 89' lang='lat' dir='ltr'><strong>fuisse</strong></span> <span class='ocrx_word' id='word_1_362' title='bbox 2977 2152 3082 2190; x_wconf 94' lang='lat' dir='ltr'><strong>non</strong></span> <span class='ocrx_word' id='word_1_363' title='bbox 3110 2137 3464 2206; x_wconf 83' lang='lat' dir='ltr'><strong>credit,a5pi-</strong></span> 
     </span>
    </p>
   </div>
   <div class='ocr_carea' id='block_1_52' title="bbox 1899 2225 3464 2295">
    <p class='ocr_par' dir='ltr' id='par_1_52' title="bbox 1899 2225 3464 2295">
     <span class='ocr_line' id='line_1_52' title="bbox 1899 2225 3464 2295; baseline -0.003 -14"><span class='ocrx_word' id='word_1_364' title='bbox 1899 2226 2007 2282; x_wconf 90' lang='lat' dir='ltr'><strong>ciat</strong></span> <span class='ocrx_word' id='word_1_365' title='bbox 2032 2235 2297 2295; x_wconf 87' lang='lat' dir='ltr'><strong>martyres</strong></span> <span class='ocrx_word' id='word_1_366' title='bbox 2332 2226 2493 2279; x_wconf 91' lang='lat' dir='ltr'><strong>morti</strong></span> <span class='ocrx_word' id='word_1_367' title='bbox 2538 2225 2846 2292; x_wconf 88' lang='lat' dir='ltr'><strong>illudentcs,</strong></span> <span class='ocrx_word' id='word_1_368' title='bbox 2891 2240 3121 2294; x_wconf 85' lang='lat' dir='ltr'><strong>eamque</strong></span> <span class='ocrx_word' id='word_1_369' title='bbox 3161 2225 3464 2294; x_wconf 86' lang='lat' dir='ltr'><strong>provolutis</strong></span> 
     </span>
    </p>
   </div>
   <div class='ocr_carea' id='block_1_53' title="bbox 1899 2318 3462 2389">
    <p class='ocr_par' dir='ltr' id='par_1_53' title="bbox 1899 2318 3462 2389">
     <span class='ocr_line' id='line_1_53' title="bbox 1899 2318 3462 2389; baseline -0.003 -13"><span class='ocrx_word' id='word_1_370' title='bbox 1899 2320 2170 2389; x_wconf 89' lang='lat' dir='ltr'><strong>capitibus</strong></span> <span class='ocrx_word' id='word_1_371' title='bbox 2195 2319 2306 2388; x_wconf 81' lang='grc'>(29)</span> <span class='ocrx_word' id='word_1_372' title='bbox 2341 2318 2593 2372; x_wconf 86' lang='lat' dir='ltr'><strong>alacriter</strong></span> <span class='ocrx_word' id='word_1_373' title='bbox 2622 2328 2959 2389; x_wconf 87' lang='lat' dir='ltr'><strong>oppetentes,</strong></span> <span class='ocrx_word' id='word_1_374' title='bbox 2985 2329 3038 2372; x_wconf 88' lang='lat' dir='ltr'><strong>et</strong></span> <span class='ocrx_word' id='word_1_375' title='bbox 3059 2319 3258 2374; x_wconf 81' lang='lat' dir='ltr'><strong>Christi</strong></span> <span class='ocrx_word' id='word_1_376' title='bbox 3293 2319 3462 2372; x_wconf 87' lang='lat' dir='ltr'><strong>victo-</strong></span> 
     </span>
    </p>
   </div>
   <div class='ocr_carea' id='block_1_54' title="bbox 1900 2406 3460 2479">
    <p class='ocr_par' dir='ltr' id='par_1_54' title="bbox 1900 2406 3460 2479">
     <span class='ocr_line' id='line_1_54' title="bbox 1900 2406 3460 2479; baseline -0.002 -15"><span class='ocrx_word' id='word_1_377' title='bbox 1900 2411 2034 2464; x_wconf 83' lang='lat' dir='ltr'><strong>riam</strong></span> <span class='ocrx_word' id='word_1_378' title='bbox 2057 2409 2409 2464; x_wconf 76' lang='lat' dir='ltr'><strong>celebrantes.</strong></span> <span class='ocrx_word' id='word_1_379' title='bbox 2437 2406 2615 2478; x_wconf 54' lang='lat' dir='ltr'><strong>O.rem</strong></span> <span class='ocrx_word' id='word_1_380' title='bbox 2646 2410 2870 2463; x_wconf 86' lang='lat' dir='ltr'><strong>miram!</strong></span> <span class='ocrx_word' id='word_1_381' title='bbox 2910 2408 2983 2462; x_wconf 79' lang='lat' dir='ltr'><strong>Ex</strong></span> <span class='ocrx_word' id='word_1_382' title='bbox 3005 2425 3067 2464; x_wconf 92' lang='lat' dir='ltr'><strong>eo</strong></span> <span class='ocrx_word' id='word_1_383' title='bbox 3092 2419 3328 2479; x_wconf 88' lang='lat' dir='ltr'><strong>tempore</strong></span> <span class='ocrx_word' id='word_1_384' title='bbox 3349 2424 3460 2477; x_wconf 90' lang='lat' dir='ltr'><strong>quo</strong></span> 
     </span>
    </p>
   </div>
   <div class='ocr_carea' id='block_1_55' title="bbox 1898 2499 3459 2570">
    <p class='ocr_par' dir='ltr' id='par_1_55' title="bbox 1898 2499 3459 2570">
     <span class='ocr_line' id='line_1_55' title="bbox 1898 2499 3459 2570; baseline -0.002 -12"><span class='ocrx_word' id='word_1_385' title='bbox 1898 2503 2146 2558; x_wconf 83' lang='lat' dir='ltr'><strong>Christus</strong></span> <span class='ocrx_word' id='word_1_386' title='bbox 2179 2499 2449 2554; x_wconf 89' lang='lat' dir='ltr'><strong>infernum</strong></span> <span class='ocrx_word' id='word_1_387' title='bbox 2482 2501 2753 2570; x_wconf 88' lang='lat' dir='ltr'><strong>spoliavit,</strong></span> <span class='ocrx_word' id='word_1_388' title='bbox 2777 2502 2935 2555; x_wconf 91' lang='lat' dir='ltr'><strong>morti</strong></span> <span class='ocrx_word' id='word_1_389' title='bbox 2958 2501 3204 2556; x_wconf 87' lang='lat' dir='ltr'><strong>homines</strong></span> <span class='ocrx_word' id='word_1_390' title='bbox 3228 2501 3459 2556; x_wconf 77' lang='lat' dir='ltr'><strong>insulta—</strong></span> 
     </span>
    </p>
   </div>
   <div class='ocr_carea' id='block_1_56' title="bbox 1900 2593 3458 2661">
    <p class='ocr_par' dir='ltr' id='par_1_56' title="bbox 1900 2593 3458 2661">
     <span class='ocr_line' id='line_1_56' title="bbox 1900 2593 3458 2661; baseline -0.001 -13"><span class='ocrx_word' id='word_1_391' title='bbox 1900 2610 2042 2648; x_wconf 85' lang='lat' dir='ltr'><strong>vere.</strong></span> <span class='ocrx_word' id='word_1_392' title='bbox 2062 2593 2160 2646; x_wconf 86' lang='lat' dir='ltr'><strong>Ubi</strong></span> <span class='ocrx_word' id='word_1_393' title='bbox 2186 2602 2282 2655; x_wconf 86' lang='lat' dir='ltr'><strong>est,</strong></span> <span class='ocrx_word' id='word_1_394' title='bbox 2311 2609 2340 2645; x_wconf 92' lang='grc' dir='ltr'><strong>ο</strong></span> <span class='ocrx_word' id='word_1_395' title='bbox 2367 2609 2524 2655; x_wconf 88' lang='lat' dir='ltr'><strong>mors,</strong></span> <span class='ocrx_word' id='word_1_396' title='bbox 2551 2593 2794 2646; x_wconf 69' lang='lat' dir='ltr'><strong>stimulus</strong></span> <span class='ocrx_word' id='word_1_397' title='bbox 2812 2593 3219 2658; x_wconf 80' lang='lat' dir='ltr'><strong>tuus.’ubiest,o</strong></span> <span class='ocrx_word' id='word_1_398' title='bbox 3238 2595 3458 2661; x_wconf 76' lang='lat' dir='ltr'><strong>inferne,</strong></span> 
     </span>
    </p>
   </div>
   <div class='ocr_carea' id='block_1_57' title="bbox 1899 2684 3464 2756">
    <p class='ocr_par' dir='ltr' id='par_1_57' title="bbox 1899 2684 3464 2756">
     <span class='ocr_line' id='line_1_57' title="bbox 1899 2684 3464 2756; baseline -0.002 -15"><span class='ocrx_word' id='word_1_399' title='bbox 1899 2688 2116 2741; x_wconf 71' lang='lat' dir='ltr'><strong>victoria</strong></span> <span class='ocrx_word' id='word_1_400' title='bbox 2141 2697 2231 2740; x_wconf 88' lang='lat' dir='ltr'><strong>tua</strong></span> <span class='ocrx_word' id='word_1_401' title='bbox 2251 2688 2302 2739; x_wconf 67' lang='lat'><strong>&#39;1&#39;</strong></span> <span class='ocrx_word' id='word_1_402' title='bbox 2323 2687 2583 2756; x_wconf 81' lang='lat' dir='ltr'><strong>spoliatus</strong></span> <span class='ocrx_word' id='word_1_403' title='bbox 2605 2685 2706 2740; x_wconf 84' lang='lat' dir='ltr'><strong>fuit</strong></span> <span class='ocrx_word' id='word_1_404' title='bbox 2731 2684 2974 2741; x_wconf 72' lang='lat' dir='ltr'><strong>infernus</strong></span> <span class='ocrx_word' id='word_1_405' title='bbox 2997 2701 3060 2740; x_wconf 86' lang='lat' dir='ltr'><strong>ac</strong></span> <span class='ocrx_word' id='word_1_406' title='bbox 3078 2685 3354 2749; x_wconf 80' lang='lat' dir='ltr'><strong>diabolus;</strong></span> <span class='ocrx_word' id='word_1_407' title='bbox 3373 2701 3464 2738; x_wconf 85' lang='lat' dir='ltr'><strong>ve-</strong></span> 
     </span>
    </p>
   </div>
   <div class='ocr_carea' id='block_1_58' title="bbox 1901 2779 3462 2850">
    <p class='ocr_par' dir='ltr' id='par_1_58' title="bbox 1901 2779 3462 2850">
     <span class='ocr_line' id='line_1_58' title="bbox 1901 2779 3462 2850; baseline -0.001 -16"><span class='ocrx_word' id='word_1_408' title='bbox 1901 2789 1987 2834; x_wconf 92' lang='lat' dir='ltr'><strong>tus</strong></span> <span class='ocrx_word' id='word_1_409' title='bbox 2011 2780 2083 2833; x_wconf 84' lang='lat' dir='ltr'><strong>illi</strong></span> <span class='ocrx_word' id='word_1_410' title='bbox 2105 2789 2379 2834; x_wconf 88' lang='lat' dir='ltr'><strong>armatura</strong></span> <span class='ocrx_word' id='word_1_411' title='bbox 2399 2780 2571 2834; x_wconf 84' lang='lat' dir='ltr'><strong>ablata</strong></span> <span class='ocrx_word' id='word_1_412' title='bbox 2589 2789 2670 2834; x_wconf 91' lang='lat' dir='ltr'><strong>est</strong></span> <span class='ocrx_word' id='word_1_413' title='bbox 2687 2797 2700 2841; x_wconf 89' lang='lat'><strong>;</strong></span> <span class='ocrx_word' id='word_1_414' title='bbox 2720 2781 2935 2850; x_wconf 86' lang='lat' dir='ltr'><strong>propria</strong></span> <span class='ocrx_word' id='word_1_415' title='bbox 2954 2779 3184 2850; x_wconf 80' lang='lat' dir='ltr'><strong>potantia</strong></span> <span class='ocrx_word' id='word_1_416' title='bbox 3221 2779 3462 2848; x_wconf 84' lang='lat' dir='ltr'><strong>privatus</strong></span> 
     </span>
    </p>
   </div>
   <div class='ocr_carea' id='block_1_59' title="bbox 1901 2871 3461 2942">
    <p class='ocr_par' dir='ltr' id='par_1_59' title="bbox 1901 2871 3461 2942">
     <span class='ocr_line' id='line_1_59' title="bbox 1901 2871 3461 2942; baseline -0.001 -16"><span class='ocrx_word' id='word_1_417' title='bbox 1901 2872 2024 2934; x_wconf 85' lang='lat' dir='ltr'><strong>fuit,</strong></span> <span class='ocrx_word' id='word_1_418' title='bbox 2062 2884 2115 2928; x_wconf 87' lang='lat' dir='ltr'><strong>et</strong></span> <span class='ocrx_word' id='word_1_419' title='bbox 2139 2873 2594 2942; x_wconf 88' lang='lat' dir='ltr'><strong>quemadmodum</strong></span> <span class='ocrx_word' id='word_1_420' title='bbox 2627 2871 2908 2928; x_wconf 85' lang='lat' dir='ltr'><strong>Goliathus</strong></span> <span class='ocrx_word' id='word_1_421' title='bbox 2940 2887 3040 2927; x_wconf 92' lang='lat' dir='ltr'><strong>suo</strong></span> <span class='ocrx_word' id='word_1_422' title='bbox 3073 2873 3244 2942; x_wconf 83' lang='lat' dir='ltr'><strong>ipsius</strong></span> <span class='ocrx_word' id='word_1_423' title='bbox 3285 2871 3461 2941; x_wconf 81' lang='lat' dir='ltr'><strong>gladio</strong></span> 
     </span>
    </p>
   </div>
   <div class='ocr_carea' id='block_1_60' title="bbox 1900 2963 3458 3035">
    <p class='ocr_par' dir='ltr' id='par_1_60' title="bbox 1900 2963 3458 3035">
     <span class='ocr_line' id='line_1_60' title="bbox 1900 2963 3458 3035; baseline -0.003 -15"><span class='ocrx_word' id='word_1_424' title='bbox 1900 2965 2074 3031; x_wconf 65' lang='lat' dir='ltr'><strong>capite</strong></span> <span class='ocrx_word' id='word_1_425' title='bbox 2098 2980 2272 3020; x_wconf 75' lang='lat' dir='ltr'><strong>czesus</strong></span> <span class='ocrx_word' id='word_1_426' title='bbox 2299 2972 2402 3030; x_wconf 90' lang='lat' dir='ltr'><strong>est,</strong></span> <span class='ocrx_word' id='word_1_427' title='bbox 2422 2964 2493 3018; x_wconf 88' lang='lat' dir='ltr'><strong>ita</strong></span> <span class='ocrx_word' id='word_1_428' title='bbox 2516 2973 2570 3018; x_wconf 89' lang='lat' dir='ltr'><strong>et</strong></span> <span class='ocrx_word' id='word_1_429' title='bbox 2591 2965 2860 3028; x_wconf 85' lang='lat' dir='ltr'><strong>diabolus,</strong></span> <span class='ocrx_word' id='word_1_430' title='bbox 2883 2965 2976 3035; x_wconf 87' lang='lat' dir='ltr'><strong>qui</strong></span> <span class='ocrx_word' id='word_1_431' title='bbox 3000 2974 3228 3019; x_wconf 87' lang='lat' dir='ltr'><strong>mortem</strong></span> <span class='ocrx_word' id='word_1_432' title='bbox 3253 2963 3458 3033; x_wconf 78' lang='lat' dir='ltr'><strong>genuit,</strong></span> 
     </span>
    </p>
   </div>
   <div class='ocr_carea' id='block_1_61' title="bbox 1897 3053 3461 3126">
    <p class='ocr_par' dir='ltr' id='par_1_61' title="bbox 1897 3053 3461 3126">
     <span class='ocr_line' id='line_1_61' title="bbox 1897 3053 3461 3126; baseline -0.001 -16"><span class='ocrx_word' id='word_1_433' title='bbox 1897 3071 1994 3126; x_wconf 90' lang='lat' dir='ltr'><strong>per</strong></span> <span class='ocrx_word' id='word_1_434' title='bbox 2040 3064 2266 3109; x_wconf 91' lang='lat' dir='ltr'><strong>mortem</strong></span> <span class='ocrx_word' id='word_1_435' title='bbox 2308 3056 2542 3110; x_wconf 87' lang='lat' dir='ltr'><strong>vincitur</strong></span> <span class='ocrx_word' id='word_1_436' title='bbox 2570 3071 2634 3111; x_wconf 72' lang='lat' dir='ltr'><strong>ac</strong></span> <span class='ocrx_word' id='word_1_437' title='bbox 2651 3053 2982 3125; x_wconf 86' lang='lat' dir='ltr'><strong>fugatur,ae</strong></span> <span class='ocrx_word' id='word_1_438' title='bbox 3010 3057 3138 3110; x_wconf 84' lang='lat' dir='ltr'><strong>illud</strong></span> <span class='ocrx_word' id='word_1_439' title='bbox 3176 3057 3314 3110; x_wconf 88' lang='lat' dir='ltr'><strong>idem</strong></span> <span class='ocrx_word' id='word_1_440' title='bbox 3348 3071 3461 3110; x_wconf 65' lang='lat' dir='ltr'><strong>suae</strong></span> 
     </span>
    </p>
   </div>
   <div class='ocr_carea' id='block_1_62' title="bbox 220 3140 1791 3244">
    <p class='ocr_par' dir='ltr' id='par_1_62' title="bbox 220 3140 1791 3216">
     <span class='ocr_line' id='line_1_62' title="bbox 220 3140 1791 3216; baseline 0.008 -23"><span class='ocrx_word' id='word_1_441' title='bbox 220 3140 400 3195; x_wconf 81' lang='grc' dir='ltr'>ἀσατο</span> <span class='ocrx_word' id='word_1_442' title='bbox 418 3185 432 3207; x_wconf 87' lang='grc'><strong>,</strong></span> <span class='ocrx_word' id='word_1_443' title='bbox 468 3144 707 3208; x_wconf 71' lang='grc' dir='ltr'>καὶτοὺς</span> <span class='ocrx_word' id='word_1_444' title='bbox 730 3145 991 3213; x_wconf 83' lang='grc' dir='ltr'>ἀγγέλους</span> <span class='ocrx_word' id='word_1_445' title='bbox 1019 3147 1112 3199; x_wconf 81' lang='grc' dir='ltr'>τοῦ</span> <span class='ocrx_word' id='word_1_446' title='bbox 1136 3148 1268 3201; x_wconf 82' lang='grc' dir='ltr'>Θεοῦ</span> <span class='ocrx_word' id='word_1_447' title='bbox 1301 3150 1684 3216; x_wconf 88' lang='grc' dir='ltr'>ἀναϐαίνοντας</span> <span class='ocrx_word' id='word_1_448' title='bbox 1706 3154 1791 3208; x_wconf 63' lang='grc' dir='ltr'>καὶ</span> 
     </span>
    </p>
   </div>
   <div class='ocr_carea' id='block_1_63' title="bbox 1903 3140 3456 3244">
    <p class='ocr_par' dir='ltr' id='par_1_63' title="bbox 1903 3146 3456 3215">
     <span class='ocr_line' id='line_1_63' title="bbox 1903 3146 3456 3215; baseline 0 -17"><span class='ocrx_word' id='word_1_449' title='bbox 1903 3146 2074 3215; x_wconf 90' lang='lat' dir='ltr'><strong>ipsius</strong></span> <span class='ocrx_word' id='word_1_450' title='bbox 2113 3147 2284 3200; x_wconf 70' lang='lat' dir='ltr'><strong>ruinae</strong></span> <span class='ocrx_word' id='word_1_451' title='bbox 2321 3147 2555 3201; x_wconf 89' lang='lat' dir='ltr'><strong>validum</strong></span> <span class='ocrx_word' id='word_1_452' title='bbox 2585 3147 3005 3202; x_wconf 89' lang='lat' dir='ltr'><strong>instrumentum</strong></span> <span class='ocrx_word' id='word_1_453' title='bbox 3031 3161 3151 3200; x_wconf 89' lang='lat' dir='ltr'><strong>esse</strong></span> <span class='ocrx_word' id='word_1_454' title='bbox 3173 3147 3456 3214; x_wconf 80' lang='lat' dir='ltr'><strong>comperit,</strong></span> 
     </span>
    </p>
   </div>
   <div class='ocr_carea' id='block_1_64' title="bbox 220 3232 1796 3316">
    <p class='ocr_par' dir='ltr' id='par_1_64' title="bbox 220 3232 1796 3316">
     <span class='ocr_line' id='line_1_64' title="bbox 220 3232 1796 3316; baseline 0.009 -33"><span class='ocrx_word' id='word_1_455' title='bbox 220 3232 679 3298; x_wconf 86' lang='grc' dir='ltr'>καταϐαίνοντας·</span> <span class='ocrx_word' id='word_1_456' title='bbox 716 3235 832 3288; x_wconf 73' lang='grc' dir='ltr'>νυνὶ</span> <span class='ocrx_word' id='word_1_457' title='bbox 863 3237 918 3289; x_wconf 76' lang='grc' dir='ltr'><strong>δὲ</strong></span> <span class='ocrx_word' id='word_1_458' title='bbox 951 3237 1037 3290; x_wconf 79' lang='grc' dir='ltr'><strong>διὰ</strong></span> <span class='ocrx_word' id='word_1_459' title='bbox 1073 3237 1163 3290; x_wconf 84' lang='grc' dir='ltr'><strong>τὸν</strong></span> <span class='ocrx_word' id='word_1_460' title='bbox 1201 3239 1482 3312; x_wconf 78' lang='grc' dir='ltr'>ἄνθρωπον</span> <span class='ocrx_word' id='word_1_461' title='bbox 1515 3242 1796 3316; x_wconf 82' lang='grc' dir='ltr'>ἄνθρωπος</span> 
     </span>
    </p>
   </div>
   <div class='ocr_carea' id='block_1_65' title="bbox 220 3323 1798 3404">
    <p class='ocr_par' dir='ltr' id='par_1_65' title="bbox 220 3323 1798 3404">
     <span class='ocr_line' id='line_1_65' title="bbox 220 3323 1798 3404; baseline 0.011 -30"><span class='ocrx_word' id='word_1_462' title='bbox 220 3323 514 3394; x_wconf 82' lang='grc' dir='ltr'>γενόμενος</span> <span class='ocrx_word' id='word_1_463' title='bbox 547 3327 574 3377; x_wconf 87' lang='grc' dir='ltr'><strong>ὁ</strong></span> <span class='ocrx_word' id='word_1_464' title='bbox 599 3325 976 3398; x_wconf 81' lang='grc' dir='ltr'>φιλάνθρωπος</span> <span class='ocrx_word' id='word_1_465' title='bbox 1013 3328 1102 3382; x_wconf 79' lang='grc' dir='ltr'><strong>τὸν</strong></span> <span class='ocrx_word' id='word_1_466' title='bbox 1143 3330 1503 3404; x_wconf 75' lang='grc' dir='ltr'>ἀπάνθρωπον</span> <span class='ocrx_word' id='word_1_467' title='bbox 1539 3335 1798 3401; x_wconf 85' lang='grc' dir='ltr'>λακτίσας</span> 
     </span>
    </p>
   </div>
   <div class='ocr_carea' id='block_1_66' title="bbox 219 3412 1796 3498">
    <p class='ocr_par' dir='ltr' id='par_1_66' title="bbox 219 3412 1796 3498">
     <span class='ocr_line' id='line_1_66' title="bbox 219 3412 1796 3498; baseline 0.01 -30"><span class='ocrx_word' id='word_1_468' title='bbox 219 3412 307 3482; x_wconf 82' lang='grc' dir='ltr'>τῷ</span> <span class='ocrx_word' id='word_1_469' title='bbox 351 3417 466 3470; x_wconf 71' lang='grc' dir='ltr'>ποδὶ</span> <span class='ocrx_word' id='word_1_470' title='bbox 499 3418 597 3488; x_wconf 80' lang='grc' dir='ltr'><strong>τῆς</strong></span> <span class='ocrx_word' id='word_1_471' title='bbox 637 3419 902 3490; x_wconf 79' lang='grc' dir='ltr'>θεότητος,</span> <span class='ocrx_word' id='word_1_472' title='bbox 938 3423 1032 3487; x_wconf 74' lang='grc' dir='ltr'><strong>καὶ</strong></span> <span class='ocrx_word' id='word_1_473' title='bbox 1065 3423 1154 3477; x_wconf 83' lang='grc' dir='ltr'><strong>τὸν</strong></span> <span class='ocrx_word' id='word_1_474' title='bbox 1196 3423 1478 3496; x_wconf 85' lang='grc' dir='ltr'>ἄνθρωπον</span> <span class='ocrx_word' id='word_1_475' title='bbox 1525 3427 1796 3498; x_wconf 85' lang='grc' dir='ltr'>βαστάσας</span> 
     </span>
    </p>
   </div>
   <div class='ocr_carea' id='block_1_67' title="bbox 216 3507 1797 3588">
    <p class='ocr_par' dir='ltr' id='par_1_67' title="bbox 216 3507 1797 3588">
     <span class='ocr_line' id='line_1_67' title="bbox 216 3507 1797 3588; baseline 0.008 -31"><span class='ocrx_word' id='word_1_476' title='bbox 216 3507 288 3576; x_wconf 75' lang='grc' dir='ltr'><strong>’τῇ</strong></span> <span class='ocrx_word' id='word_1_477' title='bbox 328 3507 473 3578; x_wconf 71' lang='grc' dir='ltr'>χειρὶ</span> <span class='ocrx_word' id='word_1_478' title='bbox 519 3510 616 3580; x_wconf 80' lang='grc' dir='ltr'>τῆς</span> <span class='ocrx_word' id='word_1_479' title='bbox 661 3511 1028 3581; x_wconf 81' lang='grc' dir='ltr'>χριστότητος,</span> <span class='ocrx_word' id='word_1_480' title='bbox 1070 3513 1159 3566; x_wconf 71' lang='grc' dir='ltr'>τὸν</span> <span class='ocrx_word' id='word_1_481' title='bbox 1193 3513 1389 3570; x_wconf 84' lang='grc' dir='ltr'>ἄϐατον</span> <span class='ocrx_word' id='word_1_482' title='bbox 1420 3515 1610 3588; x_wconf 78' lang='grc' dir='ltr'>αἰθέρα</span> <span class='ocrx_word' id='word_1_483' title='bbox 1641 3519 1797 3572; x_wconf 72' lang='grc' dir='ltr'>ποσὶν</span> 
     </span>
    </p>
   </div>
   <div class='ocr_carea' id='block_1_68' title="bbox 215 3598 1796 3680">
    <p class='ocr_par' dir='ltr' id='par_1_68' title="bbox 215 3598 1796 3680">
     <span class='ocr_line' id='line_1_68' title="bbox 215 3598 1796 3680; baseline 0.008 -28"><span class='ocrx_word' id='word_1_484' title='bbox 215 3598 579 3668; x_wconf 81' lang='grc' dir='ltr'>ἀνθρωπίνοις</span> <span class='ocrx_word' id='word_1_485' title='bbox 605 3601 967 3665; x_wconf 79' lang='grc' dir='ltr'>πεζεύσασθαι</span> <span class='ocrx_word' id='word_1_486' title='bbox 1000 3606 1428 3678; x_wconf 88' lang='grc' dir='ltr'>παρεσκεύασεν.</span> <span class='ocrx_word' id='word_1_487' title='bbox 1465 3609 1596 3663; x_wconf 87' lang='grc' dir='ltr'>Τότε</span> <span class='ocrx_word' id='word_1_488' title='bbox 1623 3613 1670 3664; x_wconf 85' lang='grc' dir='ltr'><strong>οί</strong></span> <span class='ocrx_word' id='word_1_489' title='bbox 1699 3612 1796 3680; x_wconf 80' lang='grc' dir='ltr'><strong>ἄγ-</strong></span> 
     </span>
    </p>
   </div>
   <div class='ocr_carea' id='block_1_69' title="bbox 215 3689 1796 3773">
    <p class='ocr_par' dir='ltr' id='par_1_69' title="bbox 215 3689 1796 3773">
     <span class='ocr_line' id='line_1_69' title="bbox 215 3689 1796 3773; baseline 0.011 -32"><span class='ocrx_word' id='word_1_490' title='bbox 215 3689 368 3757; x_wconf 88' lang='grc' dir='ltr'>γελοι</span> <span class='ocrx_word' id='word_1_491' title='bbox 390 3689 668 3747; x_wconf 79' lang='grc' dir='ltr'>ἀνέϐαινον</span> <span class='ocrx_word' id='word_1_492' title='bbox 698 3695 791 3748; x_wconf 72' lang='grc' dir='ltr'><strong>καὶ</strong></span> <span class='ocrx_word' id='word_1_493' title='bbox 820 3697 1138 3751; x_wconf 88' lang='grc' dir='ltr'>κατέϐαινον</span> <span class='ocrx_word' id='word_1_494' title='bbox 1159 3715 1173 3728; x_wconf 75' lang='grc' dir='ltr'><strong><em>ο</em></strong></span> <span class='ocrx_word' id='word_1_495' title='bbox 1204 3701 1318 3753; x_wconf 83' lang='grc' dir='ltr'><strong>νυνὶ</strong></span> <span class='ocrx_word' id='word_1_496' title='bbox 1348 3701 1402 3754; x_wconf 82' lang='grc' dir='ltr'>δὲ</span> <span class='ocrx_word' id='word_1_497' title='bbox 1435 3703 1464 3754; x_wconf 91' lang='lat'><strong>6</strong></span> <span class='ocrx_word' id='word_1_498' title='bbox 1495 3703 1595 3772; x_wconf 81' lang='grc' dir='ltr'>τῆς</span> <span class='ocrx_word' id='word_1_499' title='bbox 1629 3705 1796 3773; x_wconf 86' lang='grc' dir='ltr'>μεγά-</span> 
     </span>
    </p>
   </div>
   <div class='ocr_carea' id='block_1_70' title="bbox 215 3782 1788 3855">
    <p class='ocr_par' dir='ltr' id='par_1_70' title="bbox 215 3782 1788 3855">
     <span class='ocr_line' id='line_1_70' title="bbox 215 3782 1788 3855; baseline 0.01 -23"><span class='ocrx_word' id='word_1_500' title='bbox 215 3782 321 3852; x_wconf 69' lang='grc' dir='ltr'><strong>λης</strong></span> <span class='ocrx_word' id='word_1_501' title='bbox 353 3782 543 3854; x_wconf 76' lang='grc' dir='ltr'>βουλῆς</span> <span class='ocrx_word' id='word_1_502' title='bbox 569 3787 831 3855; x_wconf 73' lang='grc' dir='ltr'>Ἀγγελος</span> <span class='ocrx_word' id='word_1_503' title='bbox 876 3788 975 3842; x_wconf 77' lang='grc' dir='ltr'><strong>οὐκ</strong></span> <span class='ocrx_word' id='word_1_504' title='bbox 1004 3789 1281 3845; x_wconf 84' lang='grc' dir='ltr'>ἀναϐαίνει</span> <span class='ocrx_word' id='word_1_505' title='bbox 1315 3793 1408 3845; x_wconf 76' lang='grc' dir='ltr'><strong>καὶ</strong></span> <span class='ocrx_word' id='word_1_506' title='bbox 1441 3795 1788 3848; x_wconf 87' lang='grc' dir='ltr'>καταϐαίνει·</span> 
     </span>
    </p>
   </div>
   <div class='ocr_carea' id='block_1_71' title="bbox 212 3874 1788 3960">
    <p class='ocr_par' dir='ltr' id='par_1_71' title="bbox 212 3874 1788 3960">
     <span class='ocr_line' id='line_1_71' title="bbox 212 3874 1788 3960; baseline 0.011 -36"><span class='ocrx_word' id='word_1_507' title='bbox 212 3884 315 3925; x_wconf 85' lang='grc' dir='ltr'><strong>και</strong></span> <span class='ocrx_word' id='word_1_508' title='bbox 355 3874 515 3927; x_wconf 79' lang='grc' dir='ltr'>πόθεν</span> <span class='ocrx_word' id='word_1_509' title='bbox 540 3875 647 3947; x_wconf 75' lang='grc' dir='ltr'><strong>γὰρ</strong></span> <span class='ocrx_word' id='word_1_510' title='bbox 683 3877 784 3930; x_wconf 75' lang='grc' dir='ltr'>ποῦ</span> <span class='ocrx_word' id='word_1_511' title='bbox 822 3882 1217 3952; x_wconf 89' lang='grc' dir='ltr'>μεταστήσεται</span> <span class='ocrx_word' id='word_1_512' title='bbox 1240 3886 1267 3936; x_wconf 92' lang='lat'><strong>6</strong></span> <span class='ocrx_word' id='word_1_513' title='bbox 1288 3886 1558 3956; x_wconf 86' lang='grc' dir='ltr'>πανταχοῦ</span> <span class='ocrx_word' id='word_1_514' title='bbox 1581 3887 1788 3960; x_wconf 85' lang='grc' dir='ltr'>παρὼν,</span> 
     </span>
    </p>
   </div>
   <div class='ocr_carea' id='block_1_72' title="bbox 209 3963 1792 4046">
    <p class='ocr_par' dir='ltr' id='par_1_72' title="bbox 209 3963 1792 4046">
     <span class='ocr_line' id='line_1_72' title="bbox 209 3963 1792 4046; baseline 0.009 -31"><span class='ocrx_word' id='word_1_515' title='bbox 209 3963 311 4016; x_wconf 78' lang='grc' dir='ltr'><strong>καὶ</strong></span> <span class='ocrx_word' id='word_1_516' title='bbox 333 3963 400 4016; x_wconf 76' lang='grc' dir='ltr'><strong>τὰ</strong></span> <span class='ocrx_word' id='word_1_517' title='bbox 420 3965 592 4019; x_wconf 84' lang='grc' dir='ltr'>πάντα</span> <span class='ocrx_word' id='word_1_518' title='bbox 622 3967 860 4038; x_wconf 85' lang='grc' dir='ltr'>πληρῶν,</span> <span class='ocrx_word' id='word_1_519' title='bbox 879 3971 971 4023; x_wconf 73' lang='grc' dir='ltr'>καὶ</span> <span class='ocrx_word' id='word_1_520' title='bbox 995 3972 1051 4024; x_wconf 83' lang='grc' dir='ltr'>ὲν</span> <span class='ocrx_word' id='word_1_521' title='bbox 1077 3973 1140 4041; x_wconf 79' lang='grc' dir='ltr'>τῇ</span> <span class='ocrx_word' id='word_1_522' title='bbox 1165 3973 1309 4044; x_wconf 83' lang='grc' dir='ltr'>χειρὶ</span> <span class='ocrx_word' id='word_1_523' title='bbox 1336 3973 1572 4044; x_wconf 79' lang='grc' dir='ltr'>συνέχων</span> <span class='ocrx_word' id='word_1_524' title='bbox 1588 3975 1655 4028; x_wconf 86' lang='grc' dir='ltr'>τὰ</span> <span class='ocrx_word' id='word_1_525' title='bbox 1677 3975 1792 4046; x_wconf 86' lang='grc' dir='ltr'><strong>[κό-</strong></span> 
     </span>
    </p>
   </div>
   <div class='ocr_carea' id='block_1_73' title="bbox 211 4051 1788 4136">
    <p class='ocr_par' dir='ltr' id='par_1_73' title="bbox 211 4051 1788 4136">
     <span class='ocr_line' id='line_1_73' title="bbox 211 4051 1788 4136; baseline 0.01 -32"><span class='ocrx_word' id='word_1_526' title='bbox 211 4051 386 4124; x_wconf 70' lang='grc' dir='ltr'>σμου)</span> <span class='ocrx_word' id='word_1_527' title='bbox 405 4051 612 4125; x_wconf 86' lang='grc' dir='ltr'>πέρατα</span> <span class='ocrx_word' id='word_1_528' title='bbox 633 4073 646 4121; x_wconf 90' lang='lat'><strong>;</strong></span> <span class='ocrx_word' id='word_1_529' title='bbox 677 4058 855 4125; x_wconf 80' lang='grc' dir='ltr'>Ἀπαξ</span> <span class='ocrx_word' id='word_1_530' title='bbox 872 4059 979 4131; x_wconf 81' lang='grc' dir='ltr'>γὰρ</span> <span class='ocrx_word' id='word_1_531' title='bbox 1011 4060 1213 4134; x_wconf 85' lang='grc' dir='ltr'>κατέϐη</span> <span class='ocrx_word' id='word_1_532' title='bbox 1241 4064 1334 4116; x_wconf 80' lang='grc' dir='ltr'><strong>καὶ</strong></span> <span class='ocrx_word' id='word_1_533' title='bbox 1351 4063 1496 4129; x_wconf 77' lang='grc' dir='ltr'>ἅπαξ</span> <span class='ocrx_word' id='word_1_534' title='bbox 1517 4064 1700 4136; x_wconf 86' lang='grc' dir='ltr'>ἀνέϐη·</span> <span class='ocrx_word' id='word_1_535' title='bbox 1728 4069 1788 4120; x_wconf 74' lang='grc' dir='ltr'><strong>ου)</strong></span> 
     </span>
    </p>
   </div>
   <div class='ocr_carea' id='block_1_74' title="bbox 287 4165 749 4235">
    <p class='ocr_par' dir='ltr' id='par_1_74' title="bbox 287 4165 749 4235">
     <span class='ocr_line' id='line_1_74' title="bbox 287 4165 749 4235; baseline 0.015 -16"><span class='ocrx_word' id='word_1_536' title='bbox 287 4167 304 4197; x_wconf 80' lang='grc'>⁸</span> <span class='ocrx_word' id='word_1_537' title='bbox 343 4165 510 4222; x_wconf 90' lang='lat' dir='ltr'><strong>lCor.</strong></span> <span class='ocrx_word' id='word_1_538' title='bbox 548 4186 636 4235; x_wconf 80' lang='lat' dir='ltr'><strong>xv,</strong></span> 
     </span>
    </p>
   </div>
   <div class='ocr_carea' id='block_1_75' title="bbox 207 4281 1786 4412">
    <p class='ocr_par' dir='ltr' id='par_1_75' title="bbox 207 4281 1786 4412">
     <span class='ocr_line' id='line_1_75' title="bbox 207 4281 1786 4412; baseline 0.009 -79"><span class='ocrx_word' id='word_1_539' title='bbox 207 4295 356 4365; x_wconf 64' lang='lat' dir='ltr'><strong>ram,</strong></span> <span class='ocrx_word' id='word_1_540' title='bbox 391 4281 444 4333; x_wconf 95' lang='lat' dir='ltr'><strong>in</strong></span> <span class='ocrx_word' id='word_1_541' title='bbox 491 4283 579 4338; x_wconf 85' lang='lat' dir='ltr'><strong>illa</strong></span> <span class='ocrx_word' id='word_1_542' title='bbox 633 4285 849 4353; x_wconf 89' lang='lat' dir='ltr'><strong>quidem</strong></span> <span class='ocrx_word' id='word_1_543' title='bbox 898 4287 1010 4355; x_wconf 91' lang='lat' dir='ltr'><strong>ipsa</strong></span> <span class='ocrx_word' id='word_1_544' title='bbox 1042 4291 1286 4345; x_wconf 87' lang='lat' dir='ltr'><strong>oratione</strong></span> <span class='ocrx_word' id='word_1_545' title='bbox 1320 4292 1786 4412; x_wconf 46' lang='grc' dir='ltr'>εᾷςκαιοπραγεῖν,</span> 
     </span>
     <span class='ocr_line' id='line_1_76' title="bbox 209 4353 1786 4412; baseline 0.006 -8"><span class='ocrx_word' id='word_1_546' title='bbox 209 4353 579 4412; x_wconf 82' lang='grc' dir='ltr'>ίοιοπραγίαν.</span> <span class='ocrx_word' id='word_1_547' title='bbox 625 4355 1216 4412; x_wconf 69' lang='grc' dir='ltr'>ἀλλοτριοπωγοῦσαν.</span> <span class='ocrx_word' id='word_1_548' title='bbox 1247 4379 1381 4412; x_wconf 85' lang='grc' dir='ltr'>νωνε</span> <span class='ocrx_word' id='word_1_549' title='bbox 1420 4363 1521 4412; x_wconf 73' lang='lat' dir='ltr'><strong>Eae.</strong></span> <span class='ocrx_word' id='word_1_550' title='bbox 1560 4365 1786 4412; x_wconf 67' lang='grc' dir='ltr'>αελτεγο-</span> 
     </span>
    </p>
   </div>
   <div class='ocr_carea' id='block_1_76' title="bbox 209 4351 1789 4436">
    <p class='ocr_par' dir='ltr' id='par_1_76' title="bbox 209 4351 1789 4436">
     <span class='ocr_line' id='line_1_77' title="bbox 209 4351 1789 4436; baseline 0.009 -32"><span class='ocrx_word' id='word_1_551' title='bbox 209 4351 579 4436; x_wconf 68' lang='grc' dir='ltr'>ίδιρπραγίαν,</span> <span class='ocrx_word' id='word_1_552' title='bbox 625 4351 1218 4436; x_wconf 65' lang='grc' dir='ltr'>ἀλλοτριοπρριγοῦσαν,</span> <span class='ocrx_word' id='word_1_553' title='bbox 1247 4351 1521 4436; x_wconf 74' lang='grc' dir='ltr'>νωχὲλίας,</span> <span class='ocrx_word' id='word_1_554' title='bbox 1559 4351 1789 4436; x_wconf 62' lang='grc' dir='ltr'>ρελὴγοᾷ</span> 
     </span>
    </p>
   </div>
   <div class='ocr_carea' id='block_1_77' title="bbox 212 4423 1784 4507">
    <p class='ocr_par' dir='ltr' id='par_1_77' title="bbox 212 4423 1784 4507">
     <span class='ocr_line' id='line_1_78' title="bbox 212 4423 1784 4507; baseline 0.011 -36"><span class='ocrx_word' id='word_1_555' title='bbox 212 4423 352 4507; x_wconf 32' lang='grc' dir='ltr'>ρειῖν,</span> <span class='ocrx_word' id='word_1_556' title='bbox 385 4424 738 4507; x_wconf 65' lang='grc' dir='ltr'>ἀφραίνομεν,</span> <span class='ocrx_word' id='word_1_557' title='bbox 773 4423 1102 4507; x_wconf 74' lang='grc' dir='ltr'>μνωμένους,</span> <span class='ocrx_word' id='word_1_558' title='bbox 1129 4423 1387 4495; x_wconf 72' lang='grc' dir='ltr'>ούδενέὰί,</span> <span class='ocrx_word' id='word_1_559' title='bbox 1417 4423 1784 4507; x_wconf 62' lang='grc' dir='ltr'>φιλοσοφήσει,</span> 
     </span>
    </p>
   </div>
   <div class='ocr_carea' id='block_1_78' title="bbox 206 4492 1781 4573">
    <p class='ocr_par' dir='ltr' id='par_1_78' title="bbox 206 4492 1781 4573">
     <span class='ocr_line' id='line_1_79' title="bbox 206 4492 1781 4573; baseline 0.013 -33"><span class='ocrx_word' id='word_1_560' title='bbox 206 4492 428 4573; x_wconf 59' lang='lat' dir='ltr'><strong>aliaque</strong></span> <span class='ocrx_word' id='word_1_561' title='bbox 461 4492 738 4573; x_wconf 41' lang='lat' dir='ltr'><strong>nonnulla:</strong></span> <span class='ocrx_word' id='word_1_562' title='bbox 775 4492 832 4547; x_wconf 85' lang='lat' dir='ltr'><strong>ln</strong></span> <span class='ocrx_word' id='word_1_563' title='bbox 865 4492 968 4573; x_wconf 44' lang='lat' dir='ltr'><strong>liae</strong></span> <span class='ocrx_word' id='word_1_564' title='bbox 999 4514 1124 4553; x_wconf 83' lang='lat' dir='ltr'><strong>vero</strong></span> <span class='ocrx_word' id='word_1_565' title='bbox 1155 4492 1781 4573; x_wconf 51' lang='grc' dir='ltr'>ηοεῑγεμνηπιάζόυσαν,</span> 
     </span>
    </p>
   </div>
   <div class='ocr_carea' id='block_1_79' title="bbox 206 4559 1780 4646">
    <p class='ocr_par' dir='ltr' id='par_1_79' title="bbox 206 4559 1780 4646">
     <span class='ocr_line' id='line_1_80' title="bbox 206 4559 1780 4646; baseline 0.007 -34"><span class='ocrx_word' id='word_1_566' title='bbox 206 4559 579 4646; x_wconf 52' lang='grc' dir='ltr'>ἐγγελῶντες,</span> <span class='ocrx_word' id='word_1_567' title='bbox 632 4563 1110 4646; x_wconf 34' lang='grc' dir='ltr'>ἀνθαρπάζονταςη,</span> <span class='ocrx_word' id='word_1_568' title='bbox 1156 4571 1253 4646; x_wconf 78' lang='grc' dir='ltr'><strong>τὰς</strong></span> <span class='ocrx_word' id='word_1_569' title='bbox 1300 4559 1457 4646; x_wconf 47' lang='grc' dir='ltr'>κλεὶς</span> <span class='ocrx_word' id='word_1_570' title='bbox 1492 4559 1780 4646; x_wconf 53' lang='lat' dir='ltr'><strong>motarum;</strong></span> 
     </span>
    </p>
   </div>
   <div class='ocr_carea' id='block_1_80' title="bbox 207 4641 1780 4717">
    <p class='ocr_par' dir='ltr' id='par_1_80' title="bbox 207 4641 1780 4717">
     <span class='ocr_line' id='line_1_81' title="bbox 207 4641 1780 4717; baseline 0.013 -38"><span class='ocrx_word' id='word_1_571' title='bbox 207 4641 560 4717; x_wconf 62' lang='grc' dir='ltr'>εσκυλευσεν,</span> <span class='ocrx_word' id='word_1_572' title='bbox 590 4641 898 4717; x_wconf 60' lang='grc' dir='ltr'><strong>¹ςτροτιὸυται</strong></span> <span class='ocrx_word' id='word_1_573' title='bbox 917 4675 932 4699; x_wconf 94' lang='grc'><strong>,</strong></span> <span class='ocrx_word' id='word_1_574' title='bbox 970 4641 1312 4717; x_wconf 77' lang='grc' dir='ltr'>περιπαρεὶς,</span> <span class='ocrx_word' id='word_1_575' title='bbox 1343 4642 1552 4717; x_wconf 74' lang='grc' dir='ltr'>δέλεαρ,</span> <span class='ocrx_word' id='word_1_576' title='bbox 1580 4641 1780 4717; x_wconf 64' lang='grc' dir='ltr'>πολεμὲ</span> 
     </span>
    </p>
   </div>
   <div class='ocr_carea' id='block_1_81' title="bbox 206 4701 1781 4786">
    <p class='ocr_par' dir='ltr' id='par_1_81' title="bbox 206 4701 1781 4786">
     <span class='ocr_line' id='line_1_82' title="bbox 206 4701 1781 4786; baseline 0.014 -36"><span class='ocrx_word' id='word_1_577' title='bbox 206 4701 412 4780; x_wconf 68' lang='grc' dir='ltr'>ἀρχης,</span> <span class='ocrx_word' id='word_1_578' title='bbox 457 4711 509 4755; x_wconf 91' lang='lat' dir='ltr'><strong>et</strong></span> <span class='ocrx_word' id='word_1_579' title='bbox 555 4701 735 4771; x_wconf 81' lang='lat' dir='ltr'><strong>aliqua</strong></span> <span class='ocrx_word' id='word_1_580' title='bbox 764 4705 891 4773; x_wconf 89' lang='lat' dir='ltr'><strong>alia,</strong></span> <span class='ocrx_word' id='word_1_581' title='bbox 936 4701 1057 4775; x_wconf 73' lang='lat' dir='ltr'><strong>quai</strong></span> <span class='ocrx_word' id='word_1_582' title='bbox 1095 4701 1220 4763; x_wconf 81' lang='lat' dir='ltr'><strong>mox</strong></span> <span class='ocrx_word' id='word_1_583' title='bbox 1267 4701 1320 4764; x_wconf 86' lang='lat' dir='ltr'><strong>in</strong></span> <span class='ocrx_word' id='word_1_584' title='bbox 1370 4701 1595 4784; x_wconf 78' lang='lat' dir='ltr'><strong>legendo</strong></span> <span class='ocrx_word' id='word_1_585' title='bbox 1625 4701 1781 4786; x_wconf 73' lang='lat' dir='ltr'><strong>repe-</strong></span> 
     </span>
    </p>
   </div>
   <div class='ocr_carea' id='block_1_82' title="bbox 203 4786 343 4824">
    <p class='ocr_par' dir='ltr' id='par_1_82' title="bbox 203 4786 343 4824">
     <span class='ocr_line' id='line_1_83' title="bbox 203 4786 343 4824; baseline -0.021 0"><span class='ocrx_word' id='word_1_586' title='bbox 203 4786 343 4824; x_wconf 86' lang='lat' dir='ltr'><strong>rtes.</strong></span> 
     </span>
    </p>
   </div>
   <div class='ocr_carea' id='block_1_83' title="bbox 282 4838 1777 4911">
    <p class='ocr_par' dir='ltr' id='par_1_83' title="bbox 282 4838 1777 4911">
     <span class='ocr_line' id='line_1_84' title="bbox 282 4838 1777 4911; baseline 0.015 -22"><span class='ocrx_word' id='word_1_587' title='bbox 282 4839 396 4909; x_wconf 81' lang='grc'>(21)</span> <span class='ocrx_word' id='word_1_588' title='bbox 422 4838 500 4911; x_wconf 72' lang='lat' dir='ltr'><strong>Ad</strong></span> <span class='ocrx_word' id='word_1_589' title='bbox 525 4842 900 4910; x_wconf 82' lang='lat' dir='ltr'><strong>conﬁciendum</strong></span> <span class='ocrx_word' id='word_1_590' title='bbox 1001 4862 1118 4900; x_wconf 74' lang='lat' dir='ltr'><strong>cum</strong></span> <span class='ocrx_word' id='word_1_591' title='bbox 1141 4849 1550 4908; x_wconf 78' lang='lat' dir='ltr'><strong>adolescentibus</strong></span> <span class='ocrx_word' id='word_1_592' title='bbox 1659 4855 1777 4911; x_wconf 87' lang='lat' dir='ltr'><strong>iter.</strong></span> 
     </span>
    </p>
   </div>
   <div class='ocr_carea' id='block_1_84' title="bbox 206 4908 1779 4992">
    <p class='ocr_par' dir='ltr' id='par_1_84' title="bbox 206 4908 1779 4992">
     <span class='ocr_line' id='line_1_85' title="bbox 206 4908 1779 4992; baseline 0.01 -29"><span class='ocrx_word' id='word_1_593' title='bbox 206 4908 512 4992; x_wconf 71' lang='lat' dir='ltr'><strong>Gregorius</strong></span> <span class='ocrx_word' id='word_1_594' title='bbox 551 4908 653 4966; x_wconf 77' lang='lat' dir='ltr'><strong>hoc</strong></span> <span class='ocrx_word' id='word_1_595' title='bbox 692 4913 903 4992; x_wconf 44' lang='lat' dir='ltr'><strong>innloco</strong></span> <span class='ocrx_word' id='word_1_596' title='bbox 933 4931 946 4966; x_wconf 89' lang='lat'><strong>:</strong></span> <span class='ocrx_word' id='word_1_597' title='bbox 981 4917 1395 4992; x_wconf 63' lang='grc' dir='ltr'>συνοᾷοιπορεῖν.</span> <span class='ocrx_word' id='word_1_598' title='bbox 1425 4921 1479 4975; x_wconf 92' lang='lat' dir='ltr'><strong>ln</strong></span> <span class='ocrx_word' id='word_1_599' title='bbox 1519 4908 1627 4976; x_wconf 78' lang='lat' dir='ltr'><strong>alia</strong></span> <span class='ocrx_word' id='word_1_600' title='bbox 1656 4908 1779 4978; x_wconf 78' lang='lat' dir='ltr'><strong>vero</strong></span> 
     </span>
    </p>
   </div>
   <div class='ocr_carea' id='block_1_85' title="bbox 202 4983 1780 5065">
    <p class='ocr_par' dir='ltr' id='par_1_85' title="bbox 202 4983 1780 5065">
     <span class='ocr_line' id='line_1_86' title="bbox 202 4983 1780 5065; baseline 0.013 -35"><span class='ocrx_word' id='word_1_601' title='bbox 202 4983 492 5060; x_wconf 71' lang='lat' dir='ltr'><strong>oratione,</strong></span> <span class='ocrx_word' id='word_1_602' title='bbox 526 4997 646 5050; x_wconf 72' lang='lat' dir='ltr'><strong>pag.</strong></span> <span class='ocrx_word' id='word_1_603' title='bbox 815 5003 826 5037; x_wconf 93' lang='lat'><strong>:</strong></span> <span class='ocrx_word' id='word_1_604' title='bbox 859 4983 1276 5060; x_wconf 67' lang='lat' dir='ltr'><strong>cwo60m6poug&#39;</strong></span> <span class='ocrx_word' id='word_1_605' title='bbox 1300 4991 1396 5062; x_wconf 84' lang='grc' dir='ltr'>ἀμ’</span> <span class='ocrx_word' id='word_1_606' title='bbox 1428 4995 1586 5065; x_wconf 78' lang='grc' dir='ltr'>αὐτῇ,</span> <span class='ocrx_word' id='word_1_607' title='bbox 1618 4995 1671 5048; x_wconf 90' lang='lat' dir='ltr'><strong>id</strong></span> <span class='ocrx_word' id='word_1_608' title='bbox 1699 5007 1780 5050; x_wconf 84' lang='lat' dir='ltr'><strong>est</strong></span> 
     </span>
    </p>
   </div>
   <div class='ocr_carea' id='block_1_86' title="bbox 201 5049 1548 5107">
    <p class='ocr_par' dir='ltr' id='par_1_86' title="bbox 201 5049 1548 5107">
     <span class='ocr_line' id='line_1_87' title="bbox 201 5049 1548 5107; baseline 0.004 -5"><span class='ocrx_word' id='word_1_609' title='bbox 201 5049 308 5102; x_wconf 75' lang='lat' dir='ltr'><strong>via:</strong></span> <span class='ocrx_word' id='word_1_610' title='bbox 340 5049 651 5104; x_wconf 27' lang='grc' dir='ltr'>δοείοείειιηι</span> <span class='ocrx_word' id='word_1_611' title='bbox 681 5052 798 5107; x_wconf 86' lang='lat' dir='ltr'><strong>illa.</strong></span> <span class='ocrx_word' id='word_1_612' title='bbox 1140 5049 1151 5060; x_wconf 87' lang='grc'><em>’</em></span> <span class='ocrx_word' id='word_1_613' title='bbox 1246 5049 1260 5052; x_wconf 65' lang='grc'><em>’</em></span> <span class='ocrx_word' id='word_1_614' title='bbox 1340 5049 1351 5062; x_wconf 86' lang='grc'><em>’</em></span> <span class='ocrx_word' id='word_1_615' title='bbox 1538 5049 1548 5066; x_wconf 77' lang='grc'><strong><em>⁸</em></strong></span> 
     </span>
    </p>
   </div>
   <div class='ocr_carea' id='block_1_87' title="bbox 285 5117 1776 5203">
    <p class='ocr_par' dir='ltr' id='par_1_87' title="bbox 285 5117 1776 5203">
     <span class='ocr_line' id='line_1_88' title="bbox 285 5117 1776 5203; baseline 0.013 -35"><span class='ocrx_word' id='word_1_616' title='bbox 285 5117 415 5203; x_wconf 47' lang='grc'>(22),</span> <span class='ocrx_word' id='word_1_617' title='bbox 437 5118 604 5202; x_wconf 64' lang='lat' dir='ltr'><strong>[furni</strong></span> <span class='ocrx_word' id='word_1_618' title='bbox 629 5132 905 5203; x_wconf 58' lang='lat' dir='ltr'><strong>reptantes.</strong></span> <span class='ocrx_word' id='word_1_619' title='bbox 945 5125 1236 5197; x_wconf 80' lang='lat' dir='ltr'><strong>Gregorius</strong></span> <span class='ocrx_word' id='word_1_620' title='bbox 1267 5146 1279 5183; x_wconf 91' lang='lat'><strong>:</strong></span> <span class='ocrx_word' id='word_1_621' title='bbox 1315 5131 1605 5203; x_wconf 77' lang='grc' dir='ltr'>ἓρπουσαν.</span> <span class='ocrx_word' id='word_1_622' title='bbox 1635 5133 1776 5188; x_wconf 87' lang='lat' dir='ltr'><strong>Idem</strong></span> 
     </span>
    </p>
   </div>
   <div class='ocr_carea' id='block_1_88' title="bbox 203 5186 1776 5277">
    <p class='ocr_par' dir='ltr' id='par_1_88' title="bbox 203 5186 1776 5277">
     <span class='ocr_line' id='line_1_89' title="bbox 203 5186 1776 5277; baseline 0.012 -39"><span class='ocrx_word' id='word_1_623' title='bbox 203 5186 540 5277; x_wconf 40' lang='lat' dir='ltr'><strong>nemp/trusi</strong></span> <span class='ocrx_word' id='word_1_624' title='bbox 586 5192 640 5244; x_wconf 88' lang='lat' dir='ltr'><strong>in</strong></span> <span class='ocrx_word' id='word_1_625' title='bbox 674 5186 1081 5260; x_wconf 57' lang='lat' dir='ltr'><strong>Ecclesiastem,&quot;</strong></span> <span class='ocrx_word' id='word_1_626' title='bbox 1097 5215 1213 5269; x_wconf 85' lang='lat' dir='ltr'><strong>cap.</strong></span> <span class='ocrx_word' id='word_1_627' title='bbox 1255 5215 1272 5254; x_wconf 90' lang='grc' dir='ltr'><strong>ι</strong></span> <span class='ocrx_word' id='word_1_628' title='bbox 1313 5186 1499 5255; x_wconf 72' lang='grc' dir='ltr'>ε’κατά</span> <span class='ocrx_word' id='word_1_629' title='bbox 1535 5186 1638 5274; x_wconf 72' lang='grc' dir='ltr'>γῆν</span> <span class='ocrx_word' id='word_1_630' title='bbox 1665 5186 1776 5277; x_wconf 62' lang='lat' dir='ltr'><strong>&#39;th</strong></span> 
     </span>
    </p>
   </div>
   <div class='ocr_carea' id='block_1_89' title="bbox 200 5275 425 5320">
    <p class='ocr_par' dir='ltr' id='par_1_89' title="bbox 200 5275 425 5320">
     <span class='ocr_line' id='line_1_90' title="bbox 200 5275 425 5320; baseline -0.004 -8"><span class='ocrx_word' id='word_1_631' title='bbox 200 5275 425 5320; x_wconf 88' lang='grc' dir='ltr'>ποντες.</span> 
     </span>
    </p>
   </div>
   <div class='ocr_carea' id='block_1_90' title="bbox 282 5327 1777 5413">
    <p class='ocr_par' dir='ltr' id='par_1_90' title="bbox 282 5327 1777 5413">
     <span class='ocr_line' id='line_1_91' title="bbox 282 5327 1777 5413; baseline 0.013 -36"><span class='ocrx_word' id='word_1_632' title='bbox 282 5327 398 5413; x_wconf 76' lang='grc'>(25)</span> <span class='ocrx_word' id='word_1_633' title='bbox 438 5327 720 5411; x_wconf 63' lang='lat' dir='ltr'><strong>Martyres.</strong></span> <span class='ocrx_word' id='word_1_634' title='bbox 765 5329 945 5413; x_wconf 73' lang='lat' dir='ltr'><strong>Codex</strong></span> <span class='ocrx_word' id='word_1_635' title='bbox 987 5339 1285 5413; x_wconf 69' lang='lat' dir='ltr'><strong>mendose:</strong></span> <span class='ocrx_word' id='word_1_636' title='bbox 1328 5344 1606 5413; x_wconf 86' lang='grc' dir='ltr'>μάρτυρας</span> <span class='ocrx_word' id='word_1_637' title='bbox 1639 5344 1777 5397; x_wconf 84' lang='grc' dir='ltr'><strong>κατά</strong></span> 
     </span>
    </p>
   </div>
   <div class='ocr_carea' id='block_1_91' title="bbox 201 5397 1776 5480">
    <p class='ocr_par' dir='ltr' id='par_1_91' title="bbox 201 5397 1776 5480">
     <span class='ocr_line' id='line_1_92' title="bbox 201 5397 1776 5480; baseline 0.013 -34"><span class='ocrx_word' id='word_1_638' title='bbox 201 5397 446 5480; x_wconf 57' lang='grc' dir='ltr'>ρανάτρυ</span> <span class='ocrx_word' id='word_1_639' title='bbox 488 5401 816 5480; x_wconf 70' lang='grc' dir='ltr'>σκιρτῶντας</span> <span class='ocrx_word' id='word_1_640' title='bbox 854 5403 1058 5480; x_wconf 55' lang='grc' dir='ltr'>ξίφεσιν</span> <span class='ocrx_word' id='word_1_641' title='bbox 1086 5397 1446 5479; x_wconf 66' lang='grc' dir='ltr'>ὲγγέλλοντες.</span> <span class='ocrx_word' id='word_1_642' title='bbox 1477 5397 1544 5466; x_wconf 73' lang='grc' dir='ltr'><strong>Δί</strong></span> <span class='ocrx_word' id='word_1_643' title='bbox 1570 5397 1614 5468; x_wconf 69' lang='grc' dir='ltr'><strong>έί</strong></span> <span class='ocrx_word' id='word_1_644' title='bbox 1644 5415 1776 5467; x_wconf 87' lang='lat' dir='ltr'><strong>nihil</strong></span> 
     </span>
    </p>
   </div>
   <div class='ocr_carea' id='block_1_92' title="bbox 201 5468 1771 5549">
    <p class='ocr_par' dir='ltr' id='par_1_92' title="bbox 201 5468 1771 5549">
     <span class='ocr_line' id='line_1_93' title="bbox 201 5468 1771 5549; baseline 0.011 -29"><span class='ocrx_word' id='word_1_645' title='bbox 201 5468 438 5549; x_wconf 73' lang='lat' dir='ltr'><strong>librario</strong></span> <span class='ocrx_word' id='word_1_646' title='bbox 489 5468 731 5549; x_wconf 56' lang='lat' dir='ltr'><strong>excidit,</strong></span> <span class='ocrx_word' id='word_1_647' title='bbox 760 5468 1236 5549; x_wconf 55' lang='lat' dir='ltr'><strong>manifestum&#39;est</strong></span> <span class='ocrx_word' id='word_1_648' title='bbox 1282 5468 1562 5549; x_wconf 81' lang='lat' dir='ltr'><strong>legendum</strong></span> <span class='ocrx_word' id='word_1_649' title='bbox 1611 5499 1771 5537; x_wconf 88' lang='lat' dir='ltr'><strong>esse:</strong></span> 
     </span>
    </p>
   </div>
   <div class='ocr_carea' id='block_1_93' title="bbox 198 5537 1774 5658">
    <p class='ocr_par' dir='ltr' id='par_1_93' title="bbox 198 5537 1774 5658">
     <span class='ocr_line' id='line_1_94' title="bbox 198 5537 1774 5658; baseline 0.014 -72"><span class='ocrx_word' id='word_1_650' title='bbox 198 5537 489 5658; x_wconf 43' lang='grc' dir='ltr'>μαρτυρες</span> <span class='ocrx_word' id='word_1_651' title='bbox 522 5540 662 5594; x_wconf 81' lang='grc' dir='ltr'>κατὰ</span> <span class='ocrx_word' id='word_1_652' title='bbox 708 5540 937 5597; x_wconf 75' lang='grc' dir='ltr'>θανάτου</span> <span class='ocrx_word' id='word_1_653' title='bbox 982 5537 1577 5621; x_wconf 62' lang='grc' dir='ltr'>σκιρτῶντες,”ξίφεσιν</span> <span class='ocrx_word' id='word_1_654' title='bbox 1617 5556 1774 5622; x_wconf 81' lang='grc' dir='ltr'>ἐγγε-</span> 
     </span>
     <span class='ocr_line' id='line_1_95' title="bbox 235 5624 430 5658; baseline 0 0"><span class='ocrx_word' id='word_1_655' title='bbox 235 5624 430 5658; x_wconf 78' lang='grc' dir='ltr'>ωντες.</span> 
     </span>
    </p>
   </div>
   <div class='ocr_carea' id='block_1_94' title="bbox 235 5624 430 5670">
    <p class='ocr_par' dir='ltr' id='par_1_94' title="bbox 235 5624 430 5670">
     <span class='ocr_line' id='line_1_96' title="bbox 235 5624 430 5670; baseline 0 -11"><span class='ocrx_word' id='word_1_656' title='bbox 235 5624 430 5670; x_wconf 87' lang='grc' dir='ltr'>ωντες.</span> 
     </span>
    </p>
   </div>
   <div class='ocr_carea' id='block_1_95' title="bbox 237 5676 1774 5760">
    <p class='ocr_par' dir='ltr' id='par_1_95' title="bbox 237 5676 1774 5760">
     <span class='ocr_line' id='line_1_97' title="bbox 237 5676 1774 5760; baseline 0.012 -31"><span class='ocrx_word' id='word_1_657' title='bbox 237 5676 396 5760; x_wconf 27' lang='grc'>.-(24)</span> <span class='ocrx_word' id='word_1_658' title='bbox 431 5676 688 5760; x_wconf 78' lang='lat' dir='ltr'><strong>Dispergi.</strong></span> <span class='ocrx_word' id='word_1_659' title='bbox 706 5679 898 5760; x_wconf 74' lang='lat' dir='ltr'><strong>Grtee_e_</strong></span> <span class='ocrx_word' id='word_1_660' title='bbox 907 5684 1387 5760; x_wconf 68' lang='grc' dir='ltr'>ᾅιασκορπίζοντες.</span> <span class='ocrx_word' id='word_1_661' title='bbox 1405 5689 1693 5759; x_wconf 71' lang='lat' dir='ltr'><strong>Gregorius</strong></span> <span class='ocrx_word' id='word_1_662' title='bbox 1723 5695 1774 5747; x_wconf 93' lang='lat' dir='ltr'><strong>in</strong></span> 
     </span>
    </p>
   </div>
   <div class='ocr_carea' id='block_1_96' title="bbox 198 5754 1774 5831">
    <p class='ocr_par' dir='ltr' id='par_1_96' title="bbox 198 5754 1774 5831">
     <span class='ocr_line' id='line_1_98' title="bbox 198 5754 1774 5831; baseline 0.012 -32"><span class='ocrx_word' id='word_1_663' title='bbox 198 5754 370 5831; x_wconf 59' lang='lat' dir='ltr'><strong>citata</strong></span> <span class='ocrx_word' id='word_1_664' title='bbox 404 5754 668 5831; x_wconf 65' lang='lat' dir='ltr'><strong>oratione,</strong></span> <span class='ocrx_word' id='word_1_665' title='bbox 700 5754 972 5831; x_wconf 40' lang='lat' dir='ltr'><strong>pagJ3‘2‘:</strong></span> <span class='ocrx_word' id='word_1_666' title='bbox 997 5754 1375 5831; x_wconf 61' lang='lat' dir='ltr'><strong>btetaxopntoat</strong></span> <span class='ocrx_word' id='word_1_667' title='bbox 1403 5754 1774 5831; x_wconf 68' lang='grc' dir='ltr'>τὴνπατρῴαν</span> 
     </span>
    </p>
   </div>
   <div class='ocr_carea' id='block_1_97' title="bbox 199 5815 1690 5902">
    <p class='ocr_par' dir='ltr' id='par_1_97' title="bbox 199 5815 1690 5902">
     <span class='ocr_line' id='line_1_99' title="bbox 199 5815 1690 5902; baseline 0.014 -33"><span class='ocrx_word' id='word_1_668' title='bbox 199 5815 421 5883; x_wconf 76' lang='grc' dir='ltr'>οὐσίαν,</span> <span class='ocrx_word' id='word_1_669' title='bbox 452 5821 505 5870; x_wconf 79' lang='lat' dir='ltr'><strong>td</strong></span> <span class='ocrx_word' id='word_1_670' title='bbox 535 5827 616 5871; x_wconf 81' lang='lat' dir='ltr'><strong>est</strong></span> <span class='ocrx_word' id='word_1_671' title='bbox 639 5815 885 5890; x_wconf 59' lang='lat' dir='ltr'><strong>paternas</strong></span> <span class='ocrx_word' id='word_1_672' title='bbox 919 5815 1198 5894; x_wconf 66' lang='lat' dir='ltr'><strong>facultates</strong></span> <span class='ocrx_word' id='word_1_673' title='bbox 1237 5815 1541 5902; x_wconf 61' lang='lat' dir='ltr'><strong>dissipassc.</strong></span> <span class='ocrx_word' id='word_1_674' title='bbox 1631 5815 1641 5835; x_wconf 52' lang='grc'><strong><em>⁸</em></strong></span> <span class='ocrx_word' id='word_1_675' title='bbox 1681 5817 1690 5834; x_wconf 71' lang='grc'><em>’</em></span> 
     </span>
    </p>
   </div>
   <div class='ocr_carea' id='block_1_98' title="bbox 1902 3237 3460 3307">
    <p class='ocr_par' dir='ltr' id='par_1_98' title="bbox 1902 3237 3460 3307">
     <span class='ocr_line' id='line_1_100' title="bbox 1902 3237 3460 3307; baseline 0.001 -16"><span class='ocrx_word' id='word_1_676' title='bbox 1902 3253 2011 3307; x_wconf 89' lang='lat' dir='ltr'><strong>quo</strong></span> <span class='ocrx_word' id='word_1_677' title='bbox 2038 3250 2191 3290; x_wconf 86' lang='lat' dir='ltr'><strong>antea</strong></span> <span class='ocrx_word' id='word_1_678' title='bbox 2226 3238 2420 3292; x_wconf 88' lang='lat' dir='ltr'><strong>callide</strong></span> <span class='ocrx_word' id='word_1_679' title='bbox 2461 3248 2639 3305; x_wconf 90' lang='lat' dir='ltr'><strong>utens,</strong></span> <span class='ocrx_word' id='word_1_680' title='bbox 2687 3237 2843 3292; x_wconf 78' lang='lat' dir='ltr'><strong>facile</strong></span> <span class='ocrx_word' id='word_1_681' title='bbox 2890 3238 3129 3306; x_wconf 69' lang='lat' dir='ltr'><strong>decipere</strong></span> <span class='ocrx_word' id='word_1_682' title='bbox 3162 3253 3460 3292; x_wconf 84' lang='lat' dir='ltr'><strong>consueve-</strong></span> 
     </span>
    </p>
   </div>
   <div class='ocr_carea' id='block_1_99' title="bbox 1900 3327 3457 3399">
    <p class='ocr_par' dir='ltr' id='par_1_99' title="bbox 1900 3327 3457 3399">
     <span class='ocr_line' id='line_1_101' title="bbox 1900 3327 3457 3399; baseline -0.001 -17"><span class='ocrx_word' id='word_1_683' title='bbox 1900 3339 2000 3382; x_wconf 90' lang='lat' dir='ltr'><strong>rat.</strong></span> <span class='ocrx_word' id='word_1_684' title='bbox 2045 3328 2216 3382; x_wconf 73' lang='lat' dir='ltr'><strong>l-latuo</strong></span> <span class='ocrx_word' id='word_1_685' title='bbox 2259 3330 2424 3393; x_wconf 90' lang='lat' dir='ltr'><strong>enim,</strong></span> <span class='ocrx_word' id='word_1_686' title='bbox 2459 3330 2617 3385; x_wconf 84' lang='lat' dir='ltr'><strong>utsic</strong></span> <span class='ocrx_word' id='word_1_687' title='bbox 2646 3330 2857 3398; x_wconf 87' lang='lat' dir='ltr'><strong>loquar,</strong></span> <span class='ocrx_word' id='word_1_688' title='bbox 2901 3329 2954 3382; x_wconf 93' lang='lat' dir='ltr'><strong>in</strong></span> <span class='ocrx_word' id='word_1_689' title='bbox 2991 3327 3253 3383; x_wconf 86' lang='lat' dir='ltr'><strong>Deitatem</strong></span> <span class='ocrx_word' id='word_1_690' title='bbox 3285 3329 3457 3399; x_wconf 87' lang='lat' dir='ltr'><strong>jacto,</strong></span> 
     </span>
    </p>
   </div>
   <div class='ocr_carea' id='block_1_100' title="bbox 1897 3418 3459 3490">
    <p class='ocr_par' dir='ltr' id='par_1_100' title="bbox 1897 3418 3459 3490">
     <span class='ocr_line' id='line_1_102' title="bbox 1897 3418 3459 3490; baseline -0.003 -16"><span class='ocrx_word' id='word_1_691' title='bbox 1897 3420 2024 3474; x_wconf 90' lang='lat' dir='ltr'><strong>dum</strong></span> <span class='ocrx_word' id='word_1_692' title='bbox 2057 3430 2372 3474; x_wconf 86' lang='lat' dir='ltr'><strong>consuetam</strong></span> <span class='ocrx_word' id='word_1_693' title='bbox 2407 3434 2588 3475; x_wconf 92' lang='lat' dir='ltr'><strong>escam</strong></span> <span class='ocrx_word' id='word_1_694' title='bbox 2616 3419 2860 3490; x_wconf 80' lang='lat' dir='ltr'><strong>deglutit,</strong></span> <span class='ocrx_word' id='word_1_695' title='bbox 2895 3419 3105 3488; x_wconf 86' lang='lat' dir='ltr'><strong>capitur</strong></span> <span class='ocrx_word' id='word_1_696' title='bbox 3139 3418 3253 3486; x_wconf 89' lang='lat' dir='ltr'><strong>ipse</strong></span> <span class='ocrx_word' id='word_1_697' title='bbox 3287 3419 3459 3472; x_wconf 84' lang='lat' dir='ltr'><strong>mani-</strong></span> 
     </span>
    </p>
   </div>
   <div class='ocr_carea' id='block_1_101' title="bbox 1900 3510 3457 3582">
    <p class='ocr_par' dir='ltr' id='par_1_101' title="bbox 1900 3510 3457 3582">
     <span class='ocr_line' id='line_1_103' title="bbox 1900 3510 3457 3582; baseline -0.002 -17"><span class='ocrx_word' id='word_1_698' title='bbox 1900 3512 2036 3566; x_wconf 87' lang='lat' dir='ltr'><strong>festo</strong></span> <span class='ocrx_word' id='word_1_699' title='bbox 2079 3513 2170 3582; x_wconf 87' lang='lat' dir='ltr'><strong>qui</strong></span> <span class='ocrx_word' id='word_1_700' title='bbox 2216 3513 2318 3566; x_wconf 88' lang='lat' dir='ltr'><strong>sibi</strong></span> <span class='ocrx_word' id='word_1_701' title='bbox 2359 3527 2552 3578; x_wconf 86' lang='lat' dir='ltr'><strong>capere</strong></span> <span class='ocrx_word' id='word_1_702' title='bbox 2584 3511 2886 3573; x_wconf 89' lang='lat' dir='ltr'><strong>videbatur,</strong></span> <span class='ocrx_word' id='word_1_703' title='bbox 2915 3525 2978 3565; x_wconf 88' lang='lat' dir='ltr'><strong>ac</strong></span> <span class='ocrx_word' id='word_1_704' title='bbox 3005 3510 3301 3576; x_wconf 81' lang='lat' dir='ltr'><strong>hominem,</strong></span> <span class='ocrx_word' id='word_1_705' title='bbox 3350 3524 3457 3562; x_wconf 91' lang='lat' dir='ltr'><strong>non</strong></span> 
     </span>
    </p>
   </div>
   <div class='ocr_carea' id='block_1_102' title="bbox 1897 3600 3457 3674">
    <p class='ocr_par' dir='ltr' id='par_1_102' title="bbox 1897 3600 3457 3674">
     <span class='ocr_line' id='line_1_104' title="bbox 1897 3600 3457 3674; baseline -0.001 -19"><span class='ocrx_word' id='word_1_706' title='bbox 1897 3602 2064 3658; x_wconf 87' lang='lat' dir='ltr'><strong>Deum</strong></span> <span class='ocrx_word' id='word_1_707' title='bbox 2091 3621 2122 3658; x_wconf 88' lang='lat' dir='ltr'><strong>a</strong></span> <span class='ocrx_word' id='word_1_708' title='bbox 2155 3619 2213 3658; x_wconf 88' lang='lat' dir='ltr'><strong>se</strong></span> <span class='ocrx_word' id='word_1_709' title='bbox 2243 3603 2409 3658; x_wconf 88' lang='lat' dir='ltr'><strong>teneri</strong></span> <span class='ocrx_word' id='word_1_710' title='bbox 2441 3603 2552 3674; x_wconf 80' lang='grc'>(50)</span> <span class='ocrx_word' id='word_1_711' title='bbox 2598 3601 2984 3663; x_wconf 87' lang='lat' dir='ltr'><strong>arbitrabatur,</strong></span> <span class='ocrx_word' id='word_1_712' title='bbox 3015 3601 3302 3670; x_wconf 86' lang='lat' dir='ltr'><strong>Propterea</strong></span> <span class='ocrx_word' id='word_1_713' title='bbox 3328 3600 3457 3654; x_wconf 83' lang='lat' dir='ltr'><strong>dra-</strong></span> 
     </span>
    </p>
   </div>
   <div class='ocr_carea' id='block_1_103' title="bbox 1897 3695 3457 3768">
    <p class='ocr_par' dir='ltr' id='par_1_103' title="bbox 1897 3695 3457 3768">
     <span class='ocr_line' id='line_1_105' title="bbox 1897 3695 3457 3768; baseline -0.001 -19"><span class='ocrx_word' id='word_1_714' title='bbox 1897 3697 2049 3750; x_wconf 91' lang='lat' dir='ltr'><strong>conis</strong></span> <span class='ocrx_word' id='word_1_715' title='bbox 2079 3697 2240 3765; x_wconf 91' lang='lat' dir='ltr'><strong>capiti</strong></span> <span class='ocrx_word' id='word_1_716' title='bbox 2273 3697 2538 3751; x_wconf 89' lang='lat' dir='ltr'><strong>insultant</strong></span> <span class='ocrx_word' id='word_1_717' title='bbox 2573 3707 2857 3768; x_wconf 88' lang='lat' dir='ltr'><strong>martyres,</strong></span> <span class='ocrx_word' id='word_1_718' title='bbox 2885 3704 2938 3750; x_wconf 91' lang='lat' dir='ltr'><strong>et</strong></span> <span class='ocrx_word' id='word_1_719' title='bbox 2963 3695 3192 3765; x_wconf 88' lang='lat' dir='ltr'><strong>quodvis</strong></span> <span class='ocrx_word' id='word_1_720' title='bbox 3217 3701 3457 3748; x_wconf 87' lang='lat' dir='ltr'><strong>tormen-</strong></span> 
     </span>
    </p>
   </div>
   <div class='ocr_carea' id='block_1_104' title="bbox 1895 3784 3458 3857">
    <p class='ocr_par' dir='ltr' id='par_1_104' title="bbox 1895 3784 3458 3857">
     <span class='ocr_line' id='line_1_106' title="bbox 1895 3784 3458 3857; baseline -0.002 -17"><span class='ocrx_word' id='word_1_721' title='bbox 1895 3797 2072 3841; x_wconf 89' lang='lat' dir='ltr'><strong>torum</strong></span> <span class='ocrx_word' id='word_1_722' title='bbox 2108 3803 2278 3855; x_wconf 73' lang='lat' dir='ltr'><strong>genus</strong></span> <span class='ocrx_word' id='word_1_723' title='bbox 2302 3787 2628 3856; x_wconf 89' lang='lat' dir='ltr'><strong>despiciunt.</strong></span> <span class='ocrx_word' id='word_1_724' title='bbox 2662 3787 2737 3842; x_wconf 83' lang='lat' dir='ltr'><strong>Ex</strong></span> <span class='ocrx_word' id='word_1_725' title='bbox 2767 3803 2876 3857; x_wconf 93' lang='lat' dir='ltr'><strong>quo</strong></span> <span class='ocrx_word' id='word_1_726' title='bbox 2903 3787 3047 3840; x_wconf 91' lang='lat' dir='ltr'><strong>enim</strong></span> <span class='ocrx_word' id='word_1_727' title='bbox 3079 3794 3322 3852; x_wconf 89' lang='lat' dir='ltr'><strong>tempore</strong></span> <span class='ocrx_word' id='word_1_728' title='bbox 3349 3784 3458 3853; x_wconf 88' lang='lat' dir='ltr'><strong>pri-</strong></span> 
     </span>
    </p>
   </div>
   <div class='ocr_carea' id='block_1_105' title="bbox 1894 3876 3454 3943">
    <p class='ocr_par' dir='ltr' id='par_1_105' title="bbox 1894 3876 3454 3943">
     <span class='ocr_line' id='line_1_107' title="bbox 1894 3876 3454 3943; baseline -0.003 -12"><span class='ocrx_word' id='word_1_729' title='bbox 1894 3894 2044 3932; x_wconf 81' lang='lat' dir='ltr'><strong>mum</strong></span> <span class='ocrx_word' id='word_1_730' title='bbox 2073 3878 2340 3933; x_wconf 85' lang='lat' dir='ltr'><strong>Adamum</strong></span> <span class='ocrx_word' id='word_1_731' title='bbox 2368 3879 2638 3934; x_wconf 89' lang='lat' dir='ltr'><strong>secundus</strong></span> <span class='ocrx_word' id='word_1_732' title='bbox 2669 3895 2734 3934; x_wconf 78' lang='lat' dir='ltr'><strong>ex</strong></span> <span class='ocrx_word' id='word_1_733' title='bbox 2765 3877 2958 3932; x_wconf 80' lang='lat' dir='ltr'><strong>inferni</strong></span> <span class='ocrx_word' id='word_1_734' title='bbox 2985 3876 3174 3942; x_wconf 91' lang='lat' dir='ltr'><strong>fundo,</strong></span> <span class='ocrx_word' id='word_1_735' title='bbox 3198 3885 3454 3943; x_wconf 69' lang='lat' dir='ltr'><strong>tanquam</strong></span> 
     </span>
    </p>
   </div>
   <div class='ocr_carea' id='block_1_106' title="bbox 1893 3967 3455 4037">
    <p class='ocr_par' dir='ltr' id='par_1_106' title="bbox 1893 3967 3455 4037">
     <span class='ocr_line' id='line_1_108' title="bbox 1893 3967 3455 4037; baseline -0.003 -15"><span class='ocrx_word' id='word_1_736' title='bbox 1893 3967 2084 4023; x_wconf 85' lang='lat' dir='ltr'><strong>Jonam</strong></span> <span class='ocrx_word' id='word_1_737' title='bbox 2123 3985 2189 4024; x_wconf 81' lang='lat' dir='ltr'><strong>ex</strong></span> <span class='ocrx_word' id='word_1_738' title='bbox 2224 3980 2364 4031; x_wconf 90' lang='lat' dir='ltr'><strong>ceto,</strong></span> <span class='ocrx_word' id='word_1_739' title='bbox 2387 3970 2592 4035; x_wconf 80' lang='lat' dir='ltr'><strong>eduxit,</strong></span> <span class='ocrx_word' id='word_1_740' title='bbox 2621 3985 2683 4024; x_wconf 90' lang='lat' dir='ltr'><strong>ac</strong></span> <span class='ocrx_word' id='word_1_741' title='bbox 2711 3970 2884 4031; x_wconf 89' lang='lat' dir='ltr'><strong>illum,</strong></span> <span class='ocrx_word' id='word_1_742' title='bbox 2913 3969 3005 4037; x_wconf 93' lang='lat' dir='ltr'><strong>qui</strong></span> <span class='ocrx_word' id='word_1_743' title='bbox 3041 3969 3297 4035; x_wconf 88' lang='lat' dir='ltr'><strong>deceptus</strong></span> <span class='ocrx_word' id='word_1_744' title='bbox 3327 3967 3455 4019; x_wconf 89' lang='lat' dir='ltr'><strong>olim</strong></span> 
     </span>
    </p>
   </div>
   <div class='ocr_carea' id='block_1_107' title="bbox 1892 4057 3456 4130">
    <p class='ocr_par' dir='ltr' id='par_1_107' title="bbox 1892 4057 3456 4130">
     <span class='ocr_line' id='line_1_109' title="bbox 1892 4057 3456 4130; baseline -0.004 -15"><span class='ocrx_word' id='word_1_745' title='bbox 1892 4061 2089 4124; x_wconf 78' lang='lat' dir='ltr'><strong>fuerat,</strong></span> <span class='ocrx_word' id='word_1_746' title='bbox 2113 4062 2235 4115; x_wconf 66' lang='grc' dir='ltr'>εαξιί</span> <span class='ocrx_word' id='word_1_747' title='bbox 2267 4061 2438 4114; x_wconf 88' lang='lat' dir='ltr'><strong>civem</strong></span> <span class='ocrx_word' id='word_1_748' title='bbox 2463 4076 2586 4118; x_wconf 89' lang='lat' dir='ltr'><strong>cum</strong></span> <span class='ocrx_word' id='word_1_749' title='bbox 2617 4074 2815 4130; x_wconf 85' lang='lat' dir='ltr'><strong>magno</strong></span> <span class='ocrx_word' id='word_1_750' title='bbox 2841 4057 3142 4128; x_wconf 88' lang='lat' dir='ltr'><strong>deceptoris</strong></span> <span class='ocrx_word' id='word_1_751' title='bbox 3169 4057 3367 4126; x_wconf 89' lang='lat' dir='ltr'><strong>probro</strong></span> <span class='ocrx_word' id='word_1_752' title='bbox 3391 4071 3456 4109; x_wconf 88' lang='lat' dir='ltr'><strong>ac</strong></span> 
     </span>
    </p>
   </div>
   <div class='ocr_carea' id='block_1_108' title="bbox 1963 4299 3450 4372">
    <p class='ocr_par' dir='ltr' id='par_1_108' title="bbox 1963 4299 3450 4372">
     <span class='ocr_line' id='line_1_110' title="bbox 1963 4299 3450 4372; baseline -0.001 -15"><span class='ocrx_word' id='word_1_753' title='bbox 1963 4304 2072 4368; x_wconf 73' lang='grc'>(25)</span> <span class='ocrx_word' id='word_1_754' title='bbox 2104 4301 2402 4358; x_wconf 86' lang='lat' dir='ltr'><strong>Constricta</strong></span> <span class='ocrx_word' id='word_1_755' title='bbox 2452 4311 2702 4358; x_wconf 83' lang='lat' dir='ltr'><strong>tenerent.</strong></span> <span class='ocrx_word' id='word_1_756' title='bbox 2728 4303 2909 4357; x_wconf 77' lang='lat' dir='ltr'><strong>Codex</strong></span> <span class='ocrx_word' id='word_1_757' title='bbox 2955 4321 2967 4356; x_wconf 89' lang='lat'><strong>:</strong></span> <span class='ocrx_word' id='word_1_758' title='bbox 3008 4301 3255 4372; x_wconf 74' lang='grc' dir='ltr'>σφίξωσι.</span> <span class='ocrx_word' id='word_1_759' title='bbox 3288 4299 3450 4370; x_wconf 75' lang='lat' dir='ltr'><strong>Lego,</strong></span> 
     </span>
    </p>
   </div>
   <div class='ocr_carea' id='block_1_109' title="bbox 1894 4372 3453 4443">
    <p class='ocr_par' dir='ltr' id='par_1_109' title="bbox 1894 4372 3453 4443">
     <span class='ocr_line' id='line_1_111' title="bbox 1894 4372 3453 4443; baseline -0.002 -16"><span class='ocrx_word' id='word_1_760' title='bbox 1894 4374 2174 4443; x_wconf 69' lang='grc' dir='ltr'>σφίγξωσι.</span> <span class='ocrx_word' id='word_1_761' title='bbox 2211 4372 2501 4442; x_wconf 79' lang='lat' dir='ltr'><strong>Gregorius</strong></span> <span class='ocrx_word' id='word_1_762' title='bbox 2528 4375 2579 4428; x_wconf 88' lang='lat' dir='ltr'><strong>itt</strong></span> <span class='ocrx_word' id='word_1_763' title='bbox 2609 4391 2670 4429; x_wconf 91' lang='lat' dir='ltr'><strong>ea</strong></span> <span class='ocrx_word' id='word_1_764' title='bbox 2697 4389 2859 4443; x_wconf 90' lang='lat' dir='ltr'><strong>quam</strong></span> <span class='ocrx_word' id='word_1_765' title='bbox 2893 4373 3063 4443; x_wconf 86' lang='lat' dir='ltr'><strong>toties</strong></span> <span class='ocrx_word' id='word_1_766' title='bbox 3088 4373 3296 4426; x_wconf 78' lang='lat' dir='ltr'><strong>laudavi</strong></span> <span class='ocrx_word' id='word_1_767' title='bbox 3331 4388 3453 4424; x_wconf 86' lang='lat' dir='ltr'><strong>ora-</strong></span> 
     </span>
    </p>
   </div>
   <div class='ocr_carea' id='block_1_110' title="bbox 1891 4442 3455 4528">
    <p class='ocr_par' dir='ltr' id='par_1_110' title="bbox 1891 4442 3455 4528">
     <span class='ocr_line' id='line_1_112' title="bbox 1891 4442 3455 4528; baseline -0.003 -30"><span class='ocrx_word' id='word_1_768' title='bbox 1891 4442 2056 4508; x_wconf 88' lang='lat' dir='ltr'><strong>tione,</strong></span> <span class='ocrx_word' id='word_1_769' title='bbox 2092 4460 2213 4528; x_wconf 67' lang='lat' dir='ltr'><strong>pag.</strong></span> <span class='ocrx_word' id='word_1_770' title='bbox 2254 4443 2482 4528; x_wconf 59' lang='grc' dir='ltr'>422ηεί9</span> <span class='ocrx_word' id='word_1_771' title='bbox 2532 4442 2763 4528; x_wconf 43' lang='grc' dir='ltr'>Ιοηίιιιίῑὺτ</span> <span class='ocrx_word' id='word_1_772' title='bbox 2804 4461 2828 4528; x_wconf 48' lang='grc' dir='ltr'>Ξ</span> <span class='ocrx_word' id='word_1_773' title='bbox 2847 4442 3455 4528; x_wconf 25' lang='grc' dir='ltr'>(Ξυσιειγξάμενοςιὴμᾶς</span> 
     </span>
    </p>
   </div>
   <div class='ocr_carea' id='block_1_111' title="bbox 2004 4513 3452 4585">
    <p class='ocr_par' dir='ltr' id='par_1_111' title="bbox 2004 4513 3452 4585">
     <span class='ocr_line' id='line_1_113' title="bbox 2004 4513 3452 4585; baseline -0.003 -17"><span class='ocrx_word' id='word_1_774' title='bbox 2004 4556 2016 4568; x_wconf 93' lang='grc'><strong>.</strong></span> <span class='ocrx_word' id='word_1_775' title='bbox 2059 4513 2154 4578; x_wconf 78' lang='grc' dir='ltr'><strong>τὰς</strong></span> <span class='ocrx_word' id='word_1_776' title='bbox 2169 4513 2344 4584; x_wconf 71' lang='grc' dir='ltr'>ψυχὰς</span> <span class='ocrx_word' id='word_1_777' title='bbox 2369 4514 2522 4585; x_wconf 83' lang='grc' dir='ltr'>ήμῶν</span> <span class='ocrx_word' id='word_1_778' title='bbox 2536 4513 2678 4566; x_wconf 76' lang='grc' dir='ltr'>οὕτω</span> <span class='ocrx_word' id='word_1_779' title='bbox 2707 4513 3104 4585; x_wconf 81' lang='grc' dir='ltr'>συνδεδεμένας,</span> <span class='ocrx_word' id='word_1_780' title='bbox 3134 4514 3184 4566; x_wconf 88' lang='lat' dir='ltr'><strong>id</strong></span> <span class='ocrx_word' id='word_1_781' title='bbox 3212 4522 3328 4567; x_wconf 87' lang='lat' dir='ltr'><strong>est:</strong></span> <span class='ocrx_word' id='word_1_782' title='bbox 3360 4527 3452 4564; x_wconf 86' lang='lat' dir='ltr'><strong>nos</strong></span> 
     </span>
    </p>
   </div>
   <div class='ocr_carea' id='block_1_112' title="bbox 1888 4584 3452 4654">
    <p class='ocr_par' dir='ltr' id='par_1_112' title="bbox 1888 4584 3452 4654">
     <span class='ocr_line' id='line_1_114' title="bbox 1888 4584 3452 4654; baseline -0.003 -16"><span class='ocrx_word' id='word_1_783' title='bbox 1888 4586 2244 4654; x_wconf 78' lang='lat' dir='ltr'><strong>constringens</strong></span> <span class='ocrx_word' id='word_1_784' title='bbox 2289 4624 2302 4637; x_wconf 93' lang='lat'><strong>.</strong></span> <span class='ocrx_word' id='word_1_785' title='bbox 2347 4623 2360 4638; x_wconf 92' lang='lat'><strong>.</strong></span> <span class='ocrx_word' id='word_1_786' title='bbox 2405 4584 2418 4635; x_wconf 79' lang='lat'><strong>.</strong></span> <span class='ocrx_word' id='word_1_787' title='bbox 2463 4624 2475 4636; x_wconf 96' lang='lat'><strong>.</strong></span> <span class='ocrx_word' id='word_1_788' title='bbox 2522 4625 2536 4637; x_wconf 96' lang='lat'><strong>.</strong></span> <span class='ocrx_word' id='word_1_789' title='bbox 2577 4585 2780 4636; x_wconf 85' lang='lat' dir='ltr'><strong>animas</strong></span> <span class='ocrx_word' id='word_1_790' title='bbox 2830 4594 3035 4636; x_wconf 72' lang='lat' dir='ltr'><strong>nostras</strong></span> <span class='ocrx_word' id='word_1_791' title='bbox 3087 4584 3164 4636; x_wconf 87' lang='lat' dir='ltr'><strong>ita</strong></span> <span class='ocrx_word' id='word_1_792' title='bbox 3215 4585 3352 4635; x_wconf 82' lang='lat' dir='ltr'><strong>inter</strong></span> <span class='ocrx_word' id='word_1_793' title='bbox 3397 4598 3452 4635; x_wconf 81' lang='lat' dir='ltr'><strong>se</strong></span> 
     </span>
    </p>
   </div>
   <div class='ocr_carea' id='block_1_113' title="bbox 1884 4654 2294 4724">
    <p class='ocr_par' dir='ltr' id='par_1_113' title="bbox 1884 4654 2294 4724">
     <span class='ocr_line' id='line_1_115' title="bbox 1884 4654 2294 4724; baseline 0 -16"><span class='ocrx_word' id='word_1_794' title='bbox 1884 4654 2294 4724; x_wconf 80' lang='lat' dir='ltr'><strong>conglutinatus.</strong></span> 
     </span>
    </p>
   </div>
   <div class='ocr_carea' id='block_1_114' title="bbox 1951 4756 3376 4830">
    <p class='ocr_par' dir='ltr' id='par_1_114' title="bbox 1951 4756 3376 4830">
     <span class='ocr_line' id='line_1_116' title="bbox 1951 4756 3376 4830; baseline -0.001 -18"><span class='ocrx_word' id='word_1_795' title='bbox 1951 4759 2062 4829; x_wconf 83' lang='grc'>(26)</span> <span class='ocrx_word' id='word_1_796' title='bbox 2091 4758 2359 4812; x_wconf 83' lang='lat' dir='ltr'><strong>Claustra.</strong></span> <span class='ocrx_word' id='word_1_797' title='bbox 2385 4759 2565 4813; x_wconf 75' lang='lat' dir='ltr'><strong>Codex</strong></span> <span class='ocrx_word' id='word_1_798' title='bbox 2622 4757 2848 4830; x_wconf 79' lang='grc' dir='ltr'>κλῇθρα.</span> <span class='ocrx_word' id='word_1_799' title='bbox 2894 4757 3074 4811; x_wconf 87' lang='lat' dir='ltr'><strong>Malim</strong></span> <span class='ocrx_word' id='word_1_800' title='bbox 3135 4756 3376 4828; x_wconf 83' lang='grc' dir='ltr'>κλεῖθρα.</span> 
     </span>
    </p>
   </div>
   <div class='ocr_carea' id='block_1_115' title="bbox 1951 4849 3448 4923">
    <p class='ocr_par' dir='ltr' id='par_1_115' title="bbox 1951 4849 3448 4923">
     <span class='ocr_line' id='line_1_117' title="bbox 1951 4849 3448 4923; baseline -0.001 -20"><span class='ocrx_word' id='word_1_801' title='bbox 1951 4850 2344 4923; x_wconf 27' lang='grc' dir='ltr'><strong>(27)Αο1αι·ἱὺιι.ς</strong></span> <span class='ocrx_word' id='word_1_802' title='bbox 2375 4861 2679 4923; x_wconf 71' lang='lat' dir='ltr'><strong>reserarent.</strong></span> <span class='ocrx_word' id='word_1_803' title='bbox 2705 4851 2897 4923; x_wconf 64' lang='lat' dir='ltr'><strong>Graece</strong></span> <span class='ocrx_word' id='word_1_804' title='bbox 2930 4869 2943 4902; x_wconf 90' lang='lat'>:</span> <span class='ocrx_word' id='word_1_805' title='bbox 2988 4849 3084 4923; x_wconf 78' lang='grc' dir='ltr'>τὰς</span> <span class='ocrx_word' id='word_1_806' title='bbox 3126 4849 3273 4923; x_wconf 76' lang='grc' dir='ltr'>κλεῖς</span> <span class='ocrx_word' id='word_1_807' title='bbox 3300 4849 3448 4923; x_wconf 76' lang='grc' dir='ltr'>ἀνοί-</span> 
     </span>
    </p>
   </div>
   <div class='ocr_carea' id='block_1_116' title="bbox 1882 4920 3448 4990">
    <p class='ocr_par' dir='ltr' id='par_1_116' title="bbox 1882 4920 3448 4990">
     <span class='ocr_line' id='line_1_118' title="bbox 1882 4920 3448 4990; baseline 0.001 -19"><span class='ocrx_word' id='word_1_808' title='bbox 1882 4920 2196 4988; x_wconf 47' lang='grc' dir='ltr'>ξωσιέρυιε</span> <span class='ocrx_word' id='word_1_809' title='bbox 2231 4923 2480 4990; x_wconf 87' lang='lat' dir='ltr'><strong>loquendi</strong></span> <span class='ocrx_word' id='word_1_810' title='bbox 2522 4920 2752 4974; x_wconf 83' lang='lat' dir='ltr'><strong>formula</strong></span> <span class='ocrx_word' id='word_1_811' title='bbox 2790 4920 3261 4974; x_wconf 84' lang='lat' dir='ltr'><strong>animadversione</strong></span> <span class='ocrx_word' id='word_1_812' title='bbox 3286 4920 3448 4989; x_wconf 79' lang='lat' dir='ltr'><strong>digna</strong></span> 
     </span>
    </p>
   </div>
   <div class='ocr_carea' id='block_1_117' title="bbox 1880 4999 1982 5044">
    <p class='ocr_par' dir='ltr' id='par_1_117' title="bbox 1880 4999 1982 5044">
     <span class='ocr_line' id='line_1_119' title="bbox 1880 4999 1982 5044; baseline 0 0"><span class='ocrx_word' id='word_1_813' title='bbox 1880 4999 1982 5044; x_wconf 89' lang='lat' dir='ltr'><strong>est.</strong></span> 
     </span>
    </p>
   </div>
   <div class='ocr_carea' id='block_1_118' title="bbox 1951 5081 3446 5151">
    <p class='ocr_par' dir='ltr' id='par_1_118' title="bbox 1951 5081 3446 5151">
     <span class='ocr_line' id='line_1_120' title="bbox 1951 5081 3446 5151; baseline 0 -16"><span class='ocrx_word' id='word_1_814' title='bbox 1951 5082 2063 5149; x_wconf 89' lang='grc'>(28)</span> <span class='ocrx_word' id='word_1_815' title='bbox 2095 5081 2370 5151; x_wconf 82' lang='lat' dir='ltr'><strong>Infernum</strong></span> <span class='ocrx_word' id='word_1_816' title='bbox 2415 5082 2798 5135; x_wconf 80' lang='lat' dir='ltr'><strong>conculcatnm.</strong></span> <span class='ocrx_word' id='word_1_817' title='bbox 2833 5081 3058 5136; x_wconf 83' lang='lat' dir='ltr'><strong>Videtur</strong></span> <span class='ocrx_word' id='word_1_818' title='bbox 3105 5081 3327 5135; x_wconf 87' lang='lat' dir='ltr'><strong>librario</strong></span> <span class='ocrx_word' id='word_1_819' title='bbox 3351 5096 3446 5135; x_wconf 78' lang='lat' dir='ltr'><strong>ett-</strong></span> 
     </span>
    </p>
   </div>
   <div class='ocr_carea' id='block_1_119' title="bbox 1878 5151 3445 5236">
    <p class='ocr_par' dir='ltr' id='par_1_119' title="bbox 1878 5151 3445 5236">
     <span class='ocr_line' id='line_1_121' title="bbox 1878 5151 3445 5236; baseline -0.001 -30"><span class='ocrx_word' id='word_1_820' title='bbox 1878 5153 2074 5236; x_wconf 82' lang='lat' dir='ltr'><strong>cidisse</strong></span> <span class='ocrx_word' id='word_1_821' title='bbox 2103 5154 2295 5207; x_wconf 84' lang='lat' dir='ltr'><strong>vocula</strong></span> <span class='ocrx_word' id='word_1_822' title='bbox 2325 5153 2428 5217; x_wconf 79' lang='grc' dir='ltr'>ὅτι,</span> <span class='ocrx_word' id='word_1_823' title='bbox 2465 5167 2528 5206; x_wconf 88' lang='lat' dir='ltr'><strong>ac</strong></span> <span class='ocrx_word' id='word_1_824' title='bbox 2560 5151 2845 5223; x_wconf 84' lang='lat' dir='ltr'><strong>legendum</strong></span> <span class='ocrx_word' id='word_1_825' title='bbox 2883 5168 3003 5207; x_wconf 86' lang='lat' dir='ltr'><strong>esse</strong></span> <span class='ocrx_word' id='word_1_826' title='bbox 3037 5169 3050 5203; x_wconf 85' lang='lat'><strong>:</strong></span> <span class='ocrx_word' id='word_1_827' title='bbox 3078 5153 3160 5205; x_wconf 79' lang='grc' dir='ltr'>ὅτι</span> <span class='ocrx_word' id='word_1_828' title='bbox 3186 5151 3317 5222; x_wconf 76' lang='grc' dir='ltr'>ᾅδης</span> <span class='ocrx_word' id='word_1_829' title='bbox 3346 5168 3445 5204; x_wconf 88' lang='grc' dir='ltr'>πε-</span> 
     </span>
    </p>
   </div>
   <div class='ocr_carea' id='block_1_120' title="bbox 1880 5239 2136 5294">
    <p class='ocr_par' dir='ltr' id='par_1_120' title="bbox 1880 5239 2136 5294">
     <span class='ocr_line' id='line_1_122' title="bbox 1880 5239 2136 5294; baseline -0.004 -18"><span class='ocrx_word' id='word_1_830' title='bbox 1880 5239 2022 5294; x_wconf 84' lang='grc' dir='ltr'>πατη</span> <span class='ocrx_word' id='word_1_831' title='bbox 2030 5241 2136 5276; x_wconf 90' lang='grc' dir='ltr'>ται.</span> 
     </span>
    </p>
   </div>
   <div class='ocr_carea' id='block_1_121' title="bbox 1947 5325 3442 5395">
    <p class='ocr_par' dir='ltr' id='par_1_121' title="bbox 1947 5325 3442 5395">
     <span class='ocr_line' id='line_1_123' title="bbox 1947 5325 3442 5395; baseline -0.003 -14"><span class='ocrx_word' id='word_1_832' title='bbox 1947 5326 2058 5395; x_wconf 85' lang='grc'>(29)</span> <span class='ocrx_word' id='word_1_833' title='bbox 2089 5327 2385 5380; x_wconf 85' lang='lat' dir='ltr'><strong>Provolutis</strong></span> <span class='ocrx_word' id='word_1_834' title='bbox 2419 5327 2675 5395; x_wconf 79' lang='lat' dir='ltr'><strong>capitibus</strong></span> <span class='ocrx_word' id='word_1_835' title='bbox 2711 5336 3022 5395; x_wconf 85' lang='lat' dir='ltr'><strong>appetentes.</strong></span> <span class='ocrx_word' id='word_1_836' title='bbox 3051 5327 3254 5388; x_wconf 70' lang='lat' dir='ltr'><strong>Graece,</strong></span> <span class='ocrx_word' id='word_1_837' title='bbox 3284 5325 3442 5380; x_wconf 76' lang='grc' dir='ltr'>κυϐε-</span> 
     </span>
    </p>
   </div>
   <div class='ocr_carea' id='block_1_122' title="bbox 1880 5397 3430 5468">
    <p class='ocr_par' dir='ltr' id='par_1_122' title="bbox 1880 5397 3430 5468">
     <span class='ocr_line' id='line_1_124' title="bbox 1880 5397 3430 5468; baseline 0 -19"><span class='ocrx_word' id='word_1_838' title='bbox 1880 5397 2137 5460; x_wconf 81' lang='grc' dir='ltr'>στῶντας.</span> <span class='ocrx_word' id='word_1_839' title='bbox 2157 5397 2741 5468; x_wconf 84' lang='lat' dir='ltr'><strong>Chrysostomustom.</strong></span> <span class='ocrx_word' id='word_1_840' title='bbox 2772 5397 2835 5460; x_wconf 91' lang='lat' dir='ltr'><strong>ll,</strong></span> <span class='ocrx_word' id='word_1_841' title='bbox 2872 5415 2992 5468; x_wconf 85' lang='lat' dir='ltr'><strong>pag.</strong></span> <span class='ocrx_word' id='word_1_842' title='bbox 3025 5397 3124 5468; x_wconf 79' lang='grc'><strong>716</strong></span> <span class='ocrx_word' id='word_1_843' title='bbox 3144 5399 3210 5450; x_wconf 92' lang='lat' dir='ltr'><strong>de</strong></span> <span class='ocrx_word' id='word_1_844' title='bbox 3239 5406 3430 5465; x_wconf 78' lang='lat' dir='ltr'><strong>marty-</strong></span> 
     </span>
    </p>
   </div>
   <div class='ocr_carea' id='block_1_123' title="bbox 1877 5465 3440 5537">
    <p class='ocr_par' dir='ltr' id='par_1_123' title="bbox 1877 5465 3440 5537">
     <span class='ocr_line' id='line_1_125' title="bbox 1877 5465 3440 5537; baseline 0 -19"><span class='ocrx_word' id='word_1_845' title='bbox 1877 5468 2028 5537; x_wconf 82' lang='lat' dir='ltr'><strong>ribus</strong></span> <span class='ocrx_word' id='word_1_846' title='bbox 2066 5465 2292 5537; x_wconf 78' lang='lat' dir='ltr'><strong>loquens</strong></span> <span class='ocrx_word' id='word_1_847' title='bbox 2338 5468 2412 5520; x_wconf 90' lang='lat' dir='ltr'><strong>ait</strong></span> <span class='ocrx_word' id='word_1_848' title='bbox 2443 5484 2458 5519; x_wconf 89' lang='lat'><strong>:</strong></span> <span class='ocrx_word' id='word_1_849' title='bbox 2488 5469 2566 5530; x_wconf 77' lang='grc' dir='ltr'><strong>εἰς</strong></span> <span class='ocrx_word' id='word_1_850' title='bbox 2594 5466 2824 5536; x_wconf 87' lang='grc' dir='ltr'>λέϐητας</span> <span class='ocrx_word' id='word_1_851' title='bbox 2871 5465 3288 5530; x_wconf 75' lang='grc' dir='ltr'>κυϐιστοῦντας’</span> <span class='ocrx_word' id='word_1_852' title='bbox 3336 5465 3440 5537; x_wconf 83' lang='lat' dir='ltr'><strong>nisi</strong></span> 
     </span>
    </p>
   </div>
   <div class='ocr_carea' id='block_1_124' title="bbox 1876 5536 3440 5606">
    <p class='ocr_par' dir='ltr' id='par_1_124' title="bbox 1876 5536 3440 5606">
     <span class='ocr_line' id='line_1_126' title="bbox 1876 5536 3440 5606; baseline -0.002 -17"><span class='ocrx_word' id='word_1_853' title='bbox 1876 5536 2158 5606; x_wconf 78' lang='lat' dir='ltr'><strong>legendum</strong></span> <span class='ocrx_word' id='word_1_854' title='bbox 2194 5538 2265 5591; x_wconf 91' lang='lat' dir='ltr'><strong>ibi</strong></span> <span class='ocrx_word' id='word_1_855' title='bbox 2302 5538 2396 5596; x_wconf 84' lang='lat' dir='ltr'><strong>sit.</strong></span> <span class='ocrx_word' id='word_1_856' title='bbox 2430 5537 2813 5601; x_wconf 82' lang='grc' dir='ltr'>κυϐιστῶντας.</span> <span class='ocrx_word' id='word_1_857' title='bbox 2862 5538 3060 5592; x_wconf 86' lang='lat' dir='ltr'><strong>Fronto</strong></span> <span class='ocrx_word' id='word_1_858' title='bbox 3096 5539 3322 5592; x_wconf 71' lang='lat' dir='ltr'><strong>Ducazus</strong></span> <span class='ocrx_word' id='word_1_859' title='bbox 3355 5536 3440 5606; x_wconf 43' lang='lat' dir='ltr'><strong>inf</strong></span> 
     </span>
    </p>
   </div>
   <div class='ocr_carea' id='block_1_125' title="bbox 1876 5605 3441 5676">
    <p class='ocr_par' dir='ltr' id='par_1_125' title="bbox 1876 5605 3441 5676">
     <span class='ocr_line' id='line_1_127' title="bbox 1876 5605 3441 5676; baseline 0 -16"><span class='ocrx_word' id='word_1_860' title='bbox 1876 5605 2204 5676; x_wconf 71' lang='lat' dir='ltr'><strong>terpt&#39;etatur</strong></span> <span class='ocrx_word' id='word_1_861' title='bbox 2239 5626 2251 5661; x_wconf 85' lang='lat'><strong>:</strong></span> <span class='ocrx_word' id='word_1_862' title='bbox 2289 5608 2340 5659; x_wconf 88' lang='lat' dir='ltr'><strong>in</strong></span> <span class='ocrx_word' id='word_1_863' title='bbox 2367 5609 2554 5661; x_wconf 76' lang='lat' dir='ltr'><strong>lebetes</strong></span> <span class='ocrx_word' id='word_1_864' title='bbox 2587 5608 2854 5675; x_wconf 73' lang='lat' dir='ltr'><strong>defectos;</strong></span> <span class='ocrx_word' id='word_1_865' title='bbox 2885 5610 2973 5663; x_wconf 86' lang='lat' dir='ltr'><strong>sed</strong></span> <span class='ocrx_word' id='word_1_866' title='bbox 2999 5609 3168 5664; x_wconf 71' lang='lat' dir='ltr'><strong>Grarci</strong></span> <span class='ocrx_word' id='word_1_867' title='bbox 3193 5605 3441 5662; x_wconf 75' lang='lat' dir='ltr'><strong>vocabuli</strong></span> 
     </span>
    </p>
   </div>
   <div class='ocr_carea' id='block_1_126' title="bbox 1876 5677 2706 5732">
    <p class='ocr_par' dir='ltr' id='par_1_126' title="bbox 1876 5677 2706 5732">
     <span class='ocr_line' id='line_1_128' title="bbox 1876 5677 2706 5732; baseline 0.002 -4"><span class='ocrx_word' id='word_1_868' title='bbox 1876 5677 1984 5729; x_wconf 82' lang='lat' dir='ltr'><strong>vim</strong></span> <span class='ocrx_word' id='word_1_869' title='bbox 2019 5685 2299 5731; x_wconf 84' lang='lat' dir='ltr'><strong>assecutus</strong></span> <span class='ocrx_word' id='word_1_870' title='bbox 2333 5694 2437 5732; x_wconf 92' lang='lat' dir='ltr'><strong>non</strong></span> <span class='ocrx_word' id='word_1_871' title='bbox 2479 5679 2706 5731; x_wconf 89' lang='lat' dir='ltr'><strong>videtur.</strong></span> 
     </span>
    </p>
   </div>
   <div class='ocr_carea' id='block_1_127' title="bbox 1949 5767 3440 5844">
    <p class='ocr_par' dir='ltr' id='par_1_127' title="bbox 1949 5767 3440 5844">
     <span class='ocr_line' id='line_1_129' title="bbox 1949 5767 3440 5844; baseline 0.004 -23"><span class='ocrx_word' id='word_1_872' title='bbox 1949 5767 2059 5844; x_wconf 65' lang='lat'><strong>(50)</strong></span> <span class='ocrx_word' id='word_1_873' title='bbox 2098 5770 2131 5820; x_wconf 76' lang='grc' dir='ltr'><em>Α</em></span> <span class='ocrx_word' id='word_1_874' title='bbox 2165 5787 2221 5844; x_wconf 61' lang='lat' dir='ltr'><strong>se</strong></span> <span class='ocrx_word' id='word_1_875' title='bbox 2254 5772 2434 5827; x_wconf 86' lang='lat' dir='ltr'><strong>teneri.</strong></span> <span class='ocrx_word' id='word_1_876' title='bbox 2463 5769 2663 5834; x_wconf 77' lang='lat' dir='ltr'><strong>Codex,</strong></span> <span class='ocrx_word' id='word_1_877' title='bbox 2697 5774 2975 5844; x_wconf 80' lang='grc' dir='ltr'>κρατήσαι.</span> <span class='ocrx_word' id='word_1_878' title='bbox 3017 5773 3096 5827; x_wconf 77' lang='lat' dir='ltr'><strong>An</strong></span> <span class='ocrx_word' id='word_1_879' title='bbox 3137 5773 3440 5844; x_wconf 73' lang='lat' dir='ltr'><strong>legendum,</strong></span> 
     </span>
    </p>
   </div>
   <div class='ocr_carea' id='block_1_128' title="bbox 1881 5841 2183 5903">
    <p class='ocr_par' dir='ltr' id='par_1_128' title="bbox 1881 5841 2183 5903">
     <span class='ocr_line' id='line_1_130' title="bbox 1881 5841 2183 5903; baseline 0.013 -13"><span class='ocrx_word' id='word_1_880' title='bbox 1881 5841 2183 5903; x_wconf 67' lang='grc' dir='ltr'>κρατῆσαιῗ</span> 
     </span>
    </p>
   </div>
  </div>
