3876 6486
485 361 622 417 1205

1146 362 1203 419 S.
1240 363 1563 419 GREGORII
1605 364 1957 421 THAUMAT.
1998 364 2227 419 SERMO
2266 362 2335 416 IN
2375 360 2602 418 OMNES
2642 359 2970 417 SANCTOS.

3570 359 3710 418 {206

479 484 743 539 dedecore
770 481 979 543 ellecit;
1010 497 1073 536 ex
1108 497 1172 537 eo
1193 523 1207 548 ,
1239 483 1480 552 inquam,
1528 495 1769 553 tempore
1796 483 1908 556 (51)
1936 484 2033 538 ob-

2157 482 2431 536 ιεταδάσει
2470 480 2808 551 χρησάμενος
2846 480 3090 548 φύσεως,
3132 477 3264 532 ἀλλά
3305 476 3707 546 συγκαταϐάσει

480 587 672 633 serata:
714 575 930 631 fuerunt
967 576 1161 631 inferni
1194 575 1376 645 januae
1415 575 1549 646 (52),
1572 576 1694 630 οωὶί
1736 592 1862 631 vero
1895 576 2038 631 fores

480 677 732 725 reseratae
754 669 979 724 liberum
1006 667 1120 737 (55)
1152 678 1316 738 atque
1346 668 1653 738 expeditum
1694 669 1759 724 iis
1785 669 1879 738 qui
1919 685 2038 724 cum

480 762 737 820 ﬁde.illuc
769 761 1071 817 ascendunt
1126 761 1237 829 (54)
1290 760 1492 816 aditum
1532 762 1854 816 concedunt.
1900 762 2039 817 Olim

480 855 698 923 quidem
724 853 959 910 Iacobus
995 852 1105 923 (55)
1137 854 1339 909 scalam
1367 854 1502 908 vidit
1538 870 1710 925 usque
1740 855 1806 908 ad
1839 856 2038 912 caelum

478 947 890 1017 pertingentem,
923 946 1107 1015 ibique
1131 945 1397 1001 ﬁrmatam
1426 986 1440 1012 ,
1488 953 1541 1000 et
1580 946 1932 1001 ascendentes
1978 962 2041 1002 ac

478 1040 863 1095 descendentes
893 1040 1111 1111 angelos
1142 1038 1274 1093 Dei:
1325 1054 1470 1094 nunc
1515 1054 1637 1093 vero
1681 1049 1895 1110 propter
1945 1042 2041 1095 ho-

482 1131 682 1185 minem
718 1131 883 1187 homo
911 1130 1085 1186 factus
1112 1131 1219 1197 ille,
1250 1131 1343 1201 qui
1389 1130 1671 1185 hominum
1722 1147 1912 1186 amans
1934 1140 2042 1198 est,

481 1236 543 1274 ac
569 1220 853 1289 benignus,
898 1235 1021 1275 eum
1047 1221 1141 1291 qui
1168 1222 1390 1275 humani
1414 1222 1625 1292 generis
1652 1222 1822 1277 hostis
1852 1230 1954 1285 est,
1981 1237 2044 1276 ac

480 1311 841 1377 inhumanus,
871 1312 1167 1367 divinitatis
1202 1314 1336 1382 pede
1380 1313 1721 1381 percutiens,
1776 1321 1830 1367 et
1878 1328 2041 1366 manu

481 1402 830 1472 benignitatis
854 1404 966 1475 (56)
997 1404 1363 1476 (dignitatisve
1405 1420 1511 1474 qua
1540 1404 1790 1459 Christus
1810 1405 1912 1471 est)
1950 1404 2041 1458 ho—

479 1494 679 1549 minem
720 1504 962 1564 portans.
1013 1496 1241 1565 pedibus
1293 1497 1545 1561 humanis
1594 1497 1797 1550 invium
1842 1496 2043 1550 mthera

479 1585 675 1640 calcari
709 1584 855 1641 fecit.
890 1585 1043 1641 Tunc
1068 1587 1429 1642 ascendebant
1452 1590 1625 1658 angeli
1656 1605 1719 1645 ac
1747 1588 2041 1644 descende-

478 1676 644 1742 bant;
676 1694 821 1731 nunc
843 1692 972 1732 vero
998 1678 1041 1732 is
1074 1677 1162 1747 qni
1199 1679 1397 1735 dicitur
1427 1682 1603 1751 magni
1628 1684 1834 1737 consilii
1876 1685 2044 1755 Ange-

482 1767 564 1819 lus
591 1767 702 1838 (57)
737 1783 835 1822 nec
871 1769 1133 1833 ascendit,
1176 1785 1276 1825 nec
1305 1770 1585 1825 descendit
1625 1790 1637 1824 :
1683 1772 1822 1826 unde
1861 1773 2039 1839 enim,

2142 568 2514 640 φιλανθρώπου
2545 567 2908 637 χριστότητος’
2932 568 2960 620 6
2983 567 3153 633 Λόγος
3184 565 3260 636 τῷ
3281 564 3453 635 Πατρὶ
3473 563 3713 632 συγκαθ-

2141 663 2360 732 ήμενος,
2384 661 2477 712 καὶ
2515 662 2543 712 ὁ
2576 660 2745 727 Λόγος
2781 661 2839 712 ἐν
2884 661 2949 728 τῇ
3005 659 3183 729 μήτρᾳ
3227 654 3711 727 αὑλιζόμενος,καὶ

2138 754 2167 803 6
2197 751 2365 818 Λόγος
2398 749 2669 818 πανταχοῦ
2716 749 3115 819 εὑρισκόμενος,
3146 748 3238 801 κα)⁸
3262 747 3402 820 [τοῦ]
3428 747 3539 801 τῶν
3580 747 3710 803 ὃλωι

2144 839 2319 913 [Θεοῦ]
2347 840 2610 911 μηδέποτε
2645 838 3023 909 χωριζόμενος.
3080 839 3269 907 Ἐγέλα
3327 841 3457 892 ποτὲ
3504 839 3709 894 πλατὺν

2141 932 2281 985 κατά
2325 931 2425 1000 τῆς
2474 930 2815 1001 ἀνθρωπίνης
2860 929 3073 998 φύσεως
3107 930 3135 981 ὁ
3180 929 3420 993 διάϐολος
3461 931 3709 999 γέλωτα,

2142 1025 2237 1078 καὶ
2282 1025 2399 1086 ταῖς
2452 1026 2751 1095 συμφοραῖς
2798 1023 2955 1094 ἡμῶν
3008 1025 3216 1095 ἑορταῖς
3265 1025 3708 1096 ἐπευφραίνεται.

2155 1113 2290 1165 Ἀλλ’
2326 1115 2352 1166 6
2399 1114 2494 1183 μὲν
2533 1113 2701 1181 γέλως
2732 1115 3023 1185 τριήμερος
3042 1131 3055 1144 ·
3158 1113 3213 1166 δὲ
3239 1113 3429 1184 θρῆνος
3458 1114 3711 1178 αἰῶ-ππ·

2144 1207 2235 1260 καὶ
2280 1206 2485 1269 πλατὺς
2520 1206 2691 1273 γέλως
2740 1204 2935 1277 θρῆνον
2981 1203 3124 1274 αὐτῷ
3165 1204 3493 1275 πλατύτερον
3550 1221 3710 1260 κατε-

2146 1297 2428 1357 σκεύασεν,
2473 1296 2703 1367 δάκρυον
2740 1295 3097 1359 ἀδιάλειπτον,
3137 1294 3406 1364 κλαυθμὸν
3429 1296 3712 1367 ἀπαρηγό-

2148 1407 2306 1461 ρητον
2329 1406 2341 1418 ·
2381 1389 2530 1460 βέλος
2571 1388 2873 1460 ἐγκάρδιον.
2904 1386 3072 1441 Τοῦτο
3100 1387 3159 1440 τὸ
3198 1387 3345 1457 βέλος
3385 1388 3443 1439 ἐν
3472 1390 3545 1456 τῇ
3582 1403 3709 1459 παρ-

2146 1479 2329 1550 θενικῇ
2375 1479 2619 1549 καμίνῳ,
2664 1474 2772 1532 οἷον
2813 1478 3111 1550 ἠθέλησεν,
3154 1478 3245 1530 καὶ
3289 1478 3362 1540 ὡς
3405 1477 3706 1547 ἠθέλησεν,

2144 1583 2230 1636 διὰ
2256 1581 2424 1652 πυρὸς
2455 1579 2593 1633 κατά
2638 1579 2728 1633 τοῦ
2773 1579 2967 1652 ἐχθροῦ
2996 1581 3023 1631 6
3057 1579 3399 1651 πολεμάρχης
3442 1579 3708 1648 ἐχάλκευ-

2148 1692 2238 1726 σεν
2261 1692 2273 1704 ο
2302 1674 2395 1728 καὶ
2426 1671 2707 1743 στομώσας
2732 1675 2794 1743 τῇ
2830 1672 3075 1743 ἐνεργείᾳ
3103 1671 3199 1740 τῆς
3228 1673 3493 1742 ἀηττήτου
3529 1671 3714 1741 Θεότη-

2147 1783 2257 1831 τος,
2302 1767 2394 1819 καὶ
2442 1766 2613 1837 βάψας
2641 1764 2719 1835 τῷ
2760 1764 2910 1818 ὕδατι
2959 1762 3050 1817 τοῦ
3092 1763 3355 1833 ἀχράντου
3401 1762 3711 1833 βαπτίσμαι

483 1867 578 1913 aut
623 1875 733 1927 quo
770 1858 882 1929 ('58)
926 1862 1313 1930 transmigrare
1354 1869 1530 1930 potest
1580 1862 1667 1916 ille
1709 1863 1799 1931 qui
1847 1864 2043 1933 ubique

2157 1880 2231 1925 τος
2256 1903 2270 1926 ,
2322 1863 2413 1917 καὶ
2465 1864 2735 1935 ἀκονήσας
2774 1864 2884 1926 τοῖς
2934 1861 3163 1916 ἀπαθέσι
3210 1861 3525 1933 παθήμασιν
3558 1904 3577 1926 ,
3628 1862 3710 1915 καὶ

395 2027 399 2031 ι
482 1964 721 2018 praesens
749 1958 833 2004 est
852 1993 865 2017 ,
888 1952 978 2021 qui
1004 1952 1185 2006 omnia
1213 1952 1426 2021 implet,
1449 1953 1539 2020 qui
1572 1952 1756 2006 mundi
1786 1954 2046 2009 terminos

484 2056 645 2094 manu
712 2042 891 2095 tenet?
934 2042 1110 2096 Semel
1162 2043 1305 2095 enim
1368 2043 1647 2107 ascendit,
1703 2043 1868 2097 semel
1918 2042 2042 2096 item

482 2132 758 2187 descendit
789 2132 936 2200 (non
971 2148 1067 2202 per
1108 2141 1313 2188 natura;
1360 2134 1744 2199 mutationem,
1802 2134 1895 2188 sed
1951 2149 2046 2202 per

482 2225 727 2295 benignae
761 2239 884 2293 erga
928 2224 1224 2279 humanum
1258 2240 1426 2296 genus
1474 2225 1734 2281 bonitatis
1778 2242 1889 2280 suae
1924 2241 2047 2278 con-

481 2317 900 2384 descensionem)
940 2320 983 2371 is
1023 2316 1114 2387 qui
1161 2324 1243 2369 est
1271 2314 1506 2369 Verbum
1548 2332 1657 2370 una
1706 2333 1828 2371 cum
1885 2316 2043 2371 Patre

482 2408 790 2474 considcns,
816 2408 1051 2463 Verbum
1075 2409 1128 2460 in
1153 2416 1305 2460 utero
1330 2406 1550 2477 degens,
1579 2406 1812 2461 Verbum
1844 2410 2043 2477 ubique

481 2516 750 2568 przesens,
798 2516 861 2555 ac
888 2517 1166 2569 nunquam
1201 2505 1269 2557 ab
1319 2503 1695 2557 universorum
1738 2500 1847 2553 Deo
1885 2500 2045 2555 Patre

482 2590 617 2659 (58‘)
655 2599 962 2659 separatum
1003 2606 1177 2661 neque
1224 2592 1575 2662 disjunCtum.
1631 2591 1893 2645 Irridebat
1915 2590 2042 2645 olim

484 2681 775 2735 humanam
828 2691 1076 2737 naturam
1132 2684 1380 2739 diabolus
1428 2682 1597 2737 εσυεο
1637 2682 1747 2750 (59)
1798 2683 1952 2747 risu,
1994 2690 2047 2737 et

484 2774 643 2841 quasi
685 2774 825 2830 diem
871 2774 1068 2831 festum
1116 2792 1279 2842 agens
1327 2778 1396 2830 ob
1446 2775 1781 2830 calamitates
1836 2783 2048 2830 nostras

483 2863 668 2918 laetitia
694 2867 958 2935 gestiebat
1000 2867 1132 2938 (40).
1184 2867 1287 2922 Sed
1329 2869 1471 2923 risus
1496 2868 1711 2936 quidem
1742 2867 1921 2921 triduo
1947 2865 2049 2919 du-

484 2959 642 3025 ravit,
688 2959 1002 3017 lamentatio
1036 2970 1214 3017 autem
1256 2961 1581 3030 sempiterna
1615 2966 1695 3016 est
1723 2979 1735 3014 :
1761 2968 1814 3014 et
1846 2958 2049 3013 elfusus

446 3208 459 3220 ο
556 3183 665 3253 (51)
706 3182 787 3236 Ea:
816 3200 874 3237 eo
910 3194 1152 3252 tempore.
1186 3183 1509 3251 Gregorius,
1547 3183 1605 3249 ἐξ
1639 3182 1972 3253 ἐκείνουλιει
2001 3190 2053 3253 ct

488 3252 739 3310 Gratiane
788 3255 842 3307 in
894 3253 1166 3320 Origenem
1226 3254 1574 3324 panegyrica,
1626 3270 1747 3322 pag.
1796 3252 1909 3324 418Δ
1945 3272 1958 3324 ς
1996 3252 2053 3318 ἐξ

488 3324 692 3376 ἐκείνου
744 3340 860 3386 πως
905 3323 1189 3393 ἐπιδημεῖν
1237 3323 1333 3392 μέν
1362 3321 1527 3394 ’μοιὸ
1573 3321 1716 3394 ἱερὸς
1767 3323 1850 3376 ὅδε
1899 3321 2054 3389 λόγος

486 3394 706 3464 ἧρξατο,
738 3394 791 3447 id
826 3404 909 3446 cst
940 3410 1127 3464 πνρας-ευ
1159 3393 1395 3461 tempore
1413 3393 1654 3464 advenire
1684 3394 1812 3446 mihi
1844 3407 2053 3464 sacrum

488 3461 581 3517 hoc
608 3465 813 3533 verbum
840 3463 1009 3530 cwpit.
1045 3461 1109 3516 Et
1147 3478 1268 3533 pag.
1302 3464 1404 3517 452
1436 3480 1448 3514 :
1480 3463 1573 3517 νῦν
1611 3480 1669 3516 τε
1703 3464 1796 3517 καὶ
1825 3461 1882 3528 ἐξ
1912 3461 2054 3515 ἐκεί-

489 3549 601 3595 νου,
636 3532 690 3585 id
720 3541 803 3601 est
826 3549 838 3584 :
866 3544 912 3585 et
939 3549 1073 3587 nunc
1101 3542 1147 3585 et
1175 3532 1239 3585 ex
1271 3549 1328 3585 eo
1359 3542 1603 3601 tempore.

563 3601 675 3671 ('52)
709 3600 979 3671 Obserata;
1022 3601 1233 3669 fuerunt
1266 3600 1468 3669 inferni
1489 3603 1690 3670 januaz.
1728 3603 1956 3662 Locum,
1988 3616 2054 3655 ex

489 3686 599 3740 quo
633 3672 858 3741 eductus
886 3686 917 3725 a
957 3670 1181 3741 Domino
1217 3679 1405 3725 nostro
1447 3673 1688 3728 Adamus
1724 3673 1855 3737 fuit,
1890 3672 2051 3741 ᾅδην,

492 3738 605 3812 sive
638 3738 908 3812 infernum
948 3740 1264 3812 pauloante
1312 3752 1468 3795 vocat
1512 3742 1829 3812 Gregorius,
1860 3738 2049 3796 eodem

490 3810 695 3866 scilicet
728 3810 943 3880 nomine
978 3826 1085 3878 quo
1116 3810 1170 3864 in
1226 3809 1481 3880 Symbolo
1511 3809 1877 3880 apostolorum
1911 3828 2050 3864 nun-

492 3888 721 3949 cupatur
748 3895 871 3933 cum
898 3878 1106 3939 Graaco,
1142 3878 1470 3934 tumLatino
1505 3901 1516 3935 :
1546 3878 1671 3935 nam
1699 3884 1754 3935 in
1794 3883 1884 3935 illo
1930 3882 2051 3949 qui-

491 3950 613 4022 dem
647 3949 872 4022 legimus
901 3965 913 4001 :
942 3950 1265 4022 κατέλθοντα
1295 3953 1373 4014 εἰς
1400 3951 1530 4022 ᾅδην
1550 3968 1574 4022 ’ν
1603 3953 1656 4005 in
1700 3951 1800 4005 hoc
1827 3961 2003 4022 autem
2036 3968 2049 4003 :

492 4020 757 4074 descendit
820 4027 886 4073 ad
917 4021 1151 4093 inferos.
1198 4022 1357 4093 (lum,
1383 4020 1511 4091 ergo
1551 4021 1677 4093 ᾅδου
1713 4023 1827 4076 sive
1860 4020 2055 4093 inferni

491 4094 706 4161 januas,
726 4100 847 4161 post
869 4090 1119 4145 eductum
1151 4091 1271 4145 inde
1283 4090 1865 4155 Adamum;obseratas
1887 4090 2054 4145 fuisse

494 4159 771 4229 subiungit
799 4159 1110 4229 Gregorius,
1146 4162 1277 4215 nihil
1304 4163 1450 4217 aliud
1476 4164 1609 4226 vult,
1638 4163 1744 4216 nisi
1776 4164 2055 4216 obseratas

494 4228 665 4286 fuisse
711 4228 828 4301 ejus
863 4228 967 4284 loci
1009 4231 1227 4299 ianuas,
1278 4232 1332 4285 in
1384 4248 1494 4301 quo
1536 4242 1659 4288 ante
1698 4233 1899 4288 Christi
1934 4232 2056 4285 des-

495 4313 715 4352 censum
748 4299 969 4368 degebat
994 4302 1107 4368 ipse
1149 4299 1419 4356 Adamusf
1438 4302 1617 4367 Quare
1662 4303 1840 4357 statim
1888 4302 2052 4362 addit,

498 4382 604 4438 non
646 4367 786 4438 C(Bli_
821 4367 1026 4436 portasi
1053 4371 1256 4425 aditum
1304 4374 1598 4426 concedere
1643 4372 1914 4438 omnibus,
1962 4371 2054 4429 sed

498 4437 565 4491 iis
590 4436 883 4508 concedere
911 4439 1002 4508 qui
1034 4439 1159 4493 illuc
1181 4442 1478 4494 ascendunt
1502 4458 1624 4495 cum
1655 4443 1777 4496 fide.

2146 1954 2443 2019 στιλὸώσας
2487 1956 2573 2009 διὰ
2620 1955 2717 2024 τῆς
2757 1955 3021 2025 μυστικῆς
3064 1954 3441 2017 ἀναστάσεως·
3476 1954 3549 2006 δι’
3599 1956 3710 2006 ἑαυ-

2143 2045 2234 2098 τοῦ
2282 2047 2615 2118 πανστρατιᾷ
2643 2046 2730 2099 τὸν
2768 2045 3040 2117 ἀλάστορα
3069 2046 3398 2099 ἐθανάτωσε.
3430 2047 3598 2108 Heio;
3628 2040 3708 2097 οὖν

2143 2138 2358 2208 λόγοςῆ
2399 2138 2496 2206 τὴν
2532 2137 2807 2208 ἡμετέραν
2838 2136 3010 2207 χαρὰν
3048 2136 3081 2207 ἢ
3116 2136 3213 2206 τὴν
3259 2136 3471 2188 ἐκείνου
3510 2153 3707 2205 augeo.

2148 2227 2244 2299 ρὰν
2281 2226 2643 2296 διηγήσηταις
2691 2225 2749 2277 Ὁ
2776 2224 2883 2294 γὰρ
2913 2223 3043 2275 ποτὲ
3081 2221 3438 2292 ἀρχάγγελος,
3479 2221 3575 2273 νῦν
3611 2221 3710 2275 διά-

2148 2318 2327 2381 ϐολος·
2363 2319 2390 2370 ὁ
2419 2318 2546 2371 ποτὲ
2576 2318 2631 2369 ἐν
2663 2316 2908 2388 οὐρανοῖς
2942 2312 3311 2383 διαιτώμενος,
3354 2312 3450 2366 νῦν
3491 2313 3571 2376 ὡς
3598 2313 3707 2380 δοες

2149 2411 2240 2462 ἐπὶ
2273 2410 2373 2480 γῆς
2415 2408 2697 2479 θεωρεῖται
2726 2408 3053 2478 συρόμενος·
3093 2408 3121 2459 6
3153 2405 3281 2458 ποτέ
3320 2404 3461 2474 μετὰ
3629 2421 3705 2472 χε-

2152 2501 2349 2571 ρουϐὶμ
2392 2500 2782 2570 ἀγαλλόμενος,
2816 2499 2911 2553 νῦν
2938 2500 2994 2553 ἐν
3024 2501 3088 2569 τῇ
3122 2497 3331 2567 φυλακῇ
3380 2496 3492 2550 τῶν
3527 2497 3708 2566 χοίρων

2150 2588 2521 2657 ἐγκέκλεισται
2553 2588 2865 2658 ὀδυνόμενος
2887 2604 2899 2617 '
2940 2588 3105 2657 ὅνπερ
3142 2584 3540 2657 τροπωσόμεθα
3575 2586 3708 2636 ἐναν-

2151 2681 2239 2734 τία
2272 2681 2370 2750 τῆς
2416 2678 2622 2731 ἐκείνου
2676 2679 3041 2749 φρονήσαντες
3087 2676 3497 2748 προαιρέσεως
3544 2676 3707 2745 χάριτι

2151 2771 2245 2824 καὶ
2291 2769 2666 2841 φιλανθρωπία
2689 2767 2783 2821 τοῦ
2813 2768 3016 2839 Κυρίου
3052 2767 3205 2837 ἡμῶν
3244 2767 3417 2836 Ἰησοῦ
3449 2767 3701 2837 Χριστοῦι

2151 2856 2194 2930 ᾧ
2227 2866 2260 2933 ἡ
2282 2863 2406 2928 δόξα
2434 2867 2524 2916 καὶ
2547 2862 2605 2915 τὸ
2637 2863 2834 2940 κράτος
2859 2862 2937 2924 είς
2974 2862 3096 2924 τοὺς
3128 2861 3327 2924 αἰῶνας
3357 2861 3465 2914 τῶν
3491 2860 3705 2923 αἰώνων,

2159 2954 2215 3010 Ἀ
2226 2960 2350 3031 μήν.

2080 3183 2125 3245 c
2158 3190 2211 3235 tu
2268 3194 2397 3234 eum
2450 3182 2651 3235 scalam
2713 3181 2869 3235 audis
2910 3180 3175 3240 ferream,
3226 3178 3534 3247 spiritualis
3574 3177 3707 3231 illius

2156 3250 2313 3304 scala:
2338 3251 2640 3315 recordare,
2665 3266 2825 3319 quam
2854 3249 3157 3318 patriarcha
3180 3246 3310 3302 vidit
3333 3246 3507 3303 Jacob
3524 3264 3552 3301 a
3576 3256 3702 3319 terra

2154 3321 2207 3372 in
2239 3320 2433 3374 cmlum
2482 3318 2756 3374 extensam
2810 3337 2823 3373 :
2862 3335 2955 3388 per
3001 3319 3145 3373 illam
3198 3318 3374 3387 angeli
3428 3318 3704 3371 descende-

2154 3389 2305 3459 bant,
2334 3403 2425 3454 per
2474 3390 2613 3443 hanc
2659 3405 2784 3443 vero
2813 3398 3075 3459 martyres
3114 3389 3421 3443 ascendunt
3464 3405 3477 3439 :
3509 3388 3707 3459 utrique

2155 3458 2415 3513 Dominus
2462 3467 2546 3512 est
2593 3459 2813 3511 innixus
2853 3477 2865 3512 :
2902 3455 3009 3511 non
3062 3459 3367 3526 potuissent
3413 3457 3582 3511 sancti
3626 3455 3705 3508 isti

2155 3528 2372 3609 dolores
2408 3527 2663 3609 perferre,
2702 3528 2805 3609 nisi
2840 3528 2967 3589 huic
3012 3528 3183 3609 innixi
3222 3527 3481 3609 inissent.
3622 3540 3706 3593 per

2156 3598 2303 3651 illam
2331 3596 2550 3666 quidem
2592 3598 2890 3652 ascendunt
2920 3606 2973 3652 et
3007 3597 3340 3651 descendunt
3383 3596 3595 3666 angeli;
3623 3608 3707 3661 per

2154 3668 2296 3722 hanc
2343 3664 2472 3721 vero
2505 3666 2795 3721 ascendere
2836 3675 3102 3737 martyres
3152 3666 3327 3722 cuivis
3369 3664 3705 3719 manifestum

2156 3747 2257 3793 est.
2308 3758 2328 3793 ι

2228 3806 2745 3879 (56)Βεηὶ9ηἱιαιὶε,
2773 3816 2876 3879 etc.
2908 3806 3108 3879 Codex!
3139 3806 3513 3879 χριστότητος.
3537 3803 3590 3856 Id
3612 3810 3705 3879 est.

2158 3872 2621 3938 ut'barbaro,ised
2651 3878 2716 3930 ad
2774 3876 2826 3930 id
2881 3875 3025 3946 quod
3066 3872 3357 3946 Gregorius
3383 3872 3705 3946 'vultiexpli-

2157 3948 2385 4000 candum
2420 3946 2701 4015 aptissimo
2730 3944 2991 4000 vocabulo
3022 3954 3165 4012 utar,
3182 3944 3583 4015 'Cliristeitaiis.

2228 4017 2343 4140 (57)
2371 4014 2551 4085 Magni
2584 4016 2786 4069 consilii
2826 4016 3059 4085 angelus.
3092 4016 3165 4069 Ita
3204 4016 3385 4067 vocari
3434 4014 3707 4088 Dominum

2228 4087 2297 4140 ud
2347 4087 2517 4140 saiam
2542 4087 2596 4139 in
2624 4084 2762 4138 LXX
2792 4087 3140 4140 interpretum
3176 4084 3566 4140 translatione.
3602 4096 3707 4133 nm-

2157 4080 2297 4156 apud
2322 4080 2517 4140 Isaiam
2542 4087 2596 4139 in
2624 4084 2762 4138 LXX
2792 4080 3140 4153 interpretum
3176 4084 3566 4156 translatione,
3602 4080 3709 4133 nni-

2157 4155 2351 4226 cuique
2397 4166 2582 4209 notum
2635 4163 2735 4209 est.
2781 4156 3070 4224 Gregorius
3118 4156 3174 4208 in
3228 4155 3513 4226 oration_e,
3557 4164 3707 4226 quam

2159 4222 2302 4280 nunc
2355 4235 2629 4297 postremo
2669 4222 2999 4297 allegantus,
3053 4240 3173 4294 pag.
3221 4225 3362 4297 4l8,
3428 4222 3706 4297 Dominum

2158 4294 2404 4351 nostrum
2456 4296 2559 4349 hac
2611 4296 2797 4349 eodem
2851 4296 3069 4348 nomine
3121 4294 3372 4363 appellat,
3434 4307 3560 4363 cum
3595 4294 3705 4342 ait:

2160 4367 2376 4420 Davidis
2405 4366 2669 4419 custodem
2698 4365 2858 4432 fuisse
2889 4375 2981 4416 aut
3008 4380 3073 4418 an
3109 4362 3247 4417 clum
3274 4362 3574 4431 quempiam
3608 4375 3710 4411 nia-

2160 4438 2383 4486 mimum.
2409 4445 2501 4486 aut
2527 4437 2697 4486 insunt
2726 4434 2901 4486 ηιααηὶ
2926 4381 3135 4486 consilqii
3159 4433 3423 4486 anaelum.

2158 4438 2383 4497 ximum,
2409 4445 2501 4489 aut
2527 4437 2697 4503 ipsum
2726 4434 2901 4502 magni
2926 4433 3135 4486 consilii
3159 4433 3423 4503 angelum.

566 4506 679 4574 (55)
710 4499 971 4561 Liberum.
1013 4508 1323 4573 Gregorius,
1355 4510 1647 4574 ἀκώλυτος.
1668 4510 1839 4576 Quam
1867 4526 2049 4566 vocem

2229 4508 2340 4575 (58)
2367 4506 2471 4558 Aut
2512 4499 2631 4574 quo.
2676 4499 2856 4577 Codex
2888 4520 2908 4577 :_
2930 4503 3023 4558 και)⁸
3068 4499 3244 4577 πόθεν
3273 4502 3380 4577 γάρ
3412 4499 3537 4577 ποῦ.
3564 4514 3713 4577 μετας

496 4576 694 4656 saepius
743 4579 979 4656 reperies
1022 4579 1076 4631 in
1126 4578 1374 4633 Oratione
1426 4582 1770 4650 panegyrica,
1805 4597 1923 4650 qua:
1948 4592 2055 4636 tam

496 4661 636 4713 saepe
660 4648 768 4712 jam
791 4648 951 4701 citata
984 4656 1084 4703 cst.

568 4716 681 4787 (54)
715 4714 793 4769 Iis
817 4718 905 4787 qui
943 4734 1059 4787 cum
1085 4719 1185 4786 ﬁde
1222 4720 1344 4775 illuc
1384 4720 1689 4773 ascendunt.
1732 4720 1954 4777 Plurimi
1990 4722 2056 4774 ad

500 4785 974 4843 hodiernum‘diem
999 4785 1384 4843 dicuntur-esse
1402 4789 1541 4842 inter
1560 4789 1774 4845 Graecos
1800 4790 2057 4845 Romana:

500 4852 1000 4935 Ecclesiaxinimici,
1020 4858 1112 4927 qui
1137 4858 1679 4935 justorumpmnium
1699 4862 1928 4935 animas,
1954 4862 2056 4915 etsi

501 4924 646 4977 nulla
689 4924 989 4997 indigentes
1034 4924 1372 4997 purgatione,
1402 4929 1588 4984 divino
1636 4930 1687 4982 in
1740 4931 1890 4985 coelis
1916 4924 2057 4984 con-

500 5004 685 5069 spectu
717 5010 781 5051 ac
806 4996 1057 5069 beatitate
1085 4996 1209 5053 ante
1236 5001 1501 5067 generalis
1534 5000 1723 5069 judicii
1768 5001 1908 5058 diem
1944 5016 2056 5069 ipo-

498 5064 587 5116 tiri
602 5076 835 5143 negant.
871 5065 1102 5143 Videant
1135 5064 1264 5143 ergo
1322 5070 1458 5143 quid
1496 5064 1550 5123 in
1582 5070 1648 5124 iis
1694 5064 2057 5143 monumentis

500 5133 753 5213 traditum
793 5135 894 5197 sit,
928 5151 1047 5213 quae
1091 5133 1886 5213 ipsiijiet__nobis_suppeditant,
1912 5156 2058 5213 quae-

499 5218 627 5325 guet
646 5206 886 5272 ipsorum
929 5206 1161 5275 majores
1206 5209 1258 5260 in
1308 5209 1547 5264 Ecclesia
1587 5206 1807 5279 publice
1859 5206 2055 5264 reeita-

535 5288 602 5325 an
630 5310 643 5323 .

535 5280 643 5325 ant.

573 5340 686 5411 (55)
720 5342 860 5397 Olim
892 5346 1099 5412 quidem
1135 5345 1386 5408 Iacobus,
1411 5359 1514 5403 etc.
1549 5349 1751 5404 Locum
1799 5352 1940 5404 hunc
1972 5360 2053 5404 at-

501 5411 599 5464 tuli
634 5412 686 5464 in
722 5426 842 5467 meo
871 5412 1245 5491 Didymo_pag.
1296 5418 1423 5491 115ἐ
1461 5417 2056 5491 JoanncsChrysosto-

504 5496 624 5559 mus
661 5497 875 5552 quoque
903 5483 1139 5559 tomall,’
1171 5501 1291 5553 pag.
1325 5486 1458 5559 715,
1502 5488 1556 5559 in
1598 5483 1906 5544 laudatione
1935 5506 2055 5543 om—

502 5555 651 5623 nium
684 5562 1003 5623 martyrum,
1031 5556 1097 5609 de
1127 5561 1269 5609 scala
1308 5572 1337 5609 a
1380 5555 1582 5611 Jacobo
1611 5559 1723 5612 visa
1753 5574 2055 5612 sermonem

503 5617 698 5698 habet,
751 5617 842 5698 sed
871 5617 1000 5698 alia
1061 5626 1287 5698 ratione.
1328 5625 1713 5689 «Abstractos,
1742 5626 1939 5698 inquit,
1989 5629 2057 5681 ab

501 5690 737 5768 equuleo
763 5693 1021 5768 subjectis
1047 5696 1373 5768 carbonibus
1402 5713 1453 5747 ιι.
1478 5698 1625 5749 scala
1648 5690 2057 5768 ferrca'(nempe

504 5762 559 5811 iu
608 5762 886 5833 craticula)
938 5764 1293 5820 extendebant
1343 5774 1646 5841 (martyres)
1703 5807 1717 5823 .
1759 5808 1773 5824 .
1936 5808 1948 5822 .
1992 5762 2057 5820 Ᾱι

2160 4565 2435 4655 στῇσεται.
2594 4615 2608 4630 .
2652 4614 2724 4655 .A.
2767 4576 2848 4626 An
2896 4572 3178 4643 legendum
3222 4589 3235 4623 :
3279 4565 3442 4625 πόθεν
3478 4565 3587 4639 γὰρ
3628 4565 3713 4619 καὶ

2160 4645 2255 4701 ποῦ
2288 4647 2520 4717 μεταστὴ
2530 4645 2709 4698 σεταιῖ

2230 4710 2366 4784 (58')
2411 4719 2486 4769 Ab
2511 4710 2881 4768 universorum
2924 4711 3050 4766 Deo.
3115 4712 3172 4765 '0
3219 4711 3340 4784 1:th
3374 4712 3515 4766 ὅλων
3549 4710 3712 4784 θεός,

2158 4781 2258 4841 vnit
2308 4781 2565 4841 sOlemnis
2602 4793 2839 4839 veterum
2873 4794 2974 4845 est,
3007 4797 3113 4851 qua
3158 4782 3501 4851 potissimum
3549 4781 3711 4834 Deum

2158 4859 2373 4911 Patrem
2402 4856 2823 4924 omnipotentem
2855 4853 3139 4924 designant
3176 4869 3188 4905 :
3245 4868 3479 4920 quorum
3497 4853 3627 4924 loca
3651 4865 3709 4902 ne

2160 4928 2265 4981 huc
2292 4927 2534 4991 aderam,
2556 4920 2786 4978 ’omnino
2816 4932 2962 4978 vetat
2980 4920 3215 4990 'przelum
3256 4937 3415 4991 quam
3458 4920 3715 4976 citissime

2159 4998 2400 5067 plagulas
2427 5010 2493 5050 cx
2522 4990 2700 5067 Oculis
2741 4994 2883 5067 meis
2927 5002 3259 5067 erepturum.
3276 4990 3279 4991 ⁷
3302 4990 3411 5067 Vix_
3443 4992 3591 5046 enim
3612 5004 3712 5067 _eas

2158 5060 2332 5121 obiier
2373 5067 2572 5119 vidisse
2630 5062 2799 5118 licuit.
2851 5061 2955 5116 Sed
3002 5061 3085 5115 vel
3141 5060 3447 5115 festinantis
3500 5062 3709 5115 oculum

2159 5139 2301 5191 ultro
2322 5137 2593 5193 ollendent
2622 5134 2735 5189 haec
2759 5133 2942 5197 verba,
2959 5141 3066 5185 uta
3093 5132 3318 5186 notariis
3341 5132 3480 5185 male
3504 5140 3709 5187 vexata,

2159 5219 2251 5261 aut
2279 5218 2423 5262 certe
2445 5206 2594 5259 sanis
2624 5204 2997 5271 theologorum
3028 5202 3249 5255 auribus
3280 5202 3557 5270 asperiora
3595 5214 3712 5253 ceno

2160 5289 2398 5337 seantnr,
2429 5276 2624 5343 quippe
2641 5290 2764 5327 cum
2791 5273 3001 5340 όΛόγος
3024 5290 3041 5322 ι
3065 5272 3133 5327 ab
3155 5272 3505 5343 universitate
3539 5282 3711 5343 rerum

2160 5338 2598 5416 nequedisjungi,
2622 5360 2799 5416 neque
2809 5338 3048 5411 separari
3069 5356 3229 5410 posse
3253 5361 3271 5392 ι
3293 5341 3522 5394 dicatur.
3544 5338 3712 5416 Unde,

2160 5406 2355 5471 additis
2386 5406 2597 5469 duabus
2649 5406 2892 5479 vo'culis',
2944 5406 3086 5480 quas
3130 5421 3350 5483 propter
3398 5406 3715 5483 compendia

2158 5488 2425 5541 excidisse
2452 5501 2558 5537 non
2585 5498 2723 5551 argre
2754 5472 3164 5551 pute'ni,'leger'c
3200 5472 3426 5551 malim:
3452 5472 3548 5551 καὶ
3579 5472 3712 5547 [τοῦῖ

2158 5557 2264 5608 τῶν
2292 5556 2425 5607 ὅλων
2459 5553 2613 5624 [Θεοῦ
2620 5548 2656 5623 Γ
2674 5548 2936 5622 μηδέποτε
2966 5548 3341 5624 χωριζόμενος.
3466 5548 3666 5604 Ριτιυ.

2229 5626 2344 5696 (39)
2375 5621 2805 5696 eammeam,
2842 5622 3040 5696 πλατύ.
3062 5621 3207 5690 Lego
3239 5621 3457 5696 πλατύν.
3538 5684 3585 5696 __
3629 5684 3659 5696 ν

2230 5633 2321 5696 (5t)
2375 5633 2577 5692 E/I'uso.
2606 5633 2805 5684 codex,
2842 5633 3035 5675 πλατυ.
3062 5633 3207 5690 Lego
3239 5633 3457 5672 πλατνν.
3650 5684 3659 5692 ⁸

2230 5633 2344 5764 (4οζ
2400 5692 2681 5746 Gestiebat.
2754 5692 2969 5759 Codex,
3028 5692 3464 5763 ἐπευφραίνεται.
3538 5684 3710 5743 Μδιιε

2160 5764 2577 5837 ὲτιευιρραίνετοη
