3876 6532
285 365 426 423 1205

1134 363 1381 419 LEONIS
1420 363 1602 418 ALLA
1618 364 1649 418 Γ
1656 363 1697 419 ll
1737 362 2059 418 DlATRlBA
2095 361 2180 415 DE
2218 358 2633 415 THEODORIS.

3381 357 3521 412 i206

282 484 398 555 (Μ)
443 482 587 537 risus
608 480 919 537 eﬂ‘usiorem
945 482 991 535 ei
1025 482 1252 544 luctum,
1277 482 1651 536 interminatas
1674 482 1847 551 lacry—
1878 486 1917 540 A
1951 481 2024 533 tio
2055 489 2148 533 aut
2177 489 2422 534 nostrum
2454 479 2734 549 gaudium,
2760 486 2853 532 aut
2885 478 3081 532 diaboli
3113 477 3253 531 valet
3298 478 3523 532 calami-

281 590 424 641 mas,
478 573 919 629 inconsolabilem
983 571 1162 626 fletum
1229 589 1292 626 ac
1364 573 1613 626 intimum
1682 572 1846 626 telum

282 666 636 734 comparavit.
666 664 853 718 Telum
890 665 1056 719 hocce.
1084 665 1136 717 in
1188 664 1425 734 virginea
1483 663 1702 717 fornace
1757 679 1849 731 per

283 756 463 825 ignem
487 758 780 827 imperator
819 756 931 827 (42)
962 758 1121 826 quale
1149 757 1332 820 voluit,
1368 766 1420 810 et
1452 756 1723 825 quomodo
1752 770 1847 809 vo-

283 849 405 911 luit,
432 857 620 904 contra
644 849 920 903 inimicum
952 847 1254 913 fabricavit,
1285 848 1524 917 illudque
1574 856 1627 901 et
1672 848 1851 901 etlica-

283 942 446 995 citate
476 941 691 996 invicta:
718 942 933 997 deitatis
956 956 1246 1007 exacuens,
1276 950 1331 994 et
1358 941 1515 1010 aquis
1552 940 1850 1009 incorrupti

284 1033 629 1103 baptismatis
663 1034 896 1103 tingens,
921 1042 975 1087 et
996 1034 1343 1103 passionibus
1365 1034 1636 1104 passionis
1662 1050 1852 1104 exper-

281 1125 433 1180 tibus
455 1126 774 1180 acuminans
809 1124 942 1193 (45),
974 1136 1027 1179 et
1054 1142 1149 1195 per
1176 1127 1458 1198 mysticam
1492 1126 1849 1181 resurrectio-

284 1233 411 1272 nem
444 1218 687 1284 vibrans,
718 1218 1005 1273 exitiosum
1044 1218 1289 1283 hostem,
1334 1232 1660 1288 omnemque
1709 1217 1853 1273 illius

284 1312 586 1368 exercitum
617 1312 766 1368 solus
794 1313 907 1383 ipse
934 1310 1221 1367 interfecit.
1251 1310 1509 1377 Quaenam
1544 1311 1707 1381 igitur
1730 1325 1853 1364 ora-

357 1427 470 1496 (M)
511 1426 742 1495 E/I’usus.
783 1427 967 1483 Codex
1010 1427 1171 1482 etiam
1218 1426 1321 1481 hoc
1362 1426 1416 1479 in
1460 1426 1617 1490 loco,
1655 1423 1850 1477 πλατύ.

281 1496 429 1564 Lego
456 1498 677 1562 πλατύς.

358 1567 472 1636 (42)
506 1567 817 1636 Imperator.
866 1567 1161 1637 Gregorius
1220 1582 1318 1637 pro
1376 1565 1715 1636 πολέμαρχος
1779 1566 1854 1619 ait

284 1638 661 1710 πολεμάρχης,
690 1638 836 1707 quod
859 1636 1091 1693 fortasse
1120 1636 1329 1710 Domini
1353 1638 1619 1710 maiestati
1639 1651 1843 1710 conve-

285 1706 657 1764 nieniius'hoc
690 1706 918 1771 nomen.
949 1724 1112 1777 quam
1144 1708 1272 1761 illud
1307 1722 1426 1760 esse
1462 1706 1717 1761 duxerit;
1748 1721 1853 1773 qua

283 1778 496 1835 ratione
521 1778 823 1853 τετράρχης
848 1779 1063 1844 dicitur,
1090 1789 1142 1833 et
1167 1778 1464 1848 νομάρχης,
1586 1791 1691 1830 non
1728 1791 1853 1830 vero

299 1932 733 1959 =_—=—'

749 1950 1057 1959 -—————

1958 581 2117 625 tatem
2156 572 2465 641 exponere?
2511 569 2615 638 Qui
2644 570 2787 625 enirn
2824 570 2952 624 olim
2981 578 3097 623 erat
3142 570 3526 638 archangelus,

1957 678 2100 715 nunc
2138 662 2486 716 estdiabolus
2520 679 2531 712 :
2565 662 2657 730 qui
2680 662 2807 715 olim
2837 660 2889 714 in
2924 662 3076 716 cmlis
3106 660 3353 730 degebat,
3385 678 3530 715 nunc

1957 768 2111 821 quas:
2151 753 2343 822 anguis
2377 752 2526 805 humi
2555 758 2774 820 reptans
2803 751 3222 821 spectaturzqui
3252 751 3527 821 quondam

1958 862 2080 899 cum
2111 845 2424 901 cherubinis
2460 843 2785 908 exsultabat,
2818 858 2963 897 nunc
3004 843 3057 895 in
3094 857 3381 909 porcorum
3410 857 3531 894 car-

1958 955 2134 994 cerem
2167 938 2563 993 excruciandus
2607 936 2721 1006 (44)
2746 936 2990 989 inclusus
3032 944 3113 989 est
3142 950 3152 984 :
3187 950 3346 1003 quem
3376 933 3531 987 deni-

1959 1047 2063 1100 que
2098 1031 2149 1083 in
2197 1031 2376 1101 fugam
2425 1039 2478 1085 et
2523 1046 2623 1085 nos
2668 1038 2967 1094 vertemus,
2995 1029 3038 1082 si
3085 1043 3147 1082 ea
3192 1043 3314 1097 qua:
3358 1027 3531 1096 ipsius

1960 1122 2222 1177 voluntati
2251 1122 2523 1176 contraria
2565 1130 2693 1176 sunt
2739 1121 3039 1191 sapiamus,
3077 1122 3248 1189 gratia
3294 1130 3346 1174 et
3382 1120 3533 1173 beni-

1960 1217 2163 1286 gnitate
2215 1215 2424 1271 Domini
2464 1214 2634 1271 nostri
2681 1214 2809 1268 Jesu
2859 1213 3098 1277 Christi,
3146 1214 3231 1267 cui
3280 1212 3449 1282 gloria
3480 1220 3534 1265 et

1962 1308 2196 1378 potentia
2222 1309 2273 1361 in
2306 1308 2502 1362 szecnla
2535 1306 2882 1361 saeculorum.
2914 1304 3105 1359 Amen.

1962 1424 2252 1495 τέτραρχος
2282 1430 2335 1475 ει
2355 1421 2641 1495 vdeam;-

2004 1489 2146 1581 μδ)
2185 1489 2759 1546 Ὰεαηιὶηὰηέζυοάθῐ
2782 1530 2795 1554 ,
2847 1490 3123 1554 ἀκονίσας.
3174 1489 3313 1559 Lego
3338 1531 3352 1554 ,
3406 1490 3535 1542 ἁκοη

1962 1582 2145 1703 “iiii
2179 1632 2597 1688 Excruciandus.
2623 1631 2825 1703 Codex,
2852 1629 3184 1703 ρδυνόμενος.
3224 1629 3327 1684 Sed
3359 1630 3534 1699 legere

1963 1700 2135 1774 potes,
2165 1706 2209 1760 si
2244 1706 2414 1771 magis
2447 1705 2677 1772 placeat,
2708 1700 3060 1770 ὀδυνώμενοξ,
3098 1704 3167 1757 ob
3196 1716 3313 1755 eam
3370 1714 3534 1770 quam

1965 1776 2215 1845 superius
2238 1777 2390 1828 attuli
2420 1775 2703 1829 rationem.

724 1928 3500 1957 rm

1201 2092 1764 2222 LEONIS
1911 2091 2558 2219 ALLATII

422 2321 996 2414 DIATRIBA
1071 2324 1218 2412 DE
1310 2321 2013 2416 THEODORIS
2084 2326 2237 2414 ET
2305 2322 2730 2417 EORUM
2806 2326 3389 2417 SCRIPTIS.

309 2476 455 2532 Num.
479 2478 625 2543 LXII,
652 2480 735 2532 ubi
754 2482 829 2533 De
848 2481 1111 2533 Theodoro
1136 2482 1220 2543 qui
1255 2478 2344 2607 postmodqu.qugqrigg’ehgiggmqaggrqus
2367 2480 2527 2530 dictus
2560 2486 2637 2529 est
2686 2505 2747 2514 —
2776 2480 2865 2542 Ap.
2907 2478 3019 2540 Mn,
3062 2476 3356 2531 Bibliotheca
3396 2490 3535 2541 non,

1877 2702 1948 2716 ﬂ

1576 2808 2223 2903 'MONITUM.

363 2983 550 3037 Leonis
584 2981 772 3055 Allatii
800 2993 902 3036 tres
936 2985 1164 3038 ineditas
1193 2985 1478 3049 diatribas,
1513 2986 1585 3041 De
1616 2985 1839 3052 Nicetis,
1862 2989 1935 3043 De
1954 2985 2364 3049 Philonibus,et
2390 2985 2462 3041 De
2489 2986 2817 3052 Theodoris,
2848 3002 3035 3055 magno
3067 2987 3327 3039 desiderio
3360 2989 3537 3055 requi-

284 3052 701 3126 rebarttfruditi
733 3054 964 3126 homines
982 3056 1097 3123 jam
1128 3056 1248 3108 inde
1281 3073 1312 3108 a
1339 3055 1531 3110 Labbei
1559 3067 1607 3111 et
1644 3056 1883 3111 Fabricii
1916 3057 2235 3126 temporibus
2262 3073 2280 3120 ;
2312 3058 2408 3109 alii
2440 3059 2598 3109 etiam
2626 3069 2878 3126 tanquam
2918 3052 3217 3125 deperditus
3248 3052 3543 3115 complora-

283 3125 439 3197 bant.
477 3122 734 3192 Equidem
760 3133 808 3177 et
841 3125 947 3197 ipse
970 3122 1071 3197 non
1102 3126 1258 3197 semel
1296 3143 1383 3179 eas
1423 3143 1968 3197 commemoraveram,
2010 3122 2165 3197 atque
2204 3144 2235 3180 a
2282 3144 2361 3179 me
2388 3129 2648 3197 inspectas
2690 3122 2745 3180 in
2775 3122 3009 3181 auctoris
3048 3127 3250 3180 schedis
3295 3126 3544 3181 Vallicel-

281 3195 451 3255 lanis,
480 3203 781 3267 coeptasque
802 3196 931 3267 adeo
956 3196 1182 3249 describi
1204 3197 1462 3250 dixeram.
1494 3196 1594 3252 Res
1643 3208 1819 3253 tamen
1852 3195 2195 3267 abrupta—diu
2222 3198 2421 3267 jacuit,
2451 3195 2612 3251 donec
2653 3200 2732 3251 vir
2765 3198 3103 3267 doctissimus
3150 3198 3373 3265 mihique
3406 3200 3545 3249 ami-

281 3266 627 3337 cissimustet
658 3262 719 3318 de
742 3262 1018 3337 Catholica
1051 3267 1298 3336 religione
1318 3284 1378 3320 ac
1410 3268 1648 3321 Romana
1684 3268 1919 3323 Ecclesia
1943 3262 2168 3321 maxime
2200 3262 2435 3331 meritus,
2464 3268 2530 3322 Ρ.
2564 3269 2887 3337 Augustinus
2912 3266 3215 3328 Theinerus,
3254 3262 3545 3335 I’hilippini

283 3332 348 3384 in
382 3334 518 3390 Urbe
538 3334 785 3407 Oratorii
816 3336 1085 3405 presbyter
1133 3332 1195 3389 ac
1244 3336 1706 3401 bibliothecatius,
1752 3341 2007 3401 pretiosas
2031 3340 2154 3391 illas
2184 3338 2310 3389 mihi
2340 3339 2556 3391 schedas
2609 3332 2795 3391 Allatii
2836 3338 3185 3407 divulgandas
3238 3332 3493 3390 concessit
3524 3354 3543 3391 :

283 3422 394 3473 quo
423 3406 601 3458 statim
631 3421 842 3458 munere
873 3407 1048 3469 lwtus,
1078 3419 1281 3460 sextum
1311 3408 1405 3461 hoc
1430 3408 1777 3464 Bibliotheca:
1804 3427 1930 3464 mea:
1954 3411 2190 3461 volumen
2214 3410 2575 3461 exornandum
2602 3410 2806 3473 putavi.
2830 3406 2963 3462 Sunt
2990 3406 3085 3460 ha:
3106 3408 3354 3461 diatribte
3384 3424 3543 3459 manu

280 3475 456 3551 ipsius
486 3474 671 3528 Allatii
693 3478 933 3551 nscriptte,
978 3478 1211 3551 minutis
1238 3478 1523 3531 admodum
1568 3479 1760 3551 litteris
1787 3496 1805 3533 :
1843 3491 1892 3534 et
1925 3496 2225 3551 quanquam
2262 3480 2531 3547 exemplar
2562 3474 2707 3532 aliud
2750 3496 2951 3549 quoque
2982 3496 3013 3531 a
3048 3478 3330 3551 recentiore
3384 3494 3542 3530 manu

281 3547 584 3600 confectum
634 3545 854 3619 aderat,
889 3556 1124 3619 attamen
1158 3547 1349 3619 absque
1371 3550 1692 3619 autographa
1722 3551 1908 3604 Allatii
1937 3545 2028 3604 nia:
2080 3545 2265 3602 bonum
2297 3545 2581 3603 editionem
2626 3545 2839 3618 sperare
2867 3545 3134 3619 licuisset.
3199 3548 3380 3618 Neque
3424 3564 3542 3601 vero

283 3630 569 3691 quisquam
601 3616 885 3691 esistimet,
908 3618 1018 3670 sine
1046 3616 1297 3691 ullameo
1330 3616 1513 3691 labore
1532 3616 1625 3672 hoc
1658 3622 1908 3675 editionis
1930 3636 2149 3691 pensum
2184 3621 2348 3689 fuisse
2376 3616 2677 3674 absolutum
2710 3635 2729 3673 :
2768 3622 2958 3673 etenim
2996 3623 3049 3671 in
3081 3616 3542 3691 Nicetis‘prwserf

289 3687 402 3760 tim‘
424 3696 578 3760 atque
607 3684 949 3753 Philonibus,
974 3688 1219 3755 permulti
1271 3689 1398 3741 mihi
1432 3684 1964 3760 libriipervolutandi
1992 3684 2239 3760 fuerunt,
2272 3701 2326 3744 ut
2356 3702 2673 3744 memoratas
2709 3691 2773 3745 ab
2819 3692 3023 3745 Allatio
3061 3684 3426 3751 auctoritates,
3468 3690 3536 3741 ad

280 3755 553 3831 veritatis,
588 3765 773 3831 utpar
799 3768 936 3831 erat,
967 3774 1204 3831 normam
1226 3761 1505 3828 exigerem.
1550 3755 1781 3831 Cumque
1811 3755 2044 3816 Allatius
2070 3763 2260 3830 priscis
2291 3762 2443 3815 libris
2479 3778 2605 3815 usus
2628 3762 2834 3829 fuisset,
2868 3762 3020 3820 nulla
3062 3777 3197 3829 stepe
3235 3760 3543 3829 typograp/u'

281 3835 387 3876 aut
429 3825 531 3902 loci
569 3826 778 3902 adjecta
803 3827 1187 3902 designatione,
1223 3825 1331 3898 qui'
1348 3847 1508 3900 neque
1540 3825 1788 3901 capitulis
1828 3842 1996 3887 essent
2050 3825 2308 3895 distincti,
2338 3849 2497 3902 neque
2527 3825 2650 3885 aliis
2680 3825 2879 3887 critica:
2928 3833 3060 3885 artis
3104 3825 3426 3900 adjmnentis
3454 3825 3543 3881 ine-

280 3897 500 3972 s_tructi,
532 3895 752 3972 multam
774 3914 834 3951 ea
868 3895 945 3952 res
975 3895 1267 3953 molestiam
1292 3895 1656 3968 mihi'creavit,
1688 3920 1777 3958 nec
1809 3919 2099 3972 paucorum
2147 3895 2453 3955 mandarunt
2504 3904 2829 3972 purgationis
2876 3895 3235 3957 necessitatem
3272 3902 3541 3970 imposuit.

283 3964 479 4041 [taque
507 3981 625 4041 non
674 3968 784 4041 sine
838 3972 1065 4035 patiente
1103 3986 1249 4023 mora
1287 3972 1406 4025 dedi
1448 3964 1679 4041 operam,
1729 3986 1786 4028 ut
1809 3964 2011 4027 'citatos
2055 3989 2213 4041 prope
2256 3964 2558 4027 innumeros
2604 3964 2935 4026 Eat/micorum
2984 3981 3075 4024 aut
3116 3964 3546 4026 C'ltristitinorum

280 4036 456 4114 locos,
498 4037 552 4089 in
586 4037 732 4114 ipsis
756 4040 986 4114 [antibus
1046 4036 1507 4114 recognoscerem';
1535 4036 1674 4113 quos
1710 4044 1920 4114 quidem
1953 4036 2123 4097 text—us
2154 4036 2255 4097 non
2290 4059 2412 4095 raro
2451 4045 2706 4097 distortos
2748 4045 2825 4097 vel
2883 4042 3093 4095 mutilos
3148 4042 3225 4114 vel
3271 4043 3543 4114 mendosos

280 4121 403 4159 esse
422 4105 850 4182 depreltendi3‘AEt
880 4110 1029 4182 male_
1046 4105 1280 4180 profecto
1308 4114 1371 4166 de
1398 4105 1682 4167 lectoribus
1712 4105 1840 4168 meis
1876 4116 2160 4168 meriturus
2180 4129 2346 4177 eram,
2390 4114 2436 4167 si
2476 4115 2611 4167 hanc
2644 4123 2906 4182 perpetua:
2944 4113 3312 4180 recognitionis
3337 4112 3540 4167 seduli-

287 4185 457 4254 tatem
484 4180 956 4254 praeter-misissem.
988 4180 1280 4254 Tumrvero
1324 4186 1542 4254 contigit
1590 4197 1644 4237 ut
1687 4202 1781 4254 pro
1830 4186 2045 4246 vetustis
2087 4199 2220 4251 stupe
2263 4192 2311 4236 et
2358 4184 2601 4238 obsoletis
2644 4180 2931 4237 auctorum
2976 4184 3330 4244 editionibus,
3382 4199 3541 4237 novas

286 4245 934 4373 meliqiresquefaudahtl'em
970 4253 1299 4321 postAllatii
1347 4245 1559 4307 curavtas
1593 4245 1828 4320 obilum;
1871 4245 2006 4327 quod
2050 4245 2247 4308 idcirco
2303 4270 2516 4319 moneo,
2569 4272 2631 4308 ne
2674 4255 2790 4324 quis
2836 4255 2973 4323 forte
3010 4254 3391 4325 ἀνιστορησίαν
3438 4254 3543 4306 ιιΙί-

286 4331 430 4373 quan
472 4333 500 4369 ο
528 4334 656 4372 mire
682 4336 765 4372 ur.
858 4337 933 4373 Al.

282 4331 500 4386 quando
528 4331 765 4372 miretur.
804 4331 933 4375 MAI.

366 4428 441 4486 De
465 4431 772 4499 Theodoro,
806 4436 897 4506 qui
922 4446 1105 4506 postea
1138 4438 1418 4509 Gregorius
1439 4442 1764 4512 appellatus,
1795 4442 1865 4497 ob
1898 4447 1940 4503 Β
1968 4442 2110 4496 enim
2144 4456 2382 4512 agerem,
2408 4451 2461 4497 et
2486 4442 2717 4497 illustria
2741 4459 2802 4497 ac
2832 4443 3171 4499 nobilissima
3221 4442 3362 4498 facta
3406 4441 3545 4495 male

285 4524 451 4593 signa
486 4535 645 4594 atque
689 4528 949 4582 miracula
993 4529 1375 4601 Thaumaturgi
1412 4532 1514 4587 sibi
1557 4550 1861 4605 cognomen

280 4616 605 4679 vindicavit,
644 4617 1005 4676 Neoczesarea:
1034 4621 1191 4677 Ponti
1237 4624 1523 4694 episcopo,
1574 4627 1703 4696 quid
1747 4627 1863 4697 ipse

280 4718 414 4779 post
449 4708 707 4764 Basilium
742 4712 993 4782 Magnum
1022 4716 1115 4769 lib.
1160 4715 1231 4770 De
1277 4716 1482 4786 Spiritu
1508 4730 1711 4790 sancto,
1739 4738 1857 4792 cap.

276 4801 383 4865 29,
411 4809 463 4855 et
511 4803 741 4871 epistola
769 4803 907 4870 204,
951 4822 1073 4876 quae
1121 4818 1204 4862 est
1254 4810 1321 4864 ad
1363 4808 1859 4869 Neocaesariensem

278 4891 608 4960 Ecclesium,
640 4893 934 4953 Eusebium
965 4900 1357 4957 Caesariensem
1394 4901 1653 4958 Historia:
1694 4907 1861 4959 eccle-

277 4986 443 5041 siast.
476 4987 616 5043 libro
649 5005 723 5054 vi,
746 5005 867 5060 cap.
895 4991 983 5058 50,
1010 5002 1063 5046 et
1086 4993 1235 5060 alibi,
1261 4995 1516 5050 Ruﬁnum
1542 4996 1857 5067 Aquileien-

275 5092 427 5139 sem,
456 5075 841 5150 Hieronymum
869 5083 920 5135 in
953 5083 1208 5156 Catalogo
1257 5088 1573 5157 scriptorum
1612 5088 1860 5143 ecclesia-

276 5168 572 5236 sticarum,
612 5179 666 5225 et
711 5172 766 5226 in
814 5174 1041 5243 epistola
1077 5176 1142 5230 70
1167 5178 1233 5234 ad
1262 5178 1517 5250 Magnum
1562 5192 1858 5247 oratorem,

276 5260 608 5332 Gregorium
636 5279 829 5333 papam
858 5265 949 5322 lib.
988 5284 1004 5321 ι
1031 5266 1268 5340 Dialog.,
1301 5288 1419 5343 cap.
1450 5273 1498 5338 7,
1526 5273 1857 5343 Cedrenum,

282 5355 541 5421 Suidam,
603 5356 965 5430 Nicephorum
1020 5364 1349 5434 Callistum,
1410 5370 1754 5443 Menologia,
1807 5384 1858 5427 et

278 5446 428 5501 alios
467 5445 578 5517 (I)?
622 5449 751 5519 quid
801 5452 915 5522 ipse
968 5465 1089 5524 post
1128 5456 1428 5529 Nyssenum
1494 5462 1813 5533 Gregorium
1842 5505 1861 5527 ι

278 5538 384 5608 qui
410 5553 529 5605 ejus
561 5539 726 5594 vitam
770 5552 825 5597 et
875 5560 963 5600 res
1012 5558 1191 5616 gestas
1238 5553 1646 5609 accuratissime
1670 5563 1724 5609 et
1774 5555 1857 5609 fa-

277 5629 488 5686 cundia
540 5632 802 5703 singulari
855 5637 1181 5711 descripsit?
1222 5642 1387 5700 Plane
1450 5648 1603 5701 nihil.
1662 5650 1854 5705 Actum

1966 4544 2179 4603 compta
2201 4534 2418 4589 dicendi
2441 4535 2719 4605 loquentia
2749 4536 3124 4591 obscurarem.
3153 4534 3228 4589 De
3253 4536 3373 4604 ejus
3401 4534 3547 4587 nihi-

1966 4631 2205 4686 lomiuus
2240 4632 2459 4702 scriptis
2508 4647 2607 4701 pro
2646 4632 2894 4687 instituto
2923 4647 3044 4686 meo
3073 4631 3277 4700 aliquid
3319 4630 3373 4684 in
3426 4645 3541 4684 me-

1965 4722 2113 4777 dium
2159 4721 2471 4794 proferam;
2519 4738 2659 4792 quas,
2708 4733 2766 4777 ut
2805 4724 2998 4792 potuit,
3035 4724 3197 4778 variis
3243 4739 3273 4778 e
3320 4724 3545 4779 latebris

1966 4812 2173 4878 eduxit,
2194 4823 2249 4868 et
2276 4813 2467 4868 Latine
2497 4830 2677 4879 versa,
2708 4815 2962 4884 notisque
3002 4814 3292 4880 illustrata,
3327 4815 3543 4885 publica

1967 4904 2090 4957 fecit
2121 4904 2327 4973 primus
2354 4904 2627 4960 Gcrardus
2657 4905 2885 4960 Vossius
2919 4906 3211 4979 MOguntia:
3232 4909 3372 4973 ἱππ-4,
3398 4923 3543 4963 anno

1965 4994 2101 5049 1604
2128 5013 2142 5061 ;
2174 4996 2520 5065 postmodum
2554 5012 2699 5052 anno
2736 4997 2894 5065 1622,
2925 5016 3049 5055 cum
3084 5000 3323 5056 Macario
3376 5001 3545 5071 Egy-

1964 5090 2097 5158 ptio,
2142 5097 2195 5142 et
2224 5088 2424 5143 Basilio
2472 5090 2802 5149 Seleuciensi
2845 5095 2988 5152 edita
3036 5106 3166 5151 sunt
3190 5094 3415 5152 Parisiis
3458 5096 3544 5150 in-

1964 5183 2059 5241 f0].

2053 5280 2194 5333 lnter
2235 5278 2380 5334 illius
2428 5296 2590 5350 opera
2626 5282 2857 5338 habetur
2883 5284 3231 5354 Memphi-usis
3269 5287 3322 5339 in
3362 5283 3544 5340 Eccle-

1968 5379 2203 5438 siustem,
2244 5390 2365 5445 qua:
2388 5374 2442 5428 in
2479 5375 2698 5446 Regina:
2725 5379 2947 5441 codice,
2988 5378 3183 5433 litteris
3219 5376 3545 5446 capitalibus

1970 5467 2189 5536 scripto,
2241 5477 2299 5520 ut
2344 5467 2533 5522 scribit
2582 5468 2793 5532 Billius,
2846 5478 2898 5523 et
2931 5470 3178 5539 Gregorii
3214 5467 3545 5521 Nazianzeni

1970 5559 2346 5628 antiquitatem
2400 5570 2678 5628 atquante,
2718 5561 2859 5615 inter
2906 5576 3163 5630 germana
3215 5556 3547 5613 Nazianzeni

1969 5666 2135 5720 opera
2161 5655 2667 5723 numeratur,quod
2696 5654 2831 5707 tanti
2869 5654 3010 5723 apud
3044 5654 3259 5708 Billium
3301 5652 3422 5718 fuit,
3462 5662 3543 5719 ut,

354 5784 435 5856 (Ι)
461 5785 867 5846 Praemittuntur
897 5793 1119 5852 editioni
1156 5795 1445 5856 Parisiaca
1490 5812 1727 5859 veterum
1772 5805 1836 5862 de
1863 5804 2121 5877 Gregorio
2155 5808 2487 5876 testimonia,
2509 5827 2626 5881 quae
2652 5812 2787 5867 vide.
2822 5813 3022 5867 Assur.
3054 5812 3183 5867 Mn.
