3876 6526
425 316 450 371 Ι
460 315 560 368 907

1304 319 1552 375 LEONIS
1591 319 1863 374 ALLATII
1901 319 2046 374 DIA'I
2063 318 2221 374 RIBA
2258 317 2343 372 DE
2383 314 2788 372 THEODORIS.

3510 316 3650 371 19.08
3690 367 3694 371 .

423 452 736 507 quanquam
772 435 1084 491 reclamare!
1114 438 1304 509 styius,
1334 442 1423 507 qui
1453 456 1559 494 non
1590 457 1980 511 usquequaque
2012 448 2051 501 Α
2084 438 2348 493 ἰιιοίῐεηεο
2391 439 2522 506 pede
2569 452 2664 506 per
2715 434 3128 489 Ilellenistarum
3184 449 3448 501 remoras,
3503 437 3648 501 quod

420 527 588 581 refert
634 527 968 581 elaboratum
1023 528 1153 582 illud
1229 537 1282 582 et
1338 529 1705 600 ἀπεξεσμένον
1769 531 1978 585 dicendi

418 634 612 687 genus,
643 619 786 688 quod
825 620 1025 688 passim
1067 621 1120 672 in
1156 619 1480 674 Nazianzcni
1525 622 1741 692 scriptis
1782 623 1975 685 elucet,

416 711 782 765 connexiones
805 713 1190 766 sententiarum
1207 714 1484 783 aliquanto
1511 714 1781 780 duriores,
1803 723 1978 768 trans—

416 801 630 870 itusque
657 803 996 872 abruptiores
1029 823 1042 858 :
1072 805 1214 874 quod
1242 806 1288 860 si
1312 807 1556 875 quaedam
1588 808 1751 861 verba
1801 823 1974 876 quan-

411 891 586 962 doque
617 893 898 948 intertexta
929 893 1181 962 fuissent,
1213 898 1383 951 multo
1410 899 1622 952 mollior
1647 897 1839 953 fuisset
1865 907 1973 952 tota

411 989 700 1037 contextus
740 982 925 1049 facies,
961 985 1252 1054 minusque
1292 986 1476 1042 invitae
1513 987 1650 1041 inter
1681 1002 1739 1042 se
1767 988 1974 1042 coirent

409 1074 732 1128 sententia-3:
775 1075 916 1130 inter
970 1085 1148 1131 tamen
1203 1079 1699 1149 pseudoepigrapha
1739 1077 1970 1132 Nazian-

407 1165 530 1219 zeni
582 1165 724 1221 hanc
770 1167 1200 1224 lucubrationem
1257 1186 1545 1226 numerare
1601 1186 1708 1225 non
1756 1169 1972 1226 dubita-

406 1256 558 1310 verit.
598 1255 698 1310 Dat
745 1267 924 1314 tamen
977 1277 1174 1317 manus
1215 1262 1575 1333 Hieronymo,
1629 1262 1721 1333 qui
1756 1278 1967 1319 omnem

403 1345 754 1403 dubitationis
789 1366 977 1405 ansam
1018 1353 1226 1418 eximit,
1263 1365 1424 1424 atque
1458 1355 1605 1408 hunc
1640 1353 1807 1408 fetum
1839 1369 1968 1408 vero

403 1437 611 1505 parenti
642 1441 856 1495 asserit.
890 1440 1133 1512 Namque
1170 1444 1445 1514 explicans
1468 1445 1595 1500 illud
1625 1445 1967 1502 Ecclesiastm

403 1544 524 1598 cap.
560 1545 632 1594 tv,
671 1530 860 1585 Melior
897 1527 982 1587 est
1013 1552 1142 1605 puer
1179 1553 1396 1605 pauper,
1431 1555 1497 1591 ex
1537 1537 1777 1606 Gregorii
1808 1538 1963 1592 Ponti

401 1620 662 1689 episcopi,
695 1621 940 1692 Origenis
985 1625 1270 1688 auditoris,
1305 1628 1631 1697 metaphrasi
1680 1629 1732 1682 in
1779 1628 1962 1684 Eccle-

400 1709 642 1777 siastem,
669 1714 1058 1780 expositionem
1108 1717 1356 1783 assumit,
1389 1719 1649 1772 verbatim
1699 1720 1959 1789 digestam

2087 540 2273 584 nostro
2301 529 2384 584 vel
2420 530 2472 582 in
2517 526 2707 596 primis
2743 525 2913 590 deest,
2956 532 3009 577 et
3053 523 3423 594 significanter
3461 522 3648 578 (ἔταξε-ε

2083 637 2268 690 aequor
2295 621 2397 674 hoc
2428 619 2667 674 decurrit
2693 637 2704 671 :
2737 618 2810 670 ita
2843 626 2901 670 ut
2929 615 3198 670 lubentius
3224 615 3481 670 nonnulla
3509 631 3646 685 pra:-

2084 713 2344 768 termittat
2411 714 2596 784 ρήσεις
2634 711 2799 771 enim,
2845 708 2989 778 quod
3029 723 3136 762 non
3184 709 3376 778 probo,
3421 709 3645 778 integrae

2081 805 2482 875 desiderantur)
2512 819 2679 874 quam
2714 811 2773 856 ut
2816 816 2924 854 non
2957 808 3276 861 connectat,
3302 813 3425 853 cum
3458 810 3642 854 tamen

2081 898 2206 952 alibi
2245 895 2516 961 nonnihil,
2548 896 2796 964 quamvis
2840 908 3109 962 nusquam
3157 902 3310 946 extra
3364 892 3514 962 leges
3545 907 3641 960 pa-

2082 988 2412 1058 raphraseos
2457 986 2694 1041 insistat.
2748 985 2941 1039 Veram
2988 985 3301 1039 brevitatem
3347 985 3534 1048 enim,
3587 993 3642 1038 ut

2073 1083 2186 1152 jam
2222 1079 2357 1143 dixi,
2403 1079 2460 1133 in
2504 1078 2608 1132 hoc
2658 1092 2852 1148 genere
2902 1077 3156 1131 amabant
3195 1085 3426 1139 teteres,
3465 1094 3486 1127 ι
3528 1086 3636 1131 etc.

2077 1171 2250 1241 Hujus
2281 1169 2636 1240 metaphrasis
2683 1176 2792 1224 tres
2833 1169 3062 1237 vulgatae
3102 1178 3228 1223 sunt
3269 1167 3470 1223 Latinae
3516 1169 3637 1223 edi-

2077 1264 2270 1318 tiones.
2309 1261 2490 1316 Prima
2517 1261 2740 1316 Joannis
2773 1259 3192 1331 (Ecolampadii,
3233 1269 3344 1315 tum
3375 1261 3636 1316 monachi

2075 1355 2387 1425 Brigittani,
2437 1355 2575 1409 inter
2631 1353 3154 1423 Ortliodoxographa,
3211 1351 3431 1409 Basilea:
3482 1368 3637 1408 anno

2285 1446 2530 1502 Secunda
2574 1445 2879 1516 Woll‘gangi
2919 1445 3147 1500 Musculi
3195 1460 3318 1499 cum
3363 1445 3636 1500 orationi-

2071 1537 2174 1592 bus
2221 1536 2546 1591 Nazianzeni
2600 1553 2630 1592 a
2691 1536 2956 1592 Bilibaldo
3008 1536 3366 1608 Pyrkeymero
3429 1538 3632 1592 versis.

2072 1627 2254 1682 Tertia
2289 1627 2494 1684 Jacobii
2525 1628 2685 1694 Billii,
2715 1626 2900 1682 Sancti
2927 1626 3207 1683 Michaelis
3235 1628 3289 1682 in
3317 1643 3501 1682 eremo
3535 1628 3632 1682 ab-

2069 1719 2228 1785 batis,
2258 1736 2378 1789 qua:
2411 1719 2636 1775 Lutetiae
2671 1719 2869 1790 prodiit
2901 1733 3042 1773 anno
3084 1719 3243 1784 1585,
3281 1730 3334 1774 et
3362 1736 3506 1789 quae,
3551 1720 3631 1774 ul.

400 1801 452 1854 in
485 1802 645 1870 hujus
665 1807 1015 1874 metaphrasi,
1049 1823 1167 1878 cap.
1197 1825 1268 1862 tv.
1299 1809 1478 1875 Quare
1499 1811 1630 1864 nulli
1662 1812 1884 1866 dubium
1911 1811 1962 1865 in
1998 1809 2036 1862 Β
2067 1820 2190 1879 pote
2218 1811 2426 1866 lidelior
2450 1819 2503 1866 et
2541 1811 2857 1882 elegantior,
2892 1826 2920 1864 a
2954 1811 3194 1867 Gerardo
3227 1809 3424 1866 Vossio
3463 1821 3630 1866 ante-

397 1902 671 1962 posterum
712 1895 892 1961 fuerit,
927 1914 1113 1954 verum
1159 1902 1304 1956 illius
1345 1884 1620 1959 auctorem
1665 1903 1953 1959 Neocaesa-

397 1990 627 2042 riensem
660 2004 778 2045 esse
825 1990 1163 2063 Gregorium.
1195 1993 1349 2060 Quod
1392 2005 1570 2051 autem
1617 1994 1956 2050 Nazianzeno

395 2093 612 2148 quoque
641 2081 871 2150 ascripta
912 2083 1094 2149 fuerit,
1125 2100 1414 2139 commune
1454 2100 1652 2140 nomen
1701 2086 1756 2139 in
1790 2101 1953 2139 causa

396 2167 514 2233 l'uit,
543 2171 688 2239 quod
725 2171 1034 2242 frequenter
1060 2175 1115 2229 in
1143 2176 1295 2231 libris
1322 2176 1704 2232 ecclesiasticis
1733 2177 1949 2241 accidit,

391 2268 446 2314 et
487 2261 719 2315 aliorum
760 2264 1008 2333 exemplo
1049 2265 1263 2334 probat.
1305 2265 1362 2320 In
1395 2267 1581 2322 codice
1631 2267 1759 2322 item
1805 2266 1952 2322 Vati-

390 2368 528 2408 cano
549 2353 651 2409 479
675 2356 1057 2424 antiquissimo
1080 2367 1132 2412 et
1165 2359 1379 2427 optimae
1406 2368 1565 2424 notae,
1607 2360 1660 2414 in
1690 2375 1800 2429 quo
1827 2376 1948 2415 cum

389 2446 512 2501 aliis
537 2445 858 2502 Nazianzeni
901 2450 1154 2519 operibus
1187 2451 1300 2506 haec
1345 2467 1563 2520 quoque
1594 2451 1950 2521 metaphrasis

389 2539 564 2595 locum
597 2541 779 2608 habet,
813 2541 866 2596 in
897 2543 1141 2613 margine
1174 2544 1459 2598 scribitur:
1493 2545 1686 2599 ’ἰστέον
1709 2547 1789 2598 ὅτι
1810 2547 1950 2600 κατά

386 2649 534 2697 τινας
584 2634 614 2686 ὁ
647 2632 802 2702 λόγος
839 2625 993 2697 οὗτος
1027 2633 1436 2704 ἀμφιϐάλλεται.
1481 2657 1498 2688 ‹
1549 2635 1834 2692 Sciendum
1868 2649 1949 2692 est

388 2727 527 2796 apud
574 2728 865 2782 nonnullos
911 2727 1056 2782 hunc
1101 2727 1299 2783 librum
1350 2729 1404 2783 in
1446 2729 1669 2783 dubium
1727 2730 1881 2785 verti.
1922 2749 1940 2782 ι

387 2816 500 2873 Hoc
525 2819 664 2872 idem
699 2820 859 2874 etiam
887 2820 1082 2890 legitur
1118 2820 1171 2874 in
1213 2821 1320 2876 alio
1352 2836 1450 2876 nec
1495 2823 1941 2887 minusveiusto,

387 2924 485 2965 nec
512 2911 694 2966 minus
721 2912 966 2982 elegante
1009 2913 1195 2968 codice
1227 2912 1386 2968 1446.
1427 2913 1531 2967 Alii
1559 2929 1616 2968 se
1647 2914 1778 2970 satis
1814 2930 1944 2983 pro-

384 2997 542 3053 basse
590 3011 808 3068 putant,
852 3018 915 3058 ac
962 3003 1266 3059 vindicasse
1304 3003 1743 3075 'l‘haumaturgo,
1787 3006 1941 3060 testi-

383 3092 568 3146 monio
617 3093 795 3148 Rufini
825 3136 840 3155 .
893 3094 1239 3168 Hieronymi,
1297 3095 1508 3156 Suidaa.
1554 3098 1645 3166 qui
1697 3097 1938 3152 scribunt

2062 1904 2166 1958 lata
2188 1904 2409 1973 reliquis
2433 1914 2534 1960 est.

2131 1993 2438 2050 Orationem
2471 1996 2679 2051 tertiam
2730 1992 2783 2048 in
2826 1993 3331 2056 Aununtiationem,
3370 2009 3490 2063 qua:
3543 1994 3627 2047 in-

2059 2086 2208 2155 cipit,
2232 2089 2400 2145 Πάλιν
2419 2089 2591 2158 χαρᾶς
2610 2084 2918 2154 εὐαγγέλια,
2947 2085 3050 2140 sub
3076 2084 3322 2153 Gregorii
3348 2083 3627 2138 Thauma-

2058 2177 2201 2246 turgi
2250 2177 2468 2231 nomine
2498 2178 2576 2230 ait
2650 2174 2875 2230 Vossius
2924 2188 2985 2229 se
3026 2175 3300 2231 invenisse
3331 2185 3457 2246 post.
3487 2177 3626 2232 alias

2057 2267 2194 2323 duas
2220 2268 2490 2323 orationes
2517 2266 2759 2337 ejusdem
2803 2267 3042 2322 auctoris
3067 2267 3133 2321 de
3161 2267 3348 2322 eadem
3389 2268 3624 2321 Annuu-

2057 2359 2284 2415 tiatione
2309 2361 2478 2414 beatae
2503 2359 2682 2413 Mariae
2698 2357 2936 2430 Virginis
2953 2361 3005 2414 in
3023 2358 3408 2429 antiquissimo
3431 2359 3624 2414 Graeco

2054 2451 2327 2505 volumine
2351 2466 2455 2505 ms.
2507 2449 3021 2520 Cryptoi‘erratensis
3063 2450 3441 2512 bibliothecae;
3475 2450 3621 2504 aliir-

2057 2553 2292 2613 matque,
2317 2543 2362 2597 si
2393 2550 2644 2596 contenta
2669 2542 2754 2598 hic
2784 2544 3182 2606 examinentur,
3217 2542 3470 2598 eamdem
3497 2556 3618 2597 cum

2053 2634 2480 2704 praecedentibus
2507 2633 2847 2688 orationibus
2864 2634 3169 2690 doctrinam
3199 2632 3426 2695 referre,
3449 2633 3615 2702 phra-

2052 2729 2154 2782 sim
2192 2739 2352 2797 atque
2385 2728 2725 2792 sententiam,
2774 2727 2947 2796 elogia
2986 2725 3146 2795 plane
3187 2723 3409 2784 similia,
3444 2735 3502 2777 et
3533 2739 3616 2778 res

2049 2823 2288 2877 easdem.
2318 2819 2454 2875 Hinc
2481 2835 2538 2875 se
2579 2819 2764 2874 mirari
2807 2820 2954 2872 illam
2991 2819 3092 2874 sub
3137 2817 3359 2872 nomine
3386 2815 3615 2870 Joannis

2047 2912 2422 2983 Chrysostomi
2452 2911 2518 2964 ab
2550 2910 2768 2982 Aloysio
2801 2911 3099 2980 Lipomano
3137 2909 3191 2964 in
3229 2907 3367 2962 Vitis
3398 2917 3612 2961 sancto-

2048 3020 2164 3056 rum
2185 3004 2485 3072 evulgatam
2524 3000 2714 3067 fuisse,
2743 3017 2806 3057 ac
2840 2999 3140 3070 praasertim
3172 3013 3297 3054 cum
3327 2997 3612 3067 interiecta

2049 3097 2135 3151 illa
2167 3096 2554 3168 Chrysoslomo
2595 3097 2812 3166 indigna
2865 3095 3185 3159 assertione,
3225 3110 3335 3164 qua
3387 3093 3610 3163 Josephi

383 3183 845 3256 Thaumaturgum
885 3191 937 3240 in
973 3161 1357 3257 Ecclesiastem
1393 3161 1779 3258 metaphrasim
1823 3187 1940 3242 edi-
1969 3161 2009 3216 δ
2043 3161 2328 3258 virginitas
2363 3161 2738 3256 impugnatur-
2759 3194 2813 3239 et
2852 3184 3076 3240 tollitur.
3120 3161 3399 3250 Quidquid
3439 3161 3608 3236 sitide

379 3278 540 3333 disse.
569 3278 637 3332 At
659 3294 818 3348 quam
847 3279 917 3334 sit
947 3295 1171 3350 parvum
1195 3296 1502 3352 vanumque
1527 3283 1630 3338 hoc
1652 3296 1942 3352 argumen-

376 3375 509 3430 tum,
565 3367 694 3422 satis
745 3379 965 3432 norunt,
1023 3369 1114 3439 qui
1158 3371 1337 3425 sciunt
1391 3372 1631 3426 diversos
1682 3386 1824 3440 saepe
1878 3385 1943 3425 ac

373 3459 551 3514 varios
603 3461 889 3530 scriptores
917 3463 982 3516 de
1011 3463 1195 3518 eadem
1231 3478 1288 3517 re
1343 3465 1531 3518 eodem
1588 3464 1742 3518 titulo
1791 3463 1942 3516 lucu-

372 3549 577 3604 brasse.
623 3550 843 3621 Scripsit
869 3553 922 3606 in
945 3553 1319 3608 Ecclesiastem
1344 3556 1722 3625 metaphrasim
1762 3556 1942 3609 Thau-

371 3650 682 3712 maturgus;
738 3658 898 3696 nemo
950 3644 1002 3697 id
1043 3654 1250 3714 negat:
1297 3661 1423 3716 ergo
1472 3647 1587 3700 haec
1632 3647 1938 3715 metaphra-

371 3730 446 3785 sis
495 3731 551 3784 in
596 3731 984 3792 Ecclesiastem.
1025 3733 1410 3812 Thaumaturgi
1461 3745 1576 3799 est;
1627 3737 1760 3790 illud
1807 3752 1936 3792 vero

368 3822 818 3892 probandumest
845 3825 1014 3894 prius,
1041 3826 1247 3880 nullum
1274 3827 1435 3881 alium
1469 3829 1850 3897 metaphrasim
1880 3829 1934 3884 in

370 3908 750 3964 Ecclesiastem
795 3912 1099 3982 scripsisse.
1150 3913 1252 3970 Sed
1285 3916 1409 3987 quis
1449 3916 1500 3970 id
1545 3917 1792 3986 probabit
1823 3935 1926 3973 un-

367 4002 570 4066 quam?
598 4001 665 4056 Et
698 4013 874 4059 tamen
912 4005 1115 4075 aliquid
1159 4007 1211 4060 in
1251 4008 1352 4063 hac
1394 4024 1451 4064 re
1492 4018 1594 4076 est,
1633 4011 1926 4080 scriptores

366 4092 576 4147 tradere
607 4091 1068 4166 Thaumaturgum
1107 4099 1491 4168 metaphrasim
1554 4101 1608 4155 in
1658 4101 1926 4158 Ecclesia-

363 4189 500 4236 stem
543 4185 844 4253 scripsisse,
889 4204 1011 4243 cum
1057 4189 1238 4244 nullus
1264 4191 1330 4246 de
1359 4191 1720 4261 Nazianzeno,
1767 4196 1923 4265 cujus

362 4271 564 4342 scripta
586 4276 827 4330 omnium
866 4277 974 4332 fere
995 4281 1228 4334 examini
1257 4283 1478 4338 subacta
1511 4294 1661 4351 sunt,
1697 4286 1746 4340 id
1771 4303 1921 4342 asse-

359 4371 464 4417 rat.
498 4362 637 4418 Sunt
670 4366 852 4436 itaque
885 4382 1079 4438 przeter
1101 4371 1337 4438 Billium,
1367 4383 1421 4429 et
1451 4376 1540 4428 alii
1567 4378 1916 4445 recentiores,

2039 3277 2304 3343 doctrina,
2335 3294 2456 3348 qua:
2486 3277 2750 3332 cathoiica
2765 3285 2846 3332 est
2883 3284 2934 3329 et
2965 3276 3084 3329 aliis
3113 3275 3321 3328 sanctis
3353 3273 3605 3327 Patribus

2039 3370 2197 3438 plane
2236 3369 2574 3436 communis;
2611 3375 2665 3422 et
2691 3368 2756 3422 de
2785 3367 3085 3422 assertione
3123 3365 3236 3431 illa,
3274 3379 3442 3434 quam
3478 3363 3598 3416 Vos-

2036 3461 2149 3515 sius
2179 3459 2452 3530 indignam
2478 3460 2627 3514 ducit
2650 3459 3052 3530 Chrysostomo,
3084 3464 3136 3511 et
3152 3471 3315 3525 quam
3339 3470 3445 3509 nos
3474 3455 3606 3508 alias

2035 3550 2091 3604 in
2144 3559 2334 3604 nostro
2388 3549 2674 3604 Eustatbio
2720 3548 3057 3603 Antiocheno
3115 3547 3592 3615 impugnavimus;

2033 3641 2281 3711 equidem
2312 3640 2456 3710 quod
2481 3640 2545 3695 de
2569 3639 2981 3710 phrasi,elogiis
3009 3647 3061 3693 et
3089 3637 3379 3692 sententiis
3411 3636 3598 3690 iisdem

2032 3733 2218 3796 tradit,
2255 3747 2419 3788 merce
2455 3747 2614 3801 nugae
2647 3740 2794 3787 sunt.
2849 3728 3055 3784 Rudior
3087 3739 3168 3783 est
3202 3727 3600 3795 Thaumaturgi

2030 3827 2340 3882 indicendo
2374 3840 2635 3880 numerus
2664 3833 2828 3894 atque
2868 3821 3159 3886 austerior,
3195 3831 3248 3876 et
3278 3821 3602 3891 compositio

2029 3918 2388 3987 circumplexa
2424 3933 2488 3972 ac
2520 3916 2632 3971 fere
2665 3916 2864 3980 soluta,
2893 3914 3226 3985 metaphoris
3263 3913 3598 3984 reliquisque

2031 4009 2214 4078 ﬁguris
2242 4007 2498 4062 oratoriis
2526 4008 2693 4073 nuda,
2726 4006 3012 4062 sententiae
3055 4006 3383 4069 severiores,
3417 4005 3599 4060 mode-

2025 4102 2248 4166 stiores,
2270 4100 2642 4155 meditatiores
2662 4115 2674 4150 :
2695 4109 2749 4152 at
2770 4099 2822 4151 in
2852 4099 2951 4152 hac
2973 4099 3598 4178 oratione,quemadmo-

2022 4193 2150 4246 dum
2181 4202 2234 4246 et
2258 4193 2310 4245 in
2331 4192 2556 4261 reliquis
2575 4191 2807 4256 duabus,
2835 4200 3026 4244 auctor
3051 4191 3215 4244 veluti
3245 4191 3432 4259 pullus
3462 4192 3590 4246 sub-

2021 4283 2230 4338 sultans
2270 4283 2466 4338 laxatis
2500 4283 2744 4346 habenis,
2797 4282 3071 4337 adscititio
3119 4293 3317 4337 ornatu
3367 4283 3589 4349 nobilis,

2019 4373 2258 4443 undique
2290 4389 2385 4442 per
2417 4389 2638 4442 campos
2677 4388 2973 4430 excurrens
3033 4383 3269 4444 nugatur
3310 4384 3362 4429 et
3406 4376 3541 4428 ludit
3573 4391 3586 4426 :

357 4450 452 4552 qui
484 4449 682 4552 dictam
718 4457 1116 4542 metaphrasim.
1146 4461 1355 4528 parenti
1394 4466 1611 4532 proprio
1664 4468 1914 4534 reddunt,
1951 4498 1991 4552 D
2021 4465 2174 4533 quasi
2203 4481 2265 4518 ex
2301 4466 2596 4534 improviso
2629 4465 2852 4532 diceret,
2893 4482 2991 4520 sua
3035 4467 3286 4519 enuntiat
3340 4468 3590 4521 homoto-

356 4540 542 4597 Sixtus
568 4541 824 4603 Senensis
853 4549 904 4602 in
931 4540 1274 4618 Bibliotheca,
1305 4554 1572 4611 Antonius
1589 4556 1916 4616 Possevinus

352 4633 406 4686 in
434 4634 727 4704 Apparatu,
765 4641 819 4694 in
867 4640 1114 4711 Gregorio
1163 4643 1506 4699 Nazianzeno
1553 4656 1603 4702 et
1667 4648 1914 4720 Gregorio

353 4721 773 4800 Thaumaturgo,
809 4743 863 4786 et
911 4733 964 4786 in
1000 4733 1254 4791 Bibliotlt.
1297 4737 1506 4800 selecto,
1557 4739 1652 4794 lib.
1701 4757 1758 4804 n,
1791 4757 1910 4812 cap.

351 4814 452 4879 i5;
485 4815 686 4874 Fronto
713 4821 940 4879 Ducazus
969 4825 1021 4878 in
1065 4828 1205 4882 notis
1235 4828 1298 4882 ad
1330 4830 1572 4884 eamdem
1606 4835 1913 4902 metaphra-

347 4909 471 4972 sim,
507 4908 867 4970 Bellarminus
917 4916 989 4969 De
1033 4920 1374 4988 scriptoribus
1426 4921 1818 4988 ecclesiasticis,
1857 4937 1910 4982 et

345 5003 587 5057 omnium
623 5016 931 5074 postremus
972 5009 1154 5065 Daniel
1203 5011 1459 5070 Heinsius
1489 5016 1540 5069 in
1597 5017 1906 5072 Aristarcho

309 5086 514 5157 ,‘sacro,
566 5111 685 5165 cap.
734 5099 831 5171 H.
868 5119 885 5151 ι
935 5103 1251 5157 Venerabile
1296 5107 1655 5176 antiquitatis,
1706 5110 1902 5180 inquit,

345 5194 753 5240 monumentum
800 5188 1043 5260 Gregorii
1105 5190 1562 5251 Neocaesariensis
1614 5199 1668 5251 in
1716 5199 1902 5252 Eccle-

339 5274 550 5328 siastem
582 5288 758 5332 exstat
784 5282 1323 5353 paraphrasis,quam
1347 5303 1493 5343 nunc
1528 5292 1901 5360 metaphrasim

339 5360 659 5420 inscribunt.
700 5367 864 5424 Multa
899 5372 970 5426 ibi
1021 5381 1162 5428 terse
1206 5389 1270 5429 ac
1320 5377 1487 5445 polite
1538 5381 1896 5449 explicantur,

338 5468 511 5522 neque
558 5457 702 5512 aliud
747 5469 852 5514 tam
891 5463 965 5516 illi
1006 5479 1150 5519 cura:
1194 5464 1316 5532 fuit,
1361 5483 1525 5536 quam
1575 5473 1722 5539 quod
1767 5488 1894 5541 pro-

334 5543 507 5610 prium
535 5557 618 5600 est
655 5553 1045 5620 paraphrasim,
1081 5565 1139 5608 ut
1170 5557 1222 5608 in
1262 5558 1464 5626 scripto
1497 5560 1894 5617 obscurissimo

332 5635 742 5705 connexionem,
792 5659 885 5698 seu
933 5645 1030 5716 τὴν
1079 5647 1432 5718 ἀλληλουχίαν
1476 5649 1890 5718 demonstraret,

329 5725 470 5792 quod
516 5737 568 5782 et
615 5729 844 5787 feliciter
873 5736 1190 5807 plerumque
1245 5747 1529 5796 assecutus
1565 5752 1665 5798 est.
1707 5744 1889 5814 Itaque

2019 4559 2211 4626 ptetis,
2240 4569 2292 4611 et
2344 4558 2799 4624 liommoteleutis,
2831 4568 2881 4614 et
2913 4559 3170 4614 omnibus
3211 4559 3354 4622 aliis,
3387 4560 3587 4630 quibus

2017 4650 2229 4704 dicendi
2261 4667 2431 4720 genus
2480 4653 2888 4724 panegyricum,
2921 4651 3123 4708 Grmcis
3171 4653 3464 4708 admodum
3499 4654 3584 4707 fa-

2015 4745 2225 4798 miliare
2248 4743 2301 4797 in
2336 4745 2496 4800 rebus
2536 4745 2872 4815 hujusmodi,
2910 4755 3096 4800 scatet.
3129 4745 3352 4813 Confer,
3387 4750 3577 4809 lector,

2013 4851 2174 4889 unam
2228 4838 2480 4906 paginam
2540 4837 2856 4909 Gregoriani
2900 4839 3397 4909 prosphonematici
3449 4856 3576 4895 cum

2010 4925 2190 4990 dictis,
2225 4935 2277 4979 et
2303 4927 2460 4996 plane
2504 4928 2796 4984 discrimen
2828 4946 3121 5000 agnosces,
3157 4931 3211 4983 ni
3239 4946 3420 4986 caecus
3454 4947 3580 4987 esse

2009 5016 2266 5069 volueris.
2304 5015 2369 5070 Et
2411 5033 2542 5073 sane
2579 5023 2997 5090 prosphonetica
3035 5023 3124 5078 illa
3174 5023 3242 5077 ad
3281 5021 3576 5095 Origenem

2006 5107 2169 5171 dicta,
2199 5124 2321 5163 cum
2354 5119 2664 5164 versaretur
2697 5111 2748 5164 in
2778 5113 3078 5169 laudatorio
3097 5131 3312 5185 genere,
3349 5116 3576 5170 ﬂoribus

2005 5200 2317 5270 huiusmodi
2352 5201 2586 5274 inspergi
2611 5207 2937 5275 quandoque
2971 5208 3258 5277 debuerat;
3287 5211 3356 5264 ad
3379 5210 3567 5277 Orige-

2004 5307 2126 5344 nem
2165 5293 2509 5360 potissimum
2541 5295 2746 5361 habita,
2774 5299 2866 5367 qui
2900 5300 2952 5352 in
2995 5300 3266 5357 similibus
3297 5311 3569 5369 versatus,

2000 5397 2030 5434 a
2068 5382 2284 5446 talibus,
2322 5398 2442 5438 cum
2484 5401 2544 5441 se
2588 5388 2803 5443 oll‘erret
2845 5391 3082 5456 occasio,
3118 5407 3224 5447 non
3278 5393 3565 5448 abstinuit.

2003 5473 2105 5526 Sed
2143 5476 2344 5544 respuit
2385 5477 2501 5531 haec
2543 5493 2790 5534 severum
2826 5480 3216 5554 Thaumaturgi
3261 5485 3564 5555 ingenium,

1996 5576 2048 5620 et
2081 5566 2248 5622 voluit
2281 5569 2452 5638 magis
2487 5585 2608 5624 esse
2662 5587 2825 5640 quam
2859 5573 3051 5637 videri,
3091 5575 3309 5631 virtutis
3333 5586 3387 5630 et
3421 5577 3562 5630 sim-

1996 5656 2251 5724 plicitatis
2283 5667 2513 5712 amator.
2541 5656 2707 5728 quue
2730 5660 2865 5714 adeo
2893 5677 3074 5716 verum
3098 5670 3204 5729 est,
3230 5673 3290 5718 ut
3317 5663 3560 5718 Vincen-

1994 5748 2105 5802 tius
2142 5747 2458 5814 liiccardus,
2483 5749 2566 5804 vir
2584 5750 2743 5806 rebus
2776 5753 2860 5809 his
2891 5754 3266 5813 examinandis
3298 5755 3558 5813 assiduus
