3876 6502
108 336 129 389 Ξ
139 335 251 391 209

964 328 1212 385 LEONIS
1251 328 1524 384 ALLATII
1588 328 1909 384 DIATRIBA
1948 330 2035 384 DE
2072 329 2477 387 THEODORIS.

3200 337 3334 394 1210

104 458 161 503 et
217 446 523 519 perspicax,
576 446 629 499 in
687 445 1077 499 commentario
1123 445 1189 499 ad
1236 455 1444 500 sextam
1503 447 1671 501 sancti
1705 451 1749 507 Α
1778 446 2049 504 siensibus
2070 448 2400 506 editionibus
2435 449 2787 505 adornantur.
2814 450 2923 507 Nec
2944 453 3190 511 exhausti
3208 466 3337 515 sunt

105 542 287 597 Procli
340 541 662 605 orationem,
708 538 1077 593 testimonium
1122 554 1187 593 ex
1235 540 1503 605 secunda,
1553 556 1673 611 quae

106 632 300 701 incipit
323 629 574 703 ξἘορτάς
598 631 694 700 μὲν
722 629 935 693 ἁπάσας
956 629 1047 682 καὶ
1065 628 1355 701 ὑμνῳδίας,
1378 630 1671 698 adducens,

106 727 407 782 asseruerit
436 741 450 778 :
486 741 505 775 ι
543 721 805 789 Quamvis
842 736 1188 791 summopere
1221 723 1438 790 ambigo
1474 734 1527 777 et
1564 723 1673 778 haz-

105 833 225 880 reo,
265 832 332 871 an
360 832 547 871 revera
566 812 808 884 Gregorii
838 796 1229 885 Thaumaturgi
1265 815 1439 869 sitilla
1473 817 1670 872 oratio.

103 909 284 964 Dictio
312 909 457 963 enim
505 908 620 976 ipsa
667 906 879 960 videtur
924 906 1104 976 potius
1153 907 1326 962 sancti
1376 905 1575 974 Procli,
1619 915 1674 961 et

102 1000 391 1056 sententia:
412 1000 464 1052 in
490 1014 548 1054 ea
578 998 821 1068 plurimae
845 997 1050 1063 insunt,
1085 1014 1204 1068 quae
1234 1000 1510 1068 conceptis
1544 1015 1669 1053 ver-

102 1092 192 1147 bis
214 1101 343 1146 snnt
370 1092 423 1144 in
452 1092 698 1146 oratione
728 1092 901 1161 prima
925 1089 1126 1156 Procli,
1155 1100 1205 1145 et
1237 1091 1519 1144 innumera
1544 1090 1669 1156 alia,

102 1195 230 1248 quae
262 1180 314 1233 in
347 1179 469 1235 aliis
500 1178 675 1234 Procli
703 1179 1041 1234 orationibus
1069 1178 1446 1242 oﬁ‘enduntur;
1484 1188 1538 1232 et
1564 1178 1673 1233 fre-

101 1288 283 1340 quens
314 1271 450 1324 adeo
480 1271 691 1325 iteratio
733 1271 882 1325 vocis
914 1269 1184 1337 θεοτὸχου,
1224 1271 1439 1325 videtur
1480 1256 1671 1325 Nesto-

101 1362 250 1413 rium
284 1360 559 1429 impetere.
590 1379 607 1411 ι
644 1359 709 1413 Et
740 1359 880 1414 infra
908 1376 920 1412 :
961 1378 979 1410 ι
1011 1358 1256 1415 Imitatus
1287 1373 1510 1416 sanctus
1539 1359 1671 1415 Pro-

101 1454 227 1506 clus
277 1463 523 1508 sanctum
575 1451 893 1524 Gregorium
931 1452 1397 1523 Thaumaturgum
1444 1452 1496 1506 in
1543 1468 1669 1506 ora—

105 1532 257 1599 tione
293 1544 529 1598 secunda
578 1542 645 1597 de
674 1542 1124 1605 Annuutiatione,
1154 1544 1199 1598 si
1233 1545 1396 1599 modo
1435 1543 1555 1613 ejus
1588 1554 1670 1600 est

106 1636 199 1689 illa
228 1636 426 1691 oratio.
471 1655 489 1688 ι
523 1634 634 1692 Nos
659 1637 711 1690 in
738 1637 965 1706 epistola
1002 1638 1066 1690 ad
1100 1634 1385 1691 Nihusium
1418 1635 1485 1691 de
1518 1636 1672 1690 litur-

100 1729 191 1797 gia
222 1728 397 1783 sancti
444 1726 631 1783 Jacobi
672 1729 923 1797 apostoli,
971 1727 1037 1782 de
1084 1728 1233 1782 vocis
1275 1726 1524 1780 θεοτόκου
1566 1742 1667 1781 usu

96 1792 271 1873 etiam
320 1830 446 1874 ante
490 1792 820 1884 Nestorium,
862 1792 1119 1873 nonnulla
1159 1818 1459 1872 attulimus.
1497 1815 1669 1884 Quid-
1703 1792 1742 1845 Β

96 1912 233 1981 quid
284 1919 462 1965 tamen
506 1912 595 1977 sit,
650 1912 861 1965 tertiam
907 1927 1049 1966 unus
1094 1919 1302 1964 tantum
1351 1910 1517 1964 codex
1562 1924 1667 1963 ms.

93 2006 229 2059 licet
252 2004 671 2074 antiquissimus
697 2003 1103 2074 Thaumaturgo
1129 2003 1396 2069 attribuit,
1429 2001 1671 2073 atChry-

94 2105 347 2149 sostomo
382 2103 621 2161 centum,
658 2112 757 2150 nec
791 2096 972 2150 minus
1019 2094 1263 2163 antiqui;
1307 2095 1536 2164 ideoque
1570 2094 1671 2149 sub

92 2186 176 2240 Ch
186 2187 477 2257 rysostomi
491 2186 707 2239 nomine
722 2195 773 2239 et
792 2185 1042 2255 Augusta:
1057 2185 1124 2238 ab
1141 2182 1446 2258 llmschelio
1466 2182 1667 2250 Grazce,

93 2288 150 2331 et
188 2277 257 2330 ab
283 2277 405 2331 aliis
432 2277 574 2330 edita
605 2284 703 2331 est.
738 2274 810 2330 De
841 2275 1183 2331 sermonibus
1208 2275 1261 2329 in
1288 2274 1672 2328 Annuntialio-

94 2384 227 2422 nem
262 2378 317 2422 ct
350 2367 757 2438 Theophaniam
811 2366 1173 2433 Dominicam,
1210 2376 1269 2421 ut
1309 2369 1469 2422 etiam
1505 2368 1571 2422 de
1600 2368 1669 2420 li-

90 2460 245 2514 bello
275 2459 349 2514 De
372 2460 548 2513 anima
583 2460 648 2514 ad
683 2459 989 2525 Talianum,
1019 2459 1151 2512 nihil
1195 2459 1329 2513 certi
1360 2474 1417 2513 se
1464 2458 1666 2513 habere

90 2551 295 2605 scribit
324 2550 680 2607 Bellarminus
715 2570 728 2606 :
765 2570 783 2603 ι
815 2568 938 2606 cum
967 2567 1066 2606 nec
1082 2560 1288 2605 veteres
1314 2551 1506 2605 horum
1538 2566 1668 2621 ope-

92 2659 225 2696 rum
265 2643 642 2709 meminerint;
680 2659 855 2712 neque
878 2653 1061 2697 tamen
1084 2642 1332 2697 convinci
1364 2643 1555 2712 possit,
1575 2658 1670 2698 eos

87 2750 221 2789 esse
245 2735 622 2805 supposititios
656 2754 668 2802 ;
704 2754 721 2787 ι
754 2744 807 2789 et
839 2736 941 2789 hoc
963 2735 1163 2805 probis
1199 2736 1398 2800 tribus,
1428 2735 1512 2788 vel
1535 2750 1670 2804 qua-

90 2836 228 2879 tuor
262 2828 626 2895 orationibus,
658 2826 1015 2896 conjectantlo
1053 2827 1236 2897 potius
1271 2843 1436 2896 quam
1478 2828 1668 2882 decer-

88 2919 305 2974 nendo.
330 2918 576 2991 Namque
601 2937 706 2976 non
738 2922 940 2976 absone
969 2921 1094 2990 quis
1120 2920 1341 2987 dixerit,
1376 2935 1667 2990 argumen-

89 3020 216 3064 tum
247 3026 317 3063 ex
339 3010 674 3075 charactere,
709 3020 763 3065 et
802 3010 1102 3066 dictionum
1144 3010 1391 3065 formulis
1451 3011 1670 3064 desum-

88 3113 277 3172 ptum,
338 3102 454 3156 leve
515 3102 804 3157 admodum
852 3118 1026 3159 esse:
1078 3100 1447 3155 aﬂ‘ectiouibus
1473 3100 1670 3170 saepius

84 3194 269 3248 animi
305 3193 575 3248 calamum
611 3195 695 3264 agi
744 3195 997 3265 regique;
1047 3204 1202 3249 aitate
1244 3195 1406 3249 etiam
1464 3193 1666 3246 immu-

84 3286 227 3339 tari.
281 3283 419 3339 Hinc
452 3302 559 3339 non
595 3301 715 3341 esse
767 3302 992 3342 necesse
1046 3286 1229 3339 omnia
1276 3283 1668 3355 Thaumaturgi

83 3378 302 3446 scripta
336 3378 524 3431 eodem
560 3393 773 3447 semper
806 3387 968 3448 atque
998 3392 1107 3432 uno
1137 3387 1324 3432 tenore
1357 3377 1563 3448 peragi.

156 3466 270 3521 Sed
301 3466 529 3522 Andreae
567 3466 737 3522 Riveti
771 3468 847 3539 (‘2)
883 3470 937 3523 in
985 3469 1174 3523 Critici
1222 3468 1365 3521 sacri
1426 3468 1567 3521 libro
1607 3484 1666 3532 ιι,

80 3576 215 3629 cap.
267 3558 355 3624 16,
399 3561 465 3613 de
514 3561 600 3614 his
647 3561 986 3615 orationibus
1039 3561 1181 3615 dicta
1232 3560 1665 3615 consideremus.

87 3672 106 3703 ε
149 3652 307 3708 Guil.
346 3651 661 3707 Per-kinsius
691 3653 940 3707 meminit
971 3653 1317 3708 homiliarum
1354 3653 1419 3707 de
1444 3652 1669 3706 Annuu-

81 3747 348 3807 tiatione,
378 3754 505 3808 etc.,
544 3746 671 3800 huic
715 3744 975 3815 Gregorio
1005 3746 1387 3815 ascriptarum,
1422 3760 1559 3815 quas
1589 3744 1670 3798 vi-

80 3837 220 3890 dere
252 3836 389 3889 mihi
440 3852 546 3890 non
595 3836 897 3906 contigerat
934 3846 1046 3892 tum
1083 3854 1206 3893 eum
1266 3838 1504 3908 primum
1554 3836 1670 3891 haec

82 3931 332 4001 scripsi;
374 3945 548 4000 neque
582 3946 659 3985 ea:
689 3947 721 3985 a
751 3932 1049 3986 Possevino
1091 3933 1143 3986 in
1186 3932 1481 4002 Apparatu,
1513 3940 1606 3984 aut
1639 3944 1668 3983 a

84 4022 253 4077 Sixto
302 4033 701 4075 memorantur.
762 4042 781 4075 ι
818 4022 1123 4092 Antequam
1184 4038 1406 4077 causam
1457 4021 1667 4090 perspi-

78 4118 222 4180 ciat,
258 4115 589 4170 sententiam
621 4115 744 4171 fert.
782 4115 930 4180 Esto,
964 4131 1071 4170 non
1094 4116 1227 4169 vidit
1260 4114 1503 4176 Rivetus,
1541 4129 1667 4168 cum

79 4208 385 4262 scriberet.
434 4205 570 4273 Quid
627 4222 756 4278 ergo
811 4208 935 4262 inde
985 4207 1271 4277 sequitur?
1304 4205 1397 4261 Vel
1445 4204 1670 4259 Rivetus

80 4300 431 4358 temerarius
479 4309 582 4364 est,
627 4301 712 4355 vel
763 4317 952 4371 parum
999 4301 1251 4370 diligens.
1304 4299 1375 4355 De
1425 4298 1669 4366 Gregorii

77 4391 319 4461 scriptis
346 4405 531 4459 agens,
558 4399 616 4445 ut
642 4398 766 4444 vera
784 4392 1109 4455 enuntiaret,
1138 4391 1325 4446 sedulo
1348 4392 1669 4461 inquirenda

1774 553 1942 592 sacrae
1976 538 2314 607 antiquitatis
2350 540 2611 605 thesauri,
2638 541 2682 595 si
2707 540 2771 594 de
2795 542 2875 596 eis
2904 550 3117 597 taceant
3144 542 3330 600 Posse-

1772 629 1934 684 vinus
1960 639 2014 684 et
2042 628 2244 686 Sixlus.
2278 629 2668 701 Ignoratplane
2699 631 2922 687 Rivetus
2954 634 3067 688 haec
3091 633 3334 706 Gregorii

1772 734 1933 787 opera
1965 720 2055 774 diu
2087 733 2210 775 ante.
2234 721 2302 775 ab
2327 721 2515 777 eodem
2544 722 2736 778 Vossio
2756 725 2896 779 notis
2926 724 3189 780 illustrata
3212 742 3337 796 pro-

1772 811 1942 867 diisse
1973 811 2157 869 Graece
2190 822 2243 867 et
2282 813 2495 879 Latine,
2537 824 2591 869 et
2624 824 2684 869 ut
2724 818 3063 885 postmodum
3088 819 3334 890 Parisiis,

1773 900 2065 972 Moguntiae
2102 919 2245 960 anno
2276 904 2434 959 1604.
2474 923 2491 955 ι
2522 903 2625 971 Qui
2666 922 2873 961 merces
2904 908 3044 975 illas,
3072 920 3335 979 quantum

1771 1003 1967 1062 potest,
1994 997 2356 1051 commendat.
2393 1016 2412 1049 ι
2451 997 2761 1051 lllaudabile
2787 1005 2867 1052 est
2894 999 3099 1054 scilicet
3121 1001 3333 1068 Riveto,

1772 1087 1973 1158 scripta
2020 1088 2241 1144 Patrum
2274 1090 2674 1153 commendare,
2711 1100 2764 1144 et
2802 1106 3007 1147 merces
3047 1094 3181 1147 adeo
3213 1109 3338 1163 pre-

1774 1182 1941 1235 tiosas
1967 1189 2018 1234 et
2046 1180 2463 1248 pulcherrimas,
2504 1191 2563 1234 ut
2594 1191 2653 1235 ut
2678 1197 2755 1237 eae
2783 1187 2950 1247 suut,’
2973 1183 3357 1255 ambientibus

1772 1277 2083 1347 propinare.
2118 1274 2495 1341 Commendat,
2531 1286 2796 1345 quantum
2826 1286 3024 1346 potest,
3062 1278 3340 1331 Thauma—

1774 1370 1913 1439 turgi
1939 1370 2159 1438 scripta,
2187 1384 2307 1437 qua:
2340 1367 2741 1421 commendavit
2793 1368 3110 1437 antiquitas,
3136 1378 3190 1423 et
3239 1384 3338 1439 po-

1772 1457 2019 1512 sterioris
2035 1457 2131 1511 aevi
2152 1456 2737 1511 illustriores‘doctores
2754 1458 3104 1512 ecclesiastici
3123 1474 3334 1525 omnes;

1772 1558 1826 1603 at
1852 1548 2282 1603 exterminarunt
2320 1547 2581 1611 haeretici,
2627 1548 2769 1617 apud
2813 1564 2951 1617 quos
2993 1551 3152 1603 etiam
3187 1551 3239 1604 in
3273 1566 3338 1605 ea

1772 1642 2129 1696 aestimatione
2163 1640 2345 1707 fuere,
2388 1649 2447 1695 ut
2498 1641 2580 1695 vel
2623 1657 2810 1695 eorum
2857 1641 2975 1697 solo
3026 1642 3336 1696 testimonio

1774 1751 1870 1790 sua
1902 1734 2249 1789 constabilire
2278 1733 2622 1789 crediderint.
2648 1732 2786 1789 Hinc
2806 1742 2888 1788 tot
2914 1734 3041 1797 illis,
3065 1736 3223 1790 malis
3250 1751 3339 1789 ar-

1780 1827 1943 1891 tibus,
1976 1842 2206 1890 annexa,
2242 1833 2294 1879 et
2319 1835 2511 1894 praeter
2554 1841 2760 1881 morem
2795 1834 2957 1895 atque
3002 1826 3172 1895 legem
3205 1842 3329 1895 pro-

1777 1918 1969 1972 borum
2006 1918 2285 1972 hominum
2342 1918 2626 1972 immutata
2665 1934 2678 1969 :
2712 1918 2966 1987 pleraque
3003 1917 3167 1971 etiam
3211 1932 3340 1971 ora-

1777 2012 1953 2066 tiones
1984 2021 2146 2081 atque
2180 2011 2441 2081 opuscula
2465 2027 2531 2067 ex
2565 2028 2703 2082 penu
2738 2010 3229 2067 luereticorumillis
3246 2025 3340 2078 ap-

1778 2104 1939 2172 picta.
1973 2102 2144 2158 Tanta
2195 2114 2313 2159 erat
2356 2106 2409 2159 in
2459 2104 2621 2159 unius
2666 2104 2892 2175 hujusce
2934 2105 3341 2160 commentariis

1777 2196 2098 2250 auctoritas!
2131 2195 2544 2250 Commendavit
2574 2196 2755 2266 itaque
2784 2194 3035 2262 Vossius,
3070 2211 3190 2266 quae
3215 2204 3339 2250 ante

1777 2301 1901 2340 eum
1933 2295 2011 2340 tot
2034 2288 2432 2356 exscriptorum
2465 2288 2661 2343 calami
2715 2289 2855 2343 inter
2884 2288 2989 2341 alia
3025 2296 3337 2342 sanctorum

1776 2376 1998 2431 Patrum
2032 2376 2232 2449 scripta
2262 2379 2461 2449 scripto
2490 2380 3021 2434 commendaverant.
3048 2378 3340 2434 Commen-

1776 2470 1903 2524 dant
1960 2470 2176 2526 codices
2231 2471 2623 2541 antiquissimi,
2681 2481 2731 2526 et
2772 2472 2989 2541 Optimze
3034 2479 3194 2537 notae,
3246 2471 3339 2540 qui

1777 2560 1955 2616 dictas
2003 2561 2249 2633 Gregorii
2284 2565 2561 2620 orationes
2593 2565 2816 2634 praalixo
2847 2563 3065 2619 nomine
3096 2562 3341 2635 Gregorii

1775 2651 2050 2704 exhibent.

1850 2759 1868 2792 ι
1902 2740 2101 2797 Duhias
2130 2756 2250 2797 esse
2281 2742 2472 2811 probat
2498 2740 2814 2797 Perkinsius
2845 2756 2908 2795 ex
2928 2754 3014 2805 eo,
3043 2739 3189 2810 quod
3207 2738 3342 2795 Vita:

1775 2840 2111 2895 sanctorum,
2149 2830 2275 2885 item
2302 2841 2355 2886 et
2383 2831 2569 2902 hymni
2603 2846 2793 2886 eorum
2829 2829 2980 2886 festis
3011 2830 3328 2885 convenien-

1776 2930 1877 2984 tes,
1909 2922 2147 2991 primum
2180 2937 2211 2975 a
2243 2922 2441 2976 Carolo
2476 2921 2671 2992 Magno
2697 2921 2978 2977 constituti
3012 2931 3162 2987 sunt,
3194 2920 3341 2974 circa

1776 3028 1977 3066 annum
2060 3013 2162 3069 807
2221 3013 2442 3085 (Paulus
2503 3014 2759 3069 Ainiilius
2814 3015 2909 3068 lih.
2965 3030 3001 3067 ιι
3059 3013 3132 3066 De
3181 3012 3339 3082 gestis

1700 3144 1741 3201 Ο
1779 3099 2130 3169 Francorum,
2168 3102 2481 3174 Sigebertus
2511 3105 2661 3171 item,
2682 3120 2822 3159 anno
2844 3104 2969 3175 807)
3019 3104 3206 3159 multis
3222 3114 3343 3174 post

1778 3190 2241 3263 Thaumaturgum
2298 3194 2531 3249 saeculis.
2583 3213 2601 3245 ι
2651 3194 2993 3249 Pcrkiusium
3053 3194 3169 3263 ipse
3228 3208 3340 3247 non

1772 3284 1900 3339 vidi.
1934 3284 2110 3340 Credo
2145 3294 2327 3340 tamen
2365 3285 2615 3339 Rivetum
2664 3284 2933 3340 Pcrkinsii
2967 3285 3130 3339 verba
3160 3299 3337 3353 neque

1770 3374 2077 3441 invertisse,
2100 3390 2275 3445 neque
2298 3375 2598 3440 mutilasse,
2633 3374 2723 3429 sed
2750 3375 2981 3442 ingenue
2998 3386 3337 3425 numerasse.

1771 3465 2087 3533 Videamus,
2130 3475 2187 3520 ut
2218 3466 2320 3521 sibi
2356 3475 2565 3520 constet
2593 3464 2860 3520 Perkinsii
2896 3463 3330 3531 ratio;namque

1770 3557 1815 3611 si
1847 3573 1906 3611 ea
1941 3557 2216 3621 ceciderit,
2261 3556 2416 3611 cadet
2459 3556 2622 3610 etiam
2657 3554 2920 3610 sententia
2964 3552 3256 3617 Perkinsii,
3287 3561 3341 3606 et

1769 3650 2040 3704 orationes
2072 3648 2356 3717 praedictas
2386 3646 2581 3702 dubias
2602 3662 2743 3701 esse.
2763 3644 2899 3699 Cum
2932 3645 3047 3700 ista:
3065 3644 3342 3699 orationes

1772 3741 1924 3796 factae
1951 3747 2291 3803 asseruntur,
2308 3746 2422 3792 tum
2450 3754 2626 3807 neque
2648 3735 2783 3791 Vita:
2809 3746 3143 3801 sanctorum,
3168 3748 3341 3803 neque

1772 3833 1959 3903 hymni
1987 3846 2176 3886 eorum
2210 3828 2362 3884 festis
2394 3830 2777 3884 convenientes
2802 3829 2853 3881 iu
2883 3826 3121 3881 Ecclesia
3149 3834 3335 3879 erant:

1772 3937 1896 3975 nam
1937 3923 2147 3993 primus
2170 3921 2401 3976 Carolus
2428 3924 2597 3974 multa
2630 3927 2753 3988 post
2783 3917 2979 3973 sarcula
3011 3914 3293 3969 constituit
3320 3928 3335 3965 :

1771 4031 1900 4085 ergo
1929 4015 2084 4069 dictae
2101 4014 2400 4075 orationes,
2431 4012 2583 4067 l‘cstis
2611 4011 2803 4065 diebus
2837 4018 2890 4063 et
2908 4006 3340 4064 solemnitatibus

1772 4116 2085 4161 sanctorum
2133 4105 2537 4169 convenientes,
2591 4118 2699 4157 non
2749 4108 3045 4170 potuerunt
3098 4097 3261 4152 scribi
3309 4111 3340 4150 a

1772 4197 2031 4268 Gregorio
2061 4196 2488 4265 Thaumaturgo,
2518 4194 2611 4264 qui
2645 4192 2814 4246 multo
2836 4190 3090 4244 Carolum
3110 4202 3342 4258 praeces-

1773 4298 1936 4345 serat.
1984 4288 2183 4342 Probat
2231 4296 2570 4358 assumptum
2626 4285 2949 4338 auctoritate
2998 4278 3241 4345 }Emilii,
3288 4285 3343 4332 et

1775 4383 2059 4455 Sigeberti.
2090 4381 2228 4436 Tum
2254 4382 2367 4452 ipse
2392 4380 2602 4435 infero:
2638 4381 2706 4433 At
2742 4378 2939 4433 falsum
2970 4385 3072 4439 est,
3107 4376 3342 4447 primum

76 4494 250 4536 erant
273 4480 452 4549 ipsius
489 4478 731 4548 Gregorii
762 4481 983 4549 scripta,
1013 4479 1335 4533 consulendi
1371 4477 1552 4543 amici,
1584 4479 1666 4532 in-
1697 4483 1741 4537 D
1770 4477 2023 4532 Carolum
2068 4475 2120 4530 id
2152 4475 2478 4537 instituisse,
2507 4472 2775 4544 quidquid
2808 4470 3063 4525 IEmilius
3097 4479 3149 4523 et
3184 4467 3340 4537 Sige-

75 4578 239 4631 dices
270 4573 580 4638 evolvendi,
618 4581 864 4627 auctores
897 4573 998 4641 ipsi
1032 4571 1426 4641 conquirendi;
1460 4582 1518 4626 ut
1542 4572 1668 4625 dili-

75 4669 276 4741 gentia
313 4680 421 4720 non
452 4666 611 4731 desit,
644 4682 742 4721 nec
772 4674 971 4720 temere
999 4666 1065 4720 de
1112 4666 1178 4721 iis
1238 4682 1358 4735 Qua:
1390 4682 1497 4720 non
1533 4666 1672 4720 vidi-

72 4777 206 4816 mns
275 4758 713 4827 pronuntiemus.
753 4775 772 4809 ι
808 4756 992 4827 Neque
1024 4772 1052 4811 a
1086 4755 1385 4811 Possevino
1410 4759 1461 4810 in
1490 4760 1669 4827 Appa-

70 4870 235 4921 ratu,
278 4869 459 4922 neque
484 4869 513 4907 a
548 4852 701 4907 Sixto
738 4861 1131 4907 memorantur.
1173 4870 1191 4903 ι
1228 4851 1426 4907 Demus
1480 4852 1672 4908 Riveto

71 4964 189 5002 non
227 4943 681 4999 commemorari.
712 4942 852 5013 Ergo
884 4959 989 4995 non
1028 4940 1413 4996 sunt?Stolida
1446 4942 1547 4997 ista
1581 4958 1668 4996 ar-

70 5035 439 5109 gumentatio
473 5044 576 5089 est.
606 5034 775 5100 Quasi
810 5050 938 5089 vero
970 5049 1091 5103 qua:
1138 5049 1243 5087 non
1269 5049 1668 5089 commemora-

68 5132 273 5186 verint
306 5127 510 5195 scripta
541 5126 869 5181 Possevinus
894 5136 946 5180 et
975 5126 1181 5189 Sixtus,
1212 5142 1480 5196 nusquam
1514 5128 1667 5194 alibi,

66 5234 170 5277 aut
204 5220 373 5275 nulla
402 5219 528 5273 sint.
564 5237 583 5271 ι
622 5218 727 5273 Sed
754 5226 939 5288 postea
968 5218 1125 5273 edita:
1160 5217 1378 5272 fuerunt
1406 5217 1589 5274 Grazce
1618 5228 1672 5274 et

68 5317 291 5373 Latine
346 5311 575 5369 Parisiis
622 5328 747 5367 cum
798 5312 942 5366 notis
972 5310 1152 5367 Vossii
1187 5310 1544 5380 Tuugrcnsis,
1576 5313 1670 5382 qui

68 5420 314 5463 merces
368 5404 488 5459 illas
535 5415 801 5473 quantum
850 5412 1027 5473 potest
1072 5405 1436 5458 commendat.
1478 5422 1497 5455 ι
1532 5404 1673 5459 Bene

65 5507 178 5553 est.
201 5494 368 5563 Ergo
389 5502 516 5547 sunt
544 5494 647 5547 alia
676 5494 891 5547 tandem
925 5494 1123 5562 scripta
1152 5492 1371 5546 Patrum
1399 5509 1506 5548 non
1528 5510 1675 5548 com-

68 5596 410 5646 memorata
438 5603 469 5639 ιι
499 5584 797 5642 Possevino
828 5595 883 5641 et
906 5584 1081 5651 Sixto,
1115 5587 1336 5656 quando
1366 5586 1481 5656 jam
1519 5585 1675 5642 Pari-

1774 4572 1961 4626 bertus
1980 4571 2244 4625 crocitent
2271 4587 2284 4623 :
2313 4584 2444 4638 ergo
2480 4566 2677 4621 falsum
2703 4578 2920 4634 quoque
2948 4563 3053 4617 erit
3085 4562 3183 4614 has
3225 4574 3341 4613 ora-

1775 4662 1949 4718 tiones
1996 4652 2189 4715 dubias
2232 4675 2371 4714 esse.
2422 4658 2536 4712 Imo
2584 4665 2760 4711 certas
2806 4663 2966 4723 atque
3014 4651 3341 4705 indubitatas

1773 4769 1895 4810 esse
1924 4754 2209 4817 evincitur,
2240 4767 2365 4806 cum
2388 4759 2533 4804 certe
2564 4759 2726 4817 atquc
2765 4744 3062 4800 indubitate
3115 4741 3341 4795 demon-

1778 4855 2005 4912 stretur,
2042 4855 2167 4899 ante
2195 4842 2452 4899 Carolum
2497 4843 2766 4896 orationes
2809 4850 2863 4893 et
2896 4839 3128 4910 hymnos
3161 4837 3213 4890 in
3246 4850 3340 4891 so-

1774 4939 2145 4995 lemnitatibus
2184 4947 2521 5000 sanctorum,
2561 4942 2614 4988 et
2660 4934 2727 4987 ah
2770 4933 2888 5001 ipso
2918 4929 3194 4985 nascentis
3233 4928 3338 4983 Ec-

1775 5033 1952 5087 clesia:
1989 5024 2222 5085 'exordio
2267 5028 2321 5080 in
2366 5024 2605 5080 Ecclesia
2667 5024 2980 5093 frequentes
3030 5020 3217 5075 fuisse.
3274 5018 3341 5072 Et

1773 5123 1989 5179 Judzeos
2019 5122 2167 5192 ipsos
2205 5136 2271 5175 ex
2313 5126 2496 5173 vetere
2529 5117 2749 5172 Patrum
2785 5115 3129 5173 institutione
3166 5114 3341 5185 legiti—

1777 5218 1882 5271 mis
1912 5215 2301 5287 praalinitisque
2341 5213 2534 5268 diebus
2567 5227 2633 5265 ex
2671 5210 2786 5281 lege
2832 5218 2887 5265 et
2933 5207 3209 5279 prophetis
3260 5207 3340 5260 le-

1774 5313 1981 5368 ctiones
2014 5312 2241 5365 recitare
2293 5308 2658 5371 consucvisse,
2691 5304 2852 5360 tradit
2908 5301 3148 5357 Isidorus
3193 5300 3286 5353 lih.
3322 5315 3338 5353 ι

1776 5403 1852 5456 De
1871 5401 2235 5457 ecclesiasticis
2274 5399 2443 5469 ofﬂa,
2475 5414 2595 5468 cap.
2634 5386 2721 5462 10,
2751 5395 3050 5465 probatque
3081 5390 3342 5445 Rabauus

1774 5494 1994 5548 Maurus
2022 5493 2116 5548 lib.
2179 5509 2217 5546 ιι
2258 5492 2333 5546 De
2374 5492 2605 5545 institui.
2649 5489 2850 5552 cleric.,
2879 5501 2998 5556 cap.
3042 5484 3094 5538 5.
3128 5481 3341 5535 Lcetio~

1776 5601 1908 5640 num
1944 5584 2192 5639 meminit
2229 5582 2490 5655 Origenes
2534 5592 2715 5636 contra
2749 5577 2958 5634 Celsum
3005 5576 3097 5629 lib.
3126 5589 3213 5639 ιιι,
3246 5572 3337 5627 5οι

146 5701 234 5771 (2)
268 5697 549 5773 Andream
574 5698 1051 5773 Bivctum,conlra
1076 5718 1236 5772 quem
1259 5702 1349 5755 diu
1377 5712 1714 5773 pugnaturus
1763 5714 1846 5762 est
1868 5705 2119 5770 Allatius,
2155 5702 2373 5758 doctum
2442 5701 2742 5769 hominem,
2776 5696 2869 5755 sed
2908 5695 3139 5768 rigidum
3189 5707 3339 5749 acer--

70 5766 347 5843 bum'que
373 5766 588 5825 Calvini
617 5772 877 5826 asseclam
912 5766 1106 5841 fuisse,
1134 5773 1354 5827 scimus.
1377 5766 1559 5827 ἈΪΜ.
