3876 6526
484 388 613 444 1211

1358 375 1607 433 LEONIS
1645 372 1874 429 ALATlI
1916 367 2235 424 DlATRIBA
2275 364 2362 419 DE
2400 360 2814 417 THEODORIS.

3564 338 3705 395 121!

483 508 627 578 Ὅρα
654 504 716 573 δὴ
743 502 835 556 καὶ
861 502 917 554 ὲν
942 500 1144 562 τούτοις
1170 497 1289 552 τίνα
1302 497 1500 567 τρόπον
1523 495 1669 565 ἡμᾶς
1702 489 2040 559 συκοφαντεῖ,

2149 484 2350 541 Sanane
2391 480 2644 552 paschali,
2675 478 2762 532 ubi
2796 474 3054 530 lectiones
3077 468 3386 537 huiusmodi
3413 467 3470 520 in
3501 465 3705 518 cellulis

483 595 740 668 ὲξομοιῶν
769 595 881 657 τοῖς
906 595 963 646 ὲν
990 594 1109 654 ταῖς
1134 591 1356 661 ἀγοραῖς
1376 588 1444 641 τὰ
1476 584 1890 657 ἀπορρητὸτατα
1920 583 2041 632 ἐπι-

479 684 845 757 δεικνυμένοις
876 682 969 736 καὶ
1009 681 1312 751 ἀγείρουσι’
1361 681 1494 730 ποῖα
1533 676 1591 729 δὲ
1628 669 2043 745 ἀπορρητότατα

480 774 915 846 ἐπιδεικνύμεθα,
941 774 975 844 ἢ
1002 772 1052 826 τί
1079 770 1287 834 τούτοις
1303 768 1678 841 παραπλήσιον
1704 763 2041 833 πράττομενς

479 873 529 924 oi
574 870 667 925 καὶ
698 870 764 924 δι’
792 865 1232 938 ἀναγνωσμάτων
1252 903 1266 929 ,
1321 862 1414 915 καὶ
1444 859 1530 913 διὰ
1557 858 1662 912 τῶν
1691 858 1770 919 εἰς
1800 854 1868 907 τά
1906 850 2043 905 αὺτά

478 964 779 1035 διηγήσεων
816 957 1212 1032 προτρέποντες
1258 955 1353 1026 μὲν
1395 953 1486 1005 ἐπὶ
1518 951 1614 1023 τὴν
1656 951 1733 1012 εἰς
1773 947 1863 1000 τὸν
1912 943 2042 997 Θεὸν

606 1033 740 1107 ὅλων
762 1050 1059 1115 εὐσέϐειαν,
1078 1048 1171 1103 καὶ
1190 1046 1287 1122 τὰς
1304 1042 1619 1114 συνθρόνους
1631 1039 1802 1111 ταύτῃ
1821 1033 2039 1107 ἀρετάς.

486 1164 506 1198 ι
544 1144 678 1199 Vide
708 1142 981 1215 quomodo
1016 1143 1067 1195 in
1092 1141 1175 1195 his
1197 1151 1416 1215 quoque
1438 1133 1618 1189 verbis
1643 1127 1917 1187 calumnia
1940 1140 2039 1181 nos

480 1239 696 1304 alliciat,
731 1252 870 1308 quos
904 1251 1028 1291 cum
1060 1210 1497 1293 circulatoribus,
1522 1224 1695 1295 turpia
1725 1230 1780 1278 et
1808 1218 2040 1275 nefanda

479 1333 534 1389 in
558 1331 676 1387 foro
697 1327 1127 1400 proponentibus
1149 1330 1449 1394 comparat.
1482 1318 1619 1386 Quae
1647 1331 1777 1371 vero
1804 1312 2038 1369 nefanda

478 1421 876 1495 proponimus?
897 1427 993 1475 aut
1022 1417 1152 1488 quid
1184 1415 1438 1477 facimus,
1456 1410 1601 1482 quod
1629 1408 1697 1463 ad
1730 1402 2041 1476 hujusmodi

480 1515 763 1570 hominum
794 1510 1188 1582 impudentiam
1218 1504 1486 1562 accedat?
1517 1517 1649 1569 nos,
1675 1500 1921 1569 inquam,
1948 1494 2041 1565 qui

481 1618 577 1672 per
605 1601 885 1666 lectiones,
912 1608 965 1653 et
994 1613 1088 1668 per
1112 1611 1299 1651 earum
1337 1590 1831 1661 interpretationes,
1864 1586 2043 1640 homi-

482 1707 579 1747 nes
618 1691 684 1745 ad
712 1692 965 1762 pietatem
993 1702 1121 1758 erga
1151 1685 1395 1740 omnium
1431 1698 1614 1739 rerum
1649 1680 1840 1745 Deum,
1868 1679 2039 1733 virtu~

481 1793 670 1854 tesque
707 1799 828 1855 quae
859 1782 1074 1837 easdem
1099 1790 1261 1849 atque
1289 1780 1459 1849 pietas
1501 1775 1654 1831 sedes
1676 1772 1896 1835 habent,
1916 1770 2044 1824 hor-

2137 593 2273 634 arcaz
2298 574 2540 631 laterculi
2564 580 2713 627 stata:
2735 569 3102 638 designantur,
3126 566 3192 619 de
3214 578 3321 633 quo
3342 562 3510 632 plene
3536 558 3702 623 alibi),

2140 679 2291 725 certo
2319 681 2530 738 quoque
2562 663 2802 733 corporis
2844 660 3029 714 habitu
3058 656 3349 712 Christiani
3385 654 3443 706 in
3482 650 3707 706 ecclesia

2142 756 2292 812 fuere
2323 775 2336 811 :
2384 770 2574 825 nempe
2606 754 2749 810 enim
2784 767 2812 806 a
2848 751 3117 807 stantibus
3165 745 3592 817 Evangeliorum
3634 741 3707 795 le-

2142 851 2351 906 ctiones
2380 848 2554 902 audiri
2581 846 2905 916 oportuisse,
2949 843 3039 897 hic
3053 838 3404 908 Philostorgii
3429 837 3589 890 locus
3626 833 3705 885 in-

2142 941 2307 996 dicat.
2348 959 2367 991 ι
2397 938 2463 993 Ει
2483 954 2549 993 ex
2581 935 2869 992 Sozomeni
2899 935 3041 988 libro
3070 948 3167 995 vn,
3196 946 3319 1000 cap.
3350 929 3442 990 19,
3468 935 3631 980 notat
3659 924 3707 976 in

2143 1035 2259 1089 sola
2273 1030 2637 1088 Alexandrina
2662 1028 2902 1084 Ecclesia
2920 1025 3231 1096 episcopum
3251 1018 3709 1077 Alexandrinum,

2143 1128 2271 1182 dum
2315 1124 2662 1194 Evangelium
2711 1124 3068 1187 recitaretur,
3122 1135 3228 1174 non
3283 1114 3709 1171 assurrexisse:

2141 1218 2299 1273 Ξένον
2331 1219 2386 1272 δὲ
2417 1220 2640 1272 κάκεῖνο
2687 1219 2818 1289 παρ’
2856 1214 3258 1285 Ἀλεξανδρεῦσι
3298 1209 3538 1271 τούτοις
3588 1206 3711 1258 ἀνα-

2142 1311 2558 1382 γινωσκομένων
2611 1310 2719 1383 γὰρ
2765 1308 2875 1364 τῶν
2930 1304 3309 1374 Εὑαγγελίων,
3364 1302 3465 1355 οὐκ
3526 1298 3712 1352 ἐπανί-

2144 1422 2335 1458 σταται
2387 1402 2715 1466 ἐπίσκοπος,
2741 1400 2769 1454 ὃ
2822 1401 2951 1473 παρ’
2977 1399 3156 1461 ἄλλοις
3193 1394 3304 1449 οὔτ’
3336 1392 3514 1462 ἔγνων
3536 1432 3555 1455 ,
3609 1389 3712 1442 οὔτ’

2142 1495 2371 1566 ἀκήκοα.
2402 1512 2421 1546 ι
2450 1491 2659 1548 Novum
2691 1502 2743 1547 et
2759 1491 2887 1545 illud
2907 1489 3047 1560 apud
3068 1487 3287 1544 eosdem
3312 1481 3717 1539 Alexandrinos

2142 1594 2256 1652 est,
2285 1587 2431 1657 quod
2460 1586 2779 1656 episcopus,
2836 1583 2964 1638 dum
3024 1581 3282 1636 recitatur
3314 1578 3677 1648 Evangelium
3698 1618 3715 1637 ,

2144 1693 2255 1733 non
2278 1687 2562 1749 assurgat,
2599 1678 2744 1747 quod
2786 1677 2929 1746 apud
2971 1675 3110 1731 alios
3137 1688 3377 1744 unquam
3409 1670 3531 1725 ﬁeri
3561 1668 3712 1738 equi-

2146 1773 2267 1828 dem
2314 1785 2488 1842 neque
2530 1770 2769 1840 comperi
2809 1783 2985 1839 neque
3031 1766 3233 1822 audivi.
3285 1783 3306 1816 ι
3365 1762 3523 1817 Adde
3556 1770 3618 1814 tu
3652 1776 3715 1817 ex

483 1852 684 1927 tantur.
717 1852 739 1922 ι
770 1871 900 1926 Vide
931 1868 1172 1941 ejusdem
1203 1868 1277 1921 De
1308 1863 1721 1937 engastrimyt/io
1761 1873 2040 1915 commen-

2149 1866 2327 1921 eodem
2379 1863 2683 1919 Sozomeno
2712 1862 2849 1934 (loc.
2883 1860 3003 1930 cit.)
3031 1875 3046 1912 :
3088 1856 3303 1927 Ταύτην
3335 1856 3393 1910 δὲ
3420 1853 3521 1923 τὴν
3566 1852 3715 1921 ἱερᾶν

482 1962 681 2018 tarium
720 1962 796 2033 ('5)
843 1962 897 2015 in
941 1960 1226 2030 principio.
1281 1958 1510 2013 Sanctus
1571 1954 1907 2024 Augustinus
1964 1951 2041 2020 (in

480 2055 708 2126 prologo
746 2053 813 2108 ad
863 2060 1124 2109 tractatus
1173 2050 1324 2121 suos)
1368 2050 1421 2103 in
1466 2046 1763 2117 Epistolam
1812 2043 2040 2113 primam

477 2146 706 2204 Joannis
736 2148 850 2202 ait:
886 2165 905 2199 ι
946 2144 1053 2200 Sed
1082 2145 1212 2215 quia
1251 2141 1569 2212 interposita
1601 2145 1683 2194 est
1728 2134 2043 2192 solemnitas

479 2249 794 2294 sanctorum
853 2236 1102 2300 dierum,
1150 2234 1348 2303 quibus
1400 2240 1577 2287 certas
1629 2245 1694 2283 ex
1753 2226 2043 2298 Evangelia

477 2331 738 2386 lecliones
762 2337 974 2399 oportet
1003 2328 1057 2382 in
1108 2325 1348 2381 Ecclesia
1391 2321 1627 2387 recitari,
1661 2335 1780 2391 quae
1813 2320 1883 2373 ita
1919 2327 2043 2373 sunt

478 2436 694 2487 annuae,
738 2429 798 2475 ut
843 2419 961 2473 alia:
998 2432 1117 2472 esse
1150 2432 1259 2471 non
1291 2413 1537 2485 possint;
1566 2412 1700 2466 ordo
1740 2410 1849 2475 ille,
1882 2422 2043 2478 quem

479 2524 931 2580 susceperamus,
980 2505 1304 2561 necessitate
1360 2501 1639 2574 paululum
1702 2498 2045 2553 intermissus

477 2611 581 2665 est,
615 2616 721 2655 non
754 2602 1008 2654 omissus.
1037 2617 1054 2648 ι
1082 2596 1225 2650 Idem
1262 2596 1317 2648 in
1339 2609 1590 2649 sermone
1614 2592 1687 2663 (v,
1718 2592 1856 2662 i)de
1876 2592 2047 2646 lucta—

482 2691 629 2744 tione
648 2687 835 2743 Jacobi
864 2703 876 2737 :
909 2706 927 2738 (
963 2687 1081 2741 Ista:
1109 2685 1389 2749 lectiones,
1432 2699 1555 2755 quae
1587 2682 1740 2737 vobis
1772 2682 2044 2751 leguntur,

481 2780 725 2850 nunquid
765 2780 927 2835 modo
957 2779 1193 2849 primum
1226 2775 1383 2829 vobis
1407 2775 1680 2844 leguntur,
1717 2783 1774 2831 et
1796 2790 1903 2829 non
1939 2790 2045 2829 ea:-

481 2872 602 2926 dem
636 2872 878 2942 quotidie
907 2872 1256 2941 repetuntur?
1285 2869 1439 2926 Sicut
1467 2876 1645 2924 autem
1666 2868 1927 2923 lectiones
1947 2866 2040 2921 Dei

481 2965 721 3035 quotidie
751 2980 889 3036 opus
923 2974 1026 3033 est,
1055 2975 1112 3021 ut
1144 2951 1577 3035 repetantur,'ne
1606 2962 1791 3019 saeculi
1816 2961 1958 3016 mala
1991 2968 2046 3014 et

482 3057 651 3129 spinae
696 3065 998 3113 nascantur
1040 3057 1093 3112 in
1139 3057 1398 3113 cordibus
1449 3055 1667 3121 vestris,
1714 3063 1769 3109 et
1813 3052 2049 3117 edocent

481 3166 668 3207 semen
738 3151 885 3221 quod
932 3151 1007 3206 ibi
1065 3151 1392 3206 seminatum
1441 3156 1557 3215 est;
1600 3149 1682 3205 sic
1735 3154 1952 3217 oportet
1995 3156 2049 3200 et

481 3255 789 3296 sermonem
818 3239 913 3294 Dei
941 3228 1332 3311 vobis'semper
1362 3212 1554 3308 repeti,
1581 3253 1647 3292 ne
1668 3212 1821 3292 obliti
1852 3235 2047 3291 dicatis
2075 3212 2115 3269 θ

483 3349 580 3388 vos
617 3349 724 3387 non
762 3333 1012 3399 audisse,
1056 3332 1200 3403 quod
1238 3332 1472 3387 dicimus
1518 3346 1617 3385 nos
1669 3329 1899 3384 dixisse.
1932 3347 1952 3380 ι
1984 3325 2051 3381 Ει

482 3440 736 3479 sermone
767 3424 800 3478 5
829 3425 883 3479 in
919 3424 1005 3479 die
1029 3424 1407 3479 Pentecostes:
1434 3442 1451 3475 ι
1490 3422 1792 3477 Adventum
1815 3418 2052 3490 Spiritus

483 3518 658 3573 sancti
713 3516 1085 3570 anniversaria
1147 3515 1436 3569 festivitate
1491 3513 1851 3569 celebramus.
1913 3509 2051 3565 Huic

482 3607 742 3663 solemnis
774 3608 1141 3678 congregatio,
1169 3606 1426 3661 solemnis
1447 3605 1626 3669 lectio,
1646 3602 1901 3659 solemnis
1933 3617 2049 3657 ser-

485 3713 575 3751 mo
608 3696 892 3753 debetur.»
925 3693 1216 3763 Grsgorius
1246 3688 1720 3761 Nyssenusorat.‘2
1760 3694 1961 3761 (initio)
1986 3693 2053 3748 de

483 3783 822 3841 Resurrrect.
843 3785 1073 3841 Christi:
1094 3786 1299 3847 Παντες
1321 3786 1437 3855 μὲν,
1458 3786 1748 3855 ἀγαπητοὶ,
1768 3785 1842 3848 ὡς
1860 3786 2049 3851 εἰπεῖν,

484 3876 832 3947 ἀποδέχονται
862 3876 960 3947 τὴν
988 3878 1046 3929 ἐν
1072 3876 1323 3948 Κυριακῇ
1364 3876 1517 3929 νυκτὶ
1553 3877 1682 3947 παρ’
1710 3878 1864 3947 ἡμῶν
1905 3879 2053 3948 εἰση-

483 3969 740 4041 γηθείσαν
769 3968 1040 4041 ἁρμοδίως
1067 3968 1173 4022 τῶν
1202 3969 1360 4041 ἱερῶν
1382 3968 1724 4038 Εὑαγγελίων
1752 3968 2053 4037 ἀνάγνωσιν

484 4060 613 4131 περὶ
640 4060 738 4131 τῆς
770 4061 1115 4126 ἀναστάσεως
1136 4060 1228 4115 τοῦ
1258 4060 1490 4133 μεγάλου
1520 4058 1653 4113 Θεοῦ
1682 4061 1776 4113 καὶ
1803 4060 2054 4132 Σωτῆρος

482 4151 640 4222 ἡμῶν
677 4152 849 4221 Ἰησοῦ
892 4153 1149 4226 Χριστοῦ.
1197 4173 1215 4206 ι
1251 4153 1452 4208 Omnes
1499 4152 1717 4223 quidem
1769 4166 2055 4222 propemo-

475 4242 636 4322 dum,
663 4242 865 4309 dilecti,
893 4245 1196 4315 approbant
1227 4246 1512 4301 lectionem
1559 4258 1839 4299 sacrorum
1877 4243 2053 4297 Evan-

486 4332 775 4403 geliorum,
809 4351 931 4404 quae
969 4351 1000 4389 a
1036 4336 1197 4391 nobis
1246 4344 1404 4390 nocte
1441 4335 1723 4391 Dominica
1770 4334 2054 4391 commode

488 4421 591 4477 fuit
617 4423 1032 4491 introductade
1070 4426 1470 4481 resurrectione
1510 4426 1691 4498 magni
1718 4424 1812 4481 Dei
1852 4434 1906 4481 et
1935 4425 2053 4480 Sal-

488 4513 694 4569 vatoris
732 4516 903 4570 nostri
926 4514 1053 4571 Jesu
1078 4515 1303 4572 Christi.
1336 4536 1355 4570 ι

559 4628 759 4684 Scribit
779 4628 1174 4701 Philostorgius
1203 4630 1320 4701 (lib.
1352 4646 1435 4697 ιιι,
1483 4631 1517 4684 5
1538 4630 1557 4700 )
1577 4629 1935 4701 Theophilum
1966 4628 2052 4683 ln-

486 4721 615 4776 dum
658 4722 892 4792 legatum
915 4738 946 4777 a
973 4723 1292 4779 Constantio
1316 4723 1566 4790 missum,
1598 4723 1666 4779 ad
1700 4723 1930 4789 Divzeos,
1957 4723 2052 4794 qui

495 4813 611 4868 Indi
650 4823 839 4879 erant,
896 4814 1229 4885 profectum,
1256 4816 1427 4871 multa
1459 4831 1581 4886 qua:
1614 4823 1739 4871 ante
1780 4816 1922 4886 apud
1954 4830 2053 4870 eos

489 4905 635 4959 haud
667 4905 770 4960 rite
804 4906 1004 4961 fiebant
1037 4907 1378 4969 emendasse,
1400 4917 1454 4961 et
1476 4907 1616 4962 inter
1639 4908 1765 4973 alia,
1800 4906 1942 4976 quod
1978 4906 2052 4960 illi

488 4997 737 5051 sedentes
751 4997 1009 5052 lectiones
1020 4998 1356 5068 evangelicas
1368 4998 1796 5053 audiebant.Kat
1808 4997 1915 5069 γὰρ
1929 4996 2055 5051 καθ-

495 5088 743 5159 εζόμενοι
778 5089 884 5142 τῶν
909 5090 1276 5159 εὑαγγελικῶν
1314 5090 1754 5159 ἀναγνωσμάτων
1776 5088 2055 5143 ἐποιοῦντο

489 5179 589 5251 τὴν
620 5179 901 5252 ἀκρόασιν.
942 5200 959 5231 ι
985 5180 1231 5252 Namque
1252 5184 1499 5239 sedentes
1523 5182 1845 5253 evangelicis
1868 5181 2054 5235 lectio-

492 5274 654 5328 nibus
681 5289 841 5329 aures
869 5274 1201 5344 praabebant.
1245 5294 1263 5327 ι
1302 5274 1563 5331 Ohservat
1583 5273 1817 5329 Jacobus
1847 5272 2055 5327 Gotho-

491 5363 674 5420 fredus
706 5365 802 5435 (in
845 5368 970 5423 adn.
1018 5366 1083 5421 ad
1130 5366 1232 5421 loc.
1264 5366 1382 5436 cit.)
1416 5384 1429 5421 :
1466 5385 1484 5418 ι
1521 5364 1584 5420 Et
1617 5381 1740 5421 cum
1770 5344 2057 5433 Evangelia

491 5453 818 5523 legerentur,
853 5471 1081 5527 quorum
1117 5464 1271 5511 stata:
1307 5456 1469 5510 etiam
1506 5464 1771 5526 certmque
1800 5452 2058 5509 lectiones

2147 1955 2325 2027 βίϐλον
2370 1952 2729 2023 ἀναγινώσκει
2781 1950 2965 2005 ἐνθάδε
3024 1948 3181 2020 μόνος
3228 1948 3256 2000 ὁ
3311 1943 3708 2015 ἀρχιδιάικοιισκ⁴

2144 2046 2296 2119 παρά
2313 2046 2369 2100 δὲ
2397 2045 2594 2110 ἄλλοις,
2623 2042 2875 2097 διάκονον
2906 2043 2963 2096 ὲν
2998 2040 3218 2104 πολλαῖς
3247 2038 3305 2090 δὲ
3342 2034 3713 2104 Ἐκκλησίαις,

2143 2139 2191 2192 οἱ
2229 2139 2392 2209 ἱερεῖς
2426 2136 2592 2206 μόνοι·
2617 2136 2674 2188 ὲν
2707 2134 2763 2187 δὲ
2784 2134 3072 2205 ἐπισήμοις
3102 2130 3366 2202 ἡμέραις,
3403 2126 3713 2183 ἐπίσκοποι.

2143 2230 2217 2294 ὡς
2248 2231 2305 2282 ὲν
2331 2226 2897 2281 Κωνσταντινουπόλει
2937 2224 3075 2278 κατά
3104 2224 3203 2294 τὴν
3230 2220 3454 2293 πρώτην
3502 2217 3714 2288 ἡμέραν

2145 2323 2241 2394 τῆς
2272 2321 2639 2391 ἀναστασίμου
2668 2319 2879 2392 ἑορτῆς.
2919 2337 2937 2370 ι
2970 2317 3126 2372 Hune
3183 2316 3344 2370 etiam
3376 2326 3605 2366 sacrum
3630 2324 3714 2362 co-

2145 2416 2318 2471 dicem
2344 2414 2432 2469 hic
2458 2414 2585 2484 legit
2617 2413 2767 2469 solus
2784 2412 3223 2473 archidiaconus,
3257 2404 3399 2474 apud
3424 2404 3570 2458 alios
3592 2416 3717 2455 vero

2145 2510 2361 2567 diaconi
2420 2507 2475 2561 in
2519 2510 2705 2566 multis
2742 2508 2905 2565 etiam
2947 2503 3206 2561 Ecclesiis
3239 2501 3338 2557 soli
3370 2497 3713 2559 sacerdotes,

2147 2601 2338 2662 diebus
2369 2616 2546 2663 autem
2604 2601 2939 2660 solemnibus
2985 2597 3257 2669 episcopi,
3303 2604 3365 2650 ut
3395 2591 3711 2649 Constanti-

2150 2699 2329 2767 nopoli
2355 2700 2528 2769 primo
2558 2698 2646 2754 die
2676 2694 2945 2764 paschalis
2970 2689 3351 2747 solemnitatis.
3395 2706 3414 2737 ι
3448 2684 3563 2739 Leo
3582 2698 3713 2753 pon-

2149 2794 2278 2850 tifex
2316 2792 2369 2845 in
2400 2804 2649 2848 sermone
2664 2785 2809 2856 (v1.1
2842 2785 2862 2854 )
2899 2784 2950 2838 in
2970 2780 3326 2852 Epiphaniam
3357 2795 3372 2830 :
3408 2795 3428 2827 ι
3459 2774 3718 2842 Quamvis

2148 2900 2275 2956 ergo
2304 2882 2545 2939 narratio
2578 2876 2904 2950 evangelica:
2939 2873 3186 2929 lectionis
3213 2870 3339 2925 illos
3378 2866 3603 2938 proprie
3635 2879 3715 2918 re-

2148 2983 2367 3033 censeat
2385 2973 2523 3039 dies,
2546 2972 2603 3027 in
2624 2970 2827 3042 quibus
2844 2976 2953 3023 tres
2973 2965 3094 3031 viri,
3114 2978 3253 3035 quos
3276 2976 3380 3015 nec
3405 2957 3718 3030 prephetica

2149 3064 2457 3139 praedicatio
2488 3064 2779 3127 docuerat,
2812 3074 2912 3114 nec
2938 3054 3243 3113 testiﬁcatio
3272 3051 3411 3121 legis
3444 3051 3717 3104 instruxe-

2150 3167 2253 3223 rat,
2279 3158 2345 3213 ad
2380 3153 2815 3226 cognoscendum
2842 3150 3013 3206 Deum
3058 3164 3089 3203 a
3133 3143 3514 3201 remotissima
3537 3138 3719 3195 Orien-

2148 3250 2218 3306 tis
2250 3255 2402 3318 parte
2434 3252 2731 3308 venerunt;
2775 3243 2877 3297 hoc
2902 3241 3042 3296 idem
3074 3248 3255 3292 tamen
3284 3244 3341 3290 et
3377 3230 3721 3288 manifestius

2149 3357 2296 3396 nunc
2340 3348 2394 3395 et
2431 3336 2707 3409 copiosius
2741 3334 2857 3390 ﬁeri
2883 3333 2939 3389 in
2969 3332 3214 3389 omnium
3245 3336 3575 3381 vocatorum
3603 3322 3718 3376 illu-

2151 3433 2447 3489 minatione
2477 3429 2855 3503 perspicimus.
2899 3445 2917 3479 ι
2971 3424 3240 3480 Maximus
3270 3417 3641 3476 Taurinensis
3671 3415 3719 3467 in

2151 3526 2373 3581 homilia
2416 3541 2471 3579 ιι
2516 3524 2582 3580 de
2627 3519 2970 3592 Epiphania:
3031 3534 3050 3568 ι
3078 3513 3347 3579 Audistis,
3388 3510 3619 3575 fratres,
3647 3507 3717 3561 le-

2152 3618 2383 3673 ctionem
2399 3614 2671 3685 Evangelii
2691 3611 2947 3669 salutaria
2963 3606 3244 3681 przesentis
3256 3603 3363 3659 diei
3387 3610 3720 3659 sacramenta

2152 3710 2491 3765 recitantem.
2535 3727 2553 3761 ι
2604 3706 2799 3763 Petrus
2852 3703 3218 3775 Chrysologus
3246 3700 3300 3754 in
3338 3712 3605 3753 sermone
3630 3710 3719 3747 rx:

2159 3819 2178 3854 ι
2214 3801 2335 3871 Agit
2356 3802 2635 3856 nobiscum
2664 3798 2837 3864 Dells,
2871 3796 2980 3865 agit
3016 3794 3070 3847 in
3098 3793 3201 3847 hoc
3227 3790 3470 3853 saeculo,
3504 3802 3576 3841 ne
3606 3784 3721 3855 quid

2153 3891 2310 3946 nobis
2343 3898 2526 3962 pereat
2554 3891 2607 3943 in
2638 3887 2841 3953 futuro,
2874 3886 3015 3941 sicut
3038 3899 3100 3938 ex
3127 3881 3247 3951 ipso
3286 3881 3435 3934 lucet
3461 3874 3721 3947 principio

2153 3984 2420 4040 lectionis.
2453 4002 2473 4035 ι
2504 3980 2570 4036 Et
2596 3981 2652 4035 in
2676 3992 2923 4035 sermone
2950 3991 3039 4029 ενι
3074 3992 3087 4028 :
3124 3991 3143 4024 ι
3176 3971 3290 4025 Ibat
3312 3969 3383 4023 ad
3414 3983 3612 4022 eorum
3639 3979 3724 4018 cu-

2154 4091 2291 4141 ram,
2322 4074 2520 4145 quibus
2538 4073 2650 4142 jam
2680 4072 2917 4126 humana
2940 4065 3217 4122 deiecerat
3252 4076 3388 4117 cura
3410 4103 3425 4127 ,
3462 4060 3609 4113 sicut
3637 4057 3728 4110 ho-

2152 4167 2339 4223 dierna
2390 4165 2679 4236 probatum
2708 4172 2789 4218 est
2820 4160 3071 4215 lectione.
3111 4176 3130 4210 »
3177 4154 3313 4210 Item
3354 4168 3531 4208 serm.
3561 4162 3723 4205 mn:

2159 4281 2177 4314 ι
2211 4260 2482 4315 Hodierna
2505 4256 2734 4312 lectione
2771 4251 2960 4307 didicit
3002 4257 3241 4305 attentus
3275 4246 3523 4301 auditor.
3554 4262 3575 4295 ι
3627 4241 3725 4295 Lee

2151 4352 2451 4410 ctionarius
2470 4349 2553 4405 vel
2579 4348 2775 4403 Comes
2802 4343 2944 4415 apud
2973 4340 3273 4397 Pamelium
3296 4348 3451 4392 tomo
3482 4336 3507 4388 I
3544 4334 3723 4388 Litur-

2152 4446 2316 4515 gicam
2365 4439 2542 4495 editus
2567 4446 2680 4501 est,
2710 4448 2824 4506 quo
2850 4432 3196 4489 continentur
3241 4443 3310 4483 ex
3350 4426 3638 4496 prophetis
3677 4432 3726 4477 et

2081 4565 2129 4623 ι)
2154 4533 2413 4605 Apostolo
2464 4529 2722 4586 lectiones
2766 4541 2861 4596 per
2895 4532 3065 4578 totum
3106 4519 3235 4575 anni
3282 4517 3623 4574 curriculum
3652 4516 3728 4569 le-

2155 4630 2358 4697 gendm,
2389 4641 2485 4696 per
2513 4625 2697 4678 divum
2742 4621 3131 4691 Hieronymum
3164 4616 3439 4678 collectae,
3490 4622 3557 4667 ut
3616 4610 3730 4665 vult

2157 4714 2483 4782 Micrologus
2516 4718 2591 4772 De
2647 4716 2829 4771 eccles.
2883 4714 3111 4779 0bserv.,
3162 4725 3284 4780 cap.
3331 4709 3438 4772 25,
3483 4716 3543 4761 et
3600 4706 3726 4759 alibi

2149 4811 2369 4879 saepius.
2390 4807 2566 4861 Berno
2596 4803 2883 4876 Augiensis
2906 4801 2982 4855 De
2996 4800 3193 4875 .missa,
3217 4805 3268 4850 et
3286 4793 3530 4849 Joannes
3574 4792 3725 4847 Bele-

2150 4900 2277 4955 thus
2330 4898 2544 4952 Ratian.
2570 4894 2733 4951 divin.
2761 4892 2854 4961 o/f.
2880 4891 3104 4961 cap.57,
3132 4903 3184 4949 el
3209 4903 3320 4943 non
3374 4885 3553 4940 multo
3602 4893 3725 4955 post

2161 5011 2178 5042 ι
2206 4990 2439 5045 Musaeus
2463 4984 2816 5042 Massiliensis
2846 4980 3099 5038 Ecclesia:
3121 4978 3422 5050 presbyter,
3458 4993 3476 5027 ι
3527 4983 3593 5028 ιιι
3618 4983 3728 5027 tra-

2155 5082 2235 5137 dit
2260 5077 2571 5136 Gennadius
2595 5076 2669 5129 De
2690 5072 3032 5143 scriptoribus
3053 5065 3423 5124 ecclesiasticis
3451 5066 3601 5132 (cap.
3637 5062 3728 5127 79)

2162 5193 2179 5227 ι
2214 5172 2298 5227 vir
2326 5172 2379 5226 in
2416 5170 2614 5225 divinis
2642 5164 2939 5236 Scripturis
2963 5162 3175 5225 doctus,
3206 5167 3260 5212 et
3287 5157 3343 5210 in
3372 5169 3567 5209 earum
3602 5166 3726 5205 sen-

2157 5266 2309 5322 sibus
2363 5261 2717 5318 subtilissima
2766 5257 2999 5329 quadam
3035 5250 3421 5308 exercitatione
3467 5245 3726 5302 limatus.

2157 5358 2341 5426 lingua
2370 5367 2587 5425 quoque
2631 5349 3011 5421 scholasticus,
3049 5346 3264 5399 hortatu
3296 5339 3471 5397 sancti
3503 5334 3727 5392 Vener-ii

2159 5446 2419 5517 episcopi,
2449 5443 2721 5514 excerpsit
2765 5441 2833 5496 de
2889 5438 3090 5496 sanctis
3138 5431 3436 5504 Scripturis
3464 5429 3729 5485 lectiones

495 5540 873 5613 [ἀναγνώσεις,
896 5544 1263 5618 ,ἀκούσματαῖ
1297 5554 1454 5600 erant
1476 5547 1494 5616 (
1512 5520 1786 5615 cujus-rei
1817 5543 2061 5597 luculen-

2161 5538 2326 5593 totius
2349 5536 2476 5591 anni
2504 5534 2717 5590 festivis
2739 5531 2930 5587 diebus
2959 5538 3135 5599 aptas,
3169 5522 3515 5594 responsoria
3538 5520 3727 5581 etiam,

499 5639 612 5685 tum
669 5634 808 5688 inter
871 5635 977 5691 alia
1026 5636 1396 5692 testimonium
1452 5644 1629 5690 exstat
1679 5634 1732 5688 in
1791 5631 2059 5703 Hippolyti

2160 5630 2495 5701 psalmorum
2526 5624 2759 5698 capitula
2794 5620 3126 5693 temporibus
3152 5627 3205 5673 et
3237 5613 3568 5672 lectionibus
3592 5626 3728 5666 con-

570 5746 647 5821 (5)
674 5745 1057 5821 Interpretatus
1083 5760 1165 5805 est
1205 5762 1363 5820 atque
1397 5751 1565 5807 edidit
1596 5753 1695 5809 hoc
1726 5747 2043 5821 opusculum
2105 5746 2217 5814 ipse
2274 5744 2503 5799 Allatius
2553 5757 2672 5799 cum
2743 5745 3075 5811 syntagmate
3109 5732 3429 5790 doctissimo
3465 5727 3539 5782 De
3567 5742 3728 5797 enga-

503 5812 1074 5888 urimyt'ho,Lugduni
1116 5812 1364 5879 1629.1.
1398 5820 1465 5876 Μ.
