3876 6536
242 411 382 467 121⁸5

1086 401 1333 456 LEONIS
1371 398 1642 453 ALLATII
1678 398 1997 454 DIATRIBA
2038 396 2123 450 DE
2162 393 2566 450 THEODORIS.

3324 392 3459 447 ΕΗ

233 523 486 591 ατιιεηιίιι
510 562 525 586 ,
554 521 697 591 quod
728 535 866 591 opus
895 528 1004 573 tam
1049 517 1414 572 necessarium
1442 528 1473 569 a
1501 514 1793 571 lectoribus
1823 519 1868 573 Λ
1895 511 2049 579 quasi
2077 510 2186 565 Deo
2215 509 2392 565 dicere
2416 522 2600 563 secum
2630 506 2884 562 invicem.
2924 524 2942 557 ι
2979 504 3117 572 Quid
3146 506 3246 561 iste
3268 518 3460 564 cantus

230 612 291 669 In
320 610 559 665 Ecclesia
584 610 865 680 probatur,
894 618 950 663 ut
981 606 1275 675 expetitum
1300 614 1354 660 et
1379 604 1790 660 sollicitudinem

230 702 388 756 tollat
410 713 464 757 et
493 717 701 757 moram
724 740 738 765 ,
768 700 1017 770 plebique
1052 698 1259 768 ingerat
1298 696 1611 762 scientiam,
1648 695 1789 750 cele-

230 793 527 863 britatique
554 793 822 847 decorem.
865 811 884 844 ι
922 790 1117 845 Eadem
1156 788 1349 860 repetit
1378 788 1647 844 Honorius
1681 788 1789 840 Au-

229 881 655 950 gustodunensis
704 880 779 935 De
834 881 1175 948 scriptoribus
1203 879 1294 949 (ιι,
1360 878 1450 947 78)
1484 878 1539 931 in
1586 876 1788 930 Μυεωο

227 969 577 1025 Massiliensi.
606 968 681 1023 De
710 967 1009 1037 Scripturis
1030 967 1134 1037 legi
1170 965 1347 1021 solitis
1380 966 1435 1018 in
1467 962 1706 1019 Ecclesia
1734 968 1788 1015 et

225 1074 420 1113 eorum
437 1058 888 1128 expositionibus,
911 1055 1035 1110 vide
1064 1054 1341 1110 Socratem
1364 1054 1463 1108 lib.
1483 1068 1537 1119 v,
1554 1066 1672 1121 cap.
1694 1050 1783 1113 22,

223 1162 283 1208 et
308 1151 670 1221 Nicephorum
697 1149 977 1204 Callistum
1000 1148 1093 1203 lib.
1120 1163 1195 1202 xu
1216 1186 1231 1212 ,
1263 1161 1385 1224 cap.
1416 1144 1505 1199 54.

300 1240 377 1296 De
415 1240 631 1313 hymnis
672 1252 888 1309 quoque
928 1237 1195 1293 dubitabit
1243 1235 1506 1290 Rivetus‘l
1555 1233 1664 1289 Nos
1691 1231 1785 1302 qui

219 1331 460 1401 singulis
501 1330 651 1386 horis
679 1328 735 1384 in
764 1328 930 1398 gestis
959 1327 1228 1397 dictisque
1252 1324 1455 1381 Christi
1476 1339 1780 1388 versamur,

219 1422 431 1476 scimus
484 1420 762 1476 Christum
827 1428 950 1490 post
989 1431 1200 1474 sacram
1251 1431 1464 1474 coenam
1522 1418 1781 1487 hymnum

216 1513 468 1567 dixisse:
506 1510 819 1579 hortarique
849 1508 1108 1575 Paulum,
1152 1524 1171 1558 ι
1208 1516 1267 1563 ιιι
1302 1523 1402 1563 nos
1430 1508 1658 1562 invicem
1682 1506 1781 1561 do-

216 1617 446 1657 ceamus
465 1643 479 1667 ,
512 1609 673 1670 atque
697 1614 1142 1656 commoneamus
1180 1600 1400 1669 psalmis
1419 1638 1434 1663 ,
1464 1598 1701 1671 hymnis,
1727 1605 1782 1653 et

213 1693 451 1750 canticis
476 1692 848 1761 Spiritualibus
895 1707 1091 1748 canere
1111 1735 1125 1759 ,
1161 1710 1179 1745 ι
1224 1691 1290 1746 ad
1319 1690 1532 1746 Coloss.
1563 1704 1651 1755 ιιι,
1690 1687 1776 1743 l6.

217 1783 287 1838 Et
317 1783 383 1837 ad
424 1782 685 1853 Ephesios
738 1798 791 1845 v,
844 1782 957 1837 l9:
1004 1801 1023 1834 ι
1064 1782 1364 1854 lmplemini
1415 1778 1650 1851 Spiritu,
1699 1778 1779 1831 lo-

1894 602 2075 669 fuerit,
2098 603 2297 657 haheat
2327 600 2429 655 sibi
2464 598 2685 654 Rivetus
2714 612 2781 654 ex
2806 596 3059 653 Conrado
3097 597 3453 661 Ritterhusio.

1890 701 1946 746 et
1972 691 2265 747 Francisco
2311 690 2611 753 Balduino,
2656 704 2793 759 quos
2826 690 2904 743 uti
2948 690 3198 759 proprios
3223 731 3238 757 ,
3280 698 3455 762 magis

1888 784 2049 837 etiam
2079 783 2182 837 sibi
2215 782 2479 852 prepitios
2503 781 2559 835 in
2594 780 2699 835 hoc
2728 780 2976 852 negotior
2996 782 3453 838 habebit-Carmi-

1890 890 1956 929 na
1984 875 2079 929 illa
2124 874 2558 930 Christianorum
2600 871 2865 927 trifariam
2912 871 3168 929 distincta
3211 883 3338 930 sunt
3384 876 3454 931 ab

1886 964 2165 1035 Apostolo,
2220 966 2274 1020 in
2318 966 2579 1035 psalmos,
2616 965 2879 1035 hymnos,
2918 974 2973 1019 et
3017 966 3150 1022 odas
3199 966 3452 1037 spiritua-

1886 1054 1994 1119 les,
2046 1072 2167 1125 qua:
2215 1057 2458 1111 carmina
2494 1056 2632 1110 inter
2673 1070 2733 1110 se
2780 1055 2853 1110 ita
2894 1053 3108 1113 diﬂerre
3143 1067 3351 1127 putant,
3390 1068 3451 1114 ut

1883 1148 2109 1216 psalmis
2160 1148 2533 1216 signiﬁcentur
2570 1162 2909 1217 quaecunque
2934 1163 3101 1203 sacrae
3137 1150 3447 1216 conciones,

1882 1238 2047 1293 variis
2078 1239 2413 1307 argumentis
2458 1239 2713 1309 scriptae;
2761 1238 2995 1309 hymnis,
3047 1239 3233 1294 laudes
3279 1240 3449 1294 divini

1883 1329 2121 1385 nominis
2150 1330 2236 1385 vel
2275 1339 2621 1397 sanctorum;
2652 1331 2772 1387 edis
2794 1332 2906 1387 sive
2927 1332 3177 1398 canticis,
3206 1334 3446 1402 peculia-

1880 1436 1969 1475 res
1991 1422 2237 1491 quaedam
2276 1430 2331 1478 et
2356 1423 2529 1492 magis
2576 1422 2884 1478 artiﬁciosae
2914 1423 3217 1487 cantiones,
3248 1439 3370 1493 quae
3395 1433 3450 1479 et

1879 1511 2011 1582 ipsae
2035 1514 2252 1584 quidem
2274 1516 2589 1569 contineant
2617 1515 2823 1581 laudes,
2846 1516 2940 1571 sed
2977 1516 3290 1584 augustiore
3312 1532 3447 1586 qua-

1879 1602 2003 1658 dam
2042 1614 2095 1659 et
2132 1605 2437 1660 sublimiori
2485 1604 2659 1660 forma
2700 1606 3072 1675 compositas.»
3100 1604 3236 1664 Tum
3253 1608 3449 1676 probat

1877 1696 2201 1749 auctoritate
2228 1696 2601 1767 Chrysostomi
2628 1697 2814 1752 homil.
2843 1713 2898 1751 ιι
2931 1696 3039 1769 (ed.
3062 1696 3249 1752 Montf.
3278 1708 3317 1753 t.
3351 1697 3442 1763 XI,

1877 1798 1931 1853 p.
1963 1783 2088 1853 592)
2117 1784 2171 1838 in
2204 1784 2372 1855 Epist.
2426 1786 2495 1841 ad
2528 1787 2741 1847 Coloss.
2785 1789 3020 1859 hymnos
3053 1788 3277 1857 psalmis
3310 1788 3449 1857 ipsis

212 1882 448 1945 quentes
475 1874 876 1943 vobismetipsis
906 1874 958 1928 in
993 1874 1216 1945 psalmis
1245 1881 1300 1930 et
1328 1872 1543 1945 hymnis
1574 1880 1623 1927 et
1649 1886 1779 1927 ean-
1814 1867 1855 1920 Β
1882 1875 2200 1931 diviniorem
2253 1893 2365 1933 rem
2422 1893 2544 1933 esse
2600 1891 2764 1949 atque
2820 1880 3215 1934 sublimiorem.
3268 1879 3441 1935 Verba

214 1967 344 2022 ticis
364 1965 733 2036 spiritualibus
751 2007 766 2033 ,
792 1973 1101 2033 cantantes,
1133 1975 1187 2021 et
1211 1965 1499 2035 psallentes
1524 1964 1578 2019 in
1602 1964 1778 2020 cordi-

214 2057 321 2112 bus
373 2056 565 2111 vestris
624 2054 871 2109 Domino.
914 2074 933 2108 ι
986 2055 1408 2127 Chrysostomus
1453 2056 1541 2127 (in
1585 2054 1771 2109 Matth.

213 2146 403 2201 homil.
438 2146 645 2215 Luxu)
676 2160 936 2200 enarrans
966 2146 1076 2212 illa,
1102 2145 1168 2199 Et
1213 2147 1402 2216 hymno
1428 2147 1590 2209 dicto,
1618 2147 1776 2201 exivit

210 2237 267 2289 in
290 2247 515 2291 montem
541 2236 729 2292 Oliveti
746 2255 764 2291 :
796 2256 814 2289 ι
845 2237 1081 2301 Gratias,
1108 2238 1300 2307 inquit,
1325 2238 1457 2308 agit,
1489 2246 1771 2307 postquam

209 2327 484 2394 dedisset;
525 2328 783 2397 hymnum
816 2328 1033 2391 cecinit,
1060 2338 1119 2382 ut
1152 2344 1251 2383 nos
1278 2344 1497 2397 quoque
1523 2328 1574 2383 id
1597 2328 1771 2398 ipsum

208 2418 501 2475 faciamus.
538 2438 557 2471 ι
590 2419 656 2474 Et
678 2421 974 2490 apostolos,
1005 2430 1058 2476 et
1081 2421 1401 2477 subsccutos
1436 2420 1773 2476 Christianos

207 2510 447 2579 hymnos
471 2527 502 2565 a
535 2527 592 2567 se
626 2512 977 2581 compositos,
1003 2513 1084 2567 vel
1115 2513 1182 2567 ab
1206 2512 1389 2582 aliquo
1408 2523 1593 2568 vatum
1621 2522 1769 2567 vete-

208 2612 335 2649 rum
381 2599 694 2668 desumptos
735 2601 1037 2668 cecinisse,
1085 2601 1464 2671 exstitisseque
1508 2617 1571 2656 ea
1616 2610 1772 2657 aetate

208 2687 455 2741 carmina
481 2688 659 2757 prisca
690 2706 845 2745 versu
874 2691 1136 2757 trimetro,
1166 2701 1220 2746 et
1247 2691 1475 2762 hymnos
1508 2706 1633 2746 cum
1656 2692 1771 2747 suis

205 2780 522 2835 accentibus
549 2782 689 2835 inter
713 2797 867 2836 sacra
909 2791 1034 2837 ante
1062 2784 1251 2839 altaria
1281 2784 1546 2851 canenda,
1579 2786 1772 2855 probat

206 2871 534 2927 testimoniis
587 2871 806 2929 Patrum
849 2874 1084 2932 Joannes
1124 2876 1429 2946 Stephanus
1475 2876 1769 2933 Durantius

206 2961 286 3015 De
311 2963 498 3017 ritibus
553 2964 755 3021 Eccles.
810 2968 1030 3033 cathol.,
1061 2969 1153 3023 lib.
1192 2942 1276 3035 tu,
1314 2986 1434 3039 cap.
1477 2971 1562 3025 14.
1589 2970 1654 3025 Et
1703 2942 1801 3025 ne,

205 3069 312 3109 nos
334 3055 388 3112 in
419 3056 554 3113 adeo
584 3059 761 3127 opima
793 3061 1047 3131 lautaque
1072 3077 1226 3117 cmna
1243 3061 1413 3134 jejuni
1437 3079 1556 3119 esse
1585 3064 1768 3119 videa-

203 3160 353 3211 mur,
381 3147 697 3217 adﬁciemus
725 3140 985 3206 nonnulla
1006 3169 1127 3223 qua:
1165 3162 1356 3221 erunt,
1388 3154 1435 3209 si
1468 3155 1608 3209 ratio
1632 3165 1767 3209 tem-

201 3237 356 3305 poris
390 3239 776 3308 consideretur,
806 3244 1203 3314 antiquissima.
1241 3246 1391 3301 Philo
1416 3245 1635 3302 Judaeus
1669 3246 1762 3302 lib.

205 3326 283 3382 De
322 3328 426 3382 vita
454 3331 507 3387 in
534 3332 967 3401 contemplatione
995 3336 1186 3403 posita,
1218 3352 1520 3392 sermonem
1565 3338 1767 3393 habens

198 3418 269 3471 de
304 3416 524 3475 Essenis
552 3462 567 3485 ,
595 3420 922 3477 Christianis
970 3423 1176 3478 scilicet
1204 3424 1256 3478 in
1298 3424 1417 3493 ipso
1446 3431 1639 3479 exortu
1668 3422 1766 3478 Ec-

196 3509 402 3576 clesiae,
428 3520 487 3565 ut
512 3512 813 3568 doctissimi
865 3515 1067 3585 quique
1107 3514 1528 3572 afﬁrmatissime
1549 3532 1764 3572 asseve-

197 3608 358 3665 rant,
389 3611 443 3656 et
486 3599 681 3659 Suidas
716 3604 928 3661 titulum
966 3604 1193 3674 praebuit
1242 3606 1314 3661 De
1358 3608 1465 3663 vita
1506 3606 1766 3662 Christia-

194 3706 421 3754 norum,
470 3692 626 3761 cujus
669 3695 833 3749 verba
877 3694 1187 3762 referuntur
1229 3699 1296 3753 ab
1338 3698 1573 3755 Eusebio
1617 3700 1761 3755 Hist.

191 3778 329 3832 εισι.
363 3778 454 3833 lib.
489 3796 557 3847 ιι,
582 3798 701 3852 cap.
733 3784 819 3849 l7,
849 3787 915 3840 de
935 3801 1123 3842 eorum
1158 3789 1402 3845 ecclesiis
1437 3789 1632 3845 refert:
1678 3793 1764 3846 'Ev

189 3863 240 3937 ᾧ
264 3870 583 3943 μονούμενοι
610 3874 676 3929 τὰ
699 3878 791 3932 τοῦ
823 3879 1022 3949 σεμνοῦ
1039 3880 1149 3951 βίου
1184 3883 1452 3955 μυστήρια
1466 3883 1761 3950 τελοῦνται,

193 3962 370 4035 μηδὲν
403 3965 831 4036 εἰσκομίζοντες,
865 3972 940 4043 μὴ
976 3973 1155 4039 ποτὸν,
1199 3975 1273 4047 μὴ
1302 3976 1486 4035 σιτίον.
1523 3978 1595 4049 μή
1625 3979 1686 4031 τέ
1710 3996 1763 4032 τι

188 4052 306 4105 τῶν
338 4052 531 4119 ἄλλων,
561 4058 661 4112 ὅσα
695 4060 829 4131 πρὸς
860 4062 957 4127 τὰς
987 4063 1078 4117 τοῦ
1107 4064 1353 4136 σώματος
1386 4067 1573 4138 χρείας
1598 4069 1764 4136 ἀναγ-

189 4146 329 4204 καῖα
348 4186 363 4209 ,
392 4146 524 4201 ἀλλὰ
550 4150 744 4220 νόμους
788 4154 879 4207 καὶ⁴
930 4153 1085 4222 λόγια
1133 4155 1490 4211 Θεσπισθέντα
1514 4159 1599 4212 διὰ
1632 4177 1762 4230 προ-

186 4236 403 4304 φητῶν,
430 4240 519 4291 καὶ
546 4239 766 4310 ὕμνους.
809 4262 826 4295 ι
867 4242 922 4298 In
950 4260 1058 4315 quo
1082 4245 1155 4304 illi
1174 4246 1243 4301 ab
1276 4248 1396 4304 aliis
1423 4250 1656 4318 separati
1678 4265 1762 4304 se-

182 4326 475 4395 junctique
502 4328 621 4383 vitm
650 4330 750 4400 pia:
784 4334 1038 4404 mysteria
1064 4336 1285 4403 obeunt,
1308 4336 1549 4408 nihilque
1582 4354 1647 4393 eo
1678 4339 1762 4392 vel

183 4414 321 4479 cibi,
359 4418 441 4469 vel
471 4419 726 4486 potionis,
753 4422 837 4475 vel
868 4423 1097 4479 aliarum
1141 4439 1343 4493 rerum,
1375 4442 1497 4497 quas
1539 4427 1606 4481 ad
1639 4442 1761 4483 cor-

186 4507 351 4574 poris
386 4523 543 4562 usum
587 4514 907 4567 necessariae
945 4523 1104 4584 sunt,
1140 4518 1363 4573 omnino
1392 4535 1577 4575 secum
1625 4518 1760 4573 infe-
1792 4544 1835 4599 ι)

185 4605 364 4651 runt:
422 4600 517 4655 sed
564 4602 709 4672 leges
766 4611 819 4658 et
854 4608 1074 4661 oracula
1107 4624 1137 4661 a
1177 4610 1456 4679 prophetis
1495 4610 1755 4665 divinitus

182 4689 360 4756 edita,
390 4690 743 4764 hymnosque.
784 4717 801 4749 ι
836 4698 899 4753 Ει
922 4699 1057 4753 infra
1083 4702 1257 4771 magis
1282 4712 1464 4771 aperte
1494 4728 1507 4758 -.
1543 4702 1669 4757 ὡστ’
1694 4705 1755 4757 οὐ

182 4775 457 4847 Θεωροῦσι
515 4781 708 4849 μόνον,
750 4784 885 4840 ἀλλὰ
944 4789 1038 4841 καὶ
1092 4788 1335 4849 ποιοῦσιν
1394 4791 1613 4863 ᾅσματα
1664 4795 1756 4847 καὶ

182 4866 395 4937 ὕμνους
420 4871 503 4934 είς
550 4873 641 4927 τὸν
684 4875 816 4929 Θεὸν
856 4878 945 4932 διὰ
994 4882 1261 4937 παντοίων
1294 4882 1507 4956 μέτρων
1537 4888 1629 4940 καὶ
1662 4903 1756 4955 με-

178 4958 330 5025 λῶν,
383 4959 609 5033 ρύθμοις
647 4968 994 5041 σεμνοτέροις
1029 4971 1338 5041 ἀναγκαίως
1368 4975 1750 5047 χαράσσοντες.

185 5070 207 5103 ι
248 5050 327 5107 lta
368 5053 525 5121 plane
568 5073 675 5113 non
726 5064 1169 5133 contemplationi
1202 5069 1379 5122 solum
1405 5084 1465 5125 se
1508 5070 1752 5137 dedunt,

177 5142 284 5198 sed
313 5144 479 5199 etiam
512 5150 793 5207 cautiones
827 5164 881 5208 et
902 5155 1134 5225 hymnos
1158 5157 1223 5212 ad
1254 5158 1349 5213 Dei
1376 5160 1588 5216 laudem
1612 5177 1755 5217 com-

187 5241 406 5301 ponunt
437 5239 585 5292 omni
614 5250 915 5298 metrorum
945 5260 1009 5300 ac
1029 5247 1457 5303 modulationum
1487 5267 1701 5322 genere.
1729 5272 1747 5304 ι

176 5322 397 5379 Plinius
431 5327 453 5394 (
466 5343 641 5399 neque
671 5334 816 5389 enim
864 5336 1163 5393 absurdum
1206 5338 1370 5396 fuerit
1411 5344 1480 5397 ad
1534 5353 1751 5399 nostras

175 5428 273 5467 res
300 5417 753 5485 comprobandas,
777 5438 843 5478 ex
876 5424 1113 5483 inimicis
1145 5429 1400 5488 Ecclesiae
1444 5434 1750 5490 testimonia

177 5510 427 5570 sumere)
469 5504 524 5560 in
563 5510 792 5579 epistola
824 5515 892 5568 ad
937 5516 1231 5588 Trajanum
1271 5523 1392 5593 (lib.
1422 5540 1456 5581 ι
1481 5566 1497 5591 ,
1545 5525 1636 5595 97)
1684 5526 1752 5580 de

177 5596 515 5655 Christianis
548 5617 561 5652 :
597 5619 615 5651 ι
644 5602 997 5665 AlIirmabant
1023 5621 1203 5668 autem
1227 5615 1367 5671 hanc
1400 5616 1570 5673 fuisse
1595 5634 1746 5674 sum-

190 5702 325 5744 man
354 5689 442 5744 vel
470 5688 637 5759 culpa:
668 5708 783 5749 sua:
811 5698 893 5752 vel
919 5702 1118 5755 erroris
1139 5743 1155 5768 ,
1203 5710 1346 5773 quod
1377 5715 1558 5763 essent
1603 5710 1751 5764 soliti

163 5787 317 5834 stato
342 5774 445 5833 'die
471 5790 595 5842 ante
620 5785 789 5845 lucem
826 5794 1132 5854 convenire.
1162 5808 1490 5865 carmenque
1528 5797 1747 5855 Christo

1875 1965 2246 2036 Chrysostomi
2275 1979 2401 2023 sunt
2429 1988 2441 2022 :
2475 1970 2638 2023 Ὅταν
2679 1969 2889 2033 τούτοις
2912 1972 2977 2023 ὲκ
3018 1970 3206 2033 παιδὸς
3249 1970 3441 2041 ὲνάξῃς

1874 2057 2056 2121 αὑτὸν,
2090 2059 2228 2112 κατὰ
2260 2060 2451 2132 μικρὸν
2486 2061 2579 2114 καὶ¹
2607 2061 2699 2114 ἐπὶ
2736 2060 2803 2113 τὰ
2835 2060 3139 2132 ὑψηλότερα
3172 2060 3317 2126 ἄξεις
3343 2080 3356 2092 ⁸
3391 2064 3441 2115 οί

1873 2145 2074 2217 ψαλμοὶ
2091 2148 2266 2201 πάντα
2294 2148 2522 2217 ἔχουσιν,
2542 2150 2591 2202 οἱ
2617 2149 2674 2202 δὲ
2696 2148 2851 2219 ὕμνοι
2882 2149 3041 2205 πάλιν
3063 2150 3214 2203 οὐδὲν
3234 2150 3443 2221 ἀνθρώ-

1876 2254 2045 2291 πινον·
2077 2240 2202 2293 ὅταν
2235 2242 2291 2293 ὲν
2322 2243 2434 2303 τοῖς
2463 2241 2697 2311 ψαλμοῖς
2723 2242 2867 2315 μάθῃ
2886 2282 2901 2306 ,
2936 2243 3055 2296 τότε
3103 2244 3197 2297 zeal.
3240 2243 3441 2314 ὕμνους

1874 2328 2075 2381 εἴσεται
2118 2331 2212 2384 ἆτε
2259 2331 2523 2404 θειότερον
2556 2335 2804 2404 ἰτρὲἰγμα⁹
2832 2335 2888 2386 αί
2916 2333 3024 2405 γὰρ
3049 2333 3161 2389 ἄνω
3184 2334 3440 2405 δυνάμεις

1873 2421 2151 2491 ὑμνοῦσιν,
2173 2424 2232 2476 οὐ
2252 2422 2559 2493 ψάλλουσιν.
2596 2442 2614 2474 ι
2648 2422 2706 2478 Si
2735 2440 2765 2478 a
2787 2440 2956 2494 puero
2980 2426 3098 2480 istis
3127 2425 3440 2481 assuefece-

1872 2511 1947 2565 ris
1981 2526 2128 2575 eum,
2159 2512 2419 2580 paulatim
2447 2521 2501 2567 et
2523 2513 2589 2567 ad
2618 2513 2933 2568 sublimiora
2959 2514 3214 2569 deduces.
3240 2514 3438 2569 Psalmi

1870 2602 2302 2670 complectuntur
2328 2603 2531 2657 omnia.
2564 2602 2776 2659 Rursus
2809 2615 2862 2658 et
2892 2604 3077 2674 hymni
3104 2619 3324 2674 quoque
3350 2604 3438 2658 ni-

1872 2692 1946 2746 hil
1983 2692 2183 2747 habent
2213 2692 2459 2749 humani.
2500 2692 2652 2759 Quod
2686 2694 2731 2748 si
2782 2694 2839 2750 in
2884 2696 3111 2765 psalmis
3142 2697 3439 2753 instructus

1864 2781 2052 2847 fuerit,
2080 2792 2194 2838 tum
2223 2797 2276 2840 et
2304 2785 2533 2857 hymnos
2556 2786 2814 2857 intelliget
2840 2801 2904 2842 ac
2934 2788 3069 2842 sciet
3110 2796 3295 2857 utpote
3324 2804 3439 2843 rens

1869 2875 2210 2929 diviniorem.
2246 2874 2458 2930 Etenim
2489 2884 2785 2946 potestates
2816 2893 3026 2946 supera:
3048 2879 3278 2950 hymnos
3308 2894 3439 2934 con-

1868 2965 2077 3030 cinunt,
2107 2980 2216 3018 non
2251 2966 2509 3035 psallunt.
2544 2984 2563 3018 ι
2600 2963 2871 3021 Hactenus
2902 2965 3220 3021 Balduinus.

1940 3054 2306 3111 Tertullianus
2338 3056 2394 3110 in
2446 3055 2705 3127 Apolog.,
2756 3070 2880 3125 cap.
2933 3056 3031 3121 59,
3074 3056 3141 3111 de
3184 3056 3438 3110 convivio

1866 3143 2301 3201 Christianorum
2330 3165 2344 3201 :
2378 3165 2397 3199 ι
2427 3142 2557 3201 Post
2576 3160 2771 3216 aquam
2795 3146 3100 3201 manualem
3126 3155 3178 3201 et
3207 3147 3435 3214 lumina,

1869 3247 1929 3294 ut
1964 3240 2215 3311 quisquis
2248 3242 2315 3297 de
2339 3240 2636 3310 Scripturis
2656 3240 2879 3305 sanctis,
2908 3240 2993 3295 vel
3021 3240 3087 3295 de
3113 3240 3333 3310 proprio
3358 3240 3437 3294 in-

1867 3332 2023 3401 genio
2059 3340 2252 3400 potest,
2291 3341 2617 3402 provocatur
2652 3330 2706 3384 in
2729 3331 2968 3385 medium
2999 3329 3109 3385 Deo
3151 3346 3368 3386 canere.
3409 3348 3429 3383 ι

1868 3424 1999 3477 Item
2038 3424 2135 3481 lib.
2170 3440 2208 3479 ιι
2233 3424 2310 3494 (ἰιι
2344 3424 2470 3491 line)
2511 3424 2592 3478 Ad
2638 3440 2882 3491 uxorem,
2925 3422 3263 3477 Christianos
3313 3436 3436 3477 sese

1866 3523 2057 3569 mutuo
2089 3529 2433 3584 provocasse,
2465 3514 2589 3585 quis
2622 3514 2815 3568 melius
2859 3512 2969 3567 Deo
3017 3526 3119 3566 suo
3164 3520 3383 3566 caneret
3415 3527 3431 3564 :

1867 3620 2040 3674 neque
2070 3604 2245 3661 solum
2278 3605 2332 3658 in
2357 3604 2586 3661 ecclesia
2615 3613 2709 3659 aut
2754 3612 2921 3668 coetu,
2959 3601 3056 3659 sed
3107 3602 3163 3656 in
3207 3601 3435 3671 privatis

1864 3696 2298 3752 Christianorum
2346 3696 2593 3762 aedibus,
2632 3696 2872 3768 psalmos
2928 3694 3277 3752 concinuisse
3333 3695 3431 3751 ait.

1864 3786 2022 3842 Certe
2044 3787 2098 3841 in
2122 3787 2208 3852 iis,
2241 3795 2301 3842 ut
2324 3787 2376 3841 ia
2403 3788 2632 3843 ecclesia
2658 3828 2673 3852 ,
2719 3802 2907 3857 preces
2952 3786 3204 3843 sonuisse
3241 3786 3433 3842 scribit

1862 3876 2169 3948 Cyprianus
2200 3879 2268 3931 ad
2295 3888 2571 3948 martyres.
2600 3876 2704 3931 Sed
2731 3886 2786 3932 et
2815 3877 3067 3933 Clemens
3112 3877 3432 3931 Alexandri-

1864 3986 1967 4025 nus
2003 3969 2096 4025 lib.
2124 3986 2201 4027 vu
2232 3970 2371 4041 (cap.
2403 3970 2458 4039 7)
2489 3968 2820 4024 Stromatum
2852 3968 3055 4023 indicat
3106 3968 3276 4023 moris
3295 3967 3434 4021 fuis—

1863 4077 1942 4128 se,
1970 4071 2032 4116 ut
2058 4076 2182 4116 cum
2210 4061 2391 4116 cibum
2416 4074 2695 4117 sumerent
2718 4060 3035 4127 Christiani,
3061 4059 3253 4129 psalmi
3275 4060 3430 4129 hym-

1862 4151 2030 4220 nique
2056 4160 2435 4220 personarent,
2470 4163 2575 4207 etc.
2613 4151 2729 4207 Erit
2765 4165 2896 4222 ergo
2941 4165 3161 4205 carmen
3211 4163 3431 4215 canere,

1865 4241 2093 4312 hymnos
2151 4241 2205 4295 in
2254 4241 2441 4297 laudes
2485 4242 2654 4297 divini
2700 4243 2938 4301 nominis
2986 4242 3069 4296 vel
3112 4248 3428 4297 sanctorum

1862 4332 2211 4401 conscriptos
2237 4334 2545 4389 concinere.
2593 4334 2819 4401 Auctor,
2851 4335 2947 4406 qui
2992 4335 3095 4393 sub
3127 4334 3433 4390 Commodo

1862 4422 2131 4478 scribebat
2154 4424 2412 4480 adversus
2442 4425 2754 4482 Artemonis
2772 4427 3046 4493 hzeresim,
3070 4434 3131 4481 ut
3159 4443 3224 4482 ex
3256 4425 3426 4481 Euse-

1863 4511 1935 4564 bii
1967 4510 2209 4565 Historia
2237 4512 2550 4576 ecclesiast.,
2586 4514 2680 4569 lib.
2706 4530 2759 4581 ν,
2785 4529 2905 4584 cap.
2931 4514 3429 4579 27,discimus,sub

1864 4604 2038 4671 initio,
2072 4605 2407 4661 canticorum
2432 4614 2487 4661 et
2510 4607 2833 4678 hymnorum
2866 4608 2920 4660 in
2952 4607 3126 4677 ipsum
3149 4606 3426 4660 Christum

1862 4710 1893 4747 a
1920 4694 2166 4752 ﬁdelibus
2196 4698 2466 4752 editorum
2496 4698 2745 4753 meminit
2781 4716 2795 4752 :
2829 4698 3047 4767 Ψαλμοὶ
3079 4698 3135 4751 δὲ
3176 4699 3287 4750 ὅσοι
3334 4697 3430 4750 καὶ

1861 4786 1995 4857 ᾠδαὶ
2046 4788 2289 4858 ἀδελφῶν
2346 4790 2439 4842 ἀπ’
2492 4791 2666 4861 ἀρχῆς
2732 4790 2835 4844 ὑπὸ
2890 4790 3092 4844 πιστῶν
3137 4792 3427 4861 γραφεῖσαι

1858 4878 1953 4930 τὸν
1986 4878 2156 4947 Λόγον
2183 4878 2275 4932 τοῦ
2302 4878 2436 4933 Θεοῦ
2456 4880 2547 4933 τὺν
2584 4880 2818 4952 Χριστὸν
2860 4880 3088 4952 ὑμνοῦσι
3118 4880 3426 4949 θεολογοῦν-

1858 4985 1969 5032 τες.
2008 4985 2028 5020 ι
2062 4968 2340 5039 Quotquot
2368 4971 2495 5025 item
2525 4972 2719 5040 psalmi
2750 4981 2912 5041 atque
2947 4971 3133 5042 hymni
3158 4972 3228 5025 ab
3268 4970 3425 5025 initio

1861 5060 2156 5130 (nascentis
2174 5076 2366 5131 nempe
2384 5073 2505 5131 post
2518 5060 2794 5117 Christum
2813 5062 3087 5129 Ecclesiaa)
3114 5078 3143 5117 a
3165 5062 3425 5117 fratribus

1859 5152 2173 5222 conscripti,
2206 5153 2261 5206 hi
2292 5166 2481 5208 omnes
2502 5152 2777 5208 Christum
2803 5153 3036 5209 Verbum
3067 5154 3160 5210 Dei
3183 5154 3423 5209 concele-

1857 5246 2056 5311 brant,
2105 5245 2442 5303 divinitatem
2489 5246 2538 5301 ei
2587 5246 2893 5301 tribuendo.
2938 5266 2959 5299 ι
3002 5246 3068 5300 Et
3104 5249 3157 5301 in
3191 5246 3423 5302 concilio

1858 5338 2198 5393 Antiocheno
2239 5337 2343 5393 sub
2384 5336 2678 5392 Aureliano
2712 5338 2855 5407 apud
2886 5338 3135 5395 eumdem
3179 5337 3256 5391 lib
3324 5351 3421 5402 vu,

1858 5446 1977 5500 cap.
2009 5431 2098 5497 50,
2128 5431 2267 5486 inter
2294 5430 2400 5485 alia
2424 5431 2654 5485 crimina
2682 5429 2853 5485 Paulo
2889 5430 3245 5485 Samosateno
3270 5428 3423 5499 obje-

1857 5531 1965 5588 cta,
1999 5538 2105 5577 non
2133 5518 2467 5593 postreme
2508 5522 2684 5577 locum
2721 5524 2984 5589 obtinuit,
3023 5537 3147 5578 eum
3181 5522 3420 5591 psalmos

1854 5624 1908 5669 et
1935 5622 2147 5679 cantus,
2179 5615 2272 5683 qui
2302 5615 2368 5669 ad
2393 5630 2491 5670 sua
2521 5616 2829 5684 temporain
2860 5615 3147 5670 Dominum
3172 5622 3417 5667 nostrum

1855 5707 2070 5763 recitari
2114 5690 2748 5777 solebant,'explosisse,
2789 5715 2844 5762 et
2883 5707 2937 5759 in
2984 5704 3158 5760 media
3189 5700 3418 5758 ecclesia

1855 5802 2079 5859 solemni
2115 5798 2394 5857 Paschalis
2429 5802 2516 5859 die
2546 5801 2833 5871 mulieres,
2871 5816 2991 5871 qua:
3034 5798 3333 5857 cantilenas
3366 5801 3424 5858 in
