3876 6522
459 363 595 420 HIS

1344 359 1588 417 [ΕΘΝιὸ
1625 357 1899 414 ALLATII
1935 355 2257 414 DlATRIBA
2297 357 2384 410 DE
2422 357 2833 414 TlIEODORlS.

3559 353 3704 410 1216

455 483 626 552 ipsius
652 482 837 538 laudes
869 482 1175 550 funderent,
1211 482 1579 538 introduxisse
1613 502 1626 537 :
1657 482 1919 553 Ψαλμοὺς
1961 480 2019 534 δὲ

2122 480 2378 553 φέροντες
2407 481 2559 548 φῶτα
2589 481 2658 535 ἐκ
2680 481 2786 534 τῶν
2819 481 3056 553 κηρίνων
3083 481 3414 553 λαμπάδων,
3447 480 3552 551 τῆς
3600 481 3702 551 βα-

449 581 578 644 τοὺς
606 579 704 651 μὲν
735 580 814 642 εἰς
845 579 934 632 τὸν
966 578 1168 650 Κύριον
1189 579 1345 650 ἡμῶν
1379 578 1584 649 Ἰησοῦν
1608 577 1841 650 Χριστὸν
1884 574 2018 629 παύ-

453 684 574 732 σας,
595 668 670 730 ὡς
690 667 752 739 δὴ
774 668 1089 739 νεωτέρους,
1113 668 1207 721 καὶ
1226 668 1502 739 νεωτέρων
1521 667 1728 739 ἀνδρῶν
1752 665 2024 738 συγγράμ-

456 778 622 834 ματα,
652 763 731 825 είς
754 761 942 814 ἐαυτὸν
969 761 1025 814 δὲ
1058 762 1116 814 ἐν
1151 761 1288 832 μέσῃ
1317 763 1383 832 τῇ
1419 761 1704 832 ἐκκλησίᾳ,
1725 764 1789 832 τῇ
1812 760 2021 832 μεγάλῃ

450 851 544 905 τοῦ
573 851 762 921 Πάσχα
791 851 995 923 ἡμέρᾳ,
1040 851 1346 922 ψαλμῳδεῖν
1380 854 1641 920 γυναῖκας
1677 849 2022 923 παρασκευά-

452 943 578 1008 ζων·
616 938 690 999 ὧν
714 945 808 998 καὶ⁸
835 943 1070 1008 ἀκούσας
1100 945 1164 999 ἄν
1191 962 1274 1008 τις
1301 945 1557 1016 φρίξειεν.
1602 963 1621 995 ι
1673 944 1920 999 Psalmos
1970 951 2023 998 ct

450 1042 666 1097 cantus,
699 1036 791 1104 qui
825 1035 889 1089 ad
925 1034 1140 1088 Domini
1169 1036 1342 1089 nostri
1373 1033 1499 1089 J-esu
1531 1034 1732 1089 Christi
1758 1035 2018 1089 honorem

451 1125 728 1181 decantari
756 1127 1021 1192 solebant,
1054 1135 1312 1196 tanquam
1347 1127 1697 1191 recentiores,
1740 1137 1794 1182 et
1825 1143 1855 1181 a
1890 1126 2022 1181 viris

451 1222 772 1276 reccntioris
805 1223 1082 1276 memoriae
1117 1223 1311 1289 editos,
1339 1223 1571 1293 explosit
1605 1240 1618 1275 :
1653 1230 1706 1276 et
1750 1221 1804 1274 in
1845 1220 2020 1275 media

449 1312 701 1377 ecclesia,
721 1313 951 1368 solemni
979 1313 1262 1370 Paschalis
1293 1315 1401 1379 die,
1433 1314 1708 1378 mulieres,
1741 1318 1861 1382 Quae
1891 1329 2022 1368 can-

451 1405 665 1468 tilenas,
698 1421 834 1474 quas
855 1405 900 1459 si
930 1405 1203 1476 quispiam
1238 1407 1469 1471 audiret,
1496 1406 1655 1477 plane
1673 1407 2020 1460 exhorresce-

450 1506 555 1562 ret,
591 1497 644 1551 in
679 1498 849 1566 ipsius
879 1498 1092 1552 laudem
1126 1497 1448 1564 funderent,
1491 1498 1843 1568 comparavit.
1900 1516 1918 1549 ι
1957 1496 2014 1551 S.

447 1590 783 1659 Augustinus
809 1591 863 1645 in
909 1591 1138 1660 epistola
1174 1608 1262 1659 Lv,
1294 1592 1396 1656 54,
1437 1608 1560 1662 qua:
1597 1602 1678 1647 est
1710 1591 1777 1646 ad
1815 1590 2016 1646 Janua~

448 1683 590 1736 rium
623 1702 636 1737 :
671 1702 689 1734 ι
723 1682 852 1739 Sine
883 1684 1224 1739 dubitatione
1257 1684 1570 1740 faciendum
1607 1694 1691 1740 est
1715 1726 1729 1750 ,
1781 1684 2015 1739 maxime

449 1774 503 1828 id
539 1775 684 1844 quod
711 1776 872 1830 etiam
896 1777 960 1832 de
985 1777 1280 1847 Scripturis
1308 1777 1520 1832 defendi
1553 1786 1749 1848 potest;
1781 1776 1920 1832 sicut
1949 1776 2014 1829 de

449 1865 666 1935 hymnis
698 1875 750 1919 et
782 1867 1008 1935 psalmis
1035 1867 1316 1933 canendis,
1350 1883 1473 1922 cum
1514 1877 1568 1922 et
1596 1867 1767 1937 ipsius
1798 1865 2012 1920 Domini

446 1963 500 2009 et
527 1956 892 2024 apostolorum
927 1957 1226 2014 habeamus
1255 1959 1583 2013 documenta
1606 1968 1658 2013 et
1690 1959 1932 2028 exempla
1963 1967 2016 2013 et

445 2058 728 2116 praecepta.
803 2067 822 2101 ι
874 2048 1175 2104 Concilium
1229 2049 1548 2105 Toletanum
1597 2066 1651 2104 ιν
1706 2051 1814 2120 (ed.
1862 2051 2011 2105 card.

445 2135 680 2204 Aguirrii
710 2147 749 2192 t.
787 2138 873 2205 lll,
907 2156 957 2210 p.
978 2140 1127 2210 568),
1149 2153 1251 2208 cap
1287 2141 1373 2207 l5,
1401 2142 1543 2212 quod
1565 2141 1834 2197 Baronins
1861 2154 2015 2197 vocat

445 2228 857 2286 celeberrimum
883 2241 935 2286 et
965 2233 1212 2302 generale
1245 2232 1345 2304 (4),
1379 2233 1544 2288 tradit
1584 2249 1597 2285 :
1638 2252 1657 2285 ι
1695 2233 1769 2288 De
1798 2233 2012 2305 hymnis

444 2320 606 2374 etiam
633 2325 913 2390 canendis,
945 2334 998 2379 et
1025 2323 1323 2380 Salvatoris
1347 2333 1401 2380 et
1427 2327 1793 2395 apostolorum
1843 2327 2012 2381 habe-

443 2427 566 2466 mus
593 2416 920 2484 exemplum.
955 2435 973 2468 ι
1003 2415 1233 2486 Operam
1262 2417 1378 2488 ipse
1406 2419 1708 2488 perderem,
1728 2419 1772 2474 si
1800 2433 1920 2490 qua:
1944 2417 2011 2472 ad

439 2501 584 2558 hanc
610 2508 888 2561 veritatem
915 2509 1343 2564 confirmandam
1385 2509 1624 2580 faciunt,
1670 2527 1734 2567 ex
1785 2511 2010 2567 Patrum

446 2597 665 2666 scriptis
687 2599 1016 2669 colligerem.
1047 2601 1266 2657 Certum
1306 2612 1389 2658 est
1419 2619 1548 2675 ergo
1581 2614 1632 2659 et
1681 2615 1804 2659 ante
1849 2604 2010 2659 Chri-

446 2696 614 2753 stum,
650 2699 705 2743 et
727 2691 914 2744 eodem
968 2692 1145 2748 adhuc
1178 2697 1496 2763 superstite,
1541 2707 1593 2750 et
1623 2697 1804 2751 statim
1849 2705 2010 2764 atque

441 2777 496 2832 in
525 2779 722 2834 coelum
754 2782 1018 2850 ascendit,
1051 2793 1175 2839 ante
1203 2787 1365 2840 etiam
1411 2788 1586 2856 ipsum
1638 2786 2005 2842 'I‘haumatur-

440 2883 592 2937 gum,
629 2868 812 2925 tideles
860 2871 912 2925 in
960 2873 1187 2928 ecclesia
1241 2875 1492 2947 hymnos,
1542 2879 1636 2948 qui
1688 2877 1785 2933 Dei
1823 2878 2009 2934 laudes

439 2960 800 3030 continerent,
830 2963 1168 3021 decantassc.

505 3049 624 3104 Non
650 3061 732 3107 est
759 3061 936 3110 tamen
982 3058 1349 3124 praetereunda
1395 3061 1689 3118 auctoritas
1740 3061 2003 3134 Socratis,

2121 572 2318 636 σιλίδος
2345 571 2601 638 Εὐδοξίας
2635 572 2978 644 παρεχούσης
3006 572 3104 642 τὴν
3138 575 3218 636 είς
3249 571 3395 626 αύτά
3427 573 3695 640 δαπάνην·

2119 665 2320 736 πλῆθος
2341 666 2490 729 ὄντες
2510 668 2559 719 οἱ
2594 665 3011 737 Ἀρειανίζυντες
3032 667 3125 719 καὶ
3146 666 3448 737 ζηλοτυπία
3470 666 3701 734 ληφθέν-

2117 772 2240 818 τες,
2292 755 2592 826 ἀμύνεσθαί
2631 774 2689 810 τε
2717 797 2732 818 ,
2794 757 2890 810 καὶ
2943 757 3333 828 συμπληγάδας
3377 758 3699 828 ἐπεχεξρων

2119 850 2289 900 ποιεῖν
2312 865 2324 877 ·
2363 849 2441 901 ἐτι
2477 849 2584 920 γὰρ
2616 851 2678 902 ἐκ
2703 850 2803 920 τῆς
2836 849 3207 921 προλαϐούσης
3245 850 3572 914 δυναστείας
3609 850 3696 902 ἔνο

2121 935 2308 1008 θερμοί
2338 954 2395 990 τε
2433 938 2567 1009 πρὸς
2592 939 2768 1010 μάχην
2787 936 2945 1011 ἦσαν,
2979 941 3070 994 καὶ
3098 942 3470 1012 κατεφρόνουν
3497 940 3696 994 αὐτῶν·

2123 1029 2196 1099 μὴ
2235 1029 2399 1100 μελλή
2409 1046 2597 1090 σαντες
2626 1027 2718 1084 οὖν
2739 1033 2795 1084 ἐν
2828 1034 2925 1103 μιᾷ
2945 1032 3053 1085 τῶν
3075 1033 3282 1085 νυκτῶν
3304 1030 3696 1104 συγκρούουσι,

2119 1121 2214 1174 καὶ
2241 1121 2488 1191 βάλλεται
2519 1122 2620 1192 μὲν
2649 1123 2780 1194 λίθῳ
2810 1123 2949 1177 κατά
2987 1124 3235 1195 μετώπου
3276 1125 3500 1195 Βρίσων
3540 1125 3570 1176 6
3604 1126 3698 1196 τῆς

2121 1213 2387 1284 βασιλίδος
2413 1215 2684 1286 εὐνοῦχος,
2719 1217 3028 1288 συγκροτῶν
3063 1218 3183 1270 τότε
3213 1220 3337 1282 τοὺς
3393 1219 3694 1289 ὑμνῳδούς·

2119 1304 2442 1359 ἀπόλλυνται
2473 1305 2528 1358 δὲ
2557 1305 2648 1360 καί
2681 1325 2822 1372 τινες
2858 1307 2948 1361 τοῦ
2980 1309 3109 1362 λαοῦ
3135 1306 3194 1374 ἐξ
3221 1311 3557 1381 άμτοτέρων
3594 1310 3696 1362 τῶν

2122 1398 2323 1470 μερῶν·
2366 1399 2455 1470 ὑφ’
2489 1393 2570 1464 οἷς
2598 1400 2838 1471 κινηθεὶς
2877 1402 2905 1453 6
2953 1401 3201 1472 βασιλεὺς
3229 1402 3530 1456 διεκώλυσε
3574 1404 3696 1468 τοὺς

2131 1492 2440 1562 Ἀρειανοὺς
2465 1492 2562 1556 τὰς
2583 1494 2903 1564 ὑμνολογίας
2931 1497 2988 1548 ἐν
3009 1495 3086 1566 τῷ
3109 1495 3352 1566 δημοσίῳ
3380 1499 3583 1548 ποιεῖν·
3608 1496 3697 1548 καὶ

2116 1583 2184 1638 τὰ
2209 1585 2306 1655 μὲν
2339 1586 2604 1658 λεγόμενα
2627 1586 2850 1640 τοιαῦτα
2878 1583 2967 1660 ἦν.
2989 1586 3218 1642 Λεκτέον
3247 1587 3304 1640 δέ
3329 1589 3425 1642 καὶ
3448 1588 3580 1641 ὅθεν
3603 1588 3695 1658 τὴν

2116 1677 2290 1749 ἀρχὴν
2321 1677 2510 1732 ἐλαϐεν
2537 1681 2570 1749 ἡ
2600 1678 2741 1732 κατά
2774 1679 2899 1743 τοὺς
2933 1679 3264 1750 ἀντιφώνους
3298 1678 3506 1750 ὕμνους
3541 1681 3604 1733 ἐν
3631 1682 3693 1751 τῇ

2117 1771 2381 1842 ἐκκλησίᾳ
2428 1772 2705 1844 συνήθεια·
2757 1773 3014 1842 Ἰγνάτιος
3070 1773 3397 1843 Ἀντιοχείας
3449 1773 3556 1844 τῆς
3600 1774 3697 1825 Συ-

2119 1860 2260 1933 ρίας,
2286 1861 2467 1934 τρίτος
2486 1862 2593 1916 ἀπὸ
2616 1862 2710 1916 τοῦ
2739 1862 3033 1916 ἀποστόλου
3063 1863 3265 1934 Πέτρου
3293 1863 3618 1925 ἐπίσκοπος,
3641 1863 3696 1926 ὃς

2115 1955 2211 2007 καὶ
2241 1958 2351 2018 τοῖς
2381 1955 2694 2020 ἀποστόλοις
2713 1956 2894 2018 αὐτοῖς
2921 1955 3308 2027 συνδιέτριψεν,
3327 1957 3607 2009 ὀπτασίαν
3630 1953 3697 2009 εἷ-

2113 2045 2201 2098 δεν
2237 2047 2482 2116 ἀγγέλων
2515 2047 2602 2100 διὰ
2637 2046 2745 2100 τῶν
2791 2044 3103 2115 ἀντιψὼνων
3156 2044 3340 2116 ὓμνων
3375 2045 3478 2117 τὴν
3532 2047 3695 2113 ἁγίαν

2115 2142 2319 2214 Τριάδα
2342 2142 2673 2213 ὑμνούντων,
2703 2143 2796 2195 καὶ
2818 2141 2908 2195 τὸν
2927 2142 3124 2212 τρόπον
3138 2141 3231 2194 τοῦ
3252 2141 3535 2213 ὁράματος
3553 2143 3622 2211 τῇ
3642 2143 3693 2193 ἐν

2108 2232 2388 2306 Αντιοχεία
2453 2236 2747 2308 Ἐκκλησία
2765 2236 3093 2306 παρέδωκεν·
3119 2234 3238 2288 ὅθεν
3261 2236 3353 2288 καὶ
3399 2236 3460 2287 ἐν
3490 2237 3696 2299 πάσαις

2110 2329 2230 2390 ταῖς
2262 2326 2607 2398 Ἑκκλησίαις
2629 2327 2766 2399 αὕτη
2802 2330 2834 2400 ή
2868 2329 3169 2400 παράδοσις
3206 2327 3379 2398 ἐδόθη·
3413 2319 3579 2390 05:6;
3602 2329 3692 2398 μὲν

2110 2411 2202 2470 οὖν
2223 2417 2251 2469 6
2275 2415 2403 2488 napi.
2425 2414 2532 2469 τῶν
2551 2415 2863 2486 ἀντιφώνων
2889 2415 3073 2487 ὓμνων
3093 2416 3246 2484 λόγος
3262 2417 3434 2470 ἐστίν.
3459 2435 3477 2466 ι
3504 2417 3688 2469 Ariani

2111 2514 2266 2560 extra
2295 2507 2488 2560 urbem
2521 2514 2824 2561 conventus
2869 2507 3118 2576 agebant.
3168 2506 3355 2576 Itaque
3383 2522 3513 2561 cum
3557 2505 3692 2560 festa

2109 2598 2375 2669 cujusque
2406 2599 2756 2654 hebdomadas
2788 2599 3166 2666 occurrebant,
3206 2599 3464 2654 videlicet
3486 2599 3693 2654 Sabba-

2111 2699 2223 2744 tum
2253 2699 2308 2745 et
2335 2690 2452 2746 dies
2487 2689 2825 2754 Dominicus,
2867 2691 2922 2746 in
2966 2691 3168 2762 quibus
3200 2701 3512 2747 conventus
3538 2693 3692 2747 inec-

2109 2782 2289 2838 clesiis
2340 2783 2456 2837 ﬁeri
2486 2772 2696 2849 dsolent,
2751 2785 2829 2838 illi
2873 2784 3014 2838 intra
3043 2793 3230 2854 portas
3253 2784 3499 2840 civitatis
3553 2787 3690 2840 circa

2109 2876 2354 2945 porticus
2393 2875 2446 2930 in
2475 2892 2646 2930 unum
2695 2877 3029 2947 congregati,
3061 2885 3257 2932 cantus
3289 2885 3419 2947 apte
3452 2877 3690 2947 opinioni

2111 2966 2324 3022 Arianae
2353 2968 2742 3036 respondentes
2766 3009 2781 3035 ,
2815 2983 2955 3038 quos
2998 2968 3098 3039 ipsi
3139 2979 3598 3038 composuerant,
3627 2969 3694 3023 al-

2108 3060 2360 3113 ternatim
2386 3060 2654 3114 canebant
2695 3079 2708 3114 :
2741 3059 2905 3129 idque
2944 3077 3040 3132 per
3066 3060 3330 3129 majorem
3368 3063 3555 3116 noctis
3579 3076 3692 3130 par-

436 3143 562 3200 licet
591 3147 872 3216 prolixior,
917 3160 975 3205 ut
1009 3159 1060 3205 et
1105 3153 1429 3223 hymnorum
1483 3155 1534 3210 in
1581 3155 1825 3212 Ecclesia
1872 3175 2004 3215 usus
2032 3165 2076 3228 ο
2108 3161 2214 3206 tem
2245 3151 2533 3208 faciebant.
2573 3153 2760 3210 Primo
2788 3153 3031 3208 diluculo
3073 3154 3208 3208 tales
3255 3154 3570 3209 cantilenas
3612 3153 3688 3207 al-

437 3238 873 3310 antiq-uissinms,
905 3251 1175 3298 eteorum
1210 3246 1364 3317 origo
1411 3248 1480 3302 ab
1517 3247 1634 3318 ipso
1683 3249 2009 3306 Christiana:

437 3331 712 3399 religionis
741 3335 964 3388 exordio
989 3335 1363 3406 dignoscatur,
1392 3339 1486 3393 lib.
1517 3356 1568 3393 vr
1594 3381 1609 3407 ,
1651 3355 1770 3411 cap.
1806 3342 1838 3396 8
1887 3361 1900 3397 :
1944 3346 2006 3397 UE

448 3421 864 3492 Ἀρειανίζοντες
933 3426 1037 3492 ἔξω
1090 3429 1190 3499 τῆς
1257 3430 1461 3494 πόλεως
1528 3432 1627 3496 τὰς
1690 3435 2008 3504 συναγωγάς

433 3511 725 3566 ἐποιοῦντο·
755 3516 912 3585 ἡνίκα
944 3514 1036 3570 οὖν
1063 3519 1299 3590 ἑκάστης
1321 3514 1610 3592 ἐϐδδράδος
1629 3523 1820 3594 ἑορτὰς
1845 3543 2006 3579 κατε-

433 3601 725 3673 λάμϐανον,
756 3609 894 3678 φημὶ
918 3608 980 3679 δὴ
1002 3608 1061 3661 τό
1081 3627 1137 3662 τε
1171 3611 1448 3666 Σάϐϐατον
1471 3615 1563 3666 καὶ
1587 3616 1618 3685 ἡ
1648 3617 1919 3689 Κυριακὴ,
1949 3618 2007 3672 ἐν

433 3690 521 3757 αἷς
554 3697 607 3748 αἱ
641 3698 885 3762 συνάξεις
908 3702 1046 3755 κατὰ
1067 3702 1165 3765 τὰς
1185 3704 1477 3776 ἐκκλησίας
1500 3706 1719 3760 είώθασι
1741 3709 2003 3778 γίνεσθαι,

433 3789 584 3842 αὐτοὶ
616 3791 764 3855 ἐντὸς
792 3793 898 3846 τῶν
924 3793 1020 3862 τῆς
1055 3795 1260 3860 πόλεως
1291 3797 1492 3866 πυλῶν,
1532 3800 1658 3870 περὶ¹
1701 3799 1799 3864 τὰς
1847 3801 2006 3866 στοὰς

432 3880 822 3954 ἀθροιζόμενοι,
856 3887 948 3940 καὶ
979 3885 1123 3957 ᾠδάς
1149 3888 1479 3959 ἀντιφὼνους
1497 3891 1632 3962 πρὸς
1661 3891 1757 3963 τὴν
1796 3893 2008 3965 Ἀρεια-

430 3972 528 4042 νὴν
558 3971 713 4040 δόξαν
743 3976 1078 4042 συντιθέντες
1109 3975 1253 4052 ᾖδον·
1291 3981 1385 4034 καὶ
1420 3981 1580 4034 τοῦτο
1621 3983 1836 4036 ἐποίουν
1864 3985 2006 4040 κατά

431 4065 678 4120 πλεῖστον
711 4069 875 4141 μέρος
905 4071 1002 4143 τῆς
1024 4073 1234 4137 νυκτός·
1260 4074 1365 4128 ὑπὸ
1386 4074 1442 4129 δέ
1470 4075 1662 4148 ὄρθρον
1685 4076 1753 4132 τὰ
1782 4077 2006 4133 τοιαῦτα

429 4159 705 4230 ἀντίφωνα
730 4161 1005 4232 λέγοντες,
1039 4164 1127 4218 διὰ
1170 4167 1341 4238 μέσης
1382 4169 1481 4240 τῆς
1522 4170 1728 4234 πόλεως
1778 4171 2005 4243 ἐξῄεσαν

427 4251 536 4304 τῶν
565 4252 769 4318 πυλῶν,
799 4256 892 4308 καὶ
924 4258 1050 4320 τοὺς
1084 4257 1282 4322 τόπους
1315 4258 1442 4312 ἔνθα
1469 4261 1697 4332 συνῆγον
1727 4261 2003 4332 κατελάμ-

430 4344 606 4396 ϐανον·
637 4346 822 4418 ἐπειδὴ
855 4347 911 4399 δὲ
942 4349 1262 4420 ἐρεθισμοὺς
1288 4352 1430 4406 κατά
1464 4352 1572 4406 τῶν
1619 4353 1680 4407 τὸ
1723 4353 2004 4426 όμοούσιον

429 4434 765 4505 φρονούντων
785 4435 1035 4507 λέγοντες
1060 4441 1158 4493 οὐκ
1179 4442 1464 4496 ἐπαύοντο·
1497 4445 1752 4510 πολλάκις
1773 4446 1882 4518 γὰρ
1910 4447 2003 4501 καὶ

427 4527 678 4600 τοιαύτην
702 4529 841 4602 ᾠδὴν
870 4531 1073 4603 ἔλεγον·
1108 4534 1217 4588 Ποῦ
1257 4536 1393 4591 είσὶν
1419 4539 1468 4591 οἱ
1495 4537 1742 4608 λέγοντες
1773 4539 1840 4594 τὰ
1879 4540 2004 4613 τρία
2035 4511 2078 4564 D

430 4619 556 4690 μίαν
582 4621 830 4692 δύναμιν;
869 4625 1001 4677 Τότε
1027 4625 1090 4697 δὴ
1125 4627 1219 4679 καὶ
1254 4628 1508 4700 Ἰωάννης
1541 4629 1889 4700 εὐλαϐηθεὶς,
1929 4633 2002 4704 μή

423 4729 507 4776 τις
533 4712 640 4766 τῶν
668 4714 1052 4787 ἁπλουστέρων
1090 4718 1195 4771 ὑπὸ
1229 4720 1335 4772 τῶν
1376 4719 1628 4773 τοιούτων
1663 4720 1813 4792 ᾠδῶν
1841 4723 2004 4792 ἀφελ-

425 4803 596 4875 κυσθῇ
631 4806 730 4875 τῆς
774 4807 1119 4878 Ἐκκλησίας,
1160 4809 1489 4881 ἁντιτίθησιν
1524 4811 1706 4874 αὐτοῖς
1737 4812 1864 4876 τοὺς
1905 4811 2000 4866 τοῦ

427 4895 555 4948 ἰδίου
587 4895 738 4962 λαοῦ,
773 4899 920 4964 ὅπως
948 4899 1012 4953 ἂν
1047 4901 1143 4954 καὶ
1168 4903 1322 4955 αὐτοὶ
1358 4904 1478 4967 ταῖς
1511 4908 1852 4975 νυκτεριναῖς
1898 4905 2003 4976 ὑμ-

423 4987 638 5057 νῳδίαις
661 4989 1031 5060 σχολάζοντες,
1057 4995 1347 5067 ἀμαυρῶσι
1375 4997 1473 5068 μὲν
1506 4997 1603 5068 τὴν
1633 4997 1852 5052 ἐκείνων
1878 4999 2005 5070 περὶ

423 5081 610 5134 τούτου
640 5083 894 5154 σπουδὴν,
933 5084 1182 5154 βεϐαίους
1210 5089 1266 5141 δὲ
1296 5090 1420 5153 τοὺς
1459 5091 1690 5153 οἰκείους
1723 5091 1859 5163 πρὸς
1903 5092 2002 5164 τὴν

423 5172 630 5226 ἑαυτῶν
663 5173 843 5226 πίστιν
871 5177 1228 5247 ἐργάσωνται·
1265 5179 1430 5236 ἀλλ⁹ό
1456 5181 1554 5250 μὲν
1585 5182 1787 5245 σκοπὸς
1831 5182 2003 5237 Ἰωάν-

421 5277 512 5314 νου
547 5261 720 5315 ἐδόκει
755 5259 892 5317 εἶναι
925 5268 1182 5336 χρηστὸς,
1223 5269 1320 5320 σὺν
1365 5274 1576 5343 ταραχῇ
1606 5272 1663 5325 δέ
1698 5274 1790 5326 καὶ
1819 5273 2000 5328 κινδύ-

423 5368 534 5415 νοις
566 5352 626 5406 τδ
656 5353 808 5418 τέλος
841 5356 1056 5422 ἐδέξατο
1077 5374 1089 5387 ·
1132 5359 1207 5423 ὡς
1252 5360 1361 5432 γὰρ
1394 5361 1762 5437 λαμπρότεροι
1811 5366 1860 5418 οἱ
1905 5365 1998 5419 τοῦ

422 5444 706 5515 ὁμοουσίου
729 5445 885 5518 ὕμνοι
908 5449 965 5502 ἐν
990 5452 1110 5513 ταῖς
1139 5456 1476 5523 νυκτεριναῖς
1505 5453 1850 5525 ὑμνολογίαις
1875 5456 2003 5508 ἐδεί-

424 5552 635 5589 κνυντο·
664 5539 1010 5612 ἐπινενόηντο
1032 5540 1139 5614 γὰρ
1175 5545 1303 5614 παρ’
1331 5543 1494 5597 αὑτοῦ
1529 5549 1750 5619 σταυροὶ
1770 5549 2002 5620 ἀργυροῖ

496 5668 574 5749 (ι)
595 5671 861 5730 Baronius
879 5676 952 5749 ad;
970 5693 1059 5731 an.
1083 5676 1187 5749 935
1212 5693 1317 5732 non
1343 5679 1456 5748 ipse
1479 5681 1726 5749 generale
1750 5681 1854 5736 hoc
1873 5697 2000 5736 con-

426 5739 823 5816 ciliu'm_vocat,
851 5747 957 5816 sed
1007 5763 1037 5801 a
1084 5739 1556 5816 Patribns-quivei
1611 5749 1994 5811 interfuerunt.

428 5811 678 5878 generale
711 5815 1033 5882 appellatum
1061 5817 1210 5873 dicit.
1249 5811 1434 5885 Neque
1461 5834 1592 5876 sane
1620 5820 1692 5874 ita
1732 5821 1990 5888 appellari

2111 3244 2279 3299 ternis
2305 3260 2400 3313 per
2440 3243 2679 3299 mediam
2703 3245 2892 3299 urbem
2920 3245 3236 3309 recitantes,
3272 3260 3302 3298 e
3335 3246 3517 3315 portis
3547 3259 3691 3314 egre.

2107 3335 2414 3403 diebantur,
2473 3319 2526 3391 et
2557 3337 2624 3391 ad
2695 3337 2814 3392 loca
2864 3336 2959 3391 ubi
3022 3337 3328 3408 agebantur
3392 3348 3692 3393 conventus

2107 3428 2523 3484 contendebant.
2569 3427 2771 3484 Verum
2822 3429 2948 3500 quia
3000 3431 3263 3486 adversus
3306 3431 3437 3486 ﬁdei
3474 3432 3690 3486 consub-

2107 3517 2378 3572 stantialis
2451 3516 2691 3574 fautores
2753 3519 2914 3574 verba
2992 3521 3434 3585 contumeliosa,
3500 3523 3688 3592 quibus

2106 3626 2296 3666 eorum
2345 3613 2561 3667 animos
2605 3613 2915 3680 irritarent,
2961 3613 3146 3668 dicere
3170 3628 3279 3667 non
3331 3615 3686 3678 desinebant,

2107 3719 2230 3756 nam
2255 3719 2395 3773 saepe
2433 3705 2575 3759 hanc
2607 3705 2764 3775 quasi
2817 3705 3146 3760 cantilenam
3183 3707 3237 3759 in
3279 3721 3381 3762 eos
3404 3708 3684 3762 cecinere:

2107 3793 2209 3850 Ubi
2240 3803 2368 3851 sunt
2395 3796 2471 3863 hi,
2502 3796 2594 3867 qui
2639 3797 2744 3851 tria
2779 3813 2942 3852 unam
2982 3797 3170 3852 dicunt
3197 3812 3319 3852 esse
3355 3799 3692 3868 potentiam?

2104 3885 2343 3941 Joannes
2374 3887 2580 3942 veritus
2631 3904 2700 3942 ne
2735 3888 2933 3959 aliquis
2970 3905 3037 3944 ex
3090 3889 3535 3966 simplicioribus
3556 3891 3689 3961 ejus-

2106 3978 2253 4032 modi
2278 3979 2529 4034 cantibus
2562 3979 2630 4034 ab
2660 3978 2899 4035 Ecclesia
2941 3980 3324 4050 abduceretur,
3355 3983 3634 4051 quosdam
3662 3998 3691 4036 e

2107 4085 2208 4126 suo
2239 4072 2441 4142 populo
2476 4072 2586 4128 illis
2617 4070 2974 4143 Opponendos
3002 4075 3250 4140 curavit,
3279 4075 3376 4145 qui
3406 4077 3690 4131 nocturnis

2106 4165 2323 4235 hymnis
2355 4166 2708 4220 decantandis
2728 4165 2976 4222 similiter
3011 4182 3229 4235 operam
3261 4167 3503 4231 darent,
3537 4169 3687 4222 Aria-

2105 4271 2412 4326 norumque
2437 4256 2493 4309 in
2523 4272 2586 4312 ea
2633 4272 2691 4312 re
2727 4258 2967 4313 studium
3004 4273 3068 4313 eo
3109 4267 3268 4328 pacto
3289 4261 3686 4329 reprimerent,

2105 4354 2338 4424 denique
2385 4369 2514 4410 suos
2553 4355 2606 4409 in
2643 4355 2884 4426 ipsorum
2929 4356 3034 4411 fide
3059 4356 3355 4410 admodum
3390 4357 3692 4411 conﬁrma-

2105 4453 2242 4500 rent.
2297 4445 2365 4498 At
2425 4448 2675 4515 quamvis
2725 4447 2830 4502 hoc
2891 4446 3115 4502 Joannis
3165 4447 3483 4503 institntum
3537 4450 3691 4502 valde

2108 4536 2450 4590 commodum
2483 4535 2778 4604 videretur,
2812 4547 2992 4592 tamen
3020 4538 3165 4591 illius
3189 4548 3425 4594 eventus
3451 4540 3689 4593 tumultu

2107 4636 2267 4696 alque
2298 4627 2460 4681 etiam
2487 4629 2728 4697 periculo
2753 4645 2858 4683 non
2898 4631 3092 4684 caruit.
3119 4627 3252 4683 Nam
3286 4631 3377 4684 ubi
3412 4632 3603 4702 hymni
3632 4633 3688 4685 in

2106 4718 2574 4773 consubstantialis
2611 4718 2826 4773 laudem
2862 4720 3157 4786 decantati,
3192 4731 3417 4790 propter
3447 4736 3690 4776 concen-

2105 4819 2219 4866 tum
2276 4811 2427 4864 illnm
2484 4823 2810 4866 nocturnum
2854 4814 3024 4868 multo
3054 4813 3178 4884 plus
3213 4813 3500 4884 dignitatis
3557 4824 3690 4870 sunt

2105 4906 2404 4968 consecuti,
2442 4916 2600 4960 erant
2632 4907 2776 4960 enim
2809 4922 3002 4962 cruces
3033 4918 3304 4976 argentea:
3332 4909 3690 4978 excogitatae,

2104 4998 2304 5068 quibus
2327 4998 2470 5052 cerei
2504 4997 2946 5066 imponebantur,
2978 4996 3224 5051 Eudoxia
3248 4996 3494 5066 Augusta
3530 5015 3690 5054 sum-

2104 5099 2255 5158 ptum
2287 5089 2353 5143 ad
2389 5089 2439 5143 id
2470 5088 2874 5158 suppeditante,
2907 5088 3061 5143 turba
3092 5089 3424 5144 Arianorum
3454 5100 3644 5145 coacta
3667 5132 3687 5152 .

2102 5191 2158 5236 et
2186 5181 2546 5235 aemulationis
2572 5181 2768 5235 ardore
2809 5180 3055 5243 incensa,
3090 5196 3148 5234 se
3198 5181 3424 5246 ulcisci,
3457 5191 3510 5236 et
3557 5196 3683 5237 cum

2102 5274 2428 5330 adversariis
2477 5274 2767 5346 conﬂigere
2807 5273 3061 5329 instituit.
3111 5273 3324 5328 Etenim
3375 5274 3687 5345 principatu

2101 5367 2228 5431 illo,
2271 5382 2432 5437 quem
2473 5366 2803 5438 jampridem
2846 5366 3203 5420 obtinuerant
3231 5366 3390 5430 elati,
3415 5375 3580 5420 erant
3619 5368 3688 5420 ad

2101 5474 2335 5529 pugnam
2370 5459 2541 5513 multo
2562 5458 2902 5513 ardentiores
2919 5499 2934 5523 ,
2958 5456 3384 5528 defensoresque
3408 5456 3533 5512 ﬁdei
3561 5473 3691 5510 con-

2101 5551 2466 5606 substantialis
2525 5566 2752 5621 prorsus
2807 5548 3245 5606 contemnebant.
3300 5548 3483 5615 Quare
3531 5547 3688 5606 nulla

2099 5686 2292 5742 stricto
2326 5701 2489 5757 sensu
2530 5695 2744 5753 poterat
2789 5685 3029 5757 synodus
3073 5682 3354 5757 adquam
3403 5681 3690 5753 Hispaniae

2099 5765 2312 5880 tantur:
2341 5755 2622 5879 eilGallia:
2677 5755 3046 5815 Narbonensis
3089 5755 3331 5827 episwpi
3380 5769 3687 5812 concurre-

2098 5836 2243 5882 runt.
2323 5867 2335 5881 .
2427 5868 2439 5881 .
