3876 6536
164 361 313 420 1217
1020 370 1263 428 LEONIS
1294 373 1568 431 ALLATll
1607 374 1927 431 DIATRIBA
1964 377 2052 435 DE
2093 379 2505 437 THEODORIS.
3280 388 3416 447 1218

164 484 488 558 interposita
527 505 702 557 mora,
744 500 904 547 nocte
926 495 1157 562 quadam
1185 496 1474 550 tumultum
1504 498 1727 552 faciunt.
1759 502 1800 557 A
1829 513 1948 567 cap.
1976 497 2083 554 l7:
2117 520 2136 553 ι
2192 500 2328 557 Vitae
2359 501 2581 558 Patrum
2628 506 2746 561 sine
2798 509 3170 577 probabilibus
3214 526 3415 571 aucto-

159 574 324 633 Briso
345 579 704 649 imperatricis
730 586 1051 652 eunuchus,
1076 588 1167 656 qui
1203 598 1384 655 partes
1434 589 1744 643 canentium
1850 588 2001 643 ribus
2028 590 2253 645 minime
2280 592 2335 645 in
2364 592 2605 648 Ecclesia
2636 594 2909 666 leguntur.
2958 598 3094 654 Nam
3126 602 3415 658 ab-ortho-

162 667 406 739 hymnos
442 672 507 726 ad
547 676 1073 731 commendationem
1117 678 1237 732 ﬁdei
1282 680 1744 734 consubstantialis
1847 677 2004 733 doxis
2054 680 2283 736 titulatte
2320 691 2374 736 et
2408 685 2781 754 suscipiuntur
2819 698 2874 743 et
2921 691 3192 762 leguntur.
3238 695 3410 766 Magis

156 764 421 822 meum".
454 803 469 826 ,
525 764 700 834 lapide
738 768 792 820 ίη
841 766 1019 823 fronte
1058 772 1377 839 ρετρυιίιυιι,
1420 770 1747 827 [nterim-um
1844 767 1987 821 enim
2022 768 2315 826 Passiones
2338 781 2650 828 sanctorum
2670 786 2966 849 martyrum
2997 783 3141 836 sacri
3170 799 3411 841 canones

162 854 332 907 etiam
367 856 653 926 utriusque
696 862 866 927 partis
913 863 1160 915 nonnulli
1191 862 1257 916 de
1283 865 1502 932 populo.
1533 863 1742 929 Quibus
1843 872 2193 928 censuerunt,
2231 872 2289 917 ιιι
2332 865 2494 919 liceat
2535 882 2628 922 €85
2668 870 2831 923 ﬁliam
2886 873 2939 926 in
2991 873 3230 932 ECCleia
3271 880 3405 948 l9gi.

160 948 333 1002 rebus
362 949 657 1019 imperator
684 955 977 1009 admodum
1014 970 1354 1019 commmus,
1394 957 1609 1012 Arimis
1659 958 1743 1012 in-
1840 964 1963 1004 cum
1994 953 2355 1008 anniversarii
2386 955 2503 1010 dies
2536 972 2725 1011 eorum
2758 961 3123 1018 celebrantur.
3167 986 3186 1018 ι
3217 968 3407 1027 Canon

160 1039 397 1095 terdix“
447 1058 513 1097 ne
537 1046 763 1115 hymnos
787 1047 839 1099 in
863 1048 1079 1116 publico
1095 1059 1396 1103 cantarem,
1421 1050 1594 1118 Atque
1626 1050 1739 1105 haec
1838 1042 1930 1110 qui
1956 1042 2006 1095 id
2030 1045 2240 1098 censuit
2273 1046 2413 1099 inter
2438 1048 2669 1101 concilia
2700 1050 2954 1106 Africana
2986 1064 3067 1109 est
3097 1073 3249 1113 num.
3287 1061 3355 1114 50
3387 1080 3404 1117 :

158 1133 389 1201 quidem
438 1135 542 1190 hoc
576 1139 739 1192 modo
772 1149 921 1209 gesta
975 1149 1121 1195 sunt.
1168 1140 1287 1194 Jam
1336 1158 1465 1195 vero
1491 1143 1703 1197 dicamu

1848 1131 2076 1198 Ἐξέστω
2094 1134 2174 1187 ἔτι
2198 1136 2304 1207 μὴν
2327 1136 2787 1205 ἀναγινώσκεσθαι
2812 1142 2878 1195 τὰ
2900 1144 3054 1218 Πάθη
3071 1146 3179 1201 τῶν
3200 1152 3409 1221 μαρτύ-

159 1223 351 1287 ctiam,
378 1226 517 1279 unde
543 1232 878 1285 consuetudo
909 1232 1254 1302 hymnorum,
1281 1232 1373 1302 qui
1412 1238 1471 1290 in
1501 1236 1731 1290 ecclesia

158 1312 392 1369 alternis
422 1316 801 1383 decantantur,
852 1322 1071 1375 initium
1108 1324 1329 1392 ceperit.
1361 1323 1598 1395 lgnatius
1622 1326 1734 1380 An-

159 1402 412 1470 tiochize,
447 1423 566 1477 qua:
601 1419 683 1464 est
715 1410 767 1469 in
804 1411 957 1483 Syria
978 1454 993 1477 ,
1026 1415 1217 1469 tertius
1241 1430 1272 1468 a
1303 1415 1462 1471 Petro
1486 1420 1731 1488 apostolo

153 1492 469 1563 episcopus,
497 1498 735 1567 quicum
765 1503 1024 1571 apostolis
1057 1505 1191 1574 ipsis
1227 1507 1455 1561 multum
1483 1517 1729 1565 versatus

153 1592 276 1647 est,
307 1586 574 1642 visionem
606 1591 739 1646 vidit
765 1595 1083 1664 angelorum
1128 1605 1372 1651 sanctam
1406 1597 1725 1656 Trinitatem

151 1674 377 1744 hymnis
422 1680 631 1735 alterna
676 1683 795 1738 vice
820 1686 1125 1744 decantatis
1175 1689 1601 1745 collaudantium
1624 1732 1640 1757 ,
1673 1702 1727 1748 et

150 1764 390 1820 f‘ormam
425 1771 656 1826 canendi
687 1773 742 1827 in
772 1790 834 1828 ea
865 1776 1077 1832 visione
1117 1794 1429 1849 expressam
1471 1781 1725 1839 Ecclesiae

147 1854 507 1915 Antiochenm
539 1864 778 1920 tradidit.
819 1868 974 1923 Unde
1000 1870 1088 1924 illa
1125 1872 1345 1927 traditio
1380 1873 1433 1927 in
1473 1875 1725 1931 omnibus

146 1946 415 2005 Ecclesiis
464 1963 677 2023 recepta
729 1967 831 2012 est.
894 1956 962 2011 Et
1000 1957 1069 2014 de
1106 1962 1322 2031 hymnis
1360 1965 1566 2020 alterna
1609 1968 1726 2023 vice

144 2041 388 2095 cantatis
446 2042 547 2097 ista
594 2046 875 2103 hactenus.
918 2066 936 2098 ι
988 2048 1105 2105 Νοη
1147 2052 1251 2104 alia
1302 2064 1527 2108 narrant
1558 2055 1726 2111 Sozo~

143 2145 346 2185 menus
404 2133 497 2188 lib.
556 2150 671 2200 vui,
721 2152 840 2208 cap.
888 2139 957 2205 8,
992 2154 1056 2194 ac
1094 2138 1432 2211 Nicephorus
1465 2146 1560 2203 lib.
1591 2164 1718 2214 xni,

141 2237 271 2291 cap.
301 2223 354 2276 8.
394 2223 459 2279 Et
495 2242 563 2282 ne
608 2227 757 2283 dicas
814 2239 927 2285 tum
965 2232 1199 2301 primum
1227 2234 1536 2305 bujusmodi
1568 2240 1723 2312 bym-

142 2327 271 2378 nos,
288 2330 394 2368 non
413 2318 676 2382 antea,in
706 2318 945 2376 Ecclesia
968 2324 1303 2393 excogitatos
1331 2325 1519 2394 fuisse,
1541 2331 1721 2384 anim-

140 2405 367 2460 adverte
418 2406 659 2464 Socratis
714 2412 877 2465 verba
939 2413 1115 2483 capite
1168 2419 1448 2484 superiore
1503 2418 1589 2489 (id
1638 2434 1721 2476 est

137 2496 241 2551 lib.
259 2513 334 2563 vr,
360 2498 413 2562 7,
441 2500 559 2570 lin.)
591 2520 605 2557 :
636 2502 850 2574 Ηῦξησε
879 2504 934 2558 δὲ
964 2506 1180 2578 πρῶτος
1208 2509 1421 2573 καὶτὰς
1447 2513 1571 2583 περὶ
1596 2513 1719 2578 τοὺς

138 2590 495 2658 νυκτερινοὺς
541 2592 741 2663 ὕμνους
772 2595 955 2665 εὐχὰς,
991 2597 1049 2664 ἐξ
1079 2600 1257 2664 αἰτίας
1273 2603 1504 2659 τοιᾶσδε.
1550 2622 1569 2655 ι
1600 2603 1717 2660 Pri-

138 2694 266 2733 mus
299 2681 461 2735 etiam
491 2682 680 2753 (Joan.
712 2686 928 2759 Chrys.)
954 2692 1315 2758 precationes,
1352 2710 1473 2763 qum
1518 2694 1573 2750 in
1614 2713 1715 2752 no-

134 2772 351 2827 cturnis
403 2774 619 2844 hymnis
664 2776 777 2831 ﬁeri
811 2780 985 2835 solent
1017 2783 1386 2852 ampliﬁcavit,
1420 2787 1510 2841 tali
1550 2804 1715 2844 causa

135 2863 419 2919 inductus.
453 2885 471 2917 ι
505 2866 920 2939 Ampliticantur
948 2888 1009 2927 ea
1027 2890 1149 2944 quae
1176 2892 1279 2930 usu
1311 2889 1525 2948 recepta
1546 2890 1710 2936 sunt:

132 2968 262 3024 quae
288 2965 469 3012 autem
512 2960 690 3029 primo
735 2970 1131 3034 excogitantur,
1178 2984 1302 3023 cum
1331 2972 1572 3026 nondum
1625 2972 1711 3027 ul—

132 3049 247 3103 lam
276 3052 363 3105 sui
386 3053 796 3110 subsistentiam
823 3057 1076 3124 habeant,
1107 3062 1427 3131 ampliﬁcari
1452 3080 1558 3121 non
1585 3081 1711 3135 pos-

130 3150 286 3197 sunt.
319 3144 459 3209 Quid
486 3160 616 3217 ergo
647 3162 714 3201 ex
745 3158 1066 3217 argumento
1091 3150 1356 3208 Perkinsii
1389 3155 1559 3224 probe
1590 3156 1706 3210 col~
1735 3180 1779 3237 ρ

129 3233 269 3304 ligat
298 3234 546 3305 Rivetus,
579 3240 693 3308 ipse
728 3240 943 3297 viderit.
977 3241 1079 3298 Sed
1098 3244 1228 3314 quid
1264 3261 1388 3300 cum
1420 3247 1529 3303 illis
1556 3264 1705 3319 agas,

128 3326 231 3396 qui
268 3344 446 3397 neque
473 3331 671 3400 scripta
695 3330 939 3400 Patrum,
959 3350 1135 3406 neque
1157 3340 1579 3396 consuetudines
1606 3341 1708 3397 Ec—

124 3418 337 3481 clesiae,
364 3434 541 3489 neque
586 3422 833 3477 instituta
867 3424 1141 3493 majorum
1176 3427 1392 3481 sciunt?
1426 3428 1493 3483 Et
1517 3430 1561 3485 si
1602 3447 1705 3484 un-

124 3520 299 3574 quam
328 3508 488 3562 etiam
519 3512 659 3563 inter
688 3512 970 3582 legendum
989 3516 1307 3579 occurrerit,
1342 3518 1486 3586 quod
1515 3534 1703 3574 eorum

127 3597 293 3653 ﬁctas
320 3609 485 3669 atque
517 3618 681 3657 vanas
710 3604 993 3673 opiniones
1027 3607 1255 3673 minuat,
1290 3610 1371 3663 vel
1398 3626 1505 3664 non
1531 3613 1703 3666 anim-

124 3692 458 3761 advertunt,
505 3694 585 3748 vel
625 3697 1054 3753 animadversum
1098 3701 1375 3772 negligunt
1409 3721 1421 3757 :
1457 3714 1510 3758 et
1558 3705 1702 3776 quod

124 3782 294 3851 pejus
317 3793 425 3837 est.
460 3784 565 3838 alio
595 3786 925 3855 distrahunt,
953 3799 1006 3845 et
1035 3802 1365 3861 pervertunt.

190 3867 318 3924 1am
342 3872 507 3927 audio
564 3873 813 3931 Rivetum
867 3878 1082 3944 dicere,
1117 3896 1294 3950 neque
1320 3883 1465 3937 enim
1500 3874 1701 3955 desipit

116 3976 365 4031 semper,
413 3967 558 4034 quod
606 3970 814 4025 utinam
847 3975 1017 4027 esset!
1068 3972 1325 4031 lectiones
1374 3986 1429 4032 et
1470 3979 1700 4051 hymnos

116 4056 459 4113 constitutos
504 4075 534 4114 a
567 4059 788 4127 Carolo,
823 4078 889 4117 ex
912 4063 1135 4119 Patrum
1171 4068 1387 4138 scriptis
1416 4081 1469 4125 et
1499 4072 1552 4125 in
1577 4073 1697 4128 lau-

114 4147 249 4202 dem
279 4160 593 4206 sanctorum
635 4153 802 4209 fuisse
836 4174 850 4210 :
888 4172 993 4211 non
1023 4159 1248 4216 dubium
1278 4178 1407 4218 vero
1438 4164 1697 4222 lectiones

113 4254 186 4294 ex
238 4240 415 4295 sacris
463 4242 677 4309 litteris,
722 4254 776 4300 et
822 4246 876 4301 in
922 4248 1135 4305 laudem
1188 4251 1281 4307 Dei
1341 4254 1695 4327 Christique,

112 4331 302 4385 multo
363 4334 702 4403 antiquiores
754 4336 957 4403 fuisse,
1007 4350 1061 4395 et
1119 4356 1245 4399 ante
1301 4347 1462 4401 etiam
1516 4349 1694 4418 ipsum

110 4420 405 4476 Christum
444 4435 617 4480 natas.
652 4425 758 4482 Sed
781 4444 958 4499 neque
988 4432 1090 4487 hoc
1121 4435 1283 4490 modo
1303 4438 1497 4504 probat
1532 4440 1695 4496 hasce

1837 1239 1973 1294 ρων,
2002 1226 2164 1295 ἡνίκα
2208 1229 2263 1279 αἱ
2319 1229 2532 1299 ἐτήσιαι
2560 1232 2740 1286 αὐτῶν
2781 1235 2980 1307 ἡμέραι
3012 1240 3401 1299 ἐπιτελοῦνται.

1840 1333 1858 1366 ι
1892 1314 2075 1370 Liceat
2106 1319 2271 1372 etiam
2308 1319 2412 1389 legi
2450 1320 2740 1379 Passiones
2769 1339 3065 1399 martyrum
3087 1372 3101 1395 ,
3148 1349 3269 1388 cum
3303 1351 3403 1389 an-

1832 1406 2114 1463 niversarii
2164 1409 2281 1465 dies
2334 1426 2524 1467 eorum
2592 1416 2957 1474 celebrantur.
2996 1441 3015 1474 ι
3084 1422 3202 1478 Dixi
3271 1443 3400 1483 vero

1828 1498 2074 1566 probata,
2100 1509 2160 1554 ut
2182 1517 2303 1568 qua:
2329 1502 2396 1557 de
2422 1513 2737 1560 sanctorum
2763 1508 3007 1565 historiis
3030 1512 3098 1566 ab
3128 1514 3400 1571 ba‘reticis

1830 1588 1909 1643 vel
1964 1590 2088 1645 aliis
2125 1590 2265 1647 falso
2304 1595 2503 1663 scripta
2547 1606 2677 1652 sunt
2714 1600 3053 1656 excluderem
3106 1605 3200 1675 (ut
3244 1608 3399 1676 jubet

1826 1691 2001 1731 canon
2035 1677 2327 1736 Trullanus
2355 1684 2535 1753 Lxm).
2570 1686 2689 1751 Quo
2718 1689 2801 1743 vel
2829 1691 2944 1745 solo
2966 1692 3165 1748 factum
3194 1707 3304 1762 est,
3336 1708 3398 1753 ut

1826 1782 1889 1820 ea
1933 1766 2144 1836 legendi
2199 1770 2253 1823 in
2290 1770 2534 1827 Ecclesia
2578 1786 2732 1831 vetus
2764 1784 3102 1848 consuetudo
3128 1785 3395 1843 aGelasio

1760 1839 1800 1894 Β
1828 1859 2108 1928 antiquata
2130 1862 2217 1916 sit.
2240 1860 2485 1920 Gelasius
2508 1882 2641 1936 papa
2664 1869 2719 1923 in
2750 1841 2996 1929 lloma'no
3024 1878 3256 1931 concilio
3283 1880 3392 1947 (ed.

1828 1941 1991 1999 Labb.
2018 1954 2057 2000 t.
2092 1946 2180 2013 IV,
2208 1948 2446 2021 ρ.1265)
2479 1971 2491 2006 :
2532 1973 2549 2004 ι
2571 1954 2731 2012 Gesta
2766 1970 3077 2019 sanctorum
3094 1941 3391 2037 martyrum

1826 2037 2121 2092 secundum
2150 2042 2427 2110 antiquam
2460 2050 2931 2120 consuetudinem,
2963 2057 3226 2127 singulari
3262 2076 3393 2116 eau-

1826 2126 1927 2180 tela
1951 2127 2005 2181 in
2035 2140 2225 2185 sancta
2261 2132 2498 2189 Romana
2536 2136 2774 2194 Ecclesia
2802 2158 2910 2197 non
2934 2146 3186 2216 leguntur
3219 2170 3231 2204 :
3262 2154 3389 2220 quia

1821 2230 2033 2285 eorum,
2086 2223 2178 2291 qui
2220 2226 2630 2296 conscripsere,
2697 2232 2919 2287 nomina
2964 2237 3178 2305 penitus
3235 2241 3383 2308 igno-

1821 2320 2032 2377 rantur,
2073 2322 2126 2366 et
2168 2315 2237 2369 ab
2286 2315 2596 2375 inﬁdelibus
2631 2331 2727 2376 aut
2781 2324 2963 2380 idiotis
3012 2329 3283 2398 superﬂua
3333 2342 3388 2388 et

1822 2400 2003 2457 minus
2026 2412 2147 2473 apta
2168 2448 2182 2471 ,
2216 2421 2377 2476 quam
2411 2411 2486 2464 rei
2514 2412 2648 2467 ordo
2682 2413 2874 2480 fuerit,
2900 2419 3099 2488 scripta
3132 2437 3254 2478 esse
3285 2439 3388 2493 pu-

1819 2500 2027 2561 tantur,
2090 2496 2230 2552 sicut
2266 2501 2548 2569 cujusdam
2603 2504 2811 2570 Qnirici
2865 2519 2917 2563 et
2967 2512 3200 2580 Juiittaa,
3244 2517 3385 2573 sicut

1817 2584 2032 2656 Georgii
2078 2588 2417 2661 aliorumque
2476 2595 2747 2665 ejusmodi
2795 2598 3108 2671 Passiones,
3152 2623 3273 2676 quae
3314 2610 3384 2664 ab

1816 2675 2083 2735 btereticis
2110 2681 2462 2751 perhibentur
2484 2690 2799 2758 compositae
2828 2710 2843 2747 :
2888 2707 3108 2766 propter
3129 2701 3293 2769 quod,
3325 2712 3383 2757 ut

1814 2767 2020 2823 dictum
2046 2781 2149 2837 est,
2177 2790 2245 2829 ne
2281 2776 2363 2831 vel
2387 2777 2521 2833 levis
2554 2780 2930 2839 subsannandi
2956 2789 3192 2844 oriretur
3224 2806 3383 2847 occa—

1814 2856 1928 2923 sio,
1976 2859 2030 2913 in
2085 2870 2273 2919 sancta
2325 2863 2571 2923 Romana
2616 2868 2857 2929 Ecclesia
2900 2892 3009 2931 non
3049 2879 3318 2951 leguntur.
3353 2903 3375 2937 ι

1810 2948 2104 3021 Antiquam
2143 2959 2593 3015 consuetudinem
2640 2963 2850 3034 legendi
2881 2978 3032 3038 gesta
3079 2948 3378 3045 martyrum

1812 3040 1864 3095 in
1894 3042 2139 3120 Ecclesia
2175 3047 2425 3107 Gelasius
2469 3054 2640 3109 multo
2663 3068 2788 3114 ante
2814 3059 2994 3115 Caroli
3033 3040 3271 3134 tempora
3298 3066 3379 3122 fa-

1810 3144 1974 3205 tetur,
2006 3148 2059 3194 et
2089 3140 2363 3198 Adrianus
2388 3144 2563 3199 eidem
2598 3148 2793 3205 Carolo
2834 3152 3155 3211 denuntiat:
3192 3168 3245 3214 et
3277 3159 3378 3213 Ri.

1808 3234 1961 3283 vetus
1996 3238 2049 3283 et
2096 3229 2413 3288 Perkinsius
2453 3237 2687 3304 primum
2723 3255 2752 3294 a
2783 3240 2978 3298 Carolo
3022 3248 3375 3303 constitutam

1808 3334 1928 3375 esse
1974 3322 2229 3378 tradunt?
2281 3325 2347 3380 Et
2404 3338 2463 3382 ut
2517 3331 2689 3400 magis
2737 3342 2922 3391 teneas
2979 3338 3111 3407 quid
3157 3351 3371 3407 essent,

1807 3411 2032 3469 adeatur
2083 3413 2314 3473 Basilius
2365 3417 2732 3478 Seleuciensis
2772 3425 2847 3479 De
2874 3428 2981 3480 vita
3010 3437 3061 3483 et
3100 3431 3372 3488 miraculis

1805 3518 2004 3561 sancta:
2047 3507 2281 3577 Theclce,
2330 3512 2424 3568 lib.
2459 3530 2520 3569 ll.
2554 3515 2602 3571 ls
2628 3520 2879 3590 martyris
2909 3518 3121 3577 Thecla:
3161 3524 3249 3578 die
3280 3541 3373 3579 so-

1806 3593 1968 3650 lemni
2015 3599 2083 3653 ad
2125 3600 2428 3657 habendam
2474 3607 2774 3663 orationem
2814 3609 2868 3663 in
2898 3611 3018 3678 ejus
3048 3613 3259 3671 laudem
3309 3631 3372 3673 se

1804 3698 2151 3755 comparans,
2191 3690 2279 3745 die
2318 3695 2669 3752 antecedente
2712 3699 2767 3752 in
2815 3703 3188 3769 aegritudinem
3243 3723 3370 3776 per-

1802 3793 1967 3848 quam
1997 3795 2220 3851 pravam
2251 3784 2469 3853 incidit,
2514 3798 2568 3843 et
2606 3801 2845 3863 martyre
2878 3795 3127 3850 morbum
3172 3798 3370 3854 dissul-

1801 3884 1979 3938 vente,
2007 3875 2059 3929 in
2079 3876 2265 3932 laudes
2285 3878 2405 3947 ejus
2425 3881 2721 3937 effunditur
2744 3886 2799 3940 in
2822 3888 3046 3943 ecclesia
3077 3908 3091 3945 :
3124 3886 3229 3944 Ἦν
3257 3892 3366 3965 γὰρ

1801 3966 1969 4037 αὐτῆς
1998 3968 2032 4037 ἡ
2062 3968 2275 4039 ὲτὴσιος
2325 3973 2508 4044 ἑορτήο
2556 3980 3051 4053 παρεσκευασάμην
3098 3982 3155 4035 δὲ
3210 3983 3365 4053 κάγὼ

1800 4058 1941 4129 πρὸς
1957 4059 2175 4116 ἔπαινον
2200 4064 2396 4136 μικρὸν
2410 4067 2506 4136 τῆς
2518 4068 2728 4140 ἑορτῆς·
2743 4070 2930 4144 ὤφθην
2943 4076 3035 4127 ὲπὶ
3048 4076 3140 4128 τοῦ
3153 4075 3364 4149 δεικτη-

1799 4148 1938 4218 ρίου⁶
1979 4149 2196 4218 λέγεται
2225 4153 2281 4205 δὲ
2308 4152 2481 4218 οὕτως
2503 4159 2708 4223 ότόπος
2728 4163 2785 4214 ὲν
2821 4155 2865 4230 ᾧ
2888 4165 3278 4221 ἐπιδείκνυνται
3310 4171 3361 4222 oi

1796 4240 2064 4311 λέγοντες,
2088 4242 2248 4297 τοῦτό
2286 4247 2433 4301 ἐστιν
2459 4250 2487 4301 ὁ
2514 4249 2704 4321 ἄμὸων
2734 4253 2850 4324 ἤτοι
2883 4256 2942 4309 τὸ
2979 4258 3357 4332 ἀκροατήριονο

1796 4336 1889 4387 καὶ
1917 4330 2070 4388 εἷπον
2098 4337 2193 4406 μὲν
2230 4340 2385 4394 ἄττα.
2417 4359 2435 4391 ι
2464 4341 2777 4401 Conventus
2815 4349 3220 4408 anniversarius
3239 4354 3360 4423 ejus

1797 4421 2076 4490 agebatur,
2105 4430 2160 4475 et
2187 4425 2254 4477 ad
2271 4425 2572 4481 orationem
2597 4430 2846 4501 exiguam
2870 4435 2934 4489 de
2961 4435 3211 4493 laudibus
3235 4421 3358 4495 festi

110 4508 522 4585 Thaumalurgi
564 4519 840 4574 orationes
882 4522 1078 4579 dubias
1121 4540 1261 4580 esse.
1306 4526 1373 4581 Et
1408 4532 1693 4600 negabit“
1724 4524 1769 4582 ι)
1796 4510 2099 4600 habendam
2125 4527 2210 4566 me
2236 4527 2703 4583 comparaveram.
2728 4520 3028 4579 lndicterio
3051 4531 3353 4597 cmnparui,

108 4601 238 4670 ipse
268 4614 325 4656 et
358 4603 837 4664 Annuntiationem
871 4609 1129 4681 Virginis,
1162 4624 1215 4668 et
1245 4615 1593 4687 Theophania
1623 4623 1690 4676 ad

105 4690 405 4745 Christum
449 4697 758 4763 pertinere?
797 4699 1029 4772 Negabit
1082 4706 1306 4761 scilicet.
1361 4707 1500 4774 Quid
1539 4713 1691 4766 tum?

106 4781 410 4838 Lectiones
443 4785 495 4839 in
514 4789 946 4850 solemnitatibus
969 4804 1283 4852 sanctorum
1312 4801 1465 4856 valde
1493 4801 1690 4856 Carolo

104 4874 460 4942 antiquiores
516 4887 673 4934 sunt:
731 4890 785 4936 et
820 4894 1121 4955 martyrum
1168 4888 1300 4943 Acta
1359 4891 1413 4944 in
1450 4890 1688 4947 Ecclesia

103 4974 241 5019 ante
268 4967 520 5021 eumdem
544 4969 796 5026 Carolum
828 4974 1165 5045 legebantur.
1203 4979 1401 5037 Volens
1424 4991 1555 5053 puto
1585 4984 1688 5038 hoc

103 5056 394 5128 ignoravit
452 5057 722 5117 Rivetus:
779 5081 955 5135 neque
1000 5068 1145 5122 enim
1202 5072 1338 5126 adeo
1398 5073 1579 5131 infans
1634 5077 1685 5131 in

101 5150 283 5203 rebus
320 5151 727 5220 ecclesiasticis,
781 5167 834 5211 et
868 5159 1086 5228 scriptis
1119 5160 1376 5230 Patrum,
1427 5182 1549 5235 quae
1590 5184 1688 5237 pro

98 5240 342 5295 libidine
363 5241 642 5311 deartuat,
675 5247 1071 5305 existimandus
1100 5260 1202 5307 est.
1235 5253 1389 5320 Quod
1426 5258 1469 5311 si
1499 5259 1687 5316 nolens

100 5330 153 5384 id
182 5331 504 5396 nesciverit,
548 5336 772 5391 edoctus
803 5340 963 5393 modo
991 5341 1127 5397 sciat
1159 5354 1213 5399 et
1240 5346 1605 5415 obmutescet,
1632 5360 1686 5405 et

98 5423 352 5493 deponat
378 5423 578 5495 aliquid
598 5442 662 5481 ex
688 5426 827 5482 fastu
863 5431 955 5485 illo
977 5475 990 5499 ,
1021 5442 1073 5487 et
1104 5436 1362 5491 tantailla
1390 5454 1550 5508 quam
1582 5441 1683 5494 sibi

98 5516 359 5569 vindicat
385 5516 650 5573 doctrina.
683 5521 815 5575 Acta
847 5533 1143 5595 martyrum
1170 5527 1396 5597 probata
1437 5539 1561 5584 ante
1583 5530 1685 5585 Ca-

96 5608 288 5661 rolum
322 5607 378 5660 in
407 5606 645 5664 Ecclesia
672 5611 1008 5682 legebantur,
1039 5610 1538 5689 consequenterque
1564 5626 1685 5681 festi

1794 4599 1897 4654 hoc
1929 4600 2092 4655 estin
2144 4601 2265 4656 loco
2305 4604 2395 4659 ubi
2427 4608 2590 4662 verba
2623 4609 2817 4667 facturi
2857 4630 2916 4669 se
2943 4618 3218 4683 exhibent,
3243 4620 3357 4675 sive

1791 4690 2101 4756 amhonem,
2129 4693 2243 4747 sive
2265 4708 2598 4767 suggestum,
2618 4702 2731 4756 sive
2748 4704 3075 4768 auditorium
3094 4709 3350 4778 appelles,

1790 4789 1843 4833 et
1871 4796 2041 4850 pauca
2084 4784 2329 4851 quaedam
2364 4789 2497 4842 dixi.
2552 4810 2572 4842 ι
2620 4792 2721 4857 Qui
2758 4795 2871 4864 jam
2908 4798 3155 4854 adductis
3200 4802 3354 4855 testi-

1788 4871 2177 4927 moniisrﬁdem
2208 4892 2317 4929 non
2352 4879 2590 4942 adhibet,
2621 4882 2830 4935 etiamsn
2860 4894 3116 4939 sexcenta
3144 4897 3244 4941 ana
3274 4891 3357 4943 of-

1788 4959 2052 5028 ferantur,
2083 4967 2415 5032 pervicacius
2446 4969 2775 5025 indurescet.
2804 4971 3143 5043 Legebantur
3174 4978 3353 5048 itaque

1785 5051 1842 5105 in
1885 5054 2122 5109 Ecclesia
2152 5065 2264 5111 tum
2306 5059 2496 5115 Latina
2546 5070 2658 5115 tum
2701 5063 2884 5119 Graeca
2914 5082 3022 5121 non
3064 5068 3354 5139 Scriptura:

1784 5157 1951 5197 sacrae
1974 5144 2329 5214 solummodo,
2361 5151 2455 5205 sed
2483 5162 2535 5205 et
2573 5153 2703 5206 Acta
2734 5165 3045 5222 martvrum,
3087 5169 3142 5214 et
3173 5162 3226 5215 in
3257 5163 3353 5217 iis-

1783 5231 1905 5286 dem
1930 5233 2360 5293 solemnitatibus
2383 5241 2449 5294 ab
2474 5241 2864 5310 antiquioribus
2888 5246 3135 5303 Patribus
3155 5251 3351 5307 habitae

1790 5326 2063 5381 orationes
2083 5337 2208 5383 ante
2232 5329 2503 5397 Carolum,
2532 5335 2777 5404 quamvis
2803 5336 2857 5391 id
2880 5341 3131 5409 nequiter
3153 5357 3350 5416 negent

1781 5426 1837 5473 et
1866 5416 2091 5475 Rivetus
2119 5432 2174 5477 et
2202 5422 2529 5483 Perkinsius.

1858 5527 2074 5595 Dicent,
2106 5528 2317 5590 facinus
2358 5537 2459 5591 hoc
2497 5553 2603 5593 non
2648 5550 2988 5595 essenatum
3033 5544 3173 5612 apud
3228 5545 3347 5601 illos

1788 5630 1861 5672 no
1895 5636 2007 5686 um,
2037 5625 2130 5679 sed
2150 5627 2363 5696 culpam
2394 5630 2729 5685 referendam
2754 5648 2876 5686 esse
2900 5632 2955 5686 in
2980 5631 3346 5703 Sigebertum.

100 5708 432 5753 sanctorum
480 5698 595 5754 dies
634 5702 1067 5759 celebrabantur.
1119 5706 1393 5765 Adrianus
1435 5724 1572 5779 papa
1621 5717 1674 5772 in
1766 5700 2088 5797 et'Paulum
2112 5715 2526 5787 Emilium,qui
2548 5731 2671 5776 ante
2700 5737 2759 5777 se
2783 5721 3029 5777 fraudem
3050 5724 3342 5781 hancconc

97 5786 341 5855 epistola
376 5786 443 5841 ad
472 5788 712 5856 ejusdem
739 5789 919 5847 Caroli
946 5797 1205 5864 scriptum
1242 5797 1318 5852 De
1342 5799 1680 5875 imaginibus,

1782 5815 2057 5872 ceperunt.
2104 5804 2294 5863 Dicent
2344 5812 2591 5878 equidem
2619 5855 2633 5880 ,
2680 5813 2773 5869 sed
2807 5812 3001 5870 callido
3032 5817 3329 5879 mendacio,
3360 5850 3365 5853 »
