3876 6518
481 353 617 408 iﬁlli

1364 357 1612 417 LEONIS
1648 359 1927 420 ALLATII
1964 362 2287 423 DIATRIBA
2322 368 2407 425 DE
2446 367 2857 426 THEODORIS.

3570 367 3710 423 128)

475 474 853 543 Proponamus
879 474 1039 529 verba
1071 473 1333 544 Sigeberti
1367 484 1482 530 tum
1516 493 1582 531 ex
1613 476 1890 545 Chronico,
1914 491 2027 534 tum
2062 491 2104 544 Α
2133 483 2280 539 nium
2312 485 2788 540 Annuntiationem
2813 484 3169 540 sanctissima:
3194 482 3286 539 Dei
3315 482 3650 547 Genitricis;
3684 501 3702 531 ι

475 580 544 620 ex
572 566 711 619 libro
736 564 811 618 De
840 566 1183 635 scriptoribus
1228 567 1379 635 (cap.
1437 568 1538 637 81)
1576 588 1589 623 :
1632 587 1650 620 ι
1685 570 1913 625 Carolus
1939 571 2043 625 im-

475 662 695 725 perator
748 670 841 725 per
880 671 1105 711 manum
1161 657 1315 712 Pauli
1360 660 1575 715 diaconi
1623 663 1708 717 sui
1748 663 2042 733 decerpens

477 745 680 815 optima
708 761 940 815 quaeque
991 747 1059 802 de
1101 747 1317 817 scriptis
1368 751 1756 806 catholicorum
1780 749 2037 820 Patrum,

477 838 740 894 lectiones
766 840 1060 909 unicuique
1090 838 1366 897 festivitati
1396 845 1782 900 convenientes
1815 859 1912 914 per
1934 845 2042 900 cir-

477 932 661 987 culum
694 930 822 985 anni
859 931 912 985 in
945 931 1189 988 Ecclesia
1224 933 1482 1009 legendas
1511 937 1796 1006 compilari
1834 936 1965 993 fecit
1986 938 2041 993 in

475 1023 693 1080 duobus
756 1024 1147 1079 voluminibus.
1200 1043 1219 1077 ι
1278 1025 1355 1081 De
1386 1026 1523 1083 Vitis
1580 1036 1930 1096 sanctorum,
1974 1030 2042 1085 de

477 1102 695 1184 hymnis
722 1113 776 1167 in
807 1113 913 1180 his,
948 1128 1018 1168 ne
1042 1114 1265 1168 verbum
1282 1114 1521 1184 quidem.
1563 1115 1684 1183 Qua
1715 1116 1892 1173 fronte
1912 1133 2041 1190 ergo

474 1204 695 1268 dicitur,
717 1220 784 1259 ex
818 1204 903 1258 his
921 1203 1184 1275 Sigeberti
1214 1206 1417 1273 verbis,
1444 1215 1498 1262 et
1520 1206 1671 1265 Vitas
1703 1218 2038 1277 sanctorum,

474 1306 529 1351 et
572 1296 804 1367 hymnos
852 1294 1007 1350 festis
1048 1297 1439 1353 convenientes
1492 1314 1523 1352 a
1574 1300 1770 1355 Carolo
1804 1301 2037 1371 primum

474 1388 801 1443 constitutos
838 1385 1045 1441 fuisse?
1090 1386 1157 1441 Et
1180 1389 1455 1457 quomodo
1477 1390 1689 1459 primus
1719 1393 2036 1458 constituit,

474 1479 567 1548 qui
590 1493 657 1534 ex
692 1478 1082 1533 catholicorum
1114 1477 1335 1533 Patrum
1360 1481 1585 1551 scriptis
1606 1522 1621 1549 ,
1652 1497 1774 1552 quae
1802 1493 1927 1539 ante
1952 1484 2037 1555 ip-

474 1587 595 1627 sum
629 1579 818 1637 erant,
863 1571 1152 1640 decerpere
1192 1570 1427 1627 Paulum
1452 1574 1655 1643 jussit?
1696 1576 1863 1630 Erant
1908 1592 2038 1649 ergo

475 1674 599 1720 ante
630 1665 883 1719 Carolum
925 1663 1191 1733 ejusmodi
1232 1662 1432 1731 scripta
1494 1664 1550 1717 in
1608 1662 1885 1731 Ecclesia,
1944 1667 2037 1722 sed

473 1772 599 1811 cum
648 1756 717 1811 ab
773 1755 1040 1810 haereticis
1082 1755 1221 1809 male
1282 1754 1504 1819 habita,
1548 1763 1603 1811 et
1642 1755 1903 1811 addititiis
1942 1757 2037 1811 do-

473 1847 664 1903 arinis
683 1855 1041 1917 conspurcata
1061 1846 1230 1901 multa
1248 1856 1509 1913 cerneret,
1528 1847 1695 1917 jussit
1715 1856 1773 1902 ut
1797 1848 2034 1903 triticum

473 1953 539 1991 ex
569 1937 959 1995 catholicorum
996 1936 1215 2006 scriptis
1236 1978 1251 2002 ,
1289 1935 1505 2006 rejectis
1550 1938 1849 2003 haereticis,
1879 1930 2039 2009 elig'e-

471 2039 642 2084 retur.
667 2028 783 2083 Non
819 2028 1002 2097 itaque
1029 2028 1143 2097 ipse
1180 2028 1389 2097 primus
1427 2029 1730 2085 constituit.
1775 2029 1914 2085 Tum
1941 2031 2038 2086 de-

472 2131 645 2181 mum,
682 2131 751 2169 an
787 2132 957 2170 unum
985 2124 1040 2171 et
1072 2116 1211 2171 idem
1246 2116 1380 2184 tibi,
1411 2115 1628 2184 Rivete,
1656 2119 1867 2176 videtur
1892 2134 2041 2175 com-

471 2209 642 2277 pilare
686 2206 901 2276 l‘acere,
974 2214 1029 2263 et
1074 2208 1452 2263 constituere?
1501 2208 1808 2280 Compilare
1856 2220 1939 2266 est
1982 2210 2036 2265 in

471 2315 640 2354 unum
692 2315 926 2373 cogere:
984 2299 1220 2370 primum
1269 2299 1627 2369 constituere,
1670 2310 1755 2357 est
1803 2302 2038 2371 primum

470 2400 737 2458 statuere,
771 2406 1074 2462 proponere
1095 2430 1110 2456 ,
1138 2391 1469 2446 decernere.
1506 2390 1886 2464 Compilantur
1918 2408 2040 2463 qua:

471 2492 596 2537 ante
638 2492 826 2550 erant;
871 2482 1114 2553 primum
1147 2482 1555 2537 constituuntur
1606 2498 1728 2554 quae
1772 2491 1888 2539 tum
1926 2484 2041 2555 pri-a

470 2589 618 2627 mum
662 2581 982 2629 nascuntur.
1022 2570 1081 2626 Si
1121 2585 1251 2642 ergo
1296 2581 1452 2627 erant
1478 2580 1669 2640 antea,
1721 2587 1829 2628 non
1863 2574 2041 2645 potuit

470 2664 680 2732 primus
711 2664 1045 2719 constituere
1071 2703 1086 2725 ,
1128 2662 1307 2732 potuit
1346 2671 1526 2718 tamen
1560 2662 1676 2733 ipse
1705 2665 2000 2734 compilare
2020 2706 2037 2733 ,

468 2755 554 2809 vel
583 2752 763 2810 lacere
814 2763 874 2809 ut
912 2754 1119 2810 Paulus
1154 2754 1491 2825 compilaret.
1514 2754 1653 2810 Male
1672 2769 1802 2826 ergo
1831 2756 2038 2827 legeras

468 2845 633 2901 verba
664 2844 948 2917 Sigeberti,
978 2845 1133 2916 pejus
1161 2860 1517 2917 conceperas,
1551 2847 1791 2917 pessime
1824 2856 1916 2902 tua
1936 2862 2037 2919 pro

469 2940 617 2995 illius
654 2939 835 2994 verbis
865 2938 1206 3004 divenditas,
1252 2947 1306 2994 et
1343 2938 1595 2994 lectorem
1631 2938 1801 2995 fallis.
1838 2939 1903 2996 Et
1959 2940 2038 2997 sic

468 3032 593 3087 talis
628 3046 782 3086 error
836 3032 891 3086 in
950 3041 1181 3101 utroque
1234 3038 1473 3086 vestrum
1526 3029 1645 3086 fuit.
1702 3030 1856 3087 Pauli
1908 3047 2039 3087 vero

467 3121 677 3176 :Emilii
714 3122 792 3176 De
831 3122 988 3193 gestis
1017 3120 1349 3176 Francorum
1375 3122 1428 3176 in
1470 3120 1664 3176 Carolo
1713 3122 1823 3193 (ed.
1866 3122 2032 3178 Basil.

467 3230 522 3284 p.
541 3213 631 3286 65)
643 3215 809 3270 verba
823 3222 949 3270 sunt
969 3233 981 3268 :
1015 3232 1033 3266 ς
1059 3213 1456 3269 Vetustissimis
1475 3214 1897 3284 exemplaribus,
1919 3230 2041 3270 san-

467 3304 676 3375 ctisque
700 3306 1037 3369 auctoribus,
1082 3304 1312 3375 imperio
1348 3319 1557 3375 opeque
1583 3304 1768 3360 Caroli
1800 3306 2039 3376 undique

466 3396 812 3469 conquisitis,
839 3408 1140 3469 martyrum
1163 3398 1305 3452 vitas
1331 3406 1691 3467 mortemque,
1717 3412 1782 3453 ac
1811 3408 2039 3453 caetero-

467 3502 589 3540 rum
641 3488 895 3543 divorum
928 3528 944 3555 ,
1007 3503 1222 3543 summa
1286 3488 1551 3544 brevitate
1600 3490 1915 3559 perstrinxit
1982 3490 2039 3544 in

467 3578 683 3648 templis
724 3580 1001 3649 legendas.
1035 3598 1055 3632 ι
1106 3580 1252 3634 Nulli
1291 3580 1382 3635 hic
1422 3580 1609 3651 hymni
1642 3592 2035 3640 memorantur.

468 3670 753 3727 Lectiones
788 3688 931 3741 quas
976 3688 1189 3728 summa
1220 3673 1483 3727 brevitate
1512 3674 1855 3743 [perstrinxit
1898 3674 2040 3730 Pau-

468 3760 587 3829 lus,
612 3777 680 3816 ex
715 3763 1105 3818 vetustissimis
1134 3762 1536 3832 exemplaribus
1581 3764 1893 3834 sanctisque
1941 3780 2039 3820 au-

468 3850 711 3909 cto'ribus
751 3854 1018 3924 decerpta:
1050 3862 1196 3910 sunt.
1232 3851 1496 3907 Laborem
1519 3851 1673 3907 Pauli
1706 3868 1808 3923 ope
1835 3869 1932 3909 sua
1964 3863 2039 3909 at-

466 3960 573 4015 que
608 3946 836 4015 imperio
871 3946 1101 4002 Carolus
1147 3944 1455 4017 promovit,
1484 3944 1815 4015 exemplaria
1844 3963 2037 4019 nempe

466 4038 877 4108 conquirendo,
913 4047 968 4094 et
1014 4047 1266 4110 sumptus
1295 4038 1599 4110 erogaudo,
1642 4046 1703 4092 ut
1732 4040 2037 4109 promptius

469 4132 526 4186 in
583 4130 825 4188 Ecclesia
876 4133 1205 4203 legerentur,
1240 4148 1361 4204 qua:
1391 4132 1560 4186 nimia
1602 4146 1702 4187 sua
1731 4131 2037 4201 prolixitate

467 4223 699 4279 lectores
725 4225 1001 4293 segniores
1037 4224 1354 4280 reddebant.
1386 4222 1674 4290 Quomodo
1702 4222 1886 4293 itaque
1924 4223 2038 4293 pri-

468 4328 592 4367 mus
614 4303 843 4367 Carolu's
879 4314 1139 4369 lectiones
1183 4312 1335 4370 (estis
1364 4322 1676 4370 sanctorum
1710 4313 2037 4369 convenien-

468 4412 551 4459 tes
579 4402 896 4458 constituit?

2143 588 2250 628 non
2284 585 2343 629 ut
2374 587 2654 647 argutatur
2691 576 2913 632 Rivetus
2945 576 3043 631 has
3066 590 3185 632 esse
3216 576 3437 632 dubias.
3479 574 3611 644 quia
3636 574 3709 628 le-

2139 667 2349 721 ctiones
2368 676 2421 721 et
2448 668 2635 738 hymni
2661 667 2854 723 diebus
2878 668 3033 723 festis
3054 666 3443 723 convenientes
3467 666 3704 733 primum

2139 773 2170 813 a
2195 758 2390 812 Carolo
2433 757 2626 827 Magno
2671 760 2952 815 constituti
2992 760 3122 814 sint.
3152 756 3417 823 Quamvis
3441 770 3577 810 vero
3626 771 3707 809 ar-

2140 856 2454 912 gumentum
2495 846 2759 903 Perkinsii
2815 849 3026 904 nullum
3073 848 3163 914 sit,
3200 856 3261 901 ut
3310 861 3482 915 supra
3519 845 3709 915 proba-

2139 944 2255 989 tum
2284 944 2387 1003 est,
2421 945 2655 993 attamen
2677 938 2809 993 illud
2845 938 3144 992 maximum
3180 937 3232 991 in
3280 935 3485 990 Riveto
3516 934 3706 998 fuerit,

2140 1027 2328 1083 critico
2382 1044 2564 1084 rerum
2615 1044 2895 1085 sacrarum
2925 1027 3362 1098 improbissimo,
3398 1041 3584 1097 pauca
3612 1026 3706 1079 ista

2138 1117 2404 1175 Perkinsii
2447 1121 2715 1177 intellecta
2773 1134 2881 1175 non
2915 1119 3106 1175 fuisse.
3130 1100 3195 1171 Et
3222 1119 3387 1188 plane
3415 1131 3708 1187 argumen-

2142 1218 2254 1262 tum
2285 1207 2551 1265 Perkinsii
2578 1210 2652 1264 ita
2682 1218 3001 1278 conceptum
3036 1208 3426 1263 stultissimum
3451 1214 3563 1261 est.
3586 1204 3703 1259 Ete-

2140 1303 2251 1357 nim
2276 1301 2320 1356 si
2352 1302 2479 1371 quia
2507 1301 2832 1372 hymnorum
2867 1310 2923 1358 et
2966 1300 3227 1354 festorum
3257 1299 3481 1353 dierum
3513 1297 3700 1352 memi-

2137 1394 2242 1459 nit,
2278 1393 2400 1448 ideo
2424 1401 2534 1447 tres
2566 1394 2652 1449 vel
2687 1403 2922 1464 quatuor
2956 1392 3073 1447 istze
3097 1391 3369 1445 orationes
3395 1388 3705 1459 rejicienda

2139 1492 2286 1545 sunt.
2344 1483 2632 1553 rejicienda
2688 1492 2846 1539 erunt
2877 1493 2933 1539 et
2979 1481 3303 1553 Evangelia,
3344 1489 3403 1535 et
3448 1480 3704 1550 Epistula:

2137 1575 2322 1640 Pauli,
2365 1586 2419 1631 et
2460 1584 2542 1631 tot
2594 1576 2699 1630 alia
2749 1586 3099 1641 sanctorum,
3148 1575 3397 1645 quiante
3444 1572 3701 1627 Carolum

2137 1667 2422 1734 vixerunt,
2473 1677 2823 1722 monumenta
2854 1665 3248 1737 pulcherrima,
3295 1675 3349 1719 et
3367 1665 3439 1720 de
3465 1679 3703 1735 quorum

2138 1760 2453 1815 auctoribus
2480 1759 2730 1815 dubitare
2757 1758 2911 1814 nefas
2955 1767 3119 1825 esset,
3140 1756 3223 1812 νει
3244 1771 3311 1812 eo
3342 1756 3465 1811 solo
3485 1756 3704 1811 nomine

2137 1852 2282 1922 quod
2313 1852 2368 1905 in
2391 1851 2497 1908 illis
2527 1850 2733 1906 mentio
2759 1851 3008 1914 habetur,
3028 1860 3079 1905 et
3100 1850 3309 1904 dierum
3336 1848 3628 1910 festorum,
3654 1859 3706 1901 et

2138 1941 2497 2013 hymnorum,
2548 1939 2696 2011 quod
2739 1940 2842 1996 ista
2879 1940 3118 2010 primum
3161 1953 3190 1992 a
3242 1936 3444 1992 Carolo
3493 1938 3702 1992 constio

2137 2041 2253 2087 tuta
2280 2032 2409 2088 sint.

2208 2123 2274 2179 Et
2300 2133 2360 2179 ut
2383 2123 2557 2195 magis
2578 2137 2799 2194 urgeam
2821 2164 2837 2190 ,
2877 2123 2962 2179 hac
2995 2122 3384 2193 Thaumaturgi
3424 2124 3701 2179 orationes

2137 2226 2374 2286 quatuor
2426 2226 2573 2281 sunt,
2616 2225 2728 2272 tres
2783 2217 2839 2271 in
2886 2216 3403 2280 Annuntiationem,
3436 2218 3604 2272 unica
3648 2218 3701 2271 in

2140 2303 2567 2375 Theophaniam,
2591 2313 2646 2361 et
2670 2320 2735 2361 ex
2760 2306 2847 2362 his
2880 2307 2932 2360 in
2958 2322 3064 2361 una
3093 2313 3327 2368 tantum,
3357 2321 3484 2374 quae
3507 2315 3597 2361 est
3616 2323 3698 2361 se-

2137 2397 2312 2452 cunda
2343 2396 2399 2451 in
2425 2396 2903 2452 Annuntiationem
2922 2436 2938 2462 ,
2971 2405 3025 2450 et
3055 2395 3263 2449 dierum
3304 2396 3610 2461 festorum,
3652 2408 3700 2450 et

2140 2487 2465 2559 hymnorum
2497 2485 2556 2541 ﬁt
2580 2486 2802 2541 mentio.
2830 2483 2961 2551 Quae
2984 2484 3182 2554 poterit
3223 2484 3497 2554 assignari
3528 2486 3695 2547 ratio,

2138 2589 2199 2634 ut
2225 2594 2331 2634 una
2359 2578 2525 2633 simul
2546 2593 2670 2632 cum
2694 2576 2797 2632 hac
2818 2577 3039 2645 reliquae
3068 2575 3426 2645 rejiciantur?
3472 2574 3696 2629 Etiamsi

2137 2684 2259 2740 quae
2283 2669 2349 2724 de
2374 2668 2527 2724 festis
2564 2676 2619 2723 et
2666 2666 2882 2738 hymnis
2907 2667 3167 2737 loquitur,
3190 2680 3221 2721 e
3243 2665 3470 2735 scriptis
3519 2664 3698 2719 Thau-

2138 2761 2370 2831 maturgi
2413 2768 2557 2817 esset
2608 2760 3037 2826 exterminanda,
3074 2759 3175 2814 ista
3214 2773 3325 2814 non
3353 2772 3469 2813 una
3516 2772 3696 2813 secum

2139 2853 2375 2909 traheret
2396 2853 2550 2906 alias.
2579 2849 2687 2907 Fac
2705 2851 2849 2906 enim
2876 2850 3015 2905 inter
3030 2849 3306 2904 orationes
3325 2848 3697 2913 Seleucianas,

2138 2946 2222 3000 vel
2266 2943 2775 3017 Chrysostomianas
2812 2941 2883 2996 sit
2915 2955 3045 3005 una,
3096 2955 3219 3009 qua:
3259 2940 3697 3003 beleuciensem,

2138 3035 2224 3089 vel
2256 3034 2702 3105 Chrysostomum
2737 3045 2844 3086 non
2892 3040 3181 3101 agnoscat.
3234 3029 3434 3083 ideone
3493 3040 3550 3085 et
3587 3030 3701 3084 neli-

2137 3140 2259 3196 qua:
2293 3125 2410 3178 alia:
2446 3121 2799 3178 amandandzn
2850 3122 3013 3177 sunt?
3062 3119 3247 3176 Κακοῦ
3278 3120 3523 3191 κόρακος
3543 3119 3699 3173 κακὸν

2140 3218 2264 3272 ὼόν.
2298 3215 2442 3272 lnter
2472 3215 2653 3271 decem
2703 3213 3071 3270 adolescentes
3110 3228 3254 3267 unus
3308 3214 3538 3281 spurius
3590 3221 3697 3276 est,

2141 3326 2316 3380 neque
2352 3308 2682 3374 indubitate,
2721 3319 2848 3376 ergo
2902 3305 3081 3360 caeteri
3109 3317 3301 3359 omnes
3321 3304 3541 3374 spurii?
3570 3303 3702 3356 Inter

2140 3403 2324 3457 decem
2355 3401 2586 3470 pecudes
2612 3415 2721 3455 una
2769 3400 2921 3469 nigra
2960 3405 3078 3461 est,
3108 3411 3237 3466 ergo
3261 3404 3315 3449 et
3346 3395 3576 3464 reliqua:
3606 3409 3699 3448 no.

2140 3493 2297 3547 vem?
2347 3491 2411 3547 Et
2465 3502 2525 3546 ut
2564 3490 2772 3554 ﬁniam,
2828 3488 2966 3543 inter
3013 3487 3231 3543 criticos
3261 3502 3457 3541 sacros
3486 3485 3699 3540 Rivetus

2140 3597 2329 3637 amens
2384 3582 2714 3650 demensque
2765 3586 2867 3647 est,
2921 3592 3051 3648 ergo
3111 3589 3161 3633 et
3205 3584 3487 3647 quotquot
3540 3575 3699 3631 critici

2140 3676 2280 3729 sacri
2302 3673 2464 3729 sunt?
2504 3671 2705 3727 Demus
2748 3686 2878 3741 ergo
2924 3669 3313 3725 dubitationem
3354 3683 3489 3723 esse
3527 3668 3595 3722 de
3630 3682 3700 3720 se-

2140 3762 2317 3817 cunda
2351 3761 2403 3813 iu
2431 3759 2938 3826 Annuntiationem,
2967 3760 3095 3829 quia
3125 3767 3179 3812 et
3222 3757 3451 3828 hymni,
3494 3769 3551 3811 et
3599 3756 3700 3810 dies

2140 3852 2264 3907 festi
2303 3852 2358 3905 in
2378 3866 2441 3907 ea
2473 3851 2745 3917 tinniunt;
2782 3865 2910 3919 ergo
2952 3858 3234 3920 propterea
3270 3857 3325 3903 et
3361 3848 3487 3903 alia:
3517 3847 3700 3902 ibidem

2140 3957 2365 3997 annexa!
2413 3942 2468 3995 in
2514 3941 2739 3996 dubium
2766 3940 3079 3995 vertantur?
3102 3936 3424 4003 Vertantur,
3456 3937 3701 3992 fatebitur

2140 4035 2322 4091 forsan
2346 4035 2592 4101 Rivetus,
2627 4035 2713 4088 cui
2748 4034 2929 4087 omnia
2960 4048 3116 4087 sacra
3149 4032 3200 4085 in
3236 4030 3477 4084 dubium
3505 4042 3700 4083 vertere

2140 4127 2194 4180 in
2232 4126 2417 4180 animo
2446 4135 2547 4180 est.
2583 4123 2650 4179 Et
2697 4125 2810 4179 haec
2855 4124 3072 4193 quidem
3109 4122 3175 4176 ad
3208 4122 3457 4176 rationes
3506 4118 3700 4181 Riveti,

2138 4215 2463 4280 Gordianis,
2510 4223 2570 4269 ut
2615 4215 2715 4284 ipsi
2776 4214 3015 4279 videtur,
3071 4212 3226 4267 nodis
3284 4212 3700 4273 circumnexas,

2138 4311 2273 4367 satis
2297 4310 2425 4365 sint.

2214 4400 2472 4455 Scribunt
2500 4400 2589 4454 alii
2629 4418 2642 4455 :
2676 4398 2874 4464 Verba,
2907 4414 3028 4469 quae
3061 4398 3125 4453 ad
3156 4394 3422 4451 Iordanis
3456 4397 3612 4466 ripas
3659 4405 3705 4450 et

537 4490 723 4563 Neque
770 4491 903 4548 illud
965 4492 1327 4549 omittendum
1376 4500 1462 4548 est
1487 4511 1501 4547 :
1551 4492 1715 4548 verba
1768 4492 2033 4549 Perkinsii
2064 4506 2109 4561 ι)
2139 4493 2195 4547 in
2219 4502 2403 4547 monte
2424 4492 2556 4547 dicit
2587 4490 2746 4547 Pater
2769 4491 2836 4546 de
2858 4489 3096 4555 Christo,
3125 4489 3200 4543 ita
3229 4488 3525 4559 conjungit
3550 4498 3705 4557 atque

467 4599 591 4654 qua:
631 4584 766 4654 ipse,
800 4594 861 4639 ut
888 4600 1054 4655 supra
1082 4585 1215 4649 dixi,
1240 4600 1347 4640 non
1370 4585 1500 4651 vidi,
1525 4599 1588 4639 ex
1624 4584 1824 4655 quibus
1845 4593 1925 4640 tot
1945 4600 2033 4640 er-

468 4690 620 4731 rores
669 4685 1100 4747 consequuntur,
1177 4675 1401 4732 Rivetus
1441 4675 1652 4731 videtur
1700 4691 1808 4731 non
1876 4676 2035 4731 intel-

468 4767 685 4822 lexisse.
731 4766 1226 4840 Argumentabatur
1264 4767 1533 4839 siquidem
1579 4765 1928 4834 Perkinsius,
1986 4769 2033 4825 si

470 4872 617 4912 sana:
644 4858 842 4914 mentis
878 4874 1103 4930 compos
1131 4859 1437 4923 scribebat,
1459 4859 1740 4923 lectiones,
1775 4840 2033 4929 hymnos,

469 4956 523 5001 et
546 4944 697 5003 Vitas
726 4956 1036 5004 sanctorum
1082 4948 1275 5004 diebus
1308 4947 1461 5005 festis
1490 4949 1894 5015 convenientes,
1925 4948 2034 5018 pri-

471 5053 618 5092 mum
642 5053 675 5093 a
696 5039 893 5093 Carolo
914 5040 1239 5096 constitutos
1262 5039 1452 5095 fuisse.
1481 5040 1622 5111 Ergo
1655 5041 1736 5094 hae
1764 5041 2035 5095 orationes

469 5136 552 5184 tot
594 5138 721 5184 ante
763 5132 960 5185 saecula
1000 5131 1289 5187 scribentis
1338 5131 1732 5205 Thaumaturgi
1775 5147 1897 5188 esse
1924 5147 2032 5186 non

470 5229 719 5291 possunt.
756 5218 822 5275 Et
853 5221 1198 5277 manifestum
1240 5234 1353 5288 est,
1400 5226 1546 5295 quod
1603 5226 1659 5279 in
1712 5239 1901 5279 earum
1950 5238 2037 5280 se-

472 5311 647 5365 cunda
667 5353 682 5377 ,
706 5311 823 5380 ipso
850 5313 1030 5365 statim
1057 5312 1243 5381 initio,
1270 5315 1457 5368 talium
1486 5316 1689 5370 mentio
1722 5315 1985 5370 habeatur
2016 5332 2032 5370 :

482 5402 706 5473 Ἑορτὰς
739 5405 839 5474 μὲν
871 5406 1087 5469 ἁπάσας
1107 5408 1201 5459 καὶ
1223 5408 1494 5486 ὺμνῳδίας
1519 5408 1636 5461 δέον
1659 5410 1809 5479 ἡμᾶς
1837 5407 2036 5461 Θυσιῶν

471 5493 626 5563 δίκην
668 5496 996 5568 προσφέρειν
1046 5498 1123 5569 τῷ
1154 5498 1289 5568 Θεῷ,
1324 5499 1539 5571 πρῶτον
1585 5500 1643 5554 δὲ
1675 5500 1891 5555 πάντων
1945 5500 2035 5553 τὸν

474 5584 885 5657 Εὑαγγελισμὸν
917 5587 1016 5658 τῆς
1038 5588 1201 5656 ἁγίας
1227 5588 1506 5642 Θεοτόκου·
1549 5609 1567 5642 t
1589 5588 1784 5645 Sacras
1817 5590 2033 5661 quidem

474 5673 735 5729 festorum
765 5678 1106 5734 celebritates
1147 5688 1309 5749 atque
1344 5680 1575 5750 hymnos
1603 5681 1758 5737 decet
1798 5696 1897 5735 nos
1955 5696 2039 5735 sa-

473 5763 801 5822 crificiorum
832 5767 1002 5824 instar
1028 5767 1222 5826 oﬂerre
1252 5769 1383 5835 Deo,
1418 5771 1654 5836 primum
1695 5780 1877 5827 autem
1910 5784 2032 5826 om-

2139 4582 2544 4654 interpretatur,
2599 4598 2664 4638 ac
2707 4582 2755 4636 si
2800 4582 2915 4651 ipsa
2949 4578 3203 4650 baptismi
3233 4579 3371 4633 hora
3405 4580 3553 4632 dicta
3579 4579 3707 4632 fuis-

2139 4684 2260 4730 sent
2284 4716 2299 4741 ,
2336 4683 2525 4729 auctor
2566 4674 2802 4729 homiliaa
2842 4674 2896 4727 in
2923 4671 3375 4741 TheOphaniam:
3425 4688 3444 4720 ι
3482 4668 3583 4723 Hie
3622 4678 3703 4723 est

2138 4767 2309 4823 Filius
2340 4781 2494 4823 meus
2516 4766 2766 4828 dilectus,
2809 4765 2864 4819 in
2892 4778 3003 4834 quo
3032 4763 3164 4816 mihi
3212 4762 3348 4816 bene
3379 4762 3703 4831 complacui.

2138 4859 2306 4913 Filius
2323 4857 2822 4921 consubstantialis,
2849 4875 2867 4908 ι
2884 4865 3012 4921 etc.,
3029 4852 3172 4907 unde
3193 4852 3479 4924 perspicue
3506 4854 3710 4921 signiti-

2137 4958 2293 5005 catur
2321 4960 2596 5005 auctorem
2624 4950 2767 5005 illius
2799 4948 3034 5003 homiliae
3053 4944 3336 5015 scripsisse
3358 4952 3489 5013 post
3507 4944 3626 4996 Arii
3652 4954 3709 4997 et

2142 5038 2357 5094 concilii
2384 5036 2585 5093 Nicami
2611 5047 2883 5106 tempora,
2917 5037 3027 5090 imo
3056 5045 3182 5106 post
3216 5036 3365 5104 ipsos
3389 5032 3708 5087 Nestorium

2136 5139 2191 5185 et
2238 5129 2589 5201 Eutychetem
2645 5130 2950 5183 damnatos.
2990 5126 3134 5181 ldem
3177 5140 3396 5196 quoque
3428 5124 3705 5195 judicium

2139 5221 2445 5276 laciendum
2475 5221 2542 5275 de
2571 5220 2844 5274 duodecim
2877 5219 3136 5289 capitibus
3161 5220 3225 5272 de
3260 5218 3394 5287 ﬁde,
3418 5232 3547 5271 cum
3574 5230 3707 5269 ana-

2137 5312 2502 5368 thematismis
2530 5327 2652 5381 qua:
2682 5326 2806 5366 cum
2846 5308 3292 5365 Nestorianorum
3326 5318 3378 5362 et
3411 5306 3703 5376 Eutycbia-

2138 5420 2334 5460 norum
2366 5419 2579 5459 errores
2618 5415 2671 5457 et
2707 5401 3073 5470 blasphemias
3104 5400 3395 5461 damnent,
3431 5412 3541 5451 non
3575 5412 3705 5465 pos-

2138 5505 2266 5550 sunt
2300 5503 2578 5548 auctorem
2612 5492 2808 5546 habere
2841 5491 3160 5561 Gregorium
3203 5488 3704 5556 Thaumaturgum,

2138 5587 2230 5656 qui
2266 5585 2449 5640 multis
2474 5593 2598 5639 ante
2627 5585 2820 5638 barum
2854 5584 3129 5639 haereseon
3159 5591 3339 5635 ortum
3369 5580 3529 5634 annis
3560 5580 3705 5633 diem

2139 5692 2295 5732 suum
2318 5676 2545 5731 obierat.
2569 5673 2694 5730 Haec
2722 5673 2860 5729 ratio
2886 5688 2992 5727 non
3010 5672 3169 5742 plane
3191 5671 3488 5725 concludit.
3516 5666 3707 5736 Neque

2138 5769 2280 5823 enim
2326 5767 2454 5838 quia
2506 5765 2727 5821 Patrum
2777 5764 3061 5822 sententiis
3089 5764 3504 5831 haireses,quae
3557 5761 3707 5829 ipsos
