  <div class='ocr_page' id='page_1' title='image "/cluster/home/n/w/nwhite01/storage/ocr_20150623/10/hvd.32044019207620/618.png"; bbox 0 0 3876 6536; ppageno 0'>
   <div class='ocr_carea' id='block_1_1' title="bbox 139 374 281 433">
    <p class='ocr_par' dir='ltr' id='par_1_1' title="bbox 139 374 281 433">
     <span class='ocr_line' id='line_1_1' title="bbox 139 374 281 433; baseline 0.021 -3"><span class='ocrx_word' id='word_1_1' title='bbox 139 374 281 433; x_wconf 61' lang='grc' dir='ltr'>ιω</span> 
     </span>
    </p>
   </div>
   <div class='ocr_carea' id='block_1_2' title="bbox 1018 377 2516 438">
    <p class='ocr_par' dir='ltr' id='par_1_2' title="bbox 1018 377 2516 438">
     <span class='ocr_line' id='line_1_2' title="bbox 1018 377 2516 438; baseline 0.003 -5"><span class='ocrx_word' id='word_1_2' title='bbox 1018 378 1263 435; x_wconf 87' lang='lat' dir='ltr'><strong>LEONIS</strong></span> <span class='ocrx_word' id='word_1_3' title='bbox 1300 378 1578 434; x_wconf 80' lang='lat' dir='ltr'><strong>ALLATII</strong></span> <span class='ocrx_word' id='word_1_4' title='bbox 1616 377 1941 434; x_wconf 81' lang='lat' dir='ltr'><strong>DIATRIBA</strong></span> <span class='ocrx_word' id='word_1_5' title='bbox 1979 378 2070 435; x_wconf 87' lang='lat' dir='ltr'><strong>DE</strong></span> <span class='ocrx_word' id='word_1_6' title='bbox 2110 378 2516 438; x_wconf 78' lang='lat' dir='ltr'><strong>TIIEODORIS.</strong></span> 
     </span>
    </p>
   </div>
   <div class='ocr_carea' id='block_1_3' title="bbox 3248 388 3386 445">
    <p class='ocr_par' dir='ltr' id='par_1_3' title="bbox 3248 388 3386 445">
     <span class='ocr_line' id='line_1_3' title="bbox 3248 388 3386 445; baseline 0.043 -5"><span class='ocrx_word' id='word_1_7' title='bbox 3248 388 3386 445; x_wconf 68' lang='grc'><strong>1222</strong></span> 
     </span>
    </p>
   </div>
   <div class='ocr_carea' id='block_1_4' title="bbox 137 495 3387 581">
    <p class='ocr_par' dir='ltr' id='par_1_4' title="bbox 137 495 3387 581">
     <span class='ocr_line' id='line_1_4' title="bbox 137 495 3387 581; baseline 0.005 -34"><span class='ocrx_word' id='word_1_8' title='bbox 137 497 456 549; x_wconf 59' lang='lat' dir='ltr'><strong>subsecutae</strong></span> <span class='ocrx_word' id='word_1_9' title='bbox 522 496 683 560; x_wconf 80' lang='lat' dir='ltr'><strong>simt,</strong></span> <span class='ocrx_word' id='word_1_10' title='bbox 744 496 1081 567; x_wconf 73' lang='lat' dir='ltr'><strong>iugulantur,</strong></span> <span class='ocrx_word' id='word_1_11' title='bbox 1142 499 1263 555; x_wconf 89' lang='lat' dir='ltr'><strong>ideo</strong></span> <span class='ocrx_word' id='word_1_12' title='bbox 1308 501 1446 556; x_wconf 86' lang='lat' dir='ltr'><strong>bene</strong></span> <span class='ocrx_word' id='word_1_13' title='bbox 1493 500 1725 556; x_wconf 75' lang='lat' dir='ltr'><strong>infertur</strong></span> <span class='ocrx_word' id='word_1_14' title='bbox 1754 505 1797 562; x_wconf 78' lang='grc' dir='ltr'>Α</span> <span class='ocrx_word' id='word_1_15' title='bbox 1827 513 1933 568; x_wconf 90' lang='lat' dir='ltr'><strong>que</strong></span> <span class='ocrx_word' id='word_1_16' title='bbox 1966 495 2264 555; x_wconf 82' lang='lat' dir='ltr'><strong>Personam</strong></span> <span class='ocrx_word' id='word_1_17' title='bbox 2291 517 2388 571; x_wconf 90' lang='lat' dir='ltr'><strong>per</strong></span> <span class='ocrx_word' id='word_1_18' title='bbox 2417 518 2476 558; x_wconf 92' lang='lat' dir='ltr'><strong>se</strong></span> <span class='ocrx_word' id='word_1_19' title='bbox 2510 502 2826 570; x_wconf 76' lang='lat' dir='ltr'><strong>subsistere,</strong></span> <span class='ocrx_word' id='word_1_20' title='bbox 2862 513 2918 560; x_wconf 90' lang='lat' dir='ltr'><strong>et</strong></span> <span class='ocrx_word' id='word_1_21' title='bbox 2944 504 3102 561; x_wconf 86' lang='lat' dir='ltr'><strong>aliam</strong></span> <span class='ocrx_word' id='word_1_22' title='bbox 3137 522 3258 563; x_wconf 91' lang='lat' dir='ltr'><strong>esse</strong></span> <span class='ocrx_word' id='word_1_23' title='bbox 3288 508 3387 581; x_wconf 78' lang='lat' dir='ltr'><strong>hy-</strong></span> 
     </span>
    </p>
   </div>
   <div class='ocr_carea' id='block_1_5' title="bbox 134 585 1712 663">
    <p class='ocr_par' dir='ltr' id='par_1_5' title="bbox 134 585 1712 663">
     <span class='ocr_line' id='line_1_5' title="bbox 134 585 1712 663; baseline 0.008 -26"><span class='ocrx_word' id='word_1_24' title='bbox 134 585 318 641; x_wconf 81' lang='lat' dir='ltr'><strong>dictas</strong></span> <span class='ocrx_word' id='word_1_25' title='bbox 344 589 638 643; x_wconf 74' lang='lat' dir='ltr'><strong>sententias</strong></span> <span class='ocrx_word' id='word_1_26' title='bbox 664 588 748 643; x_wconf 91' lang='lat' dir='ltr'><strong>vel</strong></span> <span class='ocrx_word' id='word_1_27' title='bbox 773 592 1166 646; x_wconf 86' lang='lat' dir='ltr'><strong>commentaria</strong></span> <span class='ocrx_word' id='word_1_28' title='bbox 1188 633 1205 657; x_wconf 90' lang='lat'><strong>,</strong></span> <span class='ocrx_word' id='word_1_29' title='bbox 1252 593 1307 647; x_wconf 93' lang='lat' dir='ltr'><strong>in</strong></span> <span class='ocrx_word' id='word_1_30' title='bbox 1337 594 1537 663; x_wconf 86' lang='lat' dir='ltr'><strong>quibus</strong></span> <span class='ocrx_word' id='word_1_31' title='bbox 1578 594 1712 649; x_wconf 85' lang='lat' dir='ltr'><strong>tales</strong></span> 
     </span>
    </p>
   </div>
   <div class='ocr_carea' id='block_1_6' title="bbox 137 678 1711 755">
    <p class='ocr_par' dir='ltr' id='par_1_6' title="bbox 137 678 1711 755">
     <span class='ocr_line' id='line_1_6' title="bbox 137 678 1711 755; baseline 0.006 -25"><span class='ocrx_word' id='word_1_32' title='bbox 137 678 427 733; x_wconf 66' lang='lat' dir='ltr'><strong>sententiae</strong></span> <span class='ocrx_word' id='word_1_33' title='bbox 472 679 816 750; x_wconf 89' lang='lat' dir='ltr'><strong>digeruntur,</strong></span> <span class='ocrx_word' id='word_1_34' title='bbox 858 697 963 737; x_wconf 91' lang='lat' dir='ltr'><strong>non</strong></span> <span class='ocrx_word' id='word_1_35' title='bbox 1001 696 1125 738; x_wconf 90' lang='lat' dir='ltr'><strong>esse</strong></span> <span class='ocrx_word' id='word_1_36' title='bbox 1161 681 1382 738; x_wconf 84' lang='lat' dir='ltr'><strong>Patrum</strong></span> <span class='ocrx_word' id='word_1_37' title='bbox 1414 685 1505 755; x_wconf 90' lang='lat' dir='ltr'><strong>qui</strong></span> <span class='ocrx_word' id='word_1_38' title='bbox 1538 685 1711 739; x_wconf 69' lang='lat' dir='ltr'><strong>haere-</strong></span> 
     </span>
    </p>
   </div>
   <div class='ocr_carea' id='block_1_7' title="bbox 136 763 1709 841">
    <p class='ocr_par' dir='ltr' id='par_1_7' title="bbox 136 763 1709 841">
     <span class='ocr_line' id='line_1_7' title="bbox 136 763 1709 841; baseline 0.006 -22"><span class='ocrx_word' id='word_1_39' title='bbox 136 763 300 820; x_wconf 83' lang='lat' dir='ltr'><strong>sibus</strong></span> <span class='ocrx_word' id='word_1_40' title='bbox 335 768 712 836; x_wconf 67' lang='lat' dir='ltr'><strong>prmiverunt:</strong></span> <span class='ocrx_word' id='word_1_41' title='bbox 770 786 894 825; x_wconf 93' lang='lat' dir='ltr'><strong>cum</strong></span> <span class='ocrx_word' id='word_1_42' title='bbox 960 770 1192 841; x_wconf 88' lang='lat' dir='ltr'><strong>Spiritus</strong></span> <span class='ocrx_word' id='word_1_43' title='bbox 1242 784 1464 831; x_wconf 91' lang='lat' dir='ltr'><strong>sanctus</strong></span> <span class='ocrx_word' id='word_1_44' title='bbox 1523 790 1709 831; x_wconf 87' lang='lat' dir='ltr'><strong>eorum</strong></span> 
     </span>
    </p>
   </div>
   <div class='ocr_carea' id='block_1_8' title="bbox 138 858 1711 936">
    <p class='ocr_par' dir='ltr' id='par_1_8' title="bbox 138 858 1711 936">
     <span class='ocr_line' id='line_1_8' title="bbox 138 858 1711 936; baseline 0.01 -29"><span class='ocrx_word' id='word_1_45' title='bbox 138 863 384 910; x_wconf 87' lang='lat' dir='ltr'><strong>mentem</strong></span> <span class='ocrx_word' id='word_1_46' title='bbox 415 864 470 911; x_wconf 92' lang='lat' dir='ltr'><strong>et</strong></span> <span class='ocrx_word' id='word_1_47' title='bbox 505 858 774 913; x_wconf 85' lang='lat' dir='ltr'><strong>calamum</strong></span> <span class='ocrx_word' id='word_1_48' title='bbox 822 861 1095 931; x_wconf 83' lang='lat' dir='ltr'><strong>dirigens,</strong></span> <span class='ocrx_word' id='word_1_49' title='bbox 1149 872 1273 919; x_wconf 85' lang='lat' dir='ltr'><strong>ante</strong></span> <span class='ocrx_word' id='word_1_50' title='bbox 1300 878 1517 921; x_wconf 82' lang='lat' dir='ltr'><strong>exortas</strong></span> <span class='ocrx_word' id='word_1_51' title='bbox 1566 868 1711 936; x_wconf 88' lang='lat' dir='ltr'><strong>ipsas</strong></span> 
     </span>
    </p>
   </div>
   <div class='ocr_carea' id='block_1_9' title="bbox 138 945 1709 1022">
    <p class='ocr_par' dir='ltr' id='par_1_9' title="bbox 138 945 1709 1022">
     <span class='ocr_line' id='line_1_9' title="bbox 138 945 1709 1022; baseline 0.011 -24"><span class='ocrx_word' id='word_1_52' title='bbox 138 945 402 1015; x_wconf 67' lang='lat' dir='ltr'><strong>haereses,</strong></span> <span class='ocrx_word' id='word_1_53' title='bbox 424 963 519 1004; x_wconf 85' lang='lat' dir='ltr'><strong>eas</strong></span> <span class='ocrx_word' id='word_1_54' title='bbox 542 950 943 1022; x_wconf 86' lang='lat' dir='ltr'><strong>profligaverit;</strong></span> <span class='ocrx_word' id='word_1_55' title='bbox 979 962 1038 1009; x_wconf 88' lang='lat' dir='ltr'><strong>ut</strong></span> <span class='ocrx_word' id='word_1_56' title='bbox 1063 955 1323 1011; x_wconf 81' lang='lat' dir='ltr'><strong>haberent</strong></span> <span class='ocrx_word' id='word_1_57' title='bbox 1352 957 1554 1022; x_wconf 76' lang='lat' dir='ltr'><strong>fideles,</strong></span> <span class='ocrx_word' id='word_1_58' title='bbox 1587 974 1709 1015; x_wconf 92' lang='lat' dir='ltr'><strong>cum</strong></span> 
     </span>
    </p>
   </div>
   <div class='ocr_carea' id='block_1_10' title="bbox 139 1037 1712 1106">
    <p class='ocr_par' dir='ltr' id='par_1_10' title="bbox 139 1037 1712 1106">
     <span class='ocr_line' id='line_1_10' title="bbox 139 1037 1712 1106; baseline 0.008 -14"><span class='ocrx_word' id='word_1_59' title='bbox 139 1037 248 1092; x_wconf 80' lang='lat' dir='ltr'><strong>illae</strong></span> <span class='ocrx_word' id='word_1_60' title='bbox 280 1050 655 1105; x_wconf 83' lang='lat' dir='ltr'><strong>nascerentur,</strong></span> <span class='ocrx_word' id='word_1_61' title='bbox 689 1042 757 1098; x_wconf 88' lang='lat' dir='ltr'><strong>ad</strong></span> <span class='ocrx_word' id='word_1_62' title='bbox 798 1043 1080 1099; x_wconf 84' lang='lat' dir='ltr'><strong>veritatem</strong></span> <span class='ocrx_word' id='word_1_63' title='bbox 1116 1049 1505 1104; x_wconf 86' lang='lat' dir='ltr'><strong>ostendendam</strong></span> <span class='ocrx_word' id='word_1_64' title='bbox 1532 1050 1712 1106; x_wconf 87' lang='lat' dir='ltr'><strong>subsi—</strong></span> 
     </span>
    </p>
   </div>
   <div class='ocr_carea' id='block_1_11' title="bbox 138 1126 1708 1209">
    <p class='ocr_par' dir='ltr' id='par_1_11' title="bbox 138 1126 1708 1209">
     <span class='ocr_line' id='line_1_11' title="bbox 138 1126 1708 1209; baseline 0.009 -27"><span class='ocrx_word' id='word_1_65' title='bbox 138 1128 255 1183; x_wconf 85' lang='lat' dir='ltr'><strong>dia.</strong></span> <span class='ocrx_word' id='word_1_66' title='bbox 289 1126 417 1185; x_wconf 86' lang='lat' dir='ltr'><strong>Inde</strong></span> <span class='ocrx_word' id='word_1_67' title='bbox 442 1132 586 1187; x_wconf 90' lang='lat' dir='ltr'><strong>natis</strong></span> <span class='ocrx_word' id='word_1_68' title='bbox 608 1132 926 1198; x_wconf 75' lang='lat' dir='ltr'><strong>haeresibus,</strong></span> <span class='ocrx_word' id='word_1_69' title='bbox 956 1134 1049 1205; x_wconf 90' lang='lat' dir='ltr'><strong>qui</strong></span> <span class='ocrx_word' id='word_1_70' title='bbox 1085 1146 1198 1191; x_wconf 91' lang='lat' dir='ltr'><strong>tum</strong></span> <span class='ocrx_word' id='word_1_71' title='bbox 1227 1138 1473 1193; x_wconf 83' lang='lat' dir='ltr'><strong>vivebant</strong></span> <span class='ocrx_word' id='word_1_72' title='bbox 1505 1140 1708 1209; x_wconf 88' lang='lat' dir='ltr'><strong>ﬁdeles,</strong></span> 
     </span>
    </p>
   </div>
   <div class='ocr_carea' id='block_1_12' title="bbox 137 1222 1711 1300">
    <p class='ocr_par' dir='ltr' id='par_1_12' title="bbox 137 1222 1711 1300">
     <span class='ocr_line' id='line_1_12' title="bbox 137 1222 1711 1300; baseline 0.008 -26"><span class='ocrx_word' id='word_1_73' title='bbox 137 1235 209 1274; x_wconf 76' lang='lat' dir='ltr'><strong>ex</strong></span> <span class='ocrx_word' id='word_1_74' title='bbox 247 1222 598 1292; x_wconf 90' lang='lat' dir='ltr'><strong>antiquorum</strong></span> <span class='ocrx_word' id='word_1_75' title='bbox 640 1224 860 1280; x_wconf 87' lang='lat' dir='ltr'><strong>Patrum</strong></span> <span class='ocrx_word' id='word_1_76' title='bbox 898 1229 1120 1299; x_wconf 86' lang='lat' dir='ltr'><strong>scriptis</strong></span> <span class='ocrx_word' id='word_1_77' title='bbox 1172 1230 1388 1300; x_wconf 77' lang='lat' dir='ltr'><strong>eclogas</strong></span> <span class='ocrx_word' id='word_1_78' title='bbox 1424 1233 1711 1287; x_wconf 87' lang='lat' dir='ltr'><strong>commini-</strong></span> 
     </span>
    </p>
   </div>
   <div class='ocr_carea' id='block_1_13' title="bbox 139 1314 1712 1389">
    <p class='ocr_par' dir='ltr' id='par_1_13' title="bbox 139 1314 1712 1389">
     <span class='ocr_line' id='line_1_13' title="bbox 139 1314 1712 1389; baseline 0.008 -23"><span class='ocrx_word' id='word_1_79' title='bbox 139 1314 462 1379; x_wconf 89' lang='lat' dir='ltr'><strong>scebantur,</strong></span> <span class='ocrx_word' id='word_1_80' title='bbox 523 1326 584 1371; x_wconf 91' lang='lat' dir='ltr'><strong>ut</strong></span> <span class='ocrx_word' id='word_1_81' title='bbox 622 1332 823 1372; x_wconf 87' lang='lat' dir='ltr'><strong>novum</strong></span> <span class='ocrx_word' id='word_1_82' title='bbox 876 1319 1095 1389; x_wconf 91' lang='lat' dir='ltr'><strong>quidem</strong></span> <span class='ocrx_word' id='word_1_83' title='bbox 1151 1321 1527 1377; x_wconf 60' lang='lat' dir='ltr'><strong>haereticorum</strong></span> <span class='ocrx_word' id='word_1_84' title='bbox 1590 1339 1712 1379; x_wconf 81' lang='lat' dir='ltr'><strong>esse</strong></span> 
     </span>
    </p>
   </div>
   <div class='ocr_carea' id='block_1_14' title="bbox 138 1403 1710 1494">
    <p class='ocr_par' dir='ltr' id='par_1_14' title="bbox 138 1403 1710 1494">
     <span class='ocr_line' id='line_1_14' title="bbox 138 1403 1710 1494; baseline 0.008 -38"><span class='ocrx_word' id='word_1_85' title='bbox 138 1403 364 1474; x_wconf 80' lang='lat' dir='ltr'><strong>dogma,</strong></span> <span class='ocrx_word' id='word_1_86' title='bbox 393 1406 524 1463; x_wconf 90' lang='lat' dir='ltr'><strong>illud</strong></span> <span class='ocrx_word' id='word_1_87' title='bbox 564 1417 745 1494; x_wconf 77' lang='lat' dir='ltr'><strong>autem</strong></span> <span class='ocrx_word' id='word_1_88' title='bbox 771 1408 1028 1466; x_wconf 61' lang='lat' dir='ltr'><strong>Ecclesiae</strong></span> <span class='ocrx_word' id='word_1_89' title='bbox 1050 1413 1494 1483; x_wconf 82' lang='lat' dir='ltr'><strong>antiquissimum</strong></span> <span class='ocrx_word' id='word_1_90' title='bbox 1523 1422 1577 1469; x_wconf 92' lang='lat' dir='ltr'><strong>et</strong></span> <span class='ocrx_word' id='word_1_91' title='bbox 1604 1413 1710 1469; x_wconf 90' lang='lat' dir='ltr'><strong>Pa-</strong></span> 
     </span>
    </p>
   </div>
   <div class='ocr_carea' id='block_1_15' title="bbox 138 1502 1712 1576">
    <p class='ocr_par' dir='ltr' id='par_1_15' title="bbox 138 1502 1712 1576">
     <span class='ocr_line' id='line_1_15' title="bbox 138 1502 1712 1576; baseline 0.009 -27"><span class='ocrx_word' id='word_1_92' title='bbox 138 1505 290 1551; x_wconf 88' lang='lat' dir='ltr'><strong>trum</strong></span> <span class='ocrx_word' id='word_1_93' title='bbox 318 1502 727 1556; x_wconf 87' lang='lat' dir='ltr'><strong>commentariis</strong></span> <span class='ocrx_word' id='word_1_94' title='bbox 759 1502 1117 1570; x_wconf 90' lang='lat' dir='ltr'><strong>insinuatum,</strong></span> <span class='ocrx_word' id='word_1_95' title='bbox 1140 1520 1204 1561; x_wconf 80' lang='lat' dir='ltr'><strong>ex</strong></span> <span class='ocrx_word' id='word_1_96' title='bbox 1223 1506 1423 1576; x_wconf 91' lang='lat' dir='ltr'><strong>quibus</strong></span> <span class='ocrx_word' id='word_1_97' title='bbox 1445 1507 1577 1563; x_wconf 92' lang='lat' dir='ltr'><strong>illud</strong></span> <span class='ocrx_word' id='word_1_98' title='bbox 1613 1509 1712 1563; x_wconf 90' lang='lat' dir='ltr'><strong>eli-</strong></span> 
     </span>
    </p>
   </div>
   <div class='ocr_carea' id='block_1_16' title="bbox 138 1595 1705 1671">
    <p class='ocr_par' dir='ltr' id='par_1_16' title="bbox 138 1595 1705 1671">
     <span class='ocr_line' id='line_1_16' title="bbox 138 1595 1705 1671; baseline 0.006 -26"><span class='ocrx_word' id='word_1_99' title='bbox 138 1601 350 1657; x_wconf 88' lang='lat' dir='ltr'><strong>cerent,</strong></span> <span class='ocrx_word' id='word_1_100' title='bbox 396 1603 906 1651; x_wconf 85' lang='lat' dir='ltr'><strong>commonstrarent.</strong></span> <span class='ocrx_word' id='word_1_101' title='bbox 954 1595 1030 1652; x_wconf 90' lang='lat' dir='ltr'><strong>De</strong></span> <span class='ocrx_word' id='word_1_102' title='bbox 1068 1613 1178 1669; x_wconf 93' lang='lat' dir='ltr'><strong>quo</strong></span> <span class='ocrx_word' id='word_1_103' title='bbox 1209 1613 1311 1654; x_wconf 91' lang='lat' dir='ltr'><strong>nos</strong></span> <span class='ocrx_word' id='word_1_104' title='bbox 1362 1600 1489 1655; x_wconf 90' lang='lat' dir='ltr'><strong>alibi</strong></span> <span class='ocrx_word' id='word_1_105' title='bbox 1532 1602 1705 1671; x_wconf 88' lang='lat' dir='ltr'><strong>plura.</strong></span> 
     </span>
    </p>
   </div>
   <div class='ocr_carea' id='block_1_17' title="bbox 136 1681 1709 1765">
    <p class='ocr_par' dir='ltr' id='par_1_17' title="bbox 136 1681 1709 1765">
     <span class='ocr_line' id='line_1_17' title="bbox 136 1681 1709 1765; baseline 0.01 -30"><span class='ocrx_word' id='word_1_106' title='bbox 136 1681 327 1750; x_wconf 84' lang='lat' dir='ltr'><strong>Quare</strong></span> <span class='ocrx_word' id='word_1_107' title='bbox 352 1684 529 1753; x_wconf 90' lang='lat' dir='ltr'><strong>potuit</strong></span> <span class='ocrx_word' id='word_1_108' title='bbox 568 1694 625 1741; x_wconf 89' lang='lat' dir='ltr'><strong>et</strong></span> <span class='ocrx_word' id='word_1_109' title='bbox 662 1685 1105 1761; x_wconf 88' lang='lat' dir='ltr'><strong>Thaumaturgus</strong></span> <span class='ocrx_word' id='word_1_110' title='bbox 1152 1700 1279 1746; x_wconf 88' lang='lat' dir='ltr'><strong>ante</strong></span> <span class='ocrx_word' id='word_1_111' title='bbox 1318 1691 1709 1765; x_wconf 88' lang='lat' dir='ltr'><strong>Eutychianam</strong></span> 
     </span>
    </p>
   </div>
   <div class='ocr_carea' id='block_1_18' title="bbox 138 1775 1712 1855">
    <p class='ocr_par' dir='ltr' id='par_1_18' title="bbox 138 1775 1712 1855">
     <span class='ocr_line' id='line_1_18' title="bbox 138 1775 1712 1855; baseline 0.011 -29"><span class='ocrx_word' id='word_1_112' title='bbox 138 1783 196 1826; x_wconf 90' lang='lat' dir='ltr'><strong>et</strong></span> <span class='ocrx_word' id='word_1_113' title='bbox 223 1775 484 1829; x_wconf 81' lang='lat' dir='ltr'><strong>Arianam</strong></span> <span class='ocrx_word' id='word_1_114' title='bbox 510 1775 761 1832; x_wconf 64' lang='lat' dir='ltr'><strong>haeresim</strong></span> <span class='ocrx_word' id='word_1_115' title='bbox 784 1779 1063 1835; x_wconf 84' lang='lat' dir='ltr'><strong>veritatem</strong></span> <span class='ocrx_word' id='word_1_116' title='bbox 1081 1797 1350 1851; x_wconf 84' lang='lat' dir='ltr'><strong>promere,</strong></span> <span class='ocrx_word' id='word_1_117' title='bbox 1372 1787 1583 1855; x_wconf 87' lang='lat' dir='ltr'><strong>etquod</strong></span> <span class='ocrx_word' id='word_1_118' title='bbox 1612 1786 1712 1842; x_wconf 89' lang='lat' dir='ltr'><strong>Ec-</strong></span> 
     </span>
    </p>
   </div>
   <div class='ocr_carea' id='block_1_19' title="bbox 1814 589 3385 662">
    <p class='ocr_par' dir='ltr' id='par_1_19' title="bbox 1814 589 3385 662">
     <span class='ocr_line' id='line_1_19' title="bbox 1814 589 3385 662; baseline 0.008 -18"><span class='ocrx_word' id='word_1_119' title='bbox 1814 590 2078 659; x_wconf 87' lang='lat' dir='ltr'><strong>postasim</strong></span> <span class='ocrx_word' id='word_1_120' title='bbox 2104 589 2302 660; x_wconf 90' lang='lat' dir='ltr'><strong>Patris,</strong></span> <span class='ocrx_word' id='word_1_121' title='bbox 2335 594 2497 649; x_wconf 87' lang='lat' dir='ltr'><strong>aliam</strong></span> <span class='ocrx_word' id='word_1_122' title='bbox 2522 594 2666 662; x_wconf 86' lang='lat' dir='ltr'><strong>Filii,</strong></span> <span class='ocrx_word' id='word_1_123' title='bbox 2692 606 2798 651; x_wconf 91' lang='lat' dir='ltr'><strong>etc.</strong></span> <span class='ocrx_word' id='word_1_124' title='bbox 2826 594 3091 653; x_wconf 73' lang='lat' dir='ltr'><strong>Praeterea</strong></span> <span class='ocrx_word' id='word_1_125' title='bbox 3116 596 3385 657; x_wconf 80' lang='lat' dir='ltr'><strong>Vossiana</strong></span> 
     </span>
    </p>
   </div>
   <div class='ocr_carea' id='block_1_20' title="bbox 1812 680 3387 760">
    <p class='ocr_par' dir='ltr' id='par_1_20' title="bbox 1812 680 3387 760">
     <span class='ocr_line' id='line_1_20' title="bbox 1812 680 3387 760; baseline 0.008 -26"><span class='ocrx_word' id='word_1_126' title='bbox 1812 680 2035 736; x_wconf 89' lang='lat' dir='ltr'><strong>videtur</strong></span> <span class='ocrx_word' id='word_1_127' title='bbox 2067 684 2293 739; x_wconf 91' lang='lat' dir='ltr'><strong>omnino</strong></span> <span class='ocrx_word' id='word_1_128' title='bbox 2326 686 2525 755; x_wconf 91' lang='lat' dir='ltr'><strong>scripta</strong></span> <span class='ocrx_word' id='word_1_129' title='bbox 2558 696 2749 742; x_wconf 90' lang='lat' dir='ltr'><strong>contra</strong></span> <span class='ocrx_word' id='word_1_130' title='bbox 2774 687 3027 752; x_wconf 87' lang='lat' dir='ltr'><strong>Arianos,</strong></span> <span class='ocrx_word' id='word_1_131' title='bbox 3061 703 3124 744; x_wconf 90' lang='lat' dir='ltr'><strong>ac</strong></span> <span class='ocrx_word' id='word_1_132' title='bbox 3154 704 3251 760; x_wconf 91' lang='lat' dir='ltr'><strong>per</strong></span> <span class='ocrx_word' id='word_1_133' title='bbox 3280 692 3387 748; x_wconf 86' lang='lat' dir='ltr'><strong>hoc</strong></span> 
     </span>
    </p>
   </div>
   <div class='ocr_carea' id='block_1_21' title="bbox 1814 773 3382 850">
    <p class='ocr_par' dir='ltr' id='par_1_21' title="bbox 1814 773 3382 850">
     <span class='ocr_line' id='line_1_21' title="bbox 1814 773 3382 850; baseline 0.006 -22"><span class='ocrx_word' id='word_1_134' title='bbox 1814 774 1947 829; x_wconf 88' lang='lat' dir='ltr'><strong>satis</strong></span> <span class='ocrx_word' id='word_1_135' title='bbox 1977 773 2069 828; x_wconf 90' lang='lat' dir='ltr'><strong>diu</strong></span> <span class='ocrx_word' id='word_1_136' title='bbox 2104 786 2225 844; x_wconf 91' lang='lat' dir='ltr'><strong>post</strong></span> <span class='ocrx_word' id='word_1_137' title='bbox 2256 785 2499 846; x_wconf 88' lang='lat' dir='ltr'><strong>tempora</strong></span> <span class='ocrx_word' id='word_1_138' title='bbox 2528 776 2962 850; x_wconf 84' lang='lat' dir='ltr'><strong>Thaumaturgi;</strong></span> <span class='ocrx_word' id='word_1_139' title='bbox 2999 781 3079 836; x_wconf 89' lang='lat' dir='ltr'><strong>sic</strong></span> <span class='ocrx_word' id='word_1_140' title='bbox 3114 782 3260 836; x_wconf 91' lang='lat' dir='ltr'><strong>enim</strong></span> <span class='ocrx_word' id='word_1_141' title='bbox 3297 783 3382 837; x_wconf 90' lang='lat' dir='ltr'><strong>in-</strong></span> 
     </span>
    </p>
   </div>
   <div class='ocr_carea' id='block_1_22' title="bbox 1812 864 3386 944">
    <p class='ocr_par' dir='ltr' id='par_1_22' title="bbox 1812 864 3386 944">
     <span class='ocr_line' id='line_1_22' title="bbox 1812 864 3386 944; baseline 0.007 -25"><span class='ocrx_word' id='word_1_142' title='bbox 1812 864 1981 933; x_wconf 89' lang='lat' dir='ltr'><strong>cipit:</strong></span> <span class='ocrx_word' id='word_1_143' title='bbox 2012 884 2031 917; x_wconf 73' lang='lat' dir='ltr'><strong>t</strong></span> <span class='ocrx_word' id='word_1_144' title='bbox 2062 865 2430 924; x_wconf 87' lang='lat' dir='ltr'><strong>inimicissimi</strong></span> <span class='ocrx_word' id='word_1_145' title='bbox 2482 879 2535 925; x_wconf 92' lang='lat' dir='ltr'><strong>et</strong></span> <span class='ocrx_word' id='word_1_146' title='bbox 2580 870 2741 925; x_wconf 90' lang='lat' dir='ltr'><strong>alieni</strong></span> <span class='ocrx_word' id='word_1_147' title='bbox 2790 886 2821 926; x_wconf 91' lang='lat' dir='ltr'><strong>a</strong></span> <span class='ocrx_word' id='word_1_148' title='bbox 2861 871 3209 929; x_wconf 78' lang='lat' dir='ltr'><strong>confessione</strong></span> <span class='ocrx_word' id='word_1_149' title='bbox 3255 890 3386 944; x_wconf 86' lang='lat' dir='ltr'><strong>apo-</strong></span> 
     </span>
    </p>
   </div>
   <div class='ocr_carea' id='block_1_23' title="bbox 1813 957 3388 1028">
    <p class='ocr_par' dir='ltr' id='par_1_23' title="bbox 1813 957 3388 1028">
     <span class='ocr_line' id='line_1_23' title="bbox 1813 957 3388 1028; baseline 0.007 -19"><span class='ocrx_word' id='word_1_150' title='bbox 1813 957 2004 1012; x_wconf 89' lang='lat' dir='ltr'><strong>stolica</strong></span> <span class='ocrx_word' id='word_1_151' title='bbox 2029 967 2181 1024; x_wconf 90' lang='lat' dir='ltr'><strong>sunt,</strong></span> <span class='ocrx_word' id='word_1_152' title='bbox 2207 959 2297 1028; x_wconf 92' lang='lat' dir='ltr'><strong>qui</strong></span> <span class='ocrx_word' id='word_1_153' title='bbox 2331 958 2522 1015; x_wconf 91' lang='lat' dir='ltr'><strong>dicunt</strong></span> <span class='ocrx_word' id='word_1_154' title='bbox 2557 975 2679 1016; x_wconf 89' lang='lat' dir='ltr'><strong>esse</strong></span> <span class='ocrx_word' id='word_1_155' title='bbox 2706 960 2903 1016; x_wconf 88' lang='lat' dir='ltr'><strong>Filium</strong></span> <span class='ocrx_word' id='word_1_156' title='bbox 2936 979 3004 1018; x_wconf 78' lang='lat' dir='ltr'><strong>ex</strong></span> <span class='ocrx_word' id='word_1_157' title='bbox 3030 978 3137 1018; x_wconf 89' lang='lat' dir='ltr'><strong>non</strong></span> <span class='ocrx_word' id='word_1_158' title='bbox 3162 974 3388 1020; x_wconf 78' lang='lat' dir='ltr'><strong>exstan-</strong></span> 
     </span>
    </p>
   </div>
   <div class='ocr_carea' id='block_1_24' title="bbox 1813 1045 3388 1124">
    <p class='ocr_par' dir='ltr' id='par_1_24' title="bbox 1813 1045 3388 1124">
     <span class='ocr_line' id='line_1_24' title="bbox 1813 1045 3388 1124; baseline 0.006 -24"><span class='ocrx_word' id='word_1_159' title='bbox 1813 1045 1979 1112; x_wconf 87' lang='lat' dir='ltr'><strong>tibus,</strong></span> <span class='ocrx_word' id='word_1_160' title='bbox 2009 1066 2027 1099; x_wconf 77' lang='grc' dir='ltr'><strong>ι</strong></span> <span class='ocrx_word' id='word_1_161' title='bbox 2054 1057 2161 1104; x_wconf 92' lang='lat' dir='ltr'><strong>etc.</strong></span> <span class='ocrx_word' id='word_1_162' title='bbox 2187 1047 2255 1103; x_wconf 91' lang='lat' dir='ltr'><strong>Et</strong></span> <span class='ocrx_word' id='word_1_163' title='bbox 2286 1048 2432 1106; x_wconf 89' lang='lat' dir='ltr'><strong>infra</strong></span> <span class='ocrx_word' id='word_1_164' title='bbox 2459 1069 2473 1107; x_wconf 88' lang='lat'><strong>:</strong></span> <span class='ocrx_word' id='word_1_165' title='bbox 2507 1070 2525 1103; x_wconf 86' lang='grc'><em>‹</em></span> <span class='ocrx_word' id='word_1_166' title='bbox 2548 1050 2656 1108; x_wconf 91' lang='lat' dir='ltr'><strong>Eos</strong></span> <span class='ocrx_word' id='word_1_167' title='bbox 2679 1068 2830 1117; x_wconf 89' lang='lat' dir='ltr'><strong>vero,</strong></span> <span class='ocrx_word' id='word_1_168' title='bbox 2857 1053 2950 1124; x_wconf 92' lang='lat' dir='ltr'><strong>qui</strong></span> <span class='ocrx_word' id='word_1_169' title='bbox 2979 1056 3388 1110; x_wconf 86' lang='lat' dir='ltr'><strong>communicant</strong></span> 
     </span>
    </p>
   </div>
   <div class='ocr_carea' id='block_1_25' title="bbox 1811 1139 3385 1216">
    <p class='ocr_par' dir='ltr' id='par_1_25' title="bbox 1811 1139 3385 1216">
     <span class='ocr_line' id='line_1_25' title="bbox 1811 1139 3385 1216; baseline 0.008 -25"><span class='ocrx_word' id='word_1_170' title='bbox 1811 1152 1935 1192; x_wconf 92' lang='lat' dir='ltr'><strong>cum</strong></span> <span class='ocrx_word' id='word_1_171' title='bbox 1968 1139 2038 1195; x_wconf 90' lang='lat' dir='ltr'><strong>iis</strong></span> <span class='ocrx_word' id='word_1_172' title='bbox 2068 1140 2161 1210; x_wconf 91' lang='lat' dir='ltr'><strong>qui</strong></span> <span class='ocrx_word' id='word_1_173' title='bbox 2186 1140 2439 1211; x_wconf 87' lang='lat' dir='ltr'><strong>rejiciunt</strong></span> <span class='ocrx_word' id='word_1_174' title='bbox 2468 1143 2856 1211; x_wconf 90' lang='lat' dir='ltr'><strong>homoousion,</strong></span> <span class='ocrx_word' id='word_1_175' title='bbox 2886 1152 3147 1216; x_wconf 88' lang='lat' dir='ltr'><strong>tanquam</strong></span> <span class='ocrx_word' id='word_1_176' title='bbox 3176 1146 3385 1203; x_wconf 90' lang='lat' dir='ltr'><strong>alienos</strong></span> 
     </span>
    </p>
   </div>
   <div class='ocr_carea' id='block_1_26' title="bbox 1812 1226 3384 1307">
    <p class='ocr_par' dir='ltr' id='par_1_26' title="bbox 1812 1226 3384 1307">
     <span class='ocr_line' id='line_1_26' title="bbox 1812 1226 3384 1307; baseline 0.006 -24"><span class='ocrx_word' id='word_1_177' title='bbox 1812 1243 1842 1283; x_wconf 90' lang='lat' dir='ltr'><strong>a</strong></span> <span class='ocrx_word' id='word_1_178' title='bbox 1872 1226 2209 1300; x_wconf 88' lang='lat' dir='ltr'><strong>Scripturis;</strong></span> <span class='ocrx_word' id='word_1_179' title='bbox 2262 1241 2317 1287; x_wconf 89' lang='lat' dir='ltr'><strong>et</strong></span> <span class='ocrx_word' id='word_1_180' title='bbox 2367 1235 2461 1303; x_wconf 89' lang='lat' dir='ltr'><strong>qui</strong></span> <span class='ocrx_word' id='word_1_181' title='bbox 2510 1234 2701 1290; x_wconf 92' lang='lat' dir='ltr'><strong>dicunt</strong></span> <span class='ocrx_word' id='word_1_182' title='bbox 2755 1236 2961 1307; x_wconf 87' lang='lat' dir='ltr'><strong>aliquid</strong></span> <span class='ocrx_word' id='word_1_183' title='bbox 3007 1253 3075 1292; x_wconf 83' lang='lat' dir='ltr'><strong>ex</strong></span> <span class='ocrx_word' id='word_1_184' title='bbox 3117 1236 3384 1293; x_wconf 88' lang='lat' dir='ltr'><strong>Trinitate</strong></span> 
     </span>
    </p>
   </div>
   <div class='ocr_carea' id='block_1_27' title="bbox 1812 1325 3383 1390">
    <p class='ocr_par' dir='ltr' id='par_1_27' title="bbox 1812 1325 3383 1390">
     <span class='ocr_line' id='line_1_27' title="bbox 1812 1325 3383 1390; baseline 0.006 -15"><span class='ocrx_word' id='word_1_185' title='bbox 1812 1330 2053 1376; x_wconf 79' lang='lat' dir='ltr'><strong>creatum</strong></span> <span class='ocrx_word' id='word_1_186' title='bbox 2084 1338 2225 1390; x_wconf 90' lang='lat' dir='ltr'><strong>esse,</strong></span> <span class='ocrx_word' id='word_1_187' title='bbox 2264 1325 2471 1382; x_wconf 90' lang='lat' dir='ltr'><strong>alienos</strong></span> <span class='ocrx_word' id='word_1_188' title='bbox 2510 1326 2909 1383; x_wconf 83' lang='lat' dir='ltr'><strong>existimamus.</strong></span> <span class='ocrx_word' id='word_1_189' title='bbox 2941 1346 2960 1381; x_wconf 76' lang='grc' dir='ltr'><strong>ι</strong></span> <span class='ocrx_word' id='word_1_190' title='bbox 3015 1328 3244 1384; x_wconf 89' lang='lat' dir='ltr'><strong>Constat</strong></span> <span class='ocrx_word' id='word_1_191' title='bbox 3284 1345 3383 1384; x_wconf 88' lang='lat' dir='ltr'><strong>au-</strong></span> 
     </span>
    </p>
   </div>
   <div class='ocr_carea' id='block_1_28' title="bbox 1812 1411 3383 1474">
    <p class='ocr_par' dir='ltr' id='par_1_28' title="bbox 1812 1411 3383 1474">
     <span class='ocr_line' id='line_1_28' title="bbox 1812 1411 3383 1474; baseline 0.006 -10"><span class='ocrx_word' id='word_1_192' title='bbox 1812 1418 1918 1465; x_wconf 91' lang='lat' dir='ltr'><strong>tem</strong></span> <span class='ocrx_word' id='word_1_193' title='bbox 1953 1411 2188 1469; x_wconf 81' lang='lat' dir='ltr'><strong>Arianos</strong></span> <span class='ocrx_word' id='word_1_194' title='bbox 2220 1415 2425 1470; x_wconf 82' lang='lat' dir='ltr'><strong>dixisse</strong></span> <span class='ocrx_word' id='word_1_195' title='bbox 2478 1415 2674 1471; x_wconf 89' lang='lat' dir='ltr'><strong>Filium</strong></span> <span class='ocrx_word' id='word_1_196' title='bbox 2711 1432 2832 1473; x_wconf 89' lang='lat' dir='ltr'><strong>esse</strong></span> <span class='ocrx_word' id='word_1_197' title='bbox 2877 1432 2946 1473; x_wconf 73' lang='lat' dir='ltr'><strong>ex</strong></span> <span class='ocrx_word' id='word_1_198' title='bbox 2979 1433 3087 1474; x_wconf 91' lang='lat' dir='ltr'><strong>non</strong></span> <span class='ocrx_word' id='word_1_199' title='bbox 3118 1419 3383 1474; x_wconf 80' lang='lat' dir='ltr'><strong>exstanti-</strong></span> 
     </span>
    </p>
   </div>
   <div class='ocr_carea' id='block_1_29' title="bbox 1812 1505 3385 1586">
    <p class='ocr_par' dir='ltr' id='par_1_29' title="bbox 1812 1505 3385 1586">
     <span class='ocr_line' id='line_1_29' title="bbox 1812 1505 3385 1586; baseline 0.009 -27"><span class='ocrx_word' id='word_1_200' title='bbox 1812 1505 1933 1571; x_wconf 90' lang='lat' dir='ltr'><strong>bus,</strong></span> <span class='ocrx_word' id='word_1_201' title='bbox 1951 1516 2005 1561; x_wconf 91' lang='lat' dir='ltr'><strong>et</strong></span> <span class='ocrx_word' id='word_1_202' title='bbox 2029 1508 2284 1577; x_wconf 74' lang='lat' dir='ltr'><strong>reiecisse</strong></span> <span class='ocrx_word' id='word_1_203' title='bbox 2302 1510 2683 1568; x_wconf 89' lang='lat' dir='ltr'><strong>homoousion.</strong></span> <span class='ocrx_word' id='word_1_204' title='bbox 2706 1512 3011 1580; x_wconf 86' lang='lat' dir='ltr'><strong>Quinetiam</strong></span> <span class='ocrx_word' id='word_1_205' title='bbox 3042 1515 3117 1571; x_wconf 90' lang='lat' dir='ltr'><strong>ita</strong></span> <span class='ocrx_word' id='word_1_206' title='bbox 3144 1515 3385 1586; x_wconf 78' lang='lat' dir='ltr'><strong>disputat</strong></span> 
     </span>
    </p>
   </div>
   <div class='ocr_carea' id='block_1_30' title="bbox 1811 1597 3383 1671">
    <p class='ocr_par' dir='ltr' id='par_1_30' title="bbox 1811 1597 3383 1671">
     <span class='ocr_line' id='line_1_30' title="bbox 1811 1597 3383 1671; baseline 0.01 -20"><span class='ocrx_word' id='word_1_207' title='bbox 1811 1597 1900 1653; x_wconf 91' lang='lat' dir='ltr'><strong>hic</strong></span> <span class='ocrx_word' id='word_1_208' title='bbox 1944 1609 2136 1655; x_wconf 90' lang='lat' dir='ltr'><strong>auctor</strong></span> <span class='ocrx_word' id='word_1_209' title='bbox 2180 1601 2248 1657; x_wconf 91' lang='lat' dir='ltr'><strong>de</strong></span> <span class='ocrx_word' id='word_1_210' title='bbox 2292 1602 2699 1671; x_wconf 88' lang='lat' dir='ltr'><strong>incarnatione,</strong></span> <span class='ocrx_word' id='word_1_211' title='bbox 2752 1616 2814 1662; x_wconf 91' lang='lat' dir='ltr'><strong>ut</strong></span> <span class='ocrx_word' id='word_1_212' title='bbox 2855 1608 3105 1665; x_wconf 90' lang='lat' dir='ltr'><strong>videatur</strong></span> <span class='ocrx_word' id='word_1_213' title='bbox 3136 1612 3383 1668; x_wconf 77' lang='lat' dir='ltr'><strong>refellere</strong></span> 
     </span>
    </p>
   </div>
   <div class='ocr_carea' id='block_1_31' title="bbox 1810 1688 3384 1771">
    <p class='ocr_par' dir='ltr' id='par_1_31' title="bbox 1810 1688 3384 1771">
     <span class='ocr_line' id='line_1_31' title="bbox 1810 1688 3384 1771; baseline 0.011 -27"><span class='ocrx_word' id='word_1_214' title='bbox 1810 1688 2164 1748; x_wconf 79' lang='lat' dir='ltr'><strong>Nestorianos</strong></span> <span class='ocrx_word' id='word_1_215' title='bbox 2214 1703 2268 1749; x_wconf 91' lang='lat' dir='ltr'><strong>et</strong></span> <span class='ocrx_word' id='word_1_216' title='bbox 2301 1694 2690 1767; x_wconf 81' lang='lat' dir='ltr'><strong>Eutychianos.</strong></span> <span class='ocrx_word' id='word_1_217' title='bbox 2738 1698 2806 1754; x_wconf 90' lang='lat' dir='ltr'><strong>Et</strong></span> <span class='ocrx_word' id='word_1_218' title='bbox 2842 1701 2957 1757; x_wconf 69' lang='lat' dir='ltr'><strong>haec</strong></span> <span class='ocrx_word' id='word_1_219' title='bbox 2984 1702 3203 1771; x_wconf 91' lang='lat' dir='ltr'><strong>quidcm</strong></span> <span class='ocrx_word' id='word_1_220' title='bbox 3252 1713 3384 1761; x_wconf 86' lang='lat' dir='ltr'><strong>sunt</strong></span> 
     </span>
    </p>
   </div>
   <div class='ocr_carea' id='block_1_32' title="bbox 1812 1781 2491 1855">
    <p class='ocr_par' dir='ltr' id='par_1_32' title="bbox 1812 1781 2491 1855">
     <span class='ocr_line' id='line_1_32' title="bbox 1812 1781 2491 1855; baseline 0.006 -18"><span class='ocrx_word' id='word_1_221' title='bbox 1812 1781 2125 1837; x_wconf 88' lang='lat' dir='ltr'><strong>Bellarmini</strong></span> <span class='ocrx_word' id='word_1_222' title='bbox 2153 1794 2491 1855; x_wconf 88' lang='lat' dir='ltr'><strong>argumenta.</strong></span> 
     </span>
    </p>
   </div>
   <div class='ocr_carea' id='block_1_33' title="bbox 139 1854 3375 1949">
    <p class='ocr_par' dir='ltr' id='par_1_33' title="bbox 139 1854 3375 1949">
     <span class='ocr_line' id='line_1_33' title="bbox 139 1854 3375 1949; baseline 0.006 -31"><span class='ocrx_word' id='word_1_223' title='bbox 139 1866 308 1921; x_wconf 89' lang='lat' dir='ltr'><strong>clesia</strong></span> <span class='ocrx_word' id='word_1_224' title='bbox 334 1867 449 1936; x_wconf 91' lang='lat' dir='ltr'><strong>ipsa</strong></span> <span class='ocrx_word' id='word_1_225' title='bbox 482 1876 603 1937; x_wconf 87' lang='lat' dir='ltr'><strong>post</strong></span> <span class='ocrx_word' id='word_1_226' title='bbox 637 1870 844 1941; x_wconf 86' lang='lat' dir='ltr'><strong>aliquot</strong></span> <span class='ocrx_word' id='word_1_227' title='bbox 894 1872 1091 1927; x_wconf 69' lang='lat' dir='ltr'><strong>saecula</strong></span> <span class='ocrx_word' id='word_1_228' title='bbox 1136 1873 1397 1932; x_wconf 88' lang='lat' dir='ltr'><strong>adversus</strong></span> <span class='ocrx_word' id='word_1_229' title='bbox 1424 1854 1710 1934; x_wconf 55' lang='lat' dir='ltr'><strong>haereticos</strong></span> <span class='ocrx_word' id='word_1_230' title='bbox 1740 1854 1781 1908; x_wconf 74' lang='grc' dir='ltr'>Β</span> <span class='ocrx_word' id='word_1_231' title='bbox 1879 1873 2073 1930; x_wconf 91' lang='lat' dir='ltr'><strong>Posset</strong></span> <span class='ocrx_word' id='word_1_232' title='bbox 2099 1854 2543 1934; x_wconf 87' lang='lat' dir='ltr'><strong>addiauctoritas</strong></span> <span class='ocrx_word' id='word_1_233' title='bbox 2565 1879 2777 1936; x_wconf 89' lang='lat' dir='ltr'><strong>Leontii</strong></span> <span class='ocrx_word' id='word_1_234' title='bbox 2812 1880 2889 1936; x_wconf 87' lang='lat' dir='ltr'><strong>De</strong></span> <span class='ocrx_word' id='word_1_235' title='bbox 2911 1884 3088 1949; x_wconf 72' lang='lat' dir='ltr'><strong>sectis,</strong></span> <span class='ocrx_word' id='word_1_236' title='bbox 3116 1891 3223 1938; x_wconf 89' lang='lat' dir='ltr'><strong>act.</strong></span> <span class='ocrx_word' id='word_1_237' title='bbox 3250 1900 3375 1948; x_wconf 87' lang='lat' dir='ltr'><strong>vm,</strong></span> 
     </span>
    </p>
   </div>
   <div class='ocr_carea' id='block_1_34' title="bbox 137 1956 1712 2035">
    <p class='ocr_par' dir='ltr' id='par_1_34' title="bbox 137 1956 1712 2035">
     <span class='ocr_line' id='line_1_34' title="bbox 137 1956 1712 2035; baseline 0.01 -26"><span class='ocrx_word' id='word_1_238' title='bbox 137 1956 315 2016; x_wconf 89' lang='lat' dir='ltr'><strong>insui</strong></span> <span class='ocrx_word' id='word_1_239' title='bbox 387 1957 757 2017; x_wconf 87' lang='lat' dir='ltr'><strong>defensionem</strong></span> <span class='ocrx_word' id='word_1_240' title='bbox 803 1974 1149 2034; x_wconf 87' lang='lat' dir='ltr'><strong>proponeret,</strong></span> <span class='ocrx_word' id='word_1_241' title='bbox 1197 1969 1584 2035; x_wconf 66' lang='lat' dir='ltr'><strong>praenuntiare.</strong></span> <span class='ocrx_word' id='word_1_242' title='bbox 1646 1969 1712 2025; x_wconf 92' lang='lat' dir='ltr'><strong>Et</strong></span> 
     </span>
    </p>
   </div>
   <div class='ocr_carea' id='block_1_35' title="bbox 139 2047 1712 2127">
    <p class='ocr_par' dir='ltr' id='par_1_35' title="bbox 139 2047 1712 2127">
     <span class='ocr_line' id='line_1_35' title="bbox 139 2047 1712 2127; baseline 0.01 -26"><span class='ocrx_word' id='word_1_243' title='bbox 139 2047 372 2104; x_wconf 90' lang='lat' dir='ltr'><strong>istorum</strong></span> <span class='ocrx_word' id='word_1_244' title='bbox 419 2052 559 2107; x_wconf 90' lang='lat' dir='ltr'><strong>ratio</strong></span> <span class='ocrx_word' id='word_1_245' title='bbox 602 2068 711 2109; x_wconf 88' lang='lat' dir='ltr'><strong>non</strong></span> <span class='ocrx_word' id='word_1_246' title='bbox 756 2069 1146 2127; x_wconf 87' lang='lat' dir='ltr'><strong>usquequaque</strong></span> <span class='ocrx_word' id='word_1_247' title='bbox 1191 2057 1394 2113; x_wconf 87' lang='lat' dir='ltr'><strong>absona</strong></span> <span class='ocrx_word' id='word_1_248' title='bbox 1432 2058 1622 2127; x_wconf 89' lang='lat' dir='ltr'><strong>fuerit,</strong></span> <span class='ocrx_word' id='word_1_249' title='bbox 1654 2074 1712 2116; x_wconf 88' lang='lat' dir='ltr'><strong>ut</strong></span> 
     </span>
    </p>
   </div>
   <div class='ocr_carea' id='block_1_36' title="bbox 136 2136 1709 2205">
    <p class='ocr_par' dir='ltr' id='par_1_36' title="bbox 136 2136 1709 2205">
     <span class='ocr_line' id='line_1_36' title="bbox 136 2136 1709 2205; baseline 0.01 -16"><span class='ocrx_word' id='word_1_250' title='bbox 136 2136 227 2191; x_wconf 87' lang='lat' dir='ltr'><strong>illa</strong></span> <span class='ocrx_word' id='word_1_251' title='bbox 271 2137 491 2195; x_wconf 81' lang='lat' dir='ltr'><strong>Riveti:</strong></span> <span class='ocrx_word' id='word_1_252' title='bbox 540 2158 559 2192; x_wconf 80' lang='lat' dir='ltr'><strong>r</strong></span> <span class='ocrx_word' id='word_1_253' title='bbox 589 2141 951 2197; x_wconf 86' lang='lat' dir='ltr'><strong>Bellarminus</strong></span> <span class='ocrx_word' id='word_1_254' title='bbox 985 2146 1118 2200; x_wconf 88' lang='lat' dir='ltr'><strong>nihil</strong></span> <span class='ocrx_word' id='word_1_255' title='bbox 1160 2162 1219 2202; x_wconf 88' lang='lat' dir='ltr'><strong>se</strong></span> <span class='ocrx_word' id='word_1_256' title='bbox 1265 2147 1465 2205; x_wconf 90' lang='lat' dir='ltr'><strong>habere</strong></span> <span class='ocrx_word' id='word_1_257' title='bbox 1502 2162 1709 2205; x_wconf 89' lang='lat' dir='ltr'><strong>certum</strong></span> 
     </span>
    </p>
   </div>
   <div class='ocr_carea' id='block_1_37' title="bbox 135 2230 1711 2298">
    <p class='ocr_par' dir='ltr' id='par_1_37' title="bbox 135 2230 1711 2298">
     <span class='ocr_line' id='line_1_37' title="bbox 135 2230 1711 2298; baseline 0.01 -16"><span class='ocrx_word' id='word_1_258' title='bbox 135 2230 423 2297; x_wconf 83' lang='lat' dir='ltr'><strong>proﬁtetur</strong></span> <span class='ocrx_word' id='word_1_259' title='bbox 471 2241 580 2286; x_wconf 89' lang='lat' dir='ltr'><strong>tam</strong></span> <span class='ocrx_word' id='word_1_260' title='bbox 632 2233 699 2288; x_wconf 89' lang='lat' dir='ltr'><strong>de</strong></span> <span class='ocrx_word' id='word_1_261' title='bbox 740 2235 979 2291; x_wconf 89' lang='lat' dir='ltr'><strong>homiliis</strong></span> <span class='ocrx_word' id='word_1_262' title='bbox 1031 2236 1085 2290; x_wconf 88' lang='lat' dir='ltr'><strong>in</strong></span> <span class='ocrx_word' id='word_1_263' title='bbox 1139 2236 1625 2297; x_wconf 81' lang='lat' dir='ltr'><strong>Annuntiationem</strong></span> <span class='ocrx_word' id='word_1_264' title='bbox 1658 2254 1711 2298; x_wconf 90' lang='lat' dir='ltr'><strong>et</strong></span> 
     </span>
    </p>
   </div>
   <div class='ocr_carea' id='block_1_38' title="bbox 136 2320 1709 2397">
    <p class='ocr_par' dir='ltr' id='par_1_38' title="bbox 136 2320 1709 2397">
     <span class='ocr_line' id='line_1_38' title="bbox 136 2320 1709 2397; baseline 0.01 -24"><span class='ocrx_word' id='word_1_265' title='bbox 136 2320 501 2389; x_wconf 85' lang='lat' dir='ltr'><strong>Epiphaniam</strong></span> <span class='ocrx_word' id='word_1_266' title='bbox 525 2323 884 2393; x_wconf 89' lang='lat' dir='ltr'><strong>Dominicam,</strong></span> <span class='ocrx_word' id='word_1_267' title='bbox 921 2342 1088 2397; x_wconf 88' lang='lat' dir='ltr'><strong>quam</strong></span> <span class='ocrx_word' id='word_1_268' title='bbox 1117 2328 1183 2383; x_wconf 86' lang='lat' dir='ltr'><strong>de</strong></span> <span class='ocrx_word' id='word_1_269' title='bbox 1219 2330 1399 2385; x_wconf 84' lang='lat' dir='ltr'><strong>libello</strong></span> <span class='ocrx_word' id='word_1_270' title='bbox 1424 2331 1503 2387; x_wconf 87' lang='lat' dir='ltr'><strong>De</strong></span> <span class='ocrx_word' id='word_1_271' title='bbox 1530 2336 1709 2390; x_wconf 82' lang='lat' dir='ltr'><strong>anima</strong></span> 
     </span>
    </p>
   </div>
   <div class='ocr_carea' id='block_1_39' title="bbox 130 2410 1703 2485">
    <p class='ocr_par' dir='ltr' id='par_1_39' title="bbox 130 2410 1703 2485">
     <span class='ocr_line' id='line_1_39' title="bbox 130 2410 1703 2485; baseline 0.01 -22"><span class='ocrx_word' id='word_1_272' title='bbox 130 2410 206 2463; x_wconf 84' lang='lat' dir='ltr'><strong>ad</strong></span> <span class='ocrx_word' id='word_1_273' title='bbox 234 2410 522 2467; x_wconf 88' lang='lat' dir='ltr'><strong>Tatianum</strong></span> <span class='ocrx_word' id='word_1_274' title='bbox 545 2452 560 2478; x_wconf 93' lang='lat'><strong>,</strong></span> <span class='ocrx_word' id='word_1_275' title='bbox 587 2428 822 2485; x_wconf 92' lang='lat' dir='ltr'><strong>quorum</strong></span> <span class='ocrx_word' id='word_1_276' title='bbox 873 2426 1079 2474; x_wconf 85' lang='lat' dir='ltr'><strong>veteres</strong></span> <span class='ocrx_word' id='word_1_277' title='bbox 1118 2436 1224 2474; x_wconf 90' lang='lat' dir='ltr'><strong>non</strong></span> <span class='ocrx_word' id='word_1_278' title='bbox 1260 2423 1644 2480; x_wconf 87' lang='lat' dir='ltr'><strong>meminerunt.</strong></span> <span class='ocrx_word' id='word_1_279' title='bbox 1686 2446 1703 2478; x_wconf 74' lang='grc' dir='ltr'><strong>ι</strong></span> 
     </span>
    </p>
   </div>
   <div class='ocr_carea' id='block_1_40' title="bbox 134 2501 1706 2585">
    <p class='ocr_par' dir='ltr' id='par_1_40' title="bbox 134 2501 1706 2585">
     <span class='ocr_line' id='line_1_40' title="bbox 134 2501 1706 2585; baseline 0.013 -31"><span class='ocrx_word' id='word_1_280' title='bbox 134 2501 283 2575; x_wconf 83' lang='lat' dir='ltr'><strong>Ergo</strong></span> <span class='ocrx_word' id='word_1_281' title='bbox 311 2504 400 2558; x_wconf 91' lang='lat' dir='ltr'><strong>illa</strong></span> <span class='ocrx_word' id='word_1_282' title='bbox 439 2506 603 2562; x_wconf 88' lang='lat' dir='ltr'><strong>dubia</strong></span> <span class='ocrx_word' id='word_1_283' title='bbox 641 2507 863 2565; x_wconf 88' lang='lat' dir='ltr'><strong>fuerint.</strong></span> <span class='ocrx_word' id='word_1_284' title='bbox 916 2509 1085 2577; x_wconf 88' lang='lat' dir='ltr'><strong>Quasi</strong></span> <span class='ocrx_word' id='word_1_285' title='bbox 1118 2528 1245 2568; x_wconf 93' lang='lat' dir='ltr'><strong>vero</strong></span> <span class='ocrx_word' id='word_1_286' title='bbox 1269 2515 1413 2585; x_wconf 84' lang='lat' dir='ltr'><strong>quod</strong></span> <span class='ocrx_word' id='word_1_287' title='bbox 1443 2519 1706 2574; x_wconf 89' lang='lat' dir='ltr'><strong>incertum</strong></span> 
     </span>
    </p>
   </div>
   <div class='ocr_carea' id='block_1_41' title="bbox 134 2594 1707 2671">
    <p class='ocr_par' dir='ltr' id='par_1_41' title="bbox 134 2594 1707 2671">
     <span class='ocr_line' id='line_1_41' title="bbox 134 2594 1707 2671; baseline 0.013 -24"><span class='ocrx_word' id='word_1_288' title='bbox 134 2603 224 2648; x_wconf 88' lang='lat' dir='ltr'><strong>est</strong></span> <span class='ocrx_word' id='word_1_289' title='bbox 249 2594 599 2662; x_wconf 89' lang='lat' dir='ltr'><strong>Bellarmino,</strong></span> <span class='ocrx_word' id='word_1_290' title='bbox 639 2599 693 2653; x_wconf 92' lang='lat' dir='ltr'><strong>id</strong></span> <span class='ocrx_word' id='word_1_291' title='bbox 729 2615 946 2671; x_wconf 88' lang='lat' dir='ltr'><strong>quoque</strong></span> <span class='ocrx_word' id='word_1_292' title='bbox 986 2601 1041 2656; x_wconf 91' lang='lat' dir='ltr'><strong>in</strong></span> <span class='ocrx_word' id='word_1_293' title='bbox 1074 2601 1317 2660; x_wconf 87' lang='lat' dir='ltr'><strong>Ecclesia</strong></span> <span class='ocrx_word' id='word_1_294' title='bbox 1346 2607 1570 2663; x_wconf 85' lang='lat' dir='ltr'><strong>dubium</strong></span> <span class='ocrx_word' id='word_1_295' title='bbox 1594 2612 1664 2666; x_wconf 90' lang='lat' dir='ltr'><strong>sit</strong></span> <span class='ocrx_word' id='word_1_296' title='bbox 1696 2633 1707 2667; x_wconf 90' lang='lat'><strong>:</strong></span> 
     </span>
    </p>
   </div>
   <div class='ocr_carea' id='block_1_42' title="bbox 132 2692 1703 2766">
    <p class='ocr_par' dir='ltr' id='par_1_42' title="bbox 132 2692 1703 2766">
     <span class='ocr_line' id='line_1_42' title="bbox 132 2692 1703 2766; baseline 0.013 -29"><span class='ocrx_word' id='word_1_297' title='bbox 132 2692 197 2738; x_wconf 89' lang='lat' dir='ltr'><strong>et</strong></span> <span class='ocrx_word' id='word_1_298' title='bbox 225 2700 462 2755; x_wconf 89' lang='lat' dir='ltr'><strong>quorum</strong></span> <span class='ocrx_word' id='word_1_299' title='bbox 500 2703 723 2758; x_wconf 92' lang='lat' dir='ltr'><strong>operum</strong></span> <span class='ocrx_word' id='word_1_300' title='bbox 764 2701 971 2748; x_wconf 89' lang='lat' dir='ltr'><strong>veteres</strong></span> <span class='ocrx_word' id='word_1_301' title='bbox 1002 2709 1112 2747; x_wconf 89' lang='lat' dir='ltr'><strong>non</strong></span> <span class='ocrx_word' id='word_1_302' title='bbox 1148 2698 1462 2766; x_wconf 86' lang='lat' dir='ltr'><strong>meminere,</strong></span> <span class='ocrx_word' id='word_1_303' title='bbox 1513 2715 1576 2755; x_wconf 90' lang='lat' dir='ltr'><strong>ea</strong></span> <span class='ocrx_word' id='word_1_304' title='bbox 1622 2702 1703 2756; x_wconf 69' lang='grc' dir='ltr'><strong>ἰηι-</strong></span> 
     </span>
    </p>
   </div>
   <div class='ocr_carea' id='block_1_43' title="bbox 130 2779 1711 2863">
    <p class='ocr_par' dir='ltr' id='par_1_43' title="bbox 130 2779 1711 2863">
     <span class='ocr_line' id='line_1_43' title="bbox 130 2779 1711 2863; baseline 0.013 -33"><span class='ocrx_word' id='word_1_305' title='bbox 130 2787 290 2832; x_wconf 82' lang='lat' dir='ltr'><strong>certa</strong></span> <span class='ocrx_word' id='word_1_306' title='bbox 312 2779 452 2847; x_wconf 90' lang='lat' dir='ltr'><strong>sint;</strong></span> <span class='ocrx_word' id='word_1_307' title='bbox 479 2790 533 2837; x_wconf 92' lang='lat' dir='ltr'><strong>et</strong></span> <span class='ocrx_word' id='word_1_308' title='bbox 562 2785 720 2853; x_wconf 90' lang='lat' dir='ltr'><strong>quasi</strong></span> <span class='ocrx_word' id='word_1_309' title='bbox 754 2794 969 2842; x_wconf 86' lang='lat' dir='ltr'><strong>veteres</strong></span> <span class='ocrx_word' id='word_1_310' title='bbox 992 2789 1235 2844; x_wconf 90' lang='lat' dir='ltr'><strong>omnium</strong></span> <span class='ocrx_word' id='word_1_311' title='bbox 1266 2793 1633 2863; x_wconf 90' lang='lat' dir='ltr'><strong>meminerint,</strong></span> <span class='ocrx_word' id='word_1_312' title='bbox 1657 2807 1711 2851; x_wconf 91' lang='lat' dir='ltr'><strong>et</strong></span> 
     </span>
    </p>
   </div>
   <div class='ocr_carea' id='block_1_44' title="bbox 132 2874 1710 2957">
    <p class='ocr_par' dir='ltr' id='par_1_44' title="bbox 132 2874 1710 2957">
     <span class='ocr_line' id='line_1_44' title="bbox 132 2874 1710 2957; baseline 0.014 -35"><span class='ocrx_word' id='word_1_313' title='bbox 132 2882 239 2924; x_wconf 87' lang='lat' dir='ltr'><strong>nos</strong></span> <span class='ocrx_word' id='word_1_314' title='bbox 268 2874 513 2928; x_wconf 89' lang='lat' dir='ltr'><strong>omnium</strong></span> <span class='ocrx_word' id='word_1_315' title='bbox 546 2886 811 2943; x_wconf 90' lang='lat' dir='ltr'><strong>veterum,</strong></span> <span class='ocrx_word' id='word_1_316' title='bbox 842 2894 1181 2952; x_wconf 58' lang='lat' dir='ltr'><strong>quaecunque</strong></span> <span class='ocrx_word' id='word_1_317' title='bbox 1202 2883 1293 2938; x_wconf 90' lang='lat' dir='ltr'><strong>illa</strong></span> <span class='ocrx_word' id='word_1_318' title='bbox 1322 2882 1558 2952; x_wconf 88' lang='lat' dir='ltr'><strong>fuerint,</strong></span> <span class='ocrx_word' id='word_1_319' title='bbox 1599 2903 1710 2957; x_wconf 63' lang='lat' dir='ltr'><strong>prae</strong></span> 
     </span>
    </p>
   </div>
   <div class='ocr_carea' id='block_1_45' title="bbox 131 2963 1707 3038">
    <p class='ocr_par' dir='ltr' id='par_1_45' title="bbox 131 2963 1707 3038">
     <span class='ocr_line' id='line_1_45' title="bbox 131 2963 1707 3038; baseline 0.014 -25"><span class='ocrx_word' id='word_1_320' title='bbox 131 2963 393 3019; x_wconf 87' lang='lat' dir='ltr'><strong>manibus</strong></span> <span class='ocrx_word' id='word_1_321' title='bbox 424 2965 741 3024; x_wconf 87' lang='lat' dir='ltr'><strong>habeamus.</strong></span> <span class='ocrx_word' id='word_1_322' title='bbox 780 2969 886 3025; x_wconf 88' lang='lat' dir='ltr'><strong>Sed</strong></span> <span class='ocrx_word' id='word_1_323' title='bbox 913 2971 1109 3038; x_wconf 84' lang='lat' dir='ltr'><strong>Riveti,</strong></span> <span class='ocrx_word' id='word_1_324' title='bbox 1147 2989 1272 3030; x_wconf 89' lang='lat' dir='ltr'><strong>cum</strong></span> <span class='ocrx_word' id='word_1_325' title='bbox 1312 2977 1572 3034; x_wconf 90' lang='lat' dir='ltr'><strong>solidiora</strong></span> <span class='ocrx_word' id='word_1_326' title='bbox 1601 2995 1707 3035; x_wconf 88' lang='lat' dir='ltr'><strong>non</strong></span> 
     </span>
    </p>
   </div>
   <div class='ocr_carea' id='block_1_46' title="bbox 134 3053 1181 3130">
    <p class='ocr_par' dir='ltr' id='par_1_46' title="bbox 134 3053 1181 3130">
     <span class='ocr_line' id='line_1_46' title="bbox 134 3053 1181 3130; baseline 0.013 -22"><span class='ocrx_word' id='word_1_327' title='bbox 134 3053 360 3124; x_wconf 83' lang='lat' dir='ltr'><strong>habeat,</strong></span> <span class='ocrx_word' id='word_1_328' title='bbox 385 3058 480 3113; x_wconf 90' lang='lat' dir='ltr'><strong>bili</strong></span> <span class='ocrx_word' id='word_1_329' title='bbox 521 3073 847 3130; x_wconf 85' lang='lat' dir='ltr'><strong>nugamenta</strong></span> <span class='ocrx_word' id='word_1_330' title='bbox 880 3064 996 3120; x_wconf 71' lang='lat' dir='ltr'><strong>haec</strong></span> <span class='ocrx_word' id='word_1_331' title='bbox 1035 3076 1181 3122; x_wconf 91' lang='lat' dir='ltr'><strong>sunt.</strong></span> 
     </span>
    </p>
   </div>
   <div class='ocr_carea' id='block_1_47' title="bbox 212 3234 1700 3325">
    <p class='ocr_par' dir='ltr' id='par_1_47' title="bbox 212 3234 1700 3325">
     <span class='ocr_line' id='line_1_47' title="bbox 212 3234 1700 3325; baseline 0.013 -35"><span class='ocrx_word' id='word_1_332' title='bbox 212 3234 332 3292; x_wconf 80' lang='lat' dir='ltr'><strong>Non</strong></span> <span class='ocrx_word' id='word_1_333' title='bbox 379 3240 557 3296; x_wconf 90' lang='lat' dir='ltr'><strong>minor</strong></span> <span class='ocrx_word' id='word_1_334' title='bbox 600 3242 886 3301; x_wconf 78' lang='lat' dir='ltr'><strong>difﬁcultas</strong></span> <span class='ocrx_word' id='word_1_335' title='bbox 929 3255 1014 3302; x_wconf 89' lang='lat' dir='ltr'><strong>est</strong></span> <span class='ocrx_word' id='word_1_336' title='bbox 1060 3247 1127 3302; x_wconf 90' lang='lat' dir='ltr'><strong>de</strong></span> <span class='ocrx_word' id='word_1_337' title='bbox 1164 3248 1507 3320; x_wconf 70' lang='lat' dir='ltr'><strong>Expositione</strong></span> <span class='ocrx_word' id='word_1_338' title='bbox 1553 3255 1700 3325; x_wconf 77' lang='lat' dir='ltr'><strong>ﬁdei,</strong></span> 
     </span>
    </p>
   </div>
   <div class='ocr_carea' id='block_1_48' title="bbox 127 3332 1705 3416">
    <p class='ocr_par' dir='ltr' id='par_1_48' title="bbox 127 3332 1705 3416">
     <span class='ocr_line' id='line_1_48' title="bbox 127 3332 1705 3416; baseline 0.016 -35"><span class='ocrx_word' id='word_1_339' title='bbox 127 3345 302 3400; x_wconf 77' lang='lat' dir='ltr'><strong>quam</strong></span> <span class='ocrx_word' id='word_1_340' title='bbox 352 3332 440 3387; x_wconf 90' lang='lat' dir='ltr'><strong>ille</strong></span> <span class='ocrx_word' id='word_1_341' title='bbox 476 3336 697 3405; x_wconf 91' lang='lat' dir='ltr'><strong>scripsit</strong></span> <span class='ocrx_word' id='word_1_342' title='bbox 741 3348 795 3393; x_wconf 90' lang='lat' dir='ltr'><strong>et</strong></span> <span class='ocrx_word' id='word_1_343' title='bbox 830 3342 1148 3410; x_wconf 90' lang='lat' dir='ltr'><strong>publicavit,</strong></span> <span class='ocrx_word' id='word_1_344' title='bbox 1194 3349 1516 3416; x_wconf 87' lang='lat' dir='ltr'><strong>vocavitque</strong></span> <span class='ocrx_word' id='word_1_345' title='bbox 1565 3350 1705 3406; x_wconf 81' lang='grc' dir='ltr'>κατὰ</span> 
     </span>
    </p>
   </div>
   <div class='ocr_carea' id='block_1_49' title="bbox 133 3421 1707 3506">
    <p class='ocr_par' dir='ltr' id='par_1_49' title="bbox 133 3421 1707 3506">
     <span class='ocr_line' id='line_1_49' title="bbox 133 3421 1707 3506; baseline 0.016 -33"><span class='ocrx_word' id='word_1_346' title='bbox 133 3421 343 3493; x_wconf 70' lang='grc' dir='ltr'><strong>μέρος*</strong></span> <span class='ocrx_word' id='word_1_347' title='bbox 388 3428 497 3478; x_wconf 84' lang='grc' dir='ltr'><strong><em>ηοή</em></strong></span> <span class='ocrx_word' id='word_1_348' title='bbox 524 3428 668 3496; x_wconf 90' lang='lat' dir='ltr'><strong>quod</strong></span> <span class='ocrx_word' id='word_1_349' title='bbox 709 3444 775 3484; x_wconf 83' lang='lat' dir='ltr'><strong>ex</strong></span> <span class='ocrx_word' id='word_1_350' title='bbox 819 3442 1003 3502; x_wconf 90' lang='lat' dir='ltr'><strong>parte,</strong></span> <span class='ocrx_word' id='word_1_351' title='bbox 1044 3451 1167 3506; x_wconf 67' lang='lat' dir='ltr'><strong>qua:</strong></span> <span class='ocrx_word' id='word_1_352' title='bbox 1202 3451 1329 3494; x_wconf 89' lang='lat' dir='ltr'><strong>sunt</strong></span> <span class='ocrx_word' id='word_1_353' title='bbox 1364 3441 1487 3495; x_wconf 86' lang='lat' dir='ltr'><strong>fidei</strong></span> <span class='ocrx_word' id='word_1_354' title='bbox 1530 3444 1707 3498; x_wconf 86' lang='lat' dir='ltr'><strong>tradat</strong></span> 
     </span>
    </p>
   </div>
   <div class='ocr_carea' id='block_1_50' title="bbox 128 3518 1704 3603">
    <p class='ocr_par' dir='ltr' id='par_1_50' title="bbox 128 3518 1704 3603">
     <span class='ocr_line' id='line_1_50' title="bbox 128 3518 1704 3603; baseline 0.016 -39"><span class='ocrx_word' id='word_1_355' title='bbox 128 3522 187 3565; x_wconf 84' lang='lat' dir='ltr'><strong>et</strong></span> <span class='ocrx_word' id='word_1_356' title='bbox 222 3525 481 3583; x_wconf 81' lang='lat' dir='ltr'><strong>exponat,</strong></span> <span class='ocrx_word' id='word_1_357' title='bbox 509 3518 593 3572; x_wconf 88' lang='lat' dir='ltr'><strong>vel</strong></span> <span class='ocrx_word' id='word_1_358' title='bbox 619 3522 761 3589; x_wconf 89' lang='lat' dir='ltr'><strong>quod</strong></span> <span class='ocrx_word' id='word_1_359' title='bbox 801 3539 897 3593; x_wconf 89' lang='lat' dir='ltr'><strong>per</strong></span> <span class='ocrx_word' id='word_1_360' title='bbox 929 3537 1112 3597; x_wconf 89' lang='lat' dir='ltr'><strong>partes</strong></span> <span class='ocrx_word' id='word_1_361' title='bbox 1139 3529 1272 3585; x_wconf 89' lang='lat' dir='ltr'><strong>inibi</strong></span> <span class='ocrx_word' id='word_1_362' title='bbox 1309 3530 1441 3587; x_wconf 87' lang='lat' dir='ltr'><strong>fides</strong></span> <span class='ocrx_word' id='word_1_363' title='bbox 1470 3535 1704 3603; x_wconf 80' lang='lat' dir='ltr'><strong>explice-</strong></span> 
     </span>
    </p>
   </div>
   <div class='ocr_carea' id='block_1_51' title="bbox 128 3606 1703 3689">
    <p class='ocr_par' dir='ltr' id='par_1_51' title="bbox 128 3606 1703 3689">
     <span class='ocr_line' id='line_1_51' title="bbox 128 3606 1703 3689; baseline 0.015 -34"><span class='ocrx_word' id='word_1_364' title='bbox 128 3612 247 3669; x_wconf 75' lang='lat' dir='ltr'><strong>tur,</strong></span> <span class='ocrx_word' id='word_1_365' title='bbox 284 3606 366 3659; x_wconf 89' lang='lat' dir='ltr'><strong>vel</strong></span> <span class='ocrx_word' id='word_1_366' title='bbox 391 3608 535 3675; x_wconf 88' lang='lat' dir='ltr'><strong>quod</strong></span> <span class='ocrx_word' id='word_1_367' title='bbox 564 3608 722 3666; x_wconf 90' lang='lat' dir='ltr'><strong>fidem</strong></span> <span class='ocrx_word' id='word_1_368' title='bbox 762 3628 871 3668; x_wconf 90' lang='lat' dir='ltr'><strong>non</strong></span> <span class='ocrx_word' id='word_1_369' title='bbox 904 3617 1214 3673; x_wconf 85' lang='lat' dir='ltr'><strong>universam</strong></span> <span class='ocrx_word' id='word_1_370' title='bbox 1246 3621 1341 3675; x_wconf 88' lang='lat' dir='ltr'><strong>sed</strong></span> <span class='ocrx_word' id='word_1_371' title='bbox 1367 3624 1563 3689; x_wconf 89' lang='lat' dir='ltr'><strong>partim</strong></span> <span class='ocrx_word' id='word_1_372' title='bbox 1591 3632 1703 3678; x_wconf 88' lang='lat' dir='ltr'><strong>tra-</strong></span> 
     </span>
    </p>
   </div>
   <div class='ocr_carea' id='block_1_52' title="bbox 129 3695 1704 3787">
    <p class='ocr_par' dir='ltr' id='par_1_52' title="bbox 129 3695 1704 3787">
     <span class='ocr_line' id='line_1_52' title="bbox 129 3695 1704 3787; baseline 0.016 -40"><span class='ocrx_word' id='word_1_373' title='bbox 129 3695 249 3762; x_wconf 85' lang='lat' dir='ltr'><strong>dat,</strong></span> <span class='ocrx_word' id='word_1_374' title='bbox 287 3698 373 3751; x_wconf 88' lang='lat' dir='ltr'><strong>vel</strong></span> <span class='ocrx_word' id='word_1_375' title='bbox 418 3701 564 3768; x_wconf 86' lang='lat' dir='ltr'><strong>quod</strong></span> <span class='ocrx_word' id='word_1_376' title='bbox 604 3706 950 3772; x_wconf 88' lang='lat' dir='ltr'><strong>particularis</strong></span> <span class='ocrx_word' id='word_1_377' title='bbox 994 3710 1127 3767; x_wconf 86' lang='lat' dir='ltr'><strong>fides</strong></span> <span class='ocrx_word' id='word_1_378' title='bbox 1172 3710 1363 3777; x_wconf 86' lang='lat' dir='ltr'><strong>fuerit,</strong></span> <span class='ocrx_word' id='word_1_379' title='bbox 1418 3716 1512 3771; x_wconf 89' lang='lat' dir='ltr'><strong>sed</strong></span> <span class='ocrx_word' id='word_1_380' title='bbox 1557 3717 1704 3787; x_wconf 91' lang='lat' dir='ltr'><strong>quod</strong></span> 
     </span>
    </p>
   </div>
   <div class='ocr_carea' id='block_1_53' title="bbox 126 3788 1705 3870">
    <p class='ocr_par' dir='ltr' id='par_1_53' title="bbox 126 3788 1705 3870">
     <span class='ocr_line' id='line_1_53' title="bbox 126 3788 1705 3870; baseline 0.014 -29"><span class='ocrx_word' id='word_1_381' title='bbox 126 3788 381 3858; x_wconf 77' lang='lat' dir='ltr'><strong>singulas</strong></span> <span class='ocrx_word' id='word_1_382' title='bbox 414 3799 466 3845; x_wconf 88' lang='lat' dir='ltr'><strong>et</strong></span> <span class='ocrx_word' id='word_1_383' title='bbox 487 3796 748 3863; x_wconf 88' lang='lat' dir='ltr'><strong>speciales</strong></span> <span class='ocrx_word' id='word_1_384' title='bbox 771 3798 893 3854; x_wconf 82' lang='lat' dir='ltr'><strong>fidei</strong></span> <span class='ocrx_word' id='word_1_385' title='bbox 917 3809 1101 3870; x_wconf 90' lang='lat' dir='ltr'><strong>partes</strong></span> <span class='ocrx_word' id='word_1_386' title='bbox 1120 3804 1387 3860; x_wconf 90' lang='lat' dir='ltr'><strong>enucleat.</strong></span> <span class='ocrx_word' id='word_1_387' title='bbox 1416 3805 1547 3861; x_wconf 84' lang='lat' dir='ltr'><strong>Eam</strong></span> <span class='ocrx_word' id='word_1_388' title='bbox 1571 3807 1705 3864; x_wconf 88' lang='lat' dir='ltr'><strong>Vos-</strong></span> 
     </span>
    </p>
   </div>
   <div class='ocr_carea' id='block_1_54' title="bbox 126 3881 1702 3964">
    <p class='ocr_par' dir='ltr' id='par_1_54' title="bbox 126 3881 1702 3964">
     <span class='ocr_line' id='line_1_54' title="bbox 126 3881 1702 3964; baseline 0.013 -28"><span class='ocrx_word' id='word_1_389' title='bbox 126 3881 256 3936; x_wconf 70' lang='lat' dir='ltr'><strong>sius</strong></span> <span class='ocrx_word' id='word_1_390' title='bbox 306 3882 551 3953; x_wconf 85' lang='lat' dir='ltr'><strong>invenit,</strong></span> <span class='ocrx_word' id='word_1_391' title='bbox 597 3889 871 3962; x_wconf 87' lang='lat' dir='ltr'><strong>ediditque</strong></span> <span class='ocrx_word' id='word_1_392' title='bbox 902 3892 1089 3951; x_wconf 87' lang='lat' dir='ltr'><strong>Latine</strong></span> <span class='ocrx_word' id='word_1_393' title='bbox 1126 3898 1323 3964; x_wconf 90' lang='lat' dir='ltr'><strong>solum,</strong></span> <span class='ocrx_word' id='word_1_394' title='bbox 1356 3915 1480 3955; x_wconf 92' lang='lat' dir='ltr'><strong>cum</strong></span> <span class='ocrx_word' id='word_1_395' title='bbox 1515 3901 1702 3958; x_wconf 67' lang='lat' dir='ltr'><strong>Graeca</strong></span> 
     </span>
    </p>
   </div>
   <div class='ocr_carea' id='block_1_55' title="bbox 122 3974 1702 4057">
    <p class='ocr_par' dir='ltr' id='par_1_55' title="bbox 122 3974 1702 4057">
     <span class='ocr_line' id='line_1_55' title="bbox 122 3974 1702 4057; baseline 0.016 -32"><span class='ocrx_word' id='word_1_396' title='bbox 122 3988 245 4027; x_wconf 81' lang='lat' dir='ltr'><strong>non</strong></span> <span class='ocrx_word' id='word_1_397' title='bbox 272 3974 524 4032; x_wconf 88' lang='lat' dir='ltr'><strong>habuerit</strong></span> <span class='ocrx_word' id='word_1_398' title='bbox 546 3980 650 4052; x_wconf 81' lang='grc'><strong>(5).</strong></span> <span class='ocrx_word' id='word_1_399' title='bbox 690 3981 884 4039; x_wconf 89' lang='lat' dir='ltr'><strong>Subdit</strong></span> <span class='ocrx_word' id='word_1_400' title='bbox 909 3985 1293 4057; x_wconf 89' lang='lat' dir='ltr'><strong>Bellarminus,</strong></span> <span class='ocrx_word' id='word_1_401' title='bbox 1322 3990 1556 4049; x_wconf 80' lang='lat' dir='ltr'><strong>fortasse</strong></span> <span class='ocrx_word' id='word_1_402' title='bbox 1590 3994 1702 4051; x_wconf 90' lang='lat' dir='ltr'><strong>falli</strong></span> 
     </span>
    </p>
   </div>
   <div class='ocr_carea' id='block_1_56' title="bbox 126 4063 1703 4151">
    <p class='ocr_par' dir='ltr' id='par_1_56' title="bbox 126 4063 1703 4151">
     <span class='ocr_line' id='line_1_56' title="bbox 126 4063 1703 4151; baseline 0.017 -34"><span class='ocrx_word' id='word_1_403' title='bbox 126 4063 415 4121; x_wconf 77' lang='lat' dir='ltr'><strong>Vossium.</strong></span> <span class='ocrx_word' id='word_1_404' title='bbox 449 4067 583 4125; x_wconf 91' lang='lat' dir='ltr'><strong>Nam</strong></span> <span class='ocrx_word' id='word_1_405' title='bbox 620 4071 899 4142; x_wconf 70' lang='lat' dir='ltr'><strong>Expositio</strong></span> <span class='ocrx_word' id='word_1_406' title='bbox 923 4078 1070 4147; x_wconf 82' lang='lat' dir='ltr'><strong>ﬁdei,</strong></span> <span class='ocrx_word' id='word_1_407' title='bbox 1104 4081 1262 4151; x_wconf 88' lang='lat' dir='ltr'><strong>cujus</strong></span> <span class='ocrx_word' id='word_1_408' title='bbox 1298 4085 1546 4142; x_wconf 88' lang='lat' dir='ltr'><strong>meminit</strong></span> <span class='ocrx_word' id='word_1_409' title='bbox 1576 4104 1703 4143; x_wconf 86' lang='lat' dir='ltr'><strong>san-</strong></span> 
     </span>
    </p>
   </div>
   <div class='ocr_carea' id='block_1_57' title="bbox 121 4155 1700 4246">
    <p class='ocr_par' dir='ltr' id='par_1_57' title="bbox 121 4155 1700 4246">
     <span class='ocr_line' id='line_1_57' title="bbox 121 4155 1700 4246; baseline 0.018 -39"><span class='ocrx_word' id='word_1_410' title='bbox 121 4164 255 4208; x_wconf 86' lang='lat' dir='ltr'><strong>ctus</strong></span> <span class='ocrx_word' id='word_1_411' title='bbox 299 4155 534 4215; x_wconf 85' lang='lat' dir='ltr'><strong>Basilius</strong></span> <span class='ocrx_word' id='word_1_412' title='bbox 584 4161 638 4216; x_wconf 90' lang='lat' dir='ltr'><strong>in</strong></span> <span class='ocrx_word' id='word_1_413' title='bbox 680 4164 907 4234; x_wconf 86' lang='lat' dir='ltr'><strong>epistola</strong></span> <span class='ocrx_word' id='word_1_414' title='bbox 955 4184 1057 4224; x_wconf 81' lang='lat' dir='ltr'><strong>ccx</strong></span> <span class='ocrx_word' id='word_1_415' title='bbox 1101 4171 1168 4225; x_wconf 88' lang='lat' dir='ltr'><strong>ad</strong></span> <span class='ocrx_word' id='word_1_416' title='bbox 1215 4172 1700 4246; x_wconf 61' lang='lat' dir='ltr'><strong>Neocaesarienses,</strong></span> 
     </span>
    </p>
   </div>
   <div class='ocr_carea' id='block_1_58' title="bbox 120 4245 1698 4339">
    <p class='ocr_par' dir='ltr' id='par_1_58' title="bbox 120 4245 1698 4339">
     <span class='ocr_line' id='line_1_58' title="bbox 120 4245 1698 4339; baseline 0.02 -46"><span class='ocrx_word' id='word_1_417' title='bbox 120 4258 258 4297; x_wconf 69' lang='lat' dir='ltr'><strong>vere</strong></span> <span class='ocrx_word' id='word_1_418' title='bbox 289 4259 321 4298; x_wconf 85' lang='lat' dir='ltr'><strong>a</strong></span> <span class='ocrx_word' id='word_1_419' title='bbox 349 4245 751 4323; x_wconf 84' lang='lat' dir='ltr'><strong>Thanmaturgo</strong></span> <span class='ocrx_word' id='word_1_420' title='bbox 785 4257 984 4327; x_wconf 88' lang='lat' dir='ltr'><strong>scripta</strong></span> <span class='ocrx_word' id='word_1_421' title='bbox 1016 4259 1276 4317; x_wconf 91' lang='lat' dir='ltr'><strong>adversus</strong></span> <span class='ocrx_word' id='word_1_422' title='bbox 1298 4262 1575 4321; x_wconf 62' lang='lat' dir='ltr'><strong>Elianum</strong></span> <span class='ocrx_word' id='word_1_423' title='bbox 1600 4245 1698 4339; x_wconf 80' lang='lat'><strong>(6),</strong></span> 
     </span>
    </p>
   </div>
   <div class='ocr_carea' id='block_1_59' title="bbox 124 4336 1699 4416">
    <p class='ocr_par' dir='ltr' id='par_1_59' title="bbox 124 4336 1699 4416">
     <span class='ocr_line' id='line_1_59' title="bbox 124 4336 1699 4416; baseline 0.018 -28"><span class='ocrx_word' id='word_1_424' title='bbox 124 4336 367 4392; x_wconf 89' lang='lat' dir='ltr'><strong>multum</strong></span> <span class='ocrx_word' id='word_1_425' title='bbox 395 4339 573 4396; x_wconf 77' lang='lat' dir='ltr'><strong>differt</strong></span> <span class='ocrx_word' id='word_1_426' title='bbox 604 4358 634 4397; x_wconf 92' lang='lat' dir='ltr'><strong>a</strong></span> <span class='ocrx_word' id='word_1_427' title='bbox 658 4342 923 4401; x_wconf 82' lang='lat' dir='ltr'><strong>Vossiana</strong></span> <span class='ocrx_word' id='word_1_428' title='bbox 966 4348 1071 4404; x_wconf 89' lang='lat' dir='ltr'><strong>ista</strong></span> <span class='ocrx_word' id='word_1_429' title='bbox 1097 4366 1110 4400; x_wconf 91' lang='lat'><strong>:</strong></span> <span class='ocrx_word' id='word_1_430' title='bbox 1139 4352 1193 4406; x_wconf 91' lang='lat' dir='ltr'><strong>in</strong></span> <span class='ocrx_word' id='word_1_431' title='bbox 1226 4352 1312 4408; x_wconf 92' lang='lat' dir='ltr'><strong>illa</strong></span> <span class='ocrx_word' id='word_1_432' title='bbox 1348 4356 1494 4410; x_wconf 88' lang='lat' dir='ltr'><strong>enim</strong></span> <span class='ocrx_word' id='word_1_433' title='bbox 1530 4336 1699 4416; x_wconf 83' lang='lat' dir='ltr'><strong>habe-</strong></span> 
     </span>
    </p>
   </div>
   <div class='ocr_carea' id='block_1_60' title="bbox 120 4430 1700 4521">
    <p class='ocr_par' dir='ltr' id='par_1_60' title="bbox 120 4430 1700 4521">
     <span class='ocr_line' id='line_1_60' title="bbox 120 4430 1700 4521; baseline 0.017 -39"><span class='ocrx_word' id='word_1_434' title='bbox 120 4430 313 4495; x_wconf 88' lang='lat' dir='ltr'><strong>batur,</strong></span> <span class='ocrx_word' id='word_1_435' title='bbox 349 4431 565 4490; x_wconf 88' lang='lat' dir='ltr'><strong>Patrem</strong></span> <span class='ocrx_word' id='word_1_436' title='bbox 607 4445 661 4491; x_wconf 90' lang='lat' dir='ltr'><strong>et</strong></span> <span class='ocrx_word' id='word_1_437' title='bbox 680 4435 877 4493; x_wconf 90' lang='lat' dir='ltr'><strong>Filium</strong></span> <span class='ocrx_word' id='word_1_438' title='bbox 915 4441 1191 4512; x_wconf 90' lang='lat' dir='ltr'><strong>hypostasi</strong></span> <span class='ocrx_word' id='word_1_439' title='bbox 1241 4462 1362 4503; x_wconf 91' lang='lat' dir='ltr'><strong>esse</strong></span> <span class='ocrx_word' id='word_1_440' title='bbox 1407 4465 1598 4521; x_wconf 90' lang='lat' dir='ltr'><strong>unum,</strong></span> <span class='ocrx_word' id='word_1_441' title='bbox 1646 4462 1700 4508; x_wconf 88' lang='lat' dir='ltr'><strong>et</strong></span> 
     </span>
    </p>
   </div>
   <div class='ocr_carea' id='block_1_61' title="bbox 1809 1967 3381 2047">
    <p class='ocr_par' dir='ltr' id='par_1_61' title="bbox 1809 1967 3381 2047">
     <span class='ocr_line' id='line_1_61' title="bbox 1809 1967 3381 2047; baseline 0.006 -26"><span class='ocrx_word' id='word_1_442' title='bbox 1809 1967 1864 2034; x_wconf 79' lang='grc'><strong>4,</strong></span> <span class='ocrx_word' id='word_1_443' title='bbox 1887 1968 1980 2038; x_wconf 86' lang='lat' dir='ltr'><strong>qui</strong></span> <span class='ocrx_word' id='word_1_444' title='bbox 2010 1968 2086 2023; x_wconf 82' lang='lat' dir='ltr'><strong>ait</strong></span> <span class='ocrx_word' id='word_1_445' title='bbox 2112 1987 2125 2023; x_wconf 90' lang='lat'>:</span> <span class='ocrx_word' id='word_1_446' title='bbox 2168 1968 2327 2023; x_wconf 83' lang='grc' dir='ltr'><strong>Ἀλλὰ</strong></span> <span class='ocrx_word' id='word_1_447' title='bbox 2355 1970 2450 2023; x_wconf 78' lang='grc' dir='ltr'><strong>καὶ</strong></span> <span class='ocrx_word' id='word_1_448' title='bbox 2498 1971 2664 2043; x_wconf 84' lang='grc' dir='ltr'>ἄλλην</span> <span class='ocrx_word' id='word_1_449' title='bbox 2715 1974 2847 2043; x_wconf 78' lang='grc' dir='ltr'>ἡμῖν</span> <span class='ocrx_word' id='word_1_450' title='bbox 2877 1975 3075 2045; x_wconf 77' lang='grc' dir='ltr'>χρῆσιν</span> <span class='ocrx_word' id='word_1_451' title='bbox 3128 1976 3381 2047; x_wconf 70' lang='grc' dir='ltr'>παραιρέσ-</span> 
     </span>
    </p>
   </div>
   <div class='ocr_carea' id='block_1_62' title="bbox 1812 2062 3381 2139">
    <p class='ocr_par' dir='ltr' id='par_1_62' title="bbox 1812 2062 3381 2139">
     <span class='ocr_line' id='line_1_62' title="bbox 1812 2062 3381 2139; baseline 0.004 -24"><span class='ocrx_word' id='word_1_452' title='bbox 1812 2078 2012 2133; x_wconf 85' lang='grc' dir='ltr'>ρουσιν,</span> <span class='ocrx_word' id='word_1_453' title='bbox 2042 2062 2119 2126; x_wconf 84' lang='grc' dir='ltr'><strong>ὡς</strong></span> <span class='ocrx_word' id='word_1_454' title='bbox 2156 2062 2265 2117; x_wconf 84' lang='grc' dir='ltr'><strong>ἀπὸ</strong></span> <span class='ocrx_word' id='word_1_455' title='bbox 2309 2062 2405 2116; x_wconf 80' lang='grc' dir='ltr'>τοῦ</span> <span class='ocrx_word' id='word_1_456' title='bbox 2445 2064 2599 2133; x_wconf 80' lang='grc' dir='ltr'>ἁγίου</span> <span class='ocrx_word' id='word_1_457' title='bbox 2650 2066 2952 2137; x_wconf 83' lang='grc' dir='ltr'>Γρηγορίου</span> <span class='ocrx_word' id='word_1_458' title='bbox 2998 2066 3091 2121; x_wconf 79' lang='grc' dir='ltr'>τοῦ</span> <span class='ocrx_word' id='word_1_459' title='bbox 3121 2068 3381 2139; x_wconf 76' lang='grc' dir='ltr'><strong>Θαυματ-</strong></span> 
     </span>
    </p>
   </div>
   <div class='ocr_carea' id='block_1_63' title="bbox 1808 2152 3379 2227">
    <p class='ocr_par' dir='ltr' id='par_1_63' title="bbox 1808 2152 3379 2227">
     <span class='ocr_line' id='line_1_63' title="bbox 1808 2152 3379 2227; baseline 0.006 -22"><span class='ocrx_word' id='word_1_460' title='bbox 1808 2152 2003 2225; x_wconf 83' lang='grc' dir='ltr'>ουργοῦ</span> <span class='ocrx_word' id='word_1_461' title='bbox 2028 2156 2093 2209; x_wconf 72' lang='grc' dir='ltr'><strong>ἐκ</strong></span> <span class='ocrx_word' id='word_1_462' title='bbox 2114 2154 2224 2223; x_wconf 85' lang='grc' dir='ltr'><strong>τῆς</strong></span> <span class='ocrx_word' id='word_1_463' title='bbox 2250 2154 2401 2209; x_wconf 79' lang='grc' dir='ltr'><strong>κατὰ</strong></span> <span class='ocrx_word' id='word_1_464' title='bbox 2417 2155 2599 2225; x_wconf 67' lang='grc' dir='ltr'><strong>μέρος</strong></span> <span class='ocrx_word' id='word_1_465' title='bbox 2635 2158 2916 2224; x_wconf 84' lang='grc' dir='ltr'><strong>Πίστεως·</strong></span> <span class='ocrx_word' id='word_1_466' title='bbox 2942 2160 3026 2214; x_wconf 84' lang='grc' dir='ltr'><strong>Οὐ</strong></span> <span class='ocrx_word' id='word_1_467' title='bbox 3054 2158 3163 2213; x_wconf 84' lang='grc' dir='ltr'><strong>δύο</strong></span> <span class='ocrx_word' id='word_1_468' title='bbox 3190 2161 3379 2227; x_wconf 82' lang='grc' dir='ltr'><strong>πρόσ-</strong></span> 
     </span>
    </p>
   </div>
   <div class='ocr_carea' id='block_1_64' title="bbox 1811 2246 3379 2320">
    <p class='ocr_par' dir='ltr' id='par_1_64' title="bbox 1811 2246 3379 2320">
     <span class='ocr_line' id='line_1_64' title="bbox 1811 2246 3379 2320; baseline 0.004 -21"><span class='ocrx_word' id='word_1_469' title='bbox 1811 2261 1961 2312; x_wconf 85' lang='grc' dir='ltr'><strong>ωπα,</strong></span> <span class='ocrx_word' id='word_1_470' title='bbox 1987 2250 2059 2302; x_wconf 89' lang='grc' dir='ltr'>οὺ</span> <span class='ocrx_word' id='word_1_471' title='bbox 2085 2246 2194 2302; x_wconf 84' lang='grc' dir='ltr'><strong>δύο</strong></span> <span class='ocrx_word' id='word_1_472' title='bbox 2220 2249 2453 2317; x_wconf 63' lang='grc' dir='ltr'><strong>φύσεις-ο</strong></span> <span class='ocrx_word' id='word_1_473' title='bbox 2480 2251 2552 2303; x_wconf 86' lang='grc' dir='ltr'>οὐ</span> <span class='ocrx_word' id='word_1_474' title='bbox 2572 2249 2668 2303; x_wconf 80' lang='grc' dir='ltr'><strong>δεῖ</strong></span> <span class='ocrx_word' id='word_1_475' title='bbox 2688 2248 2799 2319; x_wconf 74' lang='grc' dir='ltr'><strong>γὰρ</strong></span> <span class='ocrx_word' id='word_1_476' title='bbox 2826 2251 3093 2319; x_wconf 78' lang='grc' dir='ltr'>τέσσαρα</span> <span class='ocrx_word' id='word_1_477' title='bbox 3119 2263 3379 2320; x_wconf 72' lang='grc' dir='ltr'><strong>προσκυυ</strong></span> 
     </span>
    </p>
   </div>
   <div class='ocr_carea' id='block_1_65' title="bbox 1808 2342 3380 2419">
    <p class='ocr_par' dir='ltr' id='par_1_65' title="bbox 1808 2342 3380 2419">
     <span class='ocr_line' id='line_1_65' title="bbox 1808 2342 3380 2419; baseline 0.005 -25"><span class='ocrx_word' id='word_1_478' title='bbox 1808 2342 1954 2397; x_wconf 82' lang='grc' dir='ltr'><strong>νεῖν·</strong></span> <span class='ocrx_word' id='word_1_479' title='bbox 1985 2344 2078 2398; x_wconf 76' lang='grc' dir='ltr'>καὶ</span> <span class='ocrx_word' id='word_1_480' title='bbox 2103 2345 2171 2399; x_wconf 76' lang='grc' dir='ltr'>τὰ</span> <span class='ocrx_word' id='word_1_481' title='bbox 2189 2344 2408 2417; x_wconf 79' lang='grc' dir='ltr'><strong>ἐφεξῆς·</strong></span> <span class='ocrx_word' id='word_1_482' title='bbox 2439 2344 2669 2417; x_wconf 81' lang='grc' dir='ltr'>λέγομεν</span> <span class='ocrx_word' id='word_1_483' title='bbox 2700 2344 2759 2399; x_wconf 85' lang='grc' dir='ltr'><strong>δὲ</strong></span> <span class='ocrx_word' id='word_1_484' title='bbox 2789 2347 2882 2401; x_wconf 73' lang='grc' dir='ltr'><strong>καὶ</strong></span> <span class='ocrx_word' id='word_1_485' title='bbox 2918 2347 3054 2419; x_wconf 85' lang='grc' dir='ltr'>πρὸς</span> <span class='ocrx_word' id='word_1_486' title='bbox 3084 2347 3263 2413; x_wconf 82' lang='grc' dir='ltr'>τοῦτο,</span> <span class='ocrx_word' id='word_1_487' title='bbox 3298 2350 3380 2402; x_wconf 79' lang='grc' dir='ltr'><strong>ὅτι</strong></span> 
     </span>
    </p>
   </div>
   <div class='ocr_carea' id='block_1_66' title="bbox 1809 2436 3380 2511">
    <p class='ocr_par' dir='ltr' id='par_1_66' title="bbox 1809 2436 3380 2511">
     <span class='ocr_line' id='line_1_66' title="bbox 1809 2436 3380 2511; baseline 0.004 -24"><span class='ocrx_word' id='word_1_488' title='bbox 1809 2436 2021 2507; x_wconf 85' lang='grc' dir='ltr'>πρῶτον</span> <span class='ocrx_word' id='word_1_489' title='bbox 2056 2436 2154 2507; x_wconf 85' lang='grc' dir='ltr'>μὲν</span> <span class='ocrx_word' id='word_1_490' title='bbox 2211 2438 2305 2491; x_wconf 76' lang='grc' dir='ltr'>καὶ</span> <span class='ocrx_word' id='word_1_491' title='bbox 2359 2436 2497 2509; x_wconf 78' lang='grc' dir='ltr'>αὕτη</span> <span class='ocrx_word' id='word_1_492' title='bbox 2551 2438 2876 2511; x_wconf 77' lang='grc' dir='ltr'><strong>ἁμφεὸλήθη</strong></span> <span class='ocrx_word' id='word_1_493' title='bbox 2919 2439 3070 2509; x_wconf 80' lang='grc' dir='ltr'><strong>παρὰ</strong></span> <span class='ocrx_word' id='word_1_494' title='bbox 3114 2442 3226 2501; x_wconf 76' lang='grc' dir='ltr'>τοῖς</span> <span class='ocrx_word' id='word_1_495' title='bbox 3271 2458 3380 2494; x_wconf 83' lang='grc' dir='ltr'><strong>πα-</strong></span> 
     </span>
    </p>
   </div>
   <div class='ocr_carea' id='block_1_67' title="bbox 1807 2524 3380 2604">
    <p class='ocr_par' dir='ltr' id='par_1_67' title="bbox 1807 2524 3380 2604">
     <span class='ocr_line' id='line_1_67' title="bbox 1807 2524 3380 2604; baseline 0.004 -24"><span class='ocrx_word' id='word_1_496' title='bbox 1807 2526 2124 2600; x_wconf 78' lang='grc' dir='ltr'>λαιοτέροις,</span> <span class='ocrx_word' id='word_1_497' title='bbox 2179 2530 2253 2603; x_wconf 84' lang='grc' dir='ltr'><strong>μὴ</strong></span> <span class='ocrx_word' id='word_1_498' title='bbox 2287 2524 2424 2583; x_wconf 78' lang='grc' dir='ltr'>εῖναι</span> <span class='ocrx_word' id='word_1_499' title='bbox 2476 2529 2571 2583; x_wconf 81' lang='grc' dir='ltr'>τοῦ</span> <span class='ocrx_word' id='word_1_500' title='bbox 2621 2530 2776 2599; x_wconf 81' lang='grc' dir='ltr'>ἁγίου</span> <span class='ocrx_word' id='word_1_501' title='bbox 2829 2533 3151 2604; x_wconf 77' lang='grc' dir='ltr'>Γρηγορίουο</span> <span class='ocrx_word' id='word_1_502' title='bbox 3190 2532 3380 2587; x_wconf 76' lang='grc' dir='ltr'>ἔπειτα</span> 
     </span>
    </p>
   </div>
   <div class='ocr_carea' id='block_1_68' title="bbox 1808 2618 3381 2694">
    <p class='ocr_par' dir='ltr' id='par_1_68' title="bbox 1808 2618 3381 2694">
     <span class='ocr_line' id='line_1_68' title="bbox 1808 2618 3381 2694; baseline 0.004 -23"><span class='ocrx_word' id='word_1_503' title='bbox 1808 2618 2107 2690; x_wconf 82' lang='grc' dir='ltr'><strong>Γρηγόριος</strong></span> <span class='ocrx_word' id='word_1_504' title='bbox 2133 2621 2161 2673; x_wconf 86' lang='grc' dir='ltr'><strong>ὁ</strong></span> <span class='ocrx_word' id='word_1_505' title='bbox 2204 2621 2491 2685; x_wconf 84' lang='grc' dir='ltr'>Νυσσαεὺς</span> <span class='ocrx_word' id='word_1_506' title='bbox 2533 2622 2760 2694; x_wconf 80' lang='grc' dir='ltr'><strong>γράφων</strong></span> <span class='ocrx_word' id='word_1_507' title='bbox 2821 2625 3102 2694; x_wconf 77' lang='grc' dir='ltr'>ἐπιτάφιον</span> <span class='ocrx_word' id='word_1_508' title='bbox 3148 2627 3229 2689; x_wconf 86' lang='grc' dir='ltr'>είς</span> <span class='ocrx_word' id='word_1_509' title='bbox 3289 2625 3381 2678; x_wconf 82' lang='grc' dir='ltr'><strong>τὸν</strong></span> 
     </span>
    </p>
   </div>
   <div class='ocr_carea' id='block_1_69' title="bbox 1808 2708 3380 2787">
    <p class='ocr_par' dir='ltr' id='par_1_69' title="bbox 1808 2708 3380 2787">
     <span class='ocr_line' id='line_1_69' title="bbox 1808 2708 3380 2787; baseline 0.004 -26"><span class='ocrx_word' id='word_1_510' title='bbox 1808 2708 2232 2783; x_wconf 80' lang='grc' dir='ltr'>Θαυματουργδν</span> <span class='ocrx_word' id='word_1_511' title='bbox 2287 2711 2469 2780; x_wconf 82' lang='grc' dir='ltr'><strong>λέγει,</strong></span> <span class='ocrx_word' id='word_1_512' title='bbox 2514 2712 2681 2784; x_wconf 82' lang='grc' dir='ltr'>μηδὲν</span> <span class='ocrx_word' id='word_1_513' title='bbox 2740 2713 3077 2786; x_wconf 82' lang='grc' dir='ltr'>σύγγραμμα</span> <span class='ocrx_word' id='word_1_514' title='bbox 3119 2715 3380 2787; x_wconf 83' lang='grc' dir='ltr'><strong>φέρεσθαι</strong></span> 
     </span>
    </p>
   </div>
   <div class='ocr_carea' id='block_1_70' title="bbox 1807 2799 3381 2877">
    <p class='ocr_par' dir='ltr' id='par_1_70' title="bbox 1807 2799 3381 2877">
     <span class='ocr_line' id='line_1_70' title="bbox 1807 2799 3381 2877; baseline 0.003 -22"><span class='ocrx_word' id='word_1_515' title='bbox 1807 2799 1996 2867; x_wconf 78' lang='grc' dir='ltr'>αὐτοῦ,</span> <span class='ocrx_word' id='word_1_516' title='bbox 2020 2802 2171 2874; x_wconf 81' lang='grc' dir='ltr'><strong>εἰμὴ</strong></span> <span class='ocrx_word' id='word_1_517' title='bbox 2228 2803 2394 2875; x_wconf 83' lang='grc' dir='ltr'>μόνην</span> <span class='ocrx_word' id='word_1_518' title='bbox 2436 2804 2534 2876; x_wconf 84' lang='grc' dir='ltr'>τὴν</span> <span class='ocrx_word' id='word_1_519' title='bbox 2570 2804 2778 2869; x_wconf 81' lang='grc' dir='ltr'><strong>Πίστιν,</strong></span> <span class='ocrx_word' id='word_1_520' title='bbox 2811 2808 2878 2877; x_wconf 82' lang='grc' dir='ltr'>ἢν</span> <span class='ocrx_word' id='word_1_521' title='bbox 2928 2805 3069 2860; x_wconf 81' lang='grc' dir='ltr'>κατὰ</span> <span class='ocrx_word' id='word_1_522' title='bbox 3114 2806 3381 2861; x_wconf 83' lang='grc' dir='ltr'><strong>ὀπτασίαν</strong></span> 
     </span>
    </p>
   </div>
   <div class='ocr_carea' id='block_1_71' title="bbox 1809 2889 3381 2968">
    <p class='ocr_par' dir='ltr' id='par_1_71' title="bbox 1809 2889 3381 2968">
     <span class='ocr_line' id='line_1_71' title="bbox 1809 2889 3381 2968; baseline 0.005 -22"><span class='ocrx_word' id='word_1_523' title='bbox 1809 2889 1970 2947; x_wconf 78' lang='grc' dir='ltr'>εἶδεν.</span> <span class='ocrx_word' id='word_1_524' title='bbox 2027 2913 2046 2946; x_wconf 73' lang='grc' dir='ltr'><strong>ι</strong></span> <span class='ocrx_word' id='word_1_525' title='bbox 2074 2892 2364 2951; x_wconf 90' lang='lat' dir='ltr'><strong>Proferunt</strong></span> <span class='ocrx_word' id='word_1_526' title='bbox 2400 2896 2561 2952; x_wconf 85' lang='lat' dir='ltr'><strong>nobis</strong></span> <span class='ocrx_word' id='word_1_527' title='bbox 2598 2904 2652 2951; x_wconf 89' lang='lat' dir='ltr'><strong>et</strong></span> <span class='ocrx_word' id='word_1_528' title='bbox 2673 2897 2836 2951; x_wconf 90' lang='lat' dir='ltr'><strong>aliam</strong></span> <span class='ocrx_word' id='word_1_529' title='bbox 2867 2899 3160 2968; x_wconf 90' lang='lat' dir='ltr'><strong>quamdam</strong></span> <span class='ocrx_word' id='word_1_530' title='bbox 3191 2906 3381 2954; x_wconf 87' lang='lat' dir='ltr'><strong>aucto-</strong></span> 
     </span>
    </p>
   </div>
   <div class='ocr_carea' id='block_1_72' title="bbox 1808 2986 3380 3061">
    <p class='ocr_par' dir='ltr' id='par_1_72' title="bbox 1808 2986 3380 3061">
     <span class='ocr_line' id='line_1_72' title="bbox 1808 2986 3380 3061; baseline 0.005 -21"><span class='ocrx_word' id='word_1_531' title='bbox 1808 2986 2025 3041; x_wconf 89' lang='lat' dir='ltr'><strong>ritatem</strong></span> <span class='ocrx_word' id='word_1_532' title='bbox 2064 2988 2513 3061; x_wconf 57' lang='lat' dir='ltr'><strong>sancti‘Gregorii</strong></span> <span class='ocrx_word' id='word_1_533' title='bbox 2545 2988 2939 3061; x_wconf 85' lang='lat' dir='ltr'><strong>Thaumaturgi</strong></span> <span class='ocrx_word' id='word_1_534' title='bbox 2976 3007 3044 3047; x_wconf 81' lang='lat' dir='ltr'><strong>ex</strong></span> <span class='ocrx_word' id='word_1_535' title='bbox 3074 2992 3221 3048; x_wconf 91' lang='lat' dir='ltr'><strong>illius</strong></span> <span class='ocrx_word' id='word_1_536' title='bbox 3253 3009 3380 3048; x_wconf 78' lang='lat' dir='ltr'><strong>con-</strong></span> 
     </span>
    </p>
   </div>
   <div class='ocr_carea' id='block_1_73' title="bbox 1810 3077 3378 3155">
    <p class='ocr_par' dir='ltr' id='par_1_73' title="bbox 1810 3077 3378 3155">
     <span class='ocr_line' id='line_1_73' title="bbox 1810 3077 3378 3155; baseline 0.006 -24"><span class='ocrx_word' id='word_1_537' title='bbox 1810 3077 2032 3147; x_wconf 79' lang='lat' dir='ltr'><strong>fessione</strong></span> <span class='ocrx_word' id='word_1_538' title='bbox 2070 3080 2195 3149; x_wconf 80' lang='lat' dir='ltr'><strong>ﬁdei</strong></span> <span class='ocrx_word' id='word_1_539' title='bbox 2240 3080 2338 3152; x_wconf 83' lang='grc' dir='ltr'><strong>τῆς</strong></span> <span class='ocrx_word' id='word_1_540' title='bbox 2376 3080 2516 3135; x_wconf 81' lang='grc' dir='ltr'>κατὰ</span> <span class='ocrx_word' id='word_1_541' title='bbox 2553 3081 2734 3154; x_wconf 80' lang='grc' dir='ltr'><strong>μέρος.</strong></span> <span class='ocrx_word' id='word_1_542' title='bbox 2791 3082 2914 3137; x_wconf 86' lang='grc' dir='ltr'><strong>Νοη</strong></span> <span class='ocrx_word' id='word_1_543' title='bbox 2946 3086 3081 3139; x_wconf 86' lang='lat' dir='ltr'><strong>duas</strong></span> <span class='ocrx_word' id='word_1_544' title='bbox 3106 3102 3378 3155; x_wconf 79' lang='lat' dir='ltr'><strong>personas,</strong></span> 
     </span>
    </p>
   </div>
   <div class='ocr_carea' id='block_1_74' title="bbox 1810 3170 3380 3244">
    <p class='ocr_par' dir='ltr' id='par_1_74' title="bbox 1810 3170 3380 3244">
     <span class='ocr_line' id='line_1_74' title="bbox 1810 3170 3380 3244; baseline 0.006 -21"><span class='ocrx_word' id='word_1_545' title='bbox 1810 3170 2006 3239; x_wconf 84' lang='lat' dir='ltr'><strong>lnquit,</strong></span> <span class='ocrx_word' id='word_1_546' title='bbox 2043 3187 2144 3226; x_wconf 84' lang='lat' dir='ltr'><strong>non</strong></span> <span class='ocrx_word' id='word_1_547' title='bbox 2183 3171 2317 3226; x_wconf 85' lang='lat' dir='ltr'><strong>duas</strong></span> <span class='ocrx_word' id='word_1_548' title='bbox 2358 3182 2576 3227; x_wconf 81' lang='lat' dir='ltr'><strong>naturas</strong></span> <span class='ocrx_word' id='word_1_549' title='bbox 2602 3190 2623 3229; x_wconf 85' lang='lat'><strong><em>:</em></strong></span> <span class='ocrx_word' id='word_1_550' title='bbox 2656 3176 2781 3244; x_wconf 84' lang='lat' dir='ltr'><strong>quia</strong></span> <span class='ocrx_word' id='word_1_551' title='bbox 2823 3192 2925 3229; x_wconf 89' lang='lat' dir='ltr'><strong>non</strong></span> <span class='ocrx_word' id='word_1_552' title='bbox 2954 3176 3231 3231; x_wconf 85' lang='lat' dir='ltr'><strong>adoranda</strong></span> <span class='ocrx_word' id='word_1_553' title='bbox 3255 3188 3380 3232; x_wconf 80' lang='lat' dir='ltr'><strong>sunt</strong></span> 
     </span>
    </p>
   </div>
   <div class='ocr_carea' id='block_1_75' title="bbox 1807 3266 3380 3343">
    <p class='ocr_par' dir='ltr' id='par_1_75' title="bbox 1807 3266 3380 3343">
     <span class='ocr_line' id='line_1_75' title="bbox 1807 3266 3380 3343; baseline 0.006 -25"><span class='ocrx_word' id='word_1_554' title='bbox 1807 3277 2052 3336; x_wconf 78' lang='lat' dir='ltr'><strong>quatuor.</strong></span> <span class='ocrx_word' id='word_1_555' title='bbox 2099 3266 2168 3321; x_wconf 90' lang='lat' dir='ltr'><strong>Et</strong></span> <span class='ocrx_word' id='word_1_556' title='bbox 2214 3268 2319 3321; x_wconf 90' lang='lat' dir='ltr'><strong>alia</strong></span> <span class='ocrx_word' id='word_1_557' title='bbox 2364 3283 2485 3338; x_wconf 68' lang='lat' dir='ltr'><strong>quae</strong></span> <span class='ocrx_word' id='word_1_558' title='bbox 2525 3279 2849 3340; x_wconf 87' lang='lat' dir='ltr'><strong>sequuntur.</strong></span> <span class='ocrx_word' id='word_1_559' title='bbox 2902 3272 2983 3326; x_wconf 80' lang='lat' dir='ltr'><strong>Ad</strong></span> <span class='ocrx_word' id='word_1_560' title='bbox 3030 3273 3135 3327; x_wconf 91' lang='lat' dir='ltr'><strong>hoc</strong></span> <span class='ocrx_word' id='word_1_561' title='bbox 3161 3288 3380 3343; x_wconf 89' lang='lat' dir='ltr'><strong>quoque</strong></span> 
     </span>
    </p>
   </div>
   <div class='ocr_carea' id='block_1_76' title="bbox 1806 3356 3376 3429">
    <p class='ocr_par' dir='ltr' id='par_1_76' title="bbox 1806 3356 3376 3429">
     <span class='ocr_line' id='line_1_76' title="bbox 1806 3356 3376 3429; baseline 0.006 -18"><span class='ocrx_word' id='word_1_562' title='bbox 1806 3356 2240 3426; x_wconf 90' lang='lat' dir='ltr'><strong>respondemus,</strong></span> <span class='ocrx_word' id='word_1_563' title='bbox 2288 3360 2526 3429; x_wconf 83' lang='lat' dir='ltr'><strong>primum</strong></span> <span class='ocrx_word' id='word_1_564' title='bbox 2581 3362 2647 3416; x_wconf 91' lang='lat' dir='ltr'><strong>de</strong></span> <span class='ocrx_word' id='word_1_565' title='bbox 2692 3362 2794 3417; x_wconf 89' lang='lat' dir='ltr'><strong>hac</strong></span> <span class='ocrx_word' id='word_1_566' title='bbox 2837 3363 3024 3418; x_wconf 92' lang='lat' dir='ltr'><strong>itidem</strong></span> <span class='ocrx_word' id='word_1_567' title='bbox 3071 3364 3376 3420; x_wconf 88' lang='lat' dir='ltr'><strong>dubitatum</strong></span> 
     </span>
    </p>
   </div>
   <div class='ocr_carea' id='block_1_77' title="bbox 1804 3448 3379 3527">
    <p class='ocr_par' dir='ltr' id='par_1_77' title="bbox 1804 3448 3379 3527">
     <span class='ocr_line' id='line_1_77' title="bbox 1804 3448 3379 3527; baseline 0.005 -25"><span class='ocrx_word' id='word_1_568' title='bbox 1804 3448 1949 3517; x_wconf 89' lang='lat' dir='ltr'><strong>apud</strong></span> <span class='ocrx_word' id='word_1_569' title='bbox 1974 3449 2331 3519; x_wconf 88' lang='lat' dir='ltr'><strong>antiquiores,</strong></span> <span class='ocrx_word' id='word_1_570' title='bbox 2361 3466 2428 3505; x_wconf 91' lang='lat' dir='ltr'><strong>an</strong></span> <span class='ocrx_word' id='word_1_571' title='bbox 2460 3451 2530 3506; x_wconf 91' lang='lat' dir='ltr'><strong>sit</strong></span> <span class='ocrx_word' id='word_1_572' title='bbox 2553 3451 2822 3522; x_wconf 88' lang='lat' dir='ltr'><strong>Gregorii.</strong></span> <span class='ocrx_word' id='word_1_573' title='bbox 2856 3454 3061 3510; x_wconf 89' lang='lat' dir='ltr'><strong>Deinde</strong></span> <span class='ocrx_word' id='word_1_574' title='bbox 3082 3455 3379 3527; x_wconf 79' lang='lat' dir='ltr'><strong>Gregorius</strong></span> 
     </span>
    </p>
   </div>
   <div class='ocr_carea' id='block_1_78' title="bbox 1805 3539 3375 3618">
    <p class='ocr_par' dir='ltr' id='par_1_78' title="bbox 1805 3539 3375 3618">
     <span class='ocr_line' id='line_1_78' title="bbox 1805 3539 3375 3618; baseline 0.006 -24"><span class='ocrx_word' id='word_1_575' title='bbox 1805 3539 2090 3613; x_wconf 79' lang='lat' dir='ltr'><strong>Nyssenus</strong></span> <span class='ocrx_word' id='word_1_576' title='bbox 2161 3543 2467 3598; x_wconf 86' lang='lat' dir='ltr'><strong>orationem</strong></span> <span class='ocrx_word' id='word_1_577' title='bbox 2514 3545 2581 3599; x_wconf 89' lang='lat' dir='ltr'><strong>de</strong></span> <span class='ocrx_word' id='word_1_578' title='bbox 2628 3543 3041 3618; x_wconf 86' lang='lat' dir='ltr'><strong>Thaumaturgo</strong></span> <span class='ocrx_word' id='word_1_579' title='bbox 3092 3546 3375 3603; x_wconf 84' lang='lat' dir='ltr'><strong>funebrem</strong></span> 
     </span>
    </p>
   </div>
   <div class='ocr_carea' id='block_1_79' title="bbox 1805 3637 3378 3712">
    <p class='ocr_par' dir='ltr' id='par_1_79' title="bbox 1805 3637 3378 3712">
     <span class='ocr_line' id='line_1_79' title="bbox 1805 3637 3378 3712; baseline 0.006 -21"><span class='ocrx_word' id='word_1_580' title='bbox 1805 3637 2075 3704; x_wconf 87' lang='lat' dir='ltr'><strong>scribens,</strong></span> <span class='ocrx_word' id='word_1_581' title='bbox 2111 3638 2321 3693; x_wconf 91' lang='lat' dir='ltr'><strong>nullum</strong></span> <span class='ocrx_word' id='word_1_582' title='bbox 2363 3639 2438 3694; x_wconf 89' lang='lat' dir='ltr'><strong>ait</strong></span> <span class='ocrx_word' id='word_1_583' title='bbox 2477 3655 2616 3710; x_wconf 93' lang='lat' dir='ltr'><strong>opus</strong></span> <span class='ocrx_word' id='word_1_584' title='bbox 2656 3641 2830 3712; x_wconf 90' lang='lat' dir='ltr'><strong>ipsius</strong></span> <span class='ocrx_word' id='word_1_585' title='bbox 2873 3643 2927 3697; x_wconf 94' lang='lat' dir='ltr'><strong>in</strong></span> <span class='ocrx_word' id='word_1_586' title='bbox 2963 3643 3218 3700; x_wconf 86' lang='lat' dir='ltr'><strong>manibus</strong></span> <span class='ocrx_word' id='word_1_587' title='bbox 3256 3659 3378 3702; x_wconf 89' lang='lat' dir='ltr'><strong>esse</strong></span> 
     </span>
    </p>
   </div>
   <div class='ocr_carea' id='block_1_80' title="bbox 1804 3730 3371 3807">
    <p class='ocr_par' dir='ltr' id='par_1_80' title="bbox 1804 3730 3371 3807">
     <span class='ocr_line' id='line_1_80' title="bbox 1804 3730 3371 3807; baseline 0.006 -24"><span class='ocrx_word' id='word_1_588' title='bbox 1804 3738 1998 3798; x_wconf 60' lang='lat' dir='ltr'><strong>prater</strong></span> <span class='ocrx_word' id='word_1_589' title='bbox 2021 3730 2192 3785; x_wconf 88' lang='lat' dir='ltr'><strong>solam</strong></span> <span class='ocrx_word' id='word_1_590' title='bbox 2226 3731 2436 3796; x_wconf 89' lang='lat' dir='ltr'><strong>Fidem,</strong></span> <span class='ocrx_word' id='word_1_591' title='bbox 2470 3748 2633 3803; x_wconf 90' lang='lat' dir='ltr'><strong>quam</strong></span> <span class='ocrx_word' id='word_1_592' title='bbox 2657 3734 2710 3788; x_wconf 90' lang='lat' dir='ltr'><strong>in</strong></span> <span class='ocrx_word' id='word_1_593' title='bbox 2738 3734 2946 3791; x_wconf 91' lang='lat' dir='ltr'><strong>visione</strong></span> <span class='ocrx_word' id='word_1_594' title='bbox 2975 3736 3371 3807; x_wconf 65' lang='lat' dir='ltr'><strong>conspexerit.»</strong></span> 
     </span>
    </p>
   </div>
   <div class='ocr_carea' id='block_1_81' title="bbox 1804 3821 3377 3898">
    <p class='ocr_par' dir='ltr' id='par_1_81' title="bbox 1804 3821 3377 3898">
     <span class='ocr_line' id='line_1_81' title="bbox 1804 3821 3377 3898; baseline 0.005 -22"><span class='ocrx_word' id='word_1_595' title='bbox 1804 3821 1915 3877; x_wconf 83' lang='lat' dir='ltr'><strong>Nec</strong></span> <span class='ocrx_word' id='word_1_596' title='bbox 1951 3823 2097 3879; x_wconf 90' lang='lat' dir='ltr'><strong>aliud</strong></span> <span class='ocrx_word' id='word_1_597' title='bbox 2137 3825 2377 3881; x_wconf 90' lang='lat' dir='ltr'><strong>sensisse</strong></span> <span class='ocrx_word' id='word_1_598' title='bbox 2410 3825 2697 3897; x_wconf 84' lang='lat' dir='ltr'><strong>Eulogium</strong></span> <span class='ocrx_word' id='word_1_599' title='bbox 2740 3828 3108 3898; x_wconf 88' lang='lat' dir='ltr'><strong>patriarcbam</strong></span> <span class='ocrx_word' id='word_1_600' title='bbox 3138 3830 3377 3886; x_wconf 80' lang='lat' dir='ltr'><strong>Alexan-</strong></span> 
     </span>
    </p>
   </div>
   <div class='ocr_carea' id='block_1_82' title="bbox 1803 3912 3377 3988">
    <p class='ocr_par' dir='ltr' id='par_1_82' title="bbox 1803 3912 3377 3988">
     <span class='ocr_line' id='line_1_82' title="bbox 1803 3912 3377 3988; baseline 0.006 -20"><span class='ocrx_word' id='word_1_601' title='bbox 1803 3912 2020 3969; x_wconf 77' lang='lat' dir='ltr'><strong>drinum</strong></span> <span class='ocrx_word' id='word_1_602' title='bbox 2049 3916 2320 3988; x_wconf 84' lang='lat' dir='ltr'><strong>colligitur</strong></span> <span class='ocrx_word' id='word_1_603' title='bbox 2347 3932 2413 3972; x_wconf 84' lang='lat' dir='ltr'><strong>ex</strong></span> <span class='ocrx_word' id='word_1_604' title='bbox 2444 3919 2877 3974; x_wconf 86' lang='lat' dir='ltr'><strong>oratione.illius</strong></span> <span class='ocrx_word' id='word_1_605' title='bbox 2903 3922 3057 3975; x_wconf 89' lang='lat' dir='ltr'><strong>tertia</strong></span> <span class='ocrx_word' id='word_1_606' title='bbox 3114 3921 3377 3977; x_wconf 87' lang='lat' dir='ltr'><strong>adversus</strong></span> 
     </span>
    </p>
   </div>
   <div class='ocr_carea' id='block_1_83' title="bbox 1803 4005 3377 4077">
    <p class='ocr_par' dir='ltr' id='par_1_83' title="bbox 1803 4005 3377 4077">
     <span class='ocr_line' id='line_1_83' title="bbox 1803 4005 3377 4077; baseline 0.009 -18"><span class='ocrx_word' id='word_1_607' title='bbox 1803 4005 2199 4064; x_wconf 88' lang='lat' dir='ltr'><strong>calumniantes</strong></span> <span class='ocrx_word' id='word_1_608' title='bbox 2226 4018 2443 4065; x_wconf 87' lang='lat' dir='ltr'><strong>sanctos</strong></span> <span class='ocrx_word' id='word_1_609' title='bbox 2467 4008 2676 4077; x_wconf 86' lang='lat' dir='ltr'><strong>Patres,</strong></span> <span class='ocrx_word' id='word_1_610' title='bbox 2719 4022 2774 4067; x_wconf 84' lang='lat' dir='ltr'><strong>et</strong></span> <span class='ocrx_word' id='word_1_611' title='bbox 2820 4015 3111 4069; x_wconf 91' lang='lat' dir='ltr'><strong>concilium</strong></span> <span class='ocrx_word' id='word_1_612' title='bbox 3147 4014 3377 4073; x_wconf 86' lang='lat' dir='ltr'><strong>Chalce-</strong></span> 
     </span>
    </p>
   </div>
   <div class='ocr_carea' id='block_1_84' title="bbox 1804 4098 3376 4178">
    <p class='ocr_par' dir='ltr' id='par_1_84' title="bbox 1804 4098 3376 4178">
     <span class='ocr_line' id='line_1_84' title="bbox 1804 4098 3376 4178; baseline 0.007 -26"><span class='ocrx_word' id='word_1_613' title='bbox 1804 4098 2044 4153; x_wconf 88' lang='lat' dir='ltr'><strong>donense</strong></span> <span class='ocrx_word' id='word_1_614' title='bbox 2086 4099 2186 4171; x_wconf 93' lang='lat'><strong>(7),</strong></span> <span class='ocrx_word' id='word_1_615' title='bbox 2233 4117 2356 4156; x_wconf 91' lang='lat' dir='ltr'><strong>cum</strong></span> <span class='ocrx_word' id='word_1_616' title='bbox 2392 4101 2522 4157; x_wconf 91' lang='lat' dir='ltr'><strong>dicit</strong></span> <span class='ocrx_word' id='word_1_617' title='bbox 2557 4121 2571 4158; x_wconf 89' lang='lat'><strong>:</strong></span> <span class='ocrx_word' id='word_1_618' title='bbox 2603 4104 2746 4157; x_wconf 84' lang='grc' dir='ltr'><strong>Εἰδέ</strong></span> <span class='ocrx_word' id='word_1_619' title='bbox 2784 4122 2868 4170; x_wconf 86' lang='grc' dir='ltr'>τις</span> <span class='ocrx_word' id='word_1_620' title='bbox 2893 4108 3027 4178; x_wconf 79' lang='grc' dir='ltr'><strong>ἡμῖν</strong></span> <span class='ocrx_word' id='word_1_621' title='bbox 3060 4106 3376 4163; x_wconf 84' lang='grc' dir='ltr'>Ἀθανάσιον</span> 
     </span>
    </p>
   </div>
   <div class='ocr_carea' id='block_1_85' title="bbox 1806 4187 3376 4268">
    <p class='ocr_par' dir='ltr' id='par_1_85' title="bbox 1806 4187 3376 4268">
     <span class='ocr_line' id='line_1_85' title="bbox 1806 4187 3376 4268; baseline 0.01 -30"><span class='ocrx_word' id='word_1_622' title='bbox 1806 4188 1863 4238; x_wconf 83' lang='grc' dir='ltr'>ὲν</span> <span class='ocrx_word' id='word_1_623' title='bbox 1901 4187 1980 4258; x_wconf 83' lang='grc' dir='ltr'><strong>τῷ</strong></span> <span class='ocrx_word' id='word_1_624' title='bbox 2004 4188 2146 4257; x_wconf 77' lang='grc' dir='ltr'><strong>Περὶ</strong></span> <span class='ocrx_word' id='word_1_625' title='bbox 2188 4191 2549 4259; x_wconf 80' lang='grc' dir='ltr'><strong>σαρκώσεως</strong></span> <span class='ocrx_word' id='word_1_626' title='bbox 2578 4193 2900 4268; x_wconf 80' lang='grc' dir='ltr'><strong>προκομίζει</strong></span> <span class='ocrx_word' id='word_1_627' title='bbox 2945 4195 3104 4267; x_wconf 82' lang='grc' dir='ltr'>λόγῳ,</span> <span class='ocrx_word' id='word_1_628' title='bbox 3151 4197 3245 4253; x_wconf 72' lang='grc' dir='ltr'><strong>καὶ</strong></span> <span class='ocrx_word' id='word_1_629' title='bbox 3282 4198 3376 4253; x_wconf 74' lang='grc' dir='ltr'>τὸν</span> 
     </span>
    </p>
   </div>
   <div class='ocr_carea' id='block_1_86' title="bbox 1802 4278 3376 4359">
    <p class='ocr_par' dir='ltr' id='par_1_86' title="bbox 1802 4278 3376 4359">
     <span class='ocr_line' id='line_1_86' title="bbox 1802 4278 3376 4359; baseline 0.01 -29"><span class='ocrx_word' id='word_1_630' title='bbox 1802 4278 2231 4352; x_wconf 76' lang='grc' dir='ltr'>Νεοκαισαρείας</span> <span class='ocrx_word' id='word_1_631' title='bbox 2276 4283 2571 4356; x_wconf 75' lang='grc' dir='ltr'>Γρηγὸριον</span> <span class='ocrx_word' id='word_1_632' title='bbox 2616 4286 2675 4339; x_wconf 78' lang='grc' dir='ltr'>ὲν</span> <span class='ocrx_word' id='word_1_633' title='bbox 2732 4285 2809 4357; x_wconf 82' lang='grc' dir='ltr'>τῷ</span> <span class='ocrx_word' id='word_1_634' title='bbox 2859 4288 3000 4355; x_wconf 80' lang='grc' dir='ltr'><strong>Περὶ</strong></span> <span class='ocrx_word' id='word_1_635' title='bbox 3062 4287 3171 4359; x_wconf 80' lang='grc' dir='ltr'><strong>τῆς</strong></span> <span class='ocrx_word' id='word_1_636' title='bbox 3226 4289 3376 4357; x_wconf 74' lang='grc' dir='ltr'><strong>κατὰ</strong></span> 
     </span>
    </p>
   </div>
   <div class='ocr_carea' id='block_1_87' title="bbox 1794 4370 3374 4457">
    <p class='ocr_par' dir='ltr' id='par_1_87' title="bbox 1794 4370 3374 4457">
     <span class='ocr_line' id='line_1_87' title="bbox 1794 4370 3374 4457; baseline 0.008 -33"><span class='ocrx_word' id='word_1_637' title='bbox 1794 4370 1977 4440; x_wconf 83' lang='grc' dir='ltr'><strong>μέρος</strong></span> <span class='ocrx_word' id='word_1_638' title='bbox 2008 4374 2286 4441; x_wconf 80' lang='grc' dir='ltr'><strong>πίστεως,</strong></span> <span class='ocrx_word' id='word_1_639' title='bbox 2322 4376 2415 4428; x_wconf 81' lang='grc' dir='ltr'>δύο</span> <span class='ocrx_word' id='word_1_640' title='bbox 2447 4376 2625 4447; x_wconf 80' lang='grc' dir='ltr'>λέγειν</span> <span class='ocrx_word' id='word_1_641' title='bbox 2659 4379 2987 4450; x_wconf 61' lang='grc' dir='ltr'><strong>⁸κωλύοντας</strong></span> <span class='ocrx_word' id='word_1_642' title='bbox 3017 4382 3111 4435; x_wconf 74' lang='grc' dir='ltr'>ἐπὶ</span> <span class='ocrx_word' id='word_1_643' title='bbox 3137 4383 3374 4457; x_wconf 82' lang='grc' dir='ltr'>Χριστοῦ</span> 
     </span>
    </p>
   </div>
   <div class='ocr_carea' id='block_1_88' title="bbox 1799 4462 3372 4539">
    <p class='ocr_par' dir='ltr' id='par_1_88' title="bbox 1799 4462 3372 4539">
     <span class='ocr_line' id='line_1_88' title="bbox 1799 4462 3372 4539; baseline 0.008 -23"><span class='ocrx_word' id='word_1_644' title='bbox 1799 4462 1897 4527; x_wconf 84' lang='grc' dir='ltr'><strong>τὰς</strong></span> <span class='ocrx_word' id='word_1_645' title='bbox 1922 4464 2130 4534; x_wconf 83' lang='grc' dir='ltr'>φύσεις,</span> <span class='ocrx_word' id='word_1_646' title='bbox 2155 4483 2209 4520; x_wconf 90' lang='grc' dir='ltr'><strong>κ.</strong></span> <span class='ocrx_word' id='word_1_647' title='bbox 2237 4485 2286 4521; x_wconf 87' lang='grc' dir='ltr'>τ.</span> <span class='ocrx_word' id='word_1_648' title='bbox 2310 4466 2359 4520; x_wconf 87' lang='grc' dir='ltr'><strong>λ.</strong></span> <span class='ocrx_word' id='word_1_649' title='bbox 2394 4486 2413 4519; x_wconf 86' lang='grc'><strong><em>‹</em></strong></span> <span class='ocrx_word' id='word_1_650' title='bbox 2445 4465 2502 4522; x_wconf 90' lang='lat' dir='ltr'><strong>Si</strong></span> <span class='ocrx_word' id='word_1_651' title='bbox 2531 4484 2656 4523; x_wconf 91' lang='lat' dir='ltr'><strong>vero</strong></span> <span class='ocrx_word' id='word_1_652' title='bbox 2680 4470 2803 4539; x_wconf 92' lang='lat' dir='ltr'><strong>quis</strong></span> <span class='ocrx_word' id='word_1_653' title='bbox 2833 4470 2992 4527; x_wconf 84' lang='lat' dir='ltr'><strong>nobis</strong></span> <span class='ocrx_word' id='word_1_654' title='bbox 3012 4473 3372 4529; x_wconf 86' lang='lat' dir='ltr'><strong>Athanasium</strong></span> 
     </span>
    </p>
   </div>
   <div class='ocr_carea' id='block_1_89' title="bbox 120 4519 1719 4637">
    <p class='ocr_par' dir='ltr' id='par_1_89' title="bbox 120 4519 1697 4637">
     <span class='ocr_line' id='line_1_89' title="bbox 120 4519 1697 4613; baseline 0.016 -41"><span class='ocrx_word' id='word_1_655' title='bbox 120 4519 252 4573; x_wconf 86' lang='lat' dir='ltr'><strong>sola</strong></span> <span class='ocrx_word' id='word_1_656' title='bbox 311 4520 483 4576; x_wconf 90' lang='lat' dir='ltr'><strong>animi</strong></span> <span class='ocrx_word' id='word_1_657' title='bbox 531 4525 860 4595; x_wconf 89' lang='lat' dir='ltr'><strong>cogitatione</strong></span> <span class='ocrx_word' id='word_1_658' title='bbox 918 4531 1217 4603; x_wconf 90' lang='lat' dir='ltr'><strong>distingui,</strong></span> <span class='ocrx_word' id='word_1_659' title='bbox 1266 4539 1409 4594; x_wconf 91' lang='lat' dir='ltr'><strong>unde</strong></span> <span class='ocrx_word' id='word_1_660' title='bbox 1458 4519 1697 4613; x_wconf 89' lang='lat' dir='ltr'><strong>suspicio</strong></span> 
     </span>
     <span class='ocr_line' id='line_1_90' title="bbox 120 4613 1448 4637; baseline 0 0"><span class='ocrx_word' id='word_1_661' title='bbox 120 4620 247 4637; x_wconf 66' lang='grc' dir='ltr'><strong>ιιι-..ι</strong></span> <span class='ocrx_word' id='word_1_662' title='bbox 283 4620 397 4637; x_wconf 68' lang='grc' dir='ltr'>ιιι-..ιο</span> <span class='ocrx_word' id='word_1_663' title='bbox 430 4626 455 4637; x_wconf 74' lang='grc' dir='ltr'><strong>ι.</strong></span> <span class='ocrx_word' id='word_1_664' title='bbox 479 4613 731 4637; x_wconf 65' lang='lat' dir='ltr'><strong>ﬂ_-_-_!_</strong></span> <span class='ocrx_word' id='word_1_665' title='bbox 768 4616 934 4637; x_wconf 33' lang='lat' dir='ltr'><strong>D__4_,,°</strong></span> <span class='ocrx_word' id='word_1_666' title='bbox 962 4620 976 4637; x_wconf 82' lang='lat' dir='ltr'><strong>I</strong></span> <span class='ocrx_word' id='word_1_667' title='bbox 1140 4625 1151 4636; x_wconf 77' lang='grc' dir='ltr'><strong>ο</strong></span> <span class='ocrx_word' id='word_1_668' title='bbox 1232 4626 1264 4637; x_wconf 70' lang='grc' dir='ltr'><strong>Α.</strong></span> <span class='ocrx_word' id='word_1_669' title='bbox 1305 4629 1319 4637; x_wconf 88' lang='grc'>.</span> <span class='ocrx_word' id='word_1_670' title='bbox 1374 4631 1448 4637; x_wconf 73' lang='grc' dir='ltr'><strong>η--</strong></span> 
     </span>
    </p>
   </div>
   <div class='ocr_carea' id='block_1_90' title="bbox 1805 4519 3371 4637">
    <p class='ocr_par' dir='ltr' id='par_1_90' title="bbox 1805 4519 3371 4637">
     <span class='ocr_line' id='line_1_91' title="bbox 1878 4519 3371 4539; baseline 0 -10"><span class='ocrx_word' id='word_1_671' title='bbox 1878 4519 1894 4527; x_wconf 89' lang='grc'><strong>-</strong></span> <span class='ocrx_word' id='word_1_672' title='bbox 1934 4519 1945 4534; x_wconf 92' lang='grc'><strong>.</strong></span> <span class='ocrx_word' id='word_1_673' title='bbox 2090 4519 2130 4529; x_wconf 89' lang='grc'><strong>.,</strong></span> <span class='ocrx_word' id='word_1_674' title='bbox 2200 4519 2206 4520; x_wconf 40' lang='grc' dir='ltr'><em>κ</em></span> <span class='ocrx_word' id='word_1_675' title='bbox 2252 4519 2259 4521; x_wconf 76' lang='lat'><strong>.</strong></span> <span class='ocrx_word' id='word_1_676' title='bbox 2458 4519 2502 4522; x_wconf 60' lang='grc' dir='ltr'>η</span> <span class='ocrx_word' id='word_1_677' title='bbox 2544 4519 2649 4523; x_wconf 44' lang='grc' dir='ltr'><strong>πρ-</strong></span> <span class='ocrx_word' id='word_1_678' title='bbox 2684 4519 2801 4539; x_wconf 48' lang='grc' dir='ltr'><strong>ν--</strong></span> <span class='ocrx_word' id='word_1_679' title='bbox 2833 4519 3371 4529; x_wconf 72' lang='lat'><strong>-------_---_--_--_...</strong></span> 
     </span>
     <span class='ocr_line' id='line_1_92' title="bbox 1805 4555 3371 4637; baseline 0.008 -28"><span class='ocrx_word' id='word_1_680' title='bbox 1805 4555 2041 4625; x_wconf 88' lang='lat' dir='ltr'><strong>proferat</strong></span> <span class='ocrx_word' id='word_1_681' title='bbox 2070 4558 2123 4611; x_wconf 90' lang='lat' dir='ltr'><strong>in</strong></span> <span class='ocrx_word' id='word_1_682' title='bbox 2158 4558 2297 4613; x_wconf 91' lang='lat' dir='ltr'><strong>libro</strong></span> <span class='ocrx_word' id='word_1_683' title='bbox 2330 4559 2409 4614; x_wconf 86' lang='lat' dir='ltr'><strong>De</strong></span> <span class='ocrx_word' id='word_1_684' title='bbox 2443 4561 2840 4631; x_wconf 84' lang='lat' dir='ltr'><strong>incarnatione;</strong></span> <span class='ocrx_word' id='word_1_685' title='bbox 2871 4565 3189 4637; x_wconf 84' lang='lat' dir='ltr'><strong>Gregorium</strong></span> <span class='ocrx_word' id='word_1_686' title='bbox 3243 4566 3371 4620; x_wconf 89' lang='lat' dir='ltr'><strong>item</strong></span> 
     </span>
    </p>
   </div>
   <div class='ocr_carea' id='block_1_91' title="bbox 116 4613 1702 4703">
    <p class='ocr_par' dir='ltr' id='par_1_91' title="bbox 116 4613 1702 4703">
     <span class='ocr_line' id='line_1_93' title="bbox 116 4613 1702 4703; baseline 0.019 -41"><span class='ocrx_word' id='word_1_687' title='bbox 116 4620 249 4664; x_wconf 86' lang='lat' dir='ltr'><strong>orta</strong></span> <span class='ocrx_word' id='word_1_688' title='bbox 280 4620 400 4666; x_wconf 88' lang='lat' dir='ltr'><strong>erat</strong></span> <span class='ocrx_word' id='word_1_689' title='bbox 429 4626 458 4666; x_wconf 91' lang='lat' dir='ltr'><strong>a</strong></span> <span class='ocrx_word' id='word_1_690' title='bbox 479 4613 738 4687; x_wconf 89' lang='lat' dir='ltr'><strong>Gregorio</strong></span> <span class='ocrx_word' id='word_1_691' title='bbox 766 4616 936 4675; x_wconf 83' lang='lat' dir='ltr'><strong>foveri</strong></span> <span class='ocrx_word' id='word_1_692' title='bbox 962 4620 1209 4680; x_wconf 57' lang='lat' dir='ltr'><strong>haeresim</strong></span> <span class='ocrx_word' id='word_1_693' title='bbox 1231 4626 1481 4696; x_wconf 88' lang='lat' dir='ltr'><strong>Sabellii;</strong></span> <span class='ocrx_word' id='word_1_694' title='bbox 1508 4649 1702 4703; x_wconf 90' lang='lat' dir='ltr'><strong>quam-</strong></span> 
     </span>
    </p>
   </div>
   <div class='ocr_carea' id='block_1_92' title="bbox 116 4703 1700 4794">
    <p class='ocr_par' dir='ltr' id='par_1_92' title="bbox 116 4703 1700 4794">
     <span class='ocr_line' id='line_1_94' title="bbox 116 4703 1700 4794; baseline 0.02 -40"><span class='ocrx_word' id='word_1_695' title='bbox 116 4703 321 4756; x_wconf 90' lang='lat' dir='ltr'><strong>ohrem</strong></span> <span class='ocrx_word' id='word_1_696' title='bbox 385 4719 509 4759; x_wconf 92' lang='lat' dir='ltr'><strong>eum</strong></span> <span class='ocrx_word' id='word_1_697' title='bbox 552 4706 784 4765; x_wconf 89' lang='lat' dir='ltr'><strong>Basilius</strong></span> <span class='ocrx_word' id='word_1_698' title='bbox 849 4726 880 4766; x_wconf 92' lang='lat' dir='ltr'><strong>a</strong></span> <span class='ocrx_word' id='word_1_699' title='bbox 928 4711 1329 4775; x_wconf 90' lang='lat' dir='ltr'><strong>Sabellianismi</strong></span> <span class='ocrx_word' id='word_1_700' title='bbox 1389 4727 1700 4794; x_wconf 87' lang='lat' dir='ltr'><strong>suspicione</strong></span> 
     </span>
    </p>
   </div>
   <div class='ocr_carea' id='block_1_93' title="bbox 114 4792 1699 4875">
    <p class='ocr_par' dir='ltr' id='par_1_93' title="bbox 114 4792 1699 4875">
     <span class='ocr_line' id='line_1_95' title="bbox 114 4792 1699 4875; baseline 0.018 -28"><span class='ocrx_word' id='word_1_701' title='bbox 114 4792 424 4851; x_wconf 84' lang='lat' dir='ltr'><strong>defendere</strong></span> <span class='ocrx_word' id='word_1_702' title='bbox 463 4800 774 4869; x_wconf 90' lang='lat' dir='ltr'><strong>contendit;</strong></span> <span class='ocrx_word' id='word_1_703' title='bbox 816 4803 910 4858; x_wconf 91' lang='lat' dir='ltr'><strong>sed</strong></span> <span class='ocrx_word' id='word_1_704' title='bbox 942 4803 1209 4863; x_wconf 79' lang='lat' dir='ltr'><strong>Vossiana</strong></span> <span class='ocrx_word' id='word_1_705' title='bbox 1255 4792 1551 4871; x_wconf 34' lang='lat' dir='ltr'><strong>Sabelliu&#39;m</strong></span> <span class='ocrx_word' id='word_1_706' title='bbox 1598 4837 1699 4875; x_wconf 91' lang='lat' dir='ltr'><strong>no-</strong></span> 
     </span>
    </p>
   </div>
   <div class='ocr_carea' id='block_1_94' title="bbox 118 4886 1699 4969">
    <p class='ocr_par' dir='ltr' id='par_1_94' title="bbox 118 4886 1699 4969">
     <span class='ocr_line' id='line_1_96' title="bbox 118 4886 1699 4969; baseline 0.02 -32"><span class='ocrx_word' id='word_1_707' title='bbox 118 4886 382 4940; x_wconf 89' lang='lat' dir='ltr'><strong>minatim</strong></span> <span class='ocrx_word' id='word_1_708' title='bbox 434 4888 655 4955; x_wconf 84' lang='lat' dir='ltr'><strong>refutat,</strong></span> <span class='ocrx_word' id='word_1_709' title='bbox 701 4908 878 4965; x_wconf 89' lang='lat' dir='ltr'><strong>neque</strong></span> <span class='ocrx_word' id='word_1_710' title='bbox 929 4913 1168 4969; x_wconf 88' lang='lat' dir='ltr'><strong>unquam</strong></span> <span class='ocrx_word' id='word_1_711' title='bbox 1219 4903 1349 4960; x_wconf 87' lang='lat' dir='ltr'><strong>dicit</strong></span> <span class='ocrx_word' id='word_1_712' title='bbox 1386 4906 1600 4965; x_wconf 88' lang='lat' dir='ltr'><strong>Patrem</strong></span> <span class='ocrx_word' id='word_1_713' title='bbox 1646 4923 1699 4969; x_wconf 90' lang='lat' dir='ltr'><strong>et</strong></span> 
     </span>
    </p>
   </div>
   <div class='ocr_carea' id='block_1_95' title="bbox 114 4977 1697 5076">
    <p class='ocr_par' dir='ltr' id='par_1_95' title="bbox 114 4977 1697 5076">
     <span class='ocr_line' id='line_1_97' title="bbox 114 4977 1697 5076; baseline 0.02 -45"><span class='ocrx_word' id='word_1_714' title='bbox 114 4977 329 5032; x_wconf 82' lang='lat' dir='ltr'><strong>Filium</strong></span> <span class='ocrx_word' id='word_1_715' title='bbox 360 4978 636 5049; x_wconf 80' lang='lat' dir='ltr'><strong>hypostasi</strong></span> <span class='ocrx_word' id='word_1_716' title='bbox 669 5002 791 5043; x_wconf 89' lang='lat' dir='ltr'><strong>esse</strong></span> <span class='ocrx_word' id='word_1_717' title='bbox 825 5005 1016 5060; x_wconf 88' lang='lat' dir='ltr'><strong>unum,</strong></span> <span class='ocrx_word' id='word_1_718' title='bbox 1047 5004 1099 5048; x_wconf 91' lang='lat' dir='ltr'><strong>et</strong></span> <span class='ocrx_word' id='word_1_719' title='bbox 1132 4998 1244 5052; x_wconf 91' lang='lat' dir='ltr'><strong>sola</strong></span> <span class='ocrx_word' id='word_1_720' title='bbox 1284 5001 1514 5060; x_wconf 90' lang='lat' dir='ltr'><strong>rationis</strong></span> <span class='ocrx_word' id='word_1_721' title='bbox 1545 5008 1697 5076; x_wconf 85' lang='lat' dir='ltr'><strong>cogi-</strong></span> 
     </span>
    </p>
   </div>
   <div class='ocr_carea' id='block_1_96' title="bbox 115 5071 1699 5153">
    <p class='ocr_par' dir='ltr' id='par_1_96' title="bbox 115 5071 1699 5153">
     <span class='ocr_line' id='line_1_98' title="bbox 115 5071 1699 5153; baseline 0.018 -28"><span class='ocrx_word' id='word_1_722' title='bbox 115 5071 336 5125; x_wconf 82' lang='lat' dir='ltr'><strong>latione</strong></span> <span class='ocrx_word' id='word_1_723' title='bbox 363 5071 656 5144; x_wconf 84' lang='lat' dir='ltr'><strong>distingui;</strong></span> <span class='ocrx_word' id='word_1_724' title='bbox 701 5081 793 5135; x_wconf 90' lang='lat' dir='ltr'><strong>sed</strong></span> <span class='ocrx_word' id='word_1_725' title='bbox 836 5093 1026 5141; x_wconf 89' lang='lat' dir='ltr'><strong>contra</strong></span> <span class='ocrx_word' id='word_1_726' title='bbox 1070 5088 1233 5153; x_wconf 87' lang='lat' dir='ltr'><strong>dicit,</strong></span> <span class='ocrx_word' id='word_1_727' title='bbox 1273 5091 1485 5149; x_wconf 84' lang='lat' dir='ltr'><strong>Patrem</strong></span> <span class='ocrx_word' id='word_1_728' title='bbox 1526 5106 1580 5152; x_wconf 88' lang='lat' dir='ltr'><strong>ct</strong></span> <span class='ocrx_word' id='word_1_729' title='bbox 1609 5071 1699 5153; x_wconf 73' lang='lat' dir='ltr'><strong>Ei-</strong></span> 
     </span>
    </p>
   </div>
   <div class='ocr_carea' id='block_1_97' title="bbox 111 5161 1693 5258">
    <p class='ocr_par' dir='ltr' id='par_1_97' title="bbox 111 5161 1693 5258">
     <span class='ocr_line' id='line_1_99' title="bbox 111 5161 1693 5258; baseline 0.02 -44"><span class='ocrx_word' id='word_1_730' title='bbox 111 5161 261 5217; x_wconf 87' lang='lat' dir='ltr'><strong>lium</strong></span> <span class='ocrx_word' id='word_1_731' title='bbox 296 5174 491 5221; x_wconf 88' lang='lat' dir='ltr'><strong>natura</strong></span> <span class='ocrx_word' id='word_1_732' title='bbox 520 5167 819 5228; x_wconf 86' lang='lat' dir='ltr'><strong>divinitatis</strong></span> <span class='ocrx_word' id='word_1_733' title='bbox 852 5190 972 5231; x_wconf 89' lang='lat' dir='ltr'><strong>esse</strong></span> <span class='ocrx_word' id='word_1_734' title='bbox 1010 5193 1203 5247; x_wconf 86' lang='lat' dir='ltr'><strong>unum,</strong></span> <span class='ocrx_word' id='word_1_735' title='bbox 1247 5192 1302 5238; x_wconf 91' lang='lat' dir='ltr'><strong>ct</strong></span> <span class='ocrx_word' id='word_1_736' title='bbox 1328 5200 1693 5258; x_wconf 88' lang='lat' dir='ltr'><strong>unamquam-</strong></span> 
     </span>
    </p>
   </div>
   <div class='ocr_carea' id='block_1_98' title="bbox 192 5323 1697 5411">
    <p class='ocr_par' dir='ltr' id='par_1_98' title="bbox 192 5323 1697 5411">
     <span class='ocr_line' id='line_1_100' title="bbox 192 5323 1697 5411; baseline 0.02 -36"><span class='ocrx_word' id='word_1_737' title='bbox 192 5324 278 5411; x_wconf 69' lang='grc' dir='ltr'><strong>(ξς)</strong></span> <span class='ocrx_word' id='word_1_738' title='bbox 317 5323 604 5411; x_wconf 80' lang='lat' dir='ltr'><strong>Egregium</strong></span> <span class='ocrx_word' id='word_1_739' title='bbox 649 5330 754 5411; x_wconf 81' lang='lat' dir='ltr'><strong>hoc</strong></span> <span class='ocrx_word' id='word_1_740' title='bbox 796 5349 898 5411; x_wconf 63' lang='lat' dir='ltr'><strong>nec</strong></span> <span class='ocrx_word' id='word_1_741' title='bbox 940 5336 1471 5411; x_wconf 12' lang='lat' dir='ltr'><strong>breveiopusculum</strong></span> <span class='ocrx_word' id='word_1_742' title='bbox 1513 5348 1697 5405; x_wconf 87' lang='lat' dir='ltr'><strong>Thau-</strong></span> 
     </span>
    </p>
   </div>
   <div class='ocr_carea' id='block_1_99' title="bbox 115 5400 1695 5489">
    <p class='ocr_par' dir='ltr' id='par_1_99' title="bbox 115 5400 1695 5489">
     <span class='ocr_line' id='line_1_101' title="bbox 115 5400 1695 5489; baseline 0.02 -44"><span class='ocrx_word' id='word_1_743' title='bbox 115 5400 518 5489; x_wconf 44' lang='lat' dir='ltr'><strong>maltprgivn‘os</strong></span> <span class='ocrx_word' id='word_1_744' title='bbox 556 5400 790 5483; x_wconf 73' lang='lat' dir='ltr'><strong>denique</strong></span> <span class='ocrx_word' id='word_1_745' title='bbox 824 5403 1007 5489; x_wconf 74' lang='lat' dir='ltr'><strong>Graece</strong></span> <span class='ocrx_word' id='word_1_746' title='bbox 1046 5400 1317 5489; x_wconf 71' lang='lat' dir='ltr'><strong>edidimus</strong></span> <span class='ocrx_word' id='word_1_747' title='bbox 1362 5431 1427 5489; x_wconf 68' lang='lat' dir='ltr'><strong>ex</strong></span> <span class='ocrx_word' id='word_1_748' title='bbox 1460 5400 1695 5489; x_wconf 55' lang='lat' dir='ltr'><strong>antiqui-0</strong></span> 
     </span>
    </p>
   </div>
   <div class='ocr_carea' id='block_1_100' title="bbox 113 5462 1691 5557">
    <p class='ocr_par' dir='ltr' id='par_1_100' title="bbox 113 5462 1691 5557">
     <span class='ocr_line' id='line_1_102' title="bbox 113 5462 1691 5557; baseline 0.019 -42"><span class='ocrx_word' id='word_1_749' title='bbox 113 5462 341 5517; x_wconf 52' lang='lat' dir='ltr'><strong>codice&#39;</strong></span> <span class='ocrx_word' id='word_1_750' title='bbox 364 5462 625 5523; x_wconf 85' lang='lat' dir='ltr'><strong>Vaticano</strong></span> <span class='ocrx_word' id='word_1_751' title='bbox 674 5462 726 5525; x_wconf 76' lang='lat' dir='ltr'><strong>in</strong></span> <span class='ocrx_word' id='word_1_752' title='bbox 752 5462 1324 5557; x_wconf 14' lang='lat' dir='ltr'><strong>lvo‘lt-tmhineﬂseptirno</strong></span> 
     </span>
    </p>
   </div>
   <div class='ocr_carea' id='block_1_101' title="bbox 114 5543 1175 5610">
    <p class='ocr_par' dir='ltr' id='par_1_101' title="bbox 114 5543 1175 5610">
     <span class='ocr_line' id='line_1_103' title="bbox 114 5543 1175 5610; baseline 0.016 -23"><span class='ocrx_word' id='word_1_753' title='bbox 114 5546 382 5610; x_wconf 51' lang='lat' dir='ltr'><strong>veteran},</strong></span> <span class='ocrx_word' id='word_1_754' title='bbox 406 5548 554 5610; x_wconf 84' lang='lat' dir='ltr'><strong>part.</strong></span> <span class='ocrx_word' id='word_1_755' title='bbox 585 5554 625 5603; x_wconf 89' lang='grc' dir='ltr'>ι,</span> <span class='ocrx_word' id='word_1_756' title='bbox 668 5556 721 5610; x_wconf 91' lang='lat' dir='ltr'><strong>p.</strong></span> <span class='ocrx_word' id='word_1_757' title='bbox 748 5543 991 5601; x_wconf 70' lang='lat'><strong>170-176.</strong></span> <span class='ocrx_word' id='word_1_758' title='bbox 1019 5543 1175 5605; x_wconf 62' lang='lat' dir='ltr'><strong>AJK</strong></span> 
     </span>
    </p>
   </div>
   <div class='ocr_carea' id='block_1_102' title="bbox 186 5602 1695 5700">
    <p class='ocr_par' dir='ltr' id='par_1_102' title="bbox 186 5602 1695 5700">
     <span class='ocr_line' id='line_1_104' title="bbox 186 5602 1695 5700; baseline 0.021 -46"><span class='ocrx_word' id='word_1_759' title='bbox 186 5602 744 5700; x_wconf 38' lang='lat' dir='ltr'><strong>Qnyujjtsmqpoque</strong></span> <span class='ocrx_word' id='word_1_760' title='bbox 774 5619 1039 5696; x_wconf 72' lang='lat' dir='ltr'><strong>opusculi,</strong></span> <span class='ocrx_word' id='word_1_761' title='bbox 1070 5602 1215 5700; x_wconf 76' lang='lat' dir='ltr'><strong>quod</strong></span> <span class='ocrx_word' id='word_1_762' title='bbox 1250 5622 1695 5700; x_wconf 79' lang='lat' dir='ltr'><strong>Tltaumaturgus</strong></span> 
     </span>
    </p>
   </div>
   <div class='ocr_carea' id='block_1_103' title="bbox 113 5674 1695 5837">
    <p class='ocr_par' dir='ltr' id='par_1_103' title="bbox 113 5674 1695 5837">
     <span class='ocr_line' id='line_1_105' title="bbox 117 5674 1695 5763; baseline 0.02 -40"><span class='ocrx_word' id='word_1_763' title='bbox 117 5674 350 5742; x_wconf 86' lang='lat' dir='ltr'><strong>scripsit</strong></span> <span class='ocrx_word' id='word_1_764' title='bbox 381 5674 458 5728; x_wconf 82' lang='lat' dir='ltr'><strong>De</strong></span> <span class='ocrx_word' id='word_1_765' title='bbox 484 5674 765 5745; x_wconf 74' lang='lat' dir='ltr'><strong>Trinitate,</strong></span> <span class='ocrx_word' id='word_1_766' title='bbox 808 5674 1695 5763; x_wconf 18' lang='lat' dir='ltr'><strong>insigne,nos‘fragme-ntum&#39;eod‘i:</strong></span> 
     </span>
     <span class='ocr_line' id='line_1_106' title="bbox 113 5744 1693 5837; baseline 0.02 -44"><span class='ocrx_word' id='word_1_767' title='bbox 113 5744 926 5837; x_wconf 38' lang='lat' dir='ltr'><strong>dignsAefncodicehArabiéo</strong></span> <span class='ocrx_word' id='word_1_768' title='bbox 959 5755 1083 5837; x_wconf 56' lang='lat' dir='ltr'><strong>Yet.</strong></span> <span class='ocrx_word' id='word_1_769' title='bbox 1114 5761 1207 5837; x_wconf 41' lang='lat' dir='ltr'><strong>“(in</strong></span> <span class='ocrx_word' id='word_1_770' title='bbox 1242 5780 1422 5837; x_wconf 68' lang='lat' dir='ltr'><strong>quam</strong></span> <span class='ocrx_word' id='word_1_771' title='bbox 1451 5767 1693 5837; x_wconf 85' lang='lat' dir='ltr'><strong>linguam</strong></span> 
     </span>
    </p>
   </div>
   <div class='ocr_carea' id='block_1_104' title="bbox 113 5814 1715 5917">
    <p class='ocr_par' dir='ltr' id='par_1_104' title="bbox 113 5814 1715 5917">
     <span class='ocr_line' id='line_1_107' title="bbox 113 5814 1715 5917; baseline 0.019 -50"><span class='ocrx_word' id='word_1_772' title='bbox 113 5814 254 5868; x_wconf 85' lang='lat' dir='ltr'><strong>olim</strong></span> <span class='ocrx_word' id='word_1_773' title='bbox 282 5826 609 5872; x_wconf 77' lang='lat' dir='ltr'><strong>conversum</strong></span> <span class='ocrx_word' id='word_1_774' title='bbox 644 5818 839 5893; x_wconf 84' lang='lat' dir='ltr'><strong>fuerat)</strong></span> <span class='ocrx_word' id='word_1_775' title='bbox 887 5822 1083 5896; x_wconf 75' lang='lat' dir='ltr'><strong>Spicit.&#39;</strong></span> <span class='ocrx_word' id='word_1_776' title='bbox 1105 5814 1715 5917; x_wconf 52' lang='lat' dir='ltr'><strong>Romfjii&#39;iin,&quot;§.°é§6§</strong></span> 
     </span>
    </p>
   </div>
   <div class='ocr_carea' id='block_1_105' title="bbox 1804 4646 3371 4727">
    <p class='ocr_par' dir='ltr' id='par_1_105' title="bbox 1804 4646 3371 4727">
     <span class='ocr_line' id='line_1_108' title="bbox 1804 4646 3371 4727; baseline 0.007 -26"><span class='ocrx_word' id='word_1_777' title='bbox 1804 4646 2275 4722; x_wconf 87' lang='lat' dir='ltr'><strong>Thaumaturgum</strong></span> <span class='ocrx_word' id='word_1_778' title='bbox 2319 4652 2372 4706; x_wconf 90' lang='lat' dir='ltr'><strong>in</strong></span> <span class='ocrx_word' id='word_1_779' title='bbox 2411 4652 2552 4708; x_wconf 87' lang='lat' dir='ltr'><strong>libro</strong></span> <span class='ocrx_word' id='word_1_780' title='bbox 2588 4653 2665 4708; x_wconf 88' lang='lat' dir='ltr'><strong>De</strong></span> <span class='ocrx_word' id='word_1_781' title='bbox 2720 4656 2824 4724; x_wconf 78' lang='lat' dir='ltr'><strong>ﬁde</strong></span> <span class='ocrx_word' id='word_1_782' title='bbox 2873 4658 3155 4712; x_wconf 73' lang='lat' dir='ltr'><strong>secundum</strong></span> <span class='ocrx_word' id='word_1_783' title='bbox 3194 4667 3371 4727; x_wconf 75' lang='lat' dir='ltr'><strong>partes</strong></span> 
     </span>
    </p>
   </div>
   <div class='ocr_carea' id='block_1_106' title="bbox 1800 4739 3373 4810">
    <p class='ocr_par' dir='ltr' id='par_1_106' title="bbox 1800 4739 3373 4810">
     <span class='ocr_line' id='line_1_109' title="bbox 1800 4739 3373 4810; baseline 0.006 -19"><span class='ocrx_word' id='word_1_784' title='bbox 1800 4739 2058 4809; x_wconf 73' lang='lat' dir='ltr'><strong>exposita,</strong></span> <span class='ocrx_word' id='word_1_785' title='bbox 2092 4741 2443 4810; x_wconf 88' lang='lat' dir='ltr'><strong>prohibentes</strong></span> <span class='ocrx_word' id='word_1_786' title='bbox 2487 4743 2623 4798; x_wconf 89' lang='lat' dir='ltr'><strong>duas</strong></span> <span class='ocrx_word' id='word_1_787' title='bbox 2655 4744 2709 4798; x_wconf 91' lang='lat' dir='ltr'><strong>in</strong></span> <span class='ocrx_word' id='word_1_788' title='bbox 2737 4743 2959 4800; x_wconf 88' lang='lat' dir='ltr'><strong>Christo</strong></span> <span class='ocrx_word' id='word_1_789' title='bbox 2998 4760 3244 4800; x_wconf 88' lang='lat' dir='ltr'><strong>asserere</strong></span> <span class='ocrx_word' id='word_1_790' title='bbox 3276 4762 3373 4800; x_wconf 84' lang='lat' dir='ltr'><strong>na-</strong></span> 
     </span>
    </p>
   </div>
   <div class='ocr_carea' id='block_1_107' title="bbox 1800 4831 3373 4907">
    <p class='ocr_par' dir='ltr' id='par_1_107' title="bbox 1800 4831 3373 4907">
     <span class='ocr_line' id='line_1_110' title="bbox 1800 4831 3373 4907; baseline 0.005 -23"><span class='ocrx_word' id='word_1_791' title='bbox 1800 4837 1976 4896; x_wconf 89' lang='lat' dir='ltr'><strong>turas,</strong></span> <span class='ocrx_word' id='word_1_792' title='bbox 2005 4850 2024 4884; x_wconf 69' lang='grc' dir='ltr'><strong>ι</strong></span> <span class='ocrx_word' id='word_1_793' title='bbox 2068 4841 2178 4887; x_wconf 90' lang='lat' dir='ltr'><strong>etc.</strong></span> <span class='ocrx_word' id='word_1_794' title='bbox 2226 4831 2293 4886; x_wconf 91' lang='lat' dir='ltr'><strong>Et</strong></span> <span class='ocrx_word' id='word_1_795' title='bbox 2327 4848 2394 4888; x_wconf 91' lang='lat' dir='ltr'><strong>ne</strong></span> <span class='ocrx_word' id='word_1_796' title='bbox 2418 4833 2484 4889; x_wconf 90' lang='lat' dir='ltr'><strong>de</strong></span> <span class='ocrx_word' id='word_1_797' title='bbox 2518 4834 2625 4888; x_wconf 89' lang='lat' dir='ltr'><strong>alia</strong></span> <span class='ocrx_word' id='word_1_798' title='bbox 2650 4850 2774 4889; x_wconf 92' lang='lat' dir='ltr'><strong>eum</strong></span> <span class='ocrx_word' id='word_1_799' title='bbox 2818 4835 2966 4906; x_wconf 91' lang='lat' dir='ltr'><strong>loqui</strong></span> <span class='ocrx_word' id='word_1_800' title='bbox 2996 4837 3235 4907; x_wconf 89' lang='lat' dir='ltr'><strong>suspicio</strong></span> <span class='ocrx_word' id='word_1_801' title='bbox 3260 4839 3373 4892; x_wconf 87' lang='lat' dir='ltr'><strong>ori-</strong></span> 
     </span>
    </p>
   </div>
   <div class='ocr_carea' id='block_1_108' title="bbox 1799 4921 3371 5000">
    <p class='ocr_par' dir='ltr' id='par_1_108' title="bbox 1799 4921 3371 5000">
     <span class='ocr_line' id='line_1_111' title="bbox 1799 4921 3371 5000; baseline 0.006 -26"><span class='ocrx_word' id='word_1_802' title='bbox 1799 4930 1971 4986; x_wconf 89' lang='lat' dir='ltr'><strong>retur,</strong></span> <span class='ocrx_word' id='word_1_803' title='bbox 2006 4921 2145 4977; x_wconf 89' lang='lat' dir='ltr'><strong>infra</strong></span> <span class='ocrx_word' id='word_1_804' title='bbox 2185 4938 2251 4977; x_wconf 79' lang='lat' dir='ltr'><strong>ex</strong></span> <span class='ocrx_word' id='word_1_805' title='bbox 2286 4923 2472 4978; x_wconf 87' lang='lat' dir='ltr'><strong>eadem</strong></span> <span class='ocrx_word' id='word_1_806' title='bbox 2512 4925 2617 4994; x_wconf 81' lang='lat' dir='ltr'><strong>ﬁde</strong></span> <span class='ocrx_word' id='word_1_807' title='bbox 2644 4927 2806 4981; x_wconf 89' lang='lat' dir='ltr'><strong>verba</strong></span> <span class='ocrx_word' id='word_1_808' title='bbox 2851 4927 2942 4981; x_wconf 92' lang='lat' dir='ltr'><strong>illa</strong></span> <span class='ocrx_word' id='word_1_809' title='bbox 2975 4927 3204 4998; x_wconf 91' lang='lat' dir='ltr'><strong>profert,</strong></span> <span class='ocrx_word' id='word_1_810' title='bbox 3248 4944 3371 5000; x_wconf 75' lang='lat' dir='ltr'><strong>quae</strong></span> 
     </span>
    </p>
   </div>
   <div class='ocr_carea' id='block_1_109' title="bbox 1798 5011 3368 5083">
    <p class='ocr_par' dir='ltr' id='par_1_109' title="bbox 1798 5011 3368 5083">
     <span class='ocr_line' id='line_1_112' title="bbox 1798 5011 3368 5083; baseline 0.006 -18"><span class='ocrx_word' id='word_1_811' title='bbox 1798 5011 2125 5082; x_wconf 85' lang='lat' dir='ltr'><strong>Apollinaris</strong></span> <span class='ocrx_word' id='word_1_812' title='bbox 2156 5014 2485 5083; x_wconf 89' lang='lat' dir='ltr'><strong>impietatem</strong></span> <span class='ocrx_word' id='word_1_813' title='bbox 2525 5018 2771 5073; x_wconf 86' lang='lat' dir='ltr'><strong>redolere</strong></span> <span class='ocrx_word' id='word_1_814' title='bbox 2804 5018 3127 5074; x_wconf 91' lang='lat' dir='ltr'><strong>videbantur</strong></span> <span class='ocrx_word' id='word_1_815' title='bbox 3157 5039 3171 5075; x_wconf 90' lang='lat'><strong>:</strong></span> <span class='ocrx_word' id='word_1_816' title='bbox 3206 5020 3268 5073; x_wconf 83' lang='grc' dir='ltr'><strong>Ἦ</strong></span> <span class='ocrx_word' id='word_1_817' title='bbox 3307 5020 3368 5075; x_wconf 68' lang='grc' dir='ltr'><strong>δὲ</strong></span> 
     </span>
    </p>
   </div>
   <div class='ocr_carea' id='block_1_110' title="bbox 1797 5104 3368 5186">
    <p class='ocr_par' dir='ltr' id='par_1_110' title="bbox 1797 5104 3368 5186">
     <span class='ocr_line' id='line_1_113' title="bbox 1797 5104 3368 5186; baseline 0.008 -30"><span class='ocrx_word' id='word_1_818' title='bbox 1797 5104 1888 5167; x_wconf 74' lang='grc' dir='ltr'><strong>τὸν</strong></span> <span class='ocrx_word' id='word_1_819' title='bbox 1918 5105 2341 5178; x_wconf 75' lang='grc' dir='ltr'>Θαυματουργὸν</span> <span class='ocrx_word' id='word_1_820' title='bbox 2369 5108 2666 5180; x_wconf 80' lang='grc' dir='ltr'>Γρηγόριον</span> <span class='ocrx_word' id='word_1_821' title='bbox 2695 5110 3102 5184; x_wconf 78' lang='grc' dir='ltr'><strong>ὑποϐαλλομένη</strong></span> <span class='ocrx_word' id='word_1_822' title='bbox 3150 5113 3368 5186; x_wconf 80' lang='grc' dir='ltr'>χρῆσις,</span> 
     </span>
    </p>
   </div>
   <div class='ocr_carea' id='block_1_111' title="bbox 1797 5196 3368 5280">
    <p class='ocr_par' dir='ltr' id='par_1_111' title="bbox 1797 5196 3368 5280">
     <span class='ocr_line' id='line_1_114' title="bbox 1797 5196 3368 5280; baseline 0.008 -31"><span class='ocrx_word' id='word_1_823' title='bbox 1797 5196 2012 5266; x_wconf 82' lang='grc' dir='ltr'>λέγεται</span> <span class='ocrx_word' id='word_1_824' title='bbox 2052 5199 2151 5269; x_wconf 82' lang='grc' dir='ltr'>μὲν</span> <span class='ocrx_word' id='word_1_825' title='bbox 2201 5200 2309 5271; x_wconf 77' lang='grc' dir='ltr'><strong>γὰρ</strong></span> <span class='ocrx_word' id='word_1_826' title='bbox 2334 5200 2538 5254; x_wconf 82' lang='grc' dir='ltr'>ἐκείνου</span> <span class='ocrx_word' id='word_1_827' title='bbox 2559 5240 2574 5265; x_wconf 89' lang='grc'><em>,</em></span> <span class='ocrx_word' id='word_1_828' title='bbox 2597 5202 2686 5258; x_wconf 85' lang='grc' dir='ltr'><strong>τὸν</strong></span> <span class='ocrx_word' id='word_1_829' title='bbox 2726 5203 2783 5257; x_wconf 80' lang='grc' dir='ltr'>δὲ</span> <span class='ocrx_word' id='word_1_830' title='bbox 2829 5205 3230 5280; x_wconf 82' lang='grc' dir='ltr'>Ἀπολλινὰριον</span> <span class='ocrx_word' id='word_1_831' title='bbox 3254 5207 3368 5259; x_wconf 74' lang='lat' dir='ltr'><strong>aia-</strong></span> 
     </span>
    </p>
   </div>
   <div class='ocr_carea' id='block_1_112' title="bbox 1797 5358 3365 5517">
    <p class='ocr_par' dir='ltr' id='par_1_112' title="bbox 1797 5358 3365 5517">
     <span class='ocr_line' id='line_1_115' title="bbox 1797 5358 3365 5517; baseline 0.003 -33"><span class='ocrx_word' id='word_1_832' title='bbox 2178 5429 2359 5517; x_wconf 45' lang='lat' dir='ltr'><strong>hoc&#39;et</strong></span> <span class='ocrx_word' id='word_1_833' title='bbox 2389 5433 2727 5517; x_wconf 68' lang='lat' dir='ltr'><strong>subsequens</strong></span> <span class='ocrx_word' id='word_1_834' title='bbox 2752 5433 2969 5517; x_wconf 63' lang='lat' dir='ltr'><strong>Eulogii</strong></span> <span class='ocrx_word' id='word_1_835' title='bbox 2980 5434 3365 5517; x_wconf 65' lang='lat' dir='ltr'><strong>testimonium</strong></span> 
     </span>
    </p>
   </div>
   <div class='ocr_carea' id='block_1_113' title="bbox 1795 5497 3363 5569">
    <p class='ocr_par' dir='ltr' id='par_1_113' title="bbox 1795 5497 3363 5569">
     <span class='ocr_line' id='line_1_116' title="bbox 1795 5497 3363 5569; baseline 0.005 -18"><span class='ocrx_word' id='word_1_836' title='bbox 1795 5497 2029 5554; x_wconf 49' lang='lat' dir='ltr'><strong>All&#39;atius</strong></span> <span class='ocrx_word' id='word_1_837' title='bbox 2065 5500 2173 5552; x_wconf 80' lang='grc' dir='ltr'><strong>ἀπὸ</strong></span> <span class='ocrx_word' id='word_1_838' title='bbox 2209 5501 2475 5569; x_wconf 82' lang='grc' dir='ltr'>στόματος</span> <span class='ocrx_word' id='word_1_839' title='bbox 2504 5497 2714 5559; x_wconf 81' lang='grc' dir='ltr'>Φὼτίου</span> <span class='ocrx_word' id='word_1_840' title='bbox 2761 5507 2815 5560; x_wconf 91' lang='lat' dir='ltr'><strong>in</strong></span> <span class='ocrx_word' id='word_1_841' title='bbox 2846 5497 3205 5569; x_wconf 70' lang='lat' dir='ltr'><strong>Bibliotheca,</strong></span> <span class='ocrx_word' id='word_1_842' title='bbox 3237 5508 3363 5561; x_wconf 87' lang='lat' dir='ltr'><strong>cod.</strong></span> 
     </span>
    </p>
   </div>
   <div class='ocr_carea' id='block_1_114' title="bbox 1794 5569 3370 5646">
    <p class='ocr_par' dir='ltr' id='par_1_114' title="bbox 1794 5569 3370 5646">
     <span class='ocr_line' id='line_1_117' title="bbox 1794 5569 3370 5646; baseline 0.006 -25"><span class='ocrx_word' id='word_1_843' title='bbox 1794 5582 1989 5646; x_wconf 74' lang='lat' dir='ltr'><strong>ccxxx,</strong></span> <span class='ocrx_word' id='word_1_844' title='bbox 2028 5584 2082 5638; x_wconf 93' lang='lat' dir='ltr'><strong>p.</strong></span> <span class='ocrx_word' id='word_1_845' title='bbox 2106 5569 2231 5646; x_wconf 56' lang='lat'><strong>_8§&#39;5.</strong></span> <span class='ocrx_word' id='word_1_846' title='bbox 2268 5569 2453 5642; x_wconf 83' lang='lat' dir='ltr'><strong>Neque</strong></span> <span class='ocrx_word' id='word_1_847' title='bbox 2480 5574 2624 5629; x_wconf 91' lang='lat' dir='ltr'><strong>enim</strong></span> <span class='ocrx_word' id='word_1_848' title='bbox 2659 5575 2961 5646; x_wconf 72' lang='lat' dir='ltr'><strong>illarum_il</strong></span> <span class='ocrx_word' id='word_1_849' title='bbox 2989 5574 3202 5646; x_wconf 84' lang='lat' dir='ltr'><strong>Eulogii</strong></span> <span class='ocrx_word' id='word_1_850' title='bbox 3242 5590 3370 5631; x_wconf 80' lang='lat' dir='ltr'><strong>ora-</strong></span> 
     </span>
    </p>
   </div>
   <div class='ocr_carea' id='block_1_115' title="bbox 1796 5639 3362 5769">
    <p class='ocr_par' dir='ltr' id='par_1_115' title="bbox 1796 5639 3362 5769">
     <span class='ocr_line' id='line_1_118' title="bbox 1796 5639 3362 5769; baseline 0.007 -79"><span class='ocrx_word' id='word_1_851' title='bbox 1796 5639 2003 5692; x_wconf 91' lang='lat' dir='ltr'><strong>tionum</strong></span> <span class='ocrx_word' id='word_1_852' title='bbox 2029 5640 2324 5708; x_wconf 87' lang='lat' dir='ltr'><strong>quidquam</strong></span> <span class='ocrx_word' id='word_1_853' title='bbox 2358 5639 2628 5713; x_wconf 69' lang='lat' dir='ltr'><strong>superest,</strong></span> <span class='ocrx_word' id='word_1_854' title='bbox 2652 5654 2846 5715; x_wconf 64' lang='lat' dir='ltr'><strong>praater</strong></span> <span class='ocrx_word' id='word_1_855' title='bbox 2871 5644 3048 5700; x_wconf 90' lang='lat' dir='ltr'><strong>Photii</strong></span> <span class='ocrx_word' id='word_1_856' title='bbox 3086 5639 3362 5769; x_wconf 59' lang='lat' dir='ltr'><strong>eicerlita.</strong></span> 
     </span>
     <span class='ocr_line' id='line_1_119' title="bbox 1796 5706 3362 5769; baseline 0.005 -8"><span class='ocrx_word' id='word_1_857' title='bbox 1796 5706 1905 5763; x_wconf 87' lang='lat' dir='ltr'><strong>Nos</strong></span> <span class='ocrx_word' id='word_1_858' title='bbox 1947 5717 2125 5763; x_wconf 89' lang='lat' dir='ltr'><strong>tamen</strong></span> <span class='ocrx_word' id='word_1_859' title='bbox 2171 5708 2367 5769; x_wconf 83' lang='lat' dir='ltr'><strong>Script.</strong></span> <span class='ocrx_word' id='word_1_860' title='bbox 2398 5723 2497 5768; x_wconf 86' lang='lat' dir='ltr'><strong>vet.</strong></span> <span class='ocrx_word' id='word_1_861' title='bbox 2537 5724 2574 5769; x_wconf 94' lang='lat' dir='ltr'><strong>t.</strong></span> <span class='ocrx_word' id='word_1_862' title='bbox 2605 5714 2716 5769; x_wconf 83' lang='lat' dir='ltr'><strong>VII.</strong></span> <span class='ocrx_word' id='word_1_863' title='bbox 2749 5723 2892 5769; x_wconf 79' lang='lat' dir='ltr'><strong>part.</strong></span> <span class='ocrx_word' id='word_1_864' title='bbox 2916 5731 2958 5769; x_wconf 79' lang='grc' dir='ltr'><strong>ι.</strong></span> <span class='ocrx_word' id='word_1_865' title='bbox 3002 5730 3057 5769; x_wconf 87' lang='lat' dir='ltr'><strong>n.</strong></span> <span class='ocrx_word' id='word_1_866' title='bbox 3083 5714 3207 5769; x_wconf 82' lang='grc'><strong>177.</strong></span> <span class='ocrx_word' id='word_1_867' title='bbox 3275 5714 3362 5769; x_wconf 84' lang='grc'><strong>78.</strong></span> 
     </span>
    </p>
   </div>
   <div class='ocr_carea' id='block_1_116' title="bbox 1792 5706 3366 5865">
    <p class='ocr_par' dir='ltr' id='par_1_116' title="bbox 1792 5706 3366 5865">
     <span class='ocr_line' id='line_1_120' title="bbox 1792 5706 3366 5785; baseline 0.005 -24"><span class='ocrx_word' id='word_1_868' title='bbox 1792 5706 1905 5763; x_wconf 88' lang='lat' dir='ltr'><strong>Nos</strong></span> <span class='ocrx_word' id='word_1_869' title='bbox 1947 5706 2125 5763; x_wconf 34' lang='lat' dir='ltr'><strong>tam-en</strong></span> <span class='ocrx_word' id='word_1_870' title='bbox 2171 5706 2367 5781; x_wconf 86' lang='lat' dir='ltr'><strong>Script.</strong></span> <span class='ocrx_word' id='word_1_871' title='bbox 2398 5706 2497 5768; x_wconf 73' lang='grc' dir='ltr'><strong>υὲι.</strong></span> <span class='ocrx_word' id='word_1_872' title='bbox 2537 5724 2574 5769; x_wconf 85' lang='grc' dir='ltr'>ι.</span> <span class='ocrx_word' id='word_1_873' title='bbox 2605 5706 2716 5782; x_wconf 73' lang='grc' dir='ltr'>νῑι,</span> <span class='ocrx_word' id='word_1_874' title='bbox 2749 5723 2892 5785; x_wconf 90' lang='lat' dir='ltr'><strong>part.</strong></span> <span class='ocrx_word' id='word_1_875' title='bbox 2916 5731 2958 5781; x_wconf 78' lang='grc' dir='ltr'>ι,</span> <span class='ocrx_word' id='word_1_876' title='bbox 3001 5730 3057 5785; x_wconf 92' lang='lat' dir='ltr'><strong>p.</strong></span> <span class='ocrx_word' id='word_1_877' title='bbox 3083 5714 3207 5781; x_wconf 76' lang='lat'><strong>177,</strong></span> <span class='ocrx_word' id='word_1_878' title='bbox 3239 5706 3366 5783; x_wconf 70' lang='grc'><strong>(78,</strong></span> 
     </span>
     <span class='ocr_line' id='line_1_121' title="bbox 1793 5777 3366 5865; baseline 0.009 -36"><span class='ocrx_word' id='word_1_879' title='bbox 1793 5777 2247 5865; x_wconf 38' lang='lat' dir='ltr'><strong>canalioEulogii</strong></span> <span class='ocrx_word' id='word_1_880' title='bbox 2291 5782 2602 5865; x_wconf 77' lang='lat' dir='ltr'><strong>dogmatico</strong></span> <span class='ocrx_word' id='word_1_881' title='bbox 2654 5800 2818 5865; x_wconf 75' lang='lat' dir='ltr'><strong>opere</strong></span> <span class='ocrx_word' id='word_1_882' title='bbox 2855 5802 2965 5843; x_wconf 89' lang='lat' dir='ltr'><strong>non</strong></span> <span class='ocrx_word' id='word_1_883' title='bbox 2994 5784 3366 5858; x_wconf 76' lang='lat' dir='ltr'><strong>spernendum</strong></span> 
     </span>
    </p>
   </div>
   <div class='ocr_carea' id='block_1_117' title="bbox 1794 5845 2729 5918">
    <p class='ocr_par' dir='ltr' id='par_1_117' title="bbox 1794 5845 2729 5918">
     <span class='ocr_line' id='line_1_122' title="bbox 1794 5845 2729 5918; baseline 0.017 -18"><span class='ocrx_word' id='word_1_884' title='bbox 1794 5845 2160 5912; x_wconf 75' lang='lat' dir='ltr'><strong>fragmentum</strong></span> <span class='ocrx_word' id='word_1_885' title='bbox 2175 5845 2537 5918; x_wconf 60' lang='lat' dir='ltr'><strong>protulimus.</strong></span> <span class='ocrx_word' id='word_1_886' title='bbox 2565 5855 2630 5910; x_wconf 80' lang='grc' dir='ltr'><strong>Α.</strong></span> <span class='ocrx_word' id='word_1_887' title='bbox 2654 5845 2729 5915; x_wconf 75' lang='grc' dir='ltr'><strong>Μ.</strong></span> 
     </span>
    </p>
   </div>
  </div>
