3876 6520
391 336 398 345 ’
493 360 630 417 ms

1368 360 1613 416 LEONIS
1648 357 1928 415 ALLATll
1965 356 2287 417 DIATRIBA
2324 360 2413 416 DE
2450 359 2863 417 THEODORIS.

3585 364 3723 421 ιεει

488 470 725 545 κομίζει,
768 471 1072 545 λατάςρορον
1112 475 1469 547 προϐάλλεται
1498 479 1597 549 τὴν
1619 477 1871 533 ἀτοπίαν·
1902 478 2049 547 λέγει

2150 479 2550 549 judicarentur,
2600 478 2646 533 si
2707 476 2797 531 ille
2846 484 3002 531 antea
3058 476 3360 546 probasset,
3410 478 3500 532 vel
3555 494 3721 532 unam

486 564 614 636 γάρ’
632 564 742 618 Kal
770 563 902 619 ἐστι
948 566 1090 631 Θεὸς
1126 567 1409 634 ἀληθινὸς
1440 572 1473 622 ὀ
1494 568 1758 637 ἄσαρκος
1779 572 1847 624 ἐν
1869 571 2049 639 σαρκὶ

487 654 877 726 φανερωθεὶς,
937 656 1163 723 τέλειος
1225 657 1298 726 τῇ
1358 660 1615 729 ἀληθινῇ
1664 662 1763 715 καὶ
1808 662 1935 729 θείᾳ
1960 679 2051 715 τε-

485 748 771 815 λειότητι,
810 749 882 801 οῠ
917 747 1025 801 δύο
1061 748 1367 816 πρόσωπα,
1398 750 1537 803 οὐδὲ
1560 751 1635 822 (8)
1666 751 1775 806 δύο
1803 754 2047 821 φύσεις’

485 836 627 892 οὐδὲ
655 838 762 907 ⁴ρὰρ
800 837 1099 906 τέσσαρας
1134 841 1498 906 προσκυνεῖν
1523 840 1793 911 λέγομεν.
1826 862 1844 895 ι
1873 842 2050 898 Testi-

486 929 728 982 monium
757 930 902 997 qnod
932 929 1177 999 Gregorii
1209 930 1597 1005 Thaumaturgi
1631 936 1850 990 nomine
1878 936 2051 1005 subji-

486 1021 644 1082 citur,
662 1018 804 1078 illius
820 1020 1034 1088 quidem
1060 1036 1180 1074 esse
1202 1022 1417 1089 dicitur,
1442 1026 1535 1079 sed
1552 1025 1880 1094 Apollinaris
1900 1044 2041 1094 esse,

487 1109 793 1165 absurditas
844 1111 933 1165 illa
995 1111 1282 1168 manifeste
1345 1115 1603 1170 declarat.
1665 1115 1835 1171 Habet
1868 1119 2045 1171 enim:

485 1199 555 1253 Et
585 1211 659 1255 est
692 1218 839 1255 verus
866 1202 1024 1268 Deus,
1047 1203 1136 1272 qui
1166 1219 1284 1257 cum
1307 1215 1439 1259 esset
1460 1207 1572 1259 sine
1596 1224 1751 1261 carne
1805 1210 1859 1261 in
1894 1224 2049 1262 carne

484 1293 752 1360 apparuit,
806 1293 1063 1362 perfectus
1111 1310 1231 1347 vera
1269 1294 1546 1365 divinaque
1574 1299 1905 1367 perlectione,
1946 1316 2047 1351 non

482 1385 601 1439 duae
619 1402 873 1455 persona,
889 1402 1047 1457 neque
1066 1386 1185 1440 dua:
1211 1398 1430 1452 naturw,
1470 1406 1629 1460 neque
1661 1392 1797 1444 enim
1822 1401 2049 1461 quatuor

484 1477 706 1531 adorare
738 1479 983 1533 dicimus.
1012 1497 1030 1529 ι
1080 1475 1204 1533 llam
1232 1487 1411 1534 autem
1447 1482 1609 1535 verba
1640 1482 1786 1552 leges
1820 1483 2045 1537 omnino

483 1568 538 1622 in
572 1570 812 1625 editione
853 1568 1148 1625 Parisiensi
1194 1568 1587 1642 Thaumaturgi
1638 1588 1760 1643 pag.
1797 1573 1893 1627 101
1944 1573 2041 1643 (9).

481 1660 729 1715 Monachi
774 1661 901 1715 item
928 1661 1226 1716 Palaestinae
1268 1662 1322 1716 in
1365 1664 1591 1732 epistola
1641 1665 1708 1718 ad
1734 1665 2044 1720 Alcisonem

481 1754 622 1823 apud
662 1752 948 1822 Evagrium
1000 1756 1092 1807 lib.
1145 1769 1245 1819 Ill,
1292 1770 1411 1825 cap.
1452 1756 1539 1809 5i:
1578 1756 1688 1809 Καὶ
1722 1757 1783 1809 οὐ
1827 1756 2043 1828 θαῦμα·

481 1841 580 1893 καὶ
617 1841 724 1912 γὰρ
752 1843 843 1894 καὶ
875 1842 1064 1911 λόγους
1097 1845 1354 1916 Πατέρων
1394 1844 1650 1907 πολλάκις
1682 1845 2043 1900 νενοθεύκασι’
2076 1832 2117 1885 Β
2148 1840 2481 1912 χαρίζοντες.

481 1930 710 1994 πολλοὺς
780 1932 836 1985 δὲ
896 1933 1297 2004 Ἀπολλιναρίου
1353 1934 1543 2004 λόγους
1603 1935 1901 2007 Ἀθανασίῳ
1952 1938 2047 1990 καὶ

479 2024 763 2096 Γρηγορίῳ
806 2025 885 2096 τῷ
928 2026 1354 2099 Θαυματουργῷ,
1405 2028 1497 2081 καὶ
1551 2028 1785 2098 Ἰουλίῳ,
1820 2028 1911 2082 διὰ
1938 2029 2046 2081 τῶν

479 2115 797 2187 ἐπιγραφῶν
842 2117 1280 2184 ἀνατεθείκασιν,
1336 2113 1416 2183 οἷς
1460 2118 1690 2190 μάλιστα
1742 2120 1868 2183 τοὺς
1918 2118 2046 2172 πολ-

476 2206 600 2272 λοὺς
646 2209 779 2281 πρὸς
812 2208 910 2273 τὰς
945 2210 1079 2273 ἰδίας
1112 2210 1362 2273 ἀσεϐείας
1398 2208 1821 2280 σφετερίζονται.
1881 2228 1901 2262 ι
1935 2208 2045 2265 Nec

476 2299 635 2367 plane
675 2301 894 2353 mirum.
949 2298 1161 2355 Etenim
1222 2308 1537 2354 sanctorum
1592 2298 1812 2352 Patrum
1875 2298 2044 2353 libros

481 2405 623 2459 saepe
666 2391 1066 2461 depravarunt,
1126 2390 1435 2459 multosque
1484 2389 1819 2457 Apollinaris
1873 2388 2043 2443 libros

475 2479 795 2547 Athanasio,
824 2481 1085 2551 Gregorio
1121 2488 1481 2551 cognomento
1511 2479 1946 2549 Thaumaturgo,
1990 2489 2043 2534 et

474 2569 657 2635 Julio,
721 2572 1167 2641 inscriptionibus
1236 2572 1583 2626 commutatis
1634 2572 2039 2639 attribuerunt,

475 2662 673 2731 quibus
713 2663 931 2731 quidem
980 2662 1134 2717 libris
1185 2662 1449 2730 plurimos
1508 2662 1562 2715 in
1605 2677 1764 2716 suum
1813 2661 2040 2730 impium

475 2768 716 2807 errorem
752 2754 1035 2807 inducunt.
1072 2771 1091 2804 ι
1142 2752 1207 2807 Ει
1231 2764 1422 2807 auctor
1456 2752 1591 2809 Vitae
1616 2755 1789 2807 sancti
1817 2752 2043 2807 Maximi

475 2846 812 2915 homologeta:
857 2846 965 2915 (ed.
1015 2843 1330 2910 Combelis.,
1384 2854 1423 2899 t.
1454 2844 1511 2908 1,
1561 2846 1764 2915 p.11):
1803 2844 1868 2897 Τί
1910 2840 2040 2911 οὖν;

476 2939 549 2991 οὐ
585 2938 714 3011 δέχῃ
742 2938 870 3010 μίαν
899 2938 1178 3011 ἐνέργειαν
1214 2936 1323 2991 τῶν
1372 2938 1641 3009 ἐκκρίτων
1677 2936 2039 3003 διδασκάλων;

474 3026 583 3079 Καὶ
632 3026 805 3096 ἤγαγε
853 3025 1124 3089 Θεοδόσιος
1172 3025 1269 3089 τὰς
1315 3025 1679 3098 ψευδωνύμως
1714 3029 1840 3099 παρ’
1863 3026 2041 3081 αὐτῶν

473 3119 903 3190 περιφερομένας
960 3120 1036 3184 ὼς
1102 3119 1318 3173 Ἰουλίου
1380 3121 1478 3191 τῆς
1524 3118 1769 3190 Ῥώμης,
1819 3119 2038 3172 καὶτοῦ

473 3212 896 3285 Θαυματουργοῦ
919 3214 1237 3286 Γρηγορίου,
1266 3214 1361 3268 καὶ
1394 3212 1707 3267 Ἀθανασίου
1737 3212 1843 3266 τῶν
1871 3213 2039 3282 ἁγίων

472 3304 712 3373 χρήσεις·
761 3305 854 3359 καὶ
919 3305 1123 3374 ἀνέγνω
1171 3306 1359 3369 αὐτάς.
1407 3306 1517 3359 Καὶ
1580 3300 1699 3357 εἷπε
1760 3304 2034 3375 Μάξιμος·

469 3395 793 3466 Φοϐηθῶμεν
819 3396 883 3467 δὴ
924 3396 1014 3449 τὸν
1044 3397 1196 3460 Θεὸν,
1248 3397 1339 3451 καὶ
1382 3396 1455 3467 μὴ
1487 3395 1799 3467 θελήσωμεν
1836 3413 2039 3468 παρορ-

470 3486 619 3555 γίσαι
650 3489 809 3542 αὑτὸν
840 3489 930 3542 ἐπὶ
990 3493 1055 3561 τῇ
1098 3492 1396 3562 παραγωγῇ
1432 3488 1537 3543 τῶν
1573 3489 1859 3560 αίρετικῶν
1908 3491 2039 3559 χρή-

471 3595 628 3631 σεωνο
676 3580 848 3642 οὐδεὶς
893 3578 1000 3649 γὰρ
1046 3581 1245 3648 ἀγνοεῖ,
1288 3580 1489 3642 ταύτας
1527 3575 1666 3632 εἶναι
1710 3579 1803 3633 τοῦ
1844 3578 2036 3632 δυσσε-

469 3669 598 3733 ϐοῦς
660 3670 1093 3740 Ἀπολλιναρίουο
1148 3672 1195 3723 εί
1250 3671 1347 3741 μὲν
1398 3670 1561 3734 ἄλλας
1618 3670 1790 3740 ἔχεις,
1844 3670 2033 3738 δεῖξον.

475 3780 494 3812 ‹
523 3760 660 3837 Quid
696 3761 890 3830 igitur?
921 3759 1039 3815 Non
1076 3761 1330 3816 admittes
1358 3777 1520 3816 unam
1554 3763 1845 3828 actionem,
1869 3778 2033 3831 quam

467 3850 654 3905 selecti
688 3848 879 3904 Patres
921 3849 1151 3920 professi
1201 3851 1369 3905 sunt?
1406 3849 1473 3905 Et
1510 3851 1736 3906 adduxit
1778 3850 2033 3905 Theodo-

468 3941 604 4007 sius,
651 3958 772 4013 qua:
815 3942 954 3997 falso
989 3943 1092 3998 sub
1126 3951 1438 3998 sanctorum
1473 3943 1694 3997 nomine
1740 3942 2033 3998 circumfe-

467 4033 747 4102 rebantur,
782 4036 1092 4091 testimonia
1117 4033 1249 4089 Julii
1278 4032 1531 4101 Romani,
1567 4032 1818 4103 Gregorii
1846 4033 2032 4087 Thau-

466 4128 728 4195 maturgi,
770 4136 823 4181 et
855 4126 1160 4191 Athanasii,
1198 4134 1254 4181 et
1298 4126 1425 4197 legit
1456 4141 1540 4180 ea.
1588 4122 1726 4179 Tum
1760 4124 2031 4181 Maximus

464 4215 602 4269 dixit
644 4235 657 4270 :
691 4217 1003 4272 Timeamus
1038 4216 1347 4281 Dominum,
1380 4225 1433 4270 et
1460 4231 1567 4270 non
1596 4216 1663 4269 ad
1693 4215 2029 4271 iracundiam

466 4306 620 4359 illum
672 4322 1032 4375 provocemus
1089 4306 1398 4361 inductione
1438 4305 1815 4360 haereticorum
1876 4307 2032 4360 testi-

465 4396 794 4450 moniorum.
839 4394 1011 4450 Nemo
1053 4396 1319 4466 siquidem
1363 4395 1577 4465 ignorat
1614 4411 1675 4450 ea
1710 4410 1831 4449 esse
1878 4396 2027 4464 impii

2153 581 2361 625 tantum
2392 570 2517 625 ﬁdei
2548 567 2945 637 expositionem
2975 582 3005 621 a
3030 565 3438 636 Thaumaturgo
3467 568 3716 621 conscri-

2150 670 2298 732 ptatn
2344 660 2547 726 fuisse;
2599 666 2695 712 aut
2733 673 2877 724 eam,
2916 657 2983 711 de
3019 671 3127 726 qua
3174 657 3284 725 agit
3312 655 3580 717 Basilius.
3613 670 3720 712 ιιοιι

2151 751 2313 804 aliam
2360 764 2481 803 esse
2520 763 2684 817 quam
2730 747 2877 800 illam
2917 761 3081 814 quam
3120 743 3349 801 Vossius
3401 745 3698 813 publicavit

2151 841 2354 897 Verum
2394 856 2519 895 cum
2558 840 2869 909 oppositum
2891 838 3063 908 magis
3087 845 3290 907 pateat,
3318 833 3727 891 Vossianat-‘idn

2150 934 2318 988 editio
2348 932 2527 987 adhuc
2558 940 2666 987 stat
2695 930 2933 995 ﬁrmius;
2969 937 3024 984 et
3065 929 3171 984 nisi
3202 929 3567 983 validioribus
3594 944 3719 983 con-

2149 1028 2379 1081 vellatur
2423 1024 2718 1089 machinis,
2747 1022 2933 1077 stabit.
2964 1020 3388 1076 Consideretnus
3418 1021 3589 1074 verba
3619 1020 3717 1073 Ba-

2148 1118 2260 1173 silii
2299 1116 2368 1171 ad
2401 1114 2868 1171 Neocaasarienses
2914 1112 3021 1183 (ep.
3044 1127 3163 1173 ccx,
3198 1112 3290 1179 5):
3354 1112 3630 1181 Καθῆκαν

2147 1227 2269 1265 τινα
2309 1212 2502 1280 πεῖραν
2548 1207 2613 1261 δι’
2654 1205 2971 1275 ἐπιστολῆς,
3012 1205 3105 1258 καὶ
3147 1204 3281 1275 πρὸς
3310 1202 3405 1257 τὸν
3444 1204 3716 1273 dadd/olm

2148 1302 2303 1373 ἡμῶν
2361 1299 2619 1369 Ἀνθιμον
2675 1297 2781 1351 τῶν
2832 1297 3053 1350 Τυάνων
3109 1297 3426 1359 ἐπίσκοπον,
3494 1296 3579 1358 ὡς
3620 1298 3717 1364 ἀρα

2147 1392 2449 1465 Γρηγορίου
2484 1391 2727 1453 εἰπόντος
2776 1392 2833 1443 ἐν
2866 1388 3123 1442 Ἐκθέσει
3174 1390 3448 1454 πίστεως·
3498 1388 3716 1457 Πατέρα

2147 1486 2242 1538 καὶ
2289 1484 2415 1537 Υίὸν
2469 1482 2680 1553 ἐπινοίᾳ
2718 1481 2815 1552 μὲν
2866 1477 3004 1534 εἶναι
3038 1480 3159 1542 δύο,
3206 1480 3507 1535 ὑποστάσει
3549 1480 3609 1533 δὲ
3640 1480 3711 1531 ἓν*

2144 1573 2303 1627 τοῦτο
2328 1574 2384 1628 δὲ
2408 1574 2489 1626 ὄτι
2528 1573 2589 1625 οὐ
2623 1570 2965 1642 δογματικῶς
2987 1570 3217 1641 εἴρηται,
3267 1571 3378 1623 ἀλλ’
3421 1573 3715 1639 ἀγωνιστι-

2146 1664 2256 1729 κῶς
2288 1667 2347 1719 ὲν
2374 1667 2439 1736 τῇ
2470 1664 2620 1732 πρὸς
2647 1664 2929 1719 Αίλιανὸν
2966 1662 3216 1729 διαλέξει,
3241 1664 3339 1716 οὐκ
3365 1662 3715 1733 ἠδυνήθησαν

2150 1751 2377 1805 συνιδεῖν
2422 1752 2471 1805 oi
2514 1752 2606 1804 ἐπὶ
2636 1751 2923 1821 λεπτότητι
2951 1752 3058 1806 τῶν
3091 1751 3299 1823 φρενῶν
3341 1752 3581 1814 ἑαυτοὺς
3612 1769 3714 1821 μα-

2576 1860 2595 1893 ι
2640 1840 2986 1897 lmmiserunt
3060 1853 3239 1897 autem
3314 1851 3711 1896 tentamentum

2146 1932 2418 2002 quoddam
2449 1947 2544 2001 per
2568 1933 2851 2001 epistolam
2880 1934 3043 1988 etiam
3073 1935 3139 1988 ad
3154 1932 3397 2002 ejusdem
3425 1933 3712 1988 nobiscum

2146 2025 2436 2080 sententiae
2472 2024 2787 2080 Anthimum
2814 2024 3123 2096 Tyanorum
3158 2026 3502 2094 episc0pum,
3554 2028 3709 2093 quasi

2145 2113 2439 2185 Gregorius
2492 2115 2548 2169 in
2595 2114 2937 2185 Expositione
2981 2117 3105 2185 ﬁdei
3164 2117 3362 2172 dixerit
3401 2116 3628 2170 Patrem
3664 2129 3712 2169 et

2146 2206 2376 2275 Filium,
2419 2208 2577 2278 juxta
2627 2208 2825 2262 mentis
2877 2208 3167 2276 quamdam
3217 2208 3709 2263 considerationem

2145 2297 2283 2352 duos
2320 2313 2460 2363 esse,
2494 2298 2770 2369 hyposlasi
2828 2312 2958 2352 vero
3009 2314 3201 2352 unum.
3237 2297 3349 2353 lloc
3375 2309 3564 2352 autem
3608 2315 3709 2353 non

2145 2388 2446 2458 dogmatice
2505 2390 2598 2444 sed
2656 2388 2968 2443 decertandi
3019 2405 3185 2444 causa
3238 2390 3292 2444 in
3349 2390 3573 2458 dialogo
3616 2394 3708 2441 ad-

2144 2494 2323 2535 versus
2344 2480 2624 2534 Elianum
2665 2482 2870 2537 dictum
2918 2494 3063 2543 esse,
3108 2481 3408 2550 intelligere
3444 2481 3708 2548 nequive-

2143 2579 2292 2635 runt,
2339 2571 2435 2641 qui
2481 2579 2703 2640 propter
2740 2568 3077 2639 intelligendi
3123 2568 3476 2623 subtilitatem
3522 2567 3710 2620 beatus

2144 2677 2263 2717 sese
2288 2670 2559 2732 reputant.
2586 2681 2604 2713 ι
2640 2661 2775 2717 lllud
2806 2664 2864 2715 ὲν
2896 2661 3110 2715 ἐκθέσει
3140 2661 3373 2722 πίστεως
3407 2658 3707 2717 indeﬁnite.

2142 2767 2195 2811 et
2218 2755 2484 2829 ἀορίστως
2511 2757 2804 2826 prolatum,
2827 2765 2882 2811 et
2911 2756 3060 2811 nullo
3086 2755 3314 2810 articulo
3340 2754 3405 2808 ad
3436 2754 3709 2822 singulare

2142 2847 2420 2917 quidpiam
2469 2847 2785 2917 alligatum,
2830 2848 3034 2901 nullam
3068 2848 3225 2901 nobis
3264 2857 3470 2902 certam
3515 2862 3583 2900 ac
3620 2846 3709 2901 de-

2144 2941 2487 2995 terminatam
2517 2940 2639 2995 ﬁdei
2672 2940 3065 3009 expositionem
3092 2948 3271 3005 notat;
3305 2939 3399 2993 sed
3439 2948 3623 3003 sonat,
3658 2940 3707 2990 in

2141 3045 2249 3085 una
2286 3031 2626 3101 expositione
2674 3047 2703 3085 a
2735 3030 3141 3101 Thaumatnrgo
3178 3030 3345 3084 edita.
3380 3028 3538 3095 Quod
3572 3032 3619 3083 si
3655 3030 3706 3081 in

2145 3137 2252 3175 una
2302 3122 2376 3176 ita
2422 3122 2815 3191 pronuntiavit,
2858 3121 3064 3191 absque
3106 3121 3273 3175 dubio
3315 3120 3455 3175 alias
3496 3135 3707 3190 quoque

2143 3213 2444 3268 confecisse
2498 3214 2859 3269 indubitatum
2918 3212 3259 3283 relinquitur.
3317 3211 3455 3278 Quae
3503 3213 3549 3266 si
3602 3228 3707 3266 una

2140 3316 2349 3360 tantum
2385 3305 2597 3369 fuisset,
2631 3321 2737 3359 non
2769 3308 2826 3358 ὲν
2860 3304 3070 3359 ἐκθέσει
3112 3303 3373 3369 πίστεως,
3407 3306 3503 3360 sed
3550 3308 3606 3358 ὲν
3641 3307 3707 3375 τῇ

2139 3398 2350 3451 ἐκθέσει
2386 3399 2483 3469 τῆς
2515 3398 2751 3461 πίστεως
2778 3397 3010 3452 Basilius
3047 3397 3485 3466 pronuntiasset,
3519 3412 3707 3466 quem-

2140 3489 2433 3543 admodum
2491 3489 2653 3558 paulo
2713 3498 2838 3557 post
2877 3489 3044 3555 dixit,
3090 3489 3147 3540 ὲν
3175 3491 3242 3558 τῇ
3279 3488 3420 3558 πρὸς
3465 3489 3703 3541 Allius»

2137 3580 2389 3645 διαλέξει,
2415 3581 2538 3650 quia
2578 3596 2684 3634 una
2718 3580 3059 3634 solummodo
3088 3578 3265 3633 fuerat
3307 3581 3378 3633 ad
3405 3579 3702 3634 Elianum.

2137 3673 2401 3729 Praeterea
2437 3674 2603 3728 editio
2650 3674 2741 3727 illa
2779 3674 2906 3743 ﬁdei
2935 3689 3030 3744 per
3058 3673 3280 3728 modum
3313 3674 3599 3728 dialexeos
3639 3672 3701 3724 ad

2138 3765 2449 3832 Elianum,
2487 3778 2679 3833 nempe
2719 3763 3045 3833 disputando
3080 3772 3132 3817 et
3164 3763 3488 3817 altercando
3525 3764 3702 3817 habita

2134 3867 2240 3923 est,
2281 3857 2439 3925 cujus
2480 3854 2865 3924 disputationis
2910 3870 2978 3909 ne
3020 3855 3307 3924 vestigium
3347 3856 3573 3923 quidem
3609 3870 3699 3923 ap-

2134 3960 2287 4020 paret
2340 3950 2393 4003 in
2433 3947 2719 4003 Vossiana.
2763 3948 2942 4013 Quare
2984 3947 3422 4001 concludendum
3468 3947 3700 4007 videtur,

2134 4044 2359 4097 omnino
2380 4043 2445 4097 de
2471 4043 2577 4095 alia
2599 4040 2938 4109 expositione
2964 4038 3085 4092 fidei
3115 4038 3166 4091 in
3191 4054 3252 4092 ea
3275 4039 3511 4107 epistola
3545 4038 3701 4092 verba

2132 4134 2329 4191 fecisse
2349 4133 2631 4196 Basiliam,
2659 4144 2711 4186 et
2727 4131 2889 4185 aliam
2918 4130 3076 4185 nobis
3101 4128 3357 4184 Vossium
3389 4131 3696 4184 tradidisse.

2198 4228 2269 4281 At
2298 4225 2561 4281 Vossiana
2592 4224 2802 4279 videtur
2825 4238 2949 4278 esse
2990 4222 3187 4291 scripta
3220 4230 3415 4277 contra
3442 4222 3697 4283 Arianos,

2132 4321 2305 4374 multo
2331 4318 2738 4386 Thaumaturgo
2766 4314 3112 4370 recentiores.
3156 4315 3290 4369 Cum
3318 4314 3563 4368 Arianos
3597 4329 3698 4367 non

2130 4411 2406 4474 nominet,
2456 4425 2645 4479 parum
2706 4408 2871 4463 refert
2916 4408 2959 4462 si
3014 4406 3218 4477 Spiritu
3275 4406 3447 4461 fretus
3491 4406 3700 4470 divino,

462 4486 807 4556 Apollinaris.
842 4486 899 4540 Si
919 4502 1046 4541 vero
1072 4486 1177 4540 alia
1202 4498 1372 4547 tenes,
1405 4486 1683 4539 ostende.»
1712 4484 1848 4540 Hinc
1873 4485 2030 4554 plane

2140 4512 2420 4571 antequam
2466 4510 2650 4565 esset,
2707 4500 2954 4565 lneresim
3006 4500 3263 4552 Arianam
3309 4498 3554 4567 jugulat.
3637 4496 3702 4552 Ut

463 4578 679 4633 videtur
706 4578 963 4647 professio
998 4578 1100 4631 ista
1134 4575 1257 4646 ﬁdei
1296 4590 1325 4629 e
1355 4575 1603 4646 Gregorii
1626 4574 2024 4646 Thaumaturgi

463 4667 743 4738 operibus,
788 4667 867 4721 uti
910 4668 1289 4722 haereticorum
1338 4667 1479 4722 fetus
1516 4666 1807 4735 genuinus,
1850 4665 2027 4718 elimi-

462 4760 641 4813 nanda
693 4768 856 4829 atque
911 4760 1341 4816 exterminanda.
1411 4757 1517 4814 Sed
1569 4755 2022 4813 considerandum

461 4860 546 4906 est
574 4850 627 4904 id
658 4852 990 4906 accuratius.

530 4959 841 5015 Bellarmini
905 4971 1226 5032 argumenta
1283 4960 1516 5030 alicujus
1573 4973 1699 5013 esse
1761 4954 2023 5011 momenti

532 5142 607 5212 (8)
642 5141 804 5198 Vides
844 5142 1107 5212 insignem
1141 5142 1528 5212 Monophysita:
1571 5140 1800 5209 alicujus
1836 5139 2019 5212 homi-

462 5203 751 5282 nis,'qui,
788 5220 849 5266 ut
880 5203 1008 5268 mox
1051 5203 1325 5277 dicemus,
1371 5203 1766 5282 Tliauniaturgi
1817 5209 2017 5282 scripta

458 5278 745 5352 corrupit,
791 5282 1073 5346 fraudem,
1133 5285 1262 5337 dum
1317 5283 1437 5335 οὐδὲ
1486 5278 1839 5352 δειιρείιςριοο
1882 5278 2017 5352 ἀλλά

459 5348 645 5475 énequé
698 5368 793 5422 pro
820 5354 952 5422 sed),
979 5362 1138 5420 atque
1170 5354 1240 5406 ita
1272 5368 1339 5406 ex
1367 5352 1670 5405 orthodoxo
1698 5348 2015 5418 Gregorium

482 5426 587 5475 ecit
617 5422 1046 5475 Mononhvsitam
1102 5426 1299 5475 (neque
1332 5424 1471 5475 hanc
1504 5422 1719 5474 brevem
1776 5420 2015 5475 interno-

482 5420 587 5477 eci't
617 5420 1046 5492 Monophysitam
1102 5426 1299 5491 (neque
1332 5424 1471 5475 hanc
1504 5422 1719 5492 brevem
1764 5420 2017 5492 interpo-

459 5493 711 5546 lationem
750 5488 1010 5561 Eulogius
1054 5492 1171 5559 ipse
1211 5488 1410 5546 diserte
1453 5491 1719 5561 agnovit).
1763 5488 2017 5561 liem__ita

463 5577 523 5616 se
556 5563 754 5617 habere
781 5555 1121 5616 denfonstrat
1165 5562 1435 5616 sincerum
1478 5555 1814 5628 excerptunr
1839 5574 1868 5611 a
1902 5555 2018 5609 Sir-

460 5632 666 5684 mondo
710 5631 976 5700 prolatum
1011 5633 1064 5685 in
1097 5631 1224 5684 adn.
1287 5632 1353 5684 ad
1409 5626 1723 5682 Facundum
1774 5626 2018 5700 _Hcrmia-

460 5696 728 5763 nensem,
790 5702 933 5770 quod
992 5716 1117 5755 mox
1157 5700 1404 5756 recitabit
1439 5700 1697 5770 Allatius.
1729 5696 2017 5770 _.Iamvero

460 5770 531 5831 de
554 5766 824 5839 corruptis
852 5770 1281 5828 ortbodoxorum
1328 5769 1481 5825 libris
1510 5769 1700 5823 fraude
1728 5766 2016 5821 haeretico-

2127 4596 2272 4649 enim
2301 4596 2501 4648 veritas
2542 4595 2594 4648 in
2627 4591 2868 4646 Ecclesia
2900 4591 3083 4645 haberi
3121 4591 3294 4659 possit
3320 4606 3385 4643 ex
3414 4588 3697 4651 Patribns,

2126 4694 2179 4738 et
2209 4693 2409 4737 exorta:
2455 4684 2687 4737 haereses
2716 4682 2891 4736 dictis
2916 4680 3264 4749 antiquorum
3316 4678 3697 4748 proﬁigentur,

2125 4775 2305 4827 divina
2348 4772 2683 4842 providentia
2731 4770 2930 4827 factum
2970 4781 3071 4837 est,
3113 4780 3171 4824 ut
3202 4771 3442 4825 veritatis
3477 4773 3698 4824 semina

2127 4867 2180 4921 in
2227 4867 2574 4935 antiquorum
2630 4865 2846 4933 scriptis
2902 4863 3324 4926 offenderentur,
3380 4871 3432 4915 et
3468 4876 3699 4916 errores

2131 4973 2324 5013 recens
2365 4960 2478 5012 nati
2523 4957 2843 5012 auctoritate
2872 4955 3138 5025 majorum
3185 4954 3585 5008 refutarentur.
3634 4953 3697 5007 Et

2123 5146 2243 5187 rum
2266 5171 2281 5195 ,
2323 5128 2413 5183 diu
2450 5142 2547 5180 nos
2579 5126 2745 5180 locuti
2775 5140 2964 5195 sumus
3005 5124 3055 5177 in
3083 5124 3479 5186 dissertatione,
3520 5138 3696 5191 quam

2124 5194 2293 5257 habes
2322 5205 2377 5259 in
2401 5202 2564 5270 hujus
2582 5200 2751 5258 Nam:
2777 5194 2891 5250 PP.
2918 5194 3256 5249 Bibliotheca:
3293 5204 3437 5248 tonio
3461 5207 3692 5261 quarto.

2195 5342 2270 5411 (9)
2315 5337 2498 5393 Graece
2545 5336 2688 5411 apud
2738 5332 3064 5411 nos_S_cript.
3102 5342 3201 5387 vet.
3241 5342 3287 5411 _t.
3326 5331 3441 5411 Vit.
3471 5331 3692 5411 p41“.

2122 5401 2213 5465 ubi
2253 5401 2411 5478 atque
2440 5417 2523 5461 est
2554 5401 2996 5478 Monophysitica‘
3014 5405 3291 5478 corruptio
3327 5401 3695 5478 obéé._Exstat

2122 5484 2174 5536 id
2218 5473 2531 5547 corruptum
2560 5473 2953 5547 Thaumaturgi
3002 5475 3372 5547 testimonium
3424 5473 3599 5525 etiam
3638 5473 3690 5525 in

2120 5553 2306 5607 codice
2349 5542 2583 5602 Arabico
2608 5546 2731 5599 Vat.
2765 5542 2981 5609 101,ἰιι
3015 5560 3124 5612 quo
3166 5556 3293 5597 sunt
3328 5542 3551 5594 Patrum
3590 5558 3689 5595 ex-

2120 5631 2300 5691 cerpta
2336 5619 2404 5691 ab
2438 5620 2654 5691 homine
2676 5615 3415 5691 biotiopbysi_ta__collectagut
3442 5613 3690 5691 dixitan

2121 5692 2173 5745 in
2215 5683 2411 5759 ξενίαι.
2460 5688 2699 5759 Rom.__t.
2733 5683 2853 5752 111,
2891 5683 2944 5755 p.
2970 5686 3095 5753 665,
3146 5685 3237 5740 ubi
3288 5683 3499 5753 aliquot
3531 5683 3690 5737 mute

2120 5756 2464 5832 protulimus.
2501 5758 2567 5811 Α.
2598 5756 2671 5811 Μ.
