3876 6506
188 306 322 361 1225

1028 300 1274 361 LEONIS
1306 301 1578 356 ALLATll
1610 301 1932 356 DlATRlBA
1969 301 2056 355 DE
2098 300 2510 356 THEODORIS.

3279 298 3417 354 129.6

179 423 517 477 divinitatem
573 418 696 474 Filii
735 433 841 473 non
888 418 1120 486 primurn
1171 417 1395 480 Arium,
1452 416 1542 470 sed
1601 416 1735 471 alios

1858 417 1920 479 :l;
1974 417 2274 487 μαρτυρίαν
2306 414 2608 486 Γρηγόριον
2656 413 2745 466 τὸν
2788 414 2844 466 ἐν
2891 411 3129 482 Oct-3pm:
3193 413 3420 484 διαλάμ-

178 513 345 567 etiam
375 517 500 564 ante
531 509 706 578 ipsum
734 507 800 560 ab
831 507 948 575 ipso
968 505 1173 560 Christi
1212 507 1442 559 adventu
1479 521 1734 574 negasse;

181 613 238 658 et
294 601 667 656 Nestorianam
733 598 977 651 haeresim
1035 595 1536 667 Eutycbianamque
1615 605 1740 648 ante

183 701 363 762 ipsum
398 692 705 748 Nestorium
753 700 808 746 et
862 689 1211 760 Eutychetem
1250 690 1319 744 ab
1359 690 1480 742 aliis
1526 702 1740 758 quoque

182 787 354 840 fuisse
396 784 815 853 promulgatam,
862 782 1083 836 memini
1135 797 1220 835 me
1273 781 1398 835 alibi
1448 783 1581 835 satis
1622 779 1742 833 fuse

182 876 468 943 probasse.
524 872 842 927 Vossianam
885 887 1015 926 vero
1046 887 1258 941 semper
1297 888 1326 926 a
1361 888 1464 925 non
1502 881 1742 925 conteru-

183 968 379 1022 nendis
418 967 756 1029 auctoribus,
805 976 857 1019 et
908 965 960 1017 in
1003 964 1377 1019 discernendis
1430 975 1739 1018 sanctorum

183 1060 405 1129 scriptis
432 1058 858 1114 accuratissimis
881 1059 1114 1129 agnitum
1142 1059 1302 1112 veluti
1331 1057 1741 1125 Tliaumaturgi,

181 1163 239 1206 et
267 1151 675 1220 Thaumaturgo
708 1162 894 1205 nostro
928 1152 1271 1213 vindicatatn,
1305 1151 1547 1219 quilibet,
1585 1151 1732 1202 duru-

185 1242 350 1296 modo
384 1242 453 1296 sit
485 1241 537 1295 in
569 1241 789 1295 Patrum
835 1241 1200 1294 monumentis
1231 1241 1521 1303 exercitus,
1561 1239 1746 1292 latcbi-

187 1343 297 1386 tur.
329 1330 438 1387 Nec
468 1332 713 1401 singulos
747 1347 1082 1386 recenseam.

257 1423 529 1479 Collector
583 1425 716 1479 satis
765 1425 1050 1493 antiquus,
1102 1422 1350 1492 quisquis
1413 1421 1502 1473 ille
1563 1420 1744 1485 fuerit,

183 1515 572 1568 auctoritatum
608 1514 675 1568 de
708 1512 921 1566 duabus
967 1512 1020 1565 in
1049 1513 1265 1566 Christo
1289 1513 1496 1564 naturis
1529 1527 1592 1564 cx
1623 1526 1749 1562 san-

185 1607 297 1660 ctis
347 1605 616 1671 l'atribus,
660 1620 822 1674 quam
859 1619 982 1658 csse
1015 1614 1245 1657 veterem
1287 1603 1657 1656 collectionem
1697 1609 1749 1654 et

187 1698 245 1751 in
270 1697 519 1766 pluribus
551 1697 778 1766 reperiri
818 1695 1161 1750 bibliothecis
1193 1695 1354 1748 tradit
1390 1693 1639 1756 Vossius,
1679 1709 1746 1747 ex

1839 509 2034 576 φαντα,
2083 508 2211 578 παρ’
2249 499 2324 560 ὧν
2359 509 2452 559 καὶ
2489 505 2585 576 τὴν
2631 505 2948 574 ἐπωνυμίαν
2983 503 3343 575 ἐπλούτησεν·
3387 511 3417 558 6

1846 596 2062 666 μὲνγὰρ
2090 596 2308 665 Κύριος,
2335 614 2352 645 t
2384 594 2479 647 Διὰ
2499 594 2590 646 δύο
2618 595 2953 666 μαρτύρωνῆ
2986 595 3077 646 καὶ
3095 595 3258 664 τριῶν
3282 596 3409 654 πᾶν,

1841 683 1982 752 εἷπε,
2000 689 2146 758 ῥῆμα
2171 688 2513 757 σταθήσεται,
2530 705 2545 732 ι
2573 686 2631 737 τὸ
2647 687 2898 757 ἀποχρῶν
2914 686 3090 738 αὐτῶν
3105 688 3181 748 εἰς
3196 685 3414 754 βεϐαίω-

1845 794 1927 829 σιν
1959 780 2095 848 τάχα
2127 777 2432 849 προδηλῶν·
2468 780 2627 848 ἡμεῖς
2667 778 2725 830 δὲ
2775 778 2867 830 τὸν
2914 778 3150 830 τοιοῦτον
3181 778 3412 848 ἀριθμὸν

1845 866 1987 918 κατὰ
2021 865 2216 936 πολλὴν
2276 867 2534 937 εὐπορίαν
2582 866 3052 929 διπλασιάσαντες,
3098 868 3255 920 ἓκτον
3310 869 3411 938 ἠδη

1843 956 2029 1010 τοῦτον
2053 959 2370 1030 παράγομεν
2429 960 2618 1028 ἔχοντα
2643 959 2774 1012 πολὺ
2801 961 2935 1030 πρὸς
2991 965 3102 1024 τοῖς
3132 961 3310 1023 ἄλλοις
3353 962 3414 1014 τὺ

1845 1048 2174 1112 ἀξιόπιστον,
2195 1051 2252 1113 ὃς
2276 1053 2332 1103 ὲν
2359 1050 2434 1121 τῷ
2466 1051 2614 1104 κατὰ
2639 1051 2818 1119 μέρος
2846 1053 3106 1119 Πίστεως
3132 1055 3295 1106 αὐτοῦ
3329 1053 3416 1107 λό-

1845 1155 1926 1206 γῳ
1944 1139 2114 1191 ταῦτα
2130 1158 2309 1210 φησιν·
2329 1141 2606 1208 Ὀμολογο
2618 1139 2760 1209 ῦμεν
2781 1144 3103 1208 ὀμοούίτιον
3131 1143 3208 1208 τῷ
3234 1142 3417 1212 Hae-pl

1845 1227 2017 1282 εἶναι·
2059 1232 2150 1282 καὶ¹
2183 1231 2249 1282 τὰ
2292 1230 2433 1299 ἑξῆς.
2495 1251 2512 1282 ι
2547 1231 2658 1285 Hoc
2697 1248 2912 1301 quoque
2954 1236 3322 1296 ostendemus,
3369 1234 3416 1286 si

1848 1325 2144 1393 placuerit,
2210 1325 2262 1376 in
2316 1326 2682 1376 testimonium
2748 1324 3078 1377 adducentes
3134 1326 3415 1379 miraculis

1849 1411 2170 1480 praeclarum
2200 1409 2517 1479 Gregorium
2541 1450 2554 1472 ,
2585 1425 2648 1462 ex
2678 1411 2877 1478 quibus
2907 1411 3067 1463 etiam
3113 1425 3412 1481 cognomen

1849 1501 2073 1569 adeptus
2102 1514 2203 1554 eSt.
2242 1498 2487 1568 Namque
2515 1499 2796 1563 Dominus,
2827 1519 2843 1549 ι
2876 1502 2925 1553 in
2954 1516 3046 1554 ore
3072 1502 3301 1555 duorum
3333 1503 3414 1556 vel

1848 1595 2012 1647 trium
2059 1594 2274 1647 testium
2307 1608 2467 1645 omne
2497 1595 2719 1645 verbum
2759 1604 2921 1655 stare,
2962 1614 2977 1644 I
3017 1595 3160 1663 quod
3194 1595 3246 1647 id
3281 1595 3414 1648 satis

1850 1691 1992 1734 esset
2024 1681 2090 1735 ad
2135 1697 2248 1735 rem
2281 1681 2690 1745 coﬁrmandam,
2724 1682 2936 1735 asserit.
2975 1681 3044 1733 At
3088 1697 3187 1736 nos
3220 1683 3411 1751 hujus-

191 1791 298 1842 liac
328 1788 516 1842 eadem
542 1787 696 1842 Fidei
723 1789 1041 1858 expositione
1065 1786 1345 1840 secundum
1385 1796 1556 1852 partes
1598 1785 1749 1839 testi-

1858 1773 1996 1825 modi
2043 1788 2350 1834 numerum,
2385 1787 2507 1825 cum
2544 1771 2911 1825 abmulantius
2953 1782 3278 1840 suppeteret,
3312 1774 3416 1826 du-

188 1882 437 1933 monium
477 1881 702 1950 profert,
738 1882 879 1950 quod
911 1879 1078 1934 edidit
1118 1878 1367 1932 Vossius.
1405 1877 1751 1932 Andronicus

186 1972 531 2035 Camaterus,
581 1988 686 2027 non
733 1972 1161 2027 contemnendus
1193 1979 1409 2033 auctor,
1462 1979 1516 2022 et
1573 1971 1626 2022 in
1675 1970 1751 2022 le-

185 2062 368 2115 ctione
398 2073 710 2116 sanctorum
739 2060 960 2115 Patrum
991 2060 1426 2122 versatissimus,
1467 2061 1608 2112 inter
1645 2060 1749 2111 alia

187 2161 505 2207 sanctorum
541 2153 852 2207 testimonia
895 2168 923 2204 a
955 2167 1013 2206 se
1046 2152 1271 2206 collecta
1302 2151 1369 2204 de
1399 2151 1751 2220 processionc

188 2243 430 2313 Spiritus
485 2243 687 2306 sancti,
745 2258 808 2297 ex
839 2242 941 2296 hac
992 2257 1208 2311 quoque
1231 2243 1380 2296 Fidei
1430 2242 1751 2309 expositione

189 2347 361 2392 unam
398 2340 454 2385 et
485 2333 710 2385 alteram
752 2347 817 2386 ac
849 2331 1058 2384 tertiam
1091 2332 1468 2385 auctoritatem
1517 2331 1748 2400 collegit,

187 2431 246 2478 et
291 2423 371 2476 uti
414 2423 682 2492 genuinas
718 2421 1107 2492 Thaumaturgi
1155 2422 1270 2477 suis
1332 2420 1754 2474 animadversio-

191 2515 357 2569 nibus
385 2529 654 2584 exponere
700 2521 964 2578 conatur;
1005 2513 1094 2566 cui
1135 2513 1473 2582 respondens
1513 2512 1754 2566 Joannes

192 2604 405 2660 Veccus
450 2603 757 2674 patriarcha
786 2601 1457 2671 Coustantinopolitanus,
1502 2615 1615 2654 non
1661 2615 1753 2655 eas

192 2704 458 2760 tanquam
494 2690 708 2760 spurias
752 2690 963 2760 rejicit,
1011 2690 1107 2745 sed
1158 2690 1236 2743 uti
1283 2689 1548 2759 genuinas
1587 2705 1755 2760 agno-

193 2799 377 2846 scens,
412 2798 510 2839 sua
552 2783 914 2852 explicatione
945 2783 1014 2837 ab
1043 2783 1248 2837 absona
1279 2782 1546 2838 Camateri
1587 2797 1753 2851 expo—

192 2877 395 2931 sitione
437 2876 490 2929 in
541 2885 741 2930 rectam
787 2873 1021 2944 lideique
1079 2889 1375 2929 consonam
1431 2875 1754 2928 sententiam

194 2966 458 3031 traducit,
501 2976 558 3020 et
595 2981 783 3019 verum
833 2966 1151 3020 earumdem
1210 2980 1433 3020 sensum
1489 2966 1755 3021 enucleat.

195 3055 359 3126 Quod
405 3059 452 3112 si
493 3055 928 3128 ψευδεπίγραφον
967 3064 1294 3125 reputasset,
1337 3055 1664 3109 extricasset
1698 3071 1758 3109 se

193 3147 444 3214 facilius,
497 3149 789 3202 asserendo
847 3162 952 3202 non
1007 3162 1129 3201 esse
1185 3147 1295 3201 illis
1351 3145 1758 3207 attendendum,

193 3256 325 3295 cum
361 3248 546 3295 essent
588 3239 972 3308 suppusititiae.
1010 3239 1266 3305 Quinimo
1295 3239 1435 3293 idem
1467 3237 1675 3292 Veccus
1706 3238 1759 3291 in

191 3331 440 3387 oratione
471 3330 544 3383 De
580 3332 767 3383 unione
803 3330 1161 3383 Ecclesiarttm
1191 3346 1256 3383 ex
1286 3347 1348 3384 ea
1378 3339 1636 3399 tanquam
1671 3345 1763 3399 ge-

195 3425 366 3477 nuina
405 3424 470 3478 ad
503 3424 825 3480 relcllcndos
849 3423 1064 3477 Graecos
1097 3425 1468 3477 testimonium
1499 3424 1758 3477 assumit:

203 3514 266 3569 '0
312 3515 483 3585 μέγας
519 3517 612 3568 καὶ
654 3515 1074 3586 Θαυματουργὸς
1123 3516 1417 3586 Γρηγόριος
1461 3516 1762 3568 Νεοκαισα-

193 3608 351 3680 ρείας
376 3608 662 3671 ἐπίσκοπος
686 3611 741 3660 ὲν
773 3607 1016 3678 τῷλόγῳ
1072 3604 1132 3661 οὗ
1178 3611 1211 3679 ἡ
1254 3609 1412 3679 ἀρχή·
1464 3610 1762 3676 Ἔχθιστοι

192 3699 297 3752 καὶ
344 3699 643 3767 ἀλλότριοι
701 3700 810 3768 τῆς
861 3699 1268 3768 ἀποστολικῆς
1319 3702 1657 3769 ὁμολογίας,
1709 3703 1762 3753 οἱ

193 3788 306 3842 τὸν
365 3788 500 3840 Υἱὸν
539 3789 607 3852 ἐξ
645 3792 755 3842 οὐκ
809 3789 997 3842 ὄντων
1025 3789 1342 3859 λέγοντες,
1386 3790 1564 3860 φησιν.
1610 3789 1762 3844 «Μει-

194 3895 340 3948 gnus
379 3887 433 3932 et
461 3881 844 3934 miraculorum
887 3880 1109 3934 ellector
1142 3880 1434 3950 Gregorius
1480 3879 1762 3936 Neocaesa-

194 3969 400 4023 riensis
430 3969 717 4036 episcopus
752 3969 803 4020 in
832 3970 1077 4022 oratione
1105 3970 1264 4036 cujus
1291 3967 1620 4037 principium
1656 3979 1758 4021 est:

198 4062 569 4116 lnimicissimi
601 4071 648 4115 et
676 4062 834 4114 alieni
860 4062 924 4114 ab
948 4063 1236 4130 apostolica
1273 4061 1595 4128 confessione
1621 4071 1760 4127 sunt,

193 4155 287 4224 qui
311 4151 515 4205 Filium
539 4169 603 4206 ea:
627 4155 694 4206 iis
723 4170 840 4222 qua:
869 4170 970 4205 non
1001 4162 1208 4206 exstant
1238 4161 1500 4216 asserunt,
1531 4153 1756 4221 inquit.»

197 4244 269 4297 Et
307 4244 362 4296 iu
391 4243 505 4298 suis
537 4242 850 4312 Eptgraphis
885 4258 992 4296 non
1024 4259 1128 4297 una
1161 4245 1314 4298 vice:
1362 4244 1419 4296 Ὀ
1469 4243 1640 4313 μέγας
1671 4244 1764 4296 καὶ

193 4334 622 4406 θαυματουργὸς
645 4335 936 4406 Γρηγόριος
952 4335 1374 4406 Νεοκαισαρείας
1393 4336 1687 4397 ἐπίσκοπος
1708 4337 1763 4388 ὲν

1858 1863 2144 1931 plicantes,
2173 1873 2382 1915 Sextum
2414 1862 2558 1916 hunc
2593 1863 2644 1914 in
2677 1863 2910 1915 medium
2948 1865 3286 1927 adducimus,
3323 1864 3416 1933 qui

1853 1970 1963 2022 pra:
1995 1954 2115 2007 aliis
2146 1953 2248 2006 lide
2284 1953 2637 2022 dignissimus
2681 1964 2782 2006 est.
2823 1952 2919 2006 llic
2959 1955 3008 2006 in
3037 1956 3282 2008 oratione
3318 1970 3416 2008 sua

1852 2046 1914 2099 de
1952 2047 2055 2114 ﬁde
2107 2045 2391 2097 secundum
2434 2057 2644 2113 partes,
2688 2045 2802 2099 haec
2850 2047 3007 2100 liabet
3046 2063 3058 2097 :
3095 2046 3419 2116 Conﬁtentur

1855 2139 2350 2192 consubstantialem
2386 2155 2498 2190 esse
2528 2137 2702 2200 Patri,
2732 2148 2835 2192 etc.
2879 2157 2896 2188 ι
2927 2137 2992 2190 Ει
3033 2147 3174 2193 orat.
3209 2155 3245 2192 ll
3270 2158 3282 2191 :
3310 2139 3420 2190 Καὶ

1853 2227 1916 2298 δὴ
1953 2227 2169 2281 λεκτέον
2197 2228 2332 2281 κατὰ
2355 2228 2525 2300 ἀρχὰς
2551 2230 2647 2301 τὴν
2679 2230 2833 2300 ῥῆσιν
2870 2229 2963 2282 τοῦ
2993 2230 3418 2303 Θαυματουργοῦ

1856 2321 2157 2392 Γρηγορίου
2183 2361 2216 2385 ,,
2255 2322 2348 2375 τοῦ
2393 2322 2453 2374 τὸ
2495 2325 2602 2376 πᾶν
2656 2322 2938 2394 διαϐοήτου
2999 2327 3109 2388 τοῖς
3169 2326 3416 2398 πέρασιν,

1854 2406 1922 2483 ἦς
1969 2413 2067 2465 οὐκ
2117 2412 2182 2466 ἂν
2227 2416 2291 2483 τῇ
2339 2414 2578 2485 προτέρα
2635 2415 2736 2484 τῆς
2779 2415 2873 2468 νῦν
2924 2418 3273 2488 πραγματείᾳ
3299 2419 3418 2471 καθ’

1855 2503 2039 2573 ἕτερον
2087 2502 2360 2574 ἐμνήσθην
2409 2504 2639 2556 σκοπόν’
2689 2505 2721 2573 ἡ
2763 2503 2819 2556 δὲ
2880 2504 3066 2575 ῥῆσις,
3110 2505 3186 2568 ὡς
3223 2505 3290 2558 ἂν
3327 2508 3422 2558 καὶ

1855 2594 2054 2664 ταύτην
2102 2594 2322 2664 γένηταί
2377 2613 2465 2664 μοι
2515 2595 2783 2648 διαλαϐεῖν
2820 2595 3025 2664 τάχιον,
3072 2598 3129 2648 ἐν
3165 2595 3241 2666 τῷ
3280 2597 3421 2668 λόγῳ

1855 2687 1953 2758 τῆς
1997 2687 2158 2740 αὐτοῦ
2208 2687 2356 2740 κατὰ
2395 2686 2575 2755 μέρος
2620 2687 2883 2752 Πίστεως
2931 2688 3190 2758 κειμένη,
3235 2690 3418 2759 φησίν·

1868 2777 2294 2847 Ὀμολογοῦμεν
2347 2779 2669 2846 ὀμοούσιοι·
2723 2778 2804 2843 τῷ
2852 2779 3036 2847 Πατρὶ
3085 2776 3270 2834 εἶναι’
3329 2784 3422 2837 καὶ

1856 2869 2012 2924 τοῦτο
2049 2871 2145 2940 μὲν
2185 2873 2213 2922 6
2238 2869 2344 2922 τῶν
2383 2869 2542 2922 Οείων
2586 2869 2977 2940 ἀποκαλύψεων
3024 2866 3178 2937 οὗτος
3211 2875 3423 2946 ὑφηγη-

1857 2962 1978 3033 τής.
2025 2980 2042 3012 ι
2073 2959 2138 3014 Ει
2169 2976 2297 3014 vero
2342 2960 2725 3030 proferendum
2775 2972 2858 3016 est
2899 2963 3003 3017 hoc
3035 2967 3304 3036 principio
3335 2968 3422 3022 di-

1861 3061 2006 3107 ctum
2034 3051 2424 3121 Tliaumaturgi
2455 3051 2722 3122 Gregorii,
2749 3053 2908 3122 cujus
2940 3054 3080 3110 fama
3110 3058 3242 3113 lines
3267 3059 3420 3114 orbis

1864 3144 2124 3214 pervasit,
2156 3144 2310 3214 cujus
2349 3159 2455 3197 non
2485 3145 2594 3198 alio
2621 3160 2786 3212 scopo
2822 3147 2874 3199 in
2913 3147 3236 3215 prtecedenti
3279 3167 3419 3220 quo-

1862 3251 1968 3306 que
2001 3247 2231 3290 tractatu
2278 3237 2604 3291 mentionem
2659 3239 2867 3292 induxi.
2922 3238 3132 3295 Dictum
3171 3259 3320 3310 vero,
3354 3261 3422 3300 ne

1863 3342 2049 3382 moras
2080 3327 2312 3381 texendo
2340 3335 2552 3396 tempus
2594 3328 2889 3395 insumam,
2915 3330 3060 3398 jacet
3090 3333 3142 3386 in
3176 3335 3422 3390 oratione

1881 3418 2026 3471 illius
2066 3421 2126 3470 de
2157 3418 2259 3484 ﬁde
2294 3419 2574 3470 secundum
2620 3429 2816 3486 partes,
2851 3429 2905 3474 et
2936 3430 3019 3476 cst
3051 3439 3064 3474 :
3102 3423 3422 3493 Con/itemur

1863 3509 2360 3564 consubstantialem
2389 3526 2499 3563 esse
2524 3509 2699 3565 Patri.
2735 3510 2800 3564 Et
2832 3513 2935 3566 hoc
2966 3515 3182 3583 quidem
3221 3517 3310 3571 ille
3337 3519 3424 3572 di-

1862 3605 2111 3657 vinarum
2169 3603 2556 3656 revelationum
2617 3603 2902 3673 interpres.
2937 3625 2954 3656 ι
3021 3604 3085 3660 Et
3116 3604 3422 3662 Demetrius

1863 3695 2138 3765 Gydonius
2171 3694 2246 3748 De
2301 3696 2624 3762 processione
2665 3693 2895 3764 Spiritus
2943 3699 3136 3763 sancti,
3179 3713 3298 3768 cap.
3325 3697 3420 3752 1οε

1864 3788 2056 3840 Καίτοι
2104 3786 2198 3839 καὶ
2249 3786 2354 3838 τῶν
2400 3786 2728 3840 διδασκάλων
2783 3790 2924 3851 τινὲς
2969 3790 3067 3860 τὴν
3138 3790 3420 3863 τοῦ,ἀγιον

1865 3877 2178 3948 Πνεύματος
2218 3878 2538 3948 ὲκπόρευσιν
2592 3879 2864 3948 ἔκπεμψιν
2903 3875 3040 3934 εἶναι
3085 3880 3423 3935 διδάσκουσιν

1864 3969 2031 4022 ἀΐδιον
2049 3985 2061 3997 ·
2094 3967 2248 4022 τοῦτο
2292 3969 2388 4039 μὲν
2421 3973 2450 4022 6
2469 3969 2887 4041 Θαυματουργὸς
2917 3972 3242 4042 Γρηγόριος,
3272 3973 3425 4026 τοῦτο

1864 4062 1919 4113 δὲ
1952 4061 2249 4131 Γρηγόριος
2276 4064 2303 4114 6
2333 4061 2615 4129 Θεολόγος·
2643 4063 2670 4112 ὁ
2704 4064 2800 4133 μὲν
2824 4065 2880 4115 ὲν
2918 4062 3059 4134 λόγῳ
3101 4057 3163 4116 οὗ
3195 4067 3226 4135 ἡ
3258 4067 3420 4137 ἀρχήο

1869 4158 2171 4223 Ἕχθιστοι
2217 4155 2312 4208 καὶ
2355 4155 2687 4223 ἀλλότριοι.
2743 4157 2984 4224 φοίσκων⁸
3029 4158 3123 4210 καὶ
3162 4157 3228 4210 τὰ
3276 4156 3420 4228 ἑξῆς.

1871 4248 2168 4314 «Quamvis
2215 4247 2462 4300 nonnulli
2498 4247 2779 4301 doctorum
2817 4248 3219 4317 processionem
3251 4248 3422 4302 sancti

1867 4338 2102 4409 Spiritus
2129 4339 2474 4392 emissionem
2506 4353 2626 4393 esse
2650 4347 2905 4392 reternam
2941 4339 3192 4404 doceant,
3221 4339 3422 4408 partim

193 4427 277 4498 τῷ
301 4427 445 4496 λόγῳ
487 4419 547 4479 οὗ
583 4428 616 4497 ἡ
647 4428 806 4498 ἀρχή·
846 4427 1148 4495 Ἔχθιστοι
1179 4428 1276 4480 καὶ
1323 4429 1620 4495 ἀλλότριοι
1653 4427 1761 4495 τῆς

1864 4429 2080 4497 quidem
2145 4429 2434 4500 Gregorius
2496 4428 2968 4500 Thaumaturgus,
3034 4431 3231 4499 partim
3299 4443 3428 4484 vero

190 4513 616 4582 ἀποστολικῆς
643 4515 976 4584 ὁμολογίας.
1017 4535 1034 4565 t
1065 4515 1288 4585 Magnus
1319 4527 1372 4570 ct
1399 4515 1756 4570 Tliaumatur-

194 4620 306 4676 gus
357 4603 650 4672 Gregorius
699 4603 1152 4661 Neocaesaricnsis
1201 4606 1489 4676 episcopus
1537 4608 1589 4660 in
1633 4624 1760 4662 ora-

196 4699 353 4750 tione
422 4711 542 4764 quzn
589 4697 814 4766 incipit:
847 4695 1207 4750 lnimicissinti
1250 4707 1298 4750 et
1337 4699 1498 4751 alieni
1541 4701 1604 4753 ab
1634 4717 1762 4767 apo-

193 4788 393 4842 stolica
416 4789 788 4857 confessione,»
807 4799 912 4843 etc.
938 4788 1002 4843 Et
1025 4806 1090 4843 ex
1108 4805 1169 4842 ea
1203 4791 1509 4844 testimonia
1535 4792 1756 4860 profert.

195 4881 474 4949 Georgius
503 4880 789 4935 Metochita
829 4882 882 4934 in
909 4881 1153 4934 oratione
1183 4881 1355 4950 prima
1389 4883 1451 4934 de
1475 4900 1600 4951 pace
1629 4885 1763 4937 inter

193 4973 340 5025 duas
394 4971 657 5026 Ecclesias
690 4989 708 5026 :
757 4970 818 5025 Ὀ
870 4971 965 5043 τὴν
1009 4972 1196 5042 κλῆσιν
1259 4973 1602 5044 ἁρμοζόντως
1654 4979 1763 5039 τοῖς

194 5064 385 5135 ἔργοις
437 5061 613 5132 λαχὼν
651 5062 948 5135 Γρηγὸριος
1014 5064 1043 5114 6
1090 5063 1507 5139 Θαυματουργὺς
1575 5065 1636 5117 ἐν
1688 5065 1762 5136 τῷ

191 5156 348 5225 λόγῳ
401 5149 460 5208 οὗ
488 5157 521 5225 ἡ
547 5156 707 5227 ἀρχή’
743 5156 1048 5224 Ἕχθιστοι
1085 5157 1181 5210 καὶ
1215 5158 1534 5225 ἀλλότριοι,
1578 5157 1758 5228 φησίν·

210 5246 564 5321 Ἀγεννήτου
600 5247 716 5316 μὲν
743 5247 915 5312 ὄντος
944 5249 1048 5302 τοῦ
1087 5249 1334 5317 Πατρός,
1376 5251 1467 5302 και
1505 5249 1572 5302 τὰ
1614 5250 1758 5319 ἑξῆς.

199 5358 220 5388 ‹
263 5337 371 5402 Qui
409 5352 605 5391 nomen
646 5338 901 5404 operibus
939 5341 1266 5395 conveniens
1297 5351 1488 5396 nactus
1515 5351 1600 5396 est
1624 5342 1748 5396 Gre-

193 5431 391 5500 gorius
425 5430 882 5500 Tltaumaturgus,
934 5432 986 5486 in
1037 5434 1282 5487 oratione
1369 5434 1526 5501 cujus
1563 5434 1764 5503 princi-

192 5523 356 5591 pium
388 5537 406 5574 .·
439 5520 804 5577 Inimicissimi
838 5534 886 5576 et
922 5525 1082 5578 alieni
1103 5524 1232 5579 dicit
1264 5543 1278 5578 :
1307 5523 1576 5594 Ingenitus
1604 5524 1764 5578 Pater

194 5629 326 5666 cum
361 5613 453 5678 sit,
483 5621 589 5668 etc.
627 5633 645 5664 ι
709 5614 1097 5670 Constantinus
1141 5615 1490 5680 Meletiniota,
1544 5626 1684 5670 orat.
1713 5633 1762 5669 ιε

191 5707 462 5777 ⁴,θειξομεν
502 5706 558 5759 δὲ
599 5707 780 5760 καὶτὸ
823 5708 1015 5778 παρὸν,
1065 5711 1113 5762 εξ
1149 5709 1312 5773 δοκεῖ,
1363 5708 1764 5778 παραλαϐόντες

521 5802 793 5864 ΡΑτιιοι..
826 5803 916 5864 Gn
984 5806 1062 5864 Χ.

1863 4519 2154 4590 Gregorius
2168 4520 2511 4590 Tbeologus;
2539 4522 2626 4575 ille
2654 4521 2870 4591 quidem
2901 4521 2951 4574 in
2979 4522 3245 4587 oratione,
3271 4521 3429 4589 cujus

1865 4613 2111 4666 initium:
2149 4611 2512 4668 [inimicissimi
2546 4625 2700 4682 atque
2725 4613 2907 4676 alieni,
2939 4614 3190 4682 inquiens
3211 4652 3227 4671 .
3256 4621 3361 4666 etc.
3397 4629 3417 4662 ι

1865 4700 1986 4755 Vin’
2020 4703 2239 4772 plures?
2280 4701 2551 4772 Josepbus
2586 4703 2890 4773 Bryennius
2923 4713 3060 4757 orat.
3110 4719 3176 4756 xv
3209 4702 3283 4755 De
3318 4701 3430 4754 Tri-

1863 4795 2061 4847 nitate:
2082 4794 2224 4846 Αὐτὸ
2252 4793 2412 4847 τοῦτο
2443 4794 2687 4863 βούλεται
2718 4793 2859 4846 κατὰ
2887 4795 3084 4858 πάντα,
3123 4793 3214 4846 καὶ
3239 4793 3300 4845 τὸ
3331 4791 3425 4844 τοῦ

1863 4884 2288 4957 Θαυματουργοῦ
2327 4886 2647 4956 Γρηγορίου,
2700 4885 2796 4938 καὶ
2843 4884 2904 4937 τὸ
2941 4883 3033 4936 τοῦ
3064 4883 3306 4954 Νύσσης,
3335 4882 3429 4934 καὶ

1863 4978 1925 5031 τὸ
1945 4977 2038 5031 τοῦ
2070 4977 2476 5050 Χρυσοστόμου,
2501 4976 2592 5030 τοῦ
2627 4977 2724 5047 μὲν
2761 4976 3025 5042 λέγοντος·
3083 4973 3427 5044 Dira-territat)

1859 5069 1974 5139 μὲν
1995 5069 2168 5134 ὄντος
2194 5069 2298 5121 τοῦ
2327 5068 2575 5136 Πατρός,
2609 5066 3000 5136 γεννηθέντος
3030 5067 3098 5121 δὲ
3129 5068 3234 5121 τοῦ
3267 5067 3423 5120 Υἱοῦ·

1815 5209 1817 5212 .
1866 5163 1964 5214 καὶ
1996 5162 2065 5215 τὰ
2098 5161 2243 5233 ἑξῆς.
2299 5182 2316 5213 ι
2345 5161 2457 5216 lloc
2503 5162 2641 5215 idem
2676 5161 2775 5215 sibi
2812 5161 2926 5215 vult
2960 5177 3056 5230 per
3086 5162 3269 5216 omnia
3312 5171 3424 5214 tum

1866 5253 2256 5323 Thaumaturgi
2295 5254 2563 5323 Gregorii,
2621 5262 2731 5306 tum
2784 5251 3032 5322 Nysseni,
3095 5262 3207 5306 tum
3253 5253 3428 5323 Chry-

1866 5347 2092 5399 sostomi
2153 5346 2377 5400 dictum.
2434 5345 2616 5398 Primo
2665 5344 2880 5413 quidem
2943 5343 3156 5398 dicente
3206 5363 3219 5397 :
3270 5342 3428 5413 lnge-

1867 5436 2012 5488 nitus
2049 5451 2164 5487 cum
2207 5435 2273 5486 sit
2309 5434 2506 5500 Pater,
2551 5436 2757 5503 genitus
2798 5444 2969 5487 autem
2998 5431 3208 5499 Filius,
3263 5442 3371 5489 etc.
3402 5453 3422 5486 ›

1866 5525 1933 5578 Ει
1960 5541 2029 5579 ne
2057 5525 2457 5593 antiquioribus
2485 5526 2706 5580 destitui
2738 5525 3037 5586 videamur,
3069 5525 3428 5580 accersendas

1869 5625 1953 5670 est
1987 5616 2310 5670 Anastasius
2345 5615 2550 5670 Sinaita
2573 5657 2588 5679 ,
2623 5618 2716 5686 qui
2761 5633 2827 5670 ex
2865 5617 2964 5670 hac
2996 5615 3241 5684 Gregorii
3270 5612 3430 5672 Fidei

1868 5709 2212 5778 expositione,
2249 5721 2503 5780 tanquam
2521 5708 2911 5780 Thaumaturgi
2947 5709 3199 5780 genuina,
3222 5709 3426 5766 dictum

3065 5805 3142 5864 39
