3888 6474
466 257 608 314 1227

1276 250 1519 305 ιιῖθΝιδ
1556 250 1830 305 ALLATll
1868 247 2195 304 DIATRIBA
2231 248 2318 303 DE
2355 249 2764 308 THEODORIS.

3554 254 3691 311 5238

468 375 670 438 laudat,
714 382 768 427 et
805 372 979 428 aﬂert.
1015 372 1151 427 Vide
1182 371 1456 444 Euthymii
1490 373 1759 443 Zygabeni
1799 372 2028 442 Dogma-
2058 374 2105 429 Α
2201 370 2527 429 Dubitarunt
2553 388 2681 443 ergo
2706 371 2895 429 Patres
2926 373 2993 429 de
3021 374 3141 439 hac,
3175 374 3317 446 quod
3361 376 3420 432 ia
3450 390 3516 431 ea
3543 391 3693 445 repe-

466 467 625 517 ticam
653 465 977 534 panapliam,
1011 463 1164 517 titulo
1202 463 1414 518 decimo
1447 464 1637 532 quinto
1668 461 1799 531 (10).

534 554 754 609 Interim
793 554 1185 609 consideranda
1227 562 1353 608 sunt
1392 554 1535 609 dicta
1569 554 1788 608 Baronii
1818 553 1885 607 ad
1930 568 2028 607 an-

461 660 595 699 num
620 644 821 700 Christi
846 645 971 709 255,
1006 662 1060 699 ιι.
1086 645 1151 699 19
1178 666 1190 700 :
1230 664 1250 696 ι
1282 645 1509 701 Constat
1534 646 1693 701 ﬁdem
1719 654 2025 714 susceptam

463 756 492 791 τι
531 739 686 791 beata
713 736 932 804 Virgine
964 754 1087 792 cum
1113 737 1321 793 Joanne
1365 738 1715 808 evangelista,
1750 736 1918 791 fuisse
1957 738 2026 789 ab

462 831 652 885 eodem
720 831 840 899 ipso
890 830 1152 901 Gregorio
1214 830 1623 885 accuratissime
1679 829 2023 897 explicatam,

462 924 713 991 apposito
752 922 1162 985 commentario,
1204 922 1278 975 De
1306 921 1630 990 expositione
1656 920 1780 988 ﬁdei
1834 920 2027 974 inscri-

460 1026 573 1083 pto,
606 1014 699 1081 qui
744 1014 941 1068 citatus
974 1015 1242 1082 reperitur
1283 1014 1421 1066 inter
1454 1014 1591 1067 alios
1621 1028 1651 1066 a
1681 1012 1881 1066 Basilio
1913 1011 2026 1066 Ma-

461 1118 567 1173 gno
600 1104 673 1156 De
701 1104 909 1171 Spiritu
947 1114 1150 1170 sancto,
1203 1119 1320 1174 cap.
1351 1102 1419 1157 29
1473 1106 1549 1173 (ιι.
1579 1103 1665 1174 74)
1711 1112 1765 1157 et
1796 1104 2025 1173 epistola

459 1198 601 1268 (cex)
627 1196 691 1251 ad
715 1195 1197 1262 Neocmsaricnses,
1227 1206 1279 1249 et
1311 1212 1340 1249 a
1367 1195 1589 1249 Leontio
1618 1195 1968 1249 scholastico.
2000 1213 2017 1245 ι

460 1288 569 1345 Sed
598 1289 802 1344 erroris
845 1289 949 1343 iste
976 1290 1222 1359 arguitur
1247 1288 1375 1345 dum
1412 1288 1487 1341 ait
1519 1286 1822 1341 dubitatum
1860 1303 1889 1340 a
1916 1286 2021 1340 Pa-

458 1381 662 1445 tribus,
705 1394 776 1433 an
825 1379 1100 1449 Expositio
1120 1378 1244 1447 ﬁdei
1283 1378 1455 1432 fuerit
1501 1380 1568 1433 ab
1601 1380 1720 1449 ipso
1759 1379 2021 1450 Gregorio

459 1472 679 1540 scripta.
713 1469 848 1524 Nam
875 1469 1130 1533 Basilius,
1157 1469 1250 1539 qui
1281 1468 1465 1523 omnia
1491 1468 1739 1537 Gregorii
1768 1480 2020 1525 accurate

457 1569 739 1630 perspecta
778 1559 999 1623 habuit,
1028 1568 1088 1612 ut
1118 1559 1236 1628 ejus
1267 1574 1403 1626 opus
1429 1559 1577 1623 citat,
1613 1571 1667 1613 et
1709 1560 1776 1613 ab
1809 1575 1873 1613 eo
1901 1561 2018 1613 edi-

458 1665 571 1708 tum
626 1654 796 1708 fuisse
830 1668 939 1708 non
985 1653 1215 1717 dubitat,
1249 1652 1373 1707 licet
1421 1652 1563 1705 idem
1611 1653 1686 1707 ibi
1733 1652 1798 1706 de
1830 1653 2015 1707 subsi-

2132 462 2369 515 rirentur
2423 465 2724 527 nonnulla,
2783 479 2905 534 quae
2955 465 3195 520 scholam
3250 467 3585 537 Apollinaris
3640 478 3693 523 et

2130 550 2441 622 Eutychetis
2476 554 2701 609 olerent.
2736 555 2957 611 Certum
2999 566 3081 612 est
3116 558 3413 614 dubitasse.
3460 560 3691 614 Verum-

2128 655 2309 700 tamen
2344 656 2403 700 ut
2431 662 2498 701 ex
2538 663 2727 703 eorum
2767 649 2931 705 dictis
2964 666 3071 704 una
3104 652 3266 705 simul
3303 652 3522 705 collatis
3566 667 3692 706 con—

2128 743 2257 800 stat,
2289 751 2396 789 non
2430 737 2496 791 de
2531 746 2641 792 tota
2676 739 2775 793 hac
2808 740 3072 803 oratione,
3111 740 3202 795 sed
3239 741 3591 795 solummodo
3628 741 3690 793 de

2127 826 2273 880 dicto
2318 826 2544 891 inserto,
2595 829 2648 882 in
2686 845 2795 899 quo
2826 830 3111 884 videbatur
3152 831 3341 885 tollere
3388 847 3419 885 e
3460 846 3687 899 persona

2126 916 2329 972 Christi
2360 920 2494 974 duas
2526 928 2768 987 naturas,
2802 930 2856 976 et
2888 938 3048 976 unam
3077 931 3282 977 tantum
3313 922 3683 977 constabiiire.

2129 1008 2219 1063 Sic
2246 1009 2540 1080 Eulogius:
2578 1013 2643 1064 Ἦ
2688 1014 2744 1066 δὲ
2786 1014 2877 1066 τὸν
2922 1014 3342 1085 Θαυματουργὸν
3390 1014 3687 1084 Γρηγόριον

2126 1104 2532 1175 ὑποϐαλλομένη
2572 1106 2782 1176 χρῆσις,
2818 1105 3031 1173 λέγεται
3065 1107 3161 1175 μὲν
3181 1107 3288 1176 γὰρ
3324 1106 3565 1167 ἐκείνου,
3600 1106 3685 1157 τὸν

2124 1197 2177 1249 δὲ
2228 1197 2628 1268 Ἀπολλινάριον
2670 1197 2991 1269 εἰσκομίζει.
3048 1219 3065 1249 ι
3098 1198 3500 1252 Testimonium
3545 1197 3683 1266 quod

2125 1286 2368 1358 Gregorii
2389 1288 2778 1361 Thaumaturgi
2798 1305 2994 1344 nomen
3017 1307 3124 1361 pra:
3138 1307 3195 1345 se
3210 1290 3332 1356 fert,
3350 1291 3557 1345 dicitur
3576 1292 3688 1359 qui-

2123 1378 2243 1431 dem
2265 1378 2407 1434 illius
2433 1394 2571 1441 esse,
2600 1382 2693 1434 sed
2713 1382 3078 1451 Apollinarem
3101 1382 3226 1435 olet.
3260 1400 3279 1432 ι
3311 1380 3403 1435 Sic
3432 1382 3682 1435 monachi

2122 1466 2418 1523 Palmstinre
2433 1471 2570 1539 apud
2584 1469 2869 1542 Evagrium
2880 1514 2894 1538 ,
2909 1472 3157 1541 quamvis
3173 1472 3358 1526 dicant
3374 1473 3681 1535 hatreticos,

2122 1560 2440 1626 Athanasio,
2465 1562 2742 1632 Gregorio,
2758 1580 2820 1618 ac
2835 1563 2999 1628 Julio,
3017 1564 3287 1634 inscriptis
3298 1580 3492 1619 eorum
3507 1566 3678 1618 nomi-

2121 1654 2300 1719 nibus,
2317 1655 2514 1708 multos
2525 1654 2847 1724 Apollinaris
2864 1664 3123 1711 tractatus
3134 1657 3510 1726 supposuisse,
3527 1666 3679 1710 antea

457 1746 670 1801 stentiis
712 1745 915 1814 aliquid
958 1744 1138 1798 minus
1164 1745 1377 1814 proprie
1401 1743 1674 1799 videretur
1715 1760 1835 1799 esse
1864 1746 2015 1799 locu-
2046 1730 2090 1785 Β
2120 1756 2297 1801 tamen
2321 1748 2587 1809 dixerant,
2618 1767 2635 1799 ‹
2666 1746 2887 1803 Patrum
2912 1749 3079 1803 libros
3098 1764 3237 1818 saepe
3263 1749 3631 1818 depravasse:
3654 1766 3673 1797 ι

459 1846 547 1890 tus
584 1854 597 1889 :
634 1835 778 1890 sicut
814 1842 868 1889 et
910 1834 1156 1888 accidere
1198 1834 1377 1902 potuit
1413 1849 1479 1888 ex
1524 1835 1712 1888 eodem
1758 1842 1906 1888 textu
1947 1835 2016 1888 ab

457 1925 751 1992 haereticis,
794 1935 853 1978 ut
887 1925 962 1978 ait
986 1923 1246 1994 Evagrius
1288 1924 1385 1979 lib.
1422 1940 1504 1990 ιιι,
1539 1940 1660 1993 cap.
1694 1924 1785 1991 51,
1822 1925 2014 1993 depra-

454 2027 601 2083 vato,
633 2026 1032 2087 autperpgram
1084 2016 1350 2085 exposito.
1408 2015 1541 2071 Rem
1581 2017 2009 2071 consideremus.

459 2115 545 2171 Uti
580 2130 769 2170 verum
799 2075 1063 2169 estindem
1103 2113 1393 2168 revelatam
1424 2128 1453 2166 a
1479 2110 1700 2181 Virgine
1725 2122 1777 2166 et
1806 2109 2014 2166 Joanne

453 2207 786 2276 evangelista
831 2206 1153 2271 adnotasse,
1198 2205 1410 2273 sibique
1458 2219 1762 2259 reservasse
1811 2204 2013 2274 Grego-

453 2302 618 2367 rium,
648 2301 720 2355 ita
760 2300 957 2355 falsum
996 2313 1115 2353 eam
1143 2297 1537 2352 commentario
1570 2296 1815 2365 apposito
1851 2311 2013 2350 accu-

451 2394 723 2448 ratissime
745 2392 1063 2462 explicasse.
1092 2389 1183 2444 Sic
1202 2404 1418 2458 quoque
1455 2389 1744 2441 orationem
1760 2387 1873 2443 sive
1898 2385 2011 2440 Ea:-

451 2486 759 2555 positionem
785 2484 929 2552 ﬁdei,
954 2497 1075 2551 quae
1097 2482 1284 2551 incipit
1315 2480 1608 2549 Ἐχθιστοι,
1636 2494 1744 2533 non
1764 2494 1885 2533 esse
1917 2494 2010 2534 ex-

452 2578 795 2645 plicationcm
841 2574 985 2628 illius
1010 2573 1134 2627 ﬁdei
1164 2572 1433 2634 rcvelatm,
1464 2571 1557 2626 sed
1594 2578 1883 2625 tractatum
1916 2586 2012 2639 per

452 2686 510 2722 se
544 2668 800 2732 divisum,
850 2666 918 2719 ab
962 2679 1134 2733 eaque
1176 2663 1512 2730 distinctum,
1555 2671 1615 2716 ut
1656 2662 1878 2732 planum
1920 2662 2011 2716 ﬁet

452 2758 663 2829 singula
696 2756 1017 2812 conferenti.
1054 2754 1286 2810 Basilius
1312 2754 1389 2808 De
1416 2753 1619 2823 Spiritu
1646 2762 1848 2821 sancto,
1886 2770 2005 2824 cap.

449 2852 538 2917 29,
577 2866 644 2905 ne
683 2850 905 2905 verbum
955 2848 1176 2918 quidem
1226 2846 1355 2902 facit
1401 2847 1468 2903 de
1488 2842 1829 2915 Expositione
1860 2846 2005 2915 ﬁdei,

450 2945 540 2999 scd
573 2941 950 2997 tantummodo
974 2939 1402 3011 gloriﬁcationem
1438 2956 1467 2994 a
1496 2938 1757 3009 Gregorio
1782 2939 2004 3004 editam,

2118 1840 2211 1891 καὶ
2231 1838 2417 1907 λόγους
2439 1838 2692 1909 Πατέρων
2709 1838 2965 1903 πολλάκις
2982 1840 3346 1894 νενοθεύκασι.
3384 1840 3482 1895 Sic
3495 1850 3680 1894 auctor

2128 1929 2259 1984 Vita:
2279 1932 2450 1985 sancti
2484 1930 2707 1984 Maximi
2732 1933 3120 2003 γορτιῑχρήσεις
3133 1933 3321 2000 ἁγίων,
3355 1933 3455 1986 καὶ
3479 1934 3679 2004 αἱρετι-

2116 2022 2226 2076 κῶν
2243 2026 2463 2094 χρήσεις
2485 2023 2614 2095 (11)’
2640 2024 2817 2095 ῥῆσις,
2841 2025 2953 2080 sive
2985 2026 3197 2096 χρῆσις,
3222 2034 3305 2080 est
3325 2025 3521 2089 dictio,
3551 2024 3678 2079 e53-

2115 2123 2250 2179 tum,
2274 2115 2560 2180 sententia,
2573 2129 2700 2183 pars
2722 2115 2985 2170 orationis
3005 2116 3211 2185 integra
3233 2132 3248 2178 ;
3268 2116 3556 2187 τεμάχιον,
3572 2114 3679 2169 fru-

2114 2214 2279 2273 stum,
2299 2205 2655 2276 fragmentum
2675 2202 2822 2279 (ᾟσ’
2839 2207 3135 2279 Εὐριπίδης
3152 2207 3307 2278 ῥῆσίν
3322 2225 3473 2271 τινα,
3492 2209 3677 2262 cecinit

2115 2298 2396 2369 Euripides
2417 2300 2730 2353 sententiam
2746 2298 3074 2370 quamdam),
3104 2315 3234 2369 pars
3260 2300 3551 2365 orationis,
3573 2316 3671 2354 non

2113 2391 2285 2445 oratio
2318 2390 2546 2461 integra.
2566 2388 2744 2456 Quare
2759 2391 2850 2445 hic
2873 2390 3415 2462 contenduntxpﬁcw
3435 2392 3670 2445 illade

2113 2485 2288 2555 ῥῆσιν,
2307 2498 2427 2553 qua:
2457 2498 2524 2537 ex
2550 2482 2875 2552 Apollinaris
2896 2497 3035 2552 penu
3058 2492 3247 2537 exorta
3270 2492 3375 2548 est,
3399 2482 3673 2537 Thauma-

2112 2577 2252 2647 turgi
2272 2591 2375 2631 non
2404 2592 2545 2639 esse,
2561 2576 2653 2631 sed
2674 2575 3022 2645 Apollinaris.
3046 2574 3161 2630 Non
3192 2575 3312 2629 ideo
3336 2585 3522 2630 tamen
3537 2578 3676 2630 abili-

2111 2679 2236 2722 cant
2251 2669 2514 2738 reliquam
2532 2669 2829 2723 orationem
2844 2669 3235 2734 continuatam,
3258 2682 3382 2736 quae
3406 2667 3668 2736 Gregorio

2110 2761 2329 2829 indigna
2365 2775 2472 2814 non
2506 2769 2607 2815 est.
2644 2758 2710 2814 Et
2747 2761 2877 2814 dum
2910 2761 3040 2815 dicit
3066 2759 3347 2823 Leontius,
3384 2759 3532 2827 apud
3576 2773 3669 2811 an-

2111 2852 2375 2919 tiquiores
2415 2850 2753 2915 dubitatum,
2812 2865 2919 2905 non
2969 2851 3034 2904 de
3052 2850 3204 2905 Fidei
3244 2851 3574 2919 expositione
3620 2848 3669 2901 id

2111 2943 2362 3009 aﬂirmat,
2413 2944 2506 2997 sed
2551 2952 2759 2996 tantum
2815 2941 2881 2997 de
2932 2941 3077 2997 dicto
3134 2942 3227 2996 illo
3278 2952 3334 2996 ct
3382 2942 3669 3005 sententia,

450 3052 575 3091 eum
626 3036 747 3091 aliis
798 3036 867 3089 ab
906 3034 1028 3088 aliis
1085 3032 1483 3103 antiquioribus
1539 3031 1787 3085 Patribus
1845 3029 2003 3085 factis
2034 3056 2079 3119 ο
2110 3051 2274 3105 quam
2310 3036 2387 3088 uti
2434 3036 2577 3104 ipse,
2616 3038 2689 3089 ita
2730 3042 2783 3089 et
2824 3033 2914 3087 alii
2956 3034 3219 3088 verbatim
3264 3041 3669 3102 expresserunt,

449 3128 659 3184 confert
703 3137 755 3183 et
798 3129 1088 3182 examinat.
1142 3124 1233 3179 Sic
1276 3133 1329 3179 et
1376 3125 1431 3177 in
1479 3124 1707 3193 epistola
1756 3122 1898 3193 (ccx)
1940 3123 2007 3177 de
2109 3125 2496 3180 dubitationem
2550 3124 2752 3190 fuisse,
2809 3126 3033 3195 intelligi
3080 3126 3257 3178 debet.
3332 3124 3494 3190 Quod
3545 3138 3667 3177 vero

446 3224 551 3277 alia
577 3223 644 3276 ad
666 3220 942 3277 Elianum
980 3220 1180 3289 scripta
1213 3232 1515 3273 sermonem
1556 3217 1734 3283 habet,
1759 3228 1819 3270 ut
1843 3231 2004 3284 supra

446 3324 631 3370 contra
694 3312 1080 3369 Bellarminum
1156 3311 1524 3381 probavimus.
1600 3309 1670 3363 Et
1733 3310 2005 3364 immerito

446 3403 705 3460 Leontius
747 3403 1106 3459 scholasticus
1140 3402 1375 3472 vapulat,
1416 3402 1509 3471 qui
1549 3418 1655 3456 ιιυιι
1702 3402 1768 3455 de
1808 3402 2003 3455 tradita

444 3514 475 3550 a
520 3496 580 3550 Β.
622 3495 862 3566 Virgine,
919 3509 1083 3565 quam
1121 3502 1176 3551 et
1198 3495 1325 3564 ipse
1351 3502 1405 3548 et
1432 3492 1523 3547 alii
1556 3492 1634 3547 uti
1667 3494 1889 3547 verbum
1921 3492 2003 3547 di-

445 3590 631 3642 vinum
678 3588 919 3643 venerati
962 3596 1127 3653 sunt,
1166 3597 1219 3641 et
1274 3586 1477 3654 scripto
1521 3584 1999 3654 consignaverunt,

444 3679 537 3735 sed
590 3680 658 3733 de
714 3680 815 3733 hac
851 3693 1015 3749 quam
1054 3678 1274 3747 speciili
1334 3678 1488 3731 titulo
1535 3676 1628 3729 τοῦ
1663 3676 1805 3729 κατὰ
1838 3678 2001 3748 μέρος

441 3770 510 3823 ab
567 3768 688 3823 aliis
739 3767 1029 3837 Gregorius
1093 3765 1380 3835 separavit,
1452 3764 1642 3819 scribit
1696 3764 2000 3818 dubitatum

441 3860 612 3915 fuisse
652 3875 683 3914 a
709 3858 978 3915 Patribus.
1024 3857 1091 3914 Et
1125 3858 1251 3913 licet
1281 3860 1443 3911 etiam
1469 3871 1657 3911 verum
1693 3856 1782 3921 sit,
1816 3855 2000 3911 omnia

440 3951 570 4006 dicti
624 3949 816 4022 [Patris
869 3959 1148 4022 perspecta
1211 3948 1467 4004 habuisse
1524 3946 1816 4012 Basiliam,
1850 3946 1999 3999 nihi-

438 4041 675 4097 lominus
716 4040 998 4111 Expositio
1050 4041 1196 4109 ﬁdet,
1262 4056 1422 4110 quam
1474 4040 1590 4109 ipse
1634 4037 1911 4109 suggillat,
1945 4046 1999 4093 et

439 4150 701 4190 excusare
715 4135 923 4200 nititur,
940 4150 1047 4189 non
1073 4134 1174 4188 fuit
1190 4150 1362 4204 neque
1386 4132 1473 4187 illa
1491 4147 1522 4187 a
1536 4130 1754 4202 Virgine
1774 4131 1995 4195 dictata,

440 4242 615 4296 neque
653 4228 767 4281 haec
808 4227 944 4296 ipsa,
991 4228 1058 4281 de
1095 4243 1200 4296 qua
1244 4227 1400 4281 nobis
1439 4240 1665 4280 examen
1708 4223 1993 4286 incumbit,

438 4319 531 4372 sed
583 4318 689 4372 alia
737 4319 893 4371 tertia
934 4319 999 4371 ad
1025 4317 1323 4379 Elianum,
1375 4318 1488 4371 sive
1514 4316 1838 4383 Gelianum,
1894 4331 1994 4370 ceu

2107 3217 2296 3271 ultimo
2347 3217 2466 3271 loco
2506 3216 2660 3286 ponit
2709 3232 2775 3270 ex
2828 3216 3092 3271 sententia
3123 3214 3373 3285 Gregorii
3414 3214 3668 3287 Nysseni,

2105 3310 2313 3365 nullum
2362 3324 2483 3364 esse
2525 3325 2664 3378 opus
2708 3307 3096 3379 Thaumaturgi
3133 3317 3329 3377 praeter
3375 3308 3549 3363 solam
3578 3304 3667 3361 Fi-

2105 3402 2250 3469 dem,
2282 3418 2445 3472 quam
2500 3403 2555 3456 in
2586 3402 2797 3457 visione
2848 3411 3225 3471 conspexerat,
3278 3401 3389 3456 hoc
3435 3416 3548 3455 non
3591 3410 3670 3456 est

2105 3498 2205 3551 hac
2224 3495 2719 3565 Fideiexpositione
2754 3496 2869 3550 sola
2891 3535 2906 3559 ,
2941 3495 3035 3549 sed
3082 3495 3305 3564 reliquis
3351 3496 3519 3549 etiam
3555 3496 3669 3548 aliis

2102 3589 2377 3658 operibus,
2408 3603 2528 3657 qua:
2562 3588 2861 3642 indubitate
2890 3587 3137 3657 Gregorii
3169 3598 3317 3652 sunt,
3343 3587 3667 3657 Gregorium

2103 3680 2358 3750 spoliare,
2398 3680 2541 3750 quod
2588 3679 2753 3735 fuerit
2795 3680 2954 3749 plane
2998 3680 3298 3742 absonum,
3344 3688 3402 3733 et
3431 3695 3563 3734 vere
3592 3680 3667 3733 in~

2100 3775 2525 3830 consideratum.
2585 3772 2652 3828 Et
2718 3774 2844 3828 licet
2908 3772 2962 3826 id
3023 3771 3302 3843 Nysseuus
3371 3784 3664 3837 assereret,

2100 3864 2403 3938 Nyssenum
2449 3866 2564 3935 ipse
2603 3880 2875 3930 revereor,
2916 3873 2968 3919 et
3003 3864 3148 3919 iliius
3181 3864 3325 3919 dicta
3356 3865 3663 3933 exosculor.

2098 3957 2282 4013 Habeo
2351 3968 2533 4014 tamen
2561 3974 2700 4029 quos
2740 3959 2817 4013 illi
2848 3972 3116 4028 opponam
3150 3956 3415 4012 Basilium
3463 3968 3520 4013 et
3550 3956 3666 4012 Ilie-

2098 4069 2407 4126 ronymum,
2434 4053 2527 4124 qui
2560 4054 2732 4109 multa
2777 4054 2882 4109 alia
2914 4053 3156 4123 ejusdem
3191 4063 3507 4109 recensent.
3545 4053 3665 4107 Erat

2096 4150 2233 4217 crgd
2252 4147 2321 4200 ab
2348 4146 2613 4201 haereticis
2635 4146 2839 4201 dictum
2862 4144 2993 4199 illud
3021 4144 3087 4198 de
3113 4143 3324 4198 duabus
3359 4143 3419 4197 in
3448 4142 3663 4197 Christo

2096 4239 2304 4293 naturis
2331 4238 2701 4308 depravatum,
2722 4237 2865 4307 quod
2896 4237 3217 4291 Anastasius
3244 4237 3298 4290 in
3334 4236 3538 4306 Ecloge
3569 4251 3661 4290 sua

2097 4342 2163 4384 ex
2197 4329 2417 4398 puriore
2456 4329 2707 4383 codicum
2745 4326 2895 4380 fonte
2940 4326 3219 4389 hauriens,
3275 4332 3337 4378 ut
3378 4323 3513 4376 illud
3554 4324 3665 4377 edi-

436 4412 624 4466 scribit
647 4412 935 4466 Facundus
967 4409 1371 4464 Ilermianensis
1405 4409 1498 4465 lib.
1522 4426 1557 4463 χ
1588 4416 1731 4480 (cap.
1764 4410 1819 4477 6)
1854 4409 1991 4464 scri-
2022 4401 2066 4457 ἰ)
2095 4420 2246 4474 dem;
2274 4418 2733 4489 Thaumamrgus,
2762 4417 3383 4487 exscripsig,recilalque
3417 4414 3665 4469 Simon-

438 4517 555 4573 pta,
590 4514 649 4559 ut
676 4520 837 4574 supra
864 4504 1118 4568 diximus,
1162 4504 1212 4556 in
1249 4519 1353 4571 qua
1396 4502 1462 4556 de
1489 4502 1851 4557 subsistentiis
1881 4517 1989 4557 non

438 4608 510 4652 ita
547 4598 831 4653 commode
872 4598 1115 4651 locutum
1160 4596 1328 4650 fuisse
1368 4595 1530 4650 tradit
1562 4611 1577 4648 :
1606 4596 1731 4649 cum
1782 4595 1837 4649 in
1866 4594 1989 4662 hac,

436 4696 499 4745 'le
530 4707 635 4760 qua
663 4706 806 4744 nunc
834 4689 1129 4753 dubitatur,
1161 4688 1293 4741 nihil
1332 4689 1402 4742 sit
1431 4702 1607 4756 neque
1640 4687 1693 4741 in
1735 4688 1992 4758 mysterio

443 4782 735 4849 Trinitatis,
783 4796 958 4850 neque
1009 4780 1064 4833 in
1115 4778 1371 4849 mysterio
1420 4776 1831 4839 lncarnationis,
1883 4792 1989 4831 non

436 4875 711 4944 aptissime
729 4874 1005 4936 traditum,
1031 4870 1380 4941 et,’catholica:
1395 4868 1647 4925 Ecclesia:
1666 4882 1986 4923 consonum.

435 4967 497 5020 Et
520 4977 628 5021 tres
647 4966 954 5034 huiusmodi
972 4965 1338 5033 expositiones
1354 4971 1477 5017 ante
1494 4978 1579 5016 me
1594 4971 1874 5016 notaverat
1889 4964 1989 5016 do-

431 5059 711 5113 ctissimus
735 5057 970 5113 Jacobus
990 5057 1311 5111 Sirmondus
1346 5058 1401 5110 in
1428 5056 1571 5109 notis
1590 5056 1655 5109 ad
1674 5054 1988 5111 Facundum

432 5146 899 5207 llermianenscm.

505 5308 616 5379 (10)
680 5308 869 5379 Latine
929 5308 1143 5377 quidem
1184 5309 1262 5379 fin
1337 5310 1659 5363 Bibliotheca
1734 5309 1982 5379 Lugdun.

433 5376 548 5431 ΡΙ).
600 5376 648 5432 't.
702 5378 843 5443 XIX,
879 5376 1118 5447 p.187;
1167 5378 1349 5433 Grzcce
1418 5382 1565 5435 dedit
1595 5376 1845 5435 Allalius‘.
1883 5380 1987 5449 Zy-

430 5449 625 5515 gabeni
678 5451 1091 5519 disputationem
1128 5466 1249 5503 cum
1282 5450 1551 5505 Saraceni)
1595 5453 1760 5505 habes
1792 5452 1845 5504 in
1882 5452 1984 5505 bac

432 5530 617 5590 nostra
650 5518 765 5572 PP.
797 5521 1119 5572 Bibliotheca
1154 5531 1189 5571 t.
1218 5520 1303 5573 IV.
1326 5520 1470 5575 Nova
1506 5532 1557 5573 ct
1590 5522 1852 5590 ampliora
1876 5523 1980 5576 alia

428 5587 667 5658 ejusdem
699 5592 897 5658 scripta
925 5591 1086 5657 praclo
1114 5606 1385 5657 paramus.
1418 5592 1481 5643 A.
1505 5591 1575 5644 M.

503 5656 611 5725 (11)
652 5656 857 5727 lieapse
898 5656 949 5711 in
996 5656 1180 5713 nostro
1210 5662 1478 5716 volumine
1521 5663 1748 5730 septimo
1782 5662 1975 5729 Script.

428 5740 547 5791 rem,
592 5741 730 5791 part.
777 5746 813 5794 ι,
856 5730 1018 5785 babes
1080 5747 1129 5799 p.
1191 5731 1288 5785 165
1346 5732 1556 5786 titulum
1600 5735 1819 5803 χρήσεις
1865 5734 1971 5789 τῶν

2094 4512 2195 4567 dus
2246 4511 2391 4566 dicto
2436 4511 2556 4565 loco
2599 4527 2612 4562 :
2658 4512 2752 4563 Ἐκ
2805 4508 2915 4579 τῆς
2979 4508 3129 4562 κατὰ
3165 4508 3349 4577 μέρος
3393 4508 3662 4570 Πίστεως

2093 4608 2390 4681 Γρηγορῖου
2454 4607 2546 4660 τοῦ
2593 4607 2841 4676 Μεγάλου
2880 4606 2971 4659 καὶ
3020 4602 3447 4676 Θαυματουργοῦ
3471 4618 3486 4631 ·
3548 4598 3660 4654 Kal

2091 4701 2221 4753 ἐστι
2269 4698 2410 4763 Θεὸς
2447 4697 2749 4766 ἀληθινὸς,
2803 4700 2835 4751 ό
2864 4697 3127 4764 ἄσαρκος
3162 4695 3233 4747 ἐν
3266 4693 3445 4761 σαρκὶ
3473 4693 3659 4762 ραι-έ-

2083 4791 2315 4860 ρωθεὶς,
2352 4789 2577 4853 τέλειος
2612 4787 2686 4855 τῇ
2718 4785 2976 4854 ἀληθινῇ
3015 4786 3109 4839 καὶ
3147 4785 3273 4850 θείᾳ
3308 4783 3655 4848 τελειότητι,

2090 4885 2162 4936 οὺ
2204 4883 2312 4935 δύο
2355 4882 2671 4949 πρόσωπα,
2725 4879 2883 4932 ἀλλὰ
2925 4877 3036 4948 (12)
3066 4877 3173 4930 δύο
3218 4877 3469 4944 φύσεις,
3512 4872 3660 4925 οὐδέ

2091 4975 2391 5042 τέσσαρας
2437 4970 2803 5041 προσκυνεῖν
2841 4972 3116 5039 λέγομεν,
3164 4966 3305 5021 Θεὸν
3342 4965 3441 5019 και
3489 4964 3657 5025 Υἱὸν.

2093 5066 2239 5120 Θεὸν
2262 5065 2360 5119 καὶ
2389 5064 2717 5132 ἄνθρωπον,
2749 5063 2845 5115 καὶ
2872 5061 3110 5130 Πνεῦμα
3139 5060 3327 5129 ἅγιον.
3356 5076 3377 5109 ι
3411 5058 3487 5111 Ex
3514 5054 3661 5108 Fide

2089 5156 2372 5209 secundum
2410 5166 2585 5224 partes
2618 5153 2863 5225 Gregorii
2904 5152 3078 5223 Magni
3126 5160 3178 5206 et
3211 5149 3646 5218 Thaumaturgi:

2092 5317 2373 5391 μακαρίων
2406 5316 2500 5391 κα).
2538 5312 2829 5391 ὀρᾼθοδόξἮν
2862 5310 3135 5391 Π-ᾳτέρων.
3183 5308 3252 5361 Et
3267 5308 3463 5391 “[1368,
3500 5309 3655 5391 χρὴ-

2092 5335 2238 5387 μακα
2282 5334 2373 5369 ιων
2406 5334 2500 5367 και
2538 5334 2829 5385 ορῠοοοςων
2863 5334 3135 5382 ιιατερων.
3183 5334 3252 5361 ιιι
3290 5334 3341 5376 p.
3374 5334 3463 5371 uo,
3501 5334 3655 5378 un;-

2089 5404 2199 5465 ςεις
2234 5334 2534 5465 θρεοστργῶν
2560 5384 2869 5465 ιπιὶρεκτικώιέἰ
2901 5383 3139 5450 Denique
3188 5395 3243 5448 p.
3266 5378 3391 5443 202,
3422 5378 3655 5449 χρή-τας

2086 5457 2357 5527 ἄχρηστοι
2390 5453 2699 5527 Ἀρειανῶνἶ
2729 5455 2793 5507 Α.
2823 5453 2894 5506 Μ.

2157 5513 2268 5597 (lii)
2315 5513 2502 5579 Viden‘
2545 5525 2835 5597 genuinum
2885 5521 3055 5597 me,
3106 5518 3435 5597 proA§purio
3480 5513 3653 5597 οὒδέᾼῖ

2085 5588 2280 5651 Recole
2312 5588 2986 5650 nostramvadnotationem
3012 5593 3062 5656 1,
3090 5588 3143 5660 p.
3174 5589 3272 5645 108
3295 5588 3495 5659 (supra,
3521 5595 3647 5638 not.

2083 5668 2136 5734 8,
2170 5668 2272 5723 col.
2307 5665 2490 5737 1225).
2524 5665 2586 5718 A.
2621 5664 2692 5719 Μ.
