3888 6516
243 320 384 378 1-229

1100 332 1344 390 LEONIS
1380 336 1658 393 ALLATll
1689 338 2014 398 DIATRIBA
2049 346 2138 402 DE
2172 349 2580 408 THEODORIS.

3339 367 3476 421 1930

240 441 344 495 Est
368 439 504 496 Deus
559 460 742 510 verus,
794 448 905 516 qui,
930 449 1124 520 absque
1169 469 1327 508 carne
1379 471 1495 510 cum
1547 469 1700 520 esset,
1747 461 1803 512 in
1831 462 1878 517 Α
1903 464 2318 535 sententiarum,
2348 471 2442 540 qui
2472 471 2600 526 dum
2635 487 2702 527 ex
2732 489 2792 529 ea
2826 477 2989 532 verba
3021 480 3245 548 profert,
3289 485 3477 542 scribit

238 550 399 587 carne
427 537 706 604 apparuit,
733 539 991 608 perfectus
1035 559 1154 596 vera
1183 556 1232 598 et
1256 546 1431 602 divina
1470 550 1803 618 perfectione,

235 641 342 678 non
371 626 492 681 dua:
519 644 781 696 persona,
817 633 907 685 sed
945 643 1152 689 natura:
1191 637 1347 702 dum;
1380 657 1540 710 neque
1581 653 1808 713 quatuor

230 718 460 770 adorare
497 717 741 785 dicimus,
764 719 930 775 Deum
955 733 1004 776 et
1027 722 1070 776 F
1075 725 1241 792 ilium,
1264 728 1426 782 Deum
1449 742 1496 785 ct
1521 732 1800 810 hominem,

226 818 280 860 et
305 807 563 876 Spiritum
605 822 866 866 sanctam.
903 833 922 864 ι
981 814 1048 868 Ει
1091 815 1416 889 Euthymius
1458 807 1799 894 Zygabenus,

232 899 288 949 in
327 897 603 969 Panoplim
631 903 896 969 tituloia‘i,
918 920 982 958 ea
1015 906 1066 959 in
1102 918 1252 976 parte
1289 909 1379 964 ubi
1409 914 1475 966 de
1506 914 1716 972 duabus
1745 918 1797 972 in

225 988 452 1043 Christo
486 993 693 1047 naturis
720 995 1023 1050 testimonia
1051 996 1268 1053 Patrum
1307 1003 1544 1072 colligit:
1569 1006 1672 1059 Τοῦ
1690 1009 1798 1062 Με-

223 1079 396 1146 γάλου
441 1083 738 1157 Γρηγορῖου
782 1086 874 1140 τοῦ
922 1088 1343 1165 Θαυματουργοῦ
1388 1098 1450 1150 ὲκ
1497 1096 1603 1164 τῆς
1648 1102 1798 1156 κατὰ

216 1172 407 1240 μέρος
438 1177 730 1245 Πίστεωςο
760 1180 867 1233 Καὶ
897 1181 1025 1235 ἐστι
1054 1184 1198 1251 Θεὸς
1215 1186 1520 1255 ἀληθινὸς,
1551 1195 1583 1244 ό
1607 1191 1792 1262 ἄσαρ-

220 1279 331 1328 κος
361 1265 431 1317 ἐν
457 1269 633 1335 σαρκὶ
659 1273 1035 1339 φανερωθεὶς,
1069 1277 1140 1328 οὐ
1171 1275 1278 1329 δύο
1301 1281 1608 1348 πρόσωπα,
1631 1285 1792 1340 ἀλλὰ

218 1352 334 1406 δύο
380 1358 612 1424 φύσεις.
675 1379 694 1412 ‹
737 1360 912 1432 Magni
967 1364 1211 1437 Gregorii
1271 1365 1663 1445 Thaumaturgi
1721 1392 1786 1431 ex

215 1446 546 1514 professione
565 1449 688 1518 ﬁdei
716 1455 998 1507 secundant
1020 1470 1196 1525 partes
1218 1477 1232 1512 ;
1255 1457 1322 1513 Et
1349 1473 1422 1514 est
1451 1463 1585 1517 Deus
1613 1483 1782 1532 verus,

215 1539 311 1604 qui
338 1547 512 1592 tamen
532 1542 641 1595 sine
671 1560 826 1597 carne
851 1555 946 1612 est,
979 1548 1031 1600 in
1053 1565 1207 1602 carne
1233 1556 1501 1620 apparuit,
1536 1574 1634 1610 non
1665 1560 1785 1614 dua:

214 1646 477 1696 personae,
508 1633 598 1686 sed
624 1634 744 1690 dua:
761 1647 984 1694 natura.
1017 1659 1036 1690 ι
1063 1638 1191 1695 Jure
1224 1642 1405 1714 itaque
1435 1647 1778 1715 dictumhoc,

214 1730 276 1774 ut
318 1722 664 1790 proferebant
707 1727 966 1796 haeretici,
1013 1741 1290 1789 verterunt
1330 1738 1383 1790 in
1428 1739 1650 1795 dubium
1676 1741 1781 1796 Pa-

211 1821 347 1876 tres,
392 1829 462 1867 an
493 1814 733 1886 Gregorii
773 1829 933 1875 esset.
986 1819 1052 1874 Et
1075 1821 1140 1877 de
1159 1819 1262 1878 hac
1280 1822 1623 1897 Expositione
1651 1833 1776 1902 ﬁdei

209 1907 354 1960 κατὰ
387 1909 575 1981 μέρος,
602 1914 756 1969 satis.

277 1999 400 2054 Dixi
437 2018 622 2072 supra,
658 2006 815 2061 ﬁdem
846 2007 1106 2080 Gregorio
1159 2012 1448 2068 revelatam
1485 2031 1514 2070 a
1551 2015 1771 2088 Virgine

205 2089 401 2148 Patres
433 2096 692 2152 reveritos
723 2097 913 2165 fuisse,
945 2109 999 2156 et
1031 2101 1083 2154 in
1117 2119 1215 2158 sua
1243 2106 1444 2176 scripta
1498 2111 1768 2166 retulisse.

202 2181 362 2236 Addo
395 2200 560 2251 nunc,
597 2196 650 2242 et
678 2203 744 2243 ex
777 2189 922 2246 illius
945 2193 1102 2247 dictis
1132 2195 1298 2251 multa
1331 2197 1453 2253 ﬁdei
1488 2204 1766 2271 mysteria,

202 2273 387 2328 verbis
448 2284 503 2331 et
549 2282 832 2337 sententiis
883 2284 1005 2340 inde
1057 2287 1300 2354 haustis,
1363 2295 1764 2362 comprobasse.

201 2362 276 2419 Ne
319 2368 564 2438 singulos
605 2386 937 2436 recenseam,
966 2377 1073 2430 duo
1107 2383 1481 2437 tantummodo
1513 2385 1657 2441 dicta
1684 2388 1768 2442 di-

199 2457 491 2512 sertissimi
522 2459 718 2528 Patris,
747 2475 798 2519 et
829 2466 937 2531 cui,
963 2483 991 2520 a
1020 2469 1336 2539 theologicis
1371 2475 1532 2530 rebus
1562 2478 1765 2545 optime

196 2557 249 2602 et
286 2553 703 2609 accuratissime
745 2560 1110 2625 pertractatis,
1163 2561 1421 2634 Theologi
1458 2582 1759 2637 cognomen

198 2637 470 2695 universa:
499 2640 755 2699 Ecclesia:
799 2663 1062 2704 consensu
1106 2651 1350 2718 obvenit,
1380 2654 1643 2725 Gregorii,
1678 2658 1760 2713 in-

197 2744 390 2798 quam,
440 2732 760 2791 Nazianzeni
789 2781 803 2804 ,
874 2739 926 2793 in
981 2743 1218 2798 medium
1263 2745 1516 2812 aﬂ‘eram,
1561 2750 1758 2818 quibus

194 2820 484 2878 allirmatio
522 2842 641 2882 mea
685 2839 868 2899 aperte
905 2835 1334 2891 constabilietur.
1375 2837 1617 2894 Primum
1653 2843 1756 2898 erit

192 2928 254 2968 ex
284 2917 533 2973 oratione
565 2920 628 2974 de
664 2920 973 2989 baptismate
998 2926 1097 2998 (or.
1126 2945 1212 2995 τι,
1237 2930 1348 3000 42).
1399 2931 1599 2988 Scribit
1622 2935 1754 2990 Gre-

193 3008 414 3075 gorius:
443 3011 607 3065 Οὐδὲν
641 3013 740 3082 τῆς
783 3016 1038 3086 Τριὰὁος,
1093 3013 1138 3074 ὧ
1177 3017 1342 3086 οὗτοι,
1376 3023 1498 3078 οὔτε
1540 3027 1746 3093 δοῦλον,

1909 568 1970 606 ea
2012 571 2069 609 se
2102 573 2318 615 sumere
2359 563 2421 615 ὲκ
2465 564 2556 617 τοῦ
2599 566 2725 636 περὶ
2761 568 3087 638 σαρκώσεως
3120 574 3213 626 καὶ
3243 575 3477 642 πίστεως

1907 645 2063 712 λόγου
2101 652 2157 703 ὲν
2198 655 2262 724 τῇ
2307 656 2569 728 ἑρμηνείᾳ
2607 658 2696 710 τοῦ
2730 659 2978 732 δευτέρου
3010 664 3472 738 ἀναθεματισμοῦ.

1912 758 1930 790 ι
1959 738 2034 794 Ex
2072 746 2318 800 oratione
2357 747 2421 802 de
2456 748 2829 805 incarnatione
2862 763 2912 808 et
2949 754 3083 820 fide,
3120 757 3174 811 in
3209 759 3473 830 interpre-

1903 835 2107 890 tatione
2151 839 2590 895 anathematismi
2637 846 2880 900 secundi.
2923 866 2941 898 ι
3004 847 3152 904 Licet
3203 853 3345 908 enim
3396 873 3470 911 ex

1901 925 2170 982 divisione
2201 931 2381 999 operis
2425 933 2480 986 in
2523 936 2780 1004 capitula,
2815 940 3174 1008 capitulorum
3219 945 3322 999 sibi
3365 964 3470 1002 no»

1899 1031 2022 1070 men
2057 1033 2194 1088 opus
2222 1022 2535 1090 praztulerit,
2578 1035 2814 1082 attamen
2856 1030 2931 1083 illi
2964 1037 3091 1103 περὶ
3138 1036 3467 1106 σαρκώσεως

1898 1107 2114 1162 titulum
2175 1111 2243 1164 ab
2287 1123 2509 1168 auctore
2562 1117 2842 1184 prmiixum
2901 1121 3104 1185 fuisse,
3159 1139 3226 1178 ex
3275 1129 3462 1184 eodem

1895 1199 2078 1266 operis
2110 1213 2429 1270 argumento
2455 1206 2612 1272 plane
2638 1218 2803 1277 patet.
2884 1209 3086 1267 Scribit
3125 1217 3329 1274 scilicet
3363 1237 3465 1274 au-

1892 1299 2012 1343 ctor
2055 1310 2068 1344 :
2118 1291 2252 1346 Θεοῦ
2299 1297 2479 1366 χάριτι
2536 1299 2651 1362 πῶς
2703 1301 2785 1353 δεῖ
2837 1306 3110 1361 πιστεύειν
3180 1311 3306 1382 περὶ
3366 1313 3465 1385 τῆς

1893 1379 2215 1450 σαρκώσεως
2259 1386 2352 1436 καὶ
2399 1386 2863 1459 ἐνανθρωπήσεως
2909 1394 3001 1447 τοῦ
3028 1396 3154 1449 Υἱοῦ
3197 1399 3290 1451 τοῦ
3325 1400 3460 1454 Θεοῦ

1901 1467 2071 1539 Ἰησοῦ
2097 1472 2350 1540 Χριστοῦ.
2390 1495 2408 1525 ι
2434 1475 2718 1542 Quomodo
2748 1498 2870 1540 cum
2901 1483 2992 1538 Dei
3016 1489 3188 1554 gratia
3214 1501 3460 1559 oporteat

1886 1559 2104 1613 credere
2140 1561 2206 1614 de
2244 1563 2619 1621 incarnatione
2648 1579 2698 1622 et
2727 1570 3170 1630 inhumanatione
3201 1577 3323 1632 Filii
3358 1579 3455 1635 Dei

1883 1645 2012 1704 Jesu
2039 1651 2264 1705 Christi.
2296 1673 2314 1705 ι
2349 1652 2414 1707 Et
2445 1659 2689 1726 apposite
2721 1660 2832 1716 lucc
2860 1663 2966 1716 duo
2999 1667 3287 1736 conjunxit
3325 1671 3456 1744 σάρ-

1883 1760 2072 1807 κωσιν,
2099 1746 2190 1798 καὶ
2218 1746 2646 1818 ὲνανΘρὼπησιν,
2683 1753 3099 1810 incarnationem
3128 1769 3176 1811 et
3203 1762 3454 1816 inhuma-

1885 1836 2181 1900 nationem,
2231 1845 2490 1906 tanquam
2539 1842 2632 1910 qui
2676 1852 2729 1896 et
2765 1843 2981 1901 Grzecos
3030 1850 3327 1907 catholicos
3367 1871 3454 1908 se-

1885 1937 2163 1992 queretur,
2198 1931 2288 1997 qui
2330 1929 2396 1983 de
2435 1931 2536 1985 hoc
2570 1935 2830 2004 mysterio
2875 1937 3039 1994 libros
3080 1956 3209 1996 suos
3261 1944 3454 1999 inscri-

1883 2015 2008 2070 bere
2035 2018 2296 2086 solebant,
2325 2021 2460 2090 Περὶ
2488 2023 2948 2098 ἐνανθρωπήσεως
2967 2071 2981 2093 ,
3014 2040 3065 2084 et
3093 2032 3454 2090 heterodoxo—

1879 2122 2002 2161 rum
2029 2112 2348 2166 sententiam
2382 2113 2671 2178 relelleret,
2698 2118 2790 2186 qui
2821 2135 2942 2172 cum
2971 2129 3140 2176 totum
3172 2125 3449 2180 hominem

1879 2211 1910 2248 a
1933 2194 2111 2253 Verbo
2151 2210 2462 2271 susceptum
2507 2217 2785 2275 negarent,
2824 2210 3286 2284 ὲνανθρωπήσεως
3321 2217 3452 2271 titu-

1879 2289 1988 2342 lum
2017 2290 2375 2361 refugiebant,
2406 2305 2460 2348 et
2490 2297 2659 2350 altero
2693 2298 2828 2368 Περὶ
2859 2300 3184 2370 σαρκώσεως
3215 2305 3446 2360 uteban-

1877 2391 1984 2442 tur,
2027 2392 2086 2436 ut
2111 2383 2385 2439 Eudoxius
2429 2386 3066 2458 Constantinopolitanus
3092 2402 3144 2448 et
3169 2394 3444 2463 Apollina-

1875 2473 1952 2527 ris
1993 2474 2107 2542 ipse
2146 2473 2408 2529 fecerant.
2450 2478 2783 2534 Athanasius
2811 2481 2973 2536 etiam
3001 2482 3317 2554 Gregorium
3352 2505 3442 2544 se~

1874 2573 2033 2617 cutus
2063 2577 2354 2636 utramque
2383 2583 2568 2623 vocem
2612 2586 2718 2623 una
2750 2573 3033 2639 conjunxit
3061 2587 3245 2631 contra
3277 2577 3442 2649 Apel-

1873 2654 2102 2709 linaretn
2140 2657 2254 2726 (lib.
2288 2675 2325 2722 ι,
2355 2659 2445 2727 2|)
2481 2675 2495 2711 :
2531 2661 2827 2731 Μανιχοιῖος
2867 2665 3171 2737 ἀπιστήσας
3215 2672 3278 2740 τῇ
3312 2687 3443 2741 σαρ-

1869 2745 2033 2800 κώσει
2078 2751 2168 2802 καὶ
2197 2750 2606 2824 ἐνανορωπήσει
2652 2755 2744 2807 τοῦ
2791 2756 3016 2828 Κυρίου,
3063 2760 3262 2831 ἀσεϐὴς
3298 2763 3439 2816 κατὰ.

1870 2835 2048 2890 πάντα
2095 2838 2308 2908 γέγονε.
2355 2859 2374 2891 ι
2402 2840 2736 2900 Manichacus
2776 2860 2883 2898 non
2917 2847 3144 2902 credens
3188 2851 3441 2905 incarna-

1869 2927 2000 2982 tioni
2028 2938 2082 2983 et
2123 2931 2557 2988 inhumanationi
2583 2934 2818 2998 Domini,
2851 2937 2905 2993 in
2946 2939 3202 2996 omnibus
3236 2942 3436 3012 impius

1865 3016 2042 3073 factus
2097 3029 2197 3074 est.
2233 3039 2252 3072 ι
2304 3021 2439 3075 lllud
2493 3039 2711 3095 quoque
2760 3027 2969 3083 interim
3029 3031 3430 3086 observandum

189 3097 308 3153 οὔτε
340 3103 576 3157 κτιστύν.
635 3124 654 3158 ι
685 3106 826 3162 Nihil
867 3111 922 3164 in
950 3109 1234 3176 Trinitate,
1287 3129 1320 3170 ο
1348 3117 1538 3183 amici,
1579 3136 1755 3190 neque

1866 3120 1973 3176 est,
2020 3113 2214 3167 horum
2247 3115 2608 3184 capitulorum
2650 3135 2773 3172 cum
2814 3122 3152 3191 expositione
3191 3125 3246 3177 in
3272 3125 3434 3182 editis

191 3207 407 3248 servum
437 3211 611 3266 neque
639 3209 900 3255 creatum.
931 3222 949 3253 ι
984 3202 1052 3258 Ει
1073 3205 1231 3274 plane
1268 3206 1340 3261 ita
1362 3219 1462 3265 est.
1501 3209 1566 3264 Et
1592 3221 1749 3266 nota-

188 3282 260 3336 vit
309 3285 498 3339 nescio
552 3291 673 3357 quis
724 3290 777 3344 in
833 3293 1077 3363 margine
1142 3299 1495 3367 manuscripti
1547 3302 1752 3357 codicis

187 3370 431 3429 Vaticani
458 3377 618 3441 1592,
667 3395 788 3451 pag.
814 3383 882 3436 59
916 3399 929 3434 :
971 3383 1238 3457 Γεώργιον
1284 3389 1598 3462 (Γρηγόριον
1636 3396 1752 3449 vult

185 3466 382 3539 dicere)
410 3470 498 3524 τὸν
519 3471 941 3546 Θαυματουργὸν
968 3480 1026 3530 ἐν
1052 3481 1117 3549 τῇ
1146 3480 1556 3551 ἀποκαλύψει,
1587 3484 1749 3539 «Gre-

185 3563 392 3630 gorium
425 3566 601 3621 innuit
625 3567 1088 3640 Thaumaturgum
1119 3575 1171 3628 in
1197 3575 1524 3632 reuelatione.
1548 3598 1565 3630 ι
1594 3580 1745 3635 Alte-

185 3669 296 3709 rum
321 3665 410 3712 est
432 3660 484 3712 in
511 3660 754 3714 oratione
772 3661 833 3715 de
861 3662 1064 3732 Spiritu
1091 3676 1269 3719 sancto
1294 3667 1396 3737 (or.
1428 3687 1580 3736 χχχι,
1605 3672 1696 3740 28)
1728 3694 1741 3728 :

180 3747 362 3801 Σέὃειν
403 3750 532 3803 Θεὸν
578 3753 669 3806 τὸν
719 3754 958 3824 Πατέρα,
1001 3757 1132 3810 Θεὸν
1175 3759 1267 3810 τὸν
1318 3760 1468 3824 Υξὸν,
1517 3762 1648 3816 Θεὸν
1683 3765 1744 3817 τὸ

180 3838 400 3915 Πνεῦμα
447 3842 508 3894 τὸ
555 3843 726 3912 ἆγιον,
777 3850 923 3917 τρεῖς
974 3847 1271 3921 ἰδιότητας,
1312 3851 1536 3923 Θεότητα
1589 3855 1740 3924 μίαν,

175 3931 317 4005 δόξῃ,
349 3936 444 3988 καὶ
478 3940 629 4008 τιμῇ,
662 3939 754 3990 καὶ
792 3939 969 4011 οὐσίᾳ,
997 3942 1089 3994 καὶ
1125 3942 1370 4015 βασιλείᾳ
1417 3945 1490 4016 μὴ
1523 3947 1741 4018 μεριζο-

179 4026 361 4098 μένην,
404 4027 480 4091 ὥς
515 4047 598 4093 τις
639 4029 745 4083 τῶν
784 4032 962 4103 μικρῷ
1000 4035 1232 4105 πρόσθεν
1261 4036 1531 4109 θεοφόρων
1562 4039 1740 4108 ἐφιλο-

175 4111 427 4187 σόφησεν.
494 4136 513 4166 ι
558 4118 747 4174 Colere
792 4119 959 4174 Deum
1003 4120 1215 4177 Patrem
1243 4164 1260 4189 ,
1300 4123 1470 4179 Deum
1518 4125 1736 4194 Filium,

174 4207 338 4263 Deum
370 4208 632 4278 Spiritum
674 4221 940 4276 sanctum,
989 4225 1098 4269 tres
1135 4215 1515 4286 proprietates,
1559 4217 1734 4272 deita-

172 4309 274 4354 tem
321 4316 521 4362 unam,
573 4317 748 4371 neque
794 4304 997 4372 gloria,
1043 4320 1220 4374 neque
1265 4305 1505 4371 honore,
1562 4324 1735 4378 neque

169 4393 422 4456 essentia,
447 4407 622 4462 neque
648 4407 816 4461 regno
849 4395 1200 4452 subdivisam.
1235 4405 1293 4450 ut
1314 4397 1537 4466 quidam
1568 4401 1730 4467 paulo

1853 3201 2203 3274 Gregorianis
2231 3209 2430 3278 praeligi
2453 3207 2750 3264 Gerardum
2768 3210 3022 3268 Vossium
3059 3215 3428 3286 interpretem,

1853 3308 1977 3347 cum
2020 3304 2198 3350 tamen
2234 3297 2562 3354 Posseviuus
2612 3305 2838 3368 scribat,
2884 3306 3142 3374 quoniam
3183 3323 3244 3363 ea
3280 3324 3427 3362 nun-

1853 3402 2018 3455 quam
2067 3397 2160 3441 aut
2191 3388 2374 3445 Grmce
2409 3402 2504 3446 aut
2545 3392 2738 3449 Latine
2770 3398 3070 3465 prodierint
3123 3401 3176 3452 in
3222 3400 3422 3463 lucem,

1856 3477 1976 3532 ideo
2001 3480 2310 3534 versionem
2339 3483 2550 3537 illorum
2585 3485 2780 3539 factam
2818 3503 2848 3540 a
2874 3487 3166 3544 Fraucisco
3197 3490 3427 3546 Turria-

1851 3585 1943 3633 no,
1991 3569 2044 3623 in
2090 3572 2364 3640 Apparatu
2415 3591 2515 3628 suo
2556 3577 2839 3646 adjecisse.
2890 3579 3020 3645 Quae
3062 3597 3185 3635 cum
3231 3582 3420 3637 iisdem

1844 3661 2048 3726 verbis,
2107 3666 2298 3731 paucis
2345 3667 2668 3733 immutatis,
2719 3685 2830 3739 pra:
2880 3673 3133 3728 manibus
3177 3677 3418 3729 omnium

1847 3754 1935 3819 sit,
1973 3754 2098 3824 quis
2133 3758 2200 3810 ab
2233 3758 2403 3812 altero
2441 3763 2732 3830 acceperit,
2770 3763 3042 3817 incertum
3074 3765 3329 3820 mihiest.

1915 3844 1973 3898 In
1997 3848 2274 3915 epistolam
2290 3848 2681 3920 Thaumaturgi
2709 3861 3017 3906 canonicam
3040 3858 3418 3912 commentarii

1840 3930 2067 3986 Joannis
2097 3933 2322 3990 Zonaras
2356 3949 2409 3991 et
2433 3937 2704 3994 Theodori
2744 3941 3084 3999 Balsamonis
3115 3945 3242 3999 editi
3285 3957 3417 4001 sunt

1840 4019 2099 4089 Lutetiae;
2150 4023 2492 4082 Balsamonis
2515 4030 2733 4098 quidem
2766 4031 2929 4085 simul
2959 4048 3081 4087 cum
3113 4035 3234 4089 aliis
3265 4037 3417 4104 ejus-

1840 4113 1963 4167 dem
2015 4115 2451 4182 expositionibus
2501 4119 2556 4172 in
2616 4135 2805 4177 sacros
2847 4137 3123 4190 canones;
3187 4125 3414 4181 Zonaras

1836 4222 1968 4260 vero
1991 4209 2302 4276 separatim,
2328 4226 2451 4264 eum
2478 4213 2669 4267 eodem
2694 4211 3123 4285 Thaumaturgo,
3177 4215 3414 4273 Macario

1839 4311 1893 4354 et
1932 4299 2130 4355 Basilio
2189 4301 2560 4371 Seleuciensi,
2613 4304 2838 4361 Lutetia:
2887 4307 3065 4362 in-fol.
3133 4309 3318 4366 Graece
3357 4321 3414 4366 et

1838 4392 2046 4448 Latine.

171 4492 289 4538 ante
318 4499 422 4538 nos
449 4484 620 4540 deifer
648 4485 1064 4556 phil050phatus
1100 4496 1202 4542 est.
1233 4507 1250 4538 ι
1290 4465 1348 4542 In
1383 4465 1609 4545 alterius
1637 4505 1728 4546 co-
1762 4465 1769 4519 Ῑ

1906 4483 2108 4539 Praeter
2165 4488 2296 4550 haec,
2329 4487 2473 4543 illius
2509 4489 2668 4543 etiam
2720 4489 2907 4545 laudat
2932 4492 3189 4560 epistolas
3215 4491 3409 4547 Hiero-

167 4573 300 4628 dicis
341 4589 561 4644 quoque
589 4574 830 4630 Vaticani
871 4577 975 4632 456
1025 4578 1217 4646 pagina
1265 4577 1360 4632 561
1403 4581 1724 4635 adnotatur:

168 4663 461 4736 Γρηγόριον
506 4666 650 4734 λέγει
690 4667 780 4722 τὸν
827 4668 1244 4740 Θαυματουργὸν
1293 4671 1350 4721 ὲν
1399 4675 1466 4743 τῇ
1505 4673 1726 4726 ἀποκα-

165 4755 366 4823 λύψει.
1109 4826 1119 4837 ι

228 4845 419 4902 Cesset
453 4849 616 4902 etiam
647 4865 876 4904 censura
917 4866 947 4904 a
974 4850 1302 4906 Bellarmino
1330 4851 1469 4908 facta
1499 4853 1565 4908 de
1590 4857 1724 4907 duo—

163 4939 324 4992 decim
360 4941 630 5008 capitulis,
666 4957 786 5011 quae
819 4951 996 4997 tamen
1033 4945 1108 4997 uti
1141 4943 1469 5013 Gregoriana
1501 4959 1528 4996 a
1559 4946 1724 5000 colle-

162 5043 303 5085 ctore
353 5032 741 5086 sententiarum
789 5032 856 5087 de
889 5033 1101 5087 duabus
1144 5034 1196 5087 in
1243 5033 1460 5087 Christo
1512 5035 1721 5088 naturis

162 5130 542 5190 agnoscuntur.
593 5121 661 5175 Et
688 5122 882 5177 Suidas
927 5143 938 5177 :
979 5123 1273 5195 Γρηγόριος
1346 5125 1443 5176 καὶ
1499 5124 1724 5197 ’Λοηνό-

160 5212 322 5285 δωρος
373 5215 725 5284 συναίμονες,
784 5214 897 5268 ἀλλ’
927 5217 955 5268 ὁ
998 5217 1094 5284 μὲν
1161 5217 1540 5287 τερατουργὸς,
1592 5219 1620 5268 ὁ
1660 5217 1716 5270 δὲ

159 5307 440 5376 σοφιστήςο
484 5306 686 5377 ἔγραψε
728 5307 785 5358 δὲ
829 5305 954 5379 περὶ
995 5307 1319 5378 σαρκώσεως
1357 5310 1450 5361 καὶ
1483 5309 1718 5372 πίστεως

157 5395 324 5465 λόγον.
372 5419 390 5449 ι
413 5399 703 5468 Gregorius
729 5408 782 5454 et
807 5399 1189 5454 Athenodorus
1220 5400 1462 5468 germani
1499 5399 1713 5466 fratres,

159 5488 245 5539 sed
269 5488 357 5540 ille
378 5490 604 5558 quidem.
621 5490 1008 5544 miraculorum
1033 5498 1294 5558 patrator,
1324 5489 1412 5544 hic
1446 5489 1710 5557 sophista.

158 5573 381 5646 Scripsit
424 5594 550 5634 vero
600 5581 689 5633 ille
733 5581 798 5634 de
832 5580 1203 5635 incarnatione
1253 5591 1305 5635 et
1349 5580 1453 5635 fide
1505 5582 1710 5635 oratio-

159 5686 292 5725 nem.
327 5690 346 5722 ι
383 5671 532 5728 Hanc
556 5673 699 5728 enim
729 5674 1024 5728 orationem
1055 5689 1162 5728 non
1197 5688 1318 5730 esse
1348 5673 1514 5736 aliud,
1546 5688 1708 5742 quam

155 5763 264 5831 ipsa
333 5766 607 5819 duodecim
659 5768 924 5837 capitula,
994 5781 1230 5838 agnosco
1290 5782 1356 5821 ex
1413 5766 1705 5822 collectore

1835 4591 2052 4645 nymus.
2130 4576 2192 4631 Et
2245 4579 2363 4632 alia:
2413 4581 2576 4649 hujus
2623 4579 2786 4650 vulgo
2839 4580 3088 4636 feruntur
3139 4584 3400 4651 epistolae.

1833 4668 2029 4722 Suidas
2062 4687 2075 4720 :
2110 4672 2349 4743 Ἔγραψε
2397 4677 2490 4727 καὶ
2527 4675 2691 4737 ἄλλοις
2709 4693 2767 4727 τε
2807 4674 3003 4737 πολλὰς
3031 4678 3124 4728 καὶ
3154 4675 3403 4738 ποικίλας

1830 4755 2131 4820 ἐπιστολάς.
2177 4778 2194 4809 ι
2225 4760 2452 4830 Scripsit
2497 4773 2551 4816 et
2607 4764 2742 4816 alias
2775 4765 2974 4818 multas
3013 4764 3146 4817 varii
3187 4765 3400 4836 generis

1829 4850 2104 4918 epistolas.
2143 4871 2161 4902 ι

1899 4941 2017 4994 Alia
2072 4957 2294 5012 quoque
2352 4946 2670 5014 scripsisse,
2726 4948 2860 5002 nulli
2916 4948 3140 5002 dubium
3197 4948 3393 5018 fuerit;

1827 5034 1998 5086 multa
2032 5035 2175 5088 enim
2212 5035 2358 5089 illius
2390 5046 2443 5089 et
2474 5039 2606 5092 satis
2636 5040 2843 5107 prolixa
2886 5040 2938 5092 in
2968 5038 3173 5093 Catena
3207 5042 3395 5097 Graeca

1826 5135 1992 5191 super
2018 5121 2336 5186 Jeremiam,
2379 5140 2501 5194 qua:
2534 5142 2635 5180 IIOS
2669 5125 2859 5182 Latina
2906 5127 3156 5188 fecimus.
3196 5138 3250 5184 et
3277 5132 3391 5207 suis

1825 5213 1879 5266 in
1900 5209 2190 5269 Jeremiam
2230 5219 2637 5273 commentariis
2669 5220 2900 5274 inseruit
2923 5219 3174 5286 rMichael
3206 5220 3386 5275 Gisle-

1821 5306 1959 5372 rius,
1988 5306 2241 5376 leguntur
2267 5325 2387 5377 qua:
2433 5310 2486 5362 in
2514 5311 2673 5364 editis
2701 5327 2810 5365 non
2845 5314 3131 5367 habentur.

1890 5397 1972 5451 Ad
2022 5399 2168 5453 hunc
2209 5399 2702 5456 Neocaesariensem
2739 5402 3060 5473 Gregorium
3096 5401 3385 5472 Origenem

1819 5487 2105 5557 scripsisse
2157 5491 2462 5560 epistolam,
2528 5510 2546 5542 ι
2579 5493 2798 5563 quando
2830 5493 3096 5562 quibusve
3137 5493 3380 5562 philoso-

1816 5579 1989 5647 phica:
2031 5578 2331 5647 disciplina:
2372 5582 2530 5636 utiles
2561 5584 2671 5637 sint
2711 5583 2776 5636 ad
2812 5597 3088 5636 sacrarum
3129 5581 3378 5650 Scriptu-

1813 5687 1999 5726 rarum
2035 5673 2462 5742 expositionem,
2497 5692 2620 5730 cum
2654 5675 2951 5745 Scriptura:
2987 5677 3321 5736 testimonio,
3351 5693 3371 5726 ι

1813 5764 2024 5819 decimo
2058 5766 2217 5821 tertio
2253 5768 2426 5837 capite
2455 5768 2761 5825 Philocalite
2802 5769 3060 5824 insertam
3080 5809 3095 5835 ,
3127 5766 3371 5824 nonnulli
