3888 6504
452 365 578 419 £33!

1316 315 1579 451 Leonis.
1606 328 1877 416 ALLATII
1915 360 2237 415 DlATRIBA
2275 359 2363 415 ns
2405 357 2819 415 THEODORIS.

3556 366 3694 421 ηδε

452 502 549 539 nec
588 484 859 540 immerito
891 485 1292 541 existimarunt.
1329 485 1387 540 P.
1415 487 1583 557 Χαῖρε
1612 487 1668 539 ὲν
1691 484 1847 554 Θεῷ,“
1870 483 2025 555 κύριὲ

2128 482 2223 537 vit.
2263 502 2281 533 ι
2340 480 2540 537 Verum
2592 484 2643 538 id
2689 490 2791 547 est,
2842 497 3000 539 nemo
3053 485 3260 543 inficias
3317 488 3493 544 iverit.
3535 510 3554 542 ε
3596 489 3692 545 Hic

450 594 552 646 μου
602 576 1017 643 σπουδαιότατε,
1053 578 1147 630 καὶ
1183 576 1570 646 αἰδεσιμώτατε
1622 577 1702 628 υἱὲ
1734 576 2017 647 Γρηγόριε,

451 670 600 742 παρὰ
641 669 960 743 Ὠριγένους.
992 671 1057 722 Ἥ
1086 672 1165 733 εἰς
1188 668 1417 735 σύνεσιν,
1446 687 1498 721 κ.
1530 686 1579 720 τ.
1610 668 1658 723 λ.
1691 668 1747 720 ln
1776 670 2020 739 margine

452 762 655 817 codicis
688 760 931 815 Vaticani
962 762 1065 815 589
1101 768 1317 813 notatur
1365 779 1376 813 :
1431 759 1588 811 Ἀλλὰ
1624 760 1681 812 τὸ
1722 759 1894 829 παρὸν
1928 776 2020 810 κε-

449 854 675 921 φάλαιον
724 852 873 905 οὐδὲν
915 853 1100 923 ἓτερον
1139 852 1271 921 ἔχει,
1310 852 1355 902 εξ
1403 850 1475 921 μὴ
1523 852 1689 921 μόνην
1733 850 2017 920 ἐπιστολὴν

450 942 613 996 αὑτοῦ
657 942 749 995 τοῦ
805 941 1109 1013 Ὠριγένους
1155 943 1458 1011 γραφεῖσαν
1517 942 1653 1011 πρὸς
1698 942 2013 1012 Γρηγόριον,

447 1037 505 1089 ὃν
540 1053 680 1097 τινες
708 1035 797 1089 τὸν
827 1032 1247 1105 Bantia-coupbe
1276 1032 1519 1101 λέγουσιν
1548 1028 1703 1086 εἶναι.
1743 1032 2017 1086 (Praesens

450 1130 557 1183 hoc
600 1126 898 1194 capitulum
948 1125 1082 1177 nihil
1132 1124 1279 1178 aliud
1334 1123 1595 1187 continet,
1650 1122 1752 1176 nisi
1803 1134 2013 1176 tantum

449 1217 730 1286 epistolam
767 1215 937 1284 ipsius
977 1212 1226 1284 Origenis
1276 1214 1534 1283 scriptam
1579 1212 1644 1266 ad
1673 1212 2013 1282 Gregorium,

448 1325 609 1376 quem
659 1307 877 1377 quidam
923 1305 1385 1376 Thaumaturgum
1440 1320 1561 1359 esse
1602 1305 1959 1359 contendunt.
1991 1324 2009 1356 ›

449 1400 850 1469 Epitomatorcs
882 1397 1202 1452 Gesneriani
1231 1414 1244 1450 :
1288 1417 1305 1447 ι
1338 1396 1593 1466 Ejusdem
1622 1396 2015 1466 Thaumaturgi

446 1493 694 1561 cpistola,
721 1508 814 1547 seu
846 1506 1082 1546 canones
1108 1491 1164 1544 ll
1202 1491 1451 1560 impressi
1484 1500 1611 1545 sunt
1627 1490 1850 1544 Basilcae
1872 1490 2015 1558 apud

445 1584 709 1640 Joannem
753 1585 1081 1639 Frobenium
1124 1600 1267 1637 anno
1296 1584 1452 1649 1518,
1490 1599 1613 1639 cum
1669 1584 1840 1639 sancti
1870 1583 2015 1638 Petri

446 1671 710 1741 Epistola,
742 1681 795 1727 et
818 1671 1103 1738 Gcnnadii,
1138 1679 1242 1727 etc.
1277 1672 1405 1727 ltem
1436 1672 1791 1743 Metaplirasis
1827 1676 1883 1727 in
1910 1674 2013 1727 Ec-

449 1758 764 1825 clesiastsm,
801 1768 853 1814 et
876 1760 1121 1815 Aristeas
1146 1760 1220 1814 De
1249 1762 1583 1831 septuaginta
1613 1764 1815 1816 duobus
1846 1765 2011 1817 inter-

2123 575 2329 629 scilicet
2370 584 2453 629 est
2490 590 2556 630 ex
2597 576 2713 629 solo
2737 574 2914 630 Patre.
2954 595 2977 628 ι
3036 575 3150 632 Hoc
3182 594 3309 632 vero
3350 578 3552 635 falsum
3589 590 3690 636 est.

2119 665 2406 734 Nunquam
2480 666 2606 719 talia
2670 665 2918 722 Christus
2985 669 3392 737 pronuntiavit;
3463 670 3692 742 ideoque

2120 775 2241 813 eum
2280 768 2567 828 sequentes
2606 757 2799 823 sancti,
2844 758 2912 811 ab
2954 758 3104 814 hisce
3134 761 3405 817 dictandis
3450 764 3691 818 scriben-

2120 852 2312 920 disque
2364 867 2483 906 sese
2536 852 2826 905 abstinent.
2874 870 2892 903 ‹
2926 852 3031 918 Qui
3070 868 3134 907 ex
3163 851 3322 909 Patre
3369 857 3633 925 procedit.
3664 876 3683 907 ι

2120 926 2233 996 lloc
2268 941 2472 995 Christi
2515 949 2618 1007 est,
2664 957 2825 995 nemo
2862 958 2963 997 nos
2998 942 3153 1007 fallit,
3177 943 3381 999 dictum
3402 948 3687 1002 exoscula-

2120 1050 2259 1087 mur.
2299 1032 2400 1088 Sed
2436 1036 2488 1087 in
2522 1034 2698 1088 verbis
2726 1034 2927 1089 Christi
2953 1035 3119 1092 dictio
3150 1039 3238 1093 illa
3272 1040 3385 1094 solo
3419 1056 3448 1094 a
3480 1039 3688 1095 Joanne

2119 1124 2607 1195 Ilierosolymitano
2642 1124 2843 1192 addita,
2881 1142 2987 1195 qua
3020 1128 3302 1184 oculorum
3334 1130 3451 1185 acie
3479 1131 3688 1199 perspio

2118 1217 2298 1270 citur?
2348 1215 2460 1286 Ego
2486 1216 2644 1285 plane
2675 1232 2781 1271 non
2807 1218 2981 1272 video.
3024 1238 3041 1270 ‹
3068 1218 3154 1274 Uti
3185 1220 3483 1291 Gregorius
3504 1221 3689 1275 Thau-

2118 1316 2421 1376 maturgns.
2458 1325 2476 1357 ›
2536 1304 2647 1361 lloc
2693 1322 2891 1376 purum
2938 1318 3126 1375 putum
3180 1312 3530 1365 mendacium
3581 1320 3685 1365 est.

2117 1396 2295 1452 Verba
2324 1397 2713 1467 Thaumaturgi
2750 1412 2858 1451 non
2900 1399 3049 1454 aliud
3078 1416 3239 1469 quam
3265 1404 3446 1471 ,verba
3483 1402 3687 1457 Christi

2118 1500 2333 1555 sonant,
2365 1490 2629 1560 Spiritum
2671 1501 2919 1545 sanctum
2959 1508 3026 1547 ex
3041 1493 3150 1548 Deo
3168 1496 3553 1550 exsistentiam
3585 1496 3686 1549 ha-

2116 1583 2261 1649 bere,
2292 1598 2358 1637 ex
2385 1581 2543 1637 Patre
2570 1583 2775 1638 scilicet
2807 1587 3122 1653 procedere.
3157 1586 3230 1641 Ex
3259 1588 3345 1642 his
3382 1600 3441 1642 tu
3477 1589 3687 1659 colligis

2116 1673 2583 1743 Thaumaturgum
2614 1684 2667 1730 et
2688 1675 2960 1731 Christum
2998 1678 3174 1747 ipsum
3210 1679 3532 1744 decernere,
3565 1680 3685 1749 Spi—

2116 1766 2278 1819 ritum
2313 1775 2562 1821 sanctum
2598 1782 2665 1822 ex
2696 1768 2815 1822 solo
2837 1767 2998 1823 Patre
3027 1772 3335 1839 procedere.
3376 1771 3561 1827 Stulto
3592 1787 3685 1842 ego

446 1851 677 1920 pretibus
707 1852 832 1921 legis
860 1851 1134 1907 Hebraica:
1162 1852 1371 1908 Joanne
1395 1853 1816 1924 OEcolampadio
1847 1855 2014 1909 inter-
2046 1842 2088 1896 Β
2118 1854 2332 1908 stultior
2384 1854 2537 1909 fuero
2565 1896 2580 1920 ,
2635 1855 2682 1909 si
2734 1856 2819 1911 his
2873 1857 3319 1913 conclusionibus
3385 1858 3679 1912 crederem.

445 1956 615 2014 prete.
683 1942 750 1999 In
798 1945 1073 2015 Origenem
1122 1946 1480 2017 Panegyricus
1542 1946 1728 2001 Roma:
1784 1948 1836 2000 in
1870 1946 2013 2000 Vati-

445 2054 583 2094 cana
606 2039 937 2094 bibliotheca
978 2057 1079 2099 ms.
1118 2054 1384 2097 servatur.
1435 2042 1508 2095 De
1552 2044 1732 2096 anima
1775 2041 1905 2096 liber
1943 2043 2012 2095 ad

447 2130 732 2187 Tatianum
814 2142 992 2189 exstat
1052 2136 1193 2205 apud
1248 2135 1508 2191 Didacum
1554 2135 1850 2193 llurtadum
1904 2137 2010 2193 Ve-

445 2227 623 2281 netiis.
658 2246 677 2279 ›

511 2317 813 2387 Antequam
855 2318 1068 2385 finiam,
1118 2334 1226 2374 non
1276 2320 1546 2374 immerito
1588 2320 1676 2374 hic
1721 2320 2010 2374 nonnullo-

441 2425 563 2464 rum
606 2410 917 2466 Graecorum
971 2413 1025 2466 in
1068 2412 1286 2482 propria
1350 2412 1617 2465 sententia
1674 2411 2008 2466 defendenda

445 2502 612 2555 ardor
666 2503 974 2558 obstinatus
1010 2504 1367 2573 exagitandus
1397 2512 1500 2569 est,
1543 2504 1634 2571 qui
1673 2505 1804 2557 tanti
1834 2503 2009 2559 Patris

442 2591 564 2646 ﬁdei
602 2593 1027 2661 expositionem,
1062 2593 1321 2646 divinitus
1363 2594 1623 2657 habitam,
1667 2595 1734 2647 ab
1769 2594 2007 2648 Ecclesia

442 2692 558 2737 tum
585 2682 845 2738 Orientali
899 2693 1013 2739 tum
1057 2684 1389 2739 Occidentali
1439 2687 1673 2755 agnitam
1735 2700 1796 2740 ac
1858 2701 2007 2740 rece-

342 2830 345 2831 ν
444 2782 612 2841 ptam,
665 2773 805 2828 male
857 2789 989 2828 sana
1030 2774 1472 2843 interpretatione
1516 2775 1570 2829 in
1619 2775 1779 2829 aliam
1819 2776 2006 2829 adver—

442 2879 668 2933 samque
718 2863 1038 2919 sententiam
1092 2866 1350 2928 trahunt,
1394 2874 1448 2920 et
1485 2880 1705 2920 sensum
1755 2881 1783 2919 a
1827 2874 2005 2920 mente

443 2957 526 3013 sui
582 2957 858 3025 scriptoris
911 2957 1175 3011 absonum
1226 2957 1585 3027 distorquent.
1646 2956 1715 3011 Ut
1767 2958 2004 3026 reliquos

442 3058 778 3120 prmteream,
804 3065 979 3119 neque
1010 3050 1151 3103 enim
1186 3050 1311 3103 talia
1348 3050 1695 3104 examinandi
1734 3050 1884 3103 locus
1916 3050 2002 3103 hic

438 3150 773 3210 opportunus
816 3154 935 3194 esse
972 3139 1207 3205 videtur,
1243 3155 1385 3193 unus
1428 3155 1536 3208 prre
1584 3140 1705 3193 aliis
1740 3140 2000 3193 audiatur
2030 3174 2071 3230 Ο

436 3228 674 3283 Joannes
718 3227 1243 3297 llierosolymitanus
1290 3238 1428 3283 orat.
1464 3228 1535 3283 De
1568 3228 1770 3298 Spiritu
1821 3239 2000 3282 sancto

438 3319 698 3374 adversus
737 3319 959 3373 Latinos
1002 3321 1119 3372 :00
1165 3320 1273 3390 γὰρ
1317 3320 1441 3373 ἄλλο
1482 3339 1532 3372 τι
1575 3317 1722 3375 εἷπον
1765 3322 1813 3373 οἱ
1861 3322 2003 3389 ἅγιοι

436 3405 601 3477 οὗτοι,
629 3413 741 3467 ἀλλ’
771 3413 799 3465 ὂ
825 3416 1053 3486 Χριστὸς
1096 3416 1282 3484 εἴρηκε
1303 3454 1317 3479 ,
1364 3413 1605 3467 τουτέστι
1653 3414 1711 3466 τὸ
1746 3416 1807 3463 ἐκ
1843 3413 2001 3481 μόνου

436 3500 530 3552 τοῦ
554 3500 785 3572 Πατρὺς,
811 3503 838 3554 ὃ
864 3504 927 3555 ἐκ
960 3504 1051 3556 τοῦ
1094 3506 1309 3575 Harpe;
1333 3503 1704 3575 ἐκπορεύεται,
1734 3502 1827 3554 καὶ
1852 3503 1910 3554 τὸ
1940 3504 2003 3555 ὲκ

439 3590 532 3642 τοῦ
562 3591 694 3644 Θεοῦ
726 3593 820 3646 καὶ
860 3595 1069 3663 Harpe;
1095 3596 1194 3667 τὴν
1222 3596 1451 3667 ὓπαρξιν
1477 3596 1618 3667 ἕχον,
1658 3596 1838 3660 καθὼς
1866 3598 2005 3667 Γρη-

442 3685 625 3755 γόριος
646 3688 674 3737 ὁ
691 3685 801 3739 Θαυ
810 3689 1111 3758 ματουργὸς
1127 3690 1181 3741 ὲν
1198 3692 1263 3760 τῇ
1298 3690 1687 3757 Ἀποκαλύψει
1699 3690 1861 3743 αὐτοῦ
1876 3689 1998 3761 ἔφη·

448 3779 557 3828 Ἕν
578 3777 818 3846 Πνεῦμα
839 3778 1024 3848 ἅγιον,
1053 3780 1118 3832 τὸ
1147 3781 1215 3833 ἐκ
1241 3780 1387 3833 Θεοῦ
1415 3780 1527 3849 τὴν
1552 3782 1808 3850 ὕπαρξιν
1836 3781 2002 3849 ἕχον,

434 3868 540 3920 καὶ
579 3869 653 3922 δι’
698 3870 832 3924 Υἰοῦ
873 3873 1172 3941 πεφηνὸς,
1220 3873 1452 3941 δηλαδὴ
1486 3875 1609 3939 τοῖς
1657 3874 2002 3943 ἀνθρώποις.

444 3975 461 4007 ι
484 3955 669 4027 Neque
685 3958 829 4011 enim
849 3959 995 4013 aliud
1013 3961 1182 4014 sancti
1202 3960 1476 4023 dixerunt,
1505 3976 1664 4030 quam
1683 3961 1826 4029 quod
1841 3960 2003 4015 Chri-

435 4058 555 4105 stus
578 4052 965 4120 pronuntiavit.
994 4051 1092 4106 liic
1108 4053 1364 4108 nimirum
1383 4062 1545 4111 estex
1564 4055 1678 4109 solo
1708 4053 1887 4120 Patre,
1906 4056 1999 4123 qui

437 4158 501 4194 ex
532 4140 691 4197 Patre
715 4145 977 4212 procedit,
1013 4154 1066 4199 et
1100 4146 1193 4215 qui
1234 4162 1299 4200 ex
1323 4145 1432 4201 Deo
1462 4156 1513 4200 et
1535 4145 1691 4200 Patre
1726 4146 1999 4200 exsistcn-

436 4234 567 4286 tiam
586 4234 765 4301 habet,
797 4237 1181 4306 utiGrcgorius
1200 4237 1635 4306 Thaumaturgus
1658 4238 1710 4291 in
1742 4253 1839 4293 sua
1864 4238 2000 4291 dixit

436 4322 749 4377 reuelatione
778 4341 796 4378 :
822 4344 839 4377 ι
870 4324 1021 4380 Unus
1062 4326 1296 4394 Spiritus
1347 4339 1590 4395 sanctus,
1616 4344 1680 4383 ex
1712 4329 1822 4384 Deo
1856 4328 1999 4382 exsi-

446 4432 464 4464 ‹
492 4414 741 4468 stentiam
773 4416 1068 4481 habens,et
1093 4419 1186 4487 qui
1218 4434 1311 4487 per
1335 4418 1532 4473 Filium
1563 4420 1999 4488 apparuit.seili-

2116 1944 2277 2009 Audi,
2305 1943 2377 1997 mi
2413 1944 2596 1998 homo.
2624 1942 2705 1997 Ex
2732 1942 2890 2000 Patre
2919 1944 3166 2015 procedit
3207 1945 3452 2013 Spiritus
3497 1959 3514 1995 :
3559 1958 3681 2013 ergo

2114 2050 2179 2089 ex
2227 2034 2343 2089 solo
2389 2033 2585 2101 Patre;
2643 2032 2841 2091 falsum
2903 2035 2958 2089 id
3001 2045 3104 2091 est.
3172 2035 3358 2090 Potest
3412 2035 3679 2105 siquidem

2112 2125 2256 2196 quod
2288 2126 2533 2195 procedit
2568 2140 2630 2179 ex
2659 2124 2837 2190 Patre,
2882 2136 2934 2183 et
2973 2142 3040 2181 ex
3090 2126 3197 2181 alio
3230 2140 3454 2196 quoque
3498 2140 3681 2194 procc-

2112 2220 2258 2274 dere.
2302 2217 2367 2272 Et
2419 2234 2483 2273 ex
2514 2219 2653 2274 Filio
2696 2221 2990 2290 procedere
3034 2219 3146 2289 jam
3200 2220 3340 2289 apud
3370 2218 3679 2271 Catholicos

2113 2323 2334 2373 omnes,
2378 2316 2432 2363 et
2464 2308 2755 2378 Scriptura:
2802 2319 2856 2365 et
2899 2321 3209 2365 sanctorum
3258 2308 3486 2362 Patrum
3535 2308 3678 2362 testi-

2110 2403 2310 2458 moniis
2342 2403 2743 2457 constabilitum
2773 2413 2875 2458 est.
2918 2402 3097 2471 Aique
3130 2403 3289 2456 etiam
3324 2401 3431 2455 hoc
3470 2416 3675 2456 mecum

2112 2493 2254 2549 scias
2296 2514 2307 2546 :
2345 2493 2467 2548 licet
2502 2494 2751 2548 Christus
2794 2493 3098 2563 reliquique
3134 2507 3323 2546 omnes
3367 2490 3565 2545 Patres
3602 2490 3677 2544 di-

2108 2586 2348 2652 xissent,
2384 2602 2449 2642 ex
2493 2586 2611 2641 solo
2637 2585 2797 2640 Patre
2839 2582 3100 2654 Spiritum
3138 2582 3465 2652 procedere,
3505 2581 3675 2635 adhuc

2110 2678 2308 2735 Filium
2346 2694 2453 2732 non
2488 2678 2701 2733 excludi
2742 2676 2811 2730 ab
2846 2675 2948 2731 ista
2978 2674 3345 2746 proccssione,
3383 2674 3532 2743 quod
3572 2674 3675 2727 ela-

2109 2770 2345 2825 rissimis
2387 2771 2651 2840 exemplis
2702 2768 3087 2838 comprobatur
3133 2782 3165 2821 a
3202 2766 3406 2821 Basilio
3462 2768 3671 2836 Magno,

2106 2872 2159 2918 et
2192 2862 2311 2917 fuse
2345 2865 2631 2932 exponitur
2670 2878 2701 2917 a
2727 2861 2935 2916 Joanne
2974 2859 3151 2915 Vccco
3189 2860 3510 2929 patriarcha
3538 2858 3672 2913 Con-

2105 2955 2591 3023 stantinopolitano
2656 2952 2731 3007 De
2791 2954 3118 3021 proccssione
3179 2952 3414 3019 Spiritus
3482 2952 3668 3015 sancti,

2107 3063 2223 3116 cap.
2253 3048 2339 3112 μὶ,
2374 3057 2427 3101 ct
2459 3064 2488 3100 a
2520 3047 2682 3100 Petro
2714 3046 2968 3115 episcopo
3002 3043 3395 3099 Mediolanensi
3425 3052 3571 3097 orat.
3610 3043 3671 3095 ad

2105 3138 2355 3192 Alexium
2384 3139 2752 3203 Conmenum,
2793 3137 3022 3207 aliisque
3051 3134 3500 3205 quamplurimis.
3532 3133 3671 3187 Adde

2104 3237 2361 3297 prmterca
2394 3229 2448 3282 in
2476 3228 2675 3283 divinis
2704 3242 2963 3298 apparere
2989 3244 3079 3297 per
3102 3225 3329 3292 Filium,
3362 3226 3502 3279 nihil
3533 3223 3668 3279 aliud

2105 3331 2329 3387 notare,
2369 3337 2532 3391 quam
2577 3322 2984 3386 exsistentiam;
3021 3330 3075 3374 et
3112 3320 3231 3373 fuse
3253 3316 3483 3372 Patrum
3526 3317 3667 3370 testi-

2107 3413 2310 3469 moniis
2364 3413 2416 3466 id
2468 3414 2661 3483 prohat
2699 3412 3034 3483 Niecphorus
3080 3412 3399 3482 Blemmyda
3450 3417 3585 3465 orat.
3617 3410 3665 3471 t,

2103 3502 2180 3556 I)c
2214 3504 2541 3573 proccssione
2570 3502 2802 3574 Spiritus
2840 3504 3012 3557 sancti
3040 3519 3058 3557 :
3084 3517 3185 3557 nec
3212 3510 3429 3556 tantum
3460 3515 3667 3571 proves.

2104 3597 2275 3651 sionis
2324 3610 2545 3663 nomen,
2597 3596 2691 3651 sed
2730 3606 2785 3651 et
2830 3596 2965 3651 alias
3007 3594 3273 3650 dictiones
3332 3594 3668 3664 apertissime

2103 3696 2155 3741 et
2188 3687 2303 3740 sine
2346 3687 2457 3741 ullo
2496 3687 2761 3742 velamine
2814 3687 2881 3741 de
2928 3687 3042 3755 ipsa
3110 3687 3392 3741 essentiali
3445 3684 3667 3755 Spiritus

2103 3779 2418 3833 exsistentia
2474 3779 2647 3841 sumi,
2697 3776 2935 3832 Joannes
2966 3776 3175 3832 Veccus
3205 3783 3349 3831 orat.
3380 3776 3458 3829 De
3489 3776 3666 3827 unione

2106 3872 2482 3926 Ecclesiarum.
2537 3870 2601 3925 Et
2652 3886 2721 3926 ne
2762 3871 2949 3940 iniqua
2995 3871 3090 3925 lite
3136 3880 3353 3938 tempus
3417 3878 3663 3929 teramus,

2103 3966 2188 4020 adi
2209 3965 2465 4018 Basilium
2501 3961 2749 4032 Magnum
2780 3962 2940 4032 epist.
2969 3961 3116 4033 (9.36)
3140 3961 3205 4014 ad
3228 3959 3664 4029 Amphilochium

2102 4072 2221 4125 quae
2269 4055 2493 4123 incipit:
2539 4052 2895 4124 Ἐζητημὲνον
2944 4053 3044 4124 ἤδη
3090 4050 3240 4121 παρὰ
3288 4051 3529 4113 πολλοῖς.
3570 4048 3665 4101 Fu-

2102 4162 2225 4202 eum
2269 4146 2449 4216 itaque
2479 4144 2609 4201 facit
2640 4146 2753 4200 suis
2780 4144 2981 4199 Graecis
3012 4143 3320 4213 patriarcha
3357 4142 3664 4212 Hierosoly.

2102 4241 2363 4297 mitanus.
2400 4254 2521 4293 eum
2574 4254 2637 4292 ex
2690 4238 2842 4293 hisce
2868 4236 3263 4305 Thaumaturgi
3298 4236 3509 4301 verbis,
3553 4248 3665 4305 qua:

2101 4334 2174 4387 illi
2204 4331 2441 4387 Joannes
2472 4331 2799 4399 evangelista
2826 4328 3274 4395 communicavit,
3314 4343 3477 4383 suam
3502 4324 3664 4381 astrui

2100 4430 2166 4481 de
2206 4425 2552 4495 proccssione
2585 4423 2817 4493 Spiritus
2865 4436 2931 4477 ex
2984 4421 3100 4476 solo
3139 4420 3299 4474 Patre
3344 4418 3660 4474 sententiam

442 4524 460 4556 ε
492 4514 575 4562 eet
608 4508 976 4565 hominibus.»
1000 4508 1139 4575 Quid
1174 4510 1263 4565 hic
1289 4512 1470 4580 eloqui
1509 4512 1684 4581 potuit
1719 4512 1995 4566 inconsul~
2029 4511 2071 4565 D
2100 4516 2407 4579 contendit,
2454 4523 2507 4569 et
2544 4512 2926 4568 sincerissimze
2984 4526 3045 4564 ac
3094 4508 3505 4563 candidissima:
3549 4504 3659 4559 ﬁdei

432 4600 592 4655 tius?
653 4598 850 4655 Annon
910 4600 1015 4656 isto
1064 4602 1227 4656 modo
1280 4602 1534 4671 loquendi
1586 4602 1992 4657 confunduntur

430 4691 637 4759 omnia,
678 4700 731 4747 et
773 4691 957 4748 intima
1002 4694 1231 4749 summis
1261 4696 1409 4763 paria
1441 4694 1607 4749 (ient?
1650 4714 1666 4745 ‹
1697 4693 1813 4749 Non
1846 4697 1991 4750 aliud

418 4778 687 4842 dixerunt
734 4785 928 4851 sancti,
979 4800 1142 4856 quam
1197 4787 1343 4857 quod
1379 4787 1630 4844 Christus
1675 4789 1991 4857 pronuntia-

2098 4604 2425 4674 professioni
2460 4602 2657 4656 vulnus
2702 4600 2954 4670 impingit
3002 4598 3351 4652 inhonestum
3388 4605 3555 4666 atque
3588 4595 3660 4646 in-

2102 4697 2395 4761 tolerabile,
2444 4694 2589 4765 quod
2629 4708 2736 4747 non
2768 4693 3007 4747 indicare
3048 4689 3237 4745 lectori
3274 4705 3373 4761 per
3415 4700 3661 4743 transen-

2100 4800 2245 4849 nam,
2278 4786 2549 4856 piaculum
2582 4783 2731 4838 duxi.
