3888 6480
187 585 3398 638 M

1396 766 1566 809 ANNO
1607 765 1834 810 DOMINI
1874 764 2170 810 CCLXVIII.

878 954 1084 1164 s.
1263 786 2699 1162 ﬁliisﬁliis

1310 1279 1797 1336 ALEXANDRINU
1812 1280 1848 1334 S
1888 1277 2214 1335 EPISCOPU
2227 1279 2264 1333 S

751 1453 1252 1549 NOTITIA
1330 1449 2811 1542 HlSTOBICO-LITTERARIA.

999 1647 1285 1709 (GALLAND.,
1311 1646 1416 1694 Yet.
1458 1645 1597 1694 Patr.
1625 1640 1872 1703 Biblioth,
1906 1650 1944 1692 t.
1969 1643 2055 1704 Ill,
2077 1645 2300 1707 Proleg.,
2325 1660 2373 1708 p.
2399 1647 2545 1708 xxx.)

244 1940 284 1995 l.
330 1939 614 2014 Dionysius
643 1939 1419 2014 Alexandrinumeognomento
1449 1943 1694 2014 Magnus.
1727 1943 1966 2014 Origenis
1998 1945 2230 2012 auditor,
2266 1944 2468 2000 Scholia
2501 1946 2874 2000 Alexandrina:
2935 1947 3252 2001 moderator.
3284 1946 3398 2012 Quo

179 2021 401 2132 tentrore
433 2013 703 2066 ordinatus
732 2013 1023 2081 episcopus.
1065 2011 1194 2081 Ejus
1219 2014 1487 2081 prtecipua
1515 2011 1680 2084 gesta.
1713 2011 2035 2068 Litterarum
2066 2025 2421 2070 monumenta.
2461 2015 2584 2069 Dies
2613 2017 2941 2070 euiortualis.
3308 2011 3315 2012 ί

241 2081 256 2132 l
289 2121 304 2132 .
364 2080 616 2132 Pleraque
664 2081 806 2132 illius
835 2083 1029 2132 scripta
1050 2082 1335 2132 deperdita-
1365 2083 1494 2132 01m:
1526 2085 1663 2132 amid
1697 2093 1884 2132 ueteres
1922 2095 2211 2132 servantur-
2242 2102 2378 2132 nunc
2430 2087 2658 2132 mimum
2707 2087 2948 2132 collecta-
2994 2087 3096 2132 Prn
3153 2089 3368 2132 tentnnri

241 2080 304 2157 ll.
364 2080 616 2157 Pleraque
664 2080 806 2136 illius
835 2083 1029 2148 scripta
1050 2080 1335 2151 deperdita.
1365 2080 1663 2152 Qute'apud
1697 2093 1884 2138 veteres
1922 2095 2212 2150 servantur,
2241 2102 2378 2138 nunc
2429 2087 2658 2155 primum
2707 2087 2948 2140 collecta.
2989 2087 3096 2141 Pro
3153 2089 3394 2157 temporis

179 2151 382 2204 ratione
409 2152 686 2217 disposita.

223 2219 328 2292 =ll_l.
377 2220 452 2292 [Je-
478 2221 626 2274 illius
656 2221 889 2277 Eleneho
915 2232 968 2276 et
1000 2223 1255 2292 Apologia
1287 2225 1558 2292 speciatim
1603 2225 1896 2278 disseritur.

238 2288 332 2345 IV.
361 2288 480 2355 Qua
502 2293 774 2346 occasione
797 2309 924 2362 opus
954 2288 1210 2362 ejusmodi
1234 2288 1510 2363 scriptum.
1542 2293 1672 2362 Ejus
1698 2295 1941 2363 pretium.
1971 2293 2099 2359 Qua:
2122 2305 2370 2365 superant
2404 2295 2720 2367 fragmenta.
2753 2297 3025 2362 Quomodo
3054 2299 3362 2366 distributa.

239 2441 280 2498 Ῑ.
318 2442 441 2510 Quo
473 2454 711 2515 tempore
743 2445 795 2500 in
855 2446 1038 2501 Africa
1066 2446 1389 2518 Cyprianus,
1418 2447 1644 2502 ﬂorebat
1675 2449 1728 2502 in
1763 2453 1799 2508 Α
1832 2443 2150 2519 Dionysium’
2198 2449 2501 2504 Romanum
2554 2451 2884 2520 pontificem,
2922 2452 3078 2521 quasi
3111 2452 3177 2507 de
3234 2451 3394 2508 Verbi

177 2533 410 2607 {Egypto
444 2537 753 2609 Dionysius,
782 2538 848 2592 ab
877 2539 1115 2608 antiquis
1146 2538 1395 2593 Patribus
1429 2538 1605 2610 Magni
1636 2555 1728 2594 co-

175 2638 526 2696 gnomentum
551 2629 674 2698 jure
689 2629 915 2701 adeptus
941 2631 1036 2701 (a).
1071 2631 1308 2700 Origeuis
1337 2632 1486 2685 ualde
1515 2633 1731 2702 insignis

173 2716 389 2770 auditor
420 2718 542 2787 fuit,
574 2727 708 2776 teste
741 2719 1068 2792 Hieronymo
1101 2721 1194 2790 (ὁ),
1223 2723 1310 2776 cui
1343 2731 1397 2776 et
1431 2722 1626 2776 librum
1662 2722 1732 2775 De

176 2810 427 2878 martyrio
464 2812 798 2882 nuncupavit
836 2814 928 2882 (ε).
962 2812 1176 2868 Schola:
1204 2815 1582 2869 Alexandrinae
1610 2823 1733 2885 post

174 2895 457 2956 Heraclam
483 2902 811 2968 moderator,
843 2906 1013 2959 eidem
1043 2907 1304 2961 successit
1333 2907 1384 2958 in
1419 2906 1730 2976 episcopatu

173 3003 311 3044 anno
331 3007 393 3045 tu
424 2992 1233 3065 imperiiPhilippi,Christi247
1263 2997 1360 3066 (ά).
1385 2995 1514 3051 Post
1529 2997 1732 3067 aliquot

174 3080 238 3133 ab
266 3082 406 3137 inito
434 3084 744 3154 episcopatu
782 3102 975 3152 annos,
1009 3096 1195 3142 exorta
1225 3088 1597 3156 persecutione
1626 3086 1731 3142 De-

173 3171 349 3239 ciana,
413 3178 638 3232 secessit
667 3197 679 3232 :
737 3178 832 3234 sed
864 3180 1024 3248 paulo
1054 3189 1176 3248 post
1223 3195 1253 3233 a
1289 3180 1550 3235 militibus
1576 3195 1728 3234 com-

173 3265 471 3331 prehensus
501 3283 564 3322 ac
585 3267 884 3339 Taposirim
912 3271 1194 3335 deductus,
1229 3271 1321 3326 Dei
1354 3283 1485 3326 nutu
1509 3286 1538 3324 a
1572 3271 1731 3326 Chri-

172 3355 471 3411 stianorum
511 3361 910 3416 rusticanorum
934 3363 1110 3429 turba,
1139 3363 1339 3417 invitus
1375 3363 1520 3428 licet,
1565 3363 1730 3416 mira-

172 3446 348 3502 biliter
372 3448 472 3505 fuit
501 3461 716 3521 ereptus
741 3453 830 3524 (e).
867 3455 1082 3510 Interim
1113 3471 1241 3510 vero
1269 3456 1519 3510 saeviente
1541 3471 1728 3524 perse—

158 3541 389 3626 lcutione
418 3545 724 3613 complures
783 3546 1122 3602 Alexandriae
1180 3548 1250 3602 ob
1280 3547 1480 3602 Christi
1527 3563 1726 3602 nomen

157 3636 493 3704 martyrium
545 3638 846 3701 subierunt,
882 3656 1114 3710 quorum
1163 3641 1395 3712 gloriosa
1432 3641 1728 3696 certamina

170 3723 397 3793 ipsemet
428 3727 710 3800 Dionysius
732 3733 928 3787 litteris
948 3733 1286 3803 consignavit
1309 3735 1396 3805 (ι’).
1433 3736 1590 3788 Anno
1623 3735 1728 3788 252

1834 2537 1999 2592 divini
2028 2553 2149 2592 cum
2183 2537 2342 2593 Patre
2374 2540 2937 2595 eonsubstantialitate
2969 2557 3077 2597 non
3103 2551 3245 2596 recte
3273 2556 3398 2596 sen-

1836 2629 1988 2683 tiret:
2025 2629 2118 2684 sed
2149 2629 2288 2684 hanc
2319 2630 2433 2699 ipse
2467 2629 2622 2684 fama:
2654 2646 2766 2685 suae
2793 2630 3031 2685 inustam
3058 2631 3234 2686 labem
3269 2646 3400 2701 qua-

1833 2726 1958 2773 tuor
1989 2719 2140 2775 libris
2163 2720 2473 2789 pers'criptis
2518 2719 2760 2776 detersit.
2812 2719 3017 2776 Exinde
3065 2738 3213 2788 vero,
3243 2717 3397 2776 Vale-

1837 2810 1990 2865 riano
2018 2827 2045 2864 ιι
2072 2808 2249 2865 Persis
2304 2823 2481 2880 capto,
2514 2819 2568 2863 et
2613 2810 2885 2865 Macriano
2935 2811 3219 2866 interfecto
3271 2826 3394 2866 cum

1833 2901 1977 2967 filiis,
2007 2917 2137 2972 pace
2165 2902 2381 2958 demum
2443 2919 2472 2957 a
2503 2904 2746 2958 Gallieno
2797 2904 3125 2960 Christianis
3165 2905 3395 2969 reddita,

1833 2991 1935 3046 sub
1963 2992 2124 3046 finem
2151 2992 2278 3046 anni
2309 2992 2406 3046 261
2455 2993 2836 3047 Alexandriam
2883 3008 3166 3064 regressus
3199 2995 3286 3063 (i),
3316 2995 3396 3048 ci-

1831 3083 1988 3137 vibus
2018 3092 2188 3153 peste,
2242 3082 2384 3138 fame
2431 3084 2682 3154 belloque
2724 3086 2978 3140 intestino
3022 3085 3397 3140 laborantibus

1832 3185 2026 3242 pratsto
2051 3172 2152 3227 fuit
2174 3173 2258 3244 (j).
2283 3161 2626 3228 Antiochiam
2672 3184 2894 3230 vocatus
2944 3171 3011 3230 ad
3048 3175 3309 3245 judicium
3341 3177 3394 3230 in

1831 3279 1994 3319 causa
2019 3264 2166 3320 Pauli
2193 3264 2530 3320 Samosatcni
2559 3267 2841 3321 ferendum
2863 3307 2877 3331 ,
2906 3281 3028 3321 cum
3059 3267 3128 3322 ob
3147 3267 3392 3327 aﬂ‘ectam

1831 3366 2041 3412 aetatem
2069 3365 2123 3411 et
2145 3357 2508 3411 valetudinem
2541 3358 2670 3412 huic
2697 3357 2878 3412 itineri
2926 3357 3261 3414 conficiendo
3290 3360 3393 3412 im-

1828 3463 1926 3518 par
1952 3457 2113 3512 esset,
2141 3448 2279 3502 datis
2303 3447 2367 3502 ad
2391 3447 2692 3504 Ecclesiam
2731 3447 3126 3504 Antiochenam
3177 3450 3393 3514 litteris,

1829 3539 2148 3593 sententiam
2179 3554 2332 3593 suam
2354 3539 2744 3608 pronuntiavit.
2781 3539 2900 3606 Quo
2942 3551 3121 3596 autem
3155 3553 3395 3610 tempore

1830 3629 2068 3700 synodus
2084 3629 2364 3694 agebatur,
2383 3645 2695 3699 supremum
2714 3631 2854 3685 diem
2873 3632 3005 3685 obiit
3021 3631 3102 3685 vir
3119 3631 3395 3686 admiran-

1829 3720 1952 3786 dus,
1980 3722 2184 3776 exactis
2210 3721 2264 3775 in
2284 3721 2595 3791 episcopatu
2619 3723 2994 3790 septemdecim
3014 3724 3192 3787 annis,
3219 3723 3394 3776 ἔτεσιν

170 3817 416 3874 interfuit
437 3822 642 3892 synodo
662 3823 1028 3889 Antiochense,
1058 3841 1154 3895 pro
1175 3827 1410 3881 sedando
1433 3827 1724 3883 schismate

1831 3811 2210 3877 ἑπτακαίδεκα,
2273 3821 2333 3866 ut
2363 3821 2553 3866 auctor
2605 3821 2688 3867 est
2735 3812 3004 3869 Eusebius
3038 3814 3130 3885 (k),
3164 3813 3390 3869 Gallieni

168 3903 453 3964 Novatiani
479 3921 713 3978 coactae;
763 3913 829 3968 ad
863 3930 1021 3984 quem
1069 3917 1228 3970 etiam
1273 3917 1548 3988 epistolam
1586 3922 1722 3974 scri-

167 3999 273 4066 psit
302 3999 406 4070 (9)-

233 4088 448 4146 lnterea
482 4093 738 4163 temporis
767 4091 1024 4164 Nepotem
1054 4096 1363 4166 episcopum
1387 4096 1719 4169 Egyptium,

154 4195 270 4254 quo
295 4182 521 4237 doctore
567 4185 853 4239 Arsinoitae
889 4186 1275 4241 Chiliastarum
1301 4204 1485 4244 errore
1511 4190 1723 4247 fuerant

165 4271 382 4341 imbuti,
413 4275 627 4330 duobus
647 4275 800 4330 libris
826 4276 970 4330 circa
997 4275 1197 4331 Christi
1228 4294 1429 4334 annum
1462 4282 1567 4337 254
1591 4301 1721 4339 con-

164 4363 386 4432 futavit;
427 4365 518 4420 ubi
554 4382 770 4436 quoque
802 4368 868 4424 de
892 4367 1209 4440 Apocalypsi
1244 4374 1500 4426 nonnulla
1534 4384 1716 4430 notatu

151 4455 323 4527 ’digna
379 4457 686 4514 edisseruit.
727 4458 989 4530 Deinceps
1023 4465 1075 4517 in
1126 4463 1350 4518 dissidio
1382 4466 1447 4520 de
1486 4467 1718 4538 rebapti-

163 4543 351 4598 zandis
400 4543 688 4612 haereticis,
720 4563 820 4616 pro
846 4547 1096 4604 Ecclesiae
1145 4566 1277 4617 pace
1305 4554 1716 4626 redintegranda

160 4631 346 4699 plures
377 4635 593 4703 scripsit
616 4636 684 4690 ad
706 4637 951 4694 diversos
977 4640 1252 4709 epistolas.
1289 4642 1571 4702 Valeriano
1603 4652 1716 4703 Au-

158 4732 318 4793 gusto
358 4723 454 4778 Dei
505 4725 798 4783 Ecclesiam
837 4729 955 4786 dira
1004 4735 1372 4801 persecutione
1413 4738 1713 4808 divexante,

157 4824 281 4882 post
307 4815 620 4885 praeclaram
639 4819 1032 4877 confessionem
1055 4839 1239 4879 coram
1261 4826 1555 4885 [Emiliano
1575 4849 1714 4902 prae-

155 4904 300 4961 fecto
334 4910 604 4978 augustali
637 4912 855 4980 editam,
889 4912 1100 4984 Cephro
1135 4915 1315 4989 Libyae
1343 4923 1596 4990 oppidum
1631 4926 1715 4980 in-

155 4998 522 5054 cultissimum
556 5000 634 5056 ire
668 5004 980 5072 compulsus
1009 5015 1118 5070 est;
1155 5009 1296 5063 unde
1325 5013 1484 5078 paulo
1515 5023 1633 5082 post
1657 5015 1711 5069 in

153 5087 510 5146 MareOtidem
543 5093 774 5164 migrare
793 5095 978 5165 jussus
1004 5097 1105 5153 fuit
1135 5101 1230 5171 (I2).
1264 5102 1589 5159 Glisccntem
1616 5106 1712 5161 Sa-

154 5179 448 5237 bellianam
483 5184 733 5241 haeresim
761 5188 890 5242 dum
921 5187 1276 5262 impugnaret,
1306 5196 1514 5252 delatus
1541 5202 1713 5255 estad

223 5335 559 5425 g(a)_iEus'eb‘.y,
586 5340 747 5425 Iliist.
778 5346 979 5405 _eccles.
1013 5347 1108 5403 lib.
1167 5367 1239 5403 vn
1279 5350 1420 5417 init.,
1456 5353 1522 5407 ad
1553 5370 1712 5425 quem

150 5404 271 5460 locu
282 5423 334 5459 m
368 5409 475 5461 vid.
506 5409 682 5464 Vales.

222 5477 301 5556 (ὑ)
324 5475 687 5556 liierqn.,__lle
715 5483 815 5536 vir.
840 5484 1038 5556 illustr.
1074 5503 1191 5556 cap.
1223 5488 1309 5544 69.

221 5546 296 5684 Ec)
324 5549 548 5628 Euseh.,
583 5550 723 5603 Hist.
750 5555 876 5608 ecct.
919 5557 1014 5608 lib.
1051 5546 1268 5627 vr,cap.
1304 5560 1392 5614 44.

244 5618 302 5684 d)
334 5616 408 5669 ld.
437 5619 697 5680 ι1)ἱι1.,1ἱ1›.
730 5638 803 5684 vr,
831 5639 949 5684 cap.
1102 5625 1221 5682 Vid.
1266 5628 1392 5684 Dod‘

244 5618 302 5684 ά)
334 5616 408 5697 ld_.
437 5618 697 5697 lbltl.,-llb.
730 5638 803 5688 γι,
831 5639 949 5691 cap.
1102 5616 1233 5682 Vid:
1266 5628 1475 5697 Dodw.,
1499 5633 1711 5690 dissert.

152 5686 296 5760 sing.
332 5687 399 5760 ad
432 5703 556 5756 opp.
587 5686 797 5754 Pears.,'
826 5686 944 5760 pag.
977 5694 1064 5749 84.

219 5751 295 5831 (_e_)
331 5751 570 5831 Dionys.,
595 5760 749 5831 epist.
870 5751 990 5817 adv.
1023 5766 1297 5828 Gcrman..
1323 5769 1446 5824 infr.
1477 5773 1578 5829 col.
1599 5772 1751 5831 1516.

230 5825 300 5897 (ί)
343 5824 443 5892 ld.,
468 5824 689 5899 spisse
715 5831 780 5885 ad
806 5830 935 5888 Fab.
971 5835 1092 5891 infr.
1127 5839 1230 5893 col.
1260 5824 1412 5897 1296.

1825 3902 2165 3971 imperatoris
2189 3919 2286 3969 xu,
2343 3903 2546 3958 Christi
2578 3903 2684 3958 265
2732 3905 2970 3961 ineunte.
3026 3906 3177 3960 llanc
3209 3915 3390 3960 autem

1822 3993 2180 4049 ehronotaxin
2215 3994 2600 4068 Dionysianam
2630 4005 3002 4059 contexentes,
3036 3995 3390 4067 Lequienium

1824 4087 1875 4139 in
1914 4088 2102 4154 primis
2126 4101 2316 4143 sumus
2351 4090 2602 4144 assectati
2630 4091 2711 4159 (ι).
2733 4090 2931 4145 Verum
2967 4090 3110 4143 diem
3157 4090 3223 4144 ad
3267 4089 3392 4143 Dio-

1821 4176 1957 4246 nysii
1999 4179 2350 4233 emortualem
2384 4181 2528 4249 quod
2576 4183 2785 4246 attinet,
2844 4182 3099 4236 lectorem
3158 4180 3390 4237 fortasse

1821 4268 1962 4323 haud
2010 4269 2292 4338 pmnitebit
2314 4271 2644 4326 Dodwellum
2675 4274 2821 4328 adire
2855 4273 2972 4343 (νη).

1888 4360 1953 4414 ΙΙ.
2009 4360 2421 4430 Quamplurima
2477 4365 2764 4434 scripsisse
2816 4364 3043 4436 Magnus
3097 4365 3386 4436 Dionysius

1817 4464 1882 4502 ex
1943 4450 2206 4505 hactenus
2245 4453 2406 4508 dictis
2451 4455 2609 4524 plane
2650 4457 3001 4526 comperitur,
3031 4475 3265 4527 quorum
3301 4469 3387 4514 ta~

1819 4554 1939 4593 men
1967 4556 2091 4609 pars
2125 4544 2361 4597 maxima
2416 4545 2640 4602 interiit.
2673 4546 2804 4612 Qua:
2834 4564 2965 4603 vero
2998 4551 3140 4619 apud
3177 4553 3387 4604 viatores

1816 4631 2110 4686 etiamnum
2141 4644 2401 4703 superant
2426 4652 2491 4690 ex
2549 4638 2694 4694 illius
2733 4640 3034 4694 litterarum
3065 4655 3388 4694 monumen-

1815 4723 1906 4787 tis,
1936 4724 2112 4793 magni
2145 4741 2276 4780 sane
2305 4727 2570 4793 ducenda,
2599 4744 2661 4783 ea
2689 4747 2834 4786 nunc
2863 4732 3099 4800 primum
3133 4733 3184 4786 in
3213 4746 3386 4786 unum

1815 4815 2033 4869 collecta
2055 4831 2121 4869 ex
2149 4815 2402 4881 Eusebio,
2439 4819 2760 4887 Athanasio,
2794 4822 2992 4877 Basilio
3026 4825 3255 4895 aliisque
3280 4824 3385 4879 Ec-

1814 4906 1990 4960 clesiae.
2031 4906 2405 4976 scriptoribus,
2461 4909 2515 4963 in
2574 4913 2809 4966 medium
2849 4913 3214 4982 proferimus;
3273 4934 3383 4986 quo

1816 4999 2069 5053 nimirum
2109 4999 2409 5068 fragmenta
2463 5004 2655 5057 saltem
2692 5020 2916 5073 operum
2945 5009 3078 5061 tanti
3111 5008 3288 5063 Patris
3316 5026 3382 5064 ex

1815 5092 2147 5160 reliquorum
2195 5092 2404 5161 jactura
2462 5095 2844 5151 detrimentum
2897 5110 3176 5168 acceptum
3227 5103 3384 5157 nobLs

1821 5184 2216 5252 quadamtenus
2249 5189 2487 5244 sarciant
2524 5202 2904 5262 reparentque.
2959 5191 3025 5246 Et
3077 5193 3231 5263 plura
3261 5197 3382 5263 qui-

1889 5500 1951 5570 (i)
1983 5499 2097 5570 _Id.,
2127 5502 2284 5569 epist.
2330 5502 2388 5556 11
2421 5499 2490 5556 1m
2527 5504 2880 5570 llermamm.,
2913 5505 3037 5558 infr.
3071 5505 3174 5558 col.
3203 5506 3368 5562 5125.

1891 5569 1952 5637 (1')
1983 5567 2080 5633 1‹1.,
2116 5567 2273 5638 epist.
2300 5572 2365 5623 12
2394 5575 2456 5627 ad
2486 5575 2661 5637 Μυκη
2693 5574 2818 5627 infr.
2850 5567 2949 5627 col.
2984 5572 3142 5623 1555.

1917 5638 1966 5712 lt)
1995 5639 2212 5712 Euseb,
2248 5640 2390 5694 Hist.
2421 5645 2546 5696 eccl.
2585 5646 2676 5698 lib.
2709 5660 2802 5707 vn,
2840 5661 2959 5712 cap.
2997 5645 3084 5696 28.

1921 5708 2278 5782 l)_Dequieti.,
2310 5714 2402 5766 ων.
2431 5713 2626 5769 Christ.
2663 5725 2792 5767 tom.
2832 5708 3047 5782 ll,’pag.
3081 5715 3203 5768 594.

1895 5646 1910 5706 (

1898 5709 1959 5776 (ι)
1996 5709 2278 5776 Lequien.,
2310 5714 2402 5766 ων.
2431 5713 2626 5769 Christ.
2663 5725 2792 5767 tom.
2832 5709 3047 5782 ll,'pag.
3081 5715 3203 5768 594.

1894 5780 1987 5866 ςίζι)
2005 5777 2226 5866 ροᾱςῖλ,
2254 5783 2524 5838 dissertat.
2543 5786 2679 5855 sing.
2710 5783 2774 5838 ad
2799 5798 2923 5854 opp.
2950 5783 3158 5850 Pears.,
3177 5800 3295 5855 cap.
3323 5785 3390 5850 0,

1823 5845 1852 5918 §
1885 5847 1971 5915 18,
2004 5864 2123 5920 pag.
2153 5851 2237 5905 7U.
