3888 6500
392 456 537 511 Ηὖό

1397 443 1455 500 S.
1498 442 1793 498 DlONYSll
1831 436 2295 496 ALEXANDRINI
2330 432 2659 491 EPISCOPL

3500 427 3643 483 19⁸36

383 578 511 631 dem
541 574 729 628 adhuc
758 572 824 626 de
875 570 1105 641 singulis
1156 567 1376 638 scriptis
1426 566 1777 637 Dionysianis
1836 580 1965 635 ιιι-ο·
1997 568 2041 624 Α
2069 576 2195 632 gare
2228 559 2437 613 nititur.
2484 555 2640 622 Quod
2670 548 2793 609 'cum
2823 553 3053 609 feliciter
3096 550 3422 622 praestiterit,
3454 550 3643 619 impu-

382 670 528 724 i‘erre
573 668 625 721 in
666 674 915 735 promptu
946 672 1119 729 esset,
1168 663 1289 716 aliis
1336 662 1451 716 sive
1503 661 1797 716 observata
1843 659 1962 714 sive

383 761 550 816 etiam
584 758 887 829 praeterita;
918 772 1037 826 quae
1070 766 1250 809 tamen
1296 753 1511 823 longius
1537 768 1699 821 quam
1733 766 1830 820 par
1866 751 1958 815 sit,

381 849 454 903 ab
490 847 736 900 instituto
766 861 867 899 nos
901 844 1253 899 abducerent.
1287 842 1582 911 Postquam
1636 843 1799 911 igitur
1831 856 1961 895 san-

337 937 457 996 "cti
483 938 660 993 Patris
688 937 859 992 nostri
907 945 1056 1006 gesta
1088 935 1319 990 strictim
1360 934 1763 1004 ordinatimque
1787 934 1964 1003 diges-

386 1028 582 1094 simus,
613 1028 858 1083 eamdem
894 1026 1154 1095 temporis
1187 1025 1454 1079 rationem
1487 1039 1734 1078 servasse
1765 1032 1876 1077 tum
1906 1024 1963 1077 in

387 1120 506 1188 ejus
532 1132 757 1187 operum
792 1116 1109 1184 fragmentis
1143 1158 1158 1181 ,
1188 1124 1299 1170 tum
1332 1115 1384 1167 in
1415 1115 1660 1184 epistolis
1690 1115 1964 1169 excuden-

388 1212 471 1265 dis
505 1209 639 1264 satis
688 1208 1001 1263 habuimus.
1036 1206 1253 1278 Siquid
1304 1222 1431 1261 vero
1486 1208 1753 1275 reliquum
1800 1204 1964 1260 fuerit

387 1302 533 1372 quod
583 1302 819 1370 aliquam
852 1300 1378 1355 animadversionem
1405 1306 1677 1367 reposcat,
1707 1297 1965 1365 subjectre

387 1394 770 1448 adnotationes
838 1392 1086 1446 nonnihil
1133 1391 1271 1445 lucis
1339 1389 1635 1443 affundent.
1695 1388 1963 1443 Caeterum

388 1487 532 1541 haud
564 1485 1029 1555 prmtermittenda
1052 1482 1365 1538 censuimus
1394 1497 1515 1550 qum
1544 1480 1857 1536 observavit
1881 1479 1965 1532 vir

387 1580 739 1635 doctissimus
758 1576 950 1636 Petrus
967 1576 1298 1630 Coutantius
1323 1573 1396 1643 (η)
1415 1573 1482 1628 ad
1499 1573 1678 1642 operis
1702 1570 1968 1639 fragmen-

390 1681 465 1735 ta,
506 1670 766 1725 Elenclias
796 1681 844 1724 et
879 1668 1129 1738 Apologia
1164 1666 1440 1736 inscripti;
1475 1681 1596 1736 quae
1626 1665 1680 1718 in
1717 1665 1819 1719 hac
1846 1664 1965 1719 edi-

392 1765 537 1818 tione
558 1771 813 1832 quartum
846 1760 1028 1814 locum
1054 1767 1322 1829 occupant
1348 1758 1521 1827 partis
1548 1774 1562 1812 l
1589 1755 1825 1828 Opernm
1847 1755 1967 1810 Dio-

392 1856 770 1926 nysianorum,
798 1854 865 1906 ad
885 1851 1162 1920 exemplar
1193 1858 1379 1905 exacta
1412 1847 1591 1904 studio
1621 1848 1865 1918 ejusdem
1904 1860 1962 1900 γ.

328 1962 329 1965 ‘
395 1945 463 1999 cl.
494 1944 899 1999 concinnatum.
932 1941 1022 1997 Sic
1056 1951 1238 1996 autem
1274 1958 1332 1996 se
1365 1941 1583 1996 habent.

463 2036 551 2092 lll.
592 2055 609 2087 ι
659 2036 807 2106 Opus
839 2035 1084 2105 Dionysii
1116 2034 1492 2098 Alexandrini,
1523 2048 1591 2088 ex
1616 2046 1726 2101 quo
1761 2032 1968 2086 descri-

392 2138 485 2200 pta
539 2142 666 2185 sunt
708 2129 1009 2200 fragmenta
1041 2129 1317 2199 proposita
1346 2170 1361 2195 ,
1396 2127 1730 2181 Athanasius
1763 2125 1965 2195 passim

392 2222 579 2275 laudat
608 2222 702 2291 (o).
737 2220 990 2291 Ejusdem
1018 2222 1316 2275 meminere
1342 2220 1576 2275 Basilius
1607 2218 1679 2290 (p)
1698 2228 1750 2272 et
1781 2215 1967 2271 Hiero-

394 2327 592 2383 nymus
620 2314 716 2382 (qn).
740 2312 843 2367 Sed
870 2314 922 2366 hi
940 2314 1050 2369 duo
1072 2315 1323 2370 doctores
1351 2332 1459 2371 non
1478 2332 1584 2370 una
1603 2319 1812 2372 ratione
1839 2318 1967 2372 illud

395 2406 657 2465 indicant.
688 2405 1050 2477 Hieronymus
1073 2408 1216 2462 enim
1243 2409 1295 2462 in
1317 2409 1488 2465 libros
1512 2422 1748 2478 quatuor
1772 2411 1969 2465 distin-

395 2507 543 2552 ctum
600 2500 790 2553 docet:
829 2497 1065 2555 Basilius
1118 2516 1249 2555 vero
1300 2502 1549 2570 quaedam
1610 2503 1756 2558 illius
1807 2504 1969 2559 verba

396 2594 655 2660 tanquam
693 2606 757 2643 ex
783 2590 1013 2644 secunda
1041 2591 1110 2643 ad
1137 2590 1453 2661 Dionysium
1477 2596 1833 2663 cognominem
1863 2597 1973 2665 epi-

396 2680 533 2733 stola
556 2680 781 2749 profert.
810 2680 887 2735 Re
911 2690 1092 2736 autem
1126 2698 1253 2737 vera
1284 2692 1337 2738 et
1365 2685 1421 2737 in
1451 2685 1620 2740 libros
1654 2687 1971 2742 distinctum

396 2787 517 2826 esse
546 2784 600 2827 et
627 2773 870 2842 epistola:
903 2788 1103 2827 nomen
1132 2774 1183 2828 ei
1217 2791 1516 2844 congruere
1564 2793 1631 2831 ex
1670 2779 1973 2834 Athanasio

397 2876 613 2921 constat
664 2883 678 2931 ;
714 2866 806 2935 qui
842 2866 1063 2935 quidem
1090 2866 1143 2920 in
1180 2867 1407 2936 epistola
1453 2869 1520 2924 de
1550 2875 1813 2926 sententia
1844 2873 1972 2926 Dio-

399 2962 539 3033 nysii
576 2978 727 3015 num.
764 2963 828 3016 l5
860 2962 991 3016 dicit
1032 2980 1044 3016 :
1094 2963 1383 3033 Dionysius
1413 2980 1571 3033 quam
1622 2965 1849 3033 primum
1891 2965 1975 3018 sui

399 3056 661 3125 purgandi
694 3058 870 3127 gratia
901 3055 1063 3110 libros
1087 3058 1274 3121 edidit,
1301 3074 1429 3127 quos
1468 3057 1743 3127 inscripsit
1767 3075 1785 3111 :
1814 3055 1975 3113 Elea-

400 3148 528 3201 chus
561 3159 611 3202 et
643 3148 942 3219 Apologia:
970 3158 1025 3204 et
1056 3166 1209 3206 num.
1244 3150 1312 3204 M
1340 3151 1407 3205 de
1440 3152 1642 3220 scripto
1672 3150 1861 3205 eodem
1898 3149 1977 3203 sic

2067 654 2243 709 dentis
2286 652 2574 707 calumnia:
2598 648 2793 703 merito
2821 649 2999 718 arguit
3024 646 3357 700 Athanasius
3380 643 3642 701 Arianos.

2067 746 2212 815 quod
2247 759 2308 798 ea
2344 743 2494 798 velut
2531 740 2771 811 Dionysii
2803 740 3086 793 venditare
3133 752 3241 791 non
3283 733 3645 797 erubuerint,

2066 853 2188 910 qua:
2210 837 2299 890 ille
2321 834 2499 906 palam
2538 841 2831 904 aperteque
2857 832 3122 900 rejecerit.

2136 928 2229 982 IV.
2274 927 2379 983 ista
2415 926 2655 996 Dionysii
2703 923 2965 995 Apologia
3014 937 3079 976 eo
3130 920 3351 989 majoris
3390 928 3477 973 est
3525 932 3646 971 mo-

2067 1021 2255 1084 menti,
2284 1021 2426 1088 quod
2444 1017 2725 1087 specimini
2749 1017 2909 1070 nobis
2936 1016 3005 1068 sit
3024 1029 3212 1068 eorum
3236 1028 3357 1081 qua:
3379 1010 3645 1064 fecissent

2067 1113 2248 1168 caeteri
2282 1110 2471 1165 Patres
2516 1108 2737 1163 Nicaano
2768 1107 3000 1161 concilio
3036 1106 3343 1174 superiores
3368 1141 3385 1164 ,
3436 1102 3645 1170 quibus

2067 1203 2327 1258 nonnulla
2381 1201 2702 1255 exciderunt
2747 1198 2963 1252 Arianae
3003 1194 3260 1263 impietati
3292 1193 3346 1246 in
3402 1190 3645 1259 speciem

2067 1304 2320 1365 cognata,
2356 1296 2401 1348 si
2435 1308 2529 1347 eos
2575 1290 2770 1394 signilis
2800 1289 3097 1344 necessitas
3132 1286 3199 1339 ad
3254 1282 3649 1353 explicandam

2228 1388 2236 1394 .
2480 1393 2484 1394 ,
3012 1379 3045 1394 ι·
3144 1386 3159 1394 -
3214 1374 3333 1394 Idl-
3377 1373 3518 1394 __:__
3566 1370 3616 1394 Ρ.

2068 1388 2310 1455 apertius
2343 1393 2581 1438 mentem
2619 1370 2780 1439 'suam
2812 1379 3182 1448 compulisset.
3214 1374 3339 1429 inde
3370 1373 3522 1428 enim
3564 1370 3650 1425 fa-

2067 1480 2168 1534 cile
2191 1478 2480 1533 addueitur
2513 1476 2745 1546 quisque
2778 1483 2835 1527 ut
2864 1472 3087 1532 credat,
3120 1466 3387 1521 neminem
3440 1479 3513 1518 ex
3564 1463 3648 1516 eis

2069 1574 2314 1627 futurum
2343 1571 2531 1633 fuisse,
2578 1570 2671 1640 qui
2722 1585 2828 1624 non
2869 1566 3091 1637 perinde
3130 1576 3291 1633 atque
3318 1559 3646 1631 Dionysius,

2068 1663 2314 1719 eamdem
2356 1663 2637 1732 perﬁdiam
2691 1661 3023 1715 damnasset.
3054 1655 3129 1709 Ex
3162 1655 3265 1710 hoc
3296 1668 3455 1723 opere
3520 1667 3647 1720 qua:

2067 1755 2443 1819 exscribenda,
2496 1769 2617 1823 qua:
2647 1749 3104 1823 praetermittenda
3139 1746 3355 1801 duxerit
3389 1744 3645 1797 Athana—

2070 1849 2208 1913 sius,
2234 1862 2385 1900 num.
2422 1844 2489 1898 14
2515 1844 2738 1913 exponit
2764 1843 2817 1895 in
2851 1842 2996 1894 hunc
3026 1838 3245 1893 modum
3272 1853 3286 1886 :
3330 1833 3503 1888 Verba
3528 1833 3647 1901 ejus

2069 1937 2486 2011 quamplurima,
2534 1935 2722 2005 quibus
2756 1951 2834 1989 res
2882 1936 2938 1987 in
2985 1931 3322 2002 qumstionem
3374 1927 3650 1981 adductas

2069 2032 2335 2101 expendit,
2362 2039 2456 2083 aut
2487 2043 2551 2083 ex
2584 2028 2765 2081 allatis
2804 2025 3094 2079 ratiociniis
3130 2021 3374 2101 colligit,
3412 2030 3510 2071 aut
3566 2018 3651 2071 in-

2074 2134 2362 2196 terrogatos
2387 2123 2715 2177 adversarios
2743 2120 2997 2189 caarguit,
3026 2117 3101 2170 vel
3122 2100 3491 2168 obtrectatores
3518 2126 3648 2163 suos

2072 2222 2421 2284 criminatur,
2477 2216 2539 2268 ob
2582 2214 2841 2269 librorum
2887 2210 3246 2280 prolixitatem
3280 2205 3560 2265 amittens,
3590 2218 3648 2254 ea

2073 2314 2243 2368 solum
2295 2325 2583 2382 proponam
2611 2347 2625 2372 ,
2661 2322 2777 2377 quae
2808 2307 2875 2356 ad
2928 2301 3319 2355 criminationes
3356 2295 3649 2351 diluenda

2072 2406 2371 2461 necessaria
2408 2402 2737 2457 videbuntur.
2767 2397 2823 2450 in
2858 2397 2922 2451 iis
2958 2409 3085 2449 vero
3117 2406 3237 2462 qua:
3261 2390 3552 2451 esscribit,
3586 2387 3650 2442 li-

2072 2500 2293 2554 brorum
2325 2496 2570 2550 ordinem
2602 2494 2823 2548 minime
2857 2496 3057 2549 servat,
3087 2486 3181 2542 sed
3217 2492 3377 2554 prout
3411 2499 3497 2536 res
3533 2492 3649 2535 tra-

2072 2600 2226 2645 ctatze
2257 2587 2620 2660 postulabant,
2651 2598 2794 2637 nunc
2823 2596 2988 2635 unum
3021 2590 3074 2633 et
3100 2579 3326 2631 alterum
3370 2574 3651 2643 fragmen‘

2077 2694 2187 2737 tum
2221 2698 2287 2737 ex
2319 2681 2457 2735 libro
2485 2680 2661 2751 primo
2695 2676 2919 2747 profert,
2945 2684 3058 2727 tum
3094 2671 3239 2726 aliud
3281 2684 3347 2722 ex
3374 2666 3647 2726 secundo,

2076 2775 2305 2832 subinde
2333 2782 2608 2843 quartum,
2637 2785 2825 2824 rursus
2870 2783 2935 2821 ex
2967 2766 3140 2834 primo
3169 2802 3183 2825 ,
3228 2760 3316 2815 cui
3367 2757 3521 2811 aliud
3586 2772 3650 2809 ex

2078 2876 2273 2935 quarto
2321 2863 2585 2934 adjungit.
2620 2861 2688 2913 At
2741 2876 2863 2914 cum
2897 2855 3065 2911 nostri
3100 2851 3331 2907 instituti
3363 2850 3438 2905 sit
3465 2847 3651 2918 operis

2078 2958 2321 3025 ejusdem
2359 2953 2617 3022 reliquias
2650 2958 2904 3005 accurate
2934 2946 3187 3015 colligere
3214 2984 3230 3009 ,
3267 2940 3486 3010 singula
3536 2937 3653 2991 fra-

2083 3055 2301 3115 gmenta
2325 3060 2389 3099 eo
2417 3044 2608 3098 ordine
2634 3040 2890 3094 exhibere
2920 3037 3090 3092 satius
3135 3034 3311 3087 visum
3345 3038 3452 3095 est,
3486 3042 3653 3097 quem

2036 3176 2043 3183 ι
2079 3146 2297 3192 servant
2329 3136 2468 3189 inter
2494 3150 2552 3189 se
2580 3133 2727 3195 libri,
2752 3148 2816 3185 ex
2844 3130 3043 3200 quibus
3064 3126 3332 3195 descripta
3358 3130 3511 3179 sunt.
3542 3119 3649 3173 Dc—

401 3241 645 3309 loquitur
673 3260 685 3294 :
720 3241 1025 3312 Epistulam,
1050 3261 1205 3297 suam
1238 3242 1459 3297 Elenclii
1488 3250 1537 3295 et
1578 3241 1851 3311 Apologia:
1903 3242 1973 3293 ti-
2003 3249 2048 3309 ο
2081 3248 2228 3285 mum
2260 3230 2303 3289 si
2334 3238 2609 3301 gestorum
2641 3241 2762 3296 qua:
2788 3225 2890 3278 hoc
2936 3238 3072 3293 opus
3108 3224 3525 3290 pra-cesserunt,
3560 3228 3647 3267 se-

402 3332 512 3385 tulo
540 3336 829 3404 inscripsit.
862 3335 1106 3405 Epistola
1135 3336 1299 3407 igitur
1320 3343 1437 3390 erat
1468 3343 1702 3405 quatuor
1728 3336 1779 3389 in
1805 3330 1973 3389 libros

402 3424 656 3480 distincta
681 3467 696 3492 ,
725 3427 968 3497 adeoque
998 3443 1109 3483 una
1151 3444 1217 3483 ex
1252 3428 1321 3481 iis
1359 3442 1496 3497 quas
1532 3426 1823 3498 Dionysius
1858 3442 1888 3479 a
1919 3441 1979 3480 se

404 3515 582 3572 fusius
611 3527 664 3571 et
699 3520 980 3573 tractantis
1000 3535 1152 3574 more
1180 3520 1416 3574 dictatas
1439 3517 1976 3589 (διδασκαλικώτερον

404 3606 803 3677 ὑφηγούμενος)
837 3620 1015 3664 vocat.
1054 3608 1174 3664 Non
1205 3610 1274 3664 ab
1309 3624 1374 3665 eo
1408 3609 1610 3674 statim,
1642 3618 1701 3662 ut
1725 3609 1792 3663 de
1817 3625 1979 3664 accu-

406 3699 619 3755 satione
664 3714 762 3752 sua
813 3702 1179 3755 commonitus
1211 3701 1332 3766 fuit,
1374 3702 1542 3756 missa
1571 3710 1675 3756 est.
1724 3700 1859 3754 Nam
1911 3718 1978 3755 ne

407 3788 744 3844 accusationi
774 3788 964 3845 deesse
997 3790 1290 3857 videretur,
1317 3791 1365 3846 si
1404 3791 1705 3846 rescribere
1734 3790 1980 3846 Romano

407 3881 629 3948 praesuli
663 3881 867 3937 diutius
901 3882 1161 3947 dilferret,
1201 3883 1328 3938 huic
1376 3884 1664 3953 epistolam
1694 3883 1978 3954 praemisit,

408 3987 573 4042 quam
605 3972 744 4029 infra
774 3990 925 4029 num.
956 3974 988 4028 6
1016 3976 1193 4045 ipsum
1222 3974 1543 4047 Dionysium
1567 3974 1871 4029 Romanum
1903 3975 1982 4028 al-

408 4060 640 4137 loquens
682 4076 948 4123 memorat
985 4066 1070 4120 bis
1128 4069 1341 4123 verbis:
1403 4069 1513 4121 Kal
1565 4069 1649 4120 σο).
1700 4066 1765 4124 δι’
1818 4066 1982 4138 ἄλλης

412 4154 700 4229 ἐπιστολῆς
730 4158 962 4229 ἔγραψα.
998 4158 1262 4227 Quocirca
1293 4175 1404 4216 non
1434 4162 1596 4215 modo
1622 4158 1863 4229 epistola,
1888 4158 1983 4213 sed

412 4255 468 4300 et
496 4249 721 4316 epistola
756 4252 988 4304 secunda
1038 4252 1107 4304 ad
1141 4252 1453 4321 Dionysium
1488 4253 1844 4321 cognominem
1877 4266 1983 4305 non

415 4339 559 4395 male
586 4355 615 4392 a
642 4339 845 4396 Basilio
877 4343 1200 4412 appellatur.
1227 4342 1401 4399 Simul
1429 4344 1590 4398 etiam
1621 4353 1705 4398 est
1725 4343 1983 4396 Elcnchus

414 4437 469 4483 et
508 4430 805 4501 Apologia:
843 4433 1113 4489 Elencbus
1158 4435 1379 4504 quidem
1434 4436 1877 4492 adversariorum
1934 4447 1989 4489 et

416 4532 795 4581 accusatorum
830 4523 1096 4595 Dionysii,
1127 4527 1222 4595 qui
1264 4527 1318 4580 in
1350 4528 1455 4583 hoc
1488 4543 1651 4597 opere
1680 4544 1986 4597 coarguun-

2082 3325 2215 3378 ricm
2279 3321 2670 3390 expendamus,
2704 3318 2768 3371 ad
2803 3326 3014 3385 tempus
3042 3312 3183 3367 circa
3206 3310 3372 3381 quod
3398 3307 3649 3362 elabora-

2082 3427 2198 3471 tum
2229 3425 2331 3479 est,
2365 3415 2599 3485 quodam
2648 3412 2807 3467 modo
2866 3410 3166 3480 pertingere
3196 3406 3398 3461 licebit.
3448 3401 3653 3471 Nempe

2086 3509 2290 3577 aliquot
2322 3506 2562 3577 Dionysii
2595 3501 2943 3561 Alexandrini
2997 3500 3258 3553 adversus
3311 3495 3654 3550 Sabellianos

2088 3601 2350 3671 epistolae,
2378 3597 2551 3668 Xysto
2596 3596 2849 3666 pontiﬁce
2880 3593 3107 3662 vulgatae
3132 3634 3147 3659 ,
3187 3589 3557 3645 accusationis
3592 3587 3654 3639 il-

2089 3695 2197 3748 lius
2228 3691 2572 3747 occasionem
2618 3689 2905 3743 dederunt.
2948 3685 3072 3739 Inde
3123 3683 3357 3754 permoti
3410 3679 3654 3735 nonnulli

2085 3785 2372 3847 Catholici,
2398 3784 2514 3852 ipso
2546 3779 2912 3835 Alexandrino
2946 3776 3175 3847 praesule
3201 3774 3395 3837 inscio,
3428 3771 3655 3826 Romam

2086 3876 2443 3931 convolarunt
2469 3913 2484 3938 ,
2520 3882 2572 3928 et
2606 3888 2726 3941 qua:
2765 3871 2865 3925 sibi
2903 3870 2955 3923 in
2994 3868 3110 3937 ejus
3157 3867 3378 3936 scriptis
3409 3864 3659 3934 displice-

2087 3970 2217 4023 bant
2264 3968 2328 4022 ad
2364 3966 2665 4021 Romanum
2713 3962 3021 4033 pontificem
3074 3960 3406 4015 detulerunt.
3465 3958 3657 4013 Statim

2089 4058 2374 4113 admonuit
2408 4055 2701 4127 Dionysius
2742 4053 3019 4107 Romanus
3060 4049 3375 4120 Dionysium
3428 4048 3660 4101 Alexan-

2088 4151 2329 4205 drinum.
2366 4147 2415 4203 ls
2447 4161 2576 4200 vero
2634 4146 2707 4199 illi
2738 4143 3051 4199 satisfacere
3106 4143 3343 4211 primum
3384 4137 3657 4199 brmibus,

2090 4256 2323 4309 moxque
2381 4237 2766 4310 prolixioribus
2832 4235 3027 4289 litteris
3087 4233 3485 4304 quamprimum
3527 4273 3543 4297 ,
3604 4240 3661 4282 ut

2093 4331 2420 4388 Athanasius
2446 4340 2617 4392 notat,
2653 4329 2880 4383 studuit.
2914 4327 3180 4393 Quocirca
3229 4325 3307 4378 nil
3334 4333 3484 4378 vetat
3533 4336 3664 4391 quo-

2093 4428 2276 4482 minus
2317 4425 2459 4479 hane
2517 4421 2767 4492 Dionysii
2819 4419 3134 4489 Apologiam
3185 4415 3250 4469 ad
3302 4430 3514 4469 annum
3560 4411 3665 4467 26'}.

2094 4522 2322 4575 attinere
2373 4532 2714 4573 censeamus.
2757 4513 2887 4569 Eam
2940 4526 3156 4582 quoque
3202 4508 3453 4564 eruditus
3505 4505 3661 4560 Tille-

415 4621 508 4667 tur
542 4623 705 4685 atque
733 4593 1421 4688 conmunitum—Apologia
1460 4593 1589 4674 vero
1636 4593 1835 4687 ipsiusv
1860 4618 1987 4672 Dio-
2016 4593 2060 4647 Ῑ)
2095 4612 2336 4669 montius
2367 4612 2435 4665 ad
2487 4611 2613 4663 anni
2665 4607 2829 4677 hujus
2856 4606 3063 4660 exitum
3098 4602 3289 4660 referri
3324 4616 3493 4670 posse
3523 4598 3659 4653 arbi—

418 4706 583 4775 nysii,
620 4709 715 4778 qui
753 4709 808 4762 in
836 4712 1025 4764 eodem
1055 4710 1123 4765 de
1153 4710 1383 4781 objectis
1410 4711 1689 4766 erroribus
1720 4726 1841 4765 sese
1866 4726 1990 4779 pur-

493 4869 571 4935 (n)
601 4867 863 4940 Coutant,
899 4870 1092 4938 Epistt.
1124 4870 1274 4925 Rom.
1318 4872 1531 4940 ponti{.,
1561 4886 1682 4940 pag.
1705 4870 1809 4922 ‘277
1837 4886 1988 4939 seqq.

493 4939 568 5018 (ρ)
592 4938 835 5018 Athan"
878 4940 973 4994 lib.
1005 4940 1083 5018 De
1122 4938 1334 5018 synod.,
1370 4957 1435 5018 n.‘
1461 4938 1744 5009 44,Vepist.
1766 4941 1862 5018 “de
1892 4942 1989 4995 de-

420 5006 555 5064 cret.
589 5006 706 5067 Nic.
744 5026 895 5082 syn.,
920 5027 976 5065 n.
1003 5011 1097 5076 25,
1128 5006 1181 5067 et
1208 5011 1367 5082 epist.
1405 5012 1471 5067 de
1505 5006 1736 5066 sentem.
1766 5009 1987 5081 Dionys.

2096 4716 2292 4762 tratur.
2331 4725 2350 4756 ι
2389 4703 2454 4758 Et
2484 4704 2601 4759 haec
2630 4702 2697 4756 de
2729 4701 2924 4772 Magno
2956 4697 3213 4767 Dionysio
3242 4696 3403 4751 satis.

2171 4862 2247 4932 (p)
2278 4861 2465 4928 Basil.,
2495 4861 2590 4932 lib.
2618 4859 2693 4932 De
2725 4858 2866 4932 Spir.
2893 4865 3086 4917 sanet,
3126 4869 3244 4932 cap.
3283 4851 3377 4906 29.

2276 4924 2515 4998 Hieron.,
2544 4930 2621 4985 De
2643 4930 2739 4984 vir.
2766 4924 2998 4991 ’illustr.,
3027 4940 3146 4995 cap.
3171 4924 3259 4979 69.
