3888 6508
453 447 592 499 1245
1430 436 1485 491 S.
1530 426 1825 489 DIONYSII
1865 414 2171 479 EPISCOPI
2210 401 2674 467 ALEXANDRINI

451 561 607 625 licet,
653 569 707 616 et
755 576 945 616 eorum
971 574 1092 631 quae
1119 558 1221 614 sub
1250 563 1435 610 ventre
1468 562 1594 609 sunt
1636 548 1914 610 satietate,
1958 541 2011 597 id
2041 544 2089 600 A

452 663 536 709 est
567 653 621 708 in
646 654 782 709 cibis
808 669 870 708 ac
895 653 1126 723 poculis,
1172 652 1224 705 in
1256 647 1458 717 nuptiis
1499 653 1553 699 et
1597 643 1649 696 in
1701 641 1768 694 iis
1810 635 2007 706 quibus

366 786 369 789 .
452 744 558 799 ista
594 743 874 799 honestius
896 721 1085 812 parari
1127 754 1285 810 posse
1321 731 1693 792 existimabat,
1739 725 1890 780 festis
1926 721 2011 774 ni~

453 836 652 889 mirum
690 843 745 890 et
792 834 1095 899 sacriﬁciis,
1142 842 1194 886 et
1225 828 1527 883 hostiarum
1565 816 2004 877 mactationibus.

454 927 566 998 Ego
600 943 727 984 vero
767 928 963 982 librum
996 925 1145 978 illum
1175 920 1394 989 rejicere
1419 915 1639 971 omnino
1667 926 1776 965 non
1809 908 2005 969 ausim,

451 1019 748 1087 praesertim
797 1034 920 1073 cum
955 1014 1109 1070 multi
1155 1029 1221 1068 ex
1261 1008 1518 1064 fratribus
1560 1018 1683 1059 eum
1715 997 1895 1069 magni
1926 996 2008 1050 fa~-

452 1086 615 1163 ciant.
658 1106 761 1161 Sed
793 1104 1102 1176 hujusmodi
1132 1103 1197 1157 de
1229 1101 1318 1154 illo
1346 1096 1651 1167 opinionem
1678 1086 2007 1157 concipiens,

450 1196 608 1265 quasi
634 1210 827 1251 sensus
852 1196 955 1250 mei
987 1194 1204 1248 modum
1230 1188 1451 1245 excedat
1476 1225 1489 1250 ,
1523 1196 1778 1238 arcanam
1812 1191 2003 1247 quam-

450 1290 574 1344 dam
619 1290 886 1359 planeque
929 1286 1295 1341 admirabilem
1326 1279 1659 1349 singularum
1691 1287 1870 1328 rerum
1918 1270 2004 1323 in-

454 1381 797 1451 telligentiam
845 1380 1009 1433 latere
1047 1377 1316 1432 existimo.
1346 1372 1479 1426 Nam
1512 1368 1614 1424 etsi
1651 1367 1766 1435 ipse
1789 1379 1895 1418 non
1923 1363 2006 1416 in-

451 1473 648 1539 telligo,
683 1471 927 1541 suspicor
958 1479 1134 1524 tamen
1181 1467 1425 1520 altiorem
1458 1459 1743 1531 quemdam
1785 1469 2005 1510 sensum

450 1565 629 1620 verbis
656 1564 896 1619 subesse.
948 1560 1131 1629 anue
1165 1574 1270 1611 non
1320 1570 1441 1609 meo
1469 1552 1637 1621 ipsius
1660 1548 1863 1619 judicio
1894 1558 2007 1597 me-

454 1654 558 1708 tior
601 1663 761 1723 atque
802 1651 1044 1707 aestimo:
1096 1647 1187 1703 sed
1238 1647 1358 1716 plus
1390 1643 1513 1697 ﬁdei
1540 1640 1799 1699 tribuens,
1841 1634 2008 1689 subli-

3530 388 3676 443 ιειι

2112 531 2282 587 ταῦτα
2319 527 2470 599 ᾠήθη
2513 518 2835 595 ποριεῖσθαι,
2866 516 3075 588 ἑορταῖς
3108 512 3199 566 καὶ
3230 498 3441 571 θυσίαις
3472 508 3571 560 καὶ
3605 508 3681 559 ἱε-

2113 622 2269 697 ρείων
2304 596 2796 687 σιραγαῖς.Ἐγὼ’δὲ
2830 606 3086 675 ἀθετῆσαι
3122 603 3218 674 μὲν
3240 601 3341 655 οὐκ
3378 599 3446 651 ἂν
3475 596 3680 666 τολμή-

2109 688 2264 784 σαιμι
2292 712 2353 765 τὺ
2384 707 2582 781 βιϐλίον
2602 722 2613 734 ·
2656 700 2863 755 πολλῶν
2895 698 3025 753 αὐτὸ
3050 695 3136 749 διὰ
3170 692 3404 760 σπουδῆς
3445 688 3679 758 ἐχόντων

2105 778 2347 876 ἀδελφῶν
2366 778 2393 835 ’Ἴ
2439 800 2656 872 μείζονα
2699 796 2756 848 δὲ
2805 794 2902 863 τῆς
2950 785 3182 860 ἐμαυτοῦ
3233 778 3680 876 φρονήσεωςῄτὴν

2109 870 2373 967 ὑπόληψιν
2559 888 2686 959 περὶ
2736 883 2904 938 αὑτοῦ
2950 878 3256 951 λαμϐάνων,
3280 870 3682 942 κεκρυμμένην

2108 988 2246 1044 εἷναί
2268 961 2405 1039 ’τινα
2447 961 2541 1036 καί¹
2574 975 3018 1050 θαυμασιωτέραν
3046 972 3140 1042 τὴν
3172 968 3291 1023 καθ’
3325 966 3563 1018 ἕκαστον
3594 961 3680 1010 ὲκ-

2108 1080 2267 1151 δοχὴν
2314 1073 2691 1144 ὑπολαμϐάνω.
2732 1068 2841 1123 Καὶ
2888 1068 2995 1136 γὰρ
3043 1066 3090 1116 εί
3142 1062 3213 1133 μὴ
3265 1058 3519 1127 συνίημι,
3564 1051 3675 1105 ἀλλ’

2108 1169 2317 1225 ὑπονοῶ
2347 1184 2410 1234 γε
2436 1164 2557 1218 νοῦν
2590 1179 2710 1215 τινα
2743 1158 3034 1231 βαθύτερον
3059 1151 3333 1221 ἐγκεῖσθαι
3351 1152 3467 1209 τοῖς
3500 1148 3674 1216 ῥήμα-

2112 1280 2193 1315 σιν
2214 1278 2225 1290 ·
2261 1260 2358 1312 οὐκ
2388 1258 2498 1327 ἰδίῳ
2527 1254 2696 1308 ταῦτα
2726 1251 2933 1323 μετρῶν
2957 1250 3047 1303 καὶ
3071 1245 3263 1317 κρίνων
3292 1238 3567 1309 λογισμῷ,
3589 1236 3676 1288 πί-

2114 1371 2225 1407 στει
2270 1351 2324 1403 δὲ
2372 1348 2528 1401 πλέον
2568 1346 2763 1416 νέμων,
2797 1341 3096 1412 ὑψηλότερα
3132 1338 3165 1407 ἥ
3208 1335 3298 1387 ὑπ’
3323 1331 3465 1403 ἐμοῦ
3512 1346 3677 1382 κατα-

2111 1451 2374 1524 ληφθῆναι
2415 1446 2697 1515 νενόμικα·
2742 1443 2835 1495 καὶ
2877 1440 2977 1493 οὐκ
3024 1431 3407 1501 ἀποδοκιμάζω
3439 1423 3677 1524 ταῦταοᾶ

2114 1511 2205 1615 μη.
2236 1511 2549 1610 συνεώρακα
2569 1553 2583 1567 ⁸
2632 1533 2890 1607 θαυμάζω
2918 1531 2976 1584 δὲ
3007 1527 3198 1600 μᾶλλον
3228 1527 3308 1577 6m
3346 1522 3424 1593 μὴ
3459 1520 3561 1574 καὶ
3602 1511 3677 1569 εἶ-

2112 1634 2221 1687 δον.

449 1756 619 1810 miora
655 1767 774 1809 esse
810 1763 1007 1804 censeo
1044 1761 1202 1815 quam
1242 1752 1301 1797 ut
1346 1758 1376 1796 a
1430 1756 1517 1796 me
1553 1734 1961 1809 'percipiantur.
2002 1731 2117 1787 Nec
2153 1747 2217 1789 es
2254 1728 2557 1787 condemno
2608 1737 2728 1793 quae
2763 1717 3065 1789 intelligere
3099 1728 3208 1768 non
3244 1707 3399 1781 potui
3443 1723 3457 1758 :
3500 1718 3673 1759 vernn

449 1848 577 1906 inde
613 1844 848 1901 admiror
884 1840 1071 1912 magis.
1112 1838 1254 1907 quod
1288 1852 1480 1906 capere
1516 1847 1625 1887 non
1662 1843 1902 1899 possum.

521 1938 611 1994 1V.
658 1939 896 1993 Postluec
926 1940 1124 2007 integro
1164 1935 1504 1990 Revelationis
1530 1932 1664 1985 libro
1689 1932 2011 1994 examinato,
2046 1937 2085 1990 Β

453 2040 725 2102 postquam
762 2030 1082 2099 apertissime
1108 2027 1352 2093 ostendit,
1383 2042 1500 2080 eum
1540 2039 1753 2094 prorsus
1796 2021 2016 2092 intelligi

452 2137 559 2176 non
590 2136 737 2191 passe
752 2120 911 2189 juxta
942 2120 1145 2174 obvium
1174 2118 1443 2172 verborum
1470 2131 1697 2181 sensum,
1731 2113 1840 2167 haec
1858 2114 2017 2181 subji-

450 2212 530 2265 cit
560 2225 579 2264 :
611 2211 868 2267 Absoluta
913 2211 1128 2266 demum
1175 2207 1427 2260 universa
1474 2203 1822 2274 praedictione
1871 2218 1966 2257 sua
1999 2242 2013 2266 ,

454 2304 712 2373 propheta
744 2304 929 2358 beatos
962 2300 1278 2372 pronuntiat
1303 2307 1416 2353 tum
1448 2312 1542 2352 eos
1569 2296 1661 2365 qui
1690 2310 1807 2349 eam
1832 2309 2016 2349 serva-

454 2393 651 2457 verint,
707 2400 821 2447 tum
861 2408 919 2448 se
966 2393 1164 2462 ipsum.
1202 2390 1396 2444 Beatus
1422 2429 1437 2453 ,
1476 2388 1684 2458 inquit,
1717 2386 1805 2456 qui
1846 2395 2014 2439 servat

453 2487 606 2540 verba
630 2486 911 2555 prophetia:
946 2484 1066 2537 libri
1092 2482 1277 2551 hujus;
1313 2492 1362 2536 et
1391 2497 1481 2551 ego
1505 2481 1612 2549 ipse
1644 2478 1894 2542 Joannes,
1926 2476 2017 2546 qui

451 2577 561 2631 haec
584 2577 687 2630 vidi
710 2587 860 2647 atque
882 2576 1059 2629 audivi
1098 2576 1135 2627 ί,
1160 2572 1423 2628 Joannem
1449 2572 1611 2641 igitur
1640 2570 1784 2623 hunc
1811 2568 2013 2633 vocari,

449 2676 507 2722 et
540 2668 734 2722 librum
779 2683 808 2721 a
856 2666 1063 2720 Joanne
1115 2666 1375 2734 scriptum
1428 2678 1577 2727 esse,
1624 2677 1732 2715 non
1782 2658 2013 2714 inﬁcior.

452 2756 646 2812 Fateor
676 2758 817 2812 enim
842 2758 1012 2811 sancti
1036 2754 1317 2824 cujusdam
1347 2760 1400 2807 et
1424 2752 1605 2805 divino
1624 2748 1824 2819 Spiritu
1850 2745 2014 2800 afflati

456 2850 555 2904 viri
583 2849 636 2903 id
666 2864 801 2918 opus
826 2864 962 2903 esse.
1019 2846 1122 2900 Sed
1149 2847 1292 2899 hunc
1331 2846 1505 2914 ipsum
1538 2857 1656 2898 esse
1691 2839 2012 2909 apostolum,

453 2940 695 2995 Zebedaei
725 2939 913 3005 lilium,
944 2938 1128 2992 Jacobi
1176 2937 1420 3001 fratrem,
1455 2934 1611 3000 cujus
1656 2940 1739 2986 est
1776 2930 2014 2998 Evange-

453 3033 584 3086 lium
628 3032 759 3087 illud
803 3030 947 3100 quod
993 3030 1275 3083 secundum
1304 3032 1562 3079 Joannem
1605 3022 1917 3078 inscribitur
1962 3029 2016 3074 et

452 3123 691 3193 Epistola
716 3122 999 3184 catholica,
1033 3121 1173 3174 haud
1202 3119 1356 3173 facile
1378 3116 1759 3173 concesserim.
1794 3111 1927 3167 Nam
1950 3127 2016 3166 ex

454 3215 738 3285 utriusque
770 3214 927 3285 genio
956 3221 1009 3266 et
1032 3211 1208 3264 forma
1251 3209 1527 3278 loquendi,
1565 3212 1619 3261 et
1644 3221 1708 3261 ex
1737 3204 1900 3258 libelli
1933 3212 2014 3256 to-

452 3311 562 3364 tius
593 3309 757 3365 ductu
788 3318 852 3364 ac
878 3306 1228 3376 dispositione
1249 3345 1265 3369 ,
1311 3317 1421 3357 non
1461 3316 1628 3356 unum
1659 3298 2015 3366 eumdemque

450 3404 770 3471 scriptorem
794 3417 912 3456 esse
940 3400 1190 3468 coniicio.
1219 3396 1424 3465 Quippe
1449 3393 1776 3463 evangelista
1797 3391 2012 3459 quidem

453 3492 642 3546 nullibi
677 3506 871 3546 nomen
905 3505 1063 3544 suum
1100 3486 1321 3542 ascribit
1356 3504 1369 3539 :
1403 3499 1503 3539 nec
1535 3490 1706 3538 semet
1746 3481 1879 3550 ipse,
1921 3486 2015 3532 aut

453 3587 510 3638 in
554 3583 883 3651 Evangelio,
926 3590 1019 3633 aut
1047 3579 1099 3632 in
1141 3577 1379 3646 Epistola
1423 3574 1698 3644 praedicat.
1744 3570 1812 3624 Et
1853 3569 2012 3637 paulo

452 3686 568 3745 post
605 3673 822 3727 subdit:
864 3670 1099 3725 Joannes
1127 3684 1254 3723 vero
1297 3682 1585 3734 nusquam,
1625 3678 1725 3718 nec
1755 3670 2012 3728 tanquam

454 3765 521 3820 de
555 3780 611 3819 se
642 3764 779 3833 ipso,
828 3778 927 3817 nec
956 3772 1209 3831 tanquam
1253 3759 1320 3813 de
1346 3758 1533 3812 altero.
1571 3757 1639 3809 At
1666 3755 1754 3810 ille
1792 3753 1884 3823 qui
1909 3753 2014 3806 lle-

452 3857 772 3911 velationem
804 3854 1047 3923 scripsit,
1095 3853 1149 3905 in
1196 3851 1314 3920 ipso
1344 3848 1522 3904 statim
1553 3846 1775 3902 exordio
1817 3858 2013 3898 nomen

455 3965 611 4004 suum
659 3947 923 4018 praaﬁgit,
978 3960 1102 3999 cum
1146 3943 1268 3997 ait:
1302 3940 1566 3995 Revelatio
1608 3937 1734 3992 Jesu
1780 3936 2011 4002 Christi,

453 4056 611 4111 quam
654 4039 795 4092 dedit
838 4038 938 4106 ipsi
978 4044 1034 4087 ut
1090 4034 1268 4105 palam
1309 4031 1500 4101 faceret
1549 4030 1706 4083 servis
1737 4028 1846 4081 suis
1890 4025 2014 4079 cele-

454 4133 618 4197 iiter,
678 4140 728 4184 et
775 4127 1090 4200 signiﬁcavit
1148 4127 1355 4178 mittens
1407 4140 1498 4193 per
1566 4120 1807 4191 angelum
1860 4131 2012 4171 suum

452 4224 650 4278 Joanni
688 4240 833 4277 servo
863 4240 978 4287 suo,
1011 4223 1099 4292 qui
1153 4221 1460 4290 testiﬁcatus
1507 4229 1584 4272 est
1632 4216 1842 4271 verbum
1885 4214 2011 4279 Dei;

452 4327 502 4369 et
535 4316 885 4367 testimonium
911 4314 1043 4382 ejus,
1074 4327 1388 4381 quascunque
1420 4311 1547 4364 vidit
1580 4313 1621 4363 ³.
1648 4310 1729 4363 Ad
1762 4310 1877 4363 huic
1909 4305 2015 4373 epi—

455 4407 647 4461 stolam
686 4405 875 4459 scribit
921 4423 933 4459 :
980 4403 1245 4465 Joannes,
1284 4402 1488 4470 inquit,
1532 4412 1722 4469 septem
1748 4396 2011 4457 ,Ecclesiis

452 4515 569 4571 qua:
602 4507 722 4551 sunt
749 4498 803 4550 in
844 4498 1005 4562 Asia,
1049 4496 1222 4565 gratia
1254 4494 1393 4547 vobis
1433 4502 1481 4546 et
1515 4507 1620 4561 pax
1650 4492 1690 4545 ³.
1733 4489 2015 4559 Evangeli-

454 4604 565 4648 stes
604 4606 739 4661 ,vero
789 4604 856 4644 ne
903 4589 1180 4644 catholica:
1231 4587 1445 4656 quidem
1502 4584 1754 4654 Epistola;
1816 4598 2011 4637 nomen

454 4699 613 4761 suum
651 4682 914 4753 praeﬁxit;
960 4680 1053 4737 sed
1091 4680 1293 4749 absque
1324 4678 1431 4731 ulla
1464 4676 1747 4731 verborum
1790 4672 2013 4740 ambage

453 4774 521 4828 ab
553 4775 671 4843 ipso
711 4774 908 4828 divina:
958 4770 1299 4826 revelationis
1333 4768 1589 4839 mysterio
1629 4781 1856 4822 exorsus
1908 4774 2008 4819 est.

454 4866 603 4931 Quod
636 4865 760 4934 fuit,
800 4863 994 4931 inquit,
1038 4862 1102 4915 ab
1133 4862 1319 4924 initio;
1360 4859 1495 4929 quod
1527 4858 1841 4920 audivimus,
1875 4856 2011 4926 quod

453 4956 678 5009 vidimus
703 4955 866 5009 oculis
899 4954 1090 5007 nostris
1123 4952 1165 5005 ’⁸.
1218 4950 1298 5007 0b
1324 4949 1635 5020 hujusmodi
1670 4948 1815 5004 enim
1856 4963 2011 5003 reve-

2182 1929 2255 1979 A'.
2307 1922 2435 1979 Ἐπί
2469 1921 2699 1985 τούτοις
2726 1918 2839 1985 τὴν
2870 1917 3021 1982 ὅλην
3065 1911 3171 1978 τῆς
3213 1904 3675 1968 Ἀποκαιύιέεως

2110 2017 2456 2086 βασανίσας
2481 2012 2735 2084 γραφὴν.
2765 2009 3059 2064 ἀδύνατον
3079 2003 3145 2056 δὲ
3170 1997 3361 2065 αὐτὴν
3388 1995 3547 2049 κατὰ
3568 1992 3677 2086 τὴν

2115 2083 2431 2181 πρόχειρον
2455 2101 2775 2168 ἀποδείξας
2803 2099 3066 2154 νοεῖσθαι
3096 2092 3383 2153 διάνοιαν,
3407 2083 3676 2154 ἐπιφέρει

2373 2196 2697 2257 Συντελέσας
2724 2193 2787 2263 δὴ
2826 2192 3024 2253 πᾶσαν,
3054 2188 3127 2251 ὡς
3167 2185 3356 2247 εἰπεῖν,
3396 2179 3499 2250 τὴν
3548 2192 3677 2245 προ-

2116 2271 2362 2364 φητείαν,
2401 2286 2690 2361 μακαρίζει
2721 2286 2749 2336 ὁ
2771 2283 3053 2354 προφήτης
3073 2276 3195 2341 τούς
3217 2292 3276 2328 τε
3303 2271 3677 2364 φυλάσσοντας

2114 2359 2299 2454 αὐτὴν,
2335 2359 2427 2435 καί
2458 2379 2522 2450 δὴ
2558 2379 2651 2432 καὶ
2682 2374 2892 2428 ἑαυτόν.
2935 2368 3231 2438 Μακάριος
3257 2364 3384 2435 γὰρ,
3423 2362 3613 2454 φησὶν,
3644 2359 3678 2409 ὁ

2114 2449 2305 2540 τηρῶν
2346 2468 2487 2535 τοὺς
2514 2449 2733 2536 λόγους
2763 2462 2873 2530 τῆς
2903 2458 3258 2529 προφητείας
3291 2453 3398 2507 τοῦ
3428 2449 3677 2540 ﬁtﬁllav

2114 2561 2357 2613 τούτου·
2404 2554 2563 2626 κάγὼ
2606 2551 2877 2618 Ἰωάννης
2916 2553 2949 2604 ό
2991 2547 3239 2613 ,ϐλέπων
3286 2541 3384 2597 καὶ
3436 2539 3679 2594 ἀκούων

2116 2652 2317 2706 ταῦτα.
2350 2647 2643 2704 Καλεῖσθαι
2673 2646 2769 2716 μὲν
2800 2638 2890 2697 οὖν
2914 2642 3072 2695 αὑτὸν
3118 2639 3386 2705 Ἰωάννην,
3416 2632 3511 2687 καὶ
3541 2626 3679 2682 εἶναι

2113 2750 2210 2820 τὴν
2251 2746 2466 2819 γραφὴν
2520 2744 2764 2797 Ἰωάννου
2800 2740 3022 2810 ταύτην,
3069 2735 3167 2789 οὐκ
3216 2731 3446 2802 ἀντερῶ.
3492 2725 3675 2793 Ἀγίου

2119 2842 2216 2913 μὲν
2259 2840 2365 2910 γὰρ
2411 2833 2550 2890 εἷναί
2590 2851 2734 2897 τινος
2772 2832 2867 2887 καὶ
2906 2827 3261 2884 θεοπνεύστου
3309 2818 3566 2875 συναινῶ.
3603 2817 3675 2868 0νῦ

2118 2909 2222 3004 μὴν
2254 2909 2448 3002 ῥᾳδίως
2474 2928 2538 2983 ἂν
2570 2926 2858 2997 συνθείμην
2883 2922 3067 2976 τοῦτον
3089 2915 3225 2972 εἶναι
3245 2916 3335 2968 τὸν
3358 2909 3676 3004 ἀπόστολοι,

2114 2997 2205 3077 τὸν
2250 2997 2362 3076 υίὸν
2402 3020 2705 3080 Ζεϐεδαίου,
2764 3019 2857 3072 τὸν
2899 3015 3123 3084 ἀδελφὸν
3173 3008 3463 3065 Ἰακώϐου·
3510 2997 3575 3059 οὗ
3619 3002 3678 3055 τὸ

2116 3114 2439 3184 Εὐαγγέλιον
2469 3114 2530 3166 τὸ
2557 3112 2707 3165 κατὰ
2746 3108 3020 3176 Ἰωάννην
3057 3100 3556 3173 ἐπιγεγραμμένον,
3586 3096 3678 3149 καὶ

2116 3211 2150 3280 ἠ
2201 3206 2483 3277 Ἐπιστολὴ
2515 3208 2548 3277 ἡ
2577 3203 2851 3273 καθολική.
2882 3198 3257 3271 Τεκμαίρομαι
3282 3194 3392 3263 γάρ
3418 3190 3482 3243 ἐκ
3501 3207 3560 3242 τε
3585 3187 3676 3241 τοῦ

2114 3301 2276 3372 ἤθους
2308 3299 2602 3370 ἑκατέρων,
2631 3296 2725 3349 καὶ
2753 3293 2845 3347 τοῦ
2873 3292 2979 3345 τῶν
3010 3292 3179 3358 λόγων
3223 3288 3418 3349 εἴδους,
3456 3284 3551 3336 καὶ
3582 3282 3677 3349 τῆς

2110 3392 2205 3446 τοῦ
2245 3392 2445 3463 βιϐλίου
2488 3388 2820 3458 διεξαγωγῆς
2850 3384 3144 3455 λεγομένης
3174 3382 3306 3452 (9.0),
3350 3378 3424 3449 μὴ
3464 3377 3557 3428 τὸν
3586 3374 3679 3426 αὑ-

2110 3488 2201 3541 τὸν
2248 3485 2403 3541 εἶναι.
2456 3485 2514 3536 '0
2574 3484 2671 3554 μὲν
2721 3481 2828 3553 γὰρ
2878 3476 3281 3548 εὐαγγελιστὴς,
3335 3468 3577 3540 οὐδαμοῦ
3620 3467 3678 3519 τὸ

2110 3580 2278 3651 ὄνομα
2333 3575 2495 3631 αὑτοῦ
2548 3572 2928 3647 παρεγγράφει
2952 3588 2964 3601 ·
3006 3569 3124 3623 οὐδὲ
3164 3565 3429 3635 κηρύσσει
3468 3560 3676 3621 ἑαυτὸν,

2110 3671 2229 3725 οὔτε
2268 3670 2354 3723 διὰ
2395 3667 2488 3721 τοῦ
2515 3665 2864 3735 Εὑαγγελίου,
2905 3662 3027 3716 οὔτε
3072 3660 3160 3713 διὰ
3196 3660 3293 3729 τῆς
3337 3654 3674 3720 Ἐπιστολῆς.

2111 3759 2232 3817 Εἶθ’
2263 3758 2511 3824 ὑποϐὰς,
2542 3756 2725 3810 πάλιν
2760 3754 2944 3807 ταῦτα
2971 3750 3163 3818 λέγει·
3208 3747 3465 3815 Ἰωάννης
3504 3744 3558 3794 δὲ
3594 3742 3679 3791 οὒ-

2109 3850 2279 3922 δαμοῦ
2326 3849 2443 3905 οὐδὲ
2475 3848 2550 3912 ὡς
2586 3846 2713 3917 περὶ
2755 3842 2967 3907 ἑαυτοῦ,
3003 3841 3121 3895 οὐδὲ
3154 3838 3228 3901 ὡς
3278 3837 3410 3907 περὶ
3455 3835 3671 3895 ἐτέων·

2110 3945 2138 3996 ὁ
2181 3943 2236 3995 δὲ
2269 3943 2367 4013 τὴν
2411 3938 2772 4009 Ἀποκάλυψιν
2808 3935 3043 4008 γράψας,
3089 3930 3251 3993 εὐθὺς
3290 3946 3353 3981 τε
3389 3926 3583 3980 ἑαυτὸν
3624 3926 3677 3975 ὲν

2111 4037 2251 4107 ἀρχῇ
2282 4032 2602 4104 προτάσσει·
2650 4026 3047 4094 Ἀποκὰλυψις
3084 4021 3275 4089 Ἰησοῦ
3309 4017 3576 4087 Χριστοῦ
3606 4014 3679 4081 ἦν

2110 4129 2328 4183 ἔδωκεν
2349 4123 2507 4189 αὐτῷ
2534 4122 2719 4187 δεῖξαι
2747 4119 2870 4185 τοῖς
2896 4117 3140 4180 δούλοις
3173 4112 3361 4166 αὐτοῦ
3392 4112 3465 4164 ἐν
3485 4108 3674 4177 τάχει·

2111 4218 2207 4271 καὶ
2227 4216 2530 4286 ἐσήμανεν
2558 4212 2925 4276 ἀποστείλας
2947 4209 3044 4262 διὰ
3071 4206 3177 4260 τοῦ
3205 4202 3471 4274 ἀγγέλου
3502 4198 3679 4254 αὑτοῦ

2111 4307 2191 4373 τῷ
2217 4306 2413 4372 δούλῳ
2441 4304 2624 4359 αὐτοῦ
2662 4300 2896 4370 Ἰωάννῃ
2916 4317 2929 4329 ·
2966 4298 3034 4364 ὃς
3055 4296 3435 4366 ἐμαρτύρησε
3464 4292 3571 4345 τὸν
3591 4289 3681 4343 λό-

2111 4417 2220 4468 γον
2261 4399 2365 4453 τοῦ
2400 4397 2568 4459 Θεοῦ,
2598 4394 2693 4447 καὶ
2726 4391 2839 4459 τὴν
2870 4390 3203 4460 μαρτυρίαν
3230 4386 3427 4441 αὐτοῦ
3460 4384 3577 4437 ὅσα
3601 4376 3695 4433 εἷο.

2114 4491 2237 4545 δεν.
2255 4487 2386 4542 Εἶτα
2405 4490 2499 4542 καὶ
2524 4486 2809 4557 ἐπιστολὴν
2830 4484 3049 4556 γράφει·
3084 4480 3360 4544 Ἰωάννης
3389 4476 3521 4541 ταῖς
3541 4473 3684 4527 ἑπτὰ

2127 4581 2500 4647 Ἐκκλησίαις
2515 4576 2722 4644 ταῖςέν
2732 4576 2804 4644 τῇ
2820 4576 2997 4641 Ἀσίᾳ,
3013 4572 3181 4641 χάρις
3200 4565 3680 4640 ὑμῖνκαὶείρήτη·

2128 4675 2185 4727 Ὀ
2219 4673 2275 4725 δέ
2310 4690 2370 4741 γε
2412 4670 2819 4740 εὐαγγελιστὴς,
2854 4666 3059 4721 οὐδὲτὸ
3116 4664 3227 4735 [ἷσ.
3293 4660 3422 4733 τῆς]
3472 4656 3684 4712 καθολι-

2118 4764 2219 4835 κῆς
2254 4762 2567 4833 Ἐπιστολῆς
2595 4759 2940 4831 προέγραψεν
2970 4755 3159 4809 ἑαυτοῦ
3192 4755 3251 4807 τὸ
3290 4754 3467 4823 ὄνομα
3489 4769 3504 4781 ·
3553 4745 3683 4803 am

2117 4856 2421 4926 ἀπερίττως
2454 4854 2545 4907 ἀπ’
2579 4853 2739 4906 αὐτοῦ
2770 4852 2861 4906 τοῦ
2896 4848 3192 4922 μυστηρίου
3226 4845 3326 4916 τῆς
3360 4845 3515 4907 θείας
3554 4842 3684 4894 ἀπο-

2118 4946 2397 5014 καλύψεως
2422 4946 2623 5017 ἤρξατο
2640 4961 2653 4975 ·
2690 4947 2757 4997 Ὃ
2784 4940 2861 5014 ἦν
2881 4942 2978 4996 ἀπ’
3006 4938 3225 5009 ἀρχῆς,
3258 4937 3291 4990 ὃ
3314 4937 3681 5005 ἀκηκόαμεν,

526 5129 544 5161 ι
574 5126 743 5195 Apoc.
772 5140 911 5187 xxn,
940 5125 995 5191 7,
1018 5125 1070 5179 8.
1148 5132 1169 5163 ³
1195 5126 1361 5195 Apoc.
1394 5141 1432 5191 ι,
1465 5125 1517 5190 i,
1548 5076 1618 5177 2..
1681 5122 1853 5180 'lbid.
1891 5124 1944 5180 4.

2123 5121 2419 5185 Joan.t,i.

454 5292 750 5365 praeferret.
783 5291 919 5347 Hinc
946 5292 1214 5365 immerito
1244 5295 1372 5364 legit
1397 5294 1753 5365 εὐθυμότερον
1772 5294 2017 5350 Christo-

456 5362 783 5427 phorsonus,
812 5372 924 5416 tum
964 5364 1049 5417 hic
1084 5372 1195 5418 tum
1228 5365 1282 5417 in
1302 5362 1493 5432 'priore
1522 5362 1640 5419 loco
1663 5362 2013 5431 'Eusebiano;

455 5446 579 5511 cum
613 5433 792 5511 potius
824 5448 893 5511 eat
925 5433 1017 5486 illo
1046 5434 1190 5487 hunc
1214 5435 1514 5511 reformare
1532 5436 1835 5511 (habuisset,
1855 5451 2016 5505 quam

455 5501 679 5623 20110;;
687 5502 837 5555 illum
863 5502 1177 5571 depravare.
1214 5502 1411 5559 VALES.
1452 5505 1518 5559 ad
1556 5504 1755 5559 Euseb.
1801 5501 1896 5559 lib'.
1933 5520 2014 5568 ιιι,

457 5584 577 5637 cap.
611 5584 699 5623 zu.

529 5638 643 5717 (Q0)
690 5640 1056 5721 Διςξαγωγῆς
1106 5642 1453 5713 λεγομένης.
1513 5642 1662 5721 ῌρο,
1695 5644 2012 5721 vocabulum

460 5712 737 5829 Broprium
767 5712 869 5791 fuit
915 5714 1212 5776 rhetorum,
1250 5712 1320 5767 ut
1364 5729 1467 5767 vox
1516 5714 1604 5766 illa
1648 5713 1944 5783 λεγομένης
1984 5728 2014 5766 a

511 5793 719 5829 tonvsm
754 5780 1005 5829 adiuncta
1054 5784 1185 5829 satis
1226 5783 1443 5829 indicat-
1474 5782 1538 5829 Et
1578 5782 1856 5829 Mnsmilus
1897 5783 2014 5829 nni-

511 5780 719 5846 ionysio
754 5780 1005 5847 adjuncta
1054 5784 1185 5837 satis
1226 5783 1443 5837 indicat.
1474 5782 1538 5836 Et
1577 5780 1856 5837 Musculus
1897 5780 2017 5850 qui-

460 5847 889 5905 deeractatu-m
915 5850 1036 5905 libri
1063 5852 1456 5924 interpretatur.
1488 5847 2008 5923 Christophorsonus

2117 5302 2295 5348 autem
2331 5293 2643 5346 discursum.
2683 5289 2794 5360 Ego
2832 5287 3165 5356 διεξαγωγὴν
3212 5283 3353 5360 idem
3389 5295 3514 5360 esse
3558 5294 3685 5360 get:-

2119 5380 2234 5427 seo,
2270 5364 2413 5430 quod
2446 5346 2878 5431 dispositiohem,
2911 5346 3021 5412 sive
3038 5346 3524 5431 olxbvopfay_.‘Na’tll
3548 5346 3685 5431 .6355.

2116 5419 2339 5500 αγαγεῗν
2392 5419 2549 5485 ἰιιειιι’
2583 5440 2665 5484 est
2713 5445 2775 5483 ac
2816 5419 3033 5500 διοικεῖν
3065 5468 3080 5491 ,
3133 5434 3193 5478 ιιι
3220 5419 3425 5500 scribit
3459 5419 3681 5496 Suidas.

2117 5487 2299 5556 Pbssis
2324 5502 2483 5555 etiam
2513 5500 2850 5567 interpretari
2890 5487 3114 5551 formam
3154 5503 3208 5567 et
3241 5492 3507 5567 rationem
3554 5487 3684 5567 scri~

2116 5572 2276 5624 bendi
2312 5588 2404 5625 seu
2436 5560 2833 5631 characterem,
2860 5568 3000 5637 quod
3042 5565 3326 5637 conﬁrmat
3365 5560 3682 5637 Dionysius.

2120 5641 2303 5694 Primo
2333 5642 2475 5694 enim
2504 5641 2609 5694 ἀπὸ
2631 5638 2724 5692 τοῦ
2763 5630 2923 5709 ἤθους
2957 5638 3147 5709 probat
3178 5630 3545 5709 Apocalypsin
3580 5641 3681 5679 non

2120 5726 2240 5765 esse
2290 5710 2516 5764 Joannis
2547 5697 2795 5777 apostoli:
2846 5697 3045 5761 Deinde
3100 5721 3165 5757 ex
3211 5697 3351 5769 style
3387 5697 3454 5777 ζει
3507 5697 3682 5777 form

2122 5781 2415 5850 scribendi,
2443 5781 2495 5837 id
2526 5767 2695 5837 estex
2725 5778 2958 5835 dictione
2988 5785 3147 5847 atque
3170 5767 3476 5829 sententiis.
3520 5767 3594 5823 In.
