3888 6536
80 415 264 472 £245

956 420 1383 479 FRAGMENTA
1424 424 1514 477 EX
1556 424 1781 481 LlBRlS
1819 426 1906 482 DE
1946 428 2535 487 PROMISSIONIBUS.

3222 441 3356 497 1246

77 532 118 585 ὃ
178 535 533 605 ἑωράκαμεν
572 537 694 604 τοῖς
739 538 1065 607 ὀφθαλμοῖς
1109 537 1293 609 ἡμῶν.
1345 540 1465 594 Ἐπὶ
1516 542 1689 614 ταύτῃ

1792 542 2043 599 lationem
2094 545 2310 601 Petrum
2360 548 2623 621 Dominus
2666 551 2882 605 beatum
2925 554 3232 621 praedicavit
3270 557 3355 612 his

76 627 216 698 γὰρ
258 632 323 699 τῇ
359 629 692 700 ἀποκαλύψει
725 631 817 683 καὶ
843 631 871 681 6
910 631 1109 701 Κύριος
1132 631 1223 684 τὸν
1251 633 1454 704 Πέτρον
1482 634 1687 703 ἐμακά-

79 734 265 789 ρισεν
304 719 491 774 εἰπών⁶
527 722 826 789 Μακάριος
869 720 944 783 εἴ,
961 726 1174 793 Σίμων,
1218 727 1340 794 ,ϐὰρ
1384 727 1560 791 Ἰωνᾶ,
1601 730 1687 781 ὅτι

75 811 270 879 σὰρξ
296 813 396 865 καὶ
424 807 565 883 αἷμα
593 816 702 867 οὐκ
736 815 1090 885 ἀπεκάλυψέ
1122 834 1239 882 σοι,
1267 819 1402 873 ἀλλ’
1433 823 1466 874 ό
1489 821 1685 889 Πατήρ

71 920 218 970 μου
253 907 287 957 ό
319 904 614 973 οὐράνιος.
658 906 791 958 Ἀλλ’
830 903 949 959 οὐδὲ
982 910 1037 960 ὲν
1065 913 1128 980 τῇ
1159 910 1386 982 δευτέρᾳ
1410 913 1684 984 φερομένῃ

92 994 370 1048 Ἰωάννου
404 997 497 1049 καὶ
535 998 714 1070 τρίτῃ,
748 998 840 1052 καί
884 1017 963 1051 τοι
1004 1001 1283 1070 βραχείαις
1317 1002 1500 1065 οὖσαις
1540 1004 1686 1055 Ἑπι-

82 1087 348 1152 στολαῖς,
383 1091 411 1142 6
447 1090 695 1160 Ἰωάννης
736 1091 995 1161 ὀνομαστὶ
1042 1094 1350 1163 πρόκειται’
1386 1094 1517 1147 ἀλλὰ
1550 1096 1686 1148 ἀνω-

81 1177 295 1248 νύμως
338 1181 367 1232 ὁ
399 1182 801 1250 πρεσϐύτερος
826 1184 1153 1252 γέγραπται.
1197 1180 1361 1249 Οὗτος
1385 1185 1439 1238 δέ
1471 1204 1532 1255 γε
1565 1187 1684 1239 οὐδὲ

78 1269 384 1342 αὔταρκες
406 1273 651 1347 ἐνόμισεν
682 1274 827 1338 ἅπαξ
850 1274 1038 1329 ἑαυτὸν
1062 1276 1353 1346 ὀνομάσας,
1383 1277 1682 1347 διηγεῖσθαι

80 1361 161 1415 τὰ
202 1362 374 1434 ἑξῆς·
416 1364 549 1419 ἀλλὰ
581 1365 735 1419 πάλιν
781 1366 1180 1437 ἀναλαμϐάνειο
1234 1369 1372 1437 Ἐγὼ
1411 1369 1683 1438 Ἰωάννης

80 1458 119 1510 ὁ
154 1456 436 1526 ἀδελφὸς
464 1459 647 1529 ὑμῶν,
684 1461 777 1513 καὶ
812 1460 1216 1529 συγκοινωνὸς
1255 1460 1325 1513 ἐν
1368 1460 1442 1528 τῇ
1482 1464 1683 1530 θλίψει

81 1550 190 1603 καὶ
229 1550 528 1619 ,βασιλείᾳ
570 1552 670 1605 καὶ
700 1552 769 1604 ἐν
804 1551 1082 1621 ὑπομονῇ
1135 1551 1348 1619 Ἰησοῦ,
1393 1552 1684 1621 ἐγενοζιλην

80 1642 157 1695 ἐν
188 1642 281 1711 τῇ
306 1644 481 1712 νήσῳ
504 1643 578 1713 τῇ
604 1644 945 1713 καλουμένῃ
973 1644 1205 1715 Πάτμῳ,
1233 1644 1331 1699 διὰ
1365 1645 1471 1699 τὸν
1499 1647 1683 1716 λόγον

82 1734 201 1787 τοῦ
242 1736 395 1790 Θεοῦ
440 1736 537 1790 καὶ
574 1736 689 1804 τὴν
721 1736 1063 1807 μαρτυρίαν,
1104 1737 1329 1805 Ἰησοῦ*
1365 1738 1458 1791 καὶ
1489 1738 1554 1809 δὴ
1590 1740 1683 1791 καὶ

81 1827 237 1897 πρὸς
271 1827 347 1899 τῷ
374 1828 516 1884 τέλει
552 1828 719 1883 ταῦτα
753 1826 869 1882 εἷπε
891 1847 904 1859 ι
931 1828 1235 1898 Μακάριος
1262 1833 1295 1885 ὀ
1323 1830 1517 1898 τηρῶν
1540 1830 1681 1896 τοὺς

1790 634 1967 689 verbis
2010 653 2026 687 :
2058 635 2248 689 Beatus
2287 654 2361 703 es,
2399 638 2604 703 Simon,
2637 640 2718 709 ﬁli
2752 640 2936 705 J0me,
2986 644 3110 713 quia
3148 662 3269 699 caro
3305 657 3356 703 et

1786 726 1999 793 sanguis
2048 742 2150 779 non
2186 729 2428 782 reuelauit
2479 731 2594 795 tibi,
2641 734 2729 785 sed
2785 733 2944 787 Pater
2989 752 3131 789 meus
3175 739 3262 806 qui
3302 740 3355 792 in

1788 816 1930 871 caelis
1963 828 2039 871 est
2080 820 2122 873 ⁸.
2170 819 2273 874 Sed
2322 838 2496 892 neque
2528 823 2581 877 in
2629 828 2861 879 secunda
2911 844 2973 883 ac
3027 830 3201 893 tertia,
3235 847 3358 899 qua:

1784 905 1976 962 Joanni
2005 912 2164 981 vulgo
2188 914 2547 980 ascribuntur,
2575 916 2850 986 Epistolis,
2882 924 3129 989 quamvis
3153 924 3358 977 brevis-

1785 1000 1962 1063 simis,
1995 1001 2229 1057 Joannis
2264 1007 2585 1060 vocabulum
2628 1019 2836 1077 prostat
2869 1053 2881 1064 .
2927 1028 3113 1066 verum
3152 1016 3355 1084 absque

1787 1090 1897 1145 ullo
1922 1095 2139 1149 nomine
2178 1093 2365 1148 Senior
2393 1098 2728 1153 inscribitur.
2751 1100 2900 1155 Alter
2928 1112 3105 1157 autem
3133 1105 3221 1158 ille
3248 1122 3351 1158 non

1785 1183 1919 1237 satis
1974 1184 2163 1239 habuit
2199 1188 2419 1241 nomine
2468 1204 2568 1243 suo
2599 1193 2764 1245 semel
2809 1193 2950 1247 edito
2989 1197 3354 1250 narrationem

1783 1272 2036 1341 deinceps
2089 1277 2379 1345 prosequi;
2421 1278 2513 1332 sed
2550 1280 2744 1335 iterum
2778 1284 2969 1351 repetit
3001 1304 3013 1337 :
3046 1284 3156 1356 Ego
3188 1285 3357 1349 Ιοωιτ

1784 1379 1893 1428 nes,
1937 1364 2105 1431 frater
2141 1375 2191 1419 et
2234 1383 2442 1421 consors
2494 1376 2657 1423 uester
2701 1372 2756 1424 in
2797 1374 3132 1428 tribulatione
3175 1386 3223 1428 et
3272 1394 3355 1429 re-

1782 1472 1881 1526 gno
1905 1465 1953 1509 et
1995 1457 2048 1510 in
2078 1459 2334 1526 patientia
2378 1461 2526 1527 Jesu,
2580 1464 2657 1532 fui
2690 1466 2743 1517 in
2777 1466 2949 1519 insula
2989 1484 3105 1537 qua:
3134 1468 3351 1524 Patmos

1782 1556 2016 1613 uocatur,
2041 1558 2253 1617 propter
2293 1551 2502 1605 verbum
2554 1552 2648 1606 Dei
2687 1565 2735 1608 et
2772 1556 3123 1609 testimonium
3154 1557 3280 1611 Jesu
3308 1560 3347 1614 ἕ.

1782 1635 1849 1690 Et
1886 1638 1987 1691 sub
2027 1639 2188 1693 linem
2224 1640 2347 1695 libri
2383 1659 2575 1698 rursus
2624 1645 2739 1699 haec
2784 1647 2933 1701 addit
2975 1667 2989 1703 :
3030 1649 3222 1703 Beatus
3262 1653 3353 1721 qui

1782 1740 1950 1785 servat
1978 1733 2128 1785 verba
2158 1733 2443 1802 prophetia:
2470 1735 2592 1789 libri
2622 1736 2775 1805 hujus
2799 1754 2818 1801 ;
2860 1747 2908 1791 et
2954 1755 3044 1809 ego
3082 1738 3309 1793 Joannes
3332 1781 3350 1807 ,

1783 1824 1875 1892 qui
1917 1824 2026 1877 hac
2068 1824 2174 1877 vidi
2210 1835 2260 1879 et
2311 1826 2552 1881 audivi".
2592 1826 2852 1883 Joannem
2898 1830 3059 1901 igitur
3107 1845 3224 1884 esse
3254 1846 3354 1883 au-

82 1894 328 1991 .1370»;
354 1922 463 1991 τῆς
490 1924 852 1992 προφητείας
870 1922 976 1975 τοῦ
999 1894 1240 1986 βιόίλίου
1257 1894 1469 1975 τούτου
1489 1939 1503 1952 °

1783 1923 1989 1969 ctorem
2042 1914 2205 1986 hujus
2250 1916 2407 1984 libri,
2449 1918 2553 1988 ipsi
2597 1920 2652 1975 id
2694 1894 2981 1975 allirmariti
3028 1922 3350 1977 credendum

97 2012 392 2081 Ἰωάννης
420 2017 453 2068 ὀ
489 2015 742 2079 βλέπων
780 2016 877 2068 καὶ
909 2015 1144 2068 ἀκούων
1186 2014 1390 2068 ταῦτα.
1424 2016 1545 2067 Ὅτι
1581 2015 1680 2096 μὲν

80 2100 182 2156 οὖν
228 2104 485 2177 Ἰωάννης
532 2108 678 2161 ἐστὶν
722 2109 751 2161 6
787 2108 955 2162 ταῦτα
994 2108 1241 2181 γράφων,
1283 2107 1431 2179 αὑτῷ
1473 2108 1680 2177 λέγοντι

86 2199 452 2253 πιστευτέον.

157 2292 242 2346 E'.
280 2292 441 2355 Ποῖος
479 2292 536 2345 δὲ
570 2284 743 2358 οὗτος,
776 2293 987 2364 ἄδηλον.
1028 2294 1102 2347 Οὐ
1146 2291 1256 2364 γὰρ
1294 2290 1444 2347 εἶπεν
1487 2294 1677 2348 ἑαυτὸν

81 2381 161 2446 ὡς
192 2385 257 2437 ὲν
292 2384 371 2454 τῷ
402 2385 717 2457 Εὑαγγελίῳ
746 2384 1035 2457 πολλαχοῦ,
1063 2386 1153 2439 τὸν
1181 2386 1537 2457 ἠγαπημένον
1573 2386 1678 2439 ὑπὸ

84 2475 181 2528 τοῦ
228 2476 443 2548 Κυρίου
489 2477 766 2549 μαθητήν’
803 2477 921 2531 οὐδὲ
964 2480 1054 2532 τὸν
1090 2479 1430 2533 ἁναπεσόντα
1476 2480 1567 2532 ἐπὶ
1616 2480 1677 2533 τὸ

91 2568 300 2638 στῆθος
341 2568 505 2621 αὑτοῦ
525 2586 538 2599 ·
574 2569 695 2622 οὐδὲ
724 2569 815 2623 τὸν
849 2569 1072 2638 ἀδελφὸν
1116 2569 1402 2623 Ἰακώϐου·
1433 2570 1553 2623 οὐδὲ
1584 2570 1674 2623 τὸν

86 2660 376 2731 αὐτόπτην
420 2661 513 2714 καὶ
544 2661 807 2732 αὑτήκοον
834 2662 924 2715 τοῦ
964 2661 1169 2733 Κυρίου
1198 2662 1505 2732 γενόμενον.
1539 2656 1673 2713 Eine

85 2749 196 2821 γὰρ
231 2750 302 2804 ἄν
329 2767 383 2803 τι
411 2750 614 2806 τούτων
642 2752 747 2805 τῶν
791 2752 1303 2823 προδεδηλωμένων,
1336 2752 1523 2823 σαφῶς
1555 2755 1676 2807 ἑαυ-

83 2840 175 2895 τὸν
214 2843 515 2913 ἐμφανίσαι
545 2843 884 2914 βουλόμενος.
928 2844 1085 2897 Ἀλλὰ
1117 2843 1320 2897 τούτων
1356 2845 1451 2915 μὲν
1482 2844 1634 2897 οὐδέν
1656 2860 1668 2873 ·

88 2931 323 3001 ἀδελφὸν
352 2933 407 2986 δὲ
433 2934 590 3005 ἡμῶν
624 2936 719 2988 καὶ
756 2936 1113 3003 συγκοινωνὸν
1146 2932 1264 2988 εἷπε
1298 2936 1391 2988 καὶ
1422 2936 1673 3007 μάρτυρα

100 3025 304 3094 Ἰησοῦ,
334 3026 431 3079 καὶ
463 3027 728 3099 μακάριον
760 3030 851 3081 ἐπὶ
878 3032 943 3099 τῇ
973 3028 1070 3099 Οέᾳ.
1098 3030 1189 3081 καὶ
1220 3029 1354 3099 ἀκοῇ
1394 3028 1501 3081 τῶν
1534 3030 1669 3082 ἁπο-

90 3117 401 3188 καλύψεων.
434 3119 667 3185 Πολλοὺς
711 3122 766 3174 δὲ
799 3120 1122 3191 ὁμωνύμους
1170 3120 1389 3191 Ἰωάννῃ
1421 3120 1498 3191 τῷ
1538 3121 1672 3175 ἀπο-

92 3209 267 3281 στόλῳ
317 3211 520 3283 νομίζω
566 3214 846 3283 γεγονέναι
874 3231 885 3243 ·
932 3214 979 3266 οἳ
1019 3213 1105 3266 διὰ
1146 3213 1242 3285 τὴν
1284 3214 1419 3284 πρὸς
1468 3215 1670 3268 ἐκεῖνον
1698 3249 1740 3308 C

90 3303 336 3373 ἀγάπην,
372 3305 465 3356 καὶ
499 3305 558 3358 τὸ
598 3304 897 3376 θαυμάζειν
924 3306 1018 3358 καὶ
1058 3303 1274 3376 ζηλοῦν,
1319 3304 1668 3376 ἁγαπηθῆναί

89 3409 148 3447 τι
172 3395 387 3466 ὁμοίως
414 3396 561 3468 αὐτῷ
603 3397 885 3468 βούλεσθαι
916 3398 1020 3450 ὑπὸ
1051 3397 1144 3450 τοῦ
1175 3397 1401 3469 Κυρίου,
1434 3398 1527 3451 καὶ
1568 3397 1668 3469 τὴν

91 3487 271 3542 ιπωνυ
281 3489 410 3559 μίαν
432 3490 526 3561 τὴν
557 3490 722 3562 αὐτὴν
750 3491 1068 3561 ἠσπάσαντο
1086 3509 1098 3521 ·
1125 3491 1314 3563 ὥσπερ
1341 3491 1435 3544 καὶ
1467 3492 1495 3543 6
1520 3490 1669 3544 Παῦ-

92 3579 178 3645 λος
213 3580 407 3645 πολὺς,
443 3584 536 3637 καὶ
564 3584 627 3655 δὴ
668 3585 761 3637 καὶ
804 3586 831 3638 6
862 3584 1064 3656 Πέτρος
1097 3586 1153 3638 ὲν
1181 3587 1292 3649 τοῖς
1329 3584 1436 3637 τῶν
1464 3584 1668 3640 πιστῶν

93 3674 283 3728 παισὶν
323 3675 648 3745 ὀνομάζεται
689 3676 821 3747 (21).
871 3678 1025 3731 Ἔστι
1078 3676 1175 3747 μὲν
1218 3672 1311 3731 οὖν
1349 3678 1442 3730 καὶ
1484 3677 1669 3748 ἕτερος

106 3764 355 3838 Ἰωάννης
382 3770 438 3821 ὲν
474 3771 591 3831 ταῖς
636 3768 874 3838 Πράξεσι
902 3767 1008 3821 τῶν
1035 3766 1347 3821 ἀποστόλων
1377 3769 1405 3820 6
1442 3766 1668 3839 ἐπικλη-

95 3855 202 3920 Θεὶς
235 3858 466 3929 Μάρκος
484 3876 497 3888 ·
526 3859 585 3912 ὃν
621 3859 907 3931 Βαρνάϐας
934 3859 1027 3912 καὶ⁸
1054 3858 1267 3923 Παῦλος
1295 3860 1504 3922 ἑαυτοῖς
1532 3876 1667 3929 συμ-

96 3950 421 4022 παρέλαϐον,
453 3952 580 4022 περὶ
617 3946 678 4005 οὗ
722 3954 816 4006 καὶ
848 3952 1005 4007 πάλιν
1035 3952 1213 4021 λέγει·
1247 3948 1432 4021 Εἶχον
1468 3951 1537 4005 δὲ
1567 3954 1664 4006 καὶ

108 4039 382 4109 Ἰωάννην
424 4042 751 4111 ὑπηρέτην.
800 4044 862 4096 Ei
910 4043 965 4096 δὲ
1001 4037 1153 4106 οὗτος
1184 4044 1212 4095 6
1249 4043 1463 4115 γράψας
1496 4044 1664 4109 ἐστὶν,

96 4133 186 4185 οὐκ
214 4134 285 4188 ἂν
319 4136 484 4206 φαίην
507 4153 520 4165 ·
560 4136 677 4189 οὐδὲ
715 4136 823 4208 γὰρ
851 4137 1073 4207 ἀφῖχθαι
1113 4137 1211 4191 σὺν
1240 4137 1423 4199 αὐτοῖς
1463 4137 1541 4197 εἰς
1567 4135 1665 4206 τὴν

109 4224 287 4279 Ἀσίαν
321 4226 659 4297 γέγραπται’
711 4229 885 4283 Ἀλλὰ
922 4228 1283 4298 ἀναχθέντες
1316 4228 1451 4298 μὲν,
1480 4230 1661 4300 φησὶν,

97 4314 206 4369 ἀπὸ
234 4316 350 4385 τῆς
388 4318 598 4388 Πάφου
626 4322 680 4374 οί
718 4320 851 4389 περὶ
877 4320 1142 4385 Παῦλον,
1172 4317 1363 4392 ἦλθον
1391 4323 1477 4386 είς
1516 4320 1663 4388 Πέρ-

96 4423 203 4475 γην
246 4408 360 4477 τῆς
400 4414 754 4480 Παμφυλίας
777 4430 790 4441 ·
841 4411 1120 4481 Ἰωάννης
1158 4413 1226 4466 δὲ
1266 4412 1665 4482 ἀποχωρήσας

97 4498 189 4553 ἀπ’
228 4502 448 4567 αὐτῶν,
491 4505 874 4573 ὑπέστρεψεν
904 4508 991 4572 εις
1027 4506 1425 4575 Ἱεροσόλυμα.
1472 4505 1662 4557 ΙἈλλον

1780 2010 1883 2057 est.

1849 2279 1915 2335 V.
1959 2280 2067 2337 Sed
2118 2283 2370 2354 quisnam
2420 2286 2509 2342 ille
2540 2287 2705 2343 fuerit
2734 2287 3006 2358 Joannes,
3062 2292 3347 2347 incertum.

1776 2376 1964 2448 Neque
2010 2377 2157 2433 enim
2189 2395 2246 2434 se
2274 2380 2449 2450 ipsum
2480 2397 2601 2438 esse
2622 2383 2779 2451 dixit,
2810 2386 2952 2441 sicut
2976 2386 3028 2439 in
3060 2387 3351 2456 Evangelio

1779 2470 1977 2539 saepius
2004 2470 2225 2536 dicitur,
2257 2472 2587 2543 discipulum
2633 2476 2785 2531 illum
2817 2492 2977 2546 quem
3025 2476 3213 2533 dilexit
3237 2478 3350 2533 Do-

1777 2563 1994 2630 minus;
2032 2573 2125 2617 aut
2157 2563 2309 2619 illum
2376 2567 2469 2636 qui
2497 2583 2660 2638 supra
2702 2578 2889 2639 pectus
2934 2569 3148 2624 Domini
3193 2586 3352 2625 recu-

1775 2653 1929 2714 buit:
1975 2666 2068 2709 aut
2101 2653 2324 2710 fratrem
2361 2654 2582 2726 Jacobi;
2630 2669 2723 2715 aut
2769 2660 2918 2714 illum
2960 2660 3191 2730 denique
3255 2662 3349 2731 qui

1774 2746 2065 2801 Dominum
2110 2750 2243 2804 vidit
2274 2759 2438 2820 atque
2464 2751 2689 2807 audivit.
2738 2752 2955 2824 Aliquid
2982 2754 3123 2808 enim
3156 2755 3349 2809 horum

1775 2851 1898 2905 quae
1923 2848 2221 2893 memorata
2247 2848 2375 2894 sunt
2406 2848 2552 2896 certe
2577 2842 2823 2907 dixisset,
2874 2844 2919 2898 si
2961 2859 3019 2898 se
3062 2844 3239 2913 ipsum
3282 2844 3350 2896 li-

1773 2928 1941 2998 quido
1968 2929 2231 2986 voluisset
2258 2932 2563 2987 ostendere.
2593 2932 2698 2988 Sed
2730 2934 2921 2988 horum
2955 2936 3169 3003 quidem
3215 2934 3352 2989 nihil

1772 3021 1957 3090 posuit
1995 3039 2009 3075 :
2044 3020 2267 3077 fratrem
2310 3039 2440 3078 vero
2484 3023 2780 3091 duntaxat,
2823 3036 2875 3080 et
2913 3036 3220 3081 consortem
3252 3042 3353 3080 no-

1774 3120 1947 3169 strum
1978 3129 2098 3168 sese
2135 3114 2450 3183 appellavit,
2488 3124 2542 3170 et
2578 3124 2765 3171 testem
2797 3116 2959 3184 Jesu;
3005 3119 3217 3173 beatum
3254 3119 3351 3172 dc-

1774 3206 1939 3276 nique
1980 3206 2051 3261 ob
2092 3206 2265 3260 visam
2317 3216 2479 3279 atque
2518 3210 2759 3264 auditam
2808 3211 3211 3266 revelationem.
3270 3210 3349 3265 Ac

1772 3299 2040 3370 plurimos
2064 3300 2280 3371 quidem
2314 3300 2481 3357 fuisse
2519 3303 2713 3372 opinor
2748 3300 2941 3356 Joanni
2984 3304 3228 3373 apostolo
3258 3318 3349 3356 co-

1772 3392 2059 3463 gnomines
2119 3411 2134 3446 :
2190 3393 2284 3463 qui
2344 3402 2563 3463 propter
2629 3395 2959 3465 singularem
3015 3409 3141 3463 erga
3194 3393 3346 3447 illum

1769 3486 2219 3554 benevolentiam,
2242 3496 2295 3541 ct
2317 3487 2459 3556 quod
2495 3487 2767 3542 hominem
2794 3486 3121 3540 mirarentur
3159 3500 3221 3538 ac
3254 3500 3348 3537 su-

1770 3578 2064 3649 spicerent,
2098 3587 2152 3633 et
2175 3580 2404 3649 perinde
2430 3594 2507 3649 ac.
2538 3578 2627 3633 ille
2660 3594 2689 3632 a
2727 3577 2956 3633 Domino
2986 3578 3134 3647 diligi
3170 3576 3347 3630 ambi-

1769 3680 1912 3736 rent,
1958 3672 2061 3729 hoc
2092 3681 2506 3742 cognomentum
2541 3671 2949 3738 adamaverint;
2992 3670 3350 3742 quemadmo—

1768 3762 1897 3818 dum
1923 3778 1989 3818 ος
2022 3762 2259 3818 ﬁdelium
2282 3764 2467 3819 liberis
2495 3765 2698 3819 multos
2726 3763 2881 3819 Pauli
2899 3763 3151 3833 Petrique
3178 3762 3352 3816 nomi—

1768 3857 1933 3911 nibus
1956 3856 2253 3927 appellatos
2272 3856 2537 3911 videmus.
2562 3855 2658 3910 Est
2679 3857 2840 3910 etiam
2865 3856 3001 3910 alius
3030 3853 3265 3909 Joannes
3290 3854 3347 3907 in

1766 3945 1992 4001 Actibus
2014 3946 2384 4015 apostolorum
2402 3956 2761 4017 cognomento
2778 3946 3010 4010 Marcus,
3038 3960 3196 4013 quem
3217 3944 3347 3997 Bar-

1768 4038 1941 4093 nab‘as
1971 4046 2026 4093 et
2062 4038 2265 4093 Paulus
2291 4038 2543 4093 comitem
2571 4039 2674 4093 sibi
2716 4039 3101 4108 adjunxerunt.
3138 4034 3209 4089 De
3235 4051 3346 4105 quo

1767 4130 1929 4184 etiam
1953 4145 2147 4184 rursus
2171 4130 2370 4185 dicitur
2406 4148 2418 4184 :
2447 4127 2722 4182 Habebunt
2747 4138 2923 4181 autem
2957 4127 3214 4180 Joannem
3246 4129 3347 4178 mi-

1767 4222 2045 4275 nistrum'.
2075 4222 2158 4275 An
2192 4222 2277 4277 hic
2300 4223 2371 4277 sit
2392 4222 2486 4291 qui
2520 4220 2922 4276 Revelationem
2947 4221 3181 4290 scripsit,
3212 4219 3345 4272 mihi

1767 4329 1877 4367 non
1905 4314 2091 4383 liquet.
2121 4311 2309 4383 Neque
2333 4315 2476 4368 enim
2512 4330 2619 4369 una
2647 4329 2771 4369 cum
2810 4313 2917 4367 illis
2942 4314 2994 4366 in
3030 4312 3215 4365 Asiam
3249 4325 3347 4364 ve-

1766 4406 1916 4461 nisse
1952 4407 2268 4475 perhibetur
2319 4425 2332 4460 :
2381 4405 2484 4460 Sed
2524 4424 2641 4459 cum
2704 4406 3013 4471 solvissent,
3052 4405 3256 4474 inquit,
3311 4420 3346 4457 α

1766 4499 1970 4569 Papho,
2000 4497 2200 4551 Paulus
2249 4500 2456 4568 quidem
2489 4500 2689 4571 Pergen
2728 4498 3058 4568 Pamphylia:
3083 4499 3345 4567 profectus

96 4587 146 4643 δέ
175 4609 302 4646 τινα
342 4590 491 4664 οἶμαι
520 4596 626 4649 τῶν
659 4596 716 4649 ὲν
750 4596 903 4668 Ἀσίᾳ
930 4597 1255 4669 γενομένωνο
1294 4598 1416 4651 ἐπεὶ
1447 4596 1541 4649 καὶ
1572 4596 1663 4649 δύο

1777 4602 1885 4656 est;
1943 4591 2173 4647 Joannes
2220 4608 2337 4647 vero
2382 4592 2649 4646 discedens
2694 4591 2758 4644 ab
2804 4591 2948 4657 illis;
3005 4606 3232 4644 reversus
3266 4600 3341 4643 est

102 4684 255 4748 φασιν
302 4687 359 4738 ὲν
405 4687 610 4758 Ἐφέσῳ
647 4688 897 4758 γενέσθαι
955 4690 1232 4762 μνήματα,
1267 4689 1363 4743 καὶ
1410 4689 1664 4761 ἑκάτερον

110 4768 351 4829 Ἰωάννου
381 4774 652 4845 λέγεσθαι.

164 5048 249 5111 (Γ.
297 5047 405 5100 Καὶ
435 5050 543 5102 ἀπὸ
575 5049 680 5103 τῶν
711 5052 997 5123 νοημάτων
1029 5052 1086 5105 δὲ
1129 5054 1221 5107 καὶ
1252 5051 1360 5105 τῶν
1409 5053 1667 5124 ῥημάτων

170 5184 191 5215 ⁸
216 5181 411 5237 Matth.
442 5199 556 5251 xvi,
594 5183 678 5239 l7.
755 5185 776 5214 ⁶
808 5184 976 5255 Apoc.
1006 5201 1045 5250 ι,
1074 5186 1126 5239 9.

166 5318 280 5388 (21)
323 5320 418 5373 Ἑν
457 5320 581 5386 τοῖς
606 5319 735 5373 τῶν
775 5320 1005 5373 πιστῶν
1049 5321 1261 5373 παισὶν
1308 5320 1664 5389 ὀνομάζεται.

102 5382 377 5461 Notandus
409 5400 491 5445 est
532 5382 622 5445 hic
656 5389 901 5461 Dionysii
944 5391 1098 5461 locus
1131 5391 1199 5461 de
1244 5382 1466 5461 antiqua
1510 5391 1670 5445 Chri-

58 5458 65 5468 ‘
104 5458 397 5513 stianorum
419 5458 833 5526 consuetudine,
862 5461 953 5531 qui
986 5460 1131 5514 Petri
1164 5458 1428 5529 Paulique
1448 5472 1503 5515 et
1530 5462 1668 5515 alio-

104 5538 214 5581 rum
244 5539 563 5600 sanctorum
599 5531 815 5584 nomina
839 5572 853 5596 ,
897 5532 1082 5585 liberis
1130 5532 1245 5585 suis
1294 5531 1664 5600 imponebant.

105 5600 206 5649 tum
242 5598 470 5653 honoris
497 5615 561 5653 ac
604 5601 989 5655 benevolentia:
1028 5616 1215 5665 causa,
1262 5598 1469 5655 tum—ut
1510 5602 1665 5655 liberi

109 5666 181 5718 sui
211 5667 503 5741 Deochari
541 5670 852 5741 acceptique
899 5682 1099 5733 essent,
1141 5686 1250 5724 non
1289 5671 1472 5726 minus
1497 5688 1663 5741 quam

111 5738 268 5791 sancti
309 5739 384 5792 illi
414 5737 645 5793 fuerant.
674 5737 811 5794 llinc
834 5750 951 5802 est,
982 5741 1127 5809 quod
1155 5737 1578 5809 Chrysostomus
1609 5743 1662 5795 in

110 5810 243 5876 torno
272 5809 467 5876 primo,
506 5809 558 5862 in
590 5810 834 5863 oratione
866 5812 931 5864 de
972 5819 1161 5864 sancto
1204 5810 1437 5875 Meletio,
1475 5812 1664 5865 Antio-

111 5874 298 5932 chenos
331 5887 478 5933 tanta
502 5879 872 5935 benevolentia
900 5879 1173 5935 Meletium
1201 5874 1513 5950 complexos
1543 5896 1666 5937 esse

1774 4684 2195 4757 Hierosolymam
2225 4689 2266 4740 ’.
2311 4687 2489 4740 Alium
2536 4687 2699 4757 igitur
2734 4701 2854 4740 esse
2902 4698 3098 4738 censeo
3134 4699 3339 4737 :unum

1771 4779 1980 4833 scilicet
2009 4795 2202 4834 eorum
2238 4778 2331 4846 qui
2380 4779 2436 4831 in
2468 4779 2597 4833 Asia
2629 4778 2823 4832 versati
2859 4789 3005 4832 sunt.
3040 4775 3157 4829 Duo
3197 4776 3341 4829 enim

1773 4871 1913 4939 apud
1949 4870 2221 4939 Ephesum
2257 4872 2503 4940 sepulcra
2552 4871 2720 4926 fuisse
2766 4870 3055 4924 traduntur
3087 4886 3100 4923 :
3131 4877 3344 4921 utrum-

1773 4976 1878 5030 que
1903 4958 2129 5016 Joannis
2170 4962 2391 5017 nomine
2419 4962 2757 5032 insignitum.

1853 5051 1936 5107 γι.
1978 5052 2057 5107 Ex
2088 5054 2373 5108 sententiis
2398 5068 2615 5123 quoque
2656 5062 2709 5108 et
2740 5068 2806 5107 ex
2835 5052 3015 5109 verbis
3042 5065 3340 5122 eorumque

1227 5185 1249 5215 '
1281 5184 1450 5255 Apoc.
1483 5200 1620 5251 χιιι,
1653 5183 1705 5250 7,
1730 5184 1783 5240 8.
1863 5184 1885 5216 ⁸
1913 5184 2033 5242 Act.
2076 5200 2212 5253 xm,
2241 5184 2294 5240 5.
2373 5186 2392 5217 ’
2418 5184 2552 5240 Ibid.
2582 5185 2669 5239 15.

1770 5319 1979 5386 scribit,
2010 5330 2071 5375 ut
2106 5330 2356 5390 parentes
2385 5320 2571 5375 liberis
2610 5321 2725 5377 suis
2757 5336 2953 5377 nomen
2984 5321 3137 5376 illius
3164 5322 3338 5391 impo-

1774 5400 2131 5462 nerent_,‘quo
2165 5392 2399 5462 domum
2442 5406 2596 5445 suam
2641 5392 2758 5461 ejus
2794 5393 3076 5462 prtesentia
3106 5408 3335 5447 exorna-

1771 5468 1911 5515 rent.
1958 5460 2101 5513 [dem
2153 5459 2575 5581 Chrrsostomus
2618 5459 2841 5516 homilia
2876 5462 2938 5515 21
2985 5465 3038 5515 in
3082 5462 3335 5523 Genesin,

1772 5529 2049 5581 auditores
2088 5544 2217 5581 suos
2285 5540 2548 5581 tortatur.
2604 5543 2662 5581 ut
2701 5549 2808 5581 non
2864 5532 3069 5581 qumvis
3113 5533 3333 5581 nomina

1772 5529 2049 5584 auditores
2088 5544 2217 5598 suos
2267 5529 2548 5597 hortatur,
2604 5543 2662 5586 ut
2701 5549 2808 5586 non
2864 5532 3069 5598 qumvis
3113 5533 3334 5585 nomina

1771 5610 1971 5654 temere
2003 5614 2066 5653 ac
2091 5597 2339 5665 fortuito,
2377 5617 2476 5654 nec
2510 5618 2733 5655 avorum
2770 5610 2865 5655 aut
2885 5597 3218 5669 proavorum
3243 5612 3336 5656 aut

1769 5669 2061 5724 illustrium
2094 5669 2352 5731 virorum,
2384 5671 2476 5724 sed
2508 5682 2818 5725 sanctorum
2845 5671 3023 5739 potius
3052 5673 3332 5727 hominum

1770 5740 1864 5808 qui
1910 5739 2202 5794 virtutibus
2248 5740 2604 5804 refulserunt,
2655 5741 2839 5794 liberis
2886 5741 3000 5794 suis
3056 5741 3341 5810 imponant

1771 5810 2177 5879 appellationes,
2208 5821 2265 5863 ut
2293 5825 2483 5866 eorum
2509 5811 2754 5881 exemplo
2777 5811 2845 5865 ad
2875 5810 3123 5867 virtutem
3149 5812 3335 5868 incen-

1770 5880 1987 5935 dantur.
2026 5878 2218 5935 VALES.

1808 5888 1987 5938 antur.
2031 5888 2061 5935 Ὺ
2071 5894 2218 5934 stes.
