3888 6522
152 338 171 389 ί
185 337 292 391 249

143 549 528 620 τεκμήρασθαι
579 546 673 600 τοῦ
708 547 1040 616 Εὐαγγελίου
1091 549 1185 602 καὶ
1237 550 1334 621 τῆς
1406 550 1721 620 Ἐπιστολῆς

149 641 290 713 πρὸς
323 641 422 713 τὴν
465 641 849 711 Ἀποκὰλυψιν.
871 640 952 694 Τά
982 642 1077 712 μὲν
1109 641 1219 714 γὰρ
1246 643 1305 696 οὐ
1338 642 1497 714 μόνον
1526 645 1723 697 ἀπταίσ-

147 751 293 797 στως
324 732 468 786 κατά
487 732 586 804 τὴν
621 731 885 804 Ἑλλήνων
911 732 1113 804 φωνὴν,
1147 733 1280 788 ἀλλά
1303 735 1396 788 κα)⁴
1422 734 1723 803 λογιώτατα

144 828 266 888 ταῖς
295 825 496 890 λέξεσι,
543 826 655 888 τοῖς
716 825 1106 896 συλλογισμοῖς,
1149 829 1268 890 ταῖς
1313 827 1597 894 συντάξεσι
1624 828 1722 898 τῆς

147 916 447 986 ἑρμηνείας
495 915 822 987 γέγραπται·
860 915 1052 969 πολλοῦ
1077 933 1141 985 γε
1185 917 1264 970 δεῖ
1292 917 1564 990 βάρϐαρόν
1601 936 1722 972 τινα

145 1008 407 1076 φθόγγον,
434 1007 466 1078 ἢ
499 1007 857 1079 σολοικισμὸν,
891 1007 1082 1079 ἥὸλως
1117 1008 1421 1081 ἰδιωτισμόν
1455 1012 1512 1063 ὲν
1542 1010 1722 1073 αὐτοῖς

146 1100 460 1170 εὑρεθῆναι.
503 1101 789 1170 Ἑκάτερον
821 1101 928 1171 γὰρ
990 1095 1132 1170 εἶχεν
1189 1101 1264 1165 ὼς
1328 1102 1468 1154 ἔοικε
1515 1102 1602 1155 τὸν
1638 1102 1724 1154 λό-

146 1208 246 1259 γον
280 1192 414 1262 (26)’
438 1193 774 1264 ἀμφοτέρους
803 1191 948 1264 αὐτῷ
968 1194 1333 1265 χαρισαμένου
1367 1194 1460 1246 τοῦ
1496 1195 1720 1265 Κυρίου,

146 1283 245 1335 τόν
280 1301 338 1335 τε
367 1283 466 1353 τῆς
496 1283 767 1352 γνώσεως,
801 1285 892 1338 τόν
920 1301 979 1336 τε
1010 1285 1105 1353 τῆς
1129 1285 1400 1355 φράσεως.
1437 1284 1636 1338 Τοῦτον
1668 1285 1722 1338 δὲ

147 1373 495 1442 ἀποκάλυψιν
521 1373 618 1444 μὲν
642 1372 962 1444 ἑωρακέναι,
997 1373 1092 1426 καὶ
1114 1373 1311 1442 γνῶσιν
1332 1373 1608 1446 εἰληφέναι
1631 1376 1724 1428 καὶ

146 1466 490 1537 προφητείαν
514 1466 613 1519 οὐκ
641 1466 869 1536 ἀντερῶ·
895 1465 1174 1520 διάλεκτον
1201 1465 1382 1537 μέντοι
1436 1467 1530 1520 καὶ
1552 1467 1725 1536 γλῶσ-

151 1575 256 1611 σαν
279 1559 380 1611 οὐκ
410 1557 650 1630 ἀκριϐῶς
705 1557 1115 1630 Ἑλληνίζουσαν
1151 1557 1314 1612 αὑτοῦ
1378 1559 1578 1630 βλέπω·
1608 1560 1722 1612 ἀλλ’

153 1649 411 1720 ἱδιὼμασι
469 1649 565 1721 μὲν
618 1650 967 1721 βαρϐαρικοῖς
1023 1649 1321 1722 χρώμενον,
1361 1651 1453 1704 καί
1488 1669 1589 1704 που
1629 1652 1724 1704 καὶ

151 1741 538 1806 σολοικίζονταο
574 1743 714 1814 ἅπερ
737 1745 836 1797 οὐκ
866 1745 1160 1812 ἀναγκαῖον
1190 1741 1285 1798 νῦν
1309 1743 1575 1812 ἐκλέγειν-
1599 1744 1723 1796 οὐδὲ

146 1835 259 1905 γὰρ
305 1833 698 1900 ἐπισκώπτων,
755 1838 828 1909 μή
883 1855 970 1902 τις
1029 1836 1256 1910 νομίσῃ,
1315 1835 1485 1890 ταῦτα
1535 1833 1719 1890 εἷπονο

147 1926 288 1980 ἀλλὰ
343 1928 500 1998 μόνον
525 1928 619 2001 τὴν
644 1931 1000 2002 ἀνομοιότητα
1046 1931 1332 1984 διευθύνων
1385 1929 1588 1983 τούτων
1615 1929 1724 1984 τῶν

150 2033 402 2087 γραςρων.
673 2037 676 2040 '

1101 338 1522 393 FRAGMENTA
1559 338 1650 394 EX
1687 339 1910 397 LlBlllS
1940 344 2026 397 DE
2069 342 2376 400 NATUltA.

219 460 292 511 Z'.
337 457 454 510 Ἔτι
480 457 535 510 δὲ
571 457 664 510 καὶ
719 457 816 529 τῆς
851 458 1102 528 φράσεως
1135 457 1232 530 τὴν
1279 459 1541 532 διαφορὰν
1600 459 1714 514 ἔστι
1746 471 1792 524 Α

3255 353 3275 405 Ι
3286 353 3391 407 ετξο

1897 464 2004 519 \‘ll.
2059 465 2323 519 Praeterea
2368 479 2430 518 ex
2483 465 2721 520 dictione
2773 465 2887 536 ipsa
2936 466 3131 537 conjici
3189 479 3390 539 potest,

1824 565 2088 624 quantum
2124 555 2471 627 Evangelium
2507 564 2559 610 et
2593 556 2830 626 Epistola
2867 557 3121 613 diﬂ‘erant
3147 559 3215 613 ab
3247 559 3396 630 Apo-

1825 646 2053 716 calypsi.
2075 645 2211 701 Nam
2235 647 2325 701 illa
2351 646 2566 716 quidem
2596 662 2702 702 non
2732 647 2893 702 modo
2919 651 3220 712 emendate,
3245 651 3393 721 quod

1823 741 1889 792 ad
1925 739 2170 796 Grmcum
2200 756 2505 796 sermonem
2557 742 2781 804 attinet,
2837 757 3023 796 verum
3068 745 3229 796 etiam
3264 759 3391 798 cum

1823 847 2035 886 summa
2083 833 2350 902 elegantia
2395 839 2506 885 tum
2542 832 2594 885 in
2628 831 2841 895 verbis,
2877 842 2990 887 tum
3021 832 3074 886 in
3105 849 3392 904 argumen-

1822 924 2140 990 tationibus,
2195 933 2247 978 et
2311 925 2364 978 in
2397 933 2510 980 tota
2553 924 2815 978 orationis
2849 925 3240 994 compositione
3269 942 3393 995 per-

1825 1015 2026 1083 scripta
2051 1023 2208 1080 sunt;
2247 1023 2452 1068 tantum
2479 1015 2650 1078 abest,
2684 1024 2745 1069 ut
2772 1014 3144 1071 barbarismus
3172 1017 3390 1087 aliquis,

1826 1113 1920 1156 aut
1949 1103 2309 1168 solmcismus,
2356 1114 2449 1159 aut
2491 1107 2725 1177 denique
2778 1107 3088 1163 idiotismus
3121 1110 3391 1178 quispiam

1826 1194 1879 1246 in
1913 1194 2020 1249 illis
2053 1195 2506 1264 deprehendatur.
2550 1196 2792 1269 Utroque
2824 1200 2968 1254 enim
2995 1199 3250 1269 prmditus
3274 1208 3395 1254 erat.

1826 1287 2208 1357 evangelistes,
2265 1304 2516 1345 sermone
2567 1291 2824 1345 nimirum
2859 1307 2922 1346 ac
2957 1291 3215 1359 scientia;
3265 1308 3392 1346 cum

1825 1379 1938 1433 haec
1971 1377 2080 1433 duo
2109 1379 2209 1449 ipsi
2244 1378 2510 1435 Dominus
2556 1384 2950 1448 concessisset,
3003 1385 3285 1450 scientiam
3320 1383 3396 1438 si—

1824 1471 1937 1524 mul
1969 1481 2020 1526 et
2045 1471 2433 1542 eloquentiam.
2503 1473 2654 1528 lllum
2691 1492 2818 1530 vero
2853 1459 3233 1532 revelationem
3269 1476 3394 1546 qui-

1824 1563 1946 1618 dem
1979 1565 2180 1621 vidisse
2201 1607 2216 1630 ,
2271 1576 2326 1622 et
2352 1567 2632 1622 scientiam
2664 1584 2727 1624 ac
2755 1569 3060 1624 futurorum
3091 1569 3396 1640 priedictio-

1825 1673 1948 1712 nem
1999 1658 2273 1728 accepisse
2303 1675 2409 1714 non
2445 1660 2687 1729 inticior;
2726 1677 2912 1716 verum
2959 1662 3249 1717 dictionem
3275 1661 3396 1731 ejus

1826 1763 1932 1801 non
1963 1749 2253 1803 admodum
2286 1751 2525 1808 Crtecam
2564 1753 2971 1818 animadverto,
3025 1754 3116 1809 sed
3149 1753 3396 1808 barbari—

1830 1841 1964 1894 smis
1995 1852 2158 1912 atque
2187 1841 2454 1897 interdum
2485 1844 2810 1898 soloecismis
2844 1844 3203 1914 inquinatam.
3245 1843 3397 1909 Quos

1831 1931 2049 2000 quidem
2085 1933 2137 1986 iu
2165 1935 2574 2002 prmsentiarum
2624 1950 2934 2005 excerpere,
2973 1935 3394 2004 haudquaquam

1830 2038 2051 2078 necesse
2083 2033 2183 2078 est.
2226 2023 2411 2095 Neque
2451 2026 2594 2080 enim
2643 2027 3010 2081 subsannandi
3056 2027 3237 2080 animo
3281 2027 3398 2079 lucc

149 2127 183 2165 a
210 2128 299 2167 me
328 2113 473 2168 dicta
506 2130 625 2171 esse
649 2116 940 2188 quisquam
977 2116 1293 2172 existimet:
1332 2116 1425 2172 sed
1468 2116 1650 2187 potius
1677 2131 1742 2171 eo
1785 2119 2034 2186 consilio,
2073 2127 2133 2173 ut
2183 2119 2470 2191 utriusque
2519 2121 2704 2191 scripti
2752 2120 3247 2177 dissimilitudinem
3299 2136 3397 2174 cx-

150 2205 471 2271 penderem.

1735 2529 1872 2619 II.

1075 2741 1234 2828 EX
1309 2739 1700 2829 LIBRIS
1776 2739 1922 2827 DE
1995 2738 2471 2831 NATUBA

1416 2928 1726 2991 Adversus
1762 2931 2132 3008 Epicureos.

277 3099 442 3163 (Apud
467 3097 707 3148 Eusenos:
733 3098 1011 3160 Praeparat.
1055 3109 1221 3160 evang.
1252 3095 1336 3145 lib.
1359 3109 1457 3156 xiv,
1481 3108 1620 3157 capp.
1643 3094 1808 3155 23-27,
1831 3095 2109 3158 interprete
2131 3102 2182 3146 et
2201 3098 2464 3149 scholiaste
2490 3098 2758 3150 Ἐμπειριςο
2786 3100 2968 3151 νισειιο
2987 3111 3087 3151 soc.
3107 3099 3270 3159 Iesu.)

903 3399 981 3451 A'.

142 3488 310 3556 Πρὸς
334 3489 473 3555 τοὺς
493 3490 618 3543 κατ’
647 3490 1022 3560 Ἐπῐκοι.νροτ·,
1057 3493 1349 3559 Πρόνοιαν
1372 3491 1489 3558 μὲν
1507 3492 1722 3558 ἀρνου-

215 3560 463 3638 μένους,
505 3561 746 3629 ἀτόμοις
788 3560 856 3613 δὲ
901 3563 1174 3632 σώμασιν
1226 3562 1612 3628 ἀνατιθέντας
1655 3563 1719 3615 τὸ

217 3645 362 3684 παν.

217 3721 458 3793 Πότερον
487 3720 596 3794 (Q7)
634 3722 692 3778 ’ἐν
725 3726 841 3778 ἐστι
890 3723 1127 3792 συναφὲς
1159 3723 1218 3776 τὸ
1247 3725 1375 3788 πᾶν,
1395 3723 1470 3788 ὡς
1500 3725 1631 3795 ἡμῖν
1662 3741 1722 3778 τε

140 3811 241 3866 καὶ
269 3814 759 3882 τοῖς-σοφωτάτοις
802 3815 1066 3887 Ἑλλήνων
1113 3815 1358 3871 Πλάτωνι
1390 3816 1485 3870 καὶ
1539 3816 1719 3870 Πυθα-

136 3905 308 3976 γόρᾳ,
338 3906 431 3959 καὶ
461 3909 571 3970 τοῖς
601 3907 708 3960 ἀπὸ
746 3909 845 3979 τῆς
874 3909 1045 3972 Στοᾶς
1072 3908 1167 3962 καὶ
1218 3907 1554 3980 Ἡρακλείτῳ
1598 3910 1722 3978 φαί-

139 4015 318 4052 νεται·
350 3999 384 4070 ἢ
409 3999 521 4063 δύο,
546 3999 622 4065 ὼς
652 4001 781 4065 ἴσως
813 4021 896 4066 τις
927 4002 1214 4067 ὑπέλαϐεν,
1247 4001 1281 4073 ἢ
1314 4003 1408 4055 καὶ
1442 4001 1611 4056 πολλὰ
1630 4002 1724 4056 καὶ

139 4090 383 4161 ἄπειρα,
419 4090 494 4154 ὥς
514 4107 655 4145 τισιν
677 4091 856 4156 ἄλλοις
887 4092 1083 4156 ἔδοξεν,
1134 4092 1184 4145 οἳ
1218 4090 1440 4155 πολλαῖς
1482 4092 1581 4162 τῆς
1607 4092 1724 4145 δια·

139 4183 296 4246 νοίας
349 4188 710 4258 παραφοραῖς,
759 4186 854 4240 καὶ
894 4186 1163 4249 ποικίλαις
1197 4188 1496 4257 προφοραῖς
1529 4187 1726 4256 ὀνομά-

137 4290 254 4325 των
305 4273 407 4345 τὴν
450 4273 560 4327 τῶν
607 4275 744 4330 ὅλων
804 4277 1164 4350 ἐπεχείρησαν
1229 4278 1724 4348 κατακερματίζειν

135 4363 356 4429 οὐσίαν,
387 4363 612 4438 ἀπειρόν
639 4384 720 4433 τε,
771 4369 865 4421 καῖ⁸
902 4369 1216 4442 ἀγέννητον,
1251 4372 1346 4426 καὶ
1391 4371 1724 4442 ἀπρονόητον

137 4456 521 4524 ὑποτίθενται;
583 4459 646 4513 οι
707 4460 805 4531 μὲν
858 4460 988 4533 γὰρ,
1042 4463 1280 4535 ἀτόμους
1333 4462 1723 4536 προσειπόντες

136 4548 401 4620 ἄφθαρτά
422 4568 542 4604 τινα
575 4552 667 4606 καὶ
695 4554 1033 4626 σμικρότατα
1071 4555 1320 4626 σώματα,
1367 4555 1570 4626 πλῆθος
1592 4553 1722 4609 ἀνά-

137 4639 342 4709 ριθμα,
376 4641 470 4694 καί
500 4659 554 4695 τι
592 4644 790 4714 χωρίον
848 4647 1025 4712 κενὸν,
1063 4647 1290 4716 μέγεοος
1340 4647 1719 4719 ἀπεριόριστον

137 4730 563 4802 προϐαλόμενοι,
594 4734 792 4800 ταύτας
826 4737 890 4808 δή
927 4755 1057 4807 φασι
1082 4737 1179 4802 τὰς
1221 4738 1475 4808 ἀτόμους,
1498 4737 1573 4800 ὡς
1599 4737 1721 4790 ἔτυ-

133 4838 237 4891 χεν
271 4822 333 4873 ὲν
367 4821 443 4893 τῷ
469 4823 609 4895 κενῷ
661 4827 987 4897 φερομένας,
1050 4828 1370 4898 αὐτομάτως
1425 4844 1483 4879 τε
1517 4843 1719 4897 συμπι-

1830 3489 2089 3544 Aduersus
2129 3489 2411 3558 Epicureos
2434 3531 2448 3554 ,
2487 3492 2578 3560 qui
2605 3502 2653 3544 et
2686 3489 3081 3544 Providentiam
3118 3491 3392 3559 tollebant,

1951 3571 1999 3615 et
2030 3561 2318 3614 individuis
2349 3561 2653 3631 corporibus
2686 3563 2928 3616 universa
2960 3562 3276 3616 tribuebant.

1898 3723 2090 3780 Utrum
2119 3740 2286 3778 unum
2320 3732 2402 3778 est
2427 3732 2589 3794 atque
2617 3731 2800 3793 aptum
2825 3738 2890 3777 ex
2913 3737 3033 3778 sese
3056 3723 3394 3785 universum,

1826 3818 1904 3872 uti
1954 3817 2112 3871 nobis
2154 3815 2580 3886 Grmcorumque
2629 3814 3047 3884 sapientissimis
3082 3813 3295 3869 Platoni
3340 3824 3396 3870 et

1825 3906 2175 3980 Pythagora,
2231 3907 2428 3963 Stoicis
2471 3916 2524 3962 et
2558 3906 2827 3962 Heraclito
2879 3906 3126 3974 videtur;
3162 3922 3230 3961 an
3263 3907 3394 3971 duo,

1828 3999 2287 4071 quemadmodum
2314 3998 2454 4055 forte
2481 4014 2588 4053 non
2619 4013 2779 4053 nemo
2807 3997 3088 4069 cogitarit;
3123 4013 3190 4051 an
3226 3997 3397 4051 multa

1828 4093 2010 4166 potius
2057 4091 2300 4160 adeoque
2346 4089 2592 4154 inﬁnita,
2641 4100 2702 4143 ut
2749 4089 2871 4144 aliis
2920 4089 3244 4159 quibusdam
3281 4088 3398 4158 pla-

1828 4185 1978 4250 cuit,
2031 4183 2122 4252 qui
2158 4183 2404 4252 pluribus
2433 4183 2630 4237 mentis
2655 4182 2964 4249 erroribus,
3014 4197 3079 4236 ac
3104 4180 3269 4235 variis
3299 4196 3398 4250 ap-

1827 4275 2179 4345 pellationum
2209 4273 2420 4341 formis,
2456 4275 2695 4329 universi
2722 4282 2974 4328 naturam
3001 4272 3306 4345 distrahere
3332 4287 3399 4328 ac

1827 4369 2068 4423 lacerare
2112 4368 2316 4432 conati,
2369 4367 2640 4421 inﬁnitum
2667 4366 2798 4422 illud
2827 4381 2982 4433 esse,
3030 4375 3152 4421 ortu
3187 4381 3396 4431 carere,

1828 4473 1926 4512 nec
1973 4458 2084 4512 ullo
2129 4455 2488 4512 Providentia?
2525 4457 2752 4513 consilio
2797 4457 2909 4527 regi
2954 4456 3292 4510 voluerunt?
3331 4453 3395 4507 lli

1829 4550 1974 4604 enim
2021 4559 2262 4613 atomos,
2317 4549 2627 4618 incorrupta
2659 4548 2905 4618 quaedam
2935 4547 3239 4618 exiguaque
3269 4561 3396 4600 cor-
3461 4543 3464 4547 ’

1825 4641 2084 4710 puscula,
2121 4656 2458 4710 numeroque
2488 4640 2698 4694 inﬁnita
2744 4639 3126 4705 nominantes,
3178 4651 3396 4705 unaque

1826 4735 2060 4806 Spatium
2087 4733 2306 4804 aliquod
2341 4747 2570 4787 vacuum
2597 4771 2613 4796 ,
2647 4747 2746 4786 nec
2776 4732 2901 4785 ullis
2932 4730 3132 4784 ﬁnibus
3157 4727 3394 4784 circum-

1828 4826 2087 4895 scriptum
2116 4825 2456 4887 invehentes,
2507 4833 2718 4878 atomos
2747 4823 2868 4876 illas
2901 4821 3170 4886 dictitant,
3202 4820 3306 4874 hoc
3336 4817 3393 4873 in

213 4976 332 5048 (26)
381 4978 497 5032 Τὸν
542 4981 747 5049 λόγον,
802 4980 918 5049 τὴν
962 4980 1208 5049 γνῶσι-ν.
1263 4979 1572 5035 Posteriora
1607 4979 1718 5036 duo

1829 4979 1922 5034 tris
1948 4978 2339 5049 fragmentum,
2375 4955 3043 5049 Eusebianmﬂdiligentire'
3067 4971 3390 5049 beneﬁcium

130 5049 309 5135 verpa
344 5051 711 5135 expungend‘a.
749 5061 895 5130 sunt,
943 5051 1142 5135 quippe
1187 5067 1310 5132 qua:
1337 5067 1718 5135 senstrmpper-

131 5119 388 5184 turbant,
432 5119 624 5174 nec’iu
665 5119 976 5185 Mazarino,
1020 5119 1324 5175 Fuketi’ano
1365 5136 1429 5176 ac
1462 5120 1718 5176 Mediczeo

105 5189 332 5262 .eodice
355 5191 627 5262 leguntur.
661 5190 832 5262 Porro
856 5206 952 5259 per
991 5191 1247 5262 ἑκάτερον
1281 5191 1718 5262 Myovintelligit

133 5259 439 5332 Dionysius
470 5260 557 5314 τὸν
596 5260 895 5332 ἐνδιάθετον
927 5263 1022 5316 καὶ
1049 5262 1138 5314 τὸν
1156 5259 1501 5332 ’προφορικὸν
1527 5261 1680 5328 λόγον
1699 5301 1712 5322 ,

133 5333 190 5385 id
225 5338 314 5383 est
344 5329 603 5384 rationem
629 5331 827 5400 quzein
863 5341 1043 5385 mente
1076 5329 1363 5386 recondita
1383 5339 1484 5394 est,
1517 5341 1569 5384 et
1596 5346 1716 5398 qua:

133 5415 400 5470 sermone
431 5399 724 5467 profer-tm.
755 5399 866 5455 lloc
890 5409 994 5467 est,
1022 5402 1168 5470 quod
1199 5401 1482 5469 subiungit
1511 5400 1714 5468 Diony-

132 5472 281 5542 sius,
317 5469 493 5542 τόντε
526 5473 622 5541 τῆς
667 5470 938 5540 γνώσεως,
968 5469 1056 5526 τόν
1099 5489 1156 5524 τε
1189 5473 1285 5542 τῆς
1315 5475 1586 5542 φράσεως.
1624 5471 1716 5542 Sic

133 5521 288 5595 ἑὶιῖᾱῑῖ
325 5521 792 5595 εει-ἱὺοηιίῧηιέςι
826 5521 1121 5597 εἶὀοιίὶοο
1159 5521 1513 5608 ΜρῖῘηΪΡιιιίη
1545 5521 1712 5594 ἓξινίι.

133 5623 191 5682 et
239 5608 407 5682 Μαι,
439 5625 546 5663 non
572 5620 655 5682 _ut
688 5613 849 5681 vulgo
895 5612 1123 5682 legitur,
1167 5612 1256 5665 τόν
1290 5629 1347 5664 τε
1380 5611 1477 5681 τῆς
1504 5611 1714 5678 σοφίας,

133 5681 231 5734 τόν
259 5697 321 5732 τε
350 5680 450 5748 τῆς
482 5679 753 5747 γνώσεως,
777 5679 982 5748 absque
1012 5684 1120 5736 ullo
1150 5699 1334 5736 sensu.
1360 5679 1557 5735 Varus.

208 5752 326 5821 (27)
353 5752 632 5818 Πότερον,
655 5768 706 5803 κ.
750 5768 798 5802 τ.
831 5751 879 5803 λ.
914 5752 1344 5808 Pulcherrimum
1381 5753 1482 5807 hoc
1521 5750 1579 5805 S.
1617 5749 1719 5804 Pa-

1824 5058 1950 5104 est:
1985 5042 2094 5119 (ιιῖο
2140 5048 2380 5117 alioqui,
2425 5055 2620 5116 praeter
2661 5046 2764 5098 alia
2810 5042 3068 5119 pleraque
3102 5042 3391 5119 sapientis-

1827 5119 1949 5174 simi
1989 5113 2091 5173 viri
2118 5113 2474 5181 monimenta,
2511 5113 2843 5171 careremus.
2876 5113 3146 5168 Visam—
3164 5113 3246 5166 Ad
3275 5113 3391 5166 hmc

1824 5197 2077 5258 excerpta
2139 5187 2469 5258 Dionysiana
2524 5187 2607 5258 sic,
2656 5186 2997 5258 proloquitur
3052 5183 3387 5258 E_usebi_u_s_:

1830 5279 1848 5311 ι
1884 5252 2040 5314 Nunc
2065 5258 2218 5326 juvat
2257 5252 2323 5312 οἰ
2370 5257 2610 5328 Dionysii
2639 5252 2922 5328 episcopi,
2956 5252 3394 5328 hominis‘Chri-

1823 5320 2484 5398 stianam'philoSOphiam
2512 5320 2782 5396 'profe'ssi,
2814 5320 2976 5395 opere
3009 5326 3154 5398 quod
3189 5320 3266 5376 De
3295 5339 3394 5398 na-

1824 5411 1945 5453 tura
1972 5393 2319 5468 couscripsit,
2354 5393 2548 5468 pauca‘
2574 5398 2818 5467 quadam
2845 5393 2892 5468 fe
2923 5393 3109 5451 multis
3137 5408 3257 5468 quae
3289 5393 3390 5447 ad-

1823 5485 2012 5524 versus
2057 5467 2350 5537 Epicurum
2407 5467 2685 5536 disputat,
2734 5467 3392 5537 subjungere._Tu‘vero

1820 5542 1938 5609 ejus
1967 5534 2238 5609 ipsissinta
2266 5534 2548 5609 perlegef»
2585 5537 2872 5609 Inscriptio
2917 5534 3046 5609 vero
3086 5534 3390 5609 Eusebiaua

1819 5605 1892 5665 ita
1919 5605 2168 5666 se’hahet
2199 5626 2211 5660 :
2247 5605 2376 5661 ’Λπὸ
2389 5607 2492 5659 τῶν
2525 5606 2666 5674 Περὶ
2697 5605 2935 5674 φύσεως
2969 5605 3241 5658 Διονυσίου
3271 5607 3391 5656 ἐπι-

1823 5682 2024 5733 σκόπου
2072 5679 2489 5749 Ἀλεξανδρείας.
2526 5676 2610 5749 Ea:
2635 5677 2874 5747 Dionysii
2902 5674 3251 5730 Alexandrini
3282 5675 3393 5739 epi-

1821 5753 1962 5814 scopi
1993 5752 2140 5804 libris
2172 5750 2242 5803 De
2271 5747 2484 5803 natura.
2517 5747 2684 5802 αλιι..
