3888 6518
529 282 658 340 ἱ251

1505 283 1565 339 S.
1603 281 1900 338 DIONYSII
1937 278 2242 337 EPISCOPI
2278 281 2747 339 ALEXANDRlNI

3637 287 3758 343 ηεξ

527 412 700 452 vacuo
728 405 928 452 temere
951 397 1079 453 dum
1108 398 1386 467 feruntur,
1417 399 1545 456 dum
1573 416 1702 456 casu
1727 411 1946 472 propter
1976 402 2068 456 im-

2183 400 2421 464 πτούσας
2455 401 2710 474 ἀλλήλαις
2737 402 2826 457 διά
2851 403 3029 476 ῥύμην
3050 404 3302 466 ἄτακτον,
3334 405 3432 459 καὶ
3457 423 3528 459 συ
3537 405 3756 476 μπλεκε-

523 500 682 560 pctus
707 491 1164 560 perturbationem
1193 494 1311 548 alite
1334 509 1456 548 cum
1485 495 1610 549 aliis
1647 503 1998 556 concurrunt.
2025 509 2091 548 ac

522 592 746 654 propter
777 583 1127 652 multiplicem
1159 585 1384 654 ﬁguram
1417 585 1554 640 inter
1580 600 1699 640 sese
1727 586 2088 640 commiscen-

527 683 635 736 tur,
673 689 795 727 eum
822 673 1226 742 apprchendere
1258 683 1447 728 mutuo
1474 690 1615 740 sese,
1645 683 1757 728 tum
1789 674 1934 728 hunc
1957 689 2090 743 quo-

522 779 629 832 que
677 763 978 829 mundum,
1027 780 1256 834 quaeque
1310 766 1425 834 ipso
1475 768 1819 820 continentur
1860 767 2082 833 omnia,

524 854 634 908 imo
682 871 810 910 vero
855 856 1086 908 mundos
1115 859 1278 909 etiam
1326 857 1566 912 inlinitos
1597 857 1823 912 edicere.
1883 858 1997 912 Hac
2029 858 2083 912 in

521 947 786 1000 sententia
834 945 1098 1016 Epicurus
1151 946 1598 1018 Dcmocritusque
1652 949 1849 1003 versati
1905 957 2080 1004 sunt:

521 1037 623 1090 hoc
653 1053 760 1091 uno
784 1037 1116 1104 discriminc,
1151 1039 1296 1107 quod
1325 1038 1590 1108 Epicurus
1618 1039 1869 1094 minimas
1895 1055 2082 1094 omnes

517 1137 729 1182 atomos
749 1169 764 1192 ,
796 1144 1040 1198 quasque
1071 1139 1352 1198 propterea
1398 1146 1592 1185 sensus
1616 1147 1723 1185 non
1755 1132 2081 1200 attingeret;

519 1216 860 1274 Democritus
894 1221 1182 1274 nonnullas
1227 1221 1414 1274 saltem
1460 1221 1726 1275 maximas
1756 1236 1876 1276 esse
1903 1222 2078 1275 vellet.

516 1310 784 1365 Ctetcrum
813 1310 1120 1364 individuas
1154 1312 1273 1364 illas
1300 1321 1352 1365 et
1378 1311 1482 1366 dici
1513 1322 1565 1365 et
1591 1327 1733 1377 esse,
1758 1320 1975 1380 propter
1999 1311 2082 1364 in-

517 1400 887 1454 dissolubilem
914 1415 1099 1454 carum
1129 1401 1460 1465 ﬁrmitatem,
1484 1411 1711 1470 uterque
1741 1400 1914 1453 docet.
1941 1397 2081 1452 Sunt

518 1501 730 1553 tamen,
756 1491 847 1561 qui
876 1500 1186 1546 atomorum
1219 1492 1437 1546 nomine
1465 1507 1690 1562 corpora
1721 1489 1966 1560 quaedam
1998 1490 2082 1543 in-

515 1586 801 1657 telligunt,
856 1602 975 1655 qum
1017 1587 1262 1656 partibus
1289 1594 1508 1640 careant
1537 1585 1650 1654 ipsa
1687 1584 1936 1653 quidem,
1974 1581 2081 1635 sint

513 1685 694 1728 tamen
729 1676 965 1730 universi
999 1687 1209 1746 partes;
1266 1689 1331 1731 ex
1363 1676 1561 1746 quibus
1584 1717 1599 1739 ,
1633 1675 1920 1729 individua:
1953 1688 2076 1727 cum

515 1767 658 1832 sint,
709 1766 937 1821 conﬂata
985 1769 1215 1836 primum
1252 1767 1468 1830 omnia,
1503 1767 1558 1820 in
1599 1767 1815 1821 easdem
1862 1778 2079 1836 quoque

515 1860 902 1913 dissolvantur.
945 1859 1170 1926 llarum,
1200 1867 1360 1929 prout
1385 1859 1630 1929 partibus
1657 1866 1873 1922 carent,
1905 1855 2080 1910 nomi-

2195 492 2360 562 μένας
2393 491 2482 544 διὰ
2508 493 2567 545 τὸ
2592 491 2957 564 πολύσχημον,
3005 494 3244 564 ἀλλήλων
3272 494 3753 565 ἐπιλαμϐάνεσθαι.

2191 582 2285 635 καὶ
2318 583 2457 634 οὕτω
2483 581 2572 636 τόν
2595 601 2655 636 τε
2683 583 2886 654 κόσμον
2919 585 3012 637 καλ⁸
3055 585 3124 638 τά
3148 588 3206 638 ὲν
3237 586 3409 655 αὐτῷ,
3477 587 3684 656 μᾶλλον
3711 589 3755 641 δὲ

2189 674 2424 744 κόσμους
2449 673 2705 744 ἀπείρους
2762 675 3060 731 ἀποτελεῖν.
3107 677 3320 746 Ταύτης
3363 677 3424 730 δὲ
3480 678 3588 746 τῆς
3618 679 3752 745 δόῂς

2200 764 2516 836 Ἐπίκουρος
2567 765 2819 834 γεγόνασι
2868 767 2960 820 καὶ
3009 769 3365 840 Δημόκριτος⁸
3426 768 3750 822 τοσοῦτονδὲ

2185 854 2544 925 διεφώνησαν,
2597 857 2718 909 ὅσον
2742 859 2770 910 ό
2803 858 2920 928 μὲν,
2953 859 3237 928 ἐλαχίστας
3287 860 3498 923 πάσας,
3563 861 3657 912 καὶ
3679 863 3748 913 διὰ

2185 945 2343 998 τοῦτο
2375 945 2823 1016 ἀνεπαισθήτουςο
2854 948 2882 998 ό
2909 947 2966 1000 δὲ
2985 949 3340 1020 Δημόκριτος,
3377 950 3483 1001 καὶ
3507 949 3750 1018 μεγίστας

2183 1032 2322 1089 εἷναί
2353 1053 2501 1100 τινας
2535 1036 2768 1106 ἀτόμους
2799 1037 3086 1092 ὑπέλαϐεν.
3131 1039 3398 1109 Ἀτόμους
3419 1040 3480 1091 δὲ
3513 1036 3651 1091 εἷναί
3674 1058 3749 1106 ςι-

2186 1143 2267 1178 σιν
2301 1127 2620 1198 ἀμφότεροι,
2652 1127 2745 1181 καὶ
2797 1127 3048 1196 λέγεσθαι
3092 1130 3178 1184 διὰ
3230 1131 3329 1202 τὴν
3375 1132 3580 1185 ἄλυτον
3615 1135 3746 1201 στερ-

2187 1218 2404 1288 ρότητα.
2439 1220 2500 1271 Οἱ
2531 1218 2609 1282 δὲ,
2640 1219 2737 1282 τὰς
2761 1220 2997 1290 ἀτόμους
3029 1221 3124 1291 μὲν
3148 1223 3548 1292 ὀνομάσαντες,
3585 1225 3744 1293 ἀμερῆ

2184 1311 2347 1376 φασὶν
2375 1305 2512 1363 εἶναι
2539 1309 2784 1380 σώματα,
2817 1311 2909 1363 τοῦ
2937 1313 3134 1376 παντὸς
3170 1313 3335 1384 μέρη,
3372 1317 3432 1379 ἐξ
3483 1308 3562 1366 ὧν
3596 1315 3745 1367 ἀδιαι-

2186 1403 2357 1472 ρέτων
2385 1402 2552 1456 όντων
2609 1404 2911 1457 συντίθεται
2966 1404 3033 1457 τὰ
3068 1407 3262 1468 πάντα,
3299 1409 3398 1460 καὶ
3447 1411 3532 1472 εἰς
3576 1411 3612 1462 ἃ
3648 1410 3744 1460 ειπ-

2181 1495 2387 1553 λύεται,
2423 1497 2532 1548 Καὶ
2555 1497 2756 1549 τούτων
2803 1498 2934 1565 φασὶ
2960 1497 3068 1550 τῶν
3094 1499 3317 1570 ἀμερῶν
3371 1502 3744 1570 όνοματοπο-δν

2182 1587 2442 1656 Διόδωρον
2495 1589 2794 1656 γεγονέναιο
2849 1589 3019 1660 ὄνομα
3076 1591 3154 1650 δὲ,
3187 1593 3374 1660 φασὶν,
3413 1595 3609 1656 αὐτοῖς
3637 1595 3741 1646 ἄλλο

2193 1677 2544 1748 Ἡρακλείδης
2603 1677 2858 1748 θέμενος,
2905 1681 3158 1734 ἐκάλεσεν
3212 1682 3450 1750 ὄγκους,
3521 1686 3648 1754 παρ’
3688 1677 3737 1736 οὗ

2111 1730 2154 1785 Β
2181 1730 2275 1819 καί
2323 1730 2718 1838 Ἀσκληπιάδης

2187 1873 2264 1926 μα
2297 1855 2428 1926 (28),

514 1950 599 2002 nis
635 1958 910 2004 auctorem
942 1949 1148 2006 faciunt
1180 1950 1471 2005 Diodorum
1503 1968 1517 2004 :
1552 1965 1646 2004 eas
1669 1965 1816 2012 vero,
1847 1948 1955 2002 alio
1980 1945 2221 2010 nomine,
2247 1947 2461 2016 όγκους,
2492 1945 2594 2002 hoc
2638 1957 2722 2003 est
2767 1948 2930 2004 moles
2952 1989 2968 2015 ,
3015 1965 3112 2006 seu
3156 1953 3414 2020 pondera,
3437 1950 3741 2007 Heraclida

513 2045 755 2112 vocabat,
772 2045 912 2115 quod
946 2061 1141 2101 nomen
1166 2047 1234 2101 ab
1261 2062 1326 2101 eo
1349 2046 1693 2116 Asclepiades
1723 2044 1967 2101 medicus
1993 2041 2248 2111 suscepit.

1258 2141 1324 2197 ll.

513 2252 704 2306 Rerum
739 2255 876 2308 inter
901 2255 1139 2327 homines
1163 2255 1758 2327 vulgariumrexemplis,
1790 2255 2073 2326 Epicureo-

963 2343 1079 2378 rum
1107 2325 1296 2393 dogma
1327 2326 1603 2395 refellitur.

581 2437 685 2502 Qut
722 2439 936 2493 tandem
987 2440 1237 2496 homines
1267 2442 1400 2496 istos
1430 2441 1700 2509 feramus,
1751 2443 1879 2497 dum
1908 2457 2070 2511 opera

510 2529 787 2597 sapienti-ae
812 2530 967 2598 plena
995 2570 1008 2594 ,
1043 2546 1215 2598 coque
1241 2531 1358 2601 ipso
1383 2533 1523 2586 bona
1548 2572 1562 2594 ,
1581 2566 1593 2595 .
1615 2548 1743 2588 casu
1779 2533 1921 2587 facta
1950 2546 2070 2586 esse

507 2621 736 2675 dicunt?
762 2637 883 2690 qua:
907 2631 957 2675 et
989 2623 1200 2691 singula
1233 2624 1487 2689 seorsim,
1517 2633 1571 2678 et
1598 2623 1761 2679 simul
1794 2623 2066 2688 universa,

505 2713 553 2764 ei
587 2711 744 2778 cujus
795 2713 976 2765 omnia
1016 2712 1173 2780 jussu
1203 2715 1555 2778 exstiterant,
1590 2715 1730 2770 bona
1787 2713 1900 2768 sint
1925 2715 2062 2769 visa.

517 2802 662 2854 Vidit
689 2803 845 2865 enim,
868 2804 1062 2872 inquit,
1089 2803 1228 2856 Deus
1262 2814 1448 2858 cuncta
1470 2822 1587 2875 qum
1611 2806 1804 2875 fecerat
1831 2821 1850 2859 :
1879 2814 1927 2858 et
1952 2821 2066 2858 ecce

509 2894 642 2946 bona
667 2895 815 2948 valde
843 2894 909 2951 “.
971 2895 1292 2966 Quanquam
1355 2912 1422 2951 ne
1466 2897 1659 2966 pusilla
1706 2895 1924 2966 quidem
1975 2897 2064 2950 illa

506 2984 746 3052 cogitant
793 2986 1098 3056 vulgarium
1149 2987 1392 3058 exempla
1442 3003 1648 3050 rerum,
1701 3003 1932 3057 quorum
1963 2987 2065 3056 ipsi

507 3077 718 3130 monitu
763 3077 946 3132 doceri
997 3079 1237 3148 possint,
1286 3078 1546 3147 quidquid
1589 3077 1857 3147 ejusmodi
1900 3087 2072 3132 estut

506 3166 719 3223 fructus
765 3168 968 3238 aliquid
999 3178 1052 3224 ct
1085 3169 1337 3222 utilitatis
1363 3169 1582 3235 aﬂ‘erat,
1631 3170 1682 3223 id
1730 3184 1839 3224 non
1868 3179 2070 3225 temere

504 3273 572 3313 ac
601 3259 718 3314 sine
744 3261 924 3315 studio
945 3259 1084 3324 ﬁeri,
1107 3259 1200 3314 sed
1236 3260 1414 3329 potius
1440 3260 1625 3315 solerti
1652 3275 1912 3314 manuum
1946 3274 2070 3328 ope-

507 3366 566 3404 ra
595 3367 754 3405 suum
788 3368 850 3407 ac
881 3353 1159 3422 proprium
1208 3352 1260 3405 in
1310 3367 1468 3408 usum
1499 3351 1769 3406 elaborari
1802 3370 1815 3404 :
1841 3359 1897 3405 at
1927 3350 2067 3405 idem

503 3443 668 3497 simul
715 3451 879 3512 atque
929 3443 1272 3498 fructuosum
1301 3453 1355 3498 et
1383 3443 1724 3497 commodum
1768 3456 1891 3498 esse
1933 3441 2070 3496 desi-

508 3535 608 3600 nit,
635 3535 772 3591 solvi
803 3535 1086 3598 continuo,
1119 3545 1173 3589 et
1197 3535 1422 3590 confuse
1444 3535 1734 3589 admodum
1760 3549 1825 3587 ac
1855 3542 2069 3602 pertur-

501 3627 628 3680 bate
651 3626 940 3695 dissipari,
976 3634 1162 3694 utpote
1184 3626 1330 3694 quod
1361 3641 1421 3680 ea
1452 3641 1562 3680 non
1592 3625 1826 3695 amplius
1855 3625 2068 3694 sapien-

502 3718 576 3771 tia
602 3715 760 3785 cujus
794 3717 971 3786 ipsum
1003 3726 1128 3771 ante
1153 3732 1284 3772 cura
1306 3717 1682 3783 conservabat,
1719 3726 1979 3773 tractetur
2003 3732 2068 3773 ac

499 3817 736 3878 regatur.
777 3808 854 3862 Ita
883 3809 1285 3875 vestimentum,
1312 3825 1410 3864 nec
1443 3810 1694 3874 stamine,
1716 3809 1920 3879 absque
1946 3819 2064 3865 tex-

502 3899 635 3954 toris
666 3914 851 3963 manu,
882 3915 939 3955 se
973 3901 1091 3970 ipso
1121 3901 1478 3968 consistente,
1509 3916 1610 3956 nec
1639 3901 1978 3972 subtegmine
2007 3917 2066 3957 se

499 3991 676 4060 ipsum
711 3992 854 4045 ultro
882 3993 1055 4047 eidem
1083 3993 1393 4062 implicante
1427 3993 1755 4062 pertexitur;
1795 3993 1952 4064 cujus
1983 4003 2065 4048 ta-

498 4099 646 4146 men.
678 4084 769 4138 ubi
801 4084 1174 4154 disrumpitur,
1225 4085 1400 4140 lacera
1435 4085 1562 4140 hinc
1593 4085 1717 4139 inde
1748 4084 1915 4140 frusta
1951 4086 2063 4140 dis-

492 4176 587 4244 jici
632 4177 834 4231 videas.
895 4176 969 4230 Ita
1016 4192 1139 4232 cum
1187 4177 1382 4232 domus
1433 4185 1526 4230 aut
1569 4177 1700 4233 urbs
1745 4177 2060 4240 aediﬁcatur,

495 4282 604 4320 non
629 4267 830 4336 lapides
857 4267 1077 4336 excipit,
1096 4268 1232 4322 alios
1263 4269 1315 4321 in
1347 4267 1696 4322 fundamenta
1720 4279 1908 4339 sponte
1925 4270 2058 4324 sub-

2925 2140 3000 2194 B'.

2358 2253 2492 2308 Ἀπὸ
2523 2252 2640 2307 τῶν
2670 2253 2738 2307 ἐν
2765 2252 3098 2321 ἀνθρώποις
3125 2253 3603 2322 ὑποδειγμάτων.

2248 2436 2373 2500 Πῶς
2403 2435 2578 2490 αὐτῶν
2628 2435 3007 2508 ἀνασχώμεθα,
3057 2437 3264 2509 τυχηρὰ
3292 2436 3573 2504 λεγόντων
3617 2435 3737 2491 εἶναι

2178 2526 2558 2598 συμπτώματα
2597 2526 2664 2580 τὰ
2715 2527 2871 2595 σοφὰ,
2934 2526 3026 2579 καὶ
3061 2526 3146 2579 διὰ
3193 2526 3348 2580 τοῦτο
3387 2528 3456 2579 τά
3490 2529 3637 2581 καλὰ
3660 2529 3738 2597 δη-

2178 2619 2562 2690 μιουργήματα
2586 2635 2601 2682 ;
2629 2611 2702 2670 ὢν
2729 2617 2958 2670 ἕκαστόν
2991 2635 3047 2670 τε
3091 2618 3211 2670 καθ’
3251 2619 3410 2672 ὲαυτὺ
3433 2622 3739 2690 γενόμενος.

2175 2709 2328 2781 ὤφθη
2358 2709 2434 2780 τῷ
2459 2707 2817 2781 προστάξαντι
2842 2709 3090 2776 γενέσθαι
3125 2709 3306 2772 καλὸν,
3324 2712 3421 2764 καὶ
3445 2713 3742 2783 πλλήῶῃν

2172 2799 2371 2870 ὁμοίως
2407 2800 2640 2854 ἅπαντα.
2673 2795 2812 2852 Εἷδε
2842 2799 2972 2867 γὰρ,
3006 2800 3187 2870 φησὶν,
3213 2804 3245 2853 d
3294 2802 3440 2867 Θεὸς
3459 2804 3537 2854 τὰ
3558 2803 3742 2855 πάντα

2174 2893 2292 2946 ὅσα
2316 2892 2594 2960 ἐποίησε,
2630 2891 2730 2945 καὶ
2766 2890 2892 2943 ἰδοὺ
2924 2891 3078 2944 καλὰ
3119 2893 3277 2946 λίαν.
3323 2893 3464 2945 Ἀλλ’
3497 2897 3625 2948 οὐδὲ
3649 2896 3742 2948 ἀπὸ

2172 2986 2276 3042 τῶν
2312 2985 2517 3057 μικρῶν
2549 2985 2656 3055 (29)
2697 2985 2803 3038 τῶν
2827 2986 3090 3055 συνήθων,
3119 2987 3212 3040 καὶ
3245 2986 3398 3058 παρά
3433 2988 3608 3050 πόδας
3633 3007 3741 3040 νου-

2173 3075 2466 3128 θετούντων
2517 3075 2992 3145 παραδειγμάτων,
3041 3075 3100 3140 ὲξ
3130 3069 3205 3128 ὧν
3233 3074 3492 3129 δύνανται
3541 3077 3741 3147 μανθά-

2172 3182 2304 3229 νειν,
2337 3165 2418 3217 ὅτι
2450 3163 2701 3235 χρειῶδες
2732 3164 2829 3234 μὲν
2863 3164 2957 3217 καὶ
3003 3166 3138 3236 πρὸς
3168 3166 3439 3235 ὠφέλειαν
3467 3168 3632 3237 ἔργον
3659 3170 3740 3220 οὐ-

2169 3255 2256 3309 δὲν
2302 3256 2754 3326 ἀνεπιτηδεύτως,
2815 3257 2936 3310 οὐδὲ
2980 3257 3340 3328 συμϐατικῶς.
3355 3260 3739 3328 ἀπεργάζεται,

2171 3345 2306 3398 ἀλλά
2339 3343 2654 3417 χειρουργού
2665 3362 2842 3415 μενον,
2865 3347 2944 3409 εἰς
2971 3345 3067 3416 τὴν
3095 3346 3414 3417 πρέπουσαν
3445 3347 3740 3420 ὑπηρεσίαν

2171 3435 2576 3508 καταρτίζεται.
2605 3438 2771 3490 Ὀταν
2801 3436 2858 3490 δὲ
2882 3438 2961 3501 εἰς
2986 3439 3258 3509 ἄχρηστον
3300 3440 3625 3510 μεταπίπτῃ
3654 3442 3739 3494 καὶ

2170 3528 2461 3596 ἀνωφελὲς,
2500 3529 2619 3582 τότε
2673 3527 3021 3599 διαλυόμενον
3080 3529 3347 3601 ἀορίστως
3398 3531 3514 3603 (50)
3550 3536 3646 3586 καὶ
3671 3533 3738 3594 ὡς

2169 3619 2233 3672 ἂν
2261 3617 2398 3689 τύχῃ
2439 3618 2826 3680 διασκίδναται,
2849 3619 2942 3673 ἆτε
2976 3621 3172 3690 μηκέτι
3201 3622 3737 3694 μεταχειριζομένῃ,

2172 3711 2305 3781 μηδὲ
2327 3710 2715 3782 διαταττούσης
2743 3711 2874 3764 αὐτὸ
2910 3713 3007 3782 τῆς
3041 3712 3252 3780 σοφίας,
3357 3714 3454 3767 τοῦ
3491 3719 3740 3769 συνεστά-

2167 3820 2254 3854 ναι
2287 3801 2444 3854 τοῦτο
2472 3801 2682 3872 ἔμελεν.
2728 3802 2957 3873 Ἰμάτιόν
2990 3820 3048 3856 τε
3085 3804 3214 3876 γὰρ,
3237 3806 3297 3857 οὐ
3325 3809 3503 3877 χωρὶς
3537 3809 3739 3878 ἱστουρ-

2167 3892 2287 3960 γοῦ,
2340 3893 2742 3963 συνισταμένων
2774 3893 2882 3947 τῶν
2905 3895 3205 3964 στημόνων,
3240 3896 3365 3949 οὐδὲ
3411 3899 3516 3968 τῆς
3544 3898 3736 3968 κρόκης

2166 3985 2486 4055 αὐτομάτως
2542 3985 3101 4057 παρεμπλεκομένης,
3142 3987 3535 4056 ἀνυφαίνεται·
3591 3993 3638 4043 εί
3685 3991 3738 4042 δὲ

2165 4077 2542 4148 κατατριϐείη,
2571 4077 2638 4130 τὰ
2667 4077 2991 4130 λακισθέντα
3015 4078 3422 4151 διαρριπτεῖται
3466 4085 3627 4152 ῥάκη.
3654 4084 3736 4135 οι-

2165 4168 2256 4220 κία
2283 4185 2341 4220 τε
2369 4169 2797 4238 ἀνοικοδομεῖται
2857 4172 2952 4224 καὶ⁸
2981 4171 3154 4234 πόλις,
3204 4172 3266 4222 οὐ
3301 4174 3434 4235 τοὺς
3466 4175 3565 4243 μέν
3595 4191 3733 4234 τινας

2162 4258 2427 4329 δεχομένη
2462 4258 2728 4329 θεμελίοις
2776 4259 3204 4331 αὐτομολοῦντας
3242 4261 3451 4325 λίθους,
3513 4265 3636 4326 τοὺς
3684 4263 3734 4314 δὲ

493 4358 750 4424 sidentes,
793 4360 930 4414 alios
981 4359 1228 4428 superius
1261 4360 1314 4412 in
1349 4369 1638 4413 structurae
1674 4361 1882 4414 corium
1915 4362 2059 4416 ultro

2176 4349 2548 4420 ὶναπηδῶντας
2591 4351 2668 4412 εἰς
2699 4350 2797 4412 τὰς
2824 4351 3096 4414 ἐπιϐολὰς,
3153 4351 3290 4404 ἀλλὰ
3327 4354 3479 4406 κατὰ
3505 4353 3683 4424 χώραν
3709 4355 3734 4404 ὁ

494 4451 878 4516 subvolantes;
932 4451 1025 4505 sed
1057 4451 1384 4504 architectus
1434 4456 1486 4503 in
1518 4467 1674 4504 suum
1709 4467 1952 4521 quosque
1980 4454 2059 4508 lo-

495 4555 620 4593 cum
655 4540 863 4595 delatos
914 4549 1035 4610 apte
1084 4542 1454 4608 concinneque
1481 4540 1737 4608 diSponit.
1794 4541 1862 4594 At
1906 4553 2057 4612 post-

492 4646 656 4698 quam
687 4631 910 4685 subruta
947 4640 1048 4697 est,
1073 4632 1261 4686 ubiubi
1302 4649 1462 4689 casus
1493 4631 1695 4694 tulerit,
1731 4632 1923 4703 singuli
1948 4637 2059 4692 dis-

487 4723 617 4791 jecti
649 4723 851 4792 passim
883 4733 1191 4793 temereque
1216 4725 1416 4793 jacent.
1459 4726 1532 4781 Ita
1561 4728 1689 4782 dum
1719 4731 1871 4784 navis
1904 4744 2055 4784 com-

493 4815 761 4884 pingitur,
797 4830 905 4868 non
933 4831 990 4870 se
1025 4817 1194 4885 ipsam
1229 4819 1413 4872 carina
1441 4821 1743 4883 submittit,
1797 4838 1902 4875 non
1935 4837 2054 4876 ma-

490 4908 574 4960 lns
608 4907 662 4960 in
693 4908 870 4962 medio
899 4918 1106 4964 rectum
1139 4925 1257 4965 sese
1303 4912 1470 4974 tollit,
1524 4929 1630 4967 non
1676 4915 1818 4985 ligna
1865 4925 2053 4971 caetera

560 5043 602 5073 “
632 5040 763 5096 Gen.
803 5059 842 5105 ι,
874 5043 962 5098 51.

556 5176 668 5254 (2.8)
698 5178 1193 5254 ᾎΕκλςηρονόίιηρθεᾲ
1212 5180 1274 5254 τὸ
1303 5181 1504 5254 ὄνομα.
1546 5183 1638 5236 His
1666 5193 1844 5238 autem
1872 5185 2055 5241 relatis

485 5246 666 5322 subdit
689 5247 962 5322 Eusebius
990 5266 1000 5298 :
1030 5246 1416 5322 θἸξαύτίεὶπὼν,
1448 5253 1572 5322 ἑξῆς
1607 5255 1965 5318 ἁνασκευάζει
1994 5255 2054 5308 τὸ

484 5313 657 5393 δόγμα
683 5315 770 5393 διὰ
798 5317 1026 5393 πολλῷν,
1049 5319 1186 5393 ἀτάρ
1207 5319 1261 5370 δὲ
1283 5321 1368 5393 διὰ
1395 5313 1616 5375 τούτων.
1647 5325 1771 5378 Han:
1800 5313 2052 5393 prtefatus

488 5385 812 5453 (hionysius)
849 5387 1036 5467 multis
1059 5385 1294 5467 deinceps
1331 5392 1424 5442 hoc
1452 5393 1639 5467 dogmg
1670 5385 1937 5464 confutat',
1967 5395 2055 5448 itt-

486 5463 662 5522 terque
692 5465 898 5521 ra'tera,
932 5458 1093 5509 verbis
1119 5475 1232 5525 qua:
1260 5458 1563 5523 sequuntur.
1601 5458 1777 5518 GALL.‘

524 5591 532 5594 _
557 5523 665 5594 ('29)
696 5525 857 5577 Ἀλλ’
887 5526 1028 5578 οὐδὲ
1055 5527 1174 5578 ἀπὸ
1204 5526 1319 5578 τῶν
1347 5530 1591 5594 μικρῶν.
1621 5535 1816 5591 Deesse
1853 5539 2053 5594 aliquid

524 5547 665 5600 ⁸μυ)
711 5547 842 5577 mu
887 5547 1028 5578 ουοε
1055 5547 1174 5578 ιιπο
1204 5547 1319 5578 των
1347 5547 1591 5597 μικρων.
1621 5547 1816 5591 ncesse
1853 5547 2052 5607 aliquid

483 5591 698 5662 videtur
737 5611 750 5644 ;
794 5596 1029 5660 pendent
1072 5596 1215 5662 enim
1265 5597 1396 5660 ista,
1451 5615 1550 5653 nec
1595 5603 1703 5656 ullo
1740 5609 1904 5662 verbo
1941 5609 2052 5661 ful-

484 5659 719 5714 ciuntur.
759 5659 898 5724 Quid
941 5667 983 5718 si
1024 5665 1080 5725 ἐξ
1110 5659 1184 5717 ὧν
1217 5668 1359 5733 quod
1401 5683 1524 5722 mox
1553 5659 2050 5731 sequiturrtollere-

2163 4439 2473 4510 τοιχοδόμος
2503 4441 2625 4502 τοὺς
2657 4439 2908 4503 εὐθέτους
2951 4442 3223 4513 ἐπιφέρειο
3270 4445 3734 4516 καταρριφθείη-ς

2163 4529 2243 4590 δὲ,
2265 4529 2340 4591 ὼς
2369 4529 2434 4581 ἂν
2457 4530 2712 4600 παρείκῃ,
2759 4529 3106 4598 κατενεχθεὶς
3163 4532 3400 4594 ἕκαστος
3430 4530 3732 4599 ἀπεσφάλη.

2163 4620 2274 4673 Καὶ
2302 4618 2850 4688 κατασκευαζομένης
2879 4617 3034 4681 νεὼς,
3071 4619 3168 4689 οὐχ
3195 4621 3228 4690 ἡ
3261 4620 3363 4690 μέν
3396 4639 3484 4683 τις
3511 4619 3735 4674 ύπέὸαλο

2161 4710 2249 4762 λεν
2285 4711 2480 4782 ἑαυτὴν
2541 4710 2752 4781 τροπὶς,
2787 4710 2815 4760 ὁ
2871 4708 2926 4761 δὲ
2966 4709 3107 4762 κατά
3157 4710 3330 4781 μέσην
3369 4713 3568 4765 ἑαυτὸν
3601 4713 3733 4773 ἱστὸς

2159 4801 2403 4872 ὤρθωσε,
2443 4801 2537 4853 καὶ
2571 4800 2679 4853 τῶν
2705 4801 2878 4854 ἄλλων
2929 4800 3156 4854 ’ἑκαστον
3204 4799 3403 4864 ξύλων,
3440 4803 3511 4872 ῆν
3555 4803 3730 4869 ἔτυχεν

2159 4891 2218 4955 ἐξ
2239 4891 2428 4944 ἑαυτοῦ
2455 4891 2601 4944 θέσιν
2634 4891 2953 4946 κατέλαϐεν.
2977 4892 3110 4944 Οὐδὲ
3138 4891 3207 4944 τά
3243 4891 3527 4963 λεγόμενα
3549 4893 3731 4946 ἑκατὸν

2154 5189 2443 5265 tttr?_Quid
2493 5191 2536 5244 si
2571 5201 2692 5265 post
2727 5195 3208 5265 παραδειγμάτων,
3252 5195 3552 5250 adderetur
3584 5198 3728 5265 φίλος

2155 5260 2424 5335 σοφοῦσιν,
2458 5260 3036 5335 οιιῑὶιιιίιυίόέἰηιὶιεῒ
3080 5265 3218 5331 Quid
3272 5267 3341 5327 si,
3379 5270 3528 5335 quod
3562 5260 3728 5333 magis

2191 5329 2347 5394 lacct,
2411 5329 2799 5386 νουθετοῦντων
2851 5329 3154 5389 mutaretur
3207 5337 3258 5389 in
3317 5329 3730 5390 νουθετοῦνταιῖ

2202 5414 2343 5454 IGER.

2221 5469 2468 5541 (ὖυλιζὶς
2514 5472 2627 5537 τὴν
2655 5474 3008 5540 πρέπουσαν
3147 5475 3466 5541 ἀορίστως.
3513 5473 3639 5527 Haec
3674 5474 3727 5526 in

2148 5537 2292 5614 edit.‘
2312 5540 2500 5594 Colon.
2531 5537 2854 5614 (Lipsiensi)
2891 5546 3086 5612 partim
3123 5537 3327 5598 temere
3353 5537 3586 5609 omissa,
3613 5558 3730 5614 par-

2149 5607 2244 5663 tim
2280 5609 2460 5664 luxata
2493 5607 2691 5666 videas.
2724 5607 2889 5667 GAL'L.
