3888 6484
546 293 680 350 ηδε

1525 282 1581 338 S.
1621 277 1918 337 DlONYSll
1957 274 2256 332 EPISCOPI
2297 268 2763 329 ALEXANDle

3635 268 3760 324 1235

544 426 652 477 tur,
683 419 741 466 ut
774 411 872 472 sol,
906 411 1052 470 luna,
1083 406 1268 469 stellae,
1301 411 1443 457 terra
1467 411 1519 456 ct
1542 415 1718 470 aqua;
1749 397 1940 467 partim
1975 411 2096 450 sen-

2201 390 2382 444 Ταῦτα
2405 390 2512 462 γὰρ
2535 387 2654 441 οὐδὲ
2679 387 2923 448 Οέλοντες
2978 383 3240 453 ὑπάρχειν
3295 381 3646 454 ἀρνήσασθαι
3680 382 3763 436 δύο

547 520 665 557 snm
694 501 926 571 fugiunt,
962 511 1022 553 ut
1047 499 1154 563 dii,
1194 498 1463 551 daemones
1489 502 1541 547 et
1566 491 1766 546 animi?
1803 488 1925 543 Haec
1951 487 2094 542 enim

546 610 666 648 esse
688 633 702 658 ,
728 602 788 647 ut
815 592 1048 646 maxime
1070 590 1266 656 velint,
1320 601 1516 654 negare
1540 599 1648 637 non
1677 589 1919 652 possunt.
1978 578 2097 630 Alia

545 686 814 740 diuturnae
855 683 1144 738 admodum
1187 680 1311 734 vitae
1337 717 1352 742 ,
1400 677 1513 731 sive
1544 671 1896 728 animantium
1922 709 1936 732 ,
1987 669 2098 722 sive

542 779 847 848 plantarum
899 791 963 830 ex
1011 788 1235 844 genere;
1278 769 1672 832 animantium,
1726 775 1785 820 ut
1809 780 1934 820 aves
1960 763 2099 817 inter

542 870 709 940 (quod
736 868 836 939 ipsi
862 867 1128 933 dictitant)
1154 865 1365 934 aquilae,
1411 861 1559 914 corvi
1586 867 1746 928 atque
1775 857 2052 928 phaanices
2078 873 2092 921 ;

542 977 573 1016 e
605 959 949 1014 terrestribus
993 957 1135 1012 cervi
1153 997 1168 1020 ,
1217 956 1527 1024 elephantes
1555 967 1618 1007 ac
1640 951 1935 1015 dracones;
1960 963 1990 1002 e
2013 948 2098 1016 pi-

539 1054 746 1119 scibus,
783 1067 905 1121 quae
932 1061 1045 1104 cete
1067 1050 1350 1114 dicuntur;
1386 1047 1690 1115 plantarum
1719 1057 1869 1107 vero,
1896 1050 1954 1094 ut
1982 1039 2098 1108 pal-

541 1160 641 1198 mae
667 1185 681 1208 ,
731 1158 964 1213 quercus
1005 1151 1057 1195 ct
1085 1155 1303 1209 perseae.
1344 1137 1580 1204 Quarum
1622 1135 1784 1188 etiam
1827 1131 2101 1186 nonnulla:

540 1242 851 1305 perpetuam
884 1232 1115 1286 retinent
1136 1229 1480 1292 viriditatem,
1508 1223 1810 1295 cujusmodi
1842 1230 2100 1291 quatuor-

540 1325 714 1378 decim
763 1339 794 1378 a
837 1320 1090 1393 quopiam
1133 1327 1518 1383 numerantur;
1574 1316 1692 1369 aliae
1732 1322 1878 1367 certo
1910 1314 2101 1365 ﬂorent

541 1424 802 1483 tempore,
833 1420 981 1466 certo
1008 1425 1224 1480 quoque
1249 1407 1532 1463 frondibus
1555 1411 1848 1460 exuuntur.
1875 1401 1990 1455 Alia
2015 1402 2101 1455 de-

540 1505 741 1574 nique,
790 1518 854 1558 ac
897 1502 1068 1556 multo
1113 1515 1243 1555 sane
1292 1498 1559 1568 plurima,
1600 1496 1714 1550 sive
1756 1503 2100 1548 nascanture

540 1608 704 1660 terra,
735 1597 847 1650 sive
878 1594 1186 1664 gignantur,
1227 1590 1584 1660 iniquissimis
1614 1587 1710 1642 fati
1731 1586 1959 1654 vitatque
1978 1584 2101 1637 bre-

540 1687 778 1741 vissima:
802 1685 1062 1753 angustiis
1087 1683 1434 1737 includuntur
1455 1698 1468 1735 :
1497 1696 1525 1735 e
1541 1679 1736 1749 quibus
1756 1677 1919 1731 homo
1936 1674 2096 1730 etiam

541 1778 781 1844 ipse.est,
811 1785 870 1831 ut
895 1775 1090 1829 alicubi
1119 1774 1301 1829 divina
1322 1773 1389 1828 de
1413 1773 1505 1826 illo
1529 1771 1807 1842 Scriptura
1835 1769 2096 1840 loquitur,

541 1867 672 1919 dum
704 1867 780 1920 ait
815 1884 828 1920 :
866 1865 1109 1920 Mortalis
1154 1873 1329 1918 autem
1372 1871 1526 1919 natus
1577 1863 1639 1916 de
1665 1861 1911 1925 muliere,
1963 1857 2100 1912 brevi

539 1959 712 2012 vivens
741 1967 966 2026 tempore
998 1958 1062 2010 '°.
1101 1955 1388 2021 Diversos,
1422 1955 1614 2025 Opinor
1635 1995 1649 2018 ,
1681 1961 1986 2008 atomorum
2011 1964 2099 2004 ne-

540 2063 644 2101 xus
664 2088 679 2111 ,
725 2056 888 2101 tanta:
911 2043 1075 2114 hujus
1102 2044 1156 2097 in
1184 2042 1520 2112 pcrsistendo
1551 2039 1864 2094 differentia:
1905 2050 2098 2091 causas

539 2154 661 2193 esse
702 2136 1121 2207 respondebunt.
1157 2135 1276 2188 Alia
1318 2133 1484 2197 enim,
1532 2130 1810 2188 videlicet,
1857 2125 2100 2197 pressius

541 2229 705 2283 abiis
734 2227 1044 2296 arctiusque
1089 2222 1418 2291 constringi,
1462 2235 1582 2290 quae
1616 2217 1840 2288 proinde
1864 2215 1942 2270 uti
1965 2215 2099 2269 den-

539 2319 687 2373 siora
711 2357 726 2380 ,
774 2316 853 2372 sic
877 2316 942 2369 ad
982 2313 1386 2369 dissolvendum
1428 2311 1586 2381 longe
1607 2307 1922 2362 diliicillima
1950 2305 2096 2369 sint;

537 2411 644 2463 alia
669 2423 820 2474 vero,
853 2407 999 2476 quod
1029 2406 1222 2460 laxiori
1254 2419 1318 2458 ac
1341 2402 1588 2459 solutiori
1627 2411 1928 2456 atomorum
1952 2396 2101 2452 colli-

539 2503 756 2572 gatione
777 2500 1023 2554 devincta
1044 2499 1171 2564 sint,
1191 2505 1352 2566 atque
1375 2495 1426 2549 id
1451 2495 1612 2548 ctiam
1636 2508 1760 2548 cum
1785 2491 1965 2560 aliquo
1985 2488 2101 2543 dis-

536 2591 800 2656 crimine,
853 2587 1085 2644 celerius
1123 2596 1405 2658 propterea
1452 2585 1535 2640 vel
1584 2583 1790 2638 tardius
1816 2581 1884 2636 ab
1913 2594 2100 2636 earum

540 2687 739 2732 ornatu
767 2677 1160 2746 complexuque
1195 2674 1483 2730 removeri.
1543 2672 1823 2729 Postremo
1854 2685 1921 2726 ex
1941 2669 2101 2725 certis

541 2772 872 2841 quibusdam
924 2771 1052 2836 alia,
1106 2777 1364 2839 certoque
1404 2766 1562 2822 modo
1602 2763 1862 2836 ﬁguratis,
1895 2762 1999 2817 alia
2035 2777 2102 2816 ex

539 2861 663 2915 aliis
688 2875 753 2914 ac
774 2873 894 2913 sese
919 2859 1073 2913 aliter
1100 2857 1423 2912 habentibus
1448 2870 1568 2910 esse
1613 2853 1916 2908 commista.
1972 2850 2098 2913 Sed,

537 2952 665 3022 quis
707 2951 796 3005 ille
839 2965 1004 3020 porro
1045 2950 1382 3004 diversarum
1428 2946 1582 3017 quasi
1621 2946 1863 2999 tribuum
1910 2941 2098 3013 iudex,

2195 497 2404 534 νανται.
2435 477 2513 530 Τὰ
2548 477 2606 530 δὲ
2637 474 3053 546 μακροϐιώτατα
3075 472 3190 537 ζῶα
3228 489 3283 525 τε
3313 473 3409 526 καὶ
3443 472 3618 540 φυτά·
3660 473 3764 536 ζῶα

2199 571 2316 640 μὲν,
2352 569 2407 620 ἐν
2429 584 2488 620 τε
2511 567 2734 637 ὄρνισιν,
2771 563 2846 626 ὦς
2873 579 3057 631 φασιν,
3081 562 3249 626 ἀετοὶ,
3277 561 3517 631 κόρακές
3564 579 3651 624 τε,
3679 567 3764 615 καὶ

2195 661 2451 730 φοίνικεςο
2489 659 2545 712 ἔν
2573 674 2631 711 τε
2664 654 2958 727 χερσαίοις,
2989 654 3173 722 ἔλαφοί
3200 670 3279 715 τε,
3304 653 3400 705 καὶ
3449 653 3761 721 ἐλέφαντες,

2196 751 2290 804 καὶ
2309 750 2624 820 δράκοντεςς
2652 748 2710 798 ὲν
2744 745 2800 798 δὲ
2823 748 2934 808 τοῖς
2987 744 3247 815 ἐνύδροις,
3283 742 3355 795 τὰ
3380 745 3553 814 κήτηο
3585 743 3762 814 δένδρα

2195 843 2271 905 δὲ,
2305 840 2561 910 φοίνικες,
2616 839 2710 891 καὶ
2739 837 2916 909 δρύες,
2966 837 3060 888 καὶ
3112 835 3362 906 περσέαι·
3419 834 3521 887 καὶ
3575 835 3759 901 τῶνγε

2196 933 2446 1004 δένδρων,
2476 930 2542 983 τὰ
2569 930 2666 1000 μέν
2696 930 2840 981 ἐστιν
2868 926 3113 996 ἀειθαλῆ,
3151 926 3188 979 ὃ.
3212 925 3308 978 καὶ
3345 922 3761 995 καταριθμήσεις

2197 1042 2278 1088 τις
2317 1019 2464 1076 εἶπεν
2508 1018 2644 1074 εἶναι
2678 1017 3160 1090 τεσσαρακαίδεκαο
3198 1016 3266 1069 τὰ
3317 1015 3376 1069 δὲ
3409 1016 3557 1086 :93};
3587 1016 3759 1087 καιρῆν

2197 1116 2366 1180 ἀνθεῖ,
2401 1114 2493 1167 καὶ
2530 1112 2860 1183 φυλλορροεῖο
2891 1109 2959 1162 τὰ
2989 1110 3047 1163 δὲ
3072 1109 3294 1161 πλεῖστα
3332 1108 3446 1161 τῶν
3481 1125 3545 1159 τε
3574 1107 3760 1176 9-4-03!-

2199 1225 2302 1260 νων
2327 1206 2420 1260 καὶ
2442 1203 2796 1274 γεννωμένων
2825 1202 2972 1254 ἐστὶν
3008 1200 3270 1271 ὠκύμορα
3293 1199 3393 1252 καὶ
3448 1198 3756 1270 βραχυτελῆ·

2197 1293 2272 1354 ὧν
2304 1301 2419 1352 ἐστι
2450 1299 2543 1351 καὶ
2572 1298 2600 1348 ὁ
2630 1296 2931 1366 ἅνθρωπος,
2958 1293 3034 1356 ὡς
3071 1288 3189 1344 εἶπέ
3221 1309 3304 1355 τις
3335 1291 3475 1359 ἁγία
3523 1289 3656 1360 περὶ
3678 1289 3758 1339 αἰ-

2198 1389 2531 1460 τοῦτραφήο
2557 1387 2778 1454 Βροτὸς
2814 1384 2883 1437 δὲ
2909 1382 3194 1453 ¹γεννητὸς
3220 1381 3549 1450 γυναικός,
3583 1378 3761 1445 ἐλιτίο

2200 1487 2341 1549 ὄιος.
2385 1480 2542 1534 Ἀλλά
2582 1481 2706 1542 τοὺς
2738 1478 3061 1547 συνδέσμους
3102 1477 3335 1545 φήσουσι
3391 1473 3512 1525 τῶν
3565 1471 3758 1541 ἀτόμων

2198 1575 2624 1637 διαλλάττοντας,
2653 1572 2857 1634 αἰτίους
2886 1570 3128 1638 γίνεσθαι
3163 1569 3263 1638 τῆς
3292 1568 3432 1637 περὶ
3457 1566 3567 1636 τὴν
3595 1565 3759 1633 διαμο-

2199 1670 2295 1741 νὴν
2320 1666 2614 1738 διαφθορᾶς
2644 1665 2777 1736 (55).
2830 1662 2913 1716 Τά
2956 1663 3053 1728 μὲν
3079 1660 3187 1731 γὰρ
3237 1661 3330 1712 ὑπ’
3363 1659 3563 1711 αὐτῶν
3607 1674 3759 1708 πεπα-

2200 1758 2435 1815 κνῶσθαι
2460 1757 2554 1810 καὶ
2583 1751 2978 1823 κατεσφίγχθαι
3000 1750 3236 1818 λέγεται,
3262 1749 3340 1811 ὡς
3363 1747 3553 1800 ταῦτα
3589 1761 3761 1798 παντε-

2199 1852 2304 1916 λῶς
2331 1848 2748 1904 δυσαπάλλακτα
2777 1843 3056 1914 γεγονέναι
3089 1841 3400 1912 πιλήματα·
3464 1839 3544 1892 τὰ
3595 1838 3651 1890 δε
3680 1855 3762 1907 μισ

2200 1944 2422 2015 νοτέραν
2462 1941 2557 1995 καὶ
2590 1938 2837 2010 χαλῶσαν
2895 1933 2995 2006 τὴν
3051 1934 3348 2002 συνάφειαν
3402 1931 3523 1984 τῶν
3573 1931 3760 2000 ἀτόμων

2200 2037 2285 2089 ἐπ’
2320 2033 2592 2102 ἔλαττονῆ
2621 2031 2780 2084 πλέον
2838 2027 3144 2098 ἐσχηκέναι,
3166 2025 3241 2089 ὼς
3273 2027 3307 2095 ἦ
3338 2024 3551 2076 Οᾶττον
3581 2024 3615 2091 ἦ
3651 2022 3761 2092 μετὰ

2201 2127 2332 2180 πολὺ
2361 2126 2459 2195 τῆς
2494 2125 2810 2194 κοσμήσεως
2838 2118 3015 2172 αὐτῶν
3058 2117 3412 2186 ἀφίστασθαι.
3446 2116 3570 2168 Καὶ
3591 2115 3657 2166 τὰ
3683 2113 3760 2180 μὲν

2201 2220 2265 2270 ὲκ
2285 2215 2498 2270 τοιῶνδε
2521 2215 2613 2269 καί¹
2639 2207 2744 2266 ὧδέ
2775 2228 2890 2274 πως
2944 2210 3458 2280 ὲσχηματισμένωνο
3520 2207 3594 2260 τὰ
3620 2206 3689 2269 δὲ,
3713 2202 3761 2265 ἐξ

2203 2309 2404 2380 ἑτέρων
2433 2305 2683 2378 ἑτεροίως
2725 2304 3078 2374 διακειμένων
3114 2300 3528 2373 συμμεμίχθαι.
3563 2297 3658 2364 Τίς
3685 2292 3758 2348 ὧν

2201 2404 2230 2455 ό
2254 2400 2572 2472 φιλοκρίνων
2603 2397 2737 2468 (56),
2768 2396 3098 2466 συναγείρων
3139 2412 3219 2459 τε,
3250 2394 3345 2447 καὶ
3379 2390 3656 2460 ἀναχέων,
3685 2387 3759 2439 καὶ

2201 2490 2361 2544 τάσδε
2391 2490 2487 2560 μὲν
2506 2488 2648 2541 οὓτω
2683 2486 2985 2539 συντάττων
3011 2487 3090 2548 εἰς
3109 2483 3281 2553 ἥλιον,
3311 2481 3414 2555 τὰς
3451 2481 3514 2533 δὲ
3549 2479 3668 2541 ὡδὶ,
3686 2475 3757 2527 ἵνα

2207 2585 2240 2654 ή
2274 2582 2470 2654 σελήνη
2493 2582 2734 2652 γένηται,
2776 2581 2869 2633 καὶ
2896 2579 3102 2632 ’ἐκαστα
3153 2574 3452 2645 συμφέρων
3490 2571 3644 2625 κατὰ
3678 2568 3761 2638 τὴν

2201 2675 2501 2747 οἰκειότητα
2529 2675 2665 2748 πρὸς
2697 2669 2923 2726 ἑκάστου
2971 2671 3132 2740 φύσιν
3183 2667 3450 2737 ἀστέροςς
3494 2663 3643 2717 Οὔτε
3668 2661 3760 2730 γὰρ

2203 2768 2255 2819 αἱ
2288 2766 2507 2836 ἡλιακαὶ
2538 2766 2633 2818 καὶ
2685 2762 2916 2824 τοσαίδε,
2951 2761 3044 2814 καὶ
3083 2757 3305 2819 τοιαίδε,
3361 2755 3458 2809 καὶ
3519 2748 3629 2806 ὧδέ
3660 2767 3761 2812 πως

2204 2857 2501 2918 ἑνωοεῖσαι,
2534 2855 2669 2927 πρὸς
2713 2851 2972 2925 ἐργασίαν
3028 2849 3252 2920 σελήνης
3294 2845 3360 2898 ἂν
3394 2842 3763 2911 καταϐεϐήκε-

2205 2966 2323 3012 σαν,
2352 2947 2460 3002 οὒτ’
2493 2946 2560 3001 ἂν
2595 2948 2651 3001 αἱ
2682 2945 2790 2999 τῶν
2835 2942 3164 3012 σεληνιακῶν
3213 2940 3432 3010 ἀτόμων
3470 2935 3762 2988 πλεκτάναι

537 3045 676 3097 alias
702 3043 865 3112 cogit,
895 3041 1124 3110 dissipat
1143 3040 1316 3094 alias?
1347 3039 1468 3108 quis
1491 3053 1584 3092 eas
1606 3038 1684 3092 sic
1710 3038 1850 3092 inter
1881 3051 1939 3090 se
1959 3051 2100 3090 com-

2202 3039 2494 3110 γεγόνεσάν
2522 3055 2648 3091 ποτε
2677 3036 2843 3107 ἣλιος·
2889 3035 3000 3087 ἀλλ’
3024 3034 3144 3086 οὐδὲ
3196 3029 3544 3103 ’Δρκτοῦρος,
3604 3028 3652 3079 εξ
3681 3029 3762 3077 καὶ

539 3139 726 3204 mittit,
770 3146 831 3190 ut
862 3135 986 3189 inde
1019 3135 1180 3188 modo
1206 3134 1309 3197 sol,
1348 3131 1512 3185 modo
1533 3131 1661 3183 luna
1685 3128 1926 3183 oriatur?
1978 3126 2100 3195 quis

537 3226 772 3296 denique
799 3225 1136 3294 singularum
1165 3223 1439 3276 stellarum
1465 3220 1696 3285 naturis,
1725 3233 1844 3288 quae
1869 3217 2103 3286 quibus-

536 3338 643 3392 que
688 3323 903 3393 propria
936 3331 1064 3376 sunt
1104 3320 1395 3390 nativaque
1420 3317 1750 3373 contribuit?
1814 3315 1924 3371 Nec
1958 3315 2102 3370 enim

540 3413 808 3482 profecto,
837 3421 932 3468 aut
955 3413 1162 3467 salares
1185 3411 1289 3466 illa;
1315 3420 1394 3465 tot
1419 3419 1580 3481 atque
1607 3408 1762 3474 tales,
1785 3421 1958 3477 eoque
1983 3421 2106 3460 eon-

532 3507 737 3575 junctre
763 3506 946 3572 modo,
972 3505 1038 3559 ad
1066 3505 1208 3558 lunae
1233 3503 1661 3572 procreationem
1696 3507 2103 3563 concurrerent,

537 3607 633 3653 aut
668 3597 944 3650 lunarium
992 3604 1298 3648 atomorum
1325 3607 1497 3647 nexus
1531 3591 1968 3662 solemunquam
1994 3588 2104 3644 elIi-

540 3699 746 3744 cerent.
812 3687 889 3742 Ita
933 3702 1034 3740 nec
1064 3688 1359 3750 Arcturus,
1395 3683 1609 3739 tametsi
1650 3683 1993 3752 perillustris,
2033 3696 2103 3735 ex

543 3795 754 3834 aurorae
776 3819 792 3845 ,
842 3794 943 3833 nec
965 3777 1183 3832 Orionis
1217 3793 1279 3830 ex
1315 3776 1511 3830 atomis
1546 3775 1808 3829 conﬂatas
1841 3788 1899 3828 se
1923 3771 2104 3827 Pleia-

536 3875 634 3929 des
680 3888 919 3942 unquam
968 3869 1285 3942 glorientur.
1343 3868 1608 3921 Prazclare
1631 3866 1774 3921 enim
1798 3863 1999 3918 Paulus
2030 3865 2104 3918 ita

537 3965 788 4020 distinxit
817 3985 830 4019 :
865 3964 1011 4025 Alia,
1049 3963 1245 4032 inquit,
1291 3962 1510 4016 claritas
1539 3959 1687 4027 solis,
1734 3968 1783 4013 et
1812 3958 1922 4011 alia
1948 3957 2105 4010 clari-

540 4069 622 4111 tas
652 4057 792 4112 luna:
812 4098 826 4122 ,
877 4067 927 4110 et
963 4055 1073 4109 alia
1107 4055 1328 4108 claritas
1352 4053 1627 4106 stellarum
1657 4067 1677 4104 :
1707 4049 1862 4104 stella
1897 4048 2037 4102 enim
2072 4063 2105 4100 a

532 4149 692 4204 stella
741 4149 918 4218 di/fert
950 4149 1006 4202 in
1043 4147 1213 4217 gloria
1259 4148 1321 4200 ¹⁷.
1360 4144 1608 4199 Profecto
1634 4183 1650 4208 ,
1684 4142 1729 4197 si
1759 4156 1946 4198 earum
1983 4148 2105 4193 tan-

533 4256 700 4312 quam
735 4241 1157 4294 iuanimatarum
1201 4236 1597 4302 coagmentatio
1630 4251 1793 4290 sensu
1834 4232 1983 4288 omni
2011 4247 2103 4286 ca-

538 4335 665 4399 ruit,
679 4333 950 4386 industrio
966 4346 1030 4385 ac
1044 4329 1216 4400 perito
1235 4329 1440 4383 artiﬁce
1453 4344 1590 4396 opus
1613 4327 1853 4381 habuere
1880 4343 1894 4379 :
1921 4324 1966 4378 si
1986 4332 2107 4376 tan-

2203 3133 2450 3205 λαμπρός
2474 3134 2608 3195 ἐστι,
2631 3130 2726 3192 τὰς
2749 3130 3053 3198 Ἑωσφόρου
3085 3121 3628 3197 μεγαλοφρονήσαετό
3647 3133 3765 3169 ποτε

2205 3229 2270 3281 ἂν
2310 3226 2543 3296 ἀτόμους
2598 3222 2758 3292 ἔχειν,
2808 3220 2927 3274 οὐδὲ
2969 3219 3066 3282 τὰς
3097 3217 3348 3289 Ὠρίωνος
3393 3214 3452 3268 αἱ
3491 3209 3762 3270 Πλειὰδες.

2204 3317 2400 3380 Καλῶς
2428 3317 2535 3386 γὰρ
2559 3317 2587 3368 ὁ
2609 3314 2815 3376 Παῦλος
2843 3311 3154 3372 διέστειλεν,
3172 3307 3361 3362 εἰπών·
3398 3307 3597 3370 Ἀλλη
3627 3302 3766 3364 δόξα

2205 3411 2402 3478 ἡλίου,
2432 3409 2526 3463 καὶ
2558 3407 2714 3473 ἄλλη
2759 3405 2909 3469 δόξα
2947 3403 3233 3468 σελήνης,
3266 3400 3365 3453 καὶ
3425 3398 3589 3462 ἄλλη
3627 3393 3766 3455 δόξα

2203 3502 2489 3569 ἀστέρων·
2516 3498 2710 3565 ἀστὴρ
2758 3497 2867 3567 γὰρ
2897 3495 3148 3562 ἀστέρος
3183 3491 3451 3560 διαφέρει
3486 3490 3557 3541 ἐν
3604 3485 3762 3552 δέξῃ-

2204 3593 2314 3647 Καὶ
2336 3593 2383 3645 εἰ
2415 3591 2512 3662 μὲν
2544 3587 2938 3656 ἀνεπαίσθητος
2984 3583 3161 3637 αὐτῶν
3186 3582 3261 3645 ὡς
3286 3581 3515 3650 ἀψύχων
3539 3580 3577 3648 ή
3641 3576 3766 3644 mir.-

2205 3683 2365 3754 πηξις
2389 3681 2624 3749 ἐγένετο,
2655 3678 3011 3748 ἐπιστήμονος
3037 3675 3228 3737 αὐταῖς
3271 3671 3378 3724 ἔδει
3418 3666 3762 3740 δημιουργοῦ·

2204 3775 2252 3826 ει
2279 3772 2335 3825 δὲ
2392 3769 2747 3842 ἀπροαίρετος
2791 3765 2884 3819 καὶ
2915 3766 3031 3818 κατ’
3055 3764 3320 3833 ἀνάγκην,
3371 3761 3452 3824 ὡς
3485 3760 3708 3828 ἀλόγων,
3734 3759 3764 3824 ἡ

2206 3861 2471 3935 σύνερξις,
2529 3859 2690 3929 σοφός
2728 3874 2812 3921 τις
2866 3855 3032 3918 αύτάς
3085 3853 3396 3924 ἁγελάρχης
3439 3849 3765 3904 συνελαύηκενι

2203 3954 2585 4024 ἐπεστάτησεν·
2621 3952 2670 4003 εἰ
2715 3949 2773 4002 δὲ
2823 3947 3078 4009 ἑκουσίως
3125 3944 3527 4016 ὲθελουργῆσαι
3583 3938 3768 4008 συγκέ-

2205 4046 2464 4106 κλεινται,
2499 4041 2798 4112 θαυμάσιός
2828 4056 2912 4102 τις
2939 4037 3117 4090 αὐτῶν
3159 4037 3509 4109 ἀρχιτέκτων
3558 4031 3764 4103 E97059-

2203 4139 2310 4192 τῶν
2334 4137 2700 4209 προηγήσατο’
2735 4135 2768 4206 ἢ
2808 4133 3054 4204 καθάπερ
3086 4130 3346 4194 εὔτακτος
3382 4128 3686 4202 στρατηγὸς

2206 4226 2702 4300 συγκεχωρημένην
2727 4224 2834 4295 (57)
2875 4224 3021 4277 εἴασε
3047 4223 3142 4294 τὴν
3173 4221 3460 4292 στρατιὰν,
3490 4220 3583 4273 καὶ
3603 4219 3766 4272 πάντα

2205 4319 2405 4394 ἀναμὶξ
2427 4361 2442 4387 ,
2476 4320 2590 4374 ἀλλ’
2623 4322 2681 4373 ὲν
2719 4319 2872 4392 μέρει
2904 4317 3000 4388 μὲν
3031 4316 3129 4386 τὴν
3163 4314 3350 4366 ἵππων
3370 4353 3388 4378 ,
3439 4312 3550 4384 ἰδία
3573 4313 3630 4365 δὲ
3653 4310 3767 4370 tua;

537 4439 700 4493 quam
729 4422 956 4476 rationis
977 4420 1300 4490 expertium,
1342 4432 1512 4472 vacua
1533 4415 1771 4478 consilii,
1806 4413 2096 4469 necessita-

2201 4414 2441 4477 ὁπλίτας,
2479 4413 2605 4476 τούς
2633 4429 2689 4465 τε
2729 4409 3043 4472 ἀκοντιστὰς
3092 4406 3212 4460 καθ’
3255 4406 3514 4469 ἑαυτοὺς,
3549 4406 3641 4458 καὶ
3665 4422 3765 4473 χω-

538 4528 646 4571 tem
674 4525 756 4571 est
780 4525 963 4572 secuta
987 4515 1296 4585 eonjunctio
1315 4532 1330 4581 ;
1349 4511 1608 4581 sapientis
1623 4509 1846 4565 omnino
1861 4506 2099 4578 pastoris

2202 4507 2285 4578 ρὶς
2321 4505 2446 4567 τοὺς
2477 4503 2716 4569 τοξότας,
2769 4501 2863 4556 καὶ
2887 4502 3012 4564 τοὺς
3044 4497 3396 4568 σφενδονίτας
3417 4538 3432 4561 ,
3461 4495 3590 4551 ἔνθα
3613 4495 3770 4565 ἐχρῆν

539 4626 700 4664 manu
739 4611 916 4664 locum
949 4609 1004 4663 in
1042 4623 1212 4662 unum
1234 4604 1482 4675 compelli
1508 4600 1844 4666 debuere;si
1865 4599 2099 4667 denique

2201 4597 2491 4662 διετάξατο,
2537 4596 2624 4649 ἵνα
2673 4593 2920 4663 ἀλλήλοις
2966 4594 3014 4644 oi
3068 4589 3358 4660 ὁμόσκευοι
3420 4589 3766 4659 συμμαχοῖεν.

535 4711 725 4772 suapte
755 4712 950 4771 sponte
977 4700 1339 4755 voluntarium
1373 4696 1441 4751 ad
1473 4711 1610 4766 opus
1647 4707 1966 4758 convenere,
1997 4691 2095 4745 ad-

2203 4694 2262 4745 Εὶ
2309 4692 2364 4743 δὲ
2406 4690 2562 4743 τοῦτο
2601 4687 2796 4758 χλεύην
2842 4685 3039 4740 οἴονται
3083 4684 3147 4736 τὸ
3187 4682 3566 4753 παράδειγμα,
3605 4677 3770 4734 διὰτί)

539 4795 801 4848 mirabilis
824 4794 981 4863 plane
1003 4793 1328 4847 architectus
1350 4802 1680 4858 operumque
1700 4799 1916 4856 praeses,
1935 4799 2094 4838 suum

535 4886 733 4955 cuique
758 4901 958 4942 munus
995 4899 1332 4955 pensumque
1365 4879 1682 4949 descripsit;
1715 4884 1808 4932 aut
1839 4875 2100 4945 quemad-

539 4979 756 5032 modum
782 4978 988 5032 ordinis
1013 4991 1204 5031 amans
1236 4976 1547 5042 imperator,
1579 4985 1685 5024 non
1725 4967 2096 5038 perturbatum

538 5070 753 5138 reliquit
773 5071 1089 5133 exercitum,
1113 5084 1217 5123 non
1241 5063 1549 5137 permisceri
1573 5062 1755 5116 omnia
1777 5074 1972 5129 passus
1993 5066 2096 5123 est,

533 5171 591 5214 at
610 5161 731 5216 loco
755 5160 855 5216 suo
875 5162 1132 5231 equitem,
1153 5159 1496 5229 peditemque
1515 5169 1615 5210 suo
1638 5153 1922 5222 disposuit,
1946 5151 2100 5220 jacu-

534 5253 734 5308 iatores
761 5254 886 5308 item
915 5267 1180 5315 seorsum,
1209 5262 1562 5317 seorsumque
1585 5242 1910 5315 sagittarios,
1940 5249 2101 5310 atque

2207 4783 2453 4854 μεγάλων
2509 4781 2772 4852 σωμάτων
2819 4797 2884 4849 με
2936 4777 3069 4850 πρὸς
3101 4775 3170 4830 τὰ
3215 4775 3484 4844 ἐλάχιστα
3525 4772 3772 4827 cassi-.53:

2205 4874 2526 4945 σύγκρισιν,
2560 4871 2651 4925 ἐπὶ
2675 4869 2742 4924 τὰ
2775 4869 3108 4940 σμικρότατα
3152 4865 3600 4938 μεταϐησόμεθα.
3639 4858 3774 4918 Εἴτε

2201 4967 2430 5030 τούτοις
2477 4962 2622 5029 ἑξῆς
2671 4959 2959 5028 ἐπιλέγειο
3021 4959 3083 5010 Εἰ
3139 4957 3197 5010 δὲ
3245 4957 3385 5026 μήτε
3429 4954 3599 5019 λέξις,

2205 5056 2421 5127 ἐκλογὴ,
2466 5056 2600 5126 μήτε
2645 5051 2796 5118 τάξις
2842 5051 3030 5113 αὐταῖς
3065 5049 3322 5120 ἄρχοντος
3358 5047 3656 5107 ὲπικέοιτο,
3691 5043 3772 5094 αὖ·

2205 5149 2294 5202 ταὶ
2331 5147 2387 5199 δὲ
2425 5148 2507 5215 ἐφ’
2555 5143 2758 5197 ὲαυτῶν
2803 5141 2969 5203 αὐτὰς
3005 5141 3068 5193 ὲκ
3093 5140 3190 5209 τῆς
3216 5137 3421 5207 πολλῆς
3450 5137 3595 5190 κατά
3624 5134 3771 5205 ῥύσιν

2205 5237 2408 5308 τύρϐης
2435 5234 2824 5294 διευθύνουσαι,
2845 5229 3048 5284 καὶτὸν
3073 5227 3238 5280 πολὺν
3265 5225 3373 5278 τῶν
3407 5222 3773 5294 συμπτιῖισεωτ

537 5345 627 5400 ubi
667 5361 764 5416 par
802 5353 918 5399 erat
946 5341 1338 5398 lundibnlarios
1369 5311 1672 5403 collocavit,
1700 5343 1758 5389 ut
1791 5332 1984 5389 similis
2011 5345 2098 5385 ar-

2205 5324 2568 5397 διεκπερῶσαι
2599 5322 2870 5394 κυδοιμὸν,
2901 5320 2956 5373 al
2982 5320 3161 5388 ὅμοιαι
3190 5318 3326 5387 πρὸς
3353 5315 3455 5379 τὰς
3475 5311 3775 5384 όμοίαςσεςί

611 5488 654 5518 ²⁶
683 5485 784 5541 Job
808 5501 921 5548 xxv,
952 5485 1002 5537 1.
1084 5479 1173 5534 "1
1208 5480 1332 5535 Cor.
1364 5495 1432 5534 xv
1454 5519 1468 5542 ,
1498 5476 1588 5533 4L

609 5628 719 5700 (iiii)
748 5624 1089 5700 Διαφθορᾶς.
1116 5623 1275 5700 Forte
1299 5621 1578 5700 διαφορᾶς..
1615 5619 1801 5700 thnn.

2282 5612 2391 5684 (37)
2427 5607 2981 5680 Σ-υγκεχωρημένην.
3015 5602 3176 5658 Forte
3203 5599 3639 5671 συγκεχυμένην.
3663 5597 3742 5651 ll.

610 5687 720 5758 (56')
754 5687 1130 5762 ψιλοκγέίνων.
1167 5696 1246 5746 An
1275 5687 1647 5760 φυλοκρινῶνῖδ
1674 5687 1749 5741 lo.
