3888 6490
169 279 327 335 1257

1128 276 1548 335 FRAGMENTA
1582 280 1669 335 EX
1713 282 1936 341 LIBRIS
1975 284 2060 341 DE
2094 285 2399 343 NATURA.

3264 288 3401 345 1258

162 399 287 453 ὑπὸ
320 394 411 452 τοῦ
452 395 609 461 Θεοῦ,
642 396 779 453 κατά
822 394 912 451 τὸν
961 396 1217 469 ποιητὴν,
1256 397 1490 466 ἄγοιντο,
1527 398 1740 470 συντρέ-

1846 413 2076 460 maturae
2100 404 2298 461 milites
2323 402 2485 461 simul
2511 402 2676 458 etiam
2701 415 2891 460 omnes
2914 399 3255 459 dimicarent.
3294 404 3398 472 Qui

160 505 327 561 χοιεν
356 489 413 543 δὲ
431 489 522 541 καὶ
551 488 989 557 συναγελάζοιντο
1006 529 1021 555 ,
1053 489 1409 561 γνωρίζουσαι
1430 490 1528 553 τάς
1550 507 1744 559 συγγε-

162 585 320 647 νεῖς’
370 581 650 653 θαυμαστή
700 599 763 651 γε
806 583 913 636 τῶν
942 581 1161 653 ἀτόμων
1200 581 1619 654 ήδημοκρατία,
1659 585 1743 635 δε-

164 672 478 744 ξιουμένων
514 690 571 726 τε
619 674 851 746 ἀλλήλας
882 675 989 728 τῶν
1021 673 1187 741 φίλων
1223 673 1315 726 καὶ
1350 673 1745 745 περιπλεκομέο

160 779 306 829 νων,
325 766 403 827 είς
428 763 554 834 μίαν
578 781 639 817 τε
661 763 1031 836 κατασκηνοῦν
1058 763 1329 817 συνοικίαν
1358 764 1743 834 ἐπειγομένωνο

165 857 274 911 καὶ
317 857 420 910 τῶν
456 857 575 927 μὲν,
602 856 1140 927 ἀποτετορνευμένων
1166 855 1483 927 αὐτομάτως
1506 857 1585 920 είς
1599 854 1747 926 ἥλιον

165 950 441 1021 φωστῆρα
472 947 659 1019 μέγαν,
684 948 771 1001 ἴνα
790 947 1055 1017 ποιήσωσι
1078 946 1176 1017 τὴν
1202 945 1412 1017 ἡμέραν
1434 961 1449 975 °
1472 944 1577 998 τῶν
1599 945 1747 1009 δέείς

164 1041 381 1104 πολλὰς
430 1038 559 1103 ἴσως
598 1038 908 1110 πυραμίδας
948 1037 1191 1109 ἀστέρων
1233 1036 1744 1107 ἀναπεφλεγμένων,

165 1131 263 1184 ἵνα
305 1132 399 1185 καὶ
429 1131 547 1186 ὅλον
580 1128 959 1200 στεφανώσωσι
997 1130 1089 1182 τὸν
1124 1128 1377 1201 οὐρανόν·
1408 1128 1516 1182 τῶν
1543 1128 1620 1189 δὲ,
1654 1146 1749 1181 πε-

167 1222 597 1296 ριτεταγμένων,
633 1223 717 1274 ἵνα
745 1220 904 1274 αὑτὸν
922 1219 1045 1289 εἱκῆ
1074 1218 1411 1292 στερεώσωσι
1447 1218 1541 1272 καὶ
1570 1236 1747 1289 καμα-

164 1313 394 1386 ρώσωσι
417 1312 507 1367 τὸν
530 1312 719 1385 αἰθέρα
750 1313 828 1376 είς
848 1312 946 1383 τὴν
967 1310 1074 1364 τῶν
1102 1310 1284 1380 φωστή
1295 1326 1400 1381 ρων
1425 1308 1745 1382 ἐπιϐάθραν,

162 1403 525 1472 ἐπιλέξωνταί
554 1422 613 1457 τε
643 1406 862 1468 ἑαυταῖς
896 1405 950 1457 αἱ
988 1402 1361 1473 συνομολογίαι
1384 1400 1491 1455 τῶν
1516 1401 1747 1472 χυδαίων

164 1498 399 1568 ἀτόμων
433 1497 599 1569 μονὰς
623 1537 639 1563 ,
678 1498 769 1551 καὶ
804 1494 1277 1569 διακληρώσωνται
1306 1495 1395 1548 τὸν
1426 1495 1650 1567 οὐρανὸν
1669 1497 1747 1559 είς

161 1590 354 1654 οῖκους
376 1590 590 1653 ἑαυταῖς
612 1590 705 1643 καὶ
724 1588 1011 1659 σταθμούς.
1039 1583 1183 1641 Εἶτα
1199 1588 1325 1656 μεθ’
1342 1585 1514 1655 ἕτερά
1534 1602 1741 1657 φησιν·

168 1681 327 1735 Ἀλλ’
372 1681 491 1736 ούδέ
532 1683 602 1736 τά
643 1681 849 1753 φανερά
886 1680 1082 1751 ὁρῶσιν
1110 1680 1261 1735 αὐτοὶ
1292 1681 1341 1734 οἱ
1389 1681 1740 1753 ἀπρονόητοι,

163 1771 370 1827 πολλοῦ
422 1791 485 1842 γε
525 1743 701 1827 δέουσι
736 1743 961 1844 συνορᾷν
1009 1772 1101 1826 καὶ
1150 1772 1218 1825 τά
1261 1743 1483 1843 ἀφανῆ..
1509 1743 1743 1827 Ἐοίκασί.
1777 1743 1819 1805 Β

162 1866 282 1938 γὰρ
332 1866 464 1939 μηδὲ
502 1866 762 1930 ἀνατολὰς
798 1863 1120 1919 ὑποπτεύειν
1145 1865 1499 1935 τεταγμένας,
1522 1864 1617 1919 καὶ
1649 1865 1742 1918 δύ-

164 1974 312 2022 σεις,
379 1961 516 2030 μήτε
570 1958 678 2014 τῶν
726 1958 916 2021 ἄλλων,
972 1957 1108 2027 μήτε
1155 1956 1252 2021 τάς
1302 1956 1743 2028 ἐκπρεπεστάτας

163 2048 359 2119 ἡλίου·
415 2049 547 2120 μηδέ
594 2047 824 2121 χρῆσθαι
856 2048 973 2110 ταῖς
1022 2045 1089 2098 δι’
1136 2044 1316 2099 αὐτῶν
1349 2045 1743 2119 δεδωρημέναις

161 2139 480 2212 ἀνθρώποις
505 2141 862 2213 ἐπικουρίαις,
887 2138 1234 2212 ἀναπτομένῃ
1265 2138 1362 2209 μὲν
1386 2140 1465 2201 είς
1486 2140 1743 2210 ἐργασίαν

164 2234 390 2305 ἡμέρᾳ,
448 2232 864 2306 ἐπηλυγαζούσῃ
905 2232 960 2285 δέ
1017 2230 1169 2285 νυκτὶ
1225 2230 1360 2302 πρὸς
1406 2230 1741 2285 ἀνάπαυλαν.

175 2326 601 2389 Ἐξελεύσεται
642 2324 753 2394 γὰρ
777 2323 1103 2392 ἄνθρωπος,
1145 2322 1329 2392 φησὶν,
1356 2322 1452 2375 ἐπὶ
1480 2322 1547 2375 τὸ
1570 2323 1744 2391 ἔργον

162 2416 381 2480 αὑτοῦ,
413 2415 509 2469 καὶ
527 2415 624 2470 ἐπὶ
646 2415 757 2484 τὴν
783 2415 1069 2484 ἐργασίαν
1091 2414 1296 2478 αὐτοῦ,
1326 2414 1436 2481 ἓως
1462 2414 1739 2485 ἑσπέρας.

178 2507 325 2560 Ἀλλ’
355 2508 473 2561 οὐδὲ
501 2508 597 2579 τὴν
631 2507 822 2579 ἑτέραν
853 2504 1236 2559 ἐπισκοποῦσιν
1255 2506 1616 2579 ἀνακύκλησιν
1640 2508 1740 2563 αὑ-

163 2596 289 2662 τοῦ,
323 2596 442 2651 καθ’
471 2598 536 2668 ἢν
561 2597 867 2670 ὡρισμένας
886 2596 1053 2668 ῶρας,
1082 2596 1177 2650 καὶ
1197 2597 1418 2669 καιροὺς
1436 2597 1741 2671 εὐκαίρους,

166 2693 272 2747 καὶ
297 2693 500 2766 τροπὰς
518 2693 972 2765 ἀπαρατρέπτους
1010 2691 1281 2756 ἀποτελεῖ,
1318 2692 1425 2746 ὑπὸ
1455 2693 1562 2746 τῶν
1593 2694 1651 2760 ἐξ
1668 2688 1743 2749 ὧν

172 2781 324 2837 ἐστιν
368 2782 583 2855 ἀτόμων
631 2782 1011 2854 ὁδηγούμενος.
1071 2779 1229 2834 Ἀλλά
1265 2780 1366 2834 κᾶν
1406 2780 1478 2853 μὴ
1519 2780 1742 2837 θέλωσιν

168 2876 220 2929 οἱ
251 2875 488 2940 δείλαιοι,
529 2876 603 2939 ὡς
633 2875 677 2928 δ’
716 2871 807 2930 οὖν
833 2873 1197 2937 πιστεύουσιν,
1241 2874 1292 2926 oi
1325 2873 1541 2940 δίκαιοι,
1572 2873 1742 2946 μέγας

171 2968 378 3040 Κύριος
404 2970 433 3022 ό
470 2969 700 3039 ποιήσας
728 2967 908 3032 αὐτὸν,
951 2967 1044 3021 καὶ⁵
1074 2968 1132 3021 ἐν
1173 2965 1348 3035 λόγοις
1389 2966 1549 3020 αὑτοῦ
1585 2968 1742 3021 κατέ-

170 3076 376 3113 σπευσε
406 3060 645 3132 πορείαν.
676 3062 897 3131 Ἀτομοι
920 3061 1027 3131 γὰρ
1054 3060 1183 3131 ύμῖν
1198 3060 1439 3131 χειμῶνα
1465 3060 1736 3132 φέρουσιν,
1766 3084 1808 3144 c

168 3146 217 3207 ὧ
255 3153 477 3223 τυφλοὶ,
518 3153 610 3207 καὶ
640 3154 826 3217 ὑετοὺς
845 3191 860 3216 ,
890 3153 977 3206 ἵνα
1003 3153 1036 3223 ἡ
1068 3154 1138 3224 γῆ
1169 3152 1372 3225 τροφὰς
1400 3152 1526 3223 ὑμῖν
1552 3168 1612 3205 τε
1640 3152 1733 3204 καὶ

172 3249 310 3301 πᾶσι
332 3250 439 3311 τοῖς
469 3249 553 3300 ἐπ’
582 3247 762 3310 αὐτοῖς
786 3245 941 3311 ζώοις
970 3247 1070 3317 ἀνῇ
1094 3262 1108 3310 ;
1144 3244 1313 3317 Θέρος
1339 3262 1397 3298 τε
1426 3245 1738 3313 ἐπάγουσιν,

170 3340 262 3392 ῖνα
307 3339 400 3392 καλ⁸
436 3340 560 3403 τοὺς
597 3337 706 3391 ἀπὸ
743 3338 972 3409 δένδρων
1012 3339 1091 3398 είς
1123 3337 1333 3409 τρυφὴν
1372 3334 1614 3408 καρποὺς
1650 3334 1751 3403 λάτ

170 3433 340 3503 6ητε;
376 3434 483 3487 Καὶ
513 3434 600 3487 διὰ
633 3432 685 3487 τί
723 3431 796 3504 μὴ
838 3434 957 3495 ταῖς
986 3431 1207 3503 ἀτόμοις
1252 3433 1603 3503 προσκυνεῖτε
1648 3433 1741 3485 καὶ

171 3526 330 3579 θύετε
363 3529 482 3590 ταῖς
511 3522 1181 3598 ἐπικάρποις;’Δχάριστοί
1212 3542 1295 3594 γε,
1332 3524 1464 3595 μηδέ
1492 3523 1740 3595 ἀπαρχὰς

168 3620 360 3683 αὐταῖς
400 3620 584 3687 ὀλίγας
624 3622 729 3674 τῶν
761 3620 970 3673 πολλῶν
1013 3618 1248 3690 δωρεῶν,
1300 3618 1363 3681 ἀς
1397 3618 1525 3689 παρ’
1563 3616 1741 3671 αὐτῶν

168 3714 349 3785 ἔχετε,
392 3714 759 3787 ἀφιεροῦντες.
808 3713 921 3767 Καὶ
969 3713 1117 3784 μετὰ
1157 3711 1389 3782 βραχέα
1415 3713 1634 3781 φησιν’
1682 3712 1739 3767 '0

166 3806 229 3859 δὲ
260 3806 556 3878 πολυεθνὴς
586 3808 679 3861 καὶ
705 3804 1006 3877 πολυμιγὴς
1035 3805 1201 3875 δῆμος
1218 3805 1326 3858 τῶν
1355 3803 1616 3875 ἀστέρων,
1648 3805 1740 3870 οὓς

164 3898 227 3952 ai.
258 3895 612 3960 πολυπλανεῖς
649 3897 741 3951 καὶ
774 3898 859 3950 ἀεὶ
897 3894 1374 3968 διαρριπτούμεναι
1409 3894 1740 3963 συνέστησαν

168 3990 385 4059 ἄτομοι,
425 3987 607 4060 χώρας
648 3989 858 4051 ἐαυτοῖς
909 3988 1048 4042 κατά
1077 3986 1350 4058 συνθήκας
1384 3987 1736 4050 ἀπεδάσαντο,

166 4080 359 4151 ὥσπερ
389 4080 643 4133 ἀποικίαν
676 4079 769 4132 καὶ
812 4079 1083 4132 συνοικίαν
1125 4078 1456 4148 ἀνελόμενοι,
1514 4076 1739 4148 μηδενὸς

162 4168 410 4225 οἰκιστοῦ
460 4169 590 4242 μηδέ
635 4169 1013 4223 οἰκοδεσπότου
1054 4168 1445 4239 προεστηκότος
1469 4184 1482 4197 ο
1527 4168 1739 4231 καὶτὰς

166 4264 310 4332 πρὸς
354 4263 481 4324 τοὺς
519 4260 922 4331 πλησιοχώρους
946 4260 1291 4329 γειτνιάσεις,
1322 4258 1607 4329 ἐνωμότως
1645 4260 1739 4312 καὶ

168 4356 293 4425 μετ’
344 4355 563 4425 εἰρήνης
608 4353 992 4422 φυλάττουσιν,
1043 4352 1140 4422 οὐχ
1191 4351 1606 4421 ὑπερὸαίνοντες
1645 4350 1738 4415 οὓς

164 4447 268 4500 καὶ
297 4445 579 4517 εἰλήφασιν
606 4444 665 4509 ἐξ
691 4446 861 4517 ἀρχῆς
889 4445 1049 4516 ὄρους
1067 4483 1081 4508 ,
1111 4442 1300 4516 ῶσπερ
1330 4444 1434 4497 ὑπὸ
1459 4443 1565 4497 τῶν
1593 4442 1737 4513 βασι-

160 4540 332 4594 λίδων
370 4538 587 4608 ἀτόμων
628 4536 1085 4607 νομοθετούμενοι.
1155 4536 1290 4589 Ἀλλ’
1340 4537 1439 4589 οὐκ
1482 4535 1739 4606 ἄρχουσιν

164 4635 412 4696 ἐκεῖναι·
456 4631 573 4695 πῶς
614 4630 722 4703 γάρ
762 4631 816 4683 αἱ
864 4631 984 4701 μηδ’
1018 4626 1207 4695 οὔσαις
1269 4630 1427 4685 Ἀλλά
1463 4630 1621 4684 θείων
1655 4631 1739 4683 λο-

163 4724 309 4795 γίων
337 4722 671 4777 ἐπακούσατε
690 4738 705 4752 ·
754 4723 855 4777 Ἐν
883 4720 1074 4789 κρίσει
1114 4722 1335 4790 Κυρίου
1365 4722 1435 4775 τὰ
1460 4720 1602 4792 ἔργα
1628 4726 1736 4777 αὺ-

168 4816 306 4873 τοῦ.
364 4815 479 4870 Ἀπ’
509 4813 700 4883 ἀρχῆς
747 4814 847 4869 καὶ
897 4814 1016 4869 ἀπὸ
1054 4814 1348 4882 ποιήσεως
1377 4814 1591 4877 αὐτῶν,
1624 4815 1739 4870 διέσ

168 4911 382 4965 areale
413 4907 656 4977 μερίδας
699 4905 924 4961 αὐτῶν·
955 4906 1295 4975 ἐκόσμησεν
1332 4907 1419 4973 εὶς
1462 4906 1642 4961 αἰῶνα
1666 4910 1736 4963 τὰ

169 5003 325 5071 ἔργα
348 5000 554 5065 αὑτοῦ,
594 5000 689 5055 καὶ
720 4999 826 5066 τὰς
852 4999 1040 5068 ἀρχὰς
1069 4998 1265 5054 αὐτῶν
1286 5002 1372 5067 είς
1401 5001 1606 5070 γενεὰς
1630 5002 1736 5053 αὐ-

166 5093 315 5151 τῶν.
340 5125 408 5135 -
434 5092 544 5147 Καὶ
564 5093 713 5163 μετὰ
735 5091 966 5162 ,ϐραχέα
990 5092 1211 5162 φησιν’
1242 5094 1313 5146 Ἢ
1340 5093 1423 5157 τίς
1449 5093 1620 5157 οὕτως
1643 5094 1737 5147 εὐ-

159 5186 385 5248 τάκτως
406 5183 627 5238 πεδιάδα
656 5184 759 5253 γῆν
785 5181 1037 5236 διώδευσε
1064 5182 1293 5252 φάλαγξ,
1323 5183 1383 5237 οὐ
1419 5183 1735 5255 προθέοντος

160 5276 401 5340 οὐδενὸς,
417 5276 517 5330 οὒκ
531 5274 946 5347 ἐκτρεπομένου,
962 5274 1060 5328 οὐκ
1074 5274 1583 5345 ἐμποδιστατοῦντος
1599 5277 1732 5348 (58),

160 5372 272 5427 οὐκ
323 5367 747 5439 ἀπολειπομένου
796 5366 902 5421 τῶν
957 5367 1559 5439 συμπαρατεταγμένων
1584 5383 1599 5396 θ
1658 5366 1734 5432 ὡς

162 5461 458 5530 ισόστοιχοι
490 5459 583 5513 καὶ
610 5456 1054 5521 συνασπιδοῦντες
1078 5457 1165 5512 ἀεὶ
1194 5460 1444 5530 προΐασιν
1467 5500 1482 5526 ,
1515 5460 1544 5511 ό
1579 5475 1734 5514 συνε-

243 5578 286 5608 ¹⁶
324 5573 469 5630 Psal.
498 5592 615 5643 cm,
641 5575 731 5630 23.

1846 493 1892 547 si
1935 494 2220 549 ridiculum
2269 495 2372 549 hoc
2413 492 2643 563 exempli
2681 508 2851 563 genus
2879 508 3000 549 esse
3026 494 3224 559 dicent,
3256 496 3400 566 quod

1846 600 2163 657 magnorum
2207 602 2493 656 corporum
2541 601 2665 641 cum
2716 585 2955 640 minimis
3000 588 3399 643 contentionem

1846 676 2157 743 instituam;
2194 678 2260 732 ad
2305 678 2526 732 minima
2559 677 2858 735 veniemus.
2908 676 3036 731 Ηαισ
3060 678 3168 735 ille.
3201 679 3400 745 Quibus

1844 766 2028 822 deinde
2057 785 2171 839 qua:
2201 782 2488 839 sequuntur
2517 769 2759 838 adjungit
2783 783 2802 822 :
2834 767 2986 835 Quod
3017 769 3063 824 si
3097 770 3282 834 ducis,
3314 772 3401 823 in-

1845 859 1981 928 quit,
2013 876 2188 930 neque
2218 876 2436 926 nomen,
2466 875 2640 930 neque
2669 860 2927 924 delectus,
2960 876 3134 931 neque
3161 862 3401 918 colloca-

1845 948 1921 1003 tio
1945 949 1999 1003 in
2024 965 2210 1005 earum
2242 966 2361 1006 sese
2398 951 2819 1006 moderationem
2860 952 3084 1021 ingessit
3112 971 3126 1007 :
3160 962 3217 1008 at
3248 954 3404 1024 ipsar-

1847 1048 1953 1093 met
1980 1048 2169 1109 suopte
2218 1040 2461 1107 arbitrio,
2495 1056 2559 1096 ex
2586 1042 2749 1095 multa
2781 1056 2901 1097 sese
2947 1043 3185 1097 continui
3221 1042 3401 1098 ﬂuxus

1846 1130 2003 1184 turba
2046 1132 2379 1201 colligentes,
2428 1148 2730 1204 magnoque
2765 1134 3033 1189 variarum
3059 1136 3402 1191 commissio-

1847 1237 1975 1276 num
2003 1221 2234 1278 tumultu
2276 1223 2561 1291 declinato,
2615 1226 2818 1281 similes
2850 1243 2974 1291 cum
3024 1228 3291 1283 similibus
3325 1228 3399 1282 ita

1847 1314 2218 1380 convenerint,
2261 1324 2321 1370 ut
2346 1325 2521 1371 tamen
2552 1332 2658 1371 non
2689 1317 2854 1371 divini
2881 1316 3128 1373 Numinis
3155 1320 3396 1383 ductum,

1845 1407 2294 1476 quemadmodum
2318 1416 2470 1477 poeta
2499 1408 2669 1479 lingit,
2697 1420 2893 1464 secuta:
2922 1410 3026 1465 siut
3048 1426 3062 1475 ;
3086 1410 3177 1465 sed
3197 1413 3397 1481 potius,

1847 1513 2137 1568 cum,sese
2187 1496 2373 1553 amnes
2420 1506 2608 1554 mutuo
2655 1509 3003 1571 cognatasque
3048 1512 3291 1569 nossent,
3342 1504 3398 1557 in

1847 1605 2014 1643 unum
2048 1590 2205 1660 quasi
2252 1604 2465 1662 gregem
2507 1590 2894 1656 conﬂuxerint;
2943 1607 3025 1646 na:
3066 1592 3397 1647 admirabilis

1849 1679 1962 1733 haec
1995 1689 2298 1734 atomorum
2338 1680 2667 1735 democratia
2709 1690 2823 1745 est;
2868 1680 2957 1733 ubi
2985 1682 3172 1736 amica:
3195 1682 3397 1736 amicas

1844 1771 2112 1840 excipiant
2140 1780 2299 1841 atque
2329 1771 2772 1840 complectantur,
2812 1771 2990 1843 itaque
3014 1788 3178 1826 unum
3211 1772 3262 1825 in
3295 1774 3396 1826 do-

1842 1863 2104 1917 micilium
2137 1863 2422 1917 convolent
2452 1863 2734 1917 universae.
2774 1862 2910 1917 Tum
2951 1872 3112 1918 certa:
3150 1861 3394 1934 quaedam

1842 1955 2006 2020 ultro,
2040 1954 2093 2007 in
2122 1955 2288 2009 solem
2320 1970 2571 2025 magnum
2605 1954 2735 2009 illud
2778 1956 2951 2023 sidus,
2981 1955 3216 2025 quodam
3242 1955 3398 2025 quasi

1843 2048 2001 2094 torno
2033 2040 2409 2105 rotundentur,
2441 2052 2499 2096 ut
2522 2042 2664 2098 diem
2686 2042 2951 2111 eilieiaut;
2982 2046 3119 2112 alim,
3147 2060 3255 2115 quo
3284 2060 3396 2100 cm-

1842 2130 1955 2187 ium
1997 2133 2265 2204 integrum
2298 2140 2579 2197 coronent,
2627 2134 2681 2188 in
2712 2134 2974 2204 plurimas
3024 2136 3269 2191 fortassis
3311 2152 3400 2191 ar—

1841 2224 2081 2280 dentium
2132 2227 2407 2281 stellarum
2459 2227 2762 2298 pyramides
2812 2230 3140 2299 ﬁgurentur;
3191 2231 3309 2285 alia:
3343 2233 3398 2284 in

1842 2318 2027 2373 orbem
2070 2319 2308 2391 digestae,
2340 2322 2611 2375 lirmitatis
2657 2321 2859 2390 aliquid
2909 2322 3095 2376 aetheri
3150 2322 3395 2387 aﬂ'erant,

1842 2425 2014 2480 eoque
2049 2412 2335 2467 testudinis
2361 2412 2415 2465 in
2446 2427 2649 2466 morem
2677 2424 3078 2477 concamerato,
3110 2414 3398 2469 subeunti-

1842 2502 1946 2557 bus
1986 2503 2109 2558 cmli
2158 2503 2477 2566 luminibus,
2525 2504 2787 2574 quosdam
2826 2507 2981 2575 quasi
3026 2506 3223 2577 gradus
3266 2523 3401 2578 prae-

1841 2603 2081 2663 struant;
2104 2595 2345 2666 adeoque
2360 2596 2662 2667 vulgarium
2688 2606 2992 2651 atomorum
3020 2597 3283 2653 factiones
3300 2598 3399 2653 do—

1842 2688 2044 2744 micilia
2082 2688 2185 2743 sibi
2206 2688 2466 2759 deligant,
2502 2704 2565 2744 ae
2602 2690 2797 2744 cmlum
2837 2690 3013 2759 ipsum
3064 2690 3309 2760 proprias
3342 2692 3396 2743 in

1841 2781 2031 2836 domos
2062 2790 2223 2851 atque
2251 2781 2510 2836 stationes
2536 2782 2675 2835 inter
2696 2796 2816 2837 sese
2845 2784 3166 2851 partiantur.
3192 2781 3395 2836 Rurqu

1841 2871 1963 2928 aliis
1995 2874 2308 2943 quibusdam
2342 2873 2629 2941 interjectis
2660 2889 2679 2927 :
2714 2873 2844 2939 lmo,
2893 2875 3084 2945 inquit,
3130 2889 3199 2929 ne
3237 2874 3397 2931 obvia

1841 2963 2057 3031 quidem
2083 2965 2265 3019 vident
2286 2965 2533 3019 homines
2564 2965 2872 3035 improvidi.
2898 2976 3132 3021 'tantum
3162 2966 3311 3021 abest
3339 2978 3399 3021 ut

1842 3055 2050 3109 occulta
2082 3054 2418 3124 provideant.
2463 3053 2661 3125 Utique
2694 3065 2839 3110 ratos
2889 3056 3010 3112 illos
3054 3066 3219 3128 atque
3258 3071 3395 3112 cou-

1840 3154 2044 3199 stantes
2089 3156 2241 3199 ortus
2290 3146 2579 3214 obitusque
2621 3146 2880 3214 siderum,
2936 3163 3045 3204 non
3088 3159 3403 3205 cancrorum

1840 3238 2023 3304 modo,
2051 3252 2235 3292 verum
2263 3239 2425 3291 etiam
2460 3237 2592 3292 solis
2628 3238 2871 3292 omnium
2909 3239 3298 3307 nobilissimos,
3328 3255 3398 3294 ue

1839 3328 2167 3399 suspicando
2198 3328 2420 3399 quidem
2469 3328 2717 3383 videntur
2761 3330 3021 3400 attingere
3049 3346 3064 3385 :
3093 3346 3193 3385 nec
3227 3331 3294 3386 iis
3317 3332 3395 3385 uti

1839 3421 2336 3487 commoditatibus,
2360 3420 2496 3492 quas
2528 3422 2804 3476 hominum
2827 3423 3008 3491 generi
3034 3423 3396 3493 suppeditant,

1838 3521 1934 3567 aut
1977 3513 2274 3569 collucente
2303 3514 2371 3569 ad
2402 3514 2711 3569 obeundum
2758 3529 2894 3585 opus
2938 3515 3044 3581 die,
3097 3522 3193 3570 aut
3238 3525 3398 3570 nocte

1838 3604 2036 3676 quietis
2054 3606 2328 3675 capiendae
2354 3621 2521 3661 causa
2544 3616 2718 3661 terras
2746 3617 3023 3676 opacante.
3053 3605 3237 3661 Exibit
3256 3609 3397 3661 enim

1838 3698 2011 3763 homo,
2047 3698 2242 3768 inquit,
2278 3697 2346 3751 ad
2383 3714 2512 3767 opus
2547 3712 2723 3763 suum,
2763 3706 2813 3751 et
2848 3697 3203 3766 operationem
3243 3712 3396 3750 suam

1839 3801 1999 3854 usque
2025 3784 2093 3838 ad
2128 3800 2390 3851 vesperum
2422 3785 2486 3841 ¹⁸.
2517 3783 2627 3840 Nec
2653 3799 2779 3839 vero
2804 3788 3028 3840 alteram
3055 3785 3175 3855 ejus
3199 3785 3400 3841 circui-

1840 3878 2040 3933 tionem
2067 3878 2370 3943 attendunt,
2394 3891 2501 3945 qua
2527 3876 2811 3932 distinctas
2835 3886 3177 3946 tempestates
3198 3892 3398 3946 oppor-

1836 3978 2077 4042 tunaque
2104 3979 2362 4040 tempora,
2388 3984 2487 4024 nec
2506 3984 2734 4039 usquam
2754 3969 2993 4025 detortas
3016 3970 3396 4024 conversiones

1836 4065 2057 4130 ciliciat;
2100 4078 2290 4119 earum
2336 4062 2583 4117 videlicet
2615 4077 2678 4117 ex
2734 4062 2935 4131 quibus
2972 4062 3090 4130 ipse
3125 4060 3394 4126 consistit,

1837 4166 2141 4212 atomorum
2172 4158 2393 4211 ductum
2423 4164 2661 4211 secutus.
2687 4154 2757 4208 At
2777 4155 3074 4215 enimvero,
3102 4153 3268 4207 velint
3294 4168 3396 4206 no-

1838 4251 1939 4304 lint
1971 4249 2219 4305 homines
2264 4264 2455 4319 reapse
2498 4248 2704 4313 miseri,
2753 4248 3029 4317 quomodo
3066 4255 3244 4302 tamen
3291 4246 3397 4301 sibi

1837 4344 2185 4414 persuadent,
2218 4342 2516 4414 mquissimi
2546 4360 2561 4397 :
2589 4357 2821 4412 magnus
2857 4342 2946 4397 ille
2990 4342 3254 4397 Dominus
3302 4342 3395 4411 qui

1769 4426 1810 4482 Β
1838 4437 2006 4492 solem
2036 4436 2256 4500 creavit,
2288 4436 2571 4491 verborum
2601 4449 2818 4504 quoque
2841 4450 3061 4489 suorum
3084 4435 3135 4488 vi
3154 4433 3397 4503 ejusdem

1838 4543 2061 4583 cursum
2094 4528 2357 4582 incitavit.
2387 4528 2567 4582 Atomi
2614 4528 2830 4598 quippe,
2880 4528 3111 4582 hiemem
3148 4528 3325 4588 vobis,
3364 4540 3398 4576 ο

1838 4620 1987 4682 cerei,
2022 4635 2087 4675 ac
2110 4620 2319 4690 pluvias
2355 4618 2607 4682 aﬂ'erunt,
2640 4628 2698 4672 ut
2725 4619 2981 4673 alimenta
3003 4617 3159 4672 vobis
3197 4631 3263 4670 ac
3293 4629 3400 4669 c2-

1837 4712 1969 4767 teris
2002 4712 2367 4766 animantibus
2398 4721 2542 4764 terra
2574 4711 2869 4781 producat?
2889 4709 3210 4763 Earumdem
3237 4715 3398 4762 restas

1836 4803 2154 4859 beneﬁcium
2181 4811 2284 4867 est,
2310 4810 2370 4856 ut
2395 4802 2650 4856 arborum
2673 4802 2835 4855 etiam
2853 4800 2921 4854 ad
2945 4800 3167 4855 delicias
3186 4797 3397 4852 fructus

1839 4896 2145 4968 colligatis?
2182 4894 2379 4962 Quidni
2418 4910 2581 4963 porro
2614 4893 2810 4949 atomis
2832 4892 3047 4963 frugum
3074 4891 3398 4963 praesidibus

1839 4988 2069 5045 solemni
2113 4988 2259 5043 cultu
2311 5002 2463 5041 sacra
2508 4985 2720 5040 facitis?
2762 4984 3018 5040 Homines
3052 4984 3268 5055 ingrati,
3303 4984 3398 5053 qui

1841 5090 1920 5136 tot
1943 5081 2211 5136 donorum
2239 5093 2363 5148 qua:
2396 5077 2465 5132 ab
2498 5078 2568 5132 iis
2599 5077 2866 5147 accipitis,
2895 5093 2962 5131 ne
2986 5076 3255 5147 primitias
3284 5075 3403 5145 qui-

1838 5172 1959 5227 dem
1995 5169 2255 5242 pauculas
2284 5169 2632 5224 consecretis.
2672 5167 2974 5239 Iterumque
3022 5178 3136 5237 post
3183 5184 3353 5238 pauca
3376 5181 3396 5221 :

1838 5264 2116 5334 Multiplex
2151 5270 2351 5327 autem,
2388 5261 2578 5331 inquit,
2605 5261 2695 5315 illa
2726 5262 3009 5316 stellarum
3039 5261 3205 5324 natio,
3234 5274 3396 5329 quam

1838 5358 2082 5414 erratieze
2103 5371 2167 5411 ac
2191 5370 2405 5425 semper
2432 5355 2538 5408 huc
2564 5355 2798 5425 illucque
2821 5356 3060 5422 disjectae
3087 5352 3252 5407 atomi
3276 5366 3403 5406 con-

1840 5451 2122 5518 ﬂaverunt,
2150 5452 2307 5506 sedes
2337 5448 2451 5521 ipsa
2477 5448 2601 5515 sibi,
2622 5448 2849 5505 colonia:
2877 5447 3158 5517 cujusdam
3193 5453 3287 5499 aut
3309 5457 3402 5500 so-

240 5722 354 5795 (58)
397 5721 1019 5790 Ἐμποὸιστατοῦντος.
1060 5722 1213 5778 Forte
1240 5719 1779 5792 ἐμποδοστατοῦντες.
1804 5714 1992 5773 Vtcu.

493 5816 753 5875 l‘A'ruOL.
797 5816 911 5877 Gn.
952 5817 1035 5879 Χ.

3042 5794 3121 5855 b0
