3888 6480
477 276 615 352 12:9

1458 294 1514 349 S.
1555 292 1847 351 DIO‘NYSII
1885 293 2193 351 EPISCOPI
2230 289 2697 348 ALEXANDRINI

3580 281 3721 335 ιὲδο

469 412 707 467 dalitatis
733 425 904 479 more,
945 410 1219 467 communi
1257 424 1323 464 ex
1366 419 1526 480 pacto
1567 413 1865 476 distribuit,
1912 413 2030 467 nul-

2137 414 2231 485 κής
2262 430 2319 465 τε
2356 412 2448 466 καὶ
2488 411 2824 472 ἁδιάστατος,
2857 407 3117 480 ἀόχλητός
3168 425 3224 463 τε
3274 409 3364 463 καὶ
3416 407 3723 480 ἀνεμπόδι-

468 505 575 560 lius
607 515 701 560 aut
728 504 1044 571 conditoris,
1077 512 1171 559 aut
1197 502 1415 561 familiae
1445 506 1692 574 praesidis
1730 506 2027 562 auctorita-

470 606 577 651 tem
602 608 809 653 secuta.
833 597 1009 668 Atque
1034 597 1104 650 ita
1122 596 1396 667 deinceps,
1414 607 1601 653 mutua
1623 613 1745 653 cum
1766 598 2029 663 ﬁnitimis,

468 692 720 763 religiose
742 690 955 761 altaque
983 705 1105 744 cum
1135 705 1288 760 pace,
1323 704 1512 745 omnes
1544 691 1757 744 vicinia:
1780 690 1904 759 jura
1937 707 2032 747 cu-

468 784 733 850 stodiunt,
767 798 867 838 nec
892 798 986 840 eos
1014 798 1251 853 unquam
1283 783 1418 838 ﬁnes
1440 798 1578 853 quos
1602 784 1671 837 ab
1700 783 1853 837 initio
1876 798 2032 840 acce-

468 890 619 944 pere,
656 876 995 939 transiliunt,
1038 890 1265 945 prorsus
1302 890 1365 929 ac
1393 875 1439 929 si
1471 877 1741 946 regiarum
1770 890 2035 946 quarum-

467 963 591 1016 dam
626 970 931 1017 atomorum
963 963 1170 1034 legibus
1191 973 1524 1033 regerentur.
1552 964 1619 1019 At
1641 978 1748 1020 non
1769 966 2035 1035 imperant

466 1054 570 1108 illae
597 1052 860 1123 proiecto.
895 1053 1165 1129 Qulenim
1204 1054 1490 1125 imperent,
1529 1073 1650 1128 qua:
1684 1057 1846 1111 nulla:
1875 1057 2034 1111 sunt?

467 1146 666 1200 Audite
702 1162 830 1201 vero
872 1148 1179 1203 divinorum
1210 1150 1556 1205 oraculorum
1587 1164 1770 1204 vocem
1800 1167 1814 1205 :
1850 1148 1914 1203 In
1936 1149 2033 1218 ju-

465 1238 605 1290 dicio
660 1237 873 1291 Domini
918 1255 1073 1309 opera
1118 1241 1250 1310 ejus.
1302 1240 1379 1295 Ab
1428 1241 1581 1295 initio
1622 1249 1671 1293 et
1706 1257 1739 1293 a
1775 1241 2034 1293 creatione

465 1330 696 1397 ipsorum
726 1330 967 1384 distinxit
997 1342 1170 1400 partes
1194 1331 1427 1386 illorum.
1458 1330 1677 1386 Ornavit
1702 1332 1757 1384 in
1780 1341 2032 1385 wternum

468 1438 623 1492 opera
667 1440 785 1489 sua,
832 1434 879 1477 et
934 1426 1193 1494 principia
1235 1442 1413 1479 eorum
1445 1426 1499 1479 in
1546 1426 2032 1495 generationes'eo-

463 1527 582 1569 rum
603 1516 663 1570 “.
692 1548 763 1557 —
785 1517 1046 1586 Additque
1075 1518 1231 1587 paulo
1266 1530 1381 1587 post
1413 1534 1432 1571 :
1476 1518 1585 1571 Aut
1633 1533 1753 1588 qua:
1792 1533 2031 1587 unquam

422 1662 433 1677 ι
467 1607 635 1674 acies,
656 1610 845 1679 inquit,
878 1620 985 1663 tam
1012 1611 1314 1679 composito
1340 1610 1553 1682 agmine
1572 1626 1821 1681 campum
1854 1619 2033 1667 trans-

468 1701 635 1765 misit,
667 1710 1030 1771 praecurrente
1060 1703 1294 1767 nemine,
1336 1703 1553 1758 nemine
1595 1704 1897 1770 decrrante,
1939 1719 2035 1758 ne-

2130 522 2253 567 στος
2287 505 2395 558 τῶν
2430 504 2642 576 ἄστρων
2678 501 2938 573 στρατόςς
2986 501 3123 553 Ἀλλ’
3158 502 3432 571 ἐγκλίσεσι
3467 502 3567 555 καὶ
3603 500 3721 559 ταῖς

2130 599 2209 661 εἰς
2253 598 2478 666 πλάγιον
2531 596 2764 660 νεόσεσι,
2821 594 3060 664 γίνονταί
3108 612 3252 657 τινες
3298 594 3481 647 αὐτῶν
3532 590 3722 661 ἄδηλοι

2130 690 2348 762 τροπαί.
2377 690 2488 741 Καὶ
2521 688 2625 761 μὴν
2647 686 2733 740 ἀεὶ
2764 686 3221 758 καιροφυλακοῖκςι
3248 685 3342 739 καὶ
3373 684 3719 757 προορῶνται

2130 783 2228 847 τὰς
2271 781 2473 854 χώρας,
2523 779 2643 833 ὅθεν
2684 780 2909 842 ἕκαστος
2938 778 3169 847 ἀνίησιν,
3201 778 3250 829 οἱ
3276 776 3489 837 τούτοις
3518 791 3719 845 προσεο

2133 876 2411 947 σχηκότες.
2440 874 2786 949 ,Εἰπάτωσαν
2827 867 2919 925 οὖν
2962 872 3095 941 ἡμῖν
3142 870 3189 922 οἱ
3219 868 3328 922 τῶν
3367 868 3597 938 ἀτόμων
3633 883 3718 918 το-

2135 970 2253 1039 μεῖς
2271 1008 2285 1031 ,
2316 967 2410 1020 καὶ
2437 967 2544 1019 τῶν
2570 964 2791 1038 ἀμερῶν
2824 963 3103 1035 μερισταὶ,
3139 962 3233 1015 καὶ
3264 961 3375 1013 τῶν
3404 960 3719 1014 ἀσυνθέτων

2134 1061 2486 1127 συναγωγεῖς,
2522 1058 2615 1111 καὶ
2661 1057 2729 1111 τὰ
2771 1055 2971 1124 ἄπειρα
3021 1051 3423 1125 περενοοῦντες,
3481 1051 3650 1103 πόθεν
3687 1053 3718 1119 ἡ

2132 1148 2497 1220 κυκλοφορικὴ
2540 1148 2647 1201 τῶν
2704 1147 2967 1216 οὐρανίων
3024 1146 3237 1199 συνοδία
3291 1145 3392 1198 καὶ
3446 1144 3716 1214 rapx/Eia,

2131 1238 2230 1309 οὐκ
2266 1240 2382 1302 ένδς
2409 1239 2728 1310 παραλόγως
2757 1239 2974 1309 ἀτόμων
3011 1238 3297 1307 πήγματος
3322 1233 3474 1287 οὕτω
3512 1232 3720 1303 σφενδο-

2132 1330 2421 1395 νισθὲντος,
2458 1330 2591 1383 ἀλλὰ
2626 1331 2877 1385 τοσούτου
2912 1328 3164 1384 κυκλικοῦ
3210 1326 3374 1399 χοροῦ
3416 1325 3569 1379 κατὰ
3597 1324 3719 1397 ῥυθ-

2137 1422 2234 1493 μὸν
2289 1416 2383 1475 ἴσα
2446 1420 2718 1492 βαίνοντος
2775 1423 2868 1476 καὶ
2905 1419 3464 1495 συμπεριδινουμένου
3485 1434 3501 1447 ο
3563 1416 3720 1469 πόθεν

2132 1514 2462 1578 ἀδιάτακτοι,
2512 1513 2606 1567 καὶ
2635 1514 3007 1586 ἁπροαίρετοι,
3051 1515 3144 1568 καὶ
3186 1512 3434 1581 ἀγνῶτες
3480 1510 3720 1579 ἀλλήλων

2135 1607 2464 1678 συνέμποροι
2514 1605 2861 1676 παμπληθεῖς
2914 1606 3472 1678 συνανεστράφησαν;
3532 1602 3721 1665 Καλῶς

2134 1718 2193 1753 τε
2238 1701 2266 1753 ὁ
2318 1699 2602 1772 προφήτης
2647 1700 2704 1752 ὲν
2754 1701 2867 1763 τοῖς
2907 1700 3183 1763 ἀδυνάτοις
3222 1700 3316 1752 καὶ
3358 1697 3721 1758 ἁνενδεξκτοις

466 1793 612 1848 mine
648 1803 743 1847 aut
777 1793 1218 1863 impedimentum
1253 1793 1510 1849 offerente
1540 1794 1772 1859 cancris,
1808 1802 1901 1848 aut
1929 1809 2033 1848 cae-

2137 1791 2310 1856 ἕταξε,
2366 1789 2547 1855 ξένους
2576 1789 2676 1844 κει)
2718 1789 2810 1843 δύο
2863 1791 3212 1862 συνδραμεῖν·
3269 1790 3721 1857 Εὶσπερεύσστ-

467 1895 614 1941 teros
660 1885 842 1941 minus
889 1894 1255 1957 consequente
1289 1904 1301 1941 :
1334 1902 1496 1957 quam
1547 1886 1776 1957 azquatis
1818 1902 2033 1955 semper

2137 1900 2229 1937 ται
2259 1883 2387 1954 ('59),
2420 1884 2570 1954 φησὶ,
2602 1884 2709 1937 δύο
2730 1883 2829 1937 ἐπὶ
2858 1883 2924 1937 τὸ
2948 1885 3093 1939 αὐτὸ
3122 1883 3462 1953 κατάλυμα,
3497 1883 3615 1937 ἐὰν

465 1977 767 2043 ordinibus,
805 1985 859 2031 et
890 1978 1093 2047 pressis
1136 1978 1300 2033 veluti
1338 1978 1561 2050 clypeis,
1597 1988 1892 2049 perpetuus
1920 1978 2030 2042 ille,

2137 1976 2509 2046 γνωρίσωσιν
2550 1976 2801 2044 ἑαυτούς
2818 1993 2836 2041 ;
3480 1984 3491 1997 ‘

465 2080 566 2119 nec
609 2082 840 2137 usquam
879 2078 971 2123 aut
1007 2070 1361 2139 interruptus,
1402 2080 1496 2125 aut
1539 2071 1910 2141 perturbatus,
1973 2076 2068 2123 aut
2105 2068 2259 2123 obice
2314 2068 2424 2122 ullo
2480 2067 3089 2126 retardatus'astrorum
3128 2071 3402 2126 exercitus
3441 2068 3721 2142 progredi-

464 2164 593 2217 tur?
638 2164 802 2234 Atqui
848 2168 1171 2223 transversis
1220 2168 1547 2237 quibusdam
1592 2168 2034 2224 inclinationibus
2092 2182 2155 2222 ac
2200 2166 2444 2230 nutibus,
2495 2166 2742 2222 obscura:
2794 2183 3204 2238 nonnumquam
3268 2182 3464 2241 eorum
3544 2175 3720 2220 muta-

463 2255 638 2311 tiones
670 2256 824 2312 ﬁunt.
858 2256 1011 2315 Esto.
1044 2258 1267 2331 Semper
1296 2270 1477 2317 tamen
1543 2270 1597 2316 et
1652 2262 1862 2331 justum
1916 2260 2207 2315 observant
2255 2268 2499 2329 tempus,
2546 2268 2601 2313 et
2648 2259 2764 2314 loca
2810 2260 2901 2314 illa
2964 2262 3107 2315 unde
3173 2259 3385 2331 singula
3445 2258 3720 2318 oriuntur,

460 2350 821 2420 prospiciunt,
872 2353 967 2423 qui
1012 2353 1117 2409 hoc
1174 2354 1226 2409 in
1259 2356 1424 2411 studii
1453 2372 1647 2427 genere
1675 2365 2031 2426 occupantur.
2095 2354 2289 2411 Dicant
2331 2370 2458 2426 ergo
2498 2355 2655 2410 nobis
2696 2364 3002 2411 atomorum
3058 2366 3298 2411 sectores
3357 2355 3595 2426 egregii,
3634 2352 3720 2424 qui

460 2452 515 2499 et
546 2443 793 2499 dividunt
822 2444 1121 2514 individua,
1154 2457 1208 2502 et
1233 2448 1423 2504 dissita
1454 2450 1805 2520 sejunctaque
1824 2448 2163 2516 consociant,
2221 2458 2276 2503 et
2332 2448 2538 2504 inﬁnita
2584 2458 2764 2504 mente
2809 2449 3105 2515 deﬁniunt,
3173 2448 3317 2504 unde
3357 2449 3589 2503 tandem
3616 2446 3720 2501 cir-

462 2541 663 2597 cularis
688 2542 777 2598 ille
812 2558 993 2599 rerum
1036 2545 1335 2601 caelestium
1373 2546 1806 2617 conjunctusque
1838 2563 2031 2603 cursus
2075 2555 2237 2617 atque
2264 2547 2548 2601 conversio
2593 2564 2606 2600 :
2642 2562 2765 2601 cum
2800 2562 2905 2601 non
2955 2562 3063 2601 una
3108 2546 3353 2617 quazdam
3407 2552 3719 2599 atomorum

462 2646 642 2692 strues
687 2639 765 2694 sic
809 2650 1067 2710 tanquam
1118 2639 1285 2698 funda
1329 2651 1531 2698 temere
1568 2643 2019 2709 circumrotetur;
2060 2643 2154 2699 sed
2189 2634 2394 2699 chorus
2439 2642 2531 2698 ille
2566 2652 2751 2713 tantus
2809 2644 3108 2714 composito
3162 2641 3467 2713 aequalique
3530 2655 3719 2710 gressu

460 2735 738 2804 procedat,
766 2746 819 2791 et
845 2736 898 2791 in
924 2738 1111 2793 orbem
1149 2754 1256 2793 una
1280 2739 1525 2795 volvatur
1553 2757 1567 2795 :
1597 2750 1691 2795 aut
1722 2755 1831 2810 quo
1862 2749 2020 2811 pacto
2054 2741 2168 2809 ﬁat,
2197 2749 2257 2795 ut
2312 2750 2419 2795 tam
2447 2740 2602 2795 multi
2634 2741 2877 2811 ejusdem
2928 2741 3029 2795 via:
3075 2741 3230 2808 socii,
3284 2757 3315 2796 a
3372 2742 3599 2794 nemine
3638 2754 3722 2793 or.

463 2826 654 2893 dinati,
691 2830 839 2885 nullo
871 2832 1080 2901 praediti
1133 2833 1384 2899 consilio,
1443 2832 1655 2904 sibique
1702 2842 1892 2887 mutuo
1950 2832 2116 2903 ignoti
2156 2847 2365 2899 omnes,
2401 2842 2550 2888 tanta
2580 2834 2743 2888 simul
2772 2835 3058 2890 concordia
3088 2844 3397 2906 susceptum
3432 2834 3537 2888 iter
3560 2833 3722 2887 conﬁ-

465 2919 640 2975 ciant?
672 2922 875 2990 Merito,
896 2926 1041 2981 enim
1083 2928 1363 2997 propheta,
1408 2928 1509 2983 hoc
1563 2939 1820 2997 tanquam
1864 2942 1931 2981 ex
1964 2928 2030 2982 iis
2065 2943 2234 2981 unum
2261 2943 2382 2997 quae
2428 2928 2682 2983 necﬁeri
2733 2944 2833 2984 nec
2865 2930 3075 2984 ostendi
3113 2938 3337 3000 queant,
3380 2926 3640 2998 protulit,
3668 2939 3723 2981 ut

463 3016 572 3071 duo
614 3019 773 3074 simul
811 3022 1079 3093 peregrini
1121 3032 1474 3091 concurrant,
1518 3023 1646 3079 dum
1682 3024 1758 3078 ait
1795 3041 1807 3077 :
1852 3021 2233 3076 Convenientne
2269 3020 2373 3074 duo
2414 3022 2467 3074 in
2506 3022 2643 3075 idem
2670 3023 3032 3089 diversorium,
3088 3024 3136 3076 si
3172 3040 3273 3076 non
3298 3039 3352 3076 se
3384 3032 3575 3075 mutuo
3632 3036 3720 3074 no-

469 3115 634 3168 verint
654 3118 677 3172 ?

1202 3214 1295 3270 IV.

690 3302 839 3359 Idem
876 3321 939 3361 ea:
970 3308 1196 3362 hominis
1230 3316 1427 3363 natura
1455 3309 1803 3363 concluditur.

539 3397 617 3453 Ac
648 3413 713 3452 ne
742 3414 801 3453 se
824 3400 1041 3469 quidem
1070 3401 1239 3471 ipsos,
1267 3416 1365 3457 nec
1392 3417 1511 3471 qua:
1540 3410 1751 3458 natura!
1777 3417 1889 3457 suae
1909 3414 2035 3471 pro-

465 3490 582 3557 pria
632 3500 781 3557 sunt,
829 3491 918 3547 isti
966 3493 1168 3548 vident.
1219 3493 1276 3549 Si
1306 3496 1430 3564 quis
1460 3496 1605 3549 enim
1630 3510 1696 3550 ex
1726 3495 1832 3549 illis
1859 3495 2036 3564 impia:

464 3583 723 3638 doctrinae
774 3585 1130 3655 principibus,
1162 3587 1287 3656 quis
1348 3588 1589 3654 tandem,
1626 3597 1721 3642 aut
1765 3588 1908 3643 unde
1942 3589 2033 3650 sit,

463 3687 590 3727 cum
627 3675 813 3728 animo
844 3684 1116 3745 reputaret
1146 3694 1280 3744 suo;
1312 3678 1358 3734 is
1385 3678 1630 3748 profecto
1662 3681 1809 3735 velut
1838 3683 1889 3735 in
1922 3682 2037 3736 sui-

465 3773 576 3819 met
605 3779 823 3821 sensum
849 3767 1134 3833 adductus,
1159 3780 1376 3839 saperet
1394 3771 1560 3836 illico,
1579 3780 1741 3841 atque
1764 3773 1864 3828 hac
1883 3788 2033 3836 voce,

465 3872 575 3912 non
621 3858 735 3928 jam
776 3868 1010 3926 atomos,
1062 3862 1155 3917 sed
1203 3861 1417 3919 Patrem
1466 3863 1581 3934 ipse
1614 3864 2037 3935 Creatoremque

464 3964 627 4004 suum
653 3951 947 4021 appellaret
979 3971 992 4007 :
1023 3952 1216 4009 Manus
1255 3964 1361 4010 tua:
1390 3956 1746 4025 formaverunt
1774 3974 1852 4011 me
1876 3967 1923 4011 et
1958 3958 2037 4026 {e-

464 4050 645 4095 cerunt
672 4059 753 4097 me
782 4044 848 4097 ’°.
880 4043 945 4100 Et
967 4046 1431 4116 quemadmodum
1456 4048 1594 4104 alter
1626 4048 1715 4104 ille
1740 4049 2035 4104 admirabi-

464 4132 569 4186 lem
621 4133 916 4190 molitionis
958 4151 1071 4192 suae
1119 4138 1387 4194 rationem
1431 4148 1735 4211 pertexeret
1783 4159 1796 4196 :
1850 4141 2036 4196 Nonne

463 4224 599 4276 sicut
627 4225 709 4279 lac
733 4227 963 4281 mulsisti
984 4246 1083 4297 me,
1107 4239 1158 4284 et
1189 4232 1324 4285 sicut
1346 4248 1555 4286 caseum
1586 4249 1665 4294 me
1694 4234 1992 4305 coagulasti
2012 4236 2038 4289 ἲ

468 4312 612 4368 Pelle
652 4326 703 4369 et
742 4334 896 4373 carne
924 4320 1124 4375 restisti
1156 4339 1256 4388 me,
1305 4324 1509 4378 ossibus
1550 4334 1598 4379 et
1628 4329 1797 4380 nervis
1828 4344 2036 4397 compe-

466 4407 593 4476 gisti
647 4424 764 4473 me;
801 4412 962 4465 vitam
986 4421 1035 4466 et
1056 4415 1482 4470 [misericordiam
1520 4418 1755 4472 tribuisti
1801 4419 1950 4483 mihi,
1987 4428 2036 4473 et

464 4500 698 4553 visitatio
722 4511 817 4555 tua
847 4504 1128 4559 custodiuit
1158 4508 1401 4575 spiritum
1425 4525 1595 4563 meum
1618 4512 1684 4565 ²¹.
1705 4510 1847 4578 Quot
1867 4512 2033 4577 enim,

2890 3214 2961 3264 A'.

2457 3301 2588 3357 Ἀπὸ
2634 3301 2746 3370 τῆς
2787 3301 3098 3368 ἀνθρώπου
3143 3300 3401 3369 φύσεως.

2206 3397 2316 3451 Καὶ
2356 3395 2479 3450 οὔτε
2515 3395 2771 3458 ἑαυτοὺς,
2807 3392 2929 3447 οὔτε
2958 3392 3028 3446 τὰ
3056 3392 3180 3463 περὶ
3224 3394 3452 3455 ἑαυτοὺς
3492 3392 3713 3464 ὁρῶσιν.

2135 3491 2199 3543 Εἰ
2232 3490 2339 3561 γάρ
2372 3506 2456 3552 τις
2492 3488 2599 3541 τῶν
2642 3485 2959 3558 ἀρχηγετῶν
2988 3484 3079 3538 τοῦ
3106 3485 3206 3555 τῆς
3231 3484 3488 3549 ἀσεϐείας
3514 3486 3717 3552 ταύτης

2133 3582 2418 3652 δόγματος,
2463 3578 2654 3632 ἑαυτὸν
2692 3579 2838 3641 ὅστις
2881 3576 2998 3631 ἐστὶ
3037 3578 3129 3631 καὶ
3167 3577 3307 3639 ὅθεν,
3352 3578 3716 3645 ἀνελογίζετο.

2136 3674 2431 3745 ἐφρόνησεν
2476 3672 2541 3726 ἂν
2578 3670 2767 3741 ὥσπερ
2814 3670 3212 3741 συνῃσθημένος
3256 3671 3478 3733 ἑαυτοῦ,
3517 3674 3614 3724 καὶ
3646 3668 3717 3725 εἴ·

2137 3782 2236 3818 πεν
2267 3768 2326 3819 οὐ
2354 3763 2489 3835 πρὸς
2517 3763 2616 3827 τὰς
2640 3763 2896 3834 ἀτόμους,
2919 3763 3053 3816 ἀλλὰ
3080 3763 3216 3833 πρὸς
3241 3763 3332 3815 τὸν
3357 3765 3584 3836 Πατέρα
3629 3764 3717 3818 καὶ

2136 3856 2371 3928 Ποιητὴν
2415 3855 2640 3909 ἑαυτοῦο
2691 3858 2760 3909 Αἱ
2808 3855 2999 3925 χεῖρές
3028 3872 3143 3909 σου
3166 3856 3451 3910 ἕπλασὰι·
3475 3875 3554 3926 με
3626 3858 3717 3911 καὶ

2134 3947 2431 4016 ἐποίησάν
2451 3965 2545 4017 με.
2581 3948 2691 4002 Καὶ
2715 3946 3257 4019 προσεπεξεργάσατο
3294 3948 3361 4001 ἂν
3388 3950 3600 4013 ἐκεῖνος
3633 3950 3715 4003 τὸν

2136 4039 2436 4111 θαυμάσιον
2488 4039 2587 4110 τῆς
2627 4040 2897 4110 ποιήσεως
2949 4037 3139 4091 ἑαυτοῦ
3185 4040 3420 4110 τρόπον·
3482 4044 3561 4094 ’Ἡ
3609 4044 3714 4107 οὐχ

2134 4131 2333 4201 ὥσπερ
2362 4130 2516 4202 γάλα
2538 4148 2615 4201 με
2645 4130 2929 4200 ἤμελξας,
2960 4130 3265 4199 ἐτὺρωσας
3290 4131 3359 4185 δέ
3378 4150 3458 4201 με
3487 4129 3591 4186 ἶσα
3622 4151 3715 4187 τυ-

2127 4223 2253 4293 ρῷ;
2289 4222 2477 4293 Δέρμα
2500 4223 2598 4275 καὶ
2628 4221 2804 4290 κρέας
2824 4239 2901 4291 με
2928 4222 3241 4287 ἐνέδυσας,
3272 4223 3517 4289 ὀστέοις
3543 4224 3609 4277 δὲ
3624 4223 3716 4279 χαι

2141 4318 2374 4385 νεύροις
2397 4334 2473 4385 με
2498 4314 2767 4383 ἑνεῒρας;
2811 4313 2962 4383 ζωὴν
2987 4313 3056 4366 δὲ
3084 4314 3181 4367 καὶ
3205 4314 3384 4380 ἕλεος
3407 4318 3555 4371 ἔθου
3585 4317 3716 4383 παρ’

2135 4408 2285 4478 ἐμοὶ,
2321 4409 2359 4471 ἠ
2383 4407 2449 4460 δὲ
2464 4406 2762 4473 ἐπισκοπή
2792 4423 2907 4460 σου
2934 4404 3199 4474 ἐφύλαξέ
3224 4424 3349 4475 μου
3372 4408 3441 4461 τὸ
3463 4408 3713 4477 πνεῦμα.

2136 4500 2316 4563 Πόσας
2344 4500 2451 4571 γὰρ
2465 4501 2699 4571 ἀτόμους
2719 4502 2746 4553 ό
2789 4498 3006 4561 Ἐπικού
3016 4516 3107 4565 ρου
3122 4499 3325 4571 πατὴρ,
3347 4504 3445 4553 καὶ
3471 4501 3714 4563 muni;

466 4594 686 4656 amabo,
727 4601 783 4647 et
833 4594 1140 4663 cujusmodi
1177 4606 1391 4652 atomos
1436 4597 1655 4668 Epicuri
1692 4609 1845 4669 pater
1874 4615 1941 4653 ex
1976 4614 2034 4654 se

2139 4592 2196 4658 ἐξ
2238 4593 2430 4645 ἑαυτοῦ
2461 4592 2738 4663 προέχεεν,
2776 4591 2850 4644 ὅτ’
2877 4592 3320 4662 ἀπεσπέρμαινεν
3360 4594 3712 4665 Ἐπίκουρον;

463 4682 726 4752 profudit,
760 4698 884 4738 cum
929 4684 1223 4754 Epicurum
1275 4688 1710 4757 proseminaret?
1749 4687 2035 4754 Quomodo

466 4773 522 4827 in
558 4774 748 4828 matris
781 4775 901 4846 ejus
932 4776 1112 4831 alvum
1158 4777 1385 4832 inclusa:
1432 4780 1769 4842 coaluerunt,
1807 4778 2033 4848 ﬁguram

464 4879 529 4920 ac
556 4864 788 4921 formam
812 4878 1158 4939 acceperunt,
1184 4880 1473 4925 commota:
1499 4879 1646 4936 sunt,
1677 4879 1850 4926 aucta:
1875 4871 2037 4925 sunt?

466 4958 751 5024 Quomodo
779 4976 871 5016 ros
893 4961 981 5017 ille
1007 4964 1355 5035 perexiguus,
1385 4965 1645 5034 plurimas
1672 4964 1892 5035 Epicuri
1923 4974 2037 5019 ato-

468 5066 589 5108 mos
632 5067 757 5107 cum
802 5055 1145 5122 .advocassct,
1201 5058 1337 5111 alias
1391 5059 1444 5111 in
1491 5066 1668 5113 cutem
1704 5072 2033 5128 carnemque

538 5217 777 5289 ".Eccli.
804 5235 914 5286 xvr,
950 5218 1040 5285 26,
1062 5219 1154 5276 27.

538 5360 650 5433 (39)
674 5363 1201 5429 Εῐσπορεύσονται.
1225 5364 1356 5431 Quze
1388 5375 1500 5420 tum
1546 5366 1655 5431 hic,
1689 5376 1801 5422 tum
1838 5369 1891 5421 in
1932 5368 2038 5425 ﬁne

456 5448 587 5501 cap.
616 5434 650 5486 5
678 5444 936 5503 tanquam
965 5437 1422 5505 eisacrisLitteris
1453 5439 1619 5505 petita
1653 5438 1818 5493 refert
1846 5438 1898 5494 S.
1932 5439 2037 5494 Pa-

470 5512 571 5573 ter,
606 5504 852 5573 nuspiam
881 5504 1023 5557 κατὰ
1050 5504 1191 5569 λέξιν
1221 5504 1535 5561 occurrunt.
1564 5508 1831 5562 Czeterum
1868 5509 2035 5564 Euse-

468 5572 591 5624 bius
640 5572 723 5627 his
776 5575 1012 5628 recitatis
1048 5574 1351 5629 subinlcrt:
1388 5597 1406 5626 ι
1447 5576 1571 5632 Haec
1616 5580 1723 5633 ille.
1761 5579 1865 5644 Qui
1912 5596 2033 5633 sex-

470 5652 624 5694 centa
675 5644 1162 5718 alia_pcr_sccutus,
1212 5657 1521 5715 susceptum
1568 5651 1820 5717 deinceps
1874 5665 2032 5718 argu-

469 5721 711 5765 mentum
764 5714 1010 5781 pluribus
1058 5714 1385 5780 conlirmat,
1426 5719 1619 5786 partim
1679 5714 1771 5774 cx'
1801 5714 2029 5787 singulis

2140 4688 2251 4741 Ka‘t
2268 4688 2381 4751 πῶς
2412 4689 2490 4751 εἰς
2514 4688 2611 4759 τὴν
2646 4685 2901 4758 μητρῴαν
2918 4686 3083 4741 αὐτοῦ
3107 4686 3592 4742 κατακλεισθεῖσαι
3622 4708 3711 4757 γαν

2142 4781 2327 4853 στέρα,
2354 4781 2752 4850 συνεπάγησαν,
2775 4780 3270 4852 ἐσχηματίσθησαν,
3291 4781 3713 4853 ὲμορςςὼθησαν,

2141 4876 2486 4947 ἐκινήθησαν,
2516 4873 2889 4946 ηυξύνθησαν;
2918 4874 3026 4927 Καὶ
3051 4873 3250 4936 πολλὰς
3288 4876 3321 4943 ή
3358 4875 3595 4946 βραχεῖα
3624 4879 3715 4947 ῥα-

2141 4967 2223 5030 νὶς
2272 4966 2370 5029 τὰς
2426 4964 2741 5036 Ἑπικούρου
2787 4966 3023 5034 ἀτόμους
3055 4964 3577 5037 προσκαλεσαμένη,
3620 4966 3713 5027 τὰς

2145 5060 2242 5132 μὲν
2278 5060 2611 5130 ἐπημφίεσεν
2654 5058 2829 5112 αὐτῶν
2861 5058 3034 5129 δέρμα
3065 5058 3157 5148 xal
3186 5059 3366 5130 σάρκα
3394 5060 3710 5135 γενομένας⁹

1253 5222 1298 5252 ³ο
1330 5219 1473 5277 Psal.
1496 5236 1683 5288 cxvm,
1721 5222 1808 5277 75.
1886 5225 1929 5255 ²¹
1965 5223 2067 5280 Job
2098 5241 2153 5291 κ,
2183 5224 2371 5279 10-12.

2140 5368 2379 5450 universi
2423 5368 2962 5450 elcmcntis,_partim
3004 5383 3070 5424 ex
3122 5368 3301 5450 omnis
3334 5370 3568 5450 generis
3601 5370 3713 5450 ani-

2140 5442 2402 5494 mantium
2437 5456 2557 5508 quae
2594 5441 3059 5508 complectuntur,
3093 5441 3474 5504 multitudine;
3514 5442 3710 5509 partim

2137 5525 2202 5564 ex
2239 5512 2352 5579 ipsa
2385 5526 2600 5580 quoque
2627 5510 2863 5564 hominis
2894 5522 3083 5564 natura
3114 5510 3472 5579 depromptis.
3513 5510 3557 5563 Ε
3591 5513 3713 5578 qui-

2138 5580 2239 5650 bus
2275 5582 2365 5633 ubi
2399 5596 2567 5649 pauca
2594 5581 2836 5649 quaedam
2869 5581 3243 5649 superioribus
3277 5582 3569 5639 addidero,
3598 5593 3708 5634 tum

2134 5651 2351 5705 demum
2382 5652 2507 5706 huic
2540 5652 2677 5703 libro
2709 5652 2866 5721 ﬁnem
2899 5652 3195 5721 imponam.
3222 5652 3297 5705 Ac
3324 5667 3385 5705 ne
3412 5667 3465 5704 se
3495 5654 3710 5720 quidm

2133 5721 2294 5789 ipsos,
2335 5722 2529 5791 inquit,
2564 5740 2582 5772 ι
2618 5731 2720 5777 etc.
2746 5719 2913 5775 GALL.
