3888 6518
156 344 295 400 ίὲϐὶ
1148 345 1568 406 FRAGMENTA
1605 347 1697 404 EX
1732 345 1955 406 LiBRlS
1997 348 2083 404 DE
2120 348 2429 409 NATURA.
3279 356 3417 413 1269.

150 472 280 531 ταῖς
320 468 377 522 δέ
427 467 776 533 ὀστωθείσαις
807 468 1125 541 ὴνὼρθωται
1149 512 1164 537 ,
1210 472 1330 536 ταῖς
1380 472 1438 527 δὲ
1486 472 1700 526 συνεδέθ

1808 510 1815 533 ι
1845 480 2081 528 mutatas
2105 474 2450 539 convestivit,
2482 474 2606 530 aliis
2639 474 2695 530 in
2725 490 2850 533 ossa
2881 478 3159 535 conversis
3183 482 3416 535 erectior

151 561 707 634 νευροῤῥαφουμένης
755 562 837 618 Τά
895 581 955 617 τε
1018 565 1152 618 ἄλλα
1186 565 1356 619 πολλά
1411 566 1545 638 μέλη
1570 607 1585 630 ,
1644 584 1705 621 κα

1838 580 1903 620 ac
1947 567 2174 622 solidior
2211 568 2478 634 constitit,
2511 570 2633 625 aliis
2672 586 2962 627 nervorum
2995 574 3280 643 complexu
3310 574 3415 627 illi—

153 651 463 723 σπλάγχνα,
506 654 601 707 καὶ
642 656 849 723 ἔγκατα
881 695 895 719 ,
951 657 1044 712 καὶ
1093 657 1457 731 αἰσθητήρια,
1517 658 1586 711 τὰ
1637 658 1701 729 μὲ

1837 669 1993 729 gatus
2014 661 2134 715 est?
2158 661 2279 728 Quo
2306 662 2540 733 denique
2572 662 2734 719 modo
2766 664 2875 718 vim
2906 673 3113 720 tantam
3139 665 3415 721 membro-

152 743 387 809 ἔνδοθεν,
434 745 501 800 τὰ
544 747 601 800 δὲ
657 748 889 819 θύραθεν
925 750 1227 822 ἐφήρμοσε,
1270 752 1337 805 δι’
1386 746 1461 807 ῶν
1508 752 1705 819 ἐζωογο

1837 768 1956 807 rum
1996 754 2251 820 aliorum,
2298 756 2593 821 viscerum,
2639 755 3043 823 intestinorum,
3095 772 3289 811 sensus
3330 756 3415 809 in—

149 833 289 906 νήθη
317 836 378 889 τὸ
411 835 599 907 σῶμα;
633 832 734 891 Ὧν
758 840 907 894 οὐδὲν
936 842 1104 914 ἀργὸν
1125 880 1139 906 ,
1171 842 1290 895 οὐδὲ
1318 843 1535 914 ἀχρεῖον
1567 859 1731 913 προσ-

151 925 347 998 ετέθη’
415 929 537 982 ἐπεὶ
605 930 740 1001 μηδὲ
790 931 859 985 τὰ
913 933 1257 1002 φαυλότατα,
1318 936 1453 1006 μήτε
1510 934 1729 1005 τρίχες,

152 1021 295 1090 μήτε
353 1019 571 1091 ὄνυχες·
626 1024 804 1077 πάντα
851 1024 943 1089 δὲ,
988 1024 1058 1078 τὰ
1116 1025 1214 1096 μὲν
1253 1026 1390 1098 πρὸς
1420 1026 1480 1078 τὸ
1515 1027 1613 1097 τῆς
1639 1044 1731 1079 συ-

150 1113 394 1177 στάσεως
423 1114 632 1183 δφελος,
682 1116 771 1179 τὰ,
797 1116 852 1170 δέ
906 1117 1042 1189 πρὸς
1088 1118 1149 1172 τὸ
1199 1118 1394 1183 κάλλος
1429 1120 1527 1191 τῆς
1558 1120 1731 1189 ὅψεως

147 1206 410 1262 συντελεῖ.
462 1209 536 1262 Οὐ
583 1208 691 1281 γὰρ
736 1211 835 1280 τῆς
876 1212 1064 1283 χρείας
1104 1213 1293 1285 μόνης,
1340 1212 1477 1267 ἀλλά
1509 1216 1730 1285 καὶτῆς

144 1300 298 1371 ῶρας
326 1301 589 1374 ἐπιμελὴς
616 1304 648 1372 ἡ
679 1304 930 1375 Πρόνοια.
966 1306 1184 1376 Ἔρυμα
1213 1307 1310 1377 μὲν
1342 1304 1451 1378 γὰρ
1484 1308 1578 1360 καὶ
1608 1309 1730 1360 σκέ-

146 1409 344 1463 πασμα
370 1395 549 1464 πάσης
583 1395 683 1465 τῆς
711 1396 948 1467 κεφαλῆς
990 1399 1022 1469 ή
1058 1397 1234 1469 κόμη·
1268 1398 1571 1470 εὐπρέπεια
1605 1398 1661 1452 δέ
1701 1400 1729 1450 ὁ

144 1486 348 1555 πώγων
385 1488 463 1559 τῷ
506 1489 798 1561 φιλοσόφῳ.
837 1492 948 1563 Τήν
976 1509 1035 1545 τε
1063 1492 1156 1545 τοῦ
1187 1491 1309 1546 ὅλου
1348 1494 1599 1565 σώματος
1631 1495 1725 1548 τοῦ

142 1577 486 1649 ἀνθρωπείου
536 1581 695 1651 φύσιν
722 1585 786 1637 ἐκ
812 1583 919 1636 τῶν
958 1585 1141 1656 μερῶν
1164 1586 1477 1654 ἀναγκαίων
1509 1588 1725 1640 πάντων

140 1669 375 1740 ¹ἥρμοσε,
429 1672 523 1725 καὶ
564 1677 677 1737 τοῖς
724 1674 910 1745 μέλεσι
944 1677 1077 1729 πᾶσι
1116 1660 1215 1747 τήν
1252 1694 1310 1730 τε
1341 1678 1477 1748 πρὸς
1522 1678 1724 1749 ἄλληλα

141 1764 425 1819 κοινωνίαν
468 1766 776 1838 περιέϐαλε,
818 1768 912 1822 καὶ
949 1768 1046 1840 τὴν
1090 1768 1241 1841 παρὰ
1266 1768 1361 1823 τοῦ
1400 1770 1521 1823 ὅλου
1558 1787 1722 1841 χορη-

139 1856 264 1922 γίαν
314 1857 709 1929 ἐπεμέτρησεν.
745 1855 845 1913 Ὧν
893 1860 963 1914 τὰ
998 1861 1094 1929 μὲν
1127 1861 1424 1933 ὁλοσχερῆ,
1478 1864 1571 1917 καὶ
1604 1865 1717 1927 τοῖς

142 1948 385 2013 ἰδιώταις
413 1952 476 2002 ἐκ
504 1951 605 2021 τῆς
635 1952 831 2023 πείρας
849 1993 865 2017 ,
899 1953 967 2024 ἣν
1013 1952 1126 2024 ἔχει
1151 1953 1399 2025 δύναμιν,
1436 1955 1678 2026 πρόδηλα
1697 1973 1710 1986 ο

138 2045 383 2115 κεφαλῆς
416 2046 677 2118 ἡγεμονία
696 2087 711 2110 ,
744 2049 838 2102 καί
878 2050 1005 2121 περὶ
1037 2050 1126 2104 τὸν
1157 2050 1455 2120 ἐγκέφαλον
1474 2092 1488 2116 ,
1528 2052 1715 2123 ὥσπερ

138 2136 373 2208 ἄρχοντα
402 2138 459 2191 ἐν
505 2139 821 2211 ἀκροπόλει,
851 2141 959 2194 τῶν
991 2142 1291 2214 αἰσθήσεων
1320 2145 1355 2214 ἡ
1381 2144 1677 2216 δορυφορία
1698 2162 1711 2175 ’

139 2229 460 2300 προσιοῦσαι
496 2230 604 2304 (40)
640 2233 737 2302 μὲν
765 2232 949 2302 ὄψεις,
983 2234 1413 2303 ἀναγγέλλουσαι
1441 2236 1495 2288 δὲ
1530 2237 1711 2301 ἀκοαὶ,

136 2320 297 2392 ἐδωδὴ
350 2322 538 2395 ὥσπερ
572 2324 970 2395 φοῳλογοῦσα,
1003 2326 1270 2399 ὄσφρησις
1305 2327 1556 2397 καθάπερ
1600 2329 1716 2382 ἀνι-

136 2412 326 2481 χνεύου
335 2431 401 2467 σα
428 2415 521 2468 καὶ
535 2415 611 2469 διε
621 2417 955 2488 ρευνωμένη,
979 2419 1073 2473 καὶ
1092 2419 1205 2491 ἁφὴ
1227 2422 1335 2473 πᾶν
1355 2420 1713 2475 διατάττουσα

134 2505 193 2558 τὸ
224 2506 487 2579 ὑπήκοον.
521 2509 955 2579 (Κεφαλαιωδῶς
1002 2511 1114 2584 γάρ
1144 2511 1240 2565 νῦν
1270 2512 1426 2582 ὀλίγα
1466 2512 1574 2567 τῶν
1614 2516 1712 2587 τῆς

135 2599 412 2669 πανσόφου
440 2602 702 2673 Προνοίας
735 2602 910 2673 ἔργων
941 2603 1391 2676 ἐπιδραμούμεθα
1409 2646 1424 2671 ,
1458 2607 1575 2677 μετ’
1604 2606 1713 2660 ὀλί-

134 2708 227 2759 γον
248 2692 664 2765 ἀκριϐέστερον,
694 2694 787 2748 τοῦ
822 2695 957 2749 Θεοῦ
987 2696 1242 2763 διδόντος,
1275 2698 1711 2771 ἐπεξεργασόμε-

136 2799 241 2847 νοι,
278 2786 412 2837 ὅταν
456 2786 592 2858 πρὸς
623 2787 715 2841 τὸν
746 2788 1005 2844 δοκοῦντα
1048 2789 1368 2863 λογιώτερον
1414 2792 1710 2847 ἀποτεινώ-

138 2877 315 2949 μεθα.)
340 2878 553 2951 Χειρῶν
575 2882 837 2949 διακονία,
862 2882 929 2936 δι’
961 2876 1036 2936 ὧν
1060 2884 1310 2956 ἐργασίαι
1339 2902 1399 2939 τε
1433 2889 1705 2950 παντοῖαι,

134 2969 223 3021 καί⁵
254 2970 628 3043 πολυμήχανοι
659 2972 937 3028 τελοῦνται
978 2974 1185 3046 τέχναι,
1213 2979 1331 3041 ταῖς
1362 2978 1505 3032 κατά
1541 2978 1703 3049 μέρος

133 3059 421 3132 δυνάμεσιν
446 3067 525 3127 είς
553 3064 684 3136 μίαν
730 3065 1017 3138 συνεργίαν
1052 3067 1503 3140 διηρθρωμένων,
1538 3068 1703 3141 ὤμων

133 3171 186 3205 τε
219 3156 544 3229 ἀχθοφορίαι
563 3198 578 3224 ,
613 3160 708 3213 καὶ
755 3163 985 3233 κατοχαὶ
1016 3160 1295 3215 δακτύλων
1313 3200 1328 3224 ,
1355 3161 1616 3231 ἀγκώνων
1643 3181 1703 3217 τε
1732 3182 1775 3240 c

136 3246 383 3315 καμπαὶ,
434 3249 570 3320 πρός
611 3266 672 3303 τε
716 3250 777 3305 τὸ
818 3252 975 3323 σῶμα
1013 3251 1143 3304 εἵσω
1182 3252 1579 3325 στρεφόμεναι,
1614 3254 1706 3307 καὶ

136 3336 264 3407 πρὸς
309 3338 374 3391 τὸ
416 3340 573 3404 ἐκτὸς
611 3341 1007 3400 ἀπονεύουσαι,
1041 3343 1130 3396 ἵνα
1162 3342 1487 3411 ἐφέλκεσθαι
1517 3362 1577 3399 τε
1610 3347 1706 3400 καὶ

132 3431 464 3486 ἀπωθεῖσθαι
491 3434 785 3490 δύνωνται·
822 3435 999 3489 ποδῶν
1029 3437 1324 3508 ὑπηρεσία,
1360 3437 1426 3490 δι’
1451 3431 1527 3492 ὧν
1555 3440 1706 3494 πᾶσα

133 3523 257 3594 ἡμῖν
304 3526 699 3582 ύποπέπτωκεν
749 3530 783 3600 ἡ
833 3530 1110 3602 περίγειος
1158 3530 1368 3594 κτίσις,
1407 3530 1701 3604 βάσιμοςή

133 3615 231 3685 γῆ,
265 3617 456 3690 πλωτὴ
492 3620 525 3691 ἡ
560 3620 837 3685 θάλασσα,
882 3622 1177 3694 περάσιμοι
1216 3624 1265 3676 οί
1299 3623 1533 3694 ποταμοὶ
1557 3663 1572 3681 ,
1608 3624 1705 3678 καὶ

130 3710 343 3764 πάντων
378 3711 515 3783 πρὸς
536 3714 732 3767 κπάντα
759 3714 1033 3785 ἐπιμιξία.
1063 3713 1282 3786 Γαστὴρ
1313 3717 1535 3786 ταμεῖον
1580 3732 1703 3787 τρο-

134 3801 238 3869 φῶν
262 3843 276 3865 ,
311 3806 449 3858 πᾶσι
497 3807 612 3870 τοῖς
657 3808 1108 3879 συντεταγμένοις
1142 3808 1378 3879 μέλεσιν,
1411 3807 1470 3872 ἐξ
1502 3809 1700 3878 ἑαυτῆς

130 3896 183 3948 ἐν
224 3898 412 3970 μέτρῳ
458 3898 519 3951 τὸ
551 3902 857 3971 σιτηρέσιον
885 3899 1254 3971 διανέμουσα,,
1296 3900 1390 3953 καὶ
1421 3901 1480 3953 τὸ
1514 3918 1699 3971 περιτ-

130 3991 276 4046 τεῦον
310 3992 658 4066 ἐκτιθεμένη.
687 3994 799 4049 Καὶ
836 3994 909 4048 τὰ
942 3994 1075 4049 ἄλλα
1104 3994 1171 4048 δι’
1204 3996 1342 4048 ὅσων
1378 3994 1634 4065 ἐμφανῶς
1664 3996 1697 4065 ὴ

129 4087 387 4160 διοίκησις
427 4090 524 4161 τῆς
578 4090 916 4161 ἀνθρωπείου
970 4090 1350 4161 μεμηχάνηται
1416 4089 1694 4161 διανομῆς.

128 4174 218 4233 Ὧν
249 4182 451 4252 ὁμοίως
496 4186 608 4246 τοῖς
648 4183 875 4254 ἄφροσιν
906 4182 1118 4254 ἔχοντες
1158 4184 1206 4236 οἱ
1253 4182 1408 4251 σοφοὶ
1439 4182 1538 4253 τὴν
1571 4181 1694 4253 κρί-

130 4285 206 4322 σιν
241 4270 377 4341 (41),
405 4271 504 4324 οὐκ
539 4272 745 4342 ἴσχουσι
774 4271 872 4342 τὴν
903 4272 1123 4341 γνῶσιν.
1157 4273 1221 4325 Οἱ
1253 4273 1352 4343 μὲν
1382 4272 1491 4344 γὰρ
1520 4274 1599 4336 είς
1628 4273 1695 4343 ἢν

129 4358 188 4412 ἂν
216 4361 475 4434 οἰηθῶσιν
502 4363 768 4435 ἀθεότητα
799 4364 908 4437 (42)
933 4404 948 4428 ,
993 4366 1092 4437 τὴν
1121 4366 1694 4436 ἐπιστημονικωτάτην

126 4454 249 4526 περὶ
281 4456 531 4521 πάντων,
563 4457 656 4510 καὶ⁸
684 4458 783 4529 τὴν
811 4459 891 4520 εἰς
921 4458 1146 4522 ἑαυτοὺς
1190 4459 1692 4531 εὐεργετικωτάτην

1834 854 2289 913 stramentorum,
2330 846 2658 903 intrinsecus
2692 848 3099 905 extrinsecusve
3132 848 3409 913 conﬂavit,

1833 952 1956 1007 qua:
1991 938 2173 993 vivum
2227 954 2292 993 ac
2341 938 2556 1008 spirans
2605 955 2805 1009 corpus
2851 939 3122 996 efﬁceret?
3168 940 3302 995 Nam
3343 956 3411 997 ex

1834 1026 1941 1082 illis
1982 1030 2200 1098 quidem
2245 1030 2501 1083 omnibus
2530 1029 2766 1085 otiosum
2808 1031 2944 1084 nihil
2974 1040 3078 1095 est,
3120 1030 3254 1085 nihil
3284 1032 3411 1085 inu-

1833 1120 1960 1190 tile;.
1990 1136 2097 1174 non
2130 1117 2250 1191 pili,
2298 1136 2405 1175 non
2440 1136 2672 1191 ungues,
2706 1136 2816 1176 non
2861 1131 3051 1177 caetera
3099 1138 3220 1193 quae
3258 1122 3409 1193 abjc-

1828 1212 2075 1267 ctissima
2129 1212 2301 1268 videri
2349 1214 2565 1283 possint
2596 1232 2611 1269 :
2645 1215 2829 1269 omnia
2863 1216 2948 1270 vel
2974 1217 3040 1270 ad
3069 1217 3409 1272 constituen-

1829 1303 1951 1356 dam
1971 1303 2087 1372 ejus
2113 1303 2497 1373 integritatem,
2520 1307 2604 1361 vel
2626 1308 2691 1360 ad
2714 1308 2947 1377 speciem
2976 1308 3407 1381 dignitatemque

1830 1394 2163 1449 conducunt.
2208 1394 2317 1450 Nec
2364 1397 2509 1450 enim
2541 1397 2665 1452 usui
2692 1398 2957 1455 duntaxat
2990 1402 3084 1455 uni
3112 1400 3408 1457 Providen-

1830 1484 1924 1549 tia,
1972 1485 2065 1540 sed
2118 1486 2282 1540 etiam
2329 1486 2721 1554 pulchritudini
2769 1505 2834 1545 ac
2881 1489 3073 1546 formae
3119 1493 3400 1562 prospicit.

1827 1575 2012 1647 Itaque
2056 1577 2221 1633 totius
2268 1576 2464 1647 capitis
2513 1583 2980 1651 prapugnaculum
3018 1584 3295 1653 quoddam
3339 1601 3405 1639 ac

1827 1679 2194 1739 tegumentum
2232 1686 2390 1727 coma
2435 1681 2554 1741 est;
2602 1673 2767 1728 barba
2805 1675 3115 1745 philosophi
3148 1676 3318 1733 decus
3348 1688 3404 1731 et

1825 1772 2233 1818 ornamentum.
2279 1763 2375 1818 Illa
2426 1764 2591 1833 igitur
2632 1765 2828 1836 integri
2880 1769 3126 1837 corporis
3174 1770 3402 1823 humani

1822 1862 2070 1909 naturam
2098 1871 2166 1910 ex
2193 1856 2440 1926 partibus
2471 1859 2796 1914 necessariis
2826 1861 3082 1917 omnibus
3108 1877 3402 1933 coagmen-

1819 1947 1973 2011 tavit,
2007 1949 2380 2020 membrisque
2423 1951 2681 2005 omnibus
2723 1967 2848 2007 cum
2888 1964 3136 2010 mutuam
3169 1958 3313 2011 inter
3341 1973 3401 2011 se

1817 2042 2264 2095 communionem
2297 2042 2514 2109 indidit,
2546 2053 2659 2099 tum
2695 2060 2761 2099 ex
2792 2045 2963 2100 totius
3001 2048 3163 2101 etiam
3202 2050 3399 2118 opibus

1817 2131 2027 2201 prolixe
2070 2133 2363 2189 admodum
2419 2151 2485 2192 ac
2539 2137 2839 2192 liberaliter
2886 2139 3147 2195 admensa
3198 2151 3300 2196 cst.
3331 2141 3401 2195 Et

1818 2225 2065 2279 membra
2091 2226 2310 2296 quidem
2341 2229 2650 2299 potissima,
2676 2246 2840 2301 quam
2870 2232 2980 2285 vim
3005 2244 3060 2286 et
3085 2232 3397 2290 facultatem

1817 2316 2077 2380 habeant,
2119 2336 2221 2374 usu
2256 2330 2310 2375 et
2343 2323 2676 2392 experientia
2728 2324 2831 2393 ipsi
2873 2325 3035 2380 etiam
3072 2326 3256 2381 idiota:
3296 2343 3396 2381 no-

1818 2419 1946 2464 runt
1977 2428 1990 2463 :
2027 2410 2222 2481 capitis
2254 2413 2611 2485 principatus,
2643 2416 2788 2471 circa
2824 2417 3106 2472 cerebrum
3133 2427 3393 2489 tanquam

1816 2500 2219 2572 imperatorem,
2266 2521 2528 2563 sensuum
2571 2509 2623 2563 in
2656 2510 2896 2579 acropoli
2940 2511 3183 2567 excubiae
3231 2522 3396 2582 atque

1814 2594 2063 2663 praesidia
2087 2614 2099 2648 :
2120 2596 2529 2667 progredientes
2561 2599 2739 2663 Oculi;
2770 2614 2931 2656 aures
2964 2601 3191 2657 nuntios
3223 2602 3398 2671 perl'c-

1813 2694 2028 2753 rentes;
2082 2696 2332 2758 gustatus
2382 2690 2532 2745 velut
2587 2700 2954 2746 commeatum
3004 2708 3393 2764 annonamque

1814 2779 2157 2846 convehens;
2200 2781 2433 2837 olfactus
2482 2782 2748 2852 indagans
2792 2783 3199 2853 quodammodo
3227 2795 3394 2857 atque

1812 2870 2120 2940 vestigans;
2172 2881 2350 2927 tactus
2398 2873 2620 2928 subdita
2652 2874 2837 2929 omnia
2870 2874 3124 2945 digerens
3156 2884 3213 2932 et
3242 2880 3392 2932 ordi-

1811 2977 1971 3018 nans.
2023 2961 2197 3032 (Nunc
2252 2965 2401 3019 enim
2448 2980 2517 3021 ex
2566 2966 2985 3037 sapientissimae
3029 2967 3392 3025 Providentia;

1809 3057 2065 3126 operibus
2091 3058 2406 3116 summatim
2435 3074 2609 3129 pauca
2644 3069 2855 3115 tantum
2890 3062 3073 3132 aliqua
3110 3064 3386 3133 percurri-

1810 3166 1954 3216 mus,
2003 3150 2167 3206 iidem
2206 3153 2370 3221 paulo
2408 3163 2554 3225 post,
2589 3169 2713 3209 cum
2744 3155 3009 3211 adversus
3038 3157 3192 3211 illum
3228 3157 3388 3227 cujus

1809 3242 1988 3313 major
2013 3252 2097 3298 est
2126 3245 2451 3301 eruditionis
2473 3247 2681 3316 Opinio,
2708 3247 3133 3318 disputabimus,
3164 3249 3387 3304 uberius

1808 3334 1921 3390 Deo
1954 3336 2093 3392 duce
2123 3352 2188 3392 ac
2217 3338 2430 3408 plenius
2473 3340 2657 3395 omnia
2698 3342 3092 3412 persecuturi.)
3122 3340 3383 3397 Mannum

1805 3442 1938 3499 ergo
1960 3427 2217 3499 deinceps
2245 3430 2635 3498 ministerium,
2659 3446 2783 3500 qua:
2811 3432 2993 3489 omnis
3019 3434 3233 3504 generis
3260 3434 3388 3490 fun-

1806 3517 2017 3573 ctiones
2044 3519 2268 3585 obeunt,
2292 3530 2545 3592 artesque
2567 3523 2871 3579 moliuntur
2899 3524 3196 3597 singularis
3225 3525 3384 3597 inge-

1805 3612 1905 3675 nii,
1931 3613 2183 3685 'propriis
2221 3615 2534 3689 quibusque
2572 3616 2922 3675 facultatibus
2967 3620 3038 3675 ad
3067 3636 3228 3676 unam
3258 3620 3385 3677 fun-

1804 3704 2050 3760 ctiouum
2094 3708 2410 3763 societatem
2456 3708 2734 3766 instructa:
2775 3728 2790 3764 :
2840 3711 3055 3768 humeri
3100 3714 3382 3783 gestandis

1804 3800 2063 3857 oneribus
2096 3801 2300 3864 idonei.
2334 3803 2629 3875 digitorum
2668 3805 3077 3874 prehensiones,
3118 3808 3382 3864 ﬂexiones

1803 3892 2135 3961 cubitorum,
2188 3911 2311 3965 quae
2358 3897 2440 3951 uti
2478 3912 2570 3953 res
2605 3900 2691 3953 vel
2733 3900 3005 3955 attrahere
3043 3903 3257 3970 possint
3300 3904 3379 3957 vel

1801 3985 2089 4055 depellere,
2116 3987 2447 4045 intrinsecus
2473 3992 2923 4062 extrinsecusque
2948 4000 3267 4055 versantur;
3292 4009 3383 4062 pe-

1799 4077 1929 4132 dum
1957 4076 2306 4147 obsequium,
2337 4094 2433 4149 per
2463 4096 2603 4151 quos
2627 4092 2810 4138 creata
2842 4083 2988 4137 circa
3025 4091 3224 4138 terram
3253 4100 3378 4139 om-

1799 4167 1890 4221 nia
1923 4168 2085 4223 nobis
2113 4169 2510 4233 obsecundant,
2545 4174 2748 4243 quibus
2794 4184 2953 4230 terrae
2994 4186 3373 4247 peragrantur,

1796 4264 2123 4333 navigantur
2150 4265 2344 4329 maria,
2376 4264 2528 4321 ﬂuvii
2559 4268 2925 4338 trajiciuntur,
2950 4273 3196 4325 omnium
3224 4286 3378 4326 com-

1798 4354 1999 4411 mercia
2056 4371 2181 4411 cum
2234 4358 2491 4414 omnibus
2542 4360 2818 4416 ineuntur.
2876 4361 3075 4417 Venter
3124 4362 3375 4417 ciborum

1797 4449 2073 4515 aerarium,
2101 4449 2364 4504 membris
2398 4452 2656 4507 omnibus
2686 4467 2788 4507 suo
2813 4453 3124 4523 quibusque
3154 4453 3274 4509 loco
3321 4460 3377 4506 et

127 4547 482 4621 ἀναφέρουσιν
514 4551 845 4622 οἰκονομίαν,
872 4552 1179 4624 κρείττονος
1210 4554 1304 4605 καί¹
1336 4553 1487 4618 θείας
1518 4556 1687 4618 ὅντως

1808 4538 1986 4593 )rdine
2018 4539 2323 4607 collocatis,
2352 4540 2558 4610 justam
2594 4558 2687 4611 per
2718 4558 2838 4598 sese
2871 4559 3146 4599 annonam
3186 4544 3375 4599 distri-

127 4641 435 4713 φρονήσεὼς
465 4659 526 4694 τε
558 4644 653 4696 καὶ
688 4642 971 4714 δυνάμεως
1012 4644 1171 4715 ἔργον
1218 4644 1387 4716 αὐτὴν
1421 4640 1558 4699 εἶναι
1599 4663 1687 4699 πι-

128 4734 435 4805 στούμενοι⁸
470 4734 520 4787 οἱ
552 4735 630 4795 δὲ,
667 4737 926 4808 συντυχίᾳ
955 4736 1048 4789 καὶ
1078 4734 1396 4806 συμπτώσει
1424 4738 1532 4791 τῶν
1571 4737 1689 4791 ἀτό-

128 4840 267 4892 μων,
322 4826 579 4890 ἀσκόπως
633 4827 733 4899 τὴν
801 4827 1253 4900 θαυμασιωτάτην
1306 4829 1686 4901 καλλιέργειαν

123 4915 445 4971 ἀνατιθέασι.
482 4920 591 4990 Τὴν
623 4919 679 4972 δὲ
711 4920 1099 4992 ἐνεργεστέραν
1131 4919 1211 4973 ἔτι
1240 4919 1442 4975 τούτων
1470 4921 1688 4975 ἐπίσκε-

121 5006 239 5075 ψιν,
280 5010 378 5063 καὶ
422 5010 522 5081 τὴν
566 5010 672 5063 τῶν
721 5011 1003 5065 ἐνδοσθίων
1048 5011 1308 5076 διάθεσιν,
1360 5013 1532 5083 ἰατροὶ
1586 5012 1685 5082 μὲν

122 5101 355 5174 ἀκριϐῶς
399 5103 872 5176 διερευνησάμενοι
916 5106 1011 5158 καὶ
1051 5105 1522 5173 καταπλαγέντες,
1565 5104 1683 5170 ἐξε-

122 5190 335 5246 θείασαν
365 5194 465 5265 τὴν
496 5194 684 5264 φύσιν⁸
722 5197 886 5266 ἡμεῖς
926 5195 983 5247 δὲ
1020 5194 1245 5265 ὕστερον
1277 5195 1353 5257 ὡς
1394 5195 1460 5248 ἂν
1491 5188 1593 5247 οἷοί
1624 5211 1685 5246 τε

122 5282 419 5355 γενώμεθα,
449 5284 553 5338 κᾶν
580 5285 840 5356 ἐπιπολῆς
872 5284 1497 5356 (45),ἀναθεωρήσομεν.
1535 5284 1683 5337 Καθ-

332 5444 720 5515 Προσιοῇσαι.
753 5442 916 5498 Forte
952 5442 1259 5515 προζοῦσαι.
1298 5440 1491 5515 Ϋιῦειι.

206 5441 272 5494 40
332 5444 720 5510 Προσιοῦσαι.
753 5442 916 5498 Forte
952 5442 1259 5515 προϊοῦσαι.
1298 5441 1491 5495 νισι-2η.

183 5441 302 5635 ἑξέ
333 5512 740 5635 Διιὲινομῆς.....
791 5516 1011 5582 κρίσιν.
1059 5513 1251 5570 Scribe
1290 5512 1677 5583 ¹διαμονῆςμ...

115 5596 325 5637 ζωῇσιν.
367 5596 442 5637 ID.

115 5598 325 5650 χρῆσιν.
367 5598 442 5637 ιι).

183 5651 291 5725 (δῇ)
343 5654 667 5723 Ἀθεότητα.
697 5654 860 5711 Forte
896 5656 1143 5725 θεότητα.
1176 5654 1253 5708 lu.

184 5722 294 5795 (45)
347 5722 696 5793 Ἐπιστολῆς.
737 5725 874 5780 Ευηι
906 5722 1050 5780 mihi
1086 5740 1307 5779 sensum
1339 5725 1677 5795 expressisse

121 5789 330 5864 videor,
368 5796 460 5862 qui
512 5811 579 5851 ex
620 5789 797 5853 verbis
842 5797 948 5851 illis
986 5797 1218 5868 exprimi
1257 5789 1471 5868 poterat
1516 5812 1529 5849 :
1582 5797 1676 5851 sed

1793 4628 1990 4694 buens,
2022 4639 2076 4685 et
2094 4633 2357 4702 quidquid
2390 4634 2724 4705 superﬂuum
2752 4646 2857 4700 est,
2884 4636 3129 4706 ejiciens.
3162 4634 3242 4689 Ac
3268 4651 3375 4690 cae—

1790 4729 1929 4788 tera,
1950 4738 2186 4794 quorum
2212 4726 2264 4778 vi
2291 4726 2544 4782 humanae
2566 4728 2839 4784 ﬁrmitatis
2860 4739 2915 4783 et
2934 4729 3373 4784 conservationis

1791 4816 1933 4871 ratio
1966 4819 2296 4877 continetur.
2322 4819 2527 4877 Horum
2553 4838 2686 4877 usus
2705 4821 2756 4875 in
2783 4822 2965 4879 stultis
2980 4837 3134 4892 aeque
3150 4822 3369 4891 sapien-

1787 4908 2046 4979 tibusque
2089 4910 2283 4966 similis
2310 4922 2412 4976 est,
2447 4913 2689 4985 cognitio
2713 4912 3016 4969 dissimilis.
3040 4910 3147 4967 Alii
3169 4913 3371 4983 quippe

1789 5020 1953 5076 quam
2009 5006 2194 5059 animo
2226 5006 2568 5061 divinitatem
2604 5006 2974 5073 iul‘ormarint,
3025 5006 3258 5071 adeam,
3310 5014 3371 5059 ut

1789 5115 1912 5169 quae
1948 5115 2130 5155 rerum
2161 5101 2406 5154 omnium
2449 5099 2815 5155 scientissima
2859 5102 2950 5165 sit,
3001 5110 3167 5171 atque
3197 5098 3250 5151 in
3279 5113 3369 5152 se-

1788 5190 1937 5262 ipsos
1982 5191 2499 5253 beneﬁcentissima,
2540 5203 2713 5248 totam
2757 5192 3001 5248 referunt
3026 5192 3193 5262 hujus
3219 5205 3370 5245 meo-

1789 5284 1987 5338 nomim
2037 5285 2328 5349 rationem,
2383 5284 2529 5355 quod
2564 5301 2685 5341 eam
2732 5286 3034 5355 superioris
3078 5284 3365 5354 cujusdam

1788 5450 1965 5520 tamen
2006 5442 2261 5520 illa_duo,
2292 5441 2357 5505 id
2393 5450 2498 5505 est,
2523 5441 2599 5505 ὡς
2630 5442 2695 5494 ἂν
2724 5434 2824 5520 οἶοί
2852 5457 2933 5497 τε.
2953 5448 3021 5520 et
3042 5437 3321 5520 frangi}:
3347 5476 3363 5498 ν

1787 5514 1969 5565 minus
1995 5513 2286 5577 conjuncta
2319 5528 2441 5567 esse
2477 5528 2638 5582 posse
2664 5513 2921 5582 arbitror.
2953 5509 3167 5582 Mallem
3200 5509 3365 5578 igitur

1785 5582 1877 5657 ἐπὶ
1923 5582 2165 5657 πολλοῖς,
2213 5584 2390 5651 suppl.
2428 5578 2686 5657 pﬁp.aqt._
2716 5598 2823 5657 seu
2849 5580 3048 5648 λόγοις.
3084 5578 3364 5657 Particulo

1786 5654 1888 5706 κᾶν
1915 5654 1994 5705 vel
2031 5655 2220 5707 abesse
2254 5650 2600 5721 potest'fvcl
2645 5653 2689 5705 si
2726 5653 2991 5706 retinetur
3014 5691 3029 5708 .
3058 5650 3361 5719 emphasim

1788 5725 1949 5776 habet
2000 5739 2121 5776 (uim
2190 5726 2591 5779 asseveratione
2646 5723 3029 5792 conjunctam,
3106 5733 3165 5775 ut
3222 5732 3365 5790 serpe

1787 5796 1941 5848 alias.
1973 5793 2045 5847 In.
