3888 6496
502 342 639 398 {265

1491 339 1548 396 s.
1589 318 1881 396 moNrsu
1923 339 2228 396 Eptsaom
2266 339 2734 397 numnam
2784 304 2785 307 ί

3625 351 3753 406 1⁸268

500 482 834 540 prorsusque
873 464 1069 521 divina:
1118 482 1242 523 cum
1291 465 1571 537 sapientiai
1619 476 1730 521 tum
1781 468 2064 537 potestatis

2169 467 2288 522 όλου
2342 468 2399 521 δὲ
2445 468 2539 522 καὶ
2578 466 2906 540 συλλήόδην,
2966 470 3085 524 δλον
3127 470 3282 525 τοῦτο
3323 472 3382 525 τὸ
3430 473 3641 543 σκῆνος
3678 477 3753 537 τίς

501 576 638 629 opus
661 558 1004 623 existiment;
1038 556 1129 611 alii
1159 568 1345 611 contra
1370 557 1574 612 insulse
1607 556 1923 621 admodum,
1958 556 2068 611 for-

502 660 646 706 tuna:
666 660 719 705 et
742 650 892 705 casui
911 649 1435 705 administrationem
1460 664 1673 703 summa
1692 648 2066 715 dignissimam

505 742 868 799 admiratione
917 741 1188 797 deferunt.
1240 742 1309 795 At
1340 756 1469 795 vero
1503 740 1855 795 etIicaciorem
1891 741 2069 796 adhuc

501 851 683 891 rerum
730 836 957 891 istarttm
994 833 1479 889 considerationem
1503 875 1517 896 ,
1556 843 1609 886 et
1646 832 1881 902 partium
1926 833 2067 887 inte-

502 930 707 983 riorum
745 927 1035 992 rationem,
1066 925 1259 980 medici
1288 926 1504 996 quidem
1542 925 1705 979 altius
1730 925 2069 992 diligentius-

498 1030 605 1085 que
640 1012 845 1077 rimati,
880 1028 943 1068 ac
980 1012 1356 1068 vehementius
1406 1013 1678 1080 admirati,
1733 1013 2066 1068 divinitatem

500 1116 707 1161 natura:
728 1106 1032 1161 tribuerunt
1064 1125 1076 1160 :
1104 1120 1203 1161 nos
1228 1122 1345 1161 eam
1372 1115 1581 1176 postea,
1602 1106 1787 1176 jejunc
1819 1106 2067 1162 fortassis

499 1205 552 1251 et
593 1197 825 1262 exiliter,
873 1204 930 1250 at
968 1210 1065 1265 pro
1120 1194 1375 1249 facultate
1422 1205 1607 1248 nostra
1653 1208 2063 1264 prosequemur.

497 1287 655 1343 Nune
687 1297 746 1342 ut
776 1287 1026 1341 universe
1055 1288 1158 1341 hoc
1193 1286 1616 1355 summatimque
1649 1286 1898 1341 dicamus
1926 1302 1940 1339 :
1974 1300 2066 1340 ec-

499 1384 643 1456 quis,
689 1382 937 1446 obsecro,
973 1390 1142 1435 totum
1180 1381 1282 1434 hoc
1317 1379 1727 1433 tabernaculum
1773 1376 2068 1433 fabricatus

499 1485 600 1540 est,
640 1474 892 1540 sublime,
927 1472 1119 1533 altum,
1169 1481 1432 1536 erectum,
1460 1470 1698 1540 elegans,
1730 1469 1794 1522 ad
1823 1484 2065 1535 sensum,

499 1580 729 1633 motum,
775 1567 1039 1622 actionem
1084 1574 1138 1618 et
1175 1579 1335 1619 omne
1379 1562 1596 1631 quidem
1638 1562 1865 1617 actionis
1898 1575 2067 1631 genus

2170 558 2407 613 τοιοῦτον
2438 560 2859 632 ἐσκηνοποίησεν
2885 602 2900 627 ,
2937 562 3167 633 ὑψηλὸν,
3201 563 3382 629 ὄρθιον
3402 604 3417 628 ,
3452 563 3750 636 εὐρυθμίαν,

2170 650 2506 723 εὐαίσθητον,
2537 651 2840 721 εὐκίνητον,
2867 651 3110 725 εὐεργον,
3140 657 3517 727 παντουργόν;
3546 658 3620 709 Ἡ
3650 659 3753 710 τῶν

2170 743 2387 813 ἀτόμων
2425 744 2615 812 ἄλογος
2637 783 2652 807 ,
2689 743 2819 812 φασὶ
2839 784 2854 809 ,
2886 745 3113 817 πληθύς.
3151 747 3289 799 Ἀλλ’
3319 748 3431 801 οὐδ’
3464 748 3534 802 ἂν
3564 749 3753 804 εἰκόνα

2169 834 2396 906 πηλίνην
2416 836 2619 889 ἐκεῖναι
2642 835 2985 890 συνελθοῦσαι
3011 838 3291 903 πλάσαιεν,
3312 840 3421 892 οὐδ’
3454 839 3750 911 ἀνδριάντα

2169 927 2367 981 λίθινον
2398 928 2629 994 ξέσαιεν,
2659 928 2767 981 οὐδ’
2794 928 2859 982 ἂν
2893 930 3109 984 εἴδωλον
3139 930 3410 1003 ἀργυροῦν
3443 932 3479 1003 ἢ
3514 933 3751 1003 χρυσοῦν

2170 1017 2506 1089 χωνεύσασαι
2536 1017 2932 1090 προσαγάγοιεν
2951 1037 2964 1049 ·
2999 1020 3133 1073 ἀλλά
3159 1022 3343 1092 τέχναι
3373 1024 3473 1077 καὶ
3503 1041 3751 1096 χειρουρ-

2169 1111 2285 1180 γίαι
2330 1110 2569 1175 τούτων,
2624 1113 2714 1164 ὐπ’
2760 1112 3062 1184 ἀνθρώπων
3117 1114 3375 1187 εὕρηνται
3428 1133 3751 1187 σωματουρ-

2169 1203 2281 1272 γῶν
2317 1202 2445 1273 (44).
2490 1198 2590 1257 Ὧν
2622 1203 2678 1257 δὲ
2736 1204 3054 1263 ἀπεικασίαι
3102 1207 3196 1259 καὶ
3232 1208 3607 1277 σκιαγραφίαι
3638 1208 3749 1277 δίχα

2170 1296 2359 1365 σοφίας
2390 1296 2489 1349 οὐκ
2519 1289 2592 1349 ἀν’
2628 1296 2895 1365 γένοιντο,
2942 1296 3061 1360 πῶς
3091 1298 3157 1351 τά
3194 1298 3369 1369 ἀληθῆ
3404 1301 3507 1352 καὶ
3544 1301 3749 1371 πρωτό-

2169 1406 2313 1442 τυπα
2356 1388 2559 1441 τούτων
2591 1388 2911 1458 αὐτομάτως
2955 1388 3298 1460 συμϐέϐηκε;
3332 1390 3505 1460 Ψυχὴ
3532 1391 3591 1443 δὲ
3617 1432 3633 1454 ,
3665 1391 3750 1445 καὶ

2169 1479 2293 1544 νοῦς
2338 1479 2431 1532 καὶ
2470 1478 2660 1547 λόγος,
2711 1479 2874 1532 πόθεν
2907 1479 3164 1548 ἐγγέγονε
3210 1479 3287 1550 τῷ
3338 1482 3661 1551 φιλοσόφῳ;
3688 1481 3747 1535 Ἦ

2169 1571 2318 1643 παρά
2356 1570 2461 1623 τῶν
2503 1569 2723 1640 ἀψύχων
2757 1570 2848 1623 καὶ
2886 1573 3125 1641 ἀνοήτων
3154 1572 3247 1625 καὶ
3279 1572 3600 1641 ἀλογίστων
3634 1574 3745 1626 ἀτό-

500 1654 609 1724 tatn
650 1660 863 1731 egregie
895 1656 1305 1727 comparatum?
1338 1655 1445 1711 lsta
1477 1654 1723 1709 videlicet
1759 1662 2064 1707 atomorum

2173 1680 2286 1734 μων
2334 1662 2482 1716 ταῦτ’
2534 1663 2828 1731 ἡρανίσατο
2850 1703 2865 1729 ,
2914 1664 3178 1717 κάκείνων
3233 1662 3386 1734 αὐτῷ
3436 1681 3498 1717 τι
3553 1664 3743 1733 ὲκάπη

497 1751 791 1805 multitudo
825 1749 1057 1804 rationis
1086 1763 1299 1817 expers.
1338 1748 1407 1801 At
1436 1747 1561 1810 illm,
1593 1753 1653 1800 ut
1679 1745 1913 1799 maxime
1941 1758 2065 1799 con-

2169 1754 2346 1825 νόημα
2376 1754 2470 1808 καὶ⁸
2502 1754 2678 1825 δόγμα
2707 1754 3063 1821 ὲνέπνευσεν;
3086 1755 3194 1808 Καὶ
3216 1755 3413 1828 ὥσπερ
3442 1759 3475 1809 ὁ
3513 1756 3743 1809 Ἡσιόδου

495 1842 741 1909 veniant,
789 1857 856 1896 ne
887 1841 1085 1895 luteam
1116 1838 1332 1908 quidem
1368 1837 1656 1908 imaginem
1688 1835 1947 1901 formare,
1974 1842 2065 1888 aut

2172 1847 2337 1918 μῦθος
2360 1886 2373 1910 ,
2406 1846 2502 1917 τὴν
2530 1846 2822 1916 Πανδώραν
2850 1848 3013 1919 φησὶν
3042 1848 3147 1901 ὐπὸ
3169 1848 3277 1901 τῶν
3304 1848 3477 1915 θεῶν,
3517 1850 3690 1912 οὕτως
3715 1852 3742 1919 ἡ

497 1935 771 2006 lapideum
802 1934 1158 1988 simulacrum
1196 1931 1483 2001 perpolire,
1518 1938 1611 1983 aut
1637 1937 1950 2001 argenteum
1987 1926 2065 1980 vel

2171 1938 2329 2008 σοφία
2358 1937 2584 2010 τάνδρὸς
2632 1938 2735 1990 ὐπὸ
2766 1939 2877 1991 τῶν
2922 1940 3139 2011 ἀτόμων
3190 1940 3602 2010 συνετελέσθη;
3650 1942 3745 1995 Καὶ

486 2043 722 2090 aureum
758 2027 961 2081 idolum
994 2026 1230 2080 conﬂare
1261 2022 1474 2091 possint
1510 2039 1523 2075 :
1556 2036 1787 2091 quorum
1823 2019 2065 2074 omnium

2171 2031 2385 2101 ποίησιν
2409 2030 2465 2084 δὲ
2497 2032 2696 2093 πᾶσαν,
2730 2033 2823 2085 καὶ
2853 2033 3033 2085 πᾶσαν
3062 2035 3346 2104 μουσικὴν,
3383 2035 3743 2104 ἀστρονομίαν

495 2120 745 2190 proprias
772 2134 1034 2173 manuum
1057 2125 1224 2180 artes,
1253 2114 1519 2185 lingendis
1548 2123 1703 2183 aptas
1724 2112 2065 2182 corporibus,

2169 2140 2249 2185 τε,
2288 2122 2382 2175 καὶ
2409 2117 2748 2193 γεωμετρίαν
2767 2161 2781 2185 ,
2810 2123 2904 2175 καὶ
2930 2124 3031 2186 τὰς
3056 2122 3219 2186 ἄλλας
3247 2124 3601 2194 ἐπιστήμας,
3634 2124 3744 2175 οὐχι

495 2212 781 2267 hominum
815 2208 1141 2279 excogitavit
1172 2205 1458 2261 industria.
1488 2203 1731 2271 Quorum
1759 2204 1922 2274 igitur
1946 2205 2062 2259 sine

2169 2213 2249 2267 ἑτι
2292 2213 2427 2267 θεῶν
2476 2214 2762 2286 εὑρήματα
2792 2214 2886 2268 καὶ⁹
2932 2213 3277 2285 παιδεύματα
3314 2215 3600 2285 φήσουσιν
3634 2216 3744 2267 Ἐλο

495 2303 764 2374 sapientia
804 2302 894 2356 vel
938 2300 1252 2356 adumbrari
1295 2298 1503 2367 species
1535 2295 1927 2365 informarique
1952 2310 2060 2351 non

2169 2304 2326 2374 ληνες
2386 2298 2559 2368 εἶναι,
2614 2304 2769 2373 μόναι
2816 2304 2877 2357 δὲ
2933 2304 3219 2373 γεγόνασιν
3269 2306 3613 2375 ὲμπειρικαὶ
3665 2306 3743 2358 καὶ

496 2395 689 2466 possit,
739 2395 937 2448 borum
981 2407 1112 2447 vera
1158 2393 1275 2461 ipsa
1318 2388 1668 2458 exemplaria,
1705 2387 1801 2457 qui
1849 2387 2061 2441 tandem

494 2489 758 2544 exsistere
785 2502 882 2557 per
904 2501 961 2541 se
986 2492 1296 2555 temereque
1323 2481 1648 2553 potuerunt?
1674 2479 1792 2535 Jam
1819 2482 2063 2535 animum

496 2583 697 2650 ipsum,
739 2588 971 2635 mentem
1017 2588 1180 2646 atque
1224 2577 1487 2631 rationem
1526 2575 1884 2645 philosophus
1924 2573 2068 2629 unde

496 2673 698 2729 habet?
725 2672 873 2728 Eane
906 2673 973 2727 ab
1003 2670 1263 2726 inanimis
1298 2678 1351 2723 et
1389 2670 1589 2723 mentis
1616 2684 1681 2723 ac
1709 2666 1934 2722 rationis
1967 2682 2065 2721 ex-

2173 2395 2334 2465 σοφαὶ
2370 2396 2603 2449 ’πάντων
2650 2396 2705 2449 αί
2762 2395 2954 2466 ἄτομοι
3000 2395 3248 2450 Μοῦσαιο
3295 2398 3329 2467 ή
3372 2396 3490 2467 γὰρ
3535 2396 3606 2448 ὲκ
3654 2394 3743 2447 τῶν

2171 2486 2390 2557 ἀτόμων
2454 2486 2775 2555 Ἐπικούρου
2827 2485 3102 2555 θεογονία,
3158 2486 3266 2541 τῶν
3328 2486 3433 2557 μὲν
3507 2486 3742 2557 ἀπείρων

2172 2576 2391 2646 κόσμων
2424 2575 2604 2647 ἐξορός
2633 2577 2809 2641 ἐστιν,
2851 2579 2931 2641 εἰς
2975 2577 3032 2631 δὲ
3069 2579 3168 2649 τὴν
3197 2560 3427 2650 ἄπειρον
3474 2579 3741 2649 ἀκοσμίαν

2173 2667 2591 2737 πεφυγάδευται.

498 2767 740 2837 pertibus
775 2766 972 2820 atomis
1025 2762 1406 2826 emendieavit,
1437 2776 1558 2829 quae
1614 2760 1718 2815 sibi
1770 2760 2006 2829 aliquam
2074 2759 2299 2830 singula:
2340 2761 2613 2815 notionem
2650 2761 2952 2832 dogmaque
2992 2760 3269 2831 proprium
3312 2760 3656 2816 infuderint?
3697 2772 3744 2816 et

496 2860 955 2931 quemadmodum
979 2858 1280 2913 Pandoram
1304 2873 1333 2911 a
1356 2856 1460 2912 diis
1478 2854 1743 2911 Hesiodus
1769 2854 2059 2922 fabulatur,
2098 2855 2177 2911 sic
2207 2856 2276 2910 ab
2303 2857 2501 2912 atomis
2529 2858 2779 2913 absoluta
2828 2857 3064 2913 hominis
3096 2858 3358 2928 sapientia
3411 2857 3627 2913 fuerit?
3674 2857 3741 2911 Ita

500 2952 685 3023 poesin
711 2952 965 3021 deinceps
988 2965 1226 3014 omnem,
1264 2965 1590 3019 omnemque
1623 2950 1910 3015 musicam,
1958 2948 2372 3017 astronomiam,
2418 2949 2791 3020 geometriam,
2826 2959 3161 3019 craterasque
3188 2950 3485 3016 doctrinas,
3517 2952 3742 3006 deorum

499 3050 718 3103 inventa
760 3048 934 3104 Graeci
979 3057 1140 3118 atque
1178 3046 1423 3101 instituta
1475 3060 1669 3100 vocare
1718 3045 2015 3101 desinant:
2062 3045 2191 3100 solae
2236 3045 2479 3100 omnium
2522 3045 2708 3114 peritae
2754 3060 2817 3101 ac
2864 3046 3138 3116 sapientes
3171 3046 3357 3111 atomi,
3392 3045 3572 3101 Musas
3605 3046 3741 3102 cele-

498 3142 741 3199 brentur.
788 3142 923 3196 Nam
960 3140 1050 3194 illa
1083 3139 1301 3211 quidem
1330 3154 1394 3194 ex
1427 3139 1623 3194 atomis
1656 3136 1875 3209 Epicuri
1918 3138 2226 3211 theogonia,
2274 3152 2341 3193 ex
2369 3138 2596 3194 inﬁnitis
2628 3138 2790 3194 etiam
2818 3138 3038 3193 mundis
3063 3136 3349 3203 exsulavit,
3389 3138 3445 3191 in
3472 3138 3744 3193 inﬁnitam

496 3236 921 3311 perturbationis
949 3236 1252 3290 vastitatem
1287 3234 1477 3306 ejecta.

1244 3326 1311 3383 ν.

572 3423 802 3493 Operum
830 3436 1047 3476 suorum
1088 3420 1408 3474 molitionem
1447 3420 1555 3474 Deo
1589 3419 1903 3475 laboriosam
1934 3434 1996 3472 ac

1000 3512 1276 3567 molestam
1307 3529 1408 3566 non
1441 3530 1569 3567 esse.

568 3604 745 3659 Moliri
786 3604 1015 3675 aliquid,
1061 3603 1462 3670 administrare,
1508 3601 1846 3670 benefacere,
1888 3603 2070 3673 provi—

494 3695 647 3759 dere,
682 3693 897 3764 aliaque
936 3693 1156 3758 similia,
1194 3694 1459 3747 inertibus
1505 3695 1723 3763 quidem
1760 3709 1824 3750 ac
1864 3695 2066 3760 stultis,

497 3787 766 3843 debilibus
812 3802 877 3842 ac
925 3802 1183 3857 nequam,
1229 3788 1456 3843 molesta
1489 3785 1626 3841 forte
1657 3786 1804 3841 sint:
1835 3802 2066 3855 quorum

498 3896 558 3934 se
590 3894 844 3944 numero,
876 3879 1005 3934 dum
1050 3880 1181 3933 talia
1215 3879 1281 3934 de
1309 3879 1412 3934 diis
1435 3878 1617 3948 sentit,
1669 3877 1936 3948 Epicurus
1974 3880 2069 3933 ad-

494 3972 693 4042 jungit.
734 3973 804 4027 At
829 3987 958 4026 vero
988 3972 1271 4037 studiosis,
1305 3972 1633 4038 valentibus,
1664 3972 1945 4028 industriis
1983 3984 2068 4026 at-

497 4081 603 4134 que
630 4065 921 4119 solertibus
942 4106 957 4132 ,
988 4065 1295 4135 cujusmodi
1328 4065 1677 4145 philospphos
1699 4064 1925 4137 (quanto
1953 4081 2068 4119 ma-

497 4159 578 4226 gis
597 4158 801 4228 deos?)
834 4173 955 4213 esse
988 4167 1268 4226 oporteat;
1307 4172 1413 4211 non
1444 4158 1606 4214 modo
1637 4172 1743 4213 non
1774 4158 2065 4227 injucunda

497 4251 613 4304 haec
642 4258 807 4318 atque
834 4265 1049 4318 aspera,
1077 4265 1267 4303 verum
1302 4252 1463 4305 etiam
1486 4251 1887 4321 jncundissima
1919 4261 2066 4315 sunt,

497 4339 851 4407 omniumque
881 4338 1205 4392 suavissima
1232 4356 1245 4392 :
1276 4338 1474 4407 quibus
1504 4339 1829 4410 negligentia
1856 4353 2069 4417 rerum-.-

497 4441 603 4495 que
646 4426 913 4480 bonarum
958 4426 1379 4495 procrastinatio
1421 4428 1671 4483 dedecori
1707 4429 1970 4494 vertitur;
2001 4429 2068 4483 ad

495 4535 636 4590 quos
668 4517 802 4573 illud
830 4522 1227 4573 commonentis
1266 4527 1439 4589 poeta:
1471 4521 1758 4576 consilium
1786 4523 2018 4592 pertinet
2050 4540 2064 4576 :

926 4610 1061 4666 Cras
1092 4628 1154 4664 ne
1180 4621 1481 4681 exspectato
1510 4625 1530 4662 :

499 4707 595 4769 Cui
627 4721 752 4761 mox
786 4705 1272 4761 comminationem
1301 4705 1441 4759 hanc
1477 4704 1758 4775 adjungit:

636 4799 927 4853 Cunctator
959 4796 1168 4852 damnis
1199 4814 1400 4866 semper
1429 4798 1662 4851 luctatur
1687 4796 1908 4851 acerbis.

494 4889 565 4944 At
597 4907 699 4944 nos
733 4890 953 4961 gravius
989 4891 1222 4946 instituit
1252 4872 1538 4961 propbeta,
1578 4891 1706 4945 dum
1739 4900 1791 4946 et
1828 4890 2066 4947 actiones

495 4998 619 5036 cum
649 4983 846 5038 virtute
883 4985 1203 5053 coniunctas
1243 4983 1353 5037 Deo
1396 4998 1526 5037 vero
1558 4983 1750 5053 dignas
1785 4999 1905 5040 esse
1936 4998 2065 5053 pro-

496 5074 746 5138 nuntiat,
797 5082 849 5128 et
910 5074 1175 5129 nefarium
1236 5076 1391 5130 illum
1448 5089 1479 5129 ει
1534 5089 1644 5144 quo
1702 5076 2065 5145 negligantur,

495 5164 747 5231 appellat.
802 5164 1119 5219 Maledictns
1163 5167 1323 5231 enim,
1362 5167 1453 5237 qui
1491 5166 1621 5235 facit
1663 5183 1819 5236 opera
1851 5166 2062 5220 Domini

494 5254 811 5324 negligenter
830 5256 895 5310 ".
933 5255 1133 5313 Deinde
1162 5266 1222 5312 ut
1252 5259 1307 5312 in
1332 5258 1524 5328 quavis
1557 5270 1673 5314 arte
1700 5260 1863 5316 rudes
1894 5269 1948 5315 et
1983 5262 2066 5313 in—

566 5392 610 5459 ’ξ
648 5390 759 5445 Jer.
799 5406 991 5456 XLVIII,
1028 5392 1115 5446 10.

719 5526 1172 5599 Σωματουργῷν.
1205 5525 1823 5599 Ξοτίὒεησωματουργοί.
1860 5528 2055 5582 Vtcsn.

498 5596 675 5717 Ἔμῦ)
713 5597 1353 5719 ὅάναόἀλλεσθαι.
1390 5596 1605 5654 Hesiodi
1639 5596 1796 5654 verba
1835 5609 1962 5653 sunt
2006 5604 2061 5652 in

561 5682 685 5732 ργ.,
711 5682 760 5718 v.
922 5683 935 5718 :

566 5753 713 5823 Mnd‘
739 5756 1183 5814 ἀναϐάλλεσθαι
1204 5761 1290 5825 εἷς
1318 5759 1546 5827 αὔριον,
1574 5763 1659 5826 εις
1680 5761 1728 5814 τ’
1751 5762 2022 5831 ἐννηςριν.

2095 3332 2143 3395 C

2920 3326 2996 3380 E'.

2296 3420 2415 3474 Ὅτι
2443 3421 2554 3474 οὐκ
2575 3420 2867 3475 ἐπίπονον
2904 3417 2986 3485 τῷ
3016 3416 3139 3485 Θεῷ
3171 3416 3239 3471 τὸ
3270 3415 3644 3486 ἐργάζεσθαι.

2244 3613 2600 3685 Ἐγράζεσθαι
2630 3613 2685 3666 δέ
2708 3629 2792 3681 γε,
2818 3611 2911 3665 καὶ
2935 3611 3174 3675 διοικεῖν,
3197 3609 3292 3663 καὶ
3318 3609 3639 3680 εὐεργετεῖν
3662 3625 3735 3668 τε,

2162 3707 2255 3761 καὶ
2287 3705 2649 3779 προκήδεσθαι
2669 3744 2683 3768 ,
2718 3706 2812 3758 καὶ
2839 3704 2907 3758 τὰ
2946 3702 3168 3757 τοιαῦτα
3186 3743 3202 3770 ,
3229 3704 3345 3763 τοῖς
3379 3701 3480 3773 μὲν
3506 3703 3701 3773 and;
3721 3738 3736 3760 .

2162 3800 2255 3853 καὶ
2300 3800 2528 3871 ἄφροσι,
2572 3800 2666 3852 καὶ
2709 3797 2994 3861 ἀσθενέσι,
3047 3797 3139 3850 καὶ
3190 3793 3557 3865 κακούργοις,
3616 3794 3739 3853 (sui;

2164 3890 2372 3962 ἐπαχθῆ
2392 3908 2405 3921 ⁶
2430 3886 2510 3954 οἷς
2533 3889 2883 3960 ἐγκατέλεξεν
2907 3890 3096 3943 ἑαυτὸν
3133 3889 3460 3958 Ἐπίκουρος
3478 3928 3493 3952 ,
3515 3886 3742 3941 τοιαῦτα

2162 3984 2437 4055 φρονήσας
2482 3985 2611 4055 περὶ·
2649 3982 2756 4039 τῶν
2801 3982 2959 4037 θεῶν.
2994 3982 3118 4045 Τοῖς
3162 3981 3221 4033 δὲ
3252 3979 3604 4042 σπουδαίοις,
3654 3979 3743 4030 καὶ

2162 4077 2425 4141 δυνατοῖς,
2449 4077 2541 4129 καὶ
2571 4077 2828 4139 συνετοῖς,
2854 4075 2946 4129 καὶ⁹
2974 4073 3265 4145 σώφροσιν,
3290 4074 3440 4137 οἴους
3471 4071 3618 4126 εἶναι
3642 4072 3743 4141 χρὴ

2162 4172 2288 4235 τοὺς
2328 4170 2645 4240 φιλοσόφους
2692 4168 2863 4239 (πόσῳ
2900 4184 2963 4236 γε
3006 4166 3205 4239 μᾶλλον
3238 4167 3366 4229 τοὺς
3394 4166 3555 4229 θεούς
3571 4165 3613 4234 ;)
3652 4164 3745 4231 οὐχ

2162 4260 2308 4322 ὅπως
2320 4256 2331 4326 l
2344 4258 2465 4330 οὐκ]
2479 4259 2613 4330 ἀηδῆ
2627 4257 2800 4311 ταῦτα
2821 4258 2913 4309 καὶ
2931 4255 3233 4328 προσάντη,
3251 4254 3391 4309 ἀλλά
3406 4256 3505 4308 καὶ
3519 4253 3749 4326 τερπνό-

2161 4367 2319 4414 τατα,
2370 4353 2462 4404 καὶ
2488 4350 2703 4405 πάντων
2734 4349 2932 4421 μᾶλλον
2960 4348 3350 4402 ἀσπαστότατα
3370 4366 3383 4379 ·
3411 4344 3497 4413 οἷς
3528 4348 3593 4400 τὸ
3625 4350 3751 4416 ἀμε-

2161 4442 2252 4507 λὲς
2270 4482 2286 4507 ,
2314 4442 2407 4496 καὶ⁸
2434 4441 2495 4494 τὸ
2528 4441 2737 4513 μέλλειν
2767 4459 2819 4493 τι
2853 4438 3109 4512 πράττειν
3139 4440 3249 4495 τῶν
3282 4438 3544 4510 χρηστῶν
3566 4476 3584 4501 ,
3614 4438 3749 4489 ὄνει-

2159 4534 2279 4599 δος’
2318 4533 2394 4595 ὡς
2434 4533 2675 4595 ἐκείνους
2702 4549 2760 4585 τε
2793 4529 3019 4602 ποιητὴς
3047 4530 3289 4584 νουθετεῖ
3324 4529 3747 4601 συμὼυλεύωνδ

2308 4615 2457 4685 Μηδ’
2485 4615 2925 4670 ἀναϐάλλεσθαι
2951 4614 3059 4685 (45)
3087 4617 3174 4679 εὶς
3199 4614 3413 4681 αὔριον
3430 4630 3445 4641 ·

2170 4712 2265 4765 καὶ
2296 4708 2744 4781 προσεπαπειλῶν
2762 4724 2775 4738 ”

2309 4802 2432 4857 Alei
2454 4801 2506 4854 δ’
2536 4799 2923 4871 ἀμϐολιεργὸς
2952 4797 3109 4867 ἀνὴρ
3131 4797 3310 4865 ἄτῃσι
3336 4798 3614 4851 παλαίει.

2179 4892 2357 4964 Ἦμᾶς
2394 4909 2455 4945 τε
2483 4891 2592 4964 (46)
2630 4891 2951 4962 σεμνότερον
2991 4887 3236 4943 παιδεύει
3270 4888 3565 4958 προφήτης
3595 4926 3612 4950 ,
3644 4884 3758 4937 θεο-

2168 4986 2351 5058 πρεπῆ
2382 4984 2478 5057 μὲν
2502 4984 2670 5046 ὅντως
2697 4983 2833 5055 ἔργα
2876 4982 2943 5034 τὰ
2982 4982 3104 5033 κατ’
3133 4979 3337 5051 ἀρετὴν
3362 4978 3646 5049 ὑπάρχειν
3676 4975 3758 5028 λέο

2167 5088 2279 5141 γων
2303 5112 2317 5137 ,
2348 5071 2439 5126 τὸν
2466 5071 2522 5124 δὲ
2553 5069 2920 5143 ὀλιγωροῦντα
2944 5068 3149 5122 τούτων
3174 5106 3188 5131 ,
3231 5067 3525 5134 ἐξάγιστον
3544 5083 3558 5094 ·
3606 5067 3755 5117 Ἐπί-

2170 5160 2499 5229 κατάρατος
2538 5160 2649 5231 γὰρ
2685 5163 2717 5214 ό
2743 5158 2929 5213 ποιῶν
2958 5158 3029 5212 τὰ
3064 5158 3207 5228 ἔργα
3234 5157 3459 5224 Κυρίου
3490 5155 3755 5225 ἀμελῶς.

2171 5249 2303 5307 Εἶτα
2341 5254 2437 5307 καὶ
2473 5255 2587 5317 τοῖς
2629 5253 2728 5323 μὲν
2766 5250 3033 5321 ἀμαθέσιν
3065 5246 3383 5321 ἡστινοσοῦν
3413 5248 3629 5321 τέχνης
3670 5248 3759 5301 καὶ

2173 5525 2275 5593 Qui
2305 5526 2550 5594 sequitur
2580 5542 2594 5579 :
3018 5588 3019 5591 η

2236 5596 2359 5650 Alei
2382 5596 2434 5648 δ’
2458 5597 2846 5665 ἀμϐολιεργὸς
2869 5635 2883 5660 ,
2914 5604 3019 5650 etc.

2168 5691 2300 5746 ibid.
2326 5707 2376 5741 ν.
2410 5690 2532 5743 411.
2570 5689 2643 5743 lt).

2242 5760 2353 5832 (46)
2405 5757 2577 5829 Ἡμᾶς
2605 5777 2686 5814 τε.
2720 5758 2881 5816 Forte
2908 5760 3053 5831 ἡμᾶς
3074 5757 3152 5813 δέ.
3182 5756 3264 5833 ἰν.

2216 5968 2237 6001 δ
