3888 6536
192 356 343 413 1265

1184 352 1609 412 FRAGMENTA
1646 353 1739 409 EX
1778 353 2000 409 LlBRlS
2038 352 2127 409 DE
2159 353 2475 415 NATURA.

3314 349 3334 403 ἔ
3352 348 3451 405 266

181 476 713 549 ἁτελεπέροίς,διά
744 477 804 533 τδ
840 478 943 549 τῆς
981 491 1173 551 πείρα-ς
1212 480 1409 552 ἀληθὲς
1452 480 1562 552 (47)
1592 481 1686 534 καὶ
1714 479 1767 534 τὲ

1876 480 2080 547 choati,
2107 491 2326 551 propter
2345 477 2691 549 experientia
2716 477 3012 532 novitatem
3036 482 3200 546 atque
3222 489 3450 543 operum

180 567 303 620 τῶν
354 567 531 639 ἔργων
569 567 825 640 ἀτριϐἐς,
866 568 1109 639 κάματος
1156 570 1431 638 ἐγγίνεται
1479 573 1601 634 ταῖς
1653 571 1774 623 ἐπι-

183 662 528 733 χειρήσεσιν.
576 663 638 716 Οί
671 662 728 716 δὲ
764 664 1194 736 προκόπτοντες,
1237 666 1333 719 καὶ
1378 665 1576 736 μᾶλλον
1606 664 1685 718 ἔτι
1722 667 1772 717 οἱ

182 754 424 817 τέλειοι,
459 754 655 826 ῥᾳδίως
696 755 731 810 ἃ
770 757 985 827 μετίασι
1032 757 1419 829 κατορθοῦντες
1451 758 1770 828 γάννυνται,

182 845 285 897 καὶ
324 844 524 915 μᾶλλον
562 844 627 899 ἂν
666 846 867 900 ἕλοιντο
891 847 957 900 τά
984 846 1211 901 εἰωθότα
1234 847 1562 919 πράττοντες
1592 845 1773 900 ἀνύειν

182 938 286 990 καὶ
334 936 760 1011 τελεσιουργεῖν,
800 940 832 1011 ἢ
876 940 1057 993 πάντα
1098 940 1277 1009 σφίσιν
1330 939 1566 1011 ὑπάρξαι
1602 937 1669 991 τὰ
1716 938 1772 993 ἐν

178 1030 497 1101 ἀνθρώποις
520 1031 718 1099 ἀγαθά.
751 1032 1090 1104 Δημόκριτος
1116 1031 1245 1099 γοῦν
1268 1032 1428 1095 αὐτὸς
1446 1072 1460 1095 ,
1484 1031 1560 1095 ὥς
1588 1046 1772 1100 φασιν,

181 1122 345 1191 ἔλεγε
382 1121 663 1193 βούλεσθαι
708 1123 907 1193 μᾶλλον
953 1124 1083 1194 μίαν
1118 1124 1296 1195 εὑρεῖν
1344 1123 1702 1192 αἰτιολογίαν,
1738 1124 1772 1196 ἢ

180 1214 290 1285 τὴν
321 1214 547 1287 Περσῶν
579 1216 628 1270 οἱ
658 1214 934 1285 βασιλείαν
960 1216 1247 1284 γενέσθαι·
1269 1217 1363 1269 καὶ
1386 1215 1572 1279 ταῦτα,
1597 1216 1775 1287 μάτην

181 1307 287 1359 καὶ
331 1306 584 1371 ἀναιτίως
612 1306 965 1376 αίτιολογῶν,
1008 1308 1086 1372 ώς
1120 1308 1186 1363 ἂν
1221 1308 1328 1361 ἀπὸ
1370 1308 1533 1378 κενῆς
1563 1306 1772 1379 ἀρχῆς,

181 1400 286 1452 καὶ
318 1399 625 1463 ὑποθέσεως
656 1400 1015 1473 πλανωμένης
1051 1400 1400 1471 ὁρμώμενος,
1438 1402 1532 1453 καὶ
1561 1400 1660 1470 τὴν
1695 1399 1774 1468 ρί-

180 1490 312 1555 ζαν,
340 1492 435 1545 καὶ
458 1491 554 1563 τὴν
580 1492 764 1564 κοινὴν
794 1492 1038 1563 ἀνάγκην
1071 1492 1169 1563 τῆς
1205 1490 1313 1545 τῶν
1358 1491 1526 1545 ὄντων
1563 1490 1776 1559 φύσεως

180 1582 288 1650 οὐχ
318 1580 491 1653 όρῶν,
527 1582 720 1652 σοφίαν
768 1582 825 1635 δὲ
860 1582 1124 1653 μεγίστην
1164 1582 1496 1652 ἡγούμενος,
1528 1580 1625 1652 τὴν
1666 1579 1775 1635 τῶν

181 1673 411 1742 ἀσόφως
445 1675 540 1727 καὶ
589 1674 811 1745 ἠλιθίως
851 1674 1259 1745 συμϐαινόντων
1292 1673 1648 1743 κατανόησιν,
1680 1673 1773 1727 καὶ

181 1766 288 1836 τὴν
309 1764 501 1837 τύχην,
528 1765 638 1820 τῶν
670 1768 767 1837 μὲν
790 1766 1018 1820 καθόλου
1051 1769 1143 1820 καὶ
1166 1766 1274 1821 τῶν
1300 1766 1457 1820 θείων
1482 1766 1771 1819 δέσποιναν

181 1835 419 1928 ἐφιστὰς
439 1835 543 1913 καὶ
570 1835 837 1930 βασιλίδα,
864 1860 958 1913 καὶ
978 1859 1153 1913 πάντα
1174 1859 1424 1929 γενέσθαι
1455 1858 1574 1912 κατ’
1599 1856 1769 1927 αὑτὴν
1804 1835 1844 1892 Β

180 1952 628 2023 ἀποφαινόμενος
646 1969 659 1982 ·
686 1952 780 2005 τοῦ
811 1952 868 2006 δὲ
898 1952 1008 2005 τῶν
1039 1951 1340 2023 ἀνθρώπων
1376 1950 1541 2022 αὑτὴν
1566 1952 1774 2021 ἀποκη-

182 2043 401 2115 ρύττων
431 2043 544 2115 βίου
566 2086 580 2109 ,
615 2046 709 2099 καὶ
745 2047 871 2109 τοὺς
913 2044 1312 2117 πρεσϐεύοντας
1342 2043 1507 2115 αὑτὴν
1535 2042 1773 2113 ἐλέγχων

178 2134 530 2205 ἀγνώμονας.
576 2135 698 2189 Τῶν
727 2135 860 2205 γοῦν
900 2135 1191 2207 ὑποθηκῶν
1240 2134 1539 2207 ἀρχόμενος
1584 2134 1728 2203 λέγει
1756 2150 1769 2164 ·

185 2227 541 2298 (Ἄνθρωποι
569 2226 739 2299 τύχης
765 2228 984 2281 εἰδωλον
1010 2227 1330 2292 ἐπλάσαντο,
1350 2227 1617 2298 πρόφασιν
1639 2226 1772 2297 ἰδίης

177 2321 396 2391 ἀνοίης.
419 2320 583 2375 Φύσει
609 2321 717 2393 γὰρ
745 2319 938 2393 γνώμη
965 2320 1076 2392 (48)
1109 2320 1247 2394 τύχῃ
1274 2321 1503 2392 μάχεται
1521 2338 1533 2351 ’
1559 2321 1651 2373 καὶ
1675 2320 1772 2391 τὴν

179 2410 445 2484 ἐχθίστην
471 2416 537 2484 τῇ
570 2415 829 2485 φρονήσει
861 2412 1064 2483 ταύτην
1086 2415 1251 2484 αὐτὴν
1281 2414 1487 2483 ἔφασαν
1520 2414 1767 2483 κρατεῖν·

182 2505 395 2576 μᾶλλον
428 2506 485 2559 δέ
515 2508 607 2560 καὶ
634 2506 840 2579 ταύτην
874 2506 1042 2579 ἄρδην
1066 2506 1436 2579 ἀναιροῦντες,
1460 2507 1554 2560 καὶ
1587 2504 1771 2573 ἀφανί-

178 2599 373 2661 ζοντες
393 2636 408 2663 ,
438 2598 654 2669 ἐκείνην
683 2598 1127 2653 ἀντικαθιστᾶσιν
1160 2598 1351 2669 αὑτῆς.
1382 2599 1456 2652 Οὐ
1484 2600 1592 2670 γὰρ
1616 2599 1771 2651 εὐτυ-

177 2689 256 2760 χῆ
296 2690 396 2761 τὴν
440 2691 733 2762 φρόνησιν,
765 2692 879 2746 ἀλλ’
910 2691 1357 2763 ἐμφρονεστάτην
1404 2689 1630 2761 ὑμνοῦσι
1672 2688 1770 2761 τὴν

176 2782 359 2855 τύχην
391 2784 521 2855 (49).
556 2804 575 2836 ι
627 2785 688 2838 Οί
720 2784 816 2855 μὲν
844 2781 937 2838 οὖν
963 2783 1071 2837 τῶν
1118 2784 1395 2855 βιωφελῶν
1435 2784 1611 2857 ἔργων
1653 2786 1771 2839 ἐπι-

183 2874 408 2941 στάται,
425 2877 546 2939 ταῖς
562 2875 697 2945 πρὸς
712 2874 773 2928 τὸ
785 2874 1053 2946 ὁμόφυλον
1068 2876 1409 2947 ἐπικουρίαις
1425 2876 1767 2944 ἀγάλλονται,

178 2965 413 3024 ἐπαίνου
445 2985 505 3021 τε
534 2968 817 3041 ὀρέγονται
863 2968 956 3022 καὶ
987 2967 1178 3032 κλέους
1206 2967 1292 3037 ἐφ’
1320 2961 1401 3031 οἷς
1426 2967 1604 3021 αὑτῶν
1634 2985 1769 3040 προ-

178 3060 507 3130 κάμνουσιν,
530 3062 579 3114 οἱ
614 3062 711 3131 μὲν
740 3061 1052 3134 τρέφοντες,
1076 3063 1125 3115 οἱ
1146 3061 1203 3113 δὲ
1237 3060 1630 3133 κυϐερνῶντες,
1653 3064 1701 3116 οἱ
1723 3062 1768 3116 δ’

183 3151 432 3221 ἰώμενοι,
464 3152 514 3204 οἱ
545 3150 601 3205 δὲ
627 3151 1071 3222 πολιτευόμενοι·
1102 3151 1225 3205 οίδέ
1252 3169 1315 3220 γε
1351 3150 1650 3223 φιλόσοφοι,
1675 3155 1769 3208 καὶ

180 3242 396 3314 σφόδρα
440 3241 713 3296 παιδεύειν
762 3240 1165 3315 ἐπιχειροῦντες
1205 3241 1523 3314 ἀνθρώπους
1562 3244 1767 3316 φρυάτ-

179 3350 391 3386 τονται.
417 3334 489 3386 Ἦ
517 3332 879 3403 τολμήσουσιν
920 3334 1238 3405 Ἐπίκουρος
1264 3334 1296 3404 ἢ
1329 3333 1667 3405 Δημόκριτος
1695 3336 1769 3387 εἰ-

180 3426 331 3491 πεῖν,
358 3425 434 3488 ώς
454 3424 778 3496 ἀσχάλλουσι
808 3425 1254 3495 φιλοσοφοῦντες;
1286 3425 1425 3478 Ἀλλ’
1453 3426 1573 3480 οὑδέ
1596 3424 1771 3498 θυμη-

178 3516 303 3570 δίαν
345 3516 549 3589 ταύτης
593 3516 658 3571 ἂν
709 3518 901 3590 ἑτέραν
969 3517 1432 3591 προθείντο.⁶Καὶ
1471 3517 1579 3590 γὰρ
1620 3520 1668 3571 εἰ
1709 3518 1770 3572 τὸ

177 3609 391 3679 ἀγαθὸν
425 3602 786 3683 ήδονὴνεῖναι
836 3610 1125 3683 φρονοῦσιν
1147 3650 1162 3674 ,
1210 3610 1323 3664 ἀλλ’
1359 3612 1768 3683 αἰδεσθήσονταί

177 3721 245 3772 γε
277 3703 353 3775 μὴ
391 3704 569 3773 λέγειν
608 3705 704 3776 ἡδὺ
735 3704 794 3759 ὃν
824 3703 936 3775 (50)
963 3705 1147 3767 αὐτοῖς
1179 3699 1315 3757 εἶναι
1342 3703 1404 3756 τὸ
1436 3704 1763 3775 φιλοσοφεῖν.

179 3796 224 3847 Τ
226 3795 326 3858 οὺς
370 3795 426 3848 δὲ
475 3795 627 3860 θεοὺς
674 3796 800 3866 περ)⁸
829 3788 903 3850 ὧν
945 3797 994 3848 οἱ
1038 3795 1138 3866 μὲν
1182 3795 1400 3868 ποιηταὶ
1428 3798 1556 3867 παρ’
1586 3797 1767 3861 αὐτοῖς

178 3886 395 3959 ᾅδουσι,
442 3886 709 3957 δωτῆρας
753 3886 906 3941 ἐάων
946 3887 1078 3959 (Si),
1122 3878 1268 3942 οὗτοι
1308 3888 1364 3941 δὲ
1393 3890 1443 3941 οἱ
1489 3888 1765 3958 φιλόσοφοι

181 3978 328 4050 μετά
354 3979 581 4045 τωθείας
613 3982 751 4051 εὑφη
761 3979 858 4051 μοῦ
867 3998 938 4045 σι,
962 3982 1083 4037 θεοὶ
1108 3980 1347 4035 πάντων
1360 3979 1599 4051 ἀγαθῶν
1612 3980 1763 4037 ἀδώ-

172 4087 351 4139 ρητοι
372 4070 596 4141 (ὄὲμιαὶ
617 4070 915 4141 ἀμέτοχον
946 4071 1039 4124 καὶ
1072 4072 1177 4125 τίνι
1198 4072 1383 4144 τρόπῳ
1406 4070 1765 4143 τεκμηριοῦν-

178 4182 273 4218 ται
323 4162 477 4229 θεοὺς
526 4160 686 4227 εἶναι,
722 4166 861 4235 μήτε
895 4165 1166 4237 παρόντας
1192 4166 1287 4220 καὶ
1332 4165 1671 4238 πράττοντας
1712 4184 1764 4221 τι

178 4256 438 4329 ὁρῶντες,
473 4258 548 4323 ώς
592 4259 641 4312 οἳ
680 4259 771 4313 τὸν
800 4258 950 4330 ἣλιον
998 4259 1090 4312 καὶ
1126 4258 1223 4329 τὴν
1258 4258 1487 4330 σελήνην
1522 4258 1764 4325 καὶτοὺς

179 4352 422 4423 ἀστέρας
463 4352 861 4422 θαυμάσαντες,
903 4351 990 4407 διὰ
1022 4351 1082 4405 τὸ
1128 4350 1271 4407 θέειν
1310 4352 1518 4422 ἔφασαν
1563 4353 1763 4425 κεκλῆ-

179 4445 313 4499 σθαι
356 4443 508 4509 θεούς
532 4462 545 4474 ’
582 4446 717 4517 μήτε
750 4443 868 4498 τινὰ
896 4444 1258 4515 δημιουργίαν
1291 4445 1473 4510 αὐτοῖς
1512 4444 1544 4517 ἢ
1594 4463 1763 4501 κατα-

1876 572 2243 639 insolentiam,
2276 572 2405 626 dum
2434 570 2503 626 ad
2534 585 2645 625 rem
2687 584 2809 626 sese
2846 569 3083 639 primum
3134 567 3449 637 accingunt,

1875 666 2181 719 molestiam
2234 665 2550 734 patiuntur;
2601 663 2676 717 ita
2730 660 2824 732 qui
2878 658 3085 729 aliquid
3148 656 3451 729 profecere,

1876 756 2152 824 multoque
2177 756 2350 825 magis
2377 754 2467 825 qui
2494 752 2717 824 perfecti
2736 753 2847 822 jam
2874 760 3022 816 sunt,
3048 750 3091 805 si
3116 766 3236 818 qua
3267 764 3454 802 susce-

1876 848 2072 917 perint,
2100 848 2230 903 dutn
2267 849 2424 903 facile
2455 847 2794 917 feliciterque
2826 844 3143 909 coniiciunt,
3175 843 3452 897 exsultant

1876 939 2095 1002 animis,
2129 954 2193 994 ac
2222 938 2548 993 solemnium
2581 953 2804 1007 operum
2837 934 3237 989 absolutionem
3292 932 3450 988 bonis

1876 1031 2156 1085 hominum
2191 1031 2449 1086 omnibus
2480 1038 2834 1099 anteponunt.
2863 1028 2929 1083 Et
2956 1044 3083 1083 vero
3106 1026 3450 1082 Democritus

1875 1122 2009 1191 ipse,
2048 1139 2270 1178 causam
2312 1139 2475 1177 unam
2505 1123 2766 1193 aliquam,
2818 1131 2879 1176 ut
2930 1120 3135 1186 ferunt,
3183 1120 3449 1186 invenire,

1875 1228 2037 1282 quam
2068 1213 2170 1267 sibi
2197 1212 2488 1267 Persarum
2519 1212 2808 1281 imperium
2842 1210 3098 1265 obvenire
3119 1208 3403 1263 maluisset
3433 1226 3447 1261 :

1874 1314 2037 1375 atque
2065 1304 2115 1358 id
2146 1304 2310 1357 homo
2337 1304 2429 1373 qui
2460 1319 2657 1358 causas
2682 1302 2886 1358 frustra
2909 1301 3198 1370 causisque
3219 1299 3451 1355 sublatis

1876 1397 2195 1467 inquireret,
2220 1411 2344 1452 cum
2372 1397 2533 1451 inane
2563 1396 2890 1467 principium
2918 1411 2982 1450 ac
3010 1395 3224 1465 plenam
3247 1391 3451 1445 erroris

1876 1489 2203 1560 bypothcsin
2247 1497 2489 1551 secutus,
2538 1497 2699 1557 atque
2744 1488 2799 1541 in
2844 1486 3027 1541 radice
3064 1482 3451 1551 communique

1876 1592 2081 1635 natura
2101 1596 2281 1636 rerum
2305 1580 2628 1635 necessitate
2654 1580 2966 1645 cacutiens,
2988 1593 3173 1633 eorum
3204 1591 3323 1645 qua
3348 1574 3452 1628 im-

1873 1675 2165 1744 prudenter
2189 1674 2492 1744 stolideque
2519 1673 2896 1742 contingerent
2920 1670 3191 1737 notitiam,
3220 1684 3451 1726 summa

1873 1768 2151 1837 sapientia
2183 1783 2356 1839 genus
2383 1775 2629 1837 putaret;
2680 1766 3062 1835 fortunamque
3103 1780 3282 1819 rerum
3320 1763 3449 1817 uni-

1874 1861 2169 1917 versalium
2211 1870 2376 1931 atque
2424 1863 2731 1918 divinarum
2776 1860 3052 1915 dominam
3096 1858 3451 1927 reginamque

1874 1953 2236 2017 constituens,
2284 1962 2589 2023 eateraque
2639 1951 2824 2006 omnia
2875 1950 2995 2019 ejus
3050 1950 3278 2003 arbitrio
3332 1949 3449 2003 tieri

1873 2046 2258 2117 pronuntians,
2284 2048 2545 2115 eamdem
2559 2055 2740 2101 tamen
2770 2045 2839 2099 ab
2871 2045 3122 2098 humana
3150 2043 3276 2098 vita
3301 2058 3449 2098 com-

1875 2138 2077 2195 mercio
2109 2140 2302 2212 procul
2335 2140 2627 2209 ablegaret,
2664 2139 2866 2208 quique
2894 2138 3040 2191 illam
3086 2136 3328 2192 colerent
3364 2137 3450 2189 in-

1875 2232 2054 2288 sulsos
2092 2247 2214 2288 esse
2259 2233 2626 2288 convinceret.
2662 2230 2805 2286 Sane
2849 2230 3067 2299 quidem
3103 2228 3336 2298 ipsomet
3366 2230 3449 2282 in-

1874 2325 2220 2380 stitutionum
2267 2341 2493 2380 suarum
2542 2324 2788 2391 exordio,
2834 2323 2915 2378 sic
2957 2322 3240 2391 loquitur:
3280 2339 3299 2373 ι
3332 2319 3446 2375 Πο-

1872 2416 2072 2484 mines,
2101 2416 2308 2487 inquit,
2336 2417 2463 2472 dum
2502 2416 2743 2471 stultitia
2770 2431 2882 2470 sua
2908 2415 3084 2471 velum
3118 2423 3444 2484 quarerent,

1873 2522 2071 2562 vanum
2104 2506 2334 2562 fortuna
2360 2507 2717 2563 simulacrum
2747 2506 3021 2562 finxerunt
3048 2507 3275 2577 (pugnat
3301 2506 3444 2560 enim

1872 2612 2065 2671 suapte
2100 2612 2296 2655 natura
2336 2616 2459 2656 cum
2497 2600 2712 2654 fortuna
2750 2599 3087 2667 consilium),
3129 2596 3447 2652 inimicissi~

1871 2709 2126 2765 mamque
2151 2694 2455 2764 prudentia
2475 2693 2746 2750 dominari
2772 2692 3095 2755 voluerunt;
3122 2690 3333 2745 tametsi
3357 2705 3447 2759 po-

1870 2786 1979 2842 tius
2001 2787 2103 2843 hac
2126 2787 2288 2842 etiam
2314 2788 2672 2844 exterminata
2696 2784 3049 2857 funditusque
3066 2784 3302 2849 sublata,
3326 2783 3447 2853 ejus

1870 2876 1926 2931 in
1952 2877 2131 2934 locum
2161 2880 2390 2934 alteram
2414 2879 2559 2934 illam
2585 2877 2889 2942 sufficiunt;
2918 2893 3021 2933 nec
3040 2876 3185 2932 enim
3208 2874 3447 2931 fortuna-

1870 2977 1981 3024 tam
2025 2969 2115 3025 isti
2161 2968 2529 3040 prudentiam,
2581 2970 2675 3026 sed
2720 2968 3199 3041 prudentissimam
3244 2976 3447 3025 canunt

1869 3060 2259 3132 celebrantque
2299 3062 2597 3117 fortunam.
2636 3082 2654 3115 ι
2688 3061 2862 3118 Porro
2906 3063 3119 3118 utilium
3156 3062 3281 3117 vita
3316 3077 3447 3132 Ope.

1871 3170 1992 3208 rum
2012 3154 2382 3211 moderatores
2400 3168 2608 3221 omnes,
2628 3155 2876 3210 navanda
2895 3157 3011 3213 suis
3026 3172 3189 3227 opera
3210 3156 3445 3210 maxime

1871 3246 2229 3315 delectantur,
2249 3246 2575 3317 laudemque
2596 3248 2759 3303 simul
2780 3258 2833 3303 et
2854 3248 3079 3319 gloriam
3096 3265 3221 3305 cum
3239 3248 3443 3303 labori-

1870 3338 1973 3395 bus
2000 3339 2114 3395 suis
2151 3354 2251 3409 pro
2280 3339 2559 3395 communi
2595 3341 2771 3396 salute
2804 3343 3073 3413 susceptis
3099 3342 3445 3413 compensari

1871 3429 2058 3483 volunt
2082 3448 2094 3483 :
2124 3430 2215 3484 alii
2236 3430 2453 3501 quidem
2472 3432 2688 3499 alendo,
2714 3433 2949 3505 regendo
2964 3434 3184 3500 alii,alii
3218 3433 3444 3488 meden-

1870 3520 2069 3583 do,alii
2089 3521 2481 3591 rempublicam
2516 3522 3015 3595 geremoﬁpsique
3045 3523 3182 3579 adeo
3207 3523 3447 3593 philoso-

1869 3612 1962 3682 phi
1995 3628 2096 3668 suo
2124 3612 2217 3668 illo
2246 3612 2707 3669 instituendorum
2731 3614 3013 3670 hominum
3032 3626 3231 3670 conatu
3256 3631 3319 3669 ac
3336 3624 3446 3669 stu-

1868 3704 1961 3759 dio
1986 3705 2249 3775 majorem
2270 3705 2322 3759 in
2343 3706 2563 3760 modum
2588 3706 2907 3763 efferuntur.
2926 3707 3293 3762 Audebuntne
3317 3721 3445 3761 vero

1870 3794 2143 3865 Epicurus
2184 3806 2239 3850 et
2274 3794 2619 3853 Democritus
2649 3797 2852 3862 dicere,
2884 3799 3174 3854 molestum
3220 3799 3322 3855 sibi
3364 3809 3447 3853 at-

1869 3903 1975 3957 que
2026 3889 2264 3944 invisum
2293 3906 2415 3946 esse
2449 3890 2869 3961 philosophandi
2910 3893 3149 3948 munus?
3184 3892 3300 3947 lino
3331 3908 3443 3947 non

1871 3981 2038 4037 aliam
2072 3982 2317 4053 profecto
2335 3984 2464 4039 huic
2492 3984 2662 4038 animi
2695 3985 3029 4055 voluptatem
3066 3993 3439 4056 anteponant:

1868 4076 1970 4130 etsi
2004 4075 2149 4130 enim
2180 4075 2385 4130 bonum
2409 4076 2739 4146 voluptatem
2780 4091 2996 4131 omnem
3026 4092 3149 4132 esse
3176 4084 3443 4144 statuunt,

1868 4166 1973 4222 hoc
1998 4178 2180 4222 tamen
2212 4167 2392 4222 dicere
2426 4168 2779 4232 verebuntur,
2808 4168 3182 4238 philosophari
3206 4168 3311 4224 sibi
3335 4184 3443 4224 non

1866 4274 1989 4315 esse
2016 4258 2225 4330 vulgari
2254 4259 2532 4329 voluptate
2556 4260 2874 4327 jucundius.
2902 4260 3042 4317 Deos
3070 4275 3257 4331 porro,
3303 4273 3444 4329 quos

1866 4360 2041 4422 poeta
2073 4352 2291 4423 quidem
2315 4353 2569 4407 bonorum
2600 4362 2839 4408 auctores
2862 4354 3180 4422 pradicant,
3208 4353 3444 4422 philoso-

1866 4445 1959 4517 phi
1984 4460 2115 4501 vero
2142 4446 2253 4514 isti,
2280 4447 2482 4502 nullius
2508 4448 2730 4502 omnino
2763 4447 2890 4502 boni
2910 4447 2994 4502 vel
3016 4455 3267 4501 auctores
3298 4458 3442 4508 esse,

178 4535 387 4607 σκευὴν
422 4536 836 4607 προσνέμοντες,
884 4538 947 4591 ἵν’
982 4540 1047 4591 ἐκ
1092 4538 1185 4593 τοῦ
1236 4538 1427 4604 θεῖναι,
1457 4540 1603 4593 τοῦτ’
1649 4540 1764 4595 ἔστι

1873 4537 1953 4592 vel
1978 4537 2267 4608 participes
2301 4538 2531 4594 ridendo
2553 4538 2803 4608 jactant;
2838 4538 2994 4604 deos,
3030 4533 3441 4606 inquam,illos,

178 4627 431 4697 ποιῆσαι,
453 4627 841 4699 θεοποιήσωσιν
862 4629 1056 4693 αύτούς
1078 4630 1288 4701 (τούτου
1312 4631 1423 4704 γὰρ
1442 4632 1606 4687 ’ἑνεκα
1626 4633 1761 4705 πρὸς

176 4718 440 4792 ἀλήθειαν
488 4720 516 4774 ὁ
566 4721 671 4775 τῶν
721 4721 975 4777 ἁπάντων
1026 4721 1253 4795 ποιητὴς
1303 4725 1398 4778 καὶ
1437 4724 1761 4799 δημιουργὸς

182 4814 349 4884 μόνος
382 4813 497 4866 ἐστὶ
523 4813 675 4885 Θεὸς)
696 4832 711 4845 ·
747 4816 882 4887 μήτε
912 4815 1195 4887 διοίκησιν,
1231 4816 1264 4888 ἢ
1299 4818 1501 4889 κρίσιν,
1535 4819 1567 4889 ἢ
1604 4821 1761 4891 χάριν

180 4905 365 4960 αὑτῶν
394 4922 515 4959 τινα
548 4906 685 4978 πρὸς
711 4906 1033 4979 ἀνθρώπους
1076 4909 1433 4980 ἐκτιθέμενοι,
1478 4911 1563 4965 ἵνα
1598 4912 1760 4980 φόϐον

176 5000 209 5070 ἢ
241 4998 416 5070 τιμὴν
449 4998 783 5069 ὀφλήσαντες
815 5002 1279 5073 προσκυνήσωμεν
1311 5003 1530 5069 αὑτοῖς;
1564 5000 1641 5059 Ἦ
1668 5003 1759 5059 τοῦ

176 5092 392 5163 κόσμου
445 5091 729 5164 προκύψας
792 5092 1113 5167 Ἐπίκουρος
1137 5136 1153 5160 ,
1209 5096 1304 5150 καὶ
1360 5098 1450 5151 τὸν
1512 5097 1759 5170 οὑράνιον

178 5183 429 5257 ὑπερϐὰς
462 5184 763 5258 περίϐολον,
804 5187 837 5258 ἢ
872 5186 959 5243 διά
992 5206 1151 5242 τινων
1186 5191 1431 5261 κρυφίων
1481 5188 1545 5254 ἃς
1600 5191 1760 5261 μόνος

244 5338 368 5481 r7)
420 5338 672 5407 Ἀληθές.
709 5338 871 5396 Forte
897 5341 1080 5413 ἄηθες.
1119 5344 1306 5399 Vtcan.

272 5409 591 5481 mimici-rt
646 5410 757 5480 γὰρ
800 5410 1021 5481 γνώμη.
1075 5413 1306 5469 Praelar

272 5409 591 5487 λίψ-Φύσει
646 5410 757 5487 Tag)
800 5409 1021 5487 τηςῴμή.
1075 5413 1340 5469 Praelare
1388 5415 1599 5472 Tullius
1661 5434 1756 5487 pro

179 5479 470 5543 Marcello,
514 5479 659 5552 sect.
698 5482 728 5532 7
774 5479 1125 5552 :‘Nu’nq'uam
1180 5487 1447 5541 temeritas
1494 5505 1611 5541 cum
1661 5479 1759 5541 ’δο-

174 5552 379 5671 ρίεηιῖο
411 5551 797 5617 commiscetur,
829 5568 919 5606 nec
944 5551 1014 5607 ad
1038 5556 1314 5611 consilium
1342 5574 1498 5613 casus
1522 5558 1759 5612 admitti-

178 5631 283 5674 tur.
346 5636 398 5674 ο.

178 5631 283 5674 tur.
326 5631 398 5674 ID.

246 5690 363 5762 (49)
430 5690 550 5759 Τὴν
602 5693 814 5815 τύῦῃν.
866 5694 1138 5777 llactcnus
1200 5701 1361 5756 verba
1424 5699 1753 5757 Democriti:

178 5778 301 5815 mm:
344 5772 649 5815 sentiuntur
722 5780 914 5815 tonvstt
953 5777 1098 5815 sunt-
1133 5768 1192 5815 In

176 5778 301 5834 qua}
321 5772 649 5834 sequuntur
674 5765 914 5834 Dionysii
953 5777 1098 5823 sunt.
1133 5768 1207 5825 In.

247 5832 363 5899 (50)
417 5834 551 5889 Ἡδὺ
580 5834 669 5887 ὃν.
708 5832 866 5892 Forte
900 5837 1043 5907 ἥδιον

1868 4629 2069 4698 quibus
2113 4628 2333 4683 tandem
2382 4629 2686 4683 rationibus
2728 4636 2786 4682 ut
2814 4627 2948 4682 deos
2977 4644 3099 4682 esse
3132 4633 3319 4696 putent
3347 4623 3442 4677 ad-

1868 4723 2177 4789 ducuntur;
2210 4706 2350 4792 ques
2388 4737 2489 4777 nec
2521 4728 2820 4791 prasentcs
2863 4719 3103 4783 videant,
3130 4733 3230 4771 nec
3260 4730 3442 4769 rerum

1868 4814 2165 4884 quidquam
2194 4813 2484 4869 molientes
2519 4811 2688 4883 (quod
2732 4811 2904 4867 secuti
2942 4810 3131 4864 saltem
3168 4808 3443 4875 videntur,

1868 4906 1961 4977 qui
1985 4907 2179 4973 solem,
2215 4905 2403 4959 lunam
2455 4920 2521 4960 ac
2560 4904 2745 4960 stellas
2790 4901 3066 4969 admirati,
3116 4898 3290 4965 θεούς,
3338 4898 3443 4953 hoc

1867 5010 1951 5057 est
1999 5002 2143 5067 deos,
2174 5000 2263 5055 διὰ
2294 5000 2360 5055 τὸ
2411 5001 2591 5066 θέειν,
2628 4998 2683 5054 id
2715 5006 2818 5065 est,
2849 5012 2877 5051 a
2908 4997 3180 5052 currendo
3218 5003 3443 5049 vocatos

1868 5108 1990 5149 esse
2042 5093 2344 5166 dixerunt),
2381 5108 2482 5151 nec
2531 5092 2642 5147 ullo
2688 5105 2917 5162 prorsus
2961 5090 3017 5144 in
3067 5104 3293 5158 operum
3344 5094 3439 5141 aut

1869 5187 2211 5244 functionum
2251 5203 2451 5260 genere
2492 5186 2694 5243 versari
2743 5186 2991 5250 credant,
3022 5195 3080 5240 ut
3114 5200 3208 5240 eos
3247 5184 3311 5237 ἐκ
3348 5180 3443 5235 τοῦ

1940 5346 2052 5418 (Si)
2093 5346 2366 5418 Δωτῆρας
2393 5346 2567 5401 ἐάων.
2589 5346 2855 5402 Homerus
2882 5345 3075 5418 Odyss.
3104 5343 3145 5399 Θ
3167 5386 3182 5411 ,
3215 5360 3266 5418 v.
3300 5342 3441 5399 525:

1868 5480 1909 5543 Ε
1942 5414 2165 5543 Ἕονὲἔς
2192 5414 2337 5472 δ’δ’ὲν
2363 5419 2710 5487 προθύροισι
2742 5418 2861 5472 θεοὶ
2892 5414 3152 5485 δωτῆρες
3179 5414 3357 5469 ἐάων.

1916 5503 1933 5543 ι
1966 5505 2017 5542 v.
2119 5509 2152 5542 ο
2183 5507 2196 5543 :

1916 5503 2017 5544 tv.
2048 5488 2196 5544 555:

1950 5559 2184 5629 Ἑρμεία
2208 5598 2235 5629 ,ν
2253 5560 2384 5625 Διὸς
2418 5558 2511 5613 υἱὲ
2533 5601 2547 5627 ,
2580 5559 2849 5625 διάκτορε
2869 5599 2882 5621 ,
2910 5557 3096 5624 δῶτορ
3126 5555 3297 5609 ἐάων.

1940 5628 2439 5702 (52))Αδώρητοι.
2474 5631 2528 5684 Id
2563 5642 2665 5699 est,
2702 5630 2969 5702 nullorum
3006 5630 3441 5702 auctoresdmm-

1869 5696 1985 5755 runt
2009 5696 2041 5769 ,’
2075 5700 2177 5755 hoc
2220 5696 2439 5771 quidem
2490 5703 2609 5759 loco
2630 5696 2772 5771 ,ubi
2806 5699 3046 5770 δωτῆρες
3086 5708 3137 5753 et
3175 5696 3442 5768 ἀδώρητοι

1868 5781 2235 5842 opponuntur.
2267 5769 2343 5825 lo.
