3888 6526
447 376 582 432 1267

1427 373 1485 430 s.
1526 372 1817 430 DlONYSll
1855 369 2161 426 EPlSCOPl
2199 338 2658 424 ALEXANDBIM

3539 372 3688 428 1268

447 501 659 564 θεῖναι,
701 499 802 555 hoc
854 508 939 553 est
983 499 1050 553 ab
1093 498 1370 554 elliciendo
1417 499 1826 570 θεοποιήσωσιν,
1877 498 2006 552 deos

2110 488 2263 555 εἶδεν,
2295 491 2522 557 ἐξελθὼν
2569 488 2766 554 πυλῶν,
2799 489 2892 552 οὓς
2935 490 3046 560 (53)
3083 493 3138 544 ἐν
3171 491 3247 561 τῷ
3280 489 3422 561 κενῷ
3456 493 3686 545 κατεῖδε

447 591 680 645 elliciant
717 590 1019 661 (propterea
1073 591 1271 660 quippe
1298 592 1540 645 omnium
1573 591 1797 645 effector
1839 600 2004 659 atque

447 683 667 737 molitor
699 698 841 737 unus
869 697 997 736 vere
1029 680 1169 736 Deus
1192 682 1326 750 est);
1356 682 1505 735 nullo
1534 682 1767 751 denique
1795 681 1876 735 vel
1909 698 2026 750 gu-.

368 803 376 809 —
449 771 806 836 bernationis,
844 771 930 825 vel
981 770 1197 840 jutlicii,
1241 771 1322 825 vel
1356 771 1600 825 benelicii
1637 771 1853 826 vincqu
1879 787 2000 826 cum

447 861 761 918 hominibus
799 860 970 917 teneri
1009 862 1194 927 velint,
1227 869 1285 916 ut
1317 861 1521 916 cultum
1559 863 1626 917 iis
1658 863 1893 931 aliquem
1919 862 2004 916 vel

450 965 595 1007 metu
625 953 710 1008 vel
742 953 966 1009 honoris
995 967 1160 1008 causa
1204 953 1530 1009 debeamus?
1565 954 1705 1009 Num
1739 955 2005 1024 Epicurus

454 1041 609 1107 forte,
655 1058 778 1097 eum
819 1043 958 1096 ultra
1015 1041 1275 1096 mundum
1325 1043 1470 1097 hunc
1525 1043 1887 1112 prospiciens,
1943 1057 2006 1098 ac

448 1135 718 1190 cwlestem
760 1135 910 1189 illum
965 1135 1226 1189 ambitum
1273 1145 1725 1204 printer-gressus,
1763 1143 1856 1188 aut
1911 1149 2007 1204 per

448 1221 718 1274 occultum
771 1217 1045 1290 queddam
1100 1222 1363 1291 posticum
1424 1224 1636 1292 sibique
1677 1223 1778 1277 soli
1819 1233 2004 1276 notum

445 1327 718 1380 egressus,
753 1312 884 1368 deos
918 1313 972 1366 in
1021 1328 1194 1368 vacuo
1244 1312 1500 1383 degentes
1534 1314 1689 1377 vidit,
1737 1330 1802 1369 ac
1852 1329 2006 1368 sum-

447 1423 592 1460 mam
623 1423 811 1461 eorum
835 1407 998 1461 tantis
1023 1408 1077 1462 in
1108 1407 1320 1464 deliciis
1342 1408 1649 1464 felicitatem
1683 1409 2004 1475 admiratus,

449 1499 780 1567 voluptatem
826 1498 950 1553 inde
1001 1499 1361 1568 concupiscit,
1409 1510 1570 1570 atque
1619 1500 1765 1554 illam
1800 1517 1921 1569 quae
1954 1500 2007 1554 in

449 1605 620 1646 vacuo
669 1591 883 1645 ducitur
935 1591 1100 1644 vitam
1153 1593 1461 1659 aemulatus,
1505 1608 1696 1647 omnes
1752 1593 2010 1647 continuo

449 1693 707 1750 tanquam
751 1683 976 1737 deorum
1017 1683 1233 1737 illorum
1274 1685 1483 1740 similes
1519 1684 1755 1749 futuros,
1791 1684 1910 1754 ejus
1941 1683 2006 1737 ad

448 1773 724 1827 felicitatis
771 1774 1206 1829 communionem
1276 1790 1341 1830 ac
1395 1775 1708 1830 societatem
1771 1775 2004 1829 invitat:

447 1865 648 1932 quibus
680 1865 771 1938 ille
799 1852 1161 1933 coanaculum,
1194 1882 1302 1921 non
1334 1866 1445 1935 jam
1479 1867 1674 1922 caelum
1707 1878 1801 1922 aut
1834 1867 2007 1938 olym-

445 1973 599 2026 pum,
630 1967 688 2013 ut
713 1968 900 2028 poetic,
938 1959 1029 2015 sed
1062 1975 1292 2014 vacuum
1332 1961 1572 2026 instruit,
1605 1959 1906 2014 confectam
1939 1975 2005 2014 ex

448 2050 648 2105 atomis
677 2065 954 2120 apponens
987 2050 1341 2118 ambrosiam,
1369 2052 1715 2121 indidemque
1750 2051 2004 2106 haustum

445 2147 635 2194 nectar
675 2141 1011 2210 propinans‘!
1049 2140 1317 2194 Caeterum
1355 2140 1422 2196 iis
1451 2141 1518 2196 de
1541 2141 1703 2195 rebus
1723 2155 1844 2210 qua:
1872 2140 2009 2194 nihil

447 2231 515 2285 ad
559 2246 660 2286 nos
709 2231 1032 2300 pertineant,
1066 2231 1212 2285 mille
1239 2231 1546 2301 juramenta
1589 2245 1882 2302 sacrasque
1909 2229 2007 2284 ob-

445 2324 762 2380 testationes
787 2323 902 2380 suis
925 2323 1129 2394 passim
1156 2324 1310 2378 libris
1343 2323 1654 2390 inferciens,
1689 2337 1785 2394 per
1820 2320 2008 2378 Jovem

446 2416 668 2471 assidue
693 2417 779 2472 vel
812 2424 974 2486 negat
1009 2417 1214 2487 aliquid
1251 2417 1333 2471 vel
1368 2417 1632 2480 aliirmat;
1665 2418 2010 2486 lectoresque

447 2525 600 2574 suos,
634 2520 688 2565 et
723 2526 819 2567 eos
852 2511 1179 2581 quibuscum
1215 2510 1330 2580 ipse
1360 2511 1624 2581 disputat,
1649 2509 1876 2564 deorum
1912 2509 2012 2563 ob-

446 2602 668 2672 stringit
696 2602 979 2672 religione,
999 2617 1108 2657 non
1137 2603 1282 2673 quod
1316 2602 1439 2656 illos
1479 2602 1594 2672 ipse
1621 2609 1892 2667 vereatur,
1915 2607 2010 2654 aut

445 2693 746 2762 perjurium
777 2695 891 2748 ullo
922 2685 1084 2749 modo
1113 2693 1462 2760 reformidet;
1495 2694 1588 2750 sed
1622 2695 1839 2749 inanem
1871 2693 2011 2748 hanc

445 2792 611 2852 atque
639 2783 976 2852 mendaeem,
1003 2799 1308 2854 vanamque
1334 2800 1399 2838 ac
1431 2785 1566 2839 nihil
1597 2785 1818 2838 omnino
1843 2783 2011 2854 signi-

447 2875 699 2930 ﬁcantem
741 2875 1172 2946 disputationum
1215 2891 1443 2932 suarum
1493 2877 1842 2948 appendicem
1874 2875 2011 2931 eli'u-

445 2966 610 3031 tiens,
641 2981 752 3020 non
786 2967 944 3022 aliter
1003 2983 1067 3022 ac
1114 2969 1160 3022 si
1215 2977 1434 3023 excreet
1483 2976 1578 3023 aut
1630 2976 1877 3039 exspuat,
1915 2974 2010 3022 aut

446 3067 731 3114 convertat
774 3060 1005 3125 vultum,
1041 3069 1136 3114 aut
1178 3075 1399 3114 manum
1442 3068 1799 3116 commoveat.
1853 3059 2012 3131 Ejus-

445 3151 594 3207 modi
615 3152 815 3222 quippe
839 3155 1016 3207 omnis
1055 3152 1162 3207 ista
1187 3151 1412 3208 deorum
1434 3152 1736 3222 “appellatio
1769 3159 1875 3217 est,
1907 3168 2004 3208 su-
2031 3182 2079 3244 ο

441 3244 648 3314 perllua
690 3246 936 3314 quaedam
978 3260 1042 3299 ac
1089 3258 1282 3300 sensus
1310 3259 1504 3314 expers
1535 3244 1808 3315 studiique
1832 3244 2004 3298 simu-

442 3337 596 3392 latio.
618 3335 688 3391 At
715 3336 844 3391 illud
874 3336 1092 3406 quidem
1117 3337 1272 3406 longe
1293 3336 1679 3403 certissimum,
1697 3351 1819 3391 cum
1837 3335 2006 3390 Athe—

440 3429 662 3483 nienses
713 3443 744 3482 a
794 3426 1034 3483 Socratis
1086 3427 1306 3482 interitu
1358 3436 1647 3493 metueret,
1701 3444 1771 3483 ne
1827 3427 2005 3497 qualis

443 3529 563 3574 erat
607 3521 785 3574 aureos
817 3535 940 3574 esse
987 3520 1280 3586 videretur,
1308 3536 1508 3577 vacuas
1538 3520 1606 3576 iis
1651 3520 2004 3576 leviculorum

445 3613 672 3666 deorum
709 3613 934 3666 umbras
982 3629 1182 3667 novum
1229 3614 1608 3669 circulatorem
1657 3613 2004 3670 informasse.

443 3701 555 3757 Nec
585 3704 729 3756 enim
757 3702 1003 3772 profecto
1029 3712 1124 3758 aut
1155 3704 1493 3774 spiritalibus
1543 3721 1786 3776 unquam
1832 3705 2008 3761 oculis

446 3795 694 3864 suspexit
718 3795 771 3847 in
803 3795 1023 3861 ccelum,
1055 3805 1113 3850 ut
1136 3796 1498 3852 clarissimam
1528 3798 1677 3854 illam
1709 3797 2009 3867 superiori-

444 3887 548 3941 bus
579 3903 609 3941 e
636 3887 772 3942 locis
791 3903 978 3943 vocem
1009 3889 1314 3956 exaudiret,
1352 3906 1458 3960 qua
1492 3892 1732 3947 intentus
1754 3891 1843 3946 ille
1874 3906 2008 3946 con-

443 3979 734 4049 templator
754 3979 966 4036 alllatus
983 3996 1108 4036 cum
1130 3994 1294 4049 esset,
1319 3983 1642 4039 exclamavit
1665 4001 1678 4037 :
1704 3981 1833 4038 Caeli
1853 3999 2005 4037 enar-

444 4081 568 4124 rant
599 4071 824 4142 gloriam
865 4072 984 4137 Dei,
1019 4084 1068 4128 et
1102 4091 1261 4144 opera
1305 4092 1560 4129 manuum
1588 4075 1701 4145 ejus
1731 4077 2010 4129 annuntiat

442 4167 920 4235 ﬁrmamentum”.
959 4165 1068 4220 Aut
1112 4183 1243 4222 vero
1286 4169 1460 4224 solum
1491 4166 1669 4238 ipsum
1705 4175 1887 4222 mente
1911 4167 2010 4222 de-

444 4257 652 4325 spexit;
682 4255 787 4312 huc
808 4258 954 4312 enim
982 4259 1027 4313 si
1059 4256 1297 4323 fecisset,
1322 4261 1603 4315 didicisset
1635 4260 1842 4331 utique,
1865 4259 2012 4329 quod

445 4349 817 4404 Misericordia
863 4351 1078 4406 Domini
1120 4354 1275 4422 plena
1327 4366 1403 4408 est
1465 4365 1603 4409 terra
1620 4356 1697 4422 “;
1733 4356 2018 4426 quodque,
2067 4353 2282 4408 Domini
2333 4364 2409 4408 est
2435 4364 2575 4407 terra
2602 4362 2652 4407 et
2687 4352 2958 4428 plenitudo
3000 4352 3113 4421 ejus
3132 4352 3212 4415 “,

2106 583 2280 647 θεῡὺς,
2333 583 2426 636 καὶ
2467 582 2562 653 τὴν
2607 582 2802 654 πολλὴν
2849 581 3024 634 αὐτῶν
3078 583 3378 652 ἐμακάρισε
3422 581 3686 653 τρυφὴ-ι,

2105 673 2354 727 κάκεῖθεν
2397 672 2733 743 ἐπιθυμητὴς
2754 672 3042 742 γενόμενος
3065 672 3163 742 τῆς
3201 673 3416 743 ἡδονῆς,
3449 673 3553 726 καὶ
3589 673 3687 740 τῆς

2104 771 2162 822 ἐν
2200 766 2277 837 τῷ
2328 765 2468 836 κενῷ
2501 766 2743 837 ζηλωτὴς
2775 765 3001 835 διαίτης,
3031 765 3171 818 οὕτω
3203 765 3413 828 πάντας
3449 766 3550 817 ἐπὶ
3593 765 3684 818 τοῦ

2109 857 2458 929 μακαρισμοῦ
2496 857 2684 911 τούτου
2737 857 3057 928 μετουσίαν,
3108 856 3686 927 ὲξομοιωθησομένους

2104 949 2332 1012 ἐκείνοις
2377 950 2488 1010 τοῖς
2538 947 2696 1011 θεοῖς,
2745 947 3085 1019 παρακαλεῖ,
3138 947 3440 1016 συμπόσιον
3495 947 3688 1008 αὐτοῖς

2109 1041 2395 1111 μακάριον,
2440 1040 2536 1109 οὐχ
2583 1042 2719 1110 ὅπερ
2764 1040 2811 1091 οἱ
2859 1039 3096 1108 ποιηταὶ,
3129 1039 3218 1092 τὸν
3257 1039 3489 1110 οὐρανὸν
3525 1041 3562 1108 ἦ
3601 1039 3688 1091 τὸν

2107 1135 2368 1203 ὄλυμπον,
2400 1132 2534 1186 ἀλλὰ
2565 1133 2625 1186 τὸ
2658 1133 2810 1186 κενὸν
2845 1131 3177 1203 συγκροτῶν,
3213 1133 3275 1186 ἐκ
3305 1150 3364 1185 τε
3413 1132 3531 1184 τῶν
3564 1132 3689 1185 ἀτό-

2111 1242 2225 1294 μων
2256 1224 2365 1295 (54)
2387 1224 2484 1295 τὴν
2517 1224 2820 1295 ἀμϐροσίαν
2853 1224 3034 1287 αὐτοῖς
3062 1223 3403 1294 παρατιθεὶς,
3429 1224 3532 1276 καὶ
3557 1241 3691 1294 προ-

2112 1315 2279 1368 πίνων
2328 1316 2506 1378 αὐτοῖς
2549 1315 2606 1381 ἐξ
2651 1314 2871 1369 ἐκείνων
2919 1313 2982 1367 τὸ
3017 1313 3243 1384 νέκταρ;
3279 1315 3392 1366 Καὶ
3445 1314 3516 1386 δὴ
3571 1316 3691 1366 κατ’

2110 1407 2329 1460 ἐκείνων
2358 1405 2465 1458 τῶν
2501 1405 2665 1476 μηδὲν
2698 1406 2833 1476 πρὸς
2863 1406 3033 1476 ἡμᾶς,
3069 1405 3260 1476 ὅρκους
3297 1422 3358 1457 τε
3405 1406 3507 1458 καὶ
3539 1408 3689 1476 ὁρκι-

2109 1497 2279 1566 σμοὺς
2310 1494 2534 1565 μυρίους
2567 1496 2676 1558 τοῖς
2705 1491 2896 1546 ἑαυτοῦ
2933 1493 3154 1564 βιϐλίοις
3191 1494 3491 1564 ἐγγράφει,
3519 1493 3692 1563 ὀμνύς

2107 1606 2166 1641 τε
2193 1588 2429 1658 συνεχῶς
2461 1587 2536 1657 μὰ
2566 1587 2660 1640 Δία
2693 1587 2787 1640 καὶ
2818 1587 2882 1657 νὴ
2915 1586 3034 1650 Δία,
3062 1584 3300 1657 ἐξορκῶν
3333 1603 3396 1638 τε
3437 1586 3574 1648 τοὺς
3608 1587 3690 1637 ἐν-

2108 1683 2474 1752 τυγχάνοντας
2505 1679 2598 1734 καὶ
2619 1679 2752 1751 πρὸς
2779 1678 2872 1743 οὓς
2894 1678 3214 1746 διαλέγοιτο,
3236 1679 3375 1749 πρὸς
3393 1677 3506 1730 τῶν
3529 1677 3689 1738 θεῶν,

2110 1773 2171 1826 ού
2199 1772 2252 1825 τί
2287 1789 2388 1825 που
2421 1770 2606 1834 δεδιὼς
2639 1771 2798 1832 αὐτὸς
2829 1769 2961 1839 (55),
2993 1769 3026 1840 ἢ
3067 1767 3436 1838 δεδιττόμενος
3484 1769 3692 1828 ἐκεῖνος

2107 1865 2205 1937 τὴν
2239 1864 2541 1936 ἐπιορκίαν,
2563 1862 2716 1915 κενὸν
2737 1862 2794 1914 δὲ
2816 1861 2991 1925 τοῦτο,
3024 1861 3119 1915 καὶ
3138 1860 3356 1930 ψευδὲς,
3379 1859 3481 1913 καὶ
3503 1860 3688 1932 ἀργὸν,

2109 1961 2201 2014 καὶ
2221 1959 2432 2030 ἄσημον
2460 1955 2922 2028 ἐπιφθεγγόμενος
2950 1957 3062 2017 τοῖς
3081 1954 3258 2021 λόγοις
3279 1952 3454 2006 αὐτοῦ
3483 1950 3692 2021 παράρ-

2107 2069 2276 2122 τημα,
2294 2048 2404 2104 οἷον
2436 2052 2482 2102 εί
2510 2048 2603 2102 καὶ
2631 2048 2956 2120 χρέμπτοιτο
2988 2046 3080 2100 καὶ
3111 2044 3290 2108 πτύοι,
3320 2045 3386 2097 τό
3409 2061 3474 2097 τε
3518 2045 3684 2114 πρόσ-

2108 2162 2254 2198 ωπον
2305 2143 2546 2214 στρέφοι,
2601 2140 2696 2193 καὶ
2725 2139 2824 2210 τὴν
2855 2143 3012 2211 χεῖρα
3053 2137 3248 2208 κινοίη.
3283 2136 3532 2207 Τοιαύτη
3586 2134 3689 2205 γὰρ

2109 2235 2416 2305 ἀδιανόητος
2446 2229 2568 2304 ἧνή
2605 2233 2733 2301 παρ’
2766 2230 2915 2300 αὐτῷ
2937 2230 3031 2283 καὶ
3067 2229 3271 2300 ματαία
3302 2228 3631 2298 ὑπόκρισις,
3659 2229 3689 2295 1';

2107 2329 2216 2383 τῶν
2253 2326 2387 2380 θεῶν
2425 2323 2707 2394 ὀνομασία.
2760 2321 2922 2374 Ἀλλὰ
2959 2321 3117 2374 τοῦτο
3153 2320 3250 2391 μὲν
3279 2319 3582 2389 πρόδηλον,
3616 2319 3690 2369 ὅτι

2113 2421 2249 2491 μετὰ
2302 2417 2392 2471 τὸν
2438 2415 2758 2486 Σωκράτους
2822 2411 3050 2466 θάνατον
3102 2409 3468 2480 κατεπτηχὼς
3539 2409 3692 2477 ’Δθτπ
3748 2432 3750 2434 ·

2108 2511 2310 2573 ναίους,
2354 2507 2428 2571 ὡς
2484 2505 2559 2577 μὴ
2601 2503 2782 2574 δοκοίη
2827 2501 2974 2556 τοῦθ’
3006 2503 3141 2573 ὅπερ
3187 2497 3277 2572 ἦν,
3308 2499 3494 2564 ἄθεος
3533 2495 3690 2558 εἶναι,

2110 2601 2280 2664 κενὰς·
2300 2599 2480 2661 αὐτοῖς
2499 2595 2879 2671 ἀνυποστάτων
2899 2594 3034 2647 θεῶν
3060 2593 3543 2664 τερατευσάμενος
3561 2591 3693 2654 ἐζω-

2109 2695 2358 2766 γράφησε
2409 2691 2586 2755 σκιάς.
2637 2688 2773 2744 Οὔτε
2827 2688 2938 2759 γὰρ
2989 2689 3070 2752 είς
3117 2686 3343 2758 οὐρανὸν
3390 2684 3694 2753 ἀνέϐλεψεν

2109 2791 2313 2862 νοεροῖς
2345 2784 2664 2855 ὀφθαλμοῖς,
2697 2782 2788 2835 ἵνα
2817 2781 2916 2858 τῆς
2947 2777 3208 2851 ἐναργοῦς
3247 2776 3454 2832 ἄνωθεν
3517 2775 3694 2844 φωνῆς

2109 2879 2338 2952 ἀκούσῃ,
2371 2873 2438 2950 ἧς
2458 2879 2486 2930 ὁ
2514 2874 2871 2946 προσεκτικὺς
2904 2870 3100 2943 θεατὴς
3132 2868 3484 2931 κατακούσας
3525 2869 3696 2938 ἐμαρ-

2108 2971 2342 3043 τύρησεν
2364 2987 2378 2999 ·
2409 2969 2490 3020 ὅτι
2537 2968 2604 3019 0i
2645 2963 2888 3032 οὐρανοί
2928 2958 3496 3031 διηγοῦνταιδόξαν
3527 2957 3694 3012 Θεοῦ.

2111 3064 2359 3132 ποίησιν
2381 3060 2449 3114 δὲ
2471 3057 2682 3131 χειρῶν
2701 3055 2888 3111 αὑτοῦ
2903 3054 3255 3124 araneus:
3269 3055 3334 3108 τὸ
3351 3053 3694 3121 στερέωμα.

2112 3155 2246 3210 υύτε
2267 3158 2333 3226 τῇ
2363 3151 2568 3223 διανοίᾳ
2586 3150 2827 3206 κατεῖδεν
2850 3150 2928 3212 είς
2948 3147 3209 3217 τοῦδαφος
3225 3163 3240 3177 ·
3277 3145 3448 3217 ἔμαθε
3463 3148 3587 3217 γὰρ
3611 3145 3693 3208 ἂν,

2107 3249 2328 3315 ὃτι,Τοῦ
2342 3245 2552 3311 ἐλέους
2561 3243 2781 3313 Κυρίου
2794 3241 3033 3311 πλήρης
3046 3243 3084 3310 ἡ
3102 3238 3198 3311 γῆ,
3217 3240 3311 3292 καί
3324 3239 3429 3302 ὅτι,
3451 3239 3575 3293 Τοῦ
3587 3241 3695 3291 Κυ-

2101 3341 2239 3410 ρίου
2260 3341 2298 3408 ἠ
2324 3336 2422 3410 γῆ,
2444 3335 2628 3390 καὶτὸ
2652 3335 2938 3404 πλήρωμα
2959 3331 3166 3400 αὐτῆς·
3185 3331 3300 3396 καὶ,
3324 3331 3489 3384 Μετὰ
3512 3331 3696 3384 ταῦτα

2111 3430 2244 3504 γὰρ,
2289 3429 2441 3500 φησὶ,
2492 3429 2710 3496 Κύριος
2751 3428 2839 3491 είς
2886 3424 3002 3492 τὴν
3050 3422 3168 3493 γῆν
3215 3421 3549 3489 ἐπέϐλεψε,
3601 3421 3691 3472 καὶ

2111 3522 2457 3592 ἐνέπλησεν
2483 3506 2674 3588 αὑὲὴν
2697 3516 2816 3571 τῶν
2838 3515 3073 3587 ἀγαθῶν
3091 3514 3298 3569 αὑτοῦ.
3327 3513 3558 3583 Ψυχὴν
3587 3513 3690 3582 (56)

2113 3614 2342 3681 παντὸς
2367 3611 2510 3674 ζώου
2541 3610 2812 3679 ἐκάλυψε
2840 3608 2908 3662 τὸ
2950 3610 3277 3677 πρόσωπον
3297 3607 3520 3676 αὐτῆς.
3549 3608 3614 3660 Εἰ
3640 3606 3694 3659 δὲ

2113 3707 2190 3779 μὴ
2218 3707 2421 3778 σφόδρα
2447 3703 2866 3774 τυφλάνττουσιν,
2901 3700 3387 3771 ἐπισκεψάσϐωσαν
3413 3701 3521 3770 τὴν
3554 3716 3696 3768 παμ-

2113 3798 2355 3852 ποίκιλον
2401 3797 2509 3851 τῶν
2560 3796 2712 3861 ζώων
2753 3794 3170 3866 πολυπλήθειαν,
3216 3792 3288 3846 τὰ
3337 3795 3596 3862 χερσαῖα,
3632 3791 3694 3842 τὰ

2115 3893 2317 3965 πτηνὰ,
2346 3891 2414 3945 τὰ
2463 3889 2657 3962 ἔνυδρα
2676 3907 2691 3921 ·
2726 3890 2821 3943 καὶ
2855 3887 3346 3959 κατανοησάτωσαν
3377 3886 3460 3949 ὡς
3493 3883 3692 3955 ἀληθὴς

2119 3985 2212 4039 ἐπὶ
2240 3987 2306 4056 τῇ
2342 3984 2556 4037 πάντων
2587 3982 2765 4054 κρίσει
2801 3980 2912 4052 (57)
2955 3980 3171 4049 γέγονεν
3201 3979 3235 4048 ή
3273 3979 3559 4048 μαρτυρία
3603 3975 3691 4028 τοῦ

2119 4081 2414 4134 Δεσπότου·
2449 4080 2558 4133 Καὶ
2591 4077 2787 4134 πάντα
2810 4077 2959 4132 κατὰ
2985 4074 3099 4144 τὴν
3135 4074 3323 4130 αὐτοῦ
3356 4073 3695 4143 πρόσταξιν

2117 4170 2352 4240 πέφηνε
2375 4167 2532 4224 καλά
2559 4159 2696 4240 (58).

3263 4356 3320 4404 et
3352 4347 3491 4403 illud
3516 4362 3532 4400 :
3567 4345 3694 4398 Post

444 4445 558 4500 lucc
598 4448 756 4510 enim,
806 4447 1003 4516 inquit,
1045 4448 1302 4503 Dominus
1349 4451 1404 4502 in
1455 4459 1651 4503 terram
1699 4452 1949 4520 respexit,
1989 4459 2039 4504 et
2089 4450 2323 4519 implevit
2374 4449 2524 4503 illam
2574 4447 2722 4502 bonis
2773 4449 2906 4502 suis.
2956 4447 3149 4500 Anima
3188 4445 3362 4498 omnis
3399 4441 3694 4497 animantis

445 4544 651 4611 operuit
697 4543 888 4612 faciem
934 4543 1044 4612 ejus
1069 4546 1135 4598 ³⁸.
1171 4544 1275 4610 Qui
1325 4545 1372 4599 si
1416 4542 1584 4605 nimia
1612 4546 1854 4601 caecitate
1883 4561 1994 4600 non
2038 4547 2308 4612 laborant,
2341 4553 2544 4600 tantam
2600 4545 2857 4608 illam‘ac
2915 4552 3024 4597 tam
3074 4539 3284 4595 variam
3322 4539 3692 4592 animantium

447 4639 855 4704 multitudinem
938 4643 1397 4712 contemplemur,
1462 4651 1824 4710 terrenarum,
1877 4643 2198 4707 volatilium,
2249 4643 2605 4711 aquatilium;
2673 4655 2738 4694 ac
2809 4639 3029 4694 demum
3108 4635 3452 4703 intelligant,
3528 4646 3693 4701 quam

445 4751 636 4793 Verum
686 4736 876 4792 hocin
911 4737 1154 4818 omnium
1206 4737 1584 4817 procreatione
1635 4738 2008 4793 testimonium
2059 4738 2225 4793 fuerit
2253 4756 2267 4793 :
2297 4737 2365 4792 Et
2409 4738 2586 4790 omnia
2621 4738 2907 4790 secundum
2952 4733 3067 4802 ejus
3107 4730 3421 4785 mandatum
3473 4729 3696 4781 exstite—

449 4837 570 4882 runt
595 4828 752 4881 bona.

517 4922 562 4955 ²³
601 4921 746 4978 Psal.
779 4940 945 4992 xvnl,
980 4926 1028 4978 l.
1105 4928 1149 4957 ’δ
1187 4925 1332 4987 Psal.
1362 4944 1510 4981 xxxii
1533 4971 1546 4995 ,
1577 4928 1629 4981 5.
1707 4928 1755 4958 "
1791 4924 1935 4984 Psal.
1979 4943 2008 4981 x

2119 4968 2134 4993 ,
2163 4925 2213 4981 l.
2287 4926 2333 4956 ²⁶
2371 4923 2536 4979 Eccli.
2570 4939 2684 4986 xvi,
2707 4922 2796 4988 50,
2823 4921 2913 4976 5L

2052 5071 2097 5124 D
2125 5067 2390 5136 descripta
2433 5073 2565 5138 sunt
2584 5107 2599 5130 ,
2637 5063 2830 5138 subdit
2859 5059 3126 5138 Eusebius
3154 5077 3187 5138 ς.
3211 5056 3400 5111 Ταυτὰ
3441 5072 3544 5138 μοι
3589 5052 3702 5138 ἀπὸ

2121 5127 2386 5194 πλείστων
2418 5127 2871 5205 ἐξήνθίσται-τῶν
2899 5130 3033 5201 πρὸς
3066 5127 3388 5205 Ἐπίκουρον
3429 5127 3695 5205 Διονυσίῳ

2119 5193 2198 5276 τῷ
2231 5209 2350 5261 καθ’
2384 5193 2530 5276 ἡμᾶς
2561 5203 2841 5272 ἐπισκόπῳ
2889 5193 3307 5276 πεποιημένων]
3329 5195 3469 5276 Haec
3495 5193 3630 5272 mihi
3669 5209 3696 5244 e

2121 5262 2358 5350 pluribus
2392 5262 2558 5329 libala
2583 5285 2707 5350 sunt
2738 5262 2893 5347 atque
2930 5262 3213 5350 decerpas,
3238 5282 3357 5348 quin
3403 5264 3694 5350 Dionysius

2121 5337 2388 5418 Episcopus
2421 5346 2637 5417 aequalis
2681 5337 2856 5406 noster
2892 5337 3139 5398 adversus
3168 5337 3456 5410 Epicurum
3502 5337 3690 5405 disp:—

2121 5422 2271 5476 tavit.
2293 5418 2469 5480 'GALL.

541 5064 628 5129 55)
673 5067 808 5132 υῦς.
842 5067 1003 5123 Forte
1031 5068 1175 5132 τούς.
1210 5068 1402 5124 Vrat-1n.

686 5137 954 5209 ’Atdnmr:
984 5139 1170 5194 Scribe
1206 5141 1412 5209 ἀτμῶν.
1450 5139 1525 5195 In.

543 5206 632 5271 55)
671 5209 881 5273 Αὐτός.
916 5207 1077 5263 Forte
1107 5206 1322 5272 αὐτούς.
1357 5209 1431 5264 In.

542 5275 631 5354 5‘6)
681 5278 911 5354 ιξζμχῇν.
963 5278 1124 5354 Forte
1167 5279 1333 5354 ψυχῇ.
1381 5283 1457 5354 In.
1494 5311 1563 5354 τ-
1599 5281 1791 5354 Ψυχήν
1835 5292 2014 5338 tamen

443 5347 666 5418 pragfert
693 5346 989 5418 Bibliorum
1023 5346 1192 5404 codei
1221 5346 1639 5407 Aléxandrinus.

520 5415 630 5483 (57)
669 5419 892 5485 Κρίσει.
928 5417 966 5470 F
971 5429 1088 5472 orte
1121 5420 1314 5472 κτίσει.
1350 5421 1426 5474 ln.

523 5496 846 5572 (58)Ka.1d.
892 5487 988 5546 His
1009 5487 1358 5566 Dionysiauis
1380 5491 1564 5548 relatis
1589 5507 1708 5564 quae
1733 5493 2017 5563 hucusque
