3888 6516
242 349 385 407 1269

1261 360 1353 417 EX
1389 362 1610 421 LIBRIS
1648 366 2014 427 ADVERSUS
2052 370 2453 431 SABELLIUM.

3332 385 3463 440 19.70

300 497 347 551 Ε
386 502 556 556 sacris
588 502 874 560 Parallelia
906 504 965 561 S.
1001 505 1224 561 Joannis
1252 508 1565 569 Damascem'
1607 515 2060 587 Rupefucaldinis.
2094 522 2227 591 Opp.
2260 534 2387 578 tom.
2414 523 2479 589 ll,
2514 541 2633 595 pag.
2660 524 2761 581 752
2791 526 2851 581 C.
2880 529 3006 583 edit.
3044 528 3216 585 Paris.
3250 530 3406 586 1712.

237 595 349 648 Τοῦ
400 599 558 666 ἁγίου
590 602 866 655 Διονυσίου
918 603 1316 676 Ἀλεξανδρείας
1360 611 1499 679 Περὶ
1543 614 1798 682 φύσεως.
1831 622 1878 677 Α

306 690 421 760 Οὐχ
463 691 646 757 ἁπλῶς
695 693 802 747 τῶν
850 696 1119 767 μεριστῶν
1161 698 1251 751 τοῦ
1304 703 1528 774 κόσμου,
1567 706 1661 759 κα)⁵
1694 707 1802 761 τῶν

233 781 331 833 ὐπ’
364 784 543 849 αὐτὸν,
573 786 789 840 καὶτοῦ
822 787 1053 859 ἀριθμοῦ
1096 791 1185 844 τοῦ
1217 794 1439 859 αἰῶνοςσ
1480 796 1614 850 ἀλλά
1663 800 1799 853 πάν-

2144 618 2200 673 S.
2236 618 2477 691 Dionysii
2511 621 2857 677 Alexandrini
2885 624 2959 678 De
2988 634 3208 679 natura.

1980 707 2096 763 Non
2128 711 2289 765 modo
2335 727 2519 766 earum
2564 714 2712 769 orbis
2757 730 2938 769 rerum
2975 732 3094 786 qua:
3121 716 3455 780 dividuntur,

1904 808 1959 854 et
1988 816 2174 855 earum
2213 819 2333 872 qua:
2383 805 2485 858 sub
2532 805 2651 874 ipso
2702 815 2849 870 sunt,
2900 807 3196 876 quinetiam
3243 811 3451 863 numeri

231 892 342 928 των
373 877 469 931 καὶ
498 878 607 934 τῶν
645 880 942 953 ἐλαχίστων
987 882 1229 957 ἄπειρος,
1274 886 1554 953 ἀτέλεστος
1600 890 1708 945 τῶν
1740 892 1765 943 ὲ

1905 893 2257 960 aeternitatis;
2288 893 2382 948 sed
2414 903 2467 949 et
2496 896 2736 950 omnium
2762 912 2988 966 prorsus
3015 908 3175 968 atque
3202 899 3454 953 minima-

231 964 545 1036 ἀνθρώποις
575 971 608 1040 ἡ
641 970 860 1039 γνῶσις.

236 1189 495 1201 ιιι-μμ

1902 998 2022 1038 rum
2047 985 2227 1040 nescia
2260 994 2363 1051 est,
2396 1002 2495 1043 nec
2523 989 2755 1057 erudita,
2788 990 3070 1046 hominum
3089 992 3345 1063 cognitio.

1738 1354 1925 1442 III.

793 1561 956 1653 EX
1022 1564 1411 1668 LLBllIS
1479 1563 2087 1656 ADVERSUS
2156 1568 2864 1663 SABELLIUM.

1254 1753 1471 1817 (Εοειιη
1503 1756 1727 1818 Ρνωραν.
1754 1767 1922 1820 evang.
1948 1756 2035 1807 lib.
2060 1770 2140 1820 vn,
2167 1772 2273 1823 cap.
2301 1760 2399 1823 l9.)

358 2060 497 2130 Περὶ
527 2061 633 2115 τοῦ
664 2060 750 2131 μὴ
785 2061 1117 2132 ἀγέννητον
1151 2058 1302 2117 εἶναι
1325 2061 1438 2132 τὴν
1463 2063 1638 2131 ὕλην.

283 2155 409 2209 Οὐδ’
458 2156 651 2209 ἐκεῖνοι
703 2154 811 2226 (59)
863 2155 959 2226 μὲν
1004 2153 1112 2225 γάρ
1149 2155 1304 2221 ὅσιοι,
1336 2157 1386 2208 οί
1416 2155 1517 2227 τὴν
1551 2154 1679 2225 ὓλην
1705 2155 1779 2219 ὡς

210 2248 506 2318 Ξιγέννητον
548 2248 855 2319 ὑποχείριον
899 2248 979 2311 εἰς
1034 2247 1388 2320 διακόσμησιν
1436 2248 1666 2311 διδόντες
1704 2246 1781 2318 τῷ

207 2340 331 2411 Θεῷ
354 2358 367 2371 ο
400 2341 645 2413 παθητὴν
673 2341 780 2413 γάρ
810 2340 997 2412 αὐτὴν,
1028 2341 1122 2394 καὶ
1152 2342 1388 2413 τρεπτὴν
1412 2341 1776 2413 ὑπάρχουσαν,

204 2432 381 2485 εἴκειν
428 2436 547 2497 ταῖς
591 2432 923 2503 θεοποιήτοις
964 2431 1300 2485 ἀλλοιώσεσι.
1332 2433 1442 2486 Kal.
1483 2432 1645 2485 πόθεν
1672 2431 1779 2504 γάρ

203 2524 443 2596 ὑπάρχει
471 2523 565 2578 καὶ
594 2522 672 2595 τῷ
699 2522 837 2594 Θεῷ,
856 2524 945 2576 καὶ
968 2526 1032 2595 τῇ
1069 2523 1189 2597 ὕλῃ,
1214 2524 1274 2577 τό
1306 2542 1364 2578 τε
1394 2525 1574 2594 ὅμοιον
1608 2525 1699 2577 καὶ
1719 2524 1778 2576 τὸ

200 2618 477 2688 ἀνόμοιον,
522 2616 956 2687 διασαφήτωσαν.
1028 2616 1315 2687 Ἑκατέρου
1370 2616 1477 2687 γὰρ
1533 2616 1614 2669 δεῖ
1658 2615 1777 2669 τινὰ

198 2710 489 2780 ἐπινοῆσαι
531 2710 831 2781 κρείττονα,
875 2708 903 2762 δ
955 2709 1088 2780 μηδὲ⁹
1128 2708 1341 2779 θεμιτὸν
1372 2710 1620 2779 ἐννοῆσαι
1651 2712 1776 2782 περὶ

197 2800 297 2854 τοῦ
332 2800 487 2854 Θεοῦ.
514 2802 586 2854 Τό
612 2819 671 2855 τε
696 2799 803 2873 γὰρ
825 2801 1137 2873 ἀγέννητον,
1162 2801 1345 2872 ὅμοιον
1369 2803 1426 2854 ὲν
1447 2802 1777 2872 ἀμφοτέροις

194 2893 515 2964 λεγόμενον,
550 2894 641 2946 καὶ
673 2893 857 2966 ἕτερον
889 2892 1174 2963 νοούμενον
1209 2893 1338 2965 παρ’
1373 2893 1651 2964 ἑκάτερον,
1678 2894 1776 2947 πό-

194 2984 295 3037 θεν
326 2986 384 3038 ὲν
428 2984 609 3047 αὐτοῖς
640 2982 894 3052 ἐγένετο;
928 2984 991 3036 El
1027 2984 1124 3053 μὲν
1153 2982 1261 3054 γάρ
1309 2983 1439 3036 αὐτὸ
1485 2983 1775 3055 ἀγέννητὸν

194 3078 352 3129 ἐστιν
384 3078 412 3129 ὁ
455 3075 606 3140 Θεὸς,
640 3076 733 3129 καὶ
776 3074 932 3129 οὐσία
974 3074 1121 3129 ἐστὶν
1172 3073 1356 3139 αὐτοῦ,
1399 3074 1474 3138 ὡς
1523 3074 1588 3129 ἂν
1633 3074 1774 3128 είποι

190 3186 305 3234 τις,
343 3170 377 3238 ή
427 3167 737 3240 ἀγεννησία,
776 3169 875 3221 οὐκ
918 3166 984 3222 ἂν
1016 3167 1309 3236 ἀγέννητον
1353 3166 1437 3238 εἴη
1471 3169 1503 3238 ή
1540 3166 1637 3239 ὕλη
1662 3184 1675 3198 ·
1712 3167 1773 3221 οὐ

190 3262 309 3333 γὰρ
340 3261 529 3315 ταυτόν
562 3263 705 3316 ἐστιν
735 3263 767 3332 ἡ
805 3260 926 3333 ὖλη,
963 3261 1055 3314 καὶ⁸
1079 3263 1107 3313 ό
1140 3260 1291 3324 Θεός.
1329 3261 1392 3313 El
1424 3260 1481 3313 δὲ
1515 3256 1773 3332 ἑκάτερον

190 3355 305 3427 μὲν
354 3352 519 3418 ἔστιν,
547 3354 683 3424 ὅπερ
733 3354 877 3408 ἐστὶν
907 3355 940 3424 ἡ
976 3352 1074 3424 ῦλη
1110 3354 1201 3406 καὶ
1233 3356 1261 3407 ό
1310 3352 1461 3416 Θεὸς,
1513 3353 1772 3424 πρόσεστι

188 3446 248 3500 δὲ
288 3446 619 3517 ἀμφοτέροις
652 3446 713 3500 τὸ
740 3446 1032 3517 ἀγέννητον
1055 3463 1069 3478 ο
1111 3445 1270 3517 δῆλον
1302 3446 1376 3511 ὡς
1406 3446 1589 3519 ἕτερόν
1624 3448 1771 3500 ἐστιν

188 3539 485 3611 ἐκατέρου,
519 3540 611 3594 καὶ
651 3540 972 3611 ἀμφοτέρων
1005 3539 1371 3612 πρεσϐύτερόν
1400 3558 1459 3593 τε
1510 3540 1601 3595 καὶ
1634 3542 1772 3595 ἀνω-

186 3633 361 3704 τέρω.
419 3633 810 3706 ’Δνατρεπτικὴ
860 3633 917 3687 δὲ
969 3633 1268 3698 παντελῶς,
1318 3634 1412 3687 καὶ
1459 3633 1554 3688 τοῦ
1603 3633 1773 3689 ταῦτα

189 3726 582 3797 συνυπάρχειν,
616 3726 813 3797 μᾶλλον
844 3726 901 3780 δὲ
926 3726 1082 3781 τοῦτο
1106 3726 1192 3781 ἓτε
1200 3744 1292 3799 ρον
1314 3726 1491 3781 αὐτῶν
1515 3726 1612 3798 τὴν
1639 3726 1770 3797 ὓλην

186 3815 283 3884 ἐφ’
313 3816 511 3886 ἑαυτῆς
546 3817 830 3889 ὑπάρχειν,
866 3817 961 3872 καὶ
984 3820 1018 3889 ἡ
1048 3817 1147 3888 τῆς
1173 3818 1417 3882 ἐναντίας
1455 3818 1618 3883 ἕξεως
1656 3820 1771 3873 δια-

187 3907 357 3979 φορά.
392 3908 713 3965 Είπάτωσαν
740 3909 849 3983 γὰρ
876 3910 973 3982 τὴν
1005 3910 1204 3975 αἰτίαν,
1239 3910 1305 3963 δι’
1347 3913 1413 3983 ἦν
1446 3910 1769 3983 ἀμφοτέρων

185 3996 365 4053 ὅντων
407 4000 738 4071 ἀγεννήτων,
784 4004 814 4055 ό
860 4002 956 4073 μὲν
1002 4002 1131 4066 Geo;
1180 4002 1431 4074 ἀπαθὴς,
1478 4003 1764 4076 ἄτρεπτος,

184 4088 472 4160 ἀκίνητος,
509 4093 861 4163 ὲργαστικός·
906 4095 941 4166 ὴ
990 4094 1067 4160 δὲ,
1115 4094 1183 4148 τά
1235 4094 1471 4159 ἐναντία,
1526 4094 1765 4168 παθητὴ,

184 4180 425 4253 τρεπτὴ,
457 4181 707 4247 ἄστατος,
741 4182 1196 4255 μεταποιουμένη.
1228 4183 1339 4237 Καὶ
1371 4184 1485 4249 πῶς
1518 4185 1767 4256 ἥρμοσαν

184 4274 290 4325 καὶ
318 4272 677 4345 συνέδραμον;
712 4275 943 4347 Πότερον
974 4275 1112 4329 κατά
1153 4276 1249 4347 τὴν
1285 4276 1385 4346 τῆς
1432 4276 1563 4348 ὕλης
1607 4277 1765 4347 φύσιν

182 4357 541 4431 ἑξοικειὼσας
604 4368 793 4423 ἑαυτὸν
859 4369 1221 4440 ὲτεχνίτευσεν
1285 4369 1454 4441 αὐτὴν
1514 4373 1544 4424 ὁ
1594 4370 1762 4436 Θεός;

197 4458 368 4512 Ἀλλά
406 4459 561 4512 τοῦτό
608 4476 672 4527 γε
723 4459 942 4525 ἄτοπον,
976 4460 1177 4531 ὁμοίως
1224 4460 1526 4531 ἀνθρώποις
1568 4479 1764 4535 χρυσο-

181 4550 338 4619 χοεῖν
383 4550 478 4602 καὶ
517 4549 842 4622 λιθουργεῖν,
878 4552 971 4606 καὶ
1017 4552 1155 4606 κατὰ
1198 4552 1296 4616 τὰς
1339 4554 1502 4619 ἄλλας
1548 4554 1762 4625 τέχνας,

180 4638 326 4701 ὅσας
358 4642 413 4693 αἱ
461 4639 582 4694 ὕλαι
630 4642 963 4713 μορφοῦσθαι
1002 4644 1094 4696 καὶ¹
1141 4644 1439 4699 τυποῦσθαι
1487 4646 1761 4715 δύνανται,

2263 2064 2546 2121 Materiam
2574 2078 2695 2121 ortu
2731 2084 2833 2122 non
2857 2084 3052 2125 carere.

1950 2158 2249 2228 lmpietatis
2296 2163 2461 2215 etiam
2504 2162 2635 2216 illud
2671 2172 2775 2229 est,
2820 2162 2965 2233 quod
2995 2162 3240 2234 plerique
3269 2174 3441 2218 male—

1880 2246 2041 2313 riam,
2085 2249 2242 2319 cujus
2279 2260 2459 2306 ortum
2503 2253 2712 2307 nullum
2752 2269 2873 2310 esse
2906 2254 3091 2322 velint,
3126 2255 3320 2310 divina:
3344 2272 3443 2326 po-

1880 2341 2061 2395 testati
2107 2343 2456 2412 digerendam
2500 2346 2914 2416 ornandamque
2955 2347 3268 2417 subjiciam,
3302 2347 3433 2402 dum

1878 2446 1999 2486 eam
2052 2443 2245 2490 natura
2276 2450 2376 2491 sua
2409 2436 2701 2505 patientem
2747 2447 2910 2509 atque
2945 2439 3304 2505 tractabilem,
3333 2440 3435 2493 im-

1878 2538 2094 2592 pressas
2116 2524 2378 2581 divinitus
2413 2527 2741 2584 mutationes
2780 2528 2938 2584 facile
2978 2530 3162 2585 subire
3195 2530 3433 2584 tradunt.

1877 2612 2166 2671 Enimvero
2191 2616 2418 2673 doceant
2448 2618 2535 2673 isti
2564 2621 2657 2690 qui
2679 2620 2795 2674 lieri
2826 2620 3080 2689 potuerit,
3108 2630 3167 2675 ut
3189 2621 3242 2675 in
3265 2620 3434 2676 Deum

1877 2712 2040 2774 atque
2068 2708 2349 2762 materiam
2383 2709 2681 2764 similitudo
2713 2710 2912 2779 pariter
2947 2724 3011 2765 ac
3051 2709 3437 2765 dissimilitudo

1876 2798 2112 2854 caderet.
2154 2794 2292 2853 Nam
2326 2799 2492 2854 alium
2544 2800 2833 2869 quemdam
2888 2809 3117 2870 utroque
3170 2799 3439 2869 potentio-

1876 2905 1989 2946 rem
2031 2888 2271 2961 Cogitare
2302 2898 2415 2945 tum
2447 2899 2739 2961 oporteret,
2775 2891 2921 2959 quod
2976 2899 3153 2945 tamen
3213 2892 3280 2946 de
3324 2890 3436 2946 Deo

1874 2982 1959 3037 vel
2004 2982 2291 3051 suspicari,
2339 2982 2515 3037 nefas.
2549 2980 2685 3035 Nam
2738 2992 2791 3037 et
2838 2983 3015 3052 ipsum
3051 2991 3174 3037 ortu
3225 2998 3433 3049 carere,

1875 3074 2020 3145 quod
2068 3074 2126 3129 in
2163 3083 2395 3144 utroque
2438 3074 2616 3129 simile
2659 3074 2880 3138 dicitur,
2915 3082 2970 3128 et
3002 3074 3229 3127 alterum
3279 3073 3432 3140 illud,

1877 3167 2024 3238 quod
2057 3176 2250 3237 praeter
2284 3175 2572 3236 utrumque
2597 3166 2884 3236 cogitatur,
2917 3165 3192 3235 quomodo
3216 3164 3431 3219 tandem

1874 3261 1933 3315 in
1966 3260 2033 3315 iis
2058 3258 2240 3314 locum
2269 3256 2573 3313 babuit?Si
2595 3258 2739 3313 enim
2766 3258 2897 3313 illud
2931 3259 3109 3328 ipsum
3135 3259 3278 3328 quod
3308 3268 3432 3314 ortu

1877 3362 2051 3420 caret,
2080 3350 2223 3407 Deus
2252 3361 2359 3417 est,
2388 3351 2633 3421 ipsaque,
2665 3361 2726 3405 ut
2754 3350 2827 3405 ita
2849 3351 3048 3414 dicam,
3079 3359 3233 3406 ortus
3264 3366 3431 3420 nega-

1876 3445 1971 3510 tio,
2000 3444 2182 3499 divina
2211 3444 2446 3500 essentia
2476 3453 2597 3511 est;
2627 3459 2735 3499 non
2763 3443 2873 3513 jam
2902 3444 3042 3498 idem
3071 3442 3250 3512 ipsum
3281 3442 3429 3513 quod

1872 3546 1995 3595 ortu
2033 3546 2200 3604 caret,
2235 3536 2462 3591 materia
2508 3534 2691 3602 fuerit,
2741 3550 2865 3590 cum
2908 3532 3054 3590 Deus
3102 3542 3157 3589 et
3202 3535 3430 3588 materia

1871 3645 2039 3685 unum
2057 3629 2310 3700 idemque
2336 3643 2444 3682 non
2470 3627 2599 3682 sint.
2628 3626 2724 3682 Sin
2752 3634 2933 3682 autem
2960 3634 3252 3697 utrumque
3280 3627 3431 3682 dixe-

1870 3722 2001 3786 rint,
2042 3721 2096 3776 id
2144 3719 2363 3792 quidem
2406 3734 2527 3775 esse
2574 3718 2793 3790 pr0prie
2821 3720 2967 3790 quod
3008 3726 3113 3787 est,
3147 3719 3429 3775 materiam

1868 3812 2141 3878 videlicet,
2190 3821 2351 3883 atque
2401 3811 2593 3877 Deum,
2652 3822 2805 3867 ortus
2852 3820 3034 3867 tamen
3088 3812 3430 3886 negationem

1869 3908 2134 3963 ambobus
2154 3906 2445 3962 convenire
2470 3924 2484 3961 :
2508 3905 2797 3960 manifeste
2820 3906 3084 3975 sequitur,
3111 3906 3257 3961 aliud
3273 3906 3430 3977 quid-

1868 3999 2012 4070 piam
2042 4006 2236 4068 praster
2281 4005 2569 4067 utrumque
2617 3995 2947 4066 ponendum,
2980 3996 3124 4066 quod
3148 3996 3431 4066 antiquius

1869 4104 1936 4144 ac
1986 4089 2240 4158 superius
2281 4097 2515 4159 utroque
2546 4089 2636 4143 sit.
2682 4088 2801 4144 Jam
2841 4088 3135 4160 quominus
3185 4102 3281 4157 per
3310 4102 3431 4144 sese

1871 4179 2034 4235 ambo
2068 4179 2232 4235 simul
2286 4195 2407 4236 esse
2434 4182 2663 4251 possint,
2696 4181 2806 4237 imo
2834 4178 3128 4251 quominus
3156 4194 3187 4235 e
3215 4179 3430 4235 duobus

1868 4272 2121 4339 alterum,
2157 4271 2262 4327 hoc
2290 4282 2373 4328 est
2418 4273 2666 4339 materia,
2700 4288 2822 4329 esse
2858 4288 2954 4343 per
2978 4286 3099 4329 sese
3122 4282 3307 4343 queat,
3345 4270 3431 4325 vel

1866 4366 1985 4436 ipsa
2029 4365 2259 4422 rationis
2320 4375 2374 4421 et
2418 4366 2748 4422 conditionis
2806 4366 3089 4437 utriusque
3141 4364 3431 4422 diversitas

1866 4474 2094 4529 prorsus
2158 4460 2436 4530 impediat.
2486 4460 2705 4532 Alioqui
2733 4475 2954 4515 causam
3000 4460 3077 4515 illi
3111 4475 3248 4516 sane
3300 4458 3432 4514 aﬂ'e-

1867 4562 2010 4619 rant,
2040 4555 2395 4624 quamobrem
2431 4570 2554 4610 cum
2606 4564 2729 4609 ortu
2781 4554 2945 4609 ambo
2985 4562 3229 4620 careant,
3283 4552 3428 4608 Deus

1865 4646 2084 4715 quidem
2123 4661 2223 4702 nec
2273 4647 2385 4717 pati
2438 4647 2755 4717 quidquam,
2786 4662 2884 4702 uec
2914 4646 3137 4713 mutari,
3180 4659 3281 4699 nec
3312 4661 3428 4699 mo—

182 4735 573 4802 χειροκμητείν
621 4735 710 4789 τὸν
752 4734 902 4791 Θεόν.
938 4736 1001 4788 El
1046 4737 1101 4789 δὲ
1151 4737 1264 4789 οἵαν
1309 4738 1469 4802 αὐτὸς
1518 4739 1765 4795 ἐϐούλετο

1876 4740 1984 4794 veri
2018 4739 2212 4809 possit,
2241 4739 2491 4809 idemque
2537 4738 2702 4794 simul
2745 4737 3009 4792 elliciendi
3039 4737 3149 4791 vim
3180 4736 3379 4790 habeat
3408 4753 3423 4789 :

184 4822 334 4875 κατά
370 4823 465 4895 τὴν
497 4825 684 4879 ἑαυτοῦ
718 4827 908 4897 σοφίαν
952 4828 1173 4899 ἐποίησε
1224 4829 1322 4901 τὴν
1367 4830 1518 4904 ὓλην.
1550 4833 1609 4885 τὸ
1661 4852 1763 4887 πο-

185 4914 489 4989 λύμορφον,
525 4919 619 4973 καὶ
652 4920 1015 4991 παμποίκιλον
1044 4922 1144 4992 τῆς
1181 4922 1535 4995 δημιουργίας
1569 4926 1761 4979 ἑαυτοῦ

186 5007 387 5078 σχῆμα
436 5010 532 5063 καὶ
576 5010 746 5065 τύπον
798 5012 1287 5085 ὲνσφραγιζόμενος
1339 5017 1496 5088 αὐτῇ,
1550 5016 1642 5069 καὶ
1676 5015 1763 5070 εῦ-

267 5228 383 5302 (59)
425 5232 560 5285 Οὐδ’
592 5233 825 5299 ἐκεῖνοι,
858 5254 911 5289 κ.
946 5254 996 5289 τ.
1034 5236 1083 5290 λ.
1116 5236 1384 5294 Eusebius
1415 5240 1451 5294 l.
1485 5256 1534 5295 c.
1568 5241 1684 5297 hate
1712 5255 1765 5299 et

187 5303 867 5383 sequentiarecitanszita
902 5308 1276 5383 proloquilur;
1301 5310 1461 5381 Θήσω
1488 5311 1543 5383 δὲ
1580 5310 1761 5381 φωνὰς

181 5372 315 5451 τῶν
337 5372 441 5441 πρὸ
472 5375 503 5451 η
515 5373 629 5443 μῶν
641 5376 720 5451 -τὸ
740 5372 923 5451 ,δόγμά
950 5372 1404 5451 διη-κριϐωκότων,
1424 5381 1517 5434 καὶ
1544 5372 1760 5451 πρῶτοῦ

184 5457 257 5523 γε
288 5443 561 5523 ιξιονυσίου
582 5485 597 5509 ,
637 5445 696 5509 ὃς
718 5447 792 5523 Δέν
936 5443 1135 5523 πρώτῳ
1166 5450 1272 5523 τῷν
1307 5452 1443 5523 πρὸς
1475 5443 1759 5507 Σαϐέλλιον

185 5512 347 5595 αὐτῷ
380 5512 882 5595 γεγυμνασμένων,
924 5512 1049 5595 τάδε
1100 5512 1227 5595 περίι
1262 5512 1365 5574 τοῦ
1400 5512 1759 5595 προκειμένου

184 5582 419 5661 γράφει.
449 5582 685 5661 ipsumet
710 5582 886 5641 eorum
910 5585 1060 5642 verba
1085 5582 1371 5659 producam
1401 5582 1489 5661 qui
1516 5582 1636 5645 ante
1662 5611 1755 5648 nos

186 5654 295 5733 Ιξςξε
334 5655 795 5733 in_dispu_ta_lione_
833 5660 1023 5733 versati
1066 5654 1221 5725 sunt,
1274 5654 1429 5732 atque
1465 5664 1520 5716 in
1569 5664 1752 5733 primis

190 5722 479 5803 Dionysii,
509 5722 604 5803 qui
629 5728 683 5780 in
714 5730 881 5803 primo
908 5729 1163 5803 librorum
1189 5722 1366 5785 eorum
1394 5750 1521 5803 quos
1557 5722 1613 5787 in
1650 5733 1751 5788 Sa-

190 5792 409 5849 bellium
432 5792 776 5863 elucubravit,
796 5804 929 5854 hunc
961 5802 1014 5854 in
1038 5802 1246 5856 modum
1273 5805 1335 5858 dc
1373 5792 1426 5858 re
1459 5815 1565 5859 tota
1590 5804 1754 5873 philo-

1865 4832 2091 4886 materia
2127 4846 2256 4885 vero
2300 4830 2569 4886 contraria
2605 4829 2797 4884 subeat
2838 4828 3046 4893 omnia,
3079 4827 3278 4898 quippe
3304 4832 3431 4896 quae

1866 4925 1977 4996 pati
2036 4924 2347 4993 mutarique
2397 4923 2586 4991 possit,
2648 4922 2981 4987 inconstans,
3034 4926 3090 4975 et
3144 4919 3427 4989 multiplici

1866 5014 2282 5084 conﬁgurationi
2330 5014 2586 5069 obnoxia.
2609 5011 2730 5068 Jam
2754 5014 2850 5083 qui
2884 5012 3105 5067 tandem
3132 5011 3278 5067 inter
3305 5026 3426 5066 sese

1866 5242 2137 5311 sophatur.
2167 5237 2339 5295 Porro
2361 5240 2425 5293 ad
2449 5240 2549 5294 ista
2577 5238 2877 5311 Eusebiana
2903 5242 3016 5295 bare
3043 5240 3205 5294 habet
3232 5236 3425 5311 doctus

1866 5307 2133 5381 interpres
2164 5327 2175 5362 :
2218 5330 2236 5363 ι
2267 5311 2534 5381 Sabellius
2556 5352 2571 5375 ,
2618 5327 2651 5364 a
2687 5326 2793 5381 quo
2824 5309 3185 5366 Personarum
3228 5309 3289 5381 in
3320 5307 3420 5381 SS.

1865 5378 2061 5437 Triade
2082 5382 2359 5436 distinctio
2390 5379 2595 5435 nefarie
2627 5378 2943 5445 tollebantur,
2968 5381 3194 5434 alterum
3227 5378 3330 5431 hoc
3357 5380 3423 5433 de

1863 5462 2091 5506 materia
2132 5453 2404 5506 somnium
2456 5453 2523 5505 ab
2569 5451 2902 5522 Hermogene
2944 5458 3242 5522 acceperat.
3296 5445 3423 5522 Plu-

1862 5538 1948 5576 res
1992 5522 2251 5577 adversus
2301 5522 2594 5577 Sabellium
2646 5518 2808 5578 istum
2862 5522 3029 5577 libros
3076 5518 3113 5573 a
3164 5518 3421 5590 Dionysio

1860 5593 2229 5647 Alexandrino
2264 5592 2569 5648 elaboratos
2593 5609 2735 5657 esse,
2772 5608 2881 5646 non
2914 5601 3118 5646 tantum
3150 5605 3341 5652 unum,
3365 5601 3425 5643 ut

1862 5677 1970 5718 non
2000 5676 2160 5717 nemo
2187 5663 2447 5726 credidit,
2479 5664 2563 5720 vel
2591 5664 2695 5721 hoc
2723 5663 2943 5720 Eusebii
2982 5663 3103 5720 loco
3133 5660 3423 5717 manifeste

1863 5732 2221 5791 convincitur.
2252 5753 2287 5787 »η
2308 5733 2475 5792 ΕΔΜ..
