3888 6532
277 409 418 464 1277

1056 404 1395 461 EPISTOLA
1431 393 1778 462 CANONICA
1821 405 1911 460 AD
1949 403 2315 460 BASlLlDEM
2348 399 2754 460 EPISCOPUM.

3383 396 3522 451 1978

270 529 418 595 Τοὺς
472 528 541 582 δὲ
590 506 1099 597 ύφυστερίζονταξ
1151 528 1249 581 καὶ
1307 528 1702 597 διαρκοῦντας
1748 529 1808 583 ἐπ

1914 546 2039 592 _nes
2070 538 2412 601 exspectant;
2448 528 2539 582 sed
2575 525 2672 581 alii
2722 525 2951 597 quidem,
2993 524 3074 578 vel
3126 539 3301 578 omnes
3344 531 3522 575 trans--

262 619 575 683 πλεῖστον,
610 619 706 672 καί
747 618 924 688 μέχρι
953 620 1237 688 τετάρτης
1271 618 1548 689 φυλακῆς
1571 613 1842 692 διεγκαρὲ

259 711 605 780 τεροῦντας,
640 711 768 765 καθ’
809 711 890 780 ἢν
935 711 1035 765 καὶ
1063 711 1187 778 τοῖς
1219 713 1518 767 πλέουσιν
1563 716 1596 768 ὀ
1637 713 1842 782 Σωτὴρ

259 802 433 872 ἡμῶν
458 802 795 872 περιπατῶν
832 804 932 857 ἐπὶ
959 804 1067 873 τῆς
1095 805 1414 874 θαλάσσης
1434 805 1702 876 ἐπεφάνη
1724 847 1737 870 ,
1761 807 1841 872 ὡς

255 894 576 962 γενναίους
605 894 703 948 καὶ
732 898 1103 964 φιλοπόνους
1129 897 1557 967 ἀποδεχόμεθα.
1608 899 1736 965 Τοῖς
1772 899 1841 951 δὲ

247 985 481 1053 μεταξὺ
507 986 587 1052 ὡς
607 985 981 1055 ἐκινήθησαν
1003 985 1041 1056 ἢ
1063 987 1142 1053 ὠς
1160 987 1556 1057 ἠδυνήθησαν
1573 990 1838 1044 ἀναπαυ-

251 1074 564 1144 σαμένοις,
588 1075 674 1145 μὴ
716 1075 878 1130 πάνυ
912 1075 1269 1147 διοχλῶμεν·
1298 1078 1428 1132 ἐπεὶ
1448 1079 1603 1148 μηδὲ
1629 1080 1737 1146 τὰς
1769 1079 1838 1146 ἐξ

249 1165 379 1220 τῶν
410 1165 706 1236 νηστειῶν
741 1166 968 1238 ἡμέρας
997 1168 1142 1236 Ισως
1175 1169 1331 1238 μηδὲ
1366 1172 1580 1247 ὁμοίως
1615 1170 1836 1238 πάντες

246 1255 678 1326 ὃιαμένουσιν’
711 1257 850 1312 ἀλλ’
883 1261 936 1312 οἱ
963 1256 1080 1326 μὲν
1105 1258 1203 1310 καὶ
1243 1258 1446 1326 πάσας
1487 1261 1833 1330 ύπερτιθέα-

245 1366 362 1403 σιν
398 1351 592 1405 ἄσιτοι
630 1351 1067 1418 διατελοῦντες,
1098 1355 1152 1406 ol
1179 1351 1248 1406 δὲ
1273 1353 1406 1418 δύο,
1434 1356 1489 1407 οἱ
1539 1353 1608 1407 δὲ
1645 1355 1833 1423 τρεῖς,

245 1445 306 1496 οἱ
365 1441 437 1497 δὲ
481 1443 806 1513 τέσσαρας,
856 1447 910 1498 ol
959 1443 1027 1497 δὲ
1061 1445 1365 1515 οὐδεμίαν.
1412 1446 1524 1500 Καὶ
1553 1448 1679 1514 τοῖς
1714 1447 1834 1518 μὲν

243 1533 414 1590 πάνυ
450 1534 904 1604 διαποηθεῐσιν
940 1537 1010 1590 ἐν
1053 1537 1185 1604 ταῖς
1225 1537 1655 1606 ύπερθέσεσιν,
1705 1536 1833 1593 εἶτα

240 1626 630 1696 ἀποκαμοῦσι
657 1626 756 1680 καὶ
784 1627 1046 1697 μονονοὺ
1091 1629 1464 1694 ἐκλείπουσι,
1511 1631 1832 1701 συγγνώμη

244 1715 365 1786 τῆς
403 1717 733 1788 ταχυτέρας
777 1719 1060 1788 γεύσεως.
1101 1722 1173 1773 Ei
1214 1719 1282 1773 δέ
1328 1737 1489 1786 τινες
1527 1722 1641 1790 οὐχ
1675 1721 1834 1788 ὅπως

239 1811 362 1879 οὐχ
400 1810 863 1882 ὑπερτιθέμενοι,
903 1810 1064 1866 ἀλλὰ
1103 1811 1260 1882 μηδὲ
1295 1813 1746 1880 νηστεύσαντες
1793 1813 1831 1883 ἢ

1947 623 2190 687 mittunt,
2210 621 2389 692 jejuni
2414 627 2798 691 permanentes,
2832 617 2927 670 alii
2951 616 3104 681 duos,
3129 615 3226 669 alii
3259 625 3383 680 tres,
3424 614 3522 668 alii

1944 721 2196 781 quatuor,
2264 710 2364 764 alii
2429 709 2657 764 nullum.
2711 707 2777 761 Et
2834 707 2902 760 iis
2948 706 3156 775 quidem
3190 704 3362 774 quiin
3407 701 3516 755 illis

1946 804 2372 857 transmittendis
2418 801 2572 856 valde
2627 800 3018 862 laboraverunt,
3078 796 3265 850 deinde
3323 795 3517 864 defessi

1943 906 2086 963 sunt,
2111 905 2160 951 et
2189 895 2564 966 propemodum
2589 894 2857 964 deﬁciunt,
2879 889 3250 962 ignoscendum
3269 897 3346 940 est
3374 885 3510 957 quod

1941 990 2162 1045 celerius
2190 999 2423 1062 gustent.
2455 989 2515 1043 Si
2551 989 2639 1059 qui
2674 996 2849 1041 autent
2876 1002 2976 1039 non
3025 983 3179 1036 modo
3206 997 3307 1034 non
3339 989 3514 1033 trans—

1937 1084 2114 1137 missis
2163 1085 2256 1138 sed
2285 1100 2346 1136 ne
2360 1082 2622 1152 jejunatis
2651 1079 2881 1150 quidem,
2918 1077 2995 1131 vel
3042 1076 3200 1131 etiam
3231 1075 3286 1128 in
3317 1073 3514 1127 delica-

1939 1177 2006 1230 tis
2053 1176 2399 1246 opiparisque
2449 1175 2719 1238 conviriis,
2749 1170 3071 1240 consumptis
3100 1164 3514 1239 pratcedentibus

1935 1275 2164 1337 quatuor
2186 1266 2392 1330 diebus,
2423 1267 2492 1320 ad
2527 1267 2659 1319 duos
2695 1280 2884 1334 eosque
2918 1263 3058 1318 solos
3107 1270 3364 1314 extremos
3399 1257 3514 1312 dies

1935 1375 2052 1412 cum
2078 1360 2332 1424 venerint,
2359 1359 2470 1412 illis
2499 1375 2530 1412 a
2557 1375 2610 1412 se
2637 1359 2750 1412 cibo
2789 1373 2889 1410 non
2916 1363 3128 1426 gustato
3161 1349 3509 1413 transmissis,

1933 1451 2231 1508 Parasceve
2253 1462 2303 1506 et
2337 1449 2591 1516 Sabbato,
2625 1465 2871 1520 magnum
2927 1446 3052 1518 quid
3075 1457 3122 1500 et
3167 1444 3430 1516 egregium
3457 1456 3513 1494 se

1937 1545 2112 1616 facere
2153 1545 2488 1610 existimant,
2523 1543 2570 1596 si
2613 1541 2682 1594 ad
2734 1556 2987 1594 auroram
3017 1553 3178 1607 usque
3208 1547 3510 1605 permanse-

1939 1637 2043 1689 rint
2059 1653 2078 1697 ;
2123 1653 2228 1690 non
2265 1636 2512 1690 existimo
2560 1649 2646 1687 eos
2692 1647 2757 1685 ex
2805 1647 2952 1701 wquo
2986 1639 3246 1684 certamen
3286 1624 3512 1680 subiisse

1936 1744 2055 1780 cum
2080 1729 2143 1782 iis
2169 1729 2259 1799 qui
2282 1745 2336 1782 se
2357 1726 2595 1798 pluribus
2610 1725 2793 1780 diebus
2812 1726 2961 1794 prius
2987 1710 3352 1777 exercuerunt.
3380 1716 3509 1771 Ha'c

1935 1820 2169 1890 quidem,
2203 1830 2260 1874 ut
2295 1821 2486 1888 sentio,
2514 1823 2790 1876 consulens
2821 1817 2884 1870 de
2907 1817 3044 1870 hisce
3066 1813 3272 1882 scripsi.

239 1904 344 1957 καὶ
376 1903 789 1974 τρυφήσαντες
844 1904 952 1972 τὰς
1003 1905 1386 1978 προαγούσας
1426 1904 1749 1976 τέσσαρας,
1801 1903 1928 1963 εἶτα
1957 1911 2238 1981 ἐλθόντες
2261 1913 2360 1966 ἐπὶ
2389 1913 2498 1981 τὰς
2520 1912 2864 1978 τελευταίας
2886 1910 2994 1964 δύο
3023 1909 3122 1963 καὶ
3152 1910 3345 1978 μόνας
3369 1906 3512 1976 ἡμέο

228 2017 374 2067 ρας,
400 2001 586 2068 αὑτὰς
611 2002 1044 2072 ύπερτιθέντες,
1075 2001 1190 2070 τήν
1213 2020 1278 2056 τε
1305 2003 1708 2074 Παρασκευὴν
1725 2005 1824 2058 καὶ
1853 2007 1920 2061 τὸ
1984 2009 2307 2076 Σάϐϐατον,
2345 2013 2498 2082 μέγα
2531 2029 2587 2064 τι
2635 2010 2733 2064 καὶ
2794 2007 3069 2078 λαμπρὸν
3119 2003 3312 2059 ποιεῖν
3342 2003 3510 2070 νομί-

233 2092 448 2154 ζουσιν
476 2096 553 2150 ἂν
580 2097 758 2167 μέχρι
782 2098 892 2168 τῆς
920 2099 995 2152 ἕω
1029 2099 1448 2169 διαμείνωσιν,
1511 2103 1626 2155 οὐκ
1688 2099 1847 2172 οἶμαι
1882 2105 1998 2175 τὴν
2043 2107 2190 2177 ἴσην
2221 2107 2484 2178 ἄθλησιν
2539 2106 2760 2173 αὐτοὺς
2798 2104 3176 2173 πεποιῆσθαι,
3232 2099 3355 2167 τοῖς
3402 2101 3509 2167 τὰς

226 2191 528 2259 πλείονας
554 2193 774 2262 ἡμέρας
819 2197 1257 2265 προησκηκόσι.
1313 2195 1502 2250 Ταῦτα
1534 2195 1672 2265 μὲν,
1709 2199 1788 2265 ὠς
1821 2201 2041 2269 φρονῶ,
2071 2205 2502 2273 συμϐουλεύων
2529 2203 2660 2272 περὶ
2694 2203 2922 2257 τούτών
2941 2201 3193 2271 ἔγραψα.

305 2282 504 2338 ΒΑΛΣ.
553 2284 879 2338 Ἐπισκόπου
921 2285 1066 2349 τινὸς
1098 2286 1475 2359 ἐρωτήσαντος
1520 2288 1611 2343 τὸν
1647 2286 1808 2358 μέγαν

1991 2291 2154 2348 ΒΑιε.
2191 2292 2331 2349 Cum
2366 2294 2660 2364 episcopus
2692 2291 2916 2363 quidam
2947 2303 3206 2360 magnum
3235 2285 3384 2339 hunc
3406 2301 3504 2336 an-

224 2373 496 2445 ἀρχιερέα
519 2375 726 2441 τοῦτον,
753 2376 873 2429 καθ’
898 2377 964 2449 ἢν
992 2375 1140 2449 ὥραν
1163 2377 1362 2448 ἀνέστη
1387 2379 1415 2430 6
1440 2378 1697 2450 Χριστὸς,
1726 2380 1820 2448 ἐφ’

225 2459 278 2534 ᾧ
311 2467 455 2520 κατά
473 2466 570 2539 τὴν
613 2468 719 2540 πρὸ
758 2468 960 2540 ταύτης
999 2468 1145 2542 ὥραν
1193 2470 1611 2541 ἀπονηστίςειν,
1642 2474 1670 2526 6
1719 2473 1820 2544 ἀροι

223 2560 454 2629 χιερεὺς
502 2560 764 2633 προέθετο
808 2561 891 2615 ὅτι
997 2561 1170 2634 ἑορτὴ
1212 2562 1306 2615 τοῦ
1341 2562 1534 2632 Πάσχα
1580 2563 1718 2635 μετά
1758 2565 1818 2616 τὸ

221 2651 532 2722 ἀναστῆναι
561 2653 650 2706 τὸν
681 2653 907 2725 Κύριον,
951 2654 1205 2726 ἄρχεται·
1258 2655 1353 2708 καὶ
1385 2656 1490 2720 ἓως
1519 2656 1640 2708 τότε
1667 2655 1817 2725 ὀφεί-

219 2742 396 2814 λομεν
436 2742 748 2815 νηστεύεινο
778 2743 1079 2816 τηνικαῦτα
1110 2744 1189 2810 δὲ,
1223 2745 1284 2798 οὐ
1319 2745 1426 2818 πρὸ
1458 2745 1557 2817 τῆς
1580 2747 1815 2802 ἀναστά-

223 2851 394 2900 σεως,
438 2836 844 2907 ἁπονηστίζειν.
894 2838 1016 2891 Ὅτι
1046 2837 1103 2890 δὲ
1141 2837 1241 2891 οὐκ
1284 2837 1410 2911 ἐξῆν
1445 2838 1593 2910 αὐτῷ
1642 2842 1814 2894 εἰπεῖν

218 2926 331 2999 τὴν
380 2927 529 2999 ὤραν
571 2929 692 2983 καθ’
724 2931 792 3001 ἢν
840 2930 870 2982 6
912 2929 1119 3000 Κύριος
1167 2930 1386 3003 ἀνέστη,
1437 2932 1814 3005 ἀπελογήσατο

215 3019 338 3073 ἀπὸ
366 3019 627 3090 ῥημάτων
650 3019 918 3092 διαφόρων
935 3021 1357 3090 εύαγγελιστῶν,
1375 3024 1476 3076 ὅτι·
1511 3023 1576 3078 Εί
1606 3026 1700 3079 καὶ
1730 3027 1804 3100 μὴ

217 3111 437 3177 ἔξεστιν
467 3112 576 3166 ἀπὸ
607 3111 809 3167 τούτων
848 3111 1052 3182 γνῶναι
1083 3113 1182 3186 τὴν
1219 3113 1368 3189 ὥραν
1409 3115 1530 3171 καθ’
1561 3117 1629 3189 ἢν
1657 3117 1809 3188 ὀφεί-

218 3205 395 3277 λομεν
437 3206 844 3278 ἀπονηστίζειν,
881 3206 1018 3260 ἀλλὰ.
1057 3207 1185 3272 τοὺς
1224 3208 1326 3279 μὲν
1370 3209 1478 3281 πρὸ
1508 3209 1602 3263 τοῦ
1649 3227 1811 3282 μεσο-

215 3299 447 3354 νυκτίου
487 3299 714 3366 λύοντας
763 3301 864 3371 τὴν
913 3300 1188 3371 νηστείαν,
1239 3301 1315 3366 ώς
1366 3301 1664 3374 ὀλιγώρους
1715 3306 1808 3358 καὶ

215 3393 484 3463 ἀκρατεῖς
536 3392 893 3465 μεμφόμεθαο
929 3393 1056 3456 τοὺς
1095 3391 1154 3446 δὲ
1200 3393 1364 3466 μέχρι
1392 3395 1663 3468 τετάρτης
1705 3415 1805 3468 φυ-

213 3484 398 3555 λακῆς
444 3484 563 3555 ἦτοι
616 3483 813 3557 ὄρθρου
856 3482 1342 3556 ὲγκαρτεροῦντας,
1393 3485 1800 3559 ἀποδεχόμεθα·

209 3573 350 3636 ’τοὺς
377 3573 432 3626 δὲ
461 3575 520 3629 ἐν
546 3572 623 3644 τῷ
653 3574 860 3646 μεταξὺ
887 3574 1317 3639 ἁναπαυθέντας,
1339 3575 1438 3629 οὐκ
1467 3577 1769 3650 αἰτιώμεθα
1786 3597 1800 3610 ·

1930 2383 2160 2439 tistitem
2188 2385 2603 2457 interregasset,
2645 2401 2752 2456 qua
2797 2384 2931 2438 hora
2969 2380 3208 2436 surrexit
3226 2378 3501 2441 Christus,

1930 2487 1988 2532 ut
2028 2478 2166 2533 hora
2208 2495 2332 2550 qua:
2379 2480 2527 2534 illam
2567 2477 2868 2549 prmccssit,
2919 2474 3192 2546 jejunium
3246 2472 3500 2533 solveret,

1929 2573 2221 2642 proposuit
2265 2574 2495 2629 antistes
2518 2574 2665 2645 quod
2698 2573 2897 2628 festum
2928 2569 3176 2633 Paschze,
3211 2575 3500 2637 postquam

1926 2663 2194 2722 Dominus
2252 2666 2574 2732 surrexerit,
2618 2664 2832 2732 incipit,
2854 2673 2910 2717 et
2940 2677 3006 2716 eo
3038 2672 3212 2730 usque
3241 2658 3503 2713 debemus

1919 2757 2375 2828 jejunareztunc
2424 2768 2631 2825 autem,
2660 2774 2768 2812 non
2826 2765 2953 2811 ante
3003 2751 3499 2815 resurrectionem,

1918 2851 2191 2922 jejunium
2221 2854 2450 2910 solvere.
2486 2853 2628 2920 Quia
2677 2861 2858 2907 autem
2907 2865 3018 2905 non
3059 2855 3270 2920 poterat
3319 2847 3500 2901 dicere

1924 2945 2115 3001 horam
2149 2962 2256 3017 qua
2285 2946 2540 3003 Christus
2568 2946 2890 3013 resurrexit,
2918 2943 3201 3013 respondit
3226 2958 3293 2996 ex
3322 2940 3501 2995 diver-

1929 3037 2008 3092 sis
2047 3039 2230 3094 verbis
2259 3038 2907 3110 evangelistarum,quod
2934 3055 2948 3091 :
2976 3034 3090 3090 Etsi
3112 3050 3176 3089 ex
3211 3033 3278 3088 iis
3305 3032 3494 3085 horam

1918 3144 2024 3198 qua
2047 3127 2322 3199 jejunium
2372 3131 2584 3186 solvere
2619 3130 2903 3193 debemus,
2939 3141 3272 3198 cognoscere
3295 3139 3402 3179 non
3430 3123 3498 3176 li-

1918 3229 2059 3285 ceat,
2089 3235 2185 3276 eos
2211 3230 2390 3276 tamen
2413 3220 2509 3292 qui
2545 3230 2672 3276 ante
2715 3220 2953 3276 mediam
3005 3227 3220 3272 noctem
3277 3216 3495 3271 solvunt

1911 3309 2208 3382 jejunium,
2237 3321 2298 3368 ut
2344 3321 2748 3383 contemptores
2797 3321 2854 3367 et
2902 3311 3331 3380 intemperantes
3351 3308 3493 3362 vitu-

1913 3417 2210 3472 peramus;
2249 3421 2345 3462 eos
2386 3414 2594 3475 autem,
2627 3408 2722 3478 qui
2763 3406 2831 3460 ad
2875 3413 3126 3476 quartam
3157 3419 3330 3472 usque
3359 3401 3495 3475 vigi-

1913 3495 2066 3564 liam,
2111 3512 2210 3553 seu
2258 3499 2326 3554 ad
2359 3498 2662 3555 diluculum
2697 3514 2897 3570 usque,
2935 3497 3146 3552 fortiter
3169 3497 3489 3568 perdurant,

1913 3590 2326 3660 amplectimur;
2360 3607 2455 3649 eos
2488 3607 2616 3647 vero
2637 3592 2731 3663 qui
2761 3592 2970 3646 interea
2996 3589 3487 3660 interquieverunt,

210 3670 304 3722 ὅτι
337 3664 459 3718 οὐδὲ
487 3665 585 3729 τὰς
615 3665 675 3731 ἓξ
707 3665 921 3739 ἡμέρας
959 3665 1062 3737 τῆς
1086 3665 1182 3720 τοῦ
1228 3667 1436 3732 πάθους
1473 3669 1567 3722 τοῦ
1597 3670 1805 3742 Κυρίου

1914 3697 2021 3736 non
2045 3684 2512 3754 reprehendimus,
2539 3685 2667 3756 quia
2699 3700 2802 3740 nec
2833 3700 2929 3740 sex
2971 3683 3246 3754 passionis
3270 3680 3488 3737 Domini

211 3755 516 3826 ἑϐδομάδος
547 3757 749 3824 πάντες
780 3761 982 3832 ὁμοίως
1014 3760 1285 3817 ἀνύουσιν.
1321 3763 1384 3816 Οἱ
1430 3762 1529 3834 μὲν
1559 3765 1667 3837 γὰρ
1705 3765 1806 3829 τὰς

210 3845 406 3910 πάσας
451 3849 825 3920 νηστεύουσιν,
869 3853 920 3906 οἱ
970 3852 1027 3905 δὲ
1071 3851 1185 3918 δύο,
1232 3853 1282 3906 oi
1325 3853 1382 3906 δὲ
1427 3857 1598 3926 τρεῖς,
1651 3856 1700 3909 οἱ
1744 3855 1801 3909 δὲ

211 3940 462 4004 πλείους,
484 3943 533 3995 οἱ
562 3941 620 3996 δὲ
647 3945 921 4016 οὐδεμίαν.
940 3946 1064 4010 Τοῖς
1089 3941 1181 4000 οὖν
1213 3948 1272 4000 ὲν
1296 3945 1535 4002 πλείοσιν
1566 3948 1803 4020 ἡμέραις

206 4031 571 4103 νηστεύσασι,
605 4035 700 4089 καὶ
729 4038 1075 4102 κοπιάσασιν,
1105 4039 1153 4091 εί
1179 4037 1476 4109 ταχύτερον
1515 4039 1800 4108 γεύσονται

202 4125 443 4196 τροφῆς,
479 4125 810 4200 συγγνώμην
829 4128 1006 4183 δοτέον
1024 4146 1038 4160 ο
1067 4132 1181 4193 τοῖς
1209 4129 1268 4183 δὲ
1296 4129 1568 4202 τέσσαρας
1587 4131 1800 4202 ἡμέρας

205 4218 292 4289 μὴ
325 4218 706 4289 νηστεύσασιν,
741 4219 876 4274 ἀλλὰ
922 4222 1017 4276 καὶ
1045 4223 1376 4294 τρυφήσασι,
1427 4223 1568 4277 κατὰ
1606 4223 1663 4276 δὲ
1701 4223 1800 4296 τὴν

202 4311 577 4383 Παρασκευὴν
616 4311 796 4366 καὶτὸ
825 4313 1100 4368 Σάϐϐατόν
1132 4314 1480 4386 νηστεύσασι,
1525 4315 1600 4387 μὴ
1638 4332 1795 4387 νομι-

198 4404 366 4476 σθείη
404 4404 546 4476 μέγα
576 4424 631 4459 τι
679 4409 873 4472 ποιεῖν,
904 4408 952 4461 εί
997 4407 1159 4478 μέχρι
1185 4407 1400 4480 πρωῖας
1428 4406 1528 4479 τῆς
1559 4409 1797 4462 ἀναστα-

199 4499 374 4569 σίμου
435 4498 654 4572 ἡμέρας
715 4501 1214 4573 ὲγκαρτερήσουσιν
1291 4500 1500 4554 ἄσιτοι·
1561 4501 1622 4555 οὐ
1683 4501 1793 4574 γὰρ

196 4590 404 4659 ὁμοίαν
444 4592 721 4647 ποιοῦνται
766 4592 1012 4663 ἄθλησιν.
1047 4593 1158 4646 Καὶ
1190 4595 1224 4664 ἡ
1259 4593 1358 4664 μὲν
1404 4592 1671 4664 ἀπολογία
1698 4593 1794 4648 τοῦ

198 4681 454 4751 Πατρὸς,
486 4684 648 4755 αὕτη.
679 4685 751 4738 Σὺ
795 4684 851 4737 δὲ
890 4683 1163 4752 ἀνάγνωθι
1208 4684 1300 4739 τὸν
1335 4683 1422 4738 πθ⁹
1462 4686 1660 4740 κανόνα
1694 4689 1794 4758 τῆς

196 4775 263 4825 ὲν
313 4771 571 4844 Τρούλ).ῳ
618 4776 858 4840 συνόδου,
910 4776 1275 4848 διοριζόμενον
1332 4777 1791 4850 ἁπονηστίςεσθαι

198 4880 273 4917 πε
284 4864 339 4936 pl.
363 4862 533 4934 μέσας
562 4865 763 4930 νύκτας
778 4867 871 4921 τοῦ
893 4867 1130 4939 μεγάλου
1155 4868 1436 4923 Σαϐϐάτου
1456 4886 1469 4899 ·
1497 4870 1595 4934 τὰς
1617 4869 1672 4922 δὲ
1693 4870 1790 4924 ἀλ-

195 4955 304 5018 λας
320 4955 638 5027 ἡμέραςποῦ
661 4959 930 5032 σωτηρίου
951 4959 1174 5024 πάθους,
1195 4963 1253 5014 ἐν
1271 4961 1494 5033 νηστείᾳ
1508 4961 1600 5015 καὶ
1617 4979 1787 5034 προσ-

1912 3772 2270 3830 hebdomadaa
2313 3777 2451 3844 dies,
2489 3791 2682 3832 omnes
2738 3775 2992 3832 similiter
3039 3782 3325 3847 peragunt.
3380 3774 3485 3828 Alii

1907 3866 2057 3920 enim
2085 3882 2278 3924 omnes
2315 3868 2592 3940 jejunant,
2630 3868 2724 3923 alii
2761 3884 2893 3924 vero
2920 3869 3082 3934 duos,
3109 3869 3200 3922 alii
3231 3877 3360 3934 tres,
3393 3867 3486 3921 alii

1906 3971 2091 4020 autem
2128 3961 2336 4031 plures,
2367 3961 2460 4016 alii
2506 3976 2636 4017 vero
2674 3961 2908 4016 nullum.
2934 3959 3005 4016 lis
3038 3977 3170 4032 ergo
3190 3959 3284 4031 qui
3315 3960 3487 4030 pluri-

1905 4050 2012 4106 bus
2039 4051 2234 4108 diebus
2261 4052 2582 4124 jejunarunt
2630 4062 2686 4108 et
2719 4053 3062 4118 laborarunt,
3096 4053 3142 4108 si
3164 4054 3482 4107 alimentum

1904 4144 2069 4200 citius
2099 4145 2459 4217 gustaverint,
2486 4144 2644 4200 venia
2693 4145 2872 4200 danda
2898 4153 2983 4200 est
3008 4163 3023 4213 ;
3048 4160 3146 4200 eos
3175 4154 3358 4199 autem
3385 4146 3478 4215 qui

1902 4245 2142 4308 quatuor
2165 4237 2284 4294 dies
2325 4253 2437 4292 non
2477 4237 2819 4308 jejunarunt,
2844 4237 2941 4294 sed
2967 4237 3201 4319 delicate
3231 4237 3482 4308 opipare-

1904 4343 2014 4398 que
2042 4329 2320 4395 vixerunt,
2349 4330 2403 4384 in
2438 4329 2742 4386 Parasceve
2771 4339 2952 4386 autem
2984 4339 3038 4386 et
3084 4329 3481 4403 Sabbatojeju-

1900 4437 2121 4489 navere,
2141 4423 2458 4479 existimare
2472 4439 2583 4478 non
2612 4433 2826 4494 oportet
2847 4439 3104 4495 magnum
3125 4423 3257 4495 quid
3279 4423 3476 4490 facere,

1899 4515 1946 4570 si
2001 4531 2175 4586 usque
2232 4515 2298 4571 ad
2355 4517 2684 4572 matutinum
2737 4516 3156 4573 resurrectionis
3201 4515 3307 4570 diei
3359 4515 3478 4570 sine

1899 4607 2023 4662 cibo
2044 4607 2221 4679 jejuni
2270 4610 2714 4679 permanserint:
2749 4625 2927 4680 neque
2976 4611 3122 4664 enim
3157 4608 3333 4664 simile
3359 4625 3476 4662 cer-

1897 4707 2078 4753 tamen
2104 4699 2326 4753 adeunt.
2347 4698 2527 4769 Atque
2556 4699 2670 4753 haec
2696 4699 2914 4768 quidem
2937 4706 3020 4752 est
3041 4695 3220 4750 Patris
3248 4710 3474 4765 respon-

1895 4791 1998 4846 sio.
2023 4789 2104 4846 Tu
2133 4800 2317 4846 autem
2355 4792 2473 4862 lege
2493 4791 2559 4847 89
2583 4806 2707 4847 can.
2743 4807 2866 4862 syn.
2903 4790 2958 4843 in
2988 4788 3196 4854 Trullo,
3225 4797 3472 4861 stamen--

1895 4891 2006 4940 tem
2037 4884 2310 4954 jejunium
2347 4885 2668 4940 solvendum
2712 4899 2835 4939 esse
2869 4882 3015 4938 circa
3053 4880 3263 4935 medias
3281 4888 3474 4936 noctes

1895 4978 2079 5048 magni
2103 4976 2325 5032 Sabbati
2343 4994 2357 5043 ;
2378 4976 2704 5032 aliis—autem
2725 4974 2917 5029 diebus
2940 4970 3234 5028 salutiferae
3255 4969 3470 5042 passio-

194 5045 340 5114 ευχῇ
380 5043 475 5097 καὶ
504 5046 792 5113 κατανύξει
815 5049 1043 5119 διάγειν.
1071 5051 1224 5104 Ἐπεὶ
1249 5049 1306 5104 δὲ
1351 5050 1547 5118 ἔξωθεν
1575 5051 1667 5105 τοῦ
1691 5054 1788 5106 αύ-

1914 5068 2002 5134 iis,
2051 5068 2104 5123 in
2150 5068 2365 5140 jejunio
2389 5077 2444 5124 et
2476 5067 2727 5123 oratione
2749 5079 2802 5122 et
2822 5065 3244 5136 compunctione
3261 5065 3470 5120 versari

190 5135 292 5189 τοῦ
311 5137 533 5202 κανόνος
547 5141 884 5216 ὲσαφηνίσθη
899 5144 933 5212 ἡ
950 5143 1067 5208 ὥρα
1082 5145 1182 5214 τῆς
1195 5145 1238 5197 Χ
1249 5144 1431 5215 ριστοῦ
1447 5145 1793 5211 ἀναστάσεως

189 5229 311 5282 ἀπὸ
358 5229 630 5305 διαφόρων
659 5234 948 5306 Γραφικῶν
970 5235 1080 5308 [Ζσ.
1109 5236 1366 5310 Γραφῶν]
1398 5237 1536 5302 τέως
1569 5239 1791 5293 κατὰτὸ

188 5321 480 5392 ἐγχωροῦν
504 5325 586 5395 (τὸ
604 5325 712 5399 γὰρ
740 5326 936 5399 ἀληθὲς
960 5328 1118 5400 μόνος
1137 5325 1276 5385 οἶδεν
1297 5329 1325 5382 6
1348 5329 1584 5394 ἀναστάς
1603 5331 1780 5404 Θεὸς),

185 5416 485 5489 ὀφείλομεν
507 5420 683 5474 εἰπεῖν
709 5423 792 5476 ὅτι
823 5423 986 5496 μέχρι
1025 5425 1126 5496 μὲν
1157 5425 1258 5497 τῆς
1291 5425 1458 5498 ἕκτης
1496 5426 1648 5499 ὥρας
1689 5431 1783 5484 καὶ

190 5508 369 5579 αὐτῆς
387 5509 482 5564 τοῦ
503 5513 820 5586 νυκτερινοῦ
855 5515 1132 5571 Σαϐϐάτου
1156 5513 1443 5590 ὀφείλομεν
1471 5520 1773 5591 νηστεύειν.

200 5599 340 5654 Ἀπὸ
377 5601 436 5655 δὲ
464 5603 568 5674 τῆς
605 5604 841 5678 ἑϐδόμης
875 5607 1024 5681 ὥρας
1063 5610 1187 5663 ἐπεὶ
1228 5610 1454 5682 ἄρχεται
1490 5613 1523 5683 ὴ
1575 5614 1776 5685 κυριώα

189 5709 362 5762 νυμος
394 5695 514 5750 καθ’
544 5697 610 5768 ἢν
654 5702 747 5753 καὶ
776 5701 972 5774 ἀνέστη
1006 5705 1034 5756 ὁ
1065 5703 1298 5775 Χριστὸς
1332 5703 1508 5775 (εἰκὸς
1540 5705 1597 5759 δέ
1631 5708 1777 5761 ἐστιν

187 5783 225 5852 ἢ
257 5785 405 5838 κατά
427 5787 528 5859 τὴν
564 5790 796 5865 ὲὸδόμην
837 5794 870 5866 ἢ
904 5795 1046 5849 κατὰ
1085 5795 1184 5866 τὴν
1217 5796 1411 5869 ὀγδόην
1441 5797 1592 5871 ὥραν
1629 5804 1778 5870 γενέ-

191 5877 323 5934 σθαι
346 5881 444 5953 τὴν
477 5882 816 5961 ἀνάστασιν),
847 5888 948 5944 οὐκ
981 5889 1265 5963 ὀφείλομεν
1296 5891 1436 5949 κατὰ
1464 5893 1668 5962 ταύτας
1692 5913 1780 5971 νη-

1891 5172 2166 5233 oportere.
2230 5161 2502 5230 Quoniam
2544 5171 2726 5217 autem
2784 5161 3128 5217 extrinsecus
3171 5159 3240 5214 ab
3272 5157 3466 5214 eodem

1889 5270 2100 5311 canone
2117 5255 2389 5312 declarata
2413 5265 2500 5311 est
2533 5256 2668 5311 hora
2698 5254 2905 5310 Christi
2936 5250 3361 5309 resurrectionis
3387 5264 3456 5304 ex

1884 5345 2119 5402 diversis
2177 5345 2477 5417 Scripturis
2507 5388 2522 5413 ,
2595 5348 2772 5419 quoad
2853 5346 2972 5401 ﬁeri
3029 5345 3209 5417 potuit
3247 5343 3460 5413 (verum

1883 5439 2032 5496 enim
2076 5440 2228 5497 solus
2272 5440 2446 5508 novit,
2477 5441 2574 5511 qui
2632 5440 2935 5496 resurrexit
2966 5438 3163 5510 Deus);
3197 5438 3462 5495 debemus

1884 5533 2090 5600 dicere,
2138 5533 2286 5604 quod
2340 5549 2516 5604 usque
2559 5533 2628 5589 ad
2670 5534 2861 5589 horam
2908 5541 3146 5598 sextam,
3179 5541 3236 5588 et
3280 5532 3458 5603 ipsum

1884 5634 2215 5679 nocturnum
2248 5623 2571 5692 Sabbatum,
2596 5624 2858 5680 debemus
2898 5625 3170 5696 jejunare.
3215 5625 3297 5679 Ab
3323 5624 3459 5678 hora

1880 5725 2063 5772 autem
2123 5717 2376 5786 septima,
2424 5717 2685 5788 quoniam
2737 5716 2929 5787 incipit
2974 5716 3295 5772 Dominicus
3345 5731 3458 5786 quo

1881 5807 2044 5863 etiam
2079 5809 2384 5864 resurrexit
2411 5807 2666 5864 Christus
2699 5809 2806 5878 (est
2841 5817 3021 5863 autem
3051 5807 3344 5862 verisimile
3370 5804 3449 5858 vel

1881 5913 1954 5954 vn
1985 5897 2072 5957 vel
2107 5915 2205 5958 vni
2239 5899 2376 5957 hora
2415 5897 2590 5958 fuisse
2641 5899 3097 5956 resurrectionem
3126 5895 3451 5970 ejus),jeju-
3526 5883 3536 5906 ¹
