3888 6494
435 336 575 393 1279
1389 333 1446 389 S.
1510 329 1806 388 DIONYSII
1857 327 2166 387 EPISCOPl
2204 320 2687 384 ALEXANDRlNl'
3135 368 3139 373 .
3534 318 3689 374 £280

432 470 569 513 nare
598 468 706 508 non
739 450 1003 507 debemus
1027 464 1129 506 nec
1150 449 1417 521 jejunium
1451 449 1681 517 solvere,
1716 464 1784 504 ne
1809 448 1964 503 videa

2148 444 2330 511 τεύειν,
2384 445 2504 499 οὐδὲ
2554 434 2952 514 ἀπονηστίςειν,
2987 443 3073 496 ῐνα
3127 440 3201 513 μὴ
3234 439 3471 510 δόξωμεν
3515 439 3683 492 ἐναν-

434 548 562 602 mui'
593 558 901 617 repugnare
934 544 1241 600 canonibus
1272 543 1368 614 qui
1405 551 1655 599 statuunt
1682 557 1783 598 nos
1808 541 1964 597 diebu

2125 538 2343 593 ἰοῦσθαι
2375 540 2486 602 τοῖς
2511 537 2697 591 κανόσι
2728 538 2841 599 τοῖς
2870 536 3254 608 διοριζομένοις
3284 532 3425 586 κατά
3457 531 3571 593 τὰς
3593 548 3660 583 xu

434 638 736 694 Dominicis
765 652 873 692 non
901 637 1102 692 debere
1133 636 1403 707 jejunare.
1434 634 1549 691 Etsi
1581 636 1726 690 enim
1753 635 1870 690 dies
1893 643 1969 688 ter

2149 629 2403 700 ,ωνύμους
2418 628 2501 700 μὴ
2531 625 2811 699 νηστεύειν
2831 628 2997 697 ἡμᾶς,
3030 626 3148 680 Κᾶν
3173 626 3279 696 γὰρ
3300 625 3457 694 τρίτη
3485 621 3684 692 ἡμέρα

434 731 545 785 tius
596 737 882 799 reputetur
908 726 1248 794 Dominicus,
1285 727 1459 782 solum
1504 736 1680 781 tamen
1716 739 1965 797 proptere

2151 723 2434 795 ιγίζηταιή
2476 720 2835 794 κυριώνυμος,
2869 718 2981 772 ἀλλ’
3015 720 3093 782 είς
3130 719 3286 789 μόνον
3323 718 3384 769 τὸ
3430 715 3686 786 aenea:

435 823 581 879 quod
624 822 791 876 trium
827 820 1037 876 dierum
1076 820 1406 876 resurrectio
1433 834 1558 874 eum
1611 818 1859 888 attingat,
1890 826 1970 871 ter

2147 812 2302 883 ιύτης
2348 812 2446 883 τὴν
2478 812 2771 882 τριήμερον
2818 810 3133 872 ἀνάστασιν,
3168 806 3442 875 λογίζεται
3487 804 3682 876 τρίτη·

439 916 548 971 tius
603 914 803 970 dicitur
829 930 844 966 :
870 921 954 969 est
995 913 1141 967 enim
1176 911 1403 982 primus.
1444 910 1509 964 Et
1540 911 1609 965 89
1658 909 1974 980 can.syn.i1

2151 904 2291 978 ρώτη
2321 905 2427 977 γάρ
2475 906 2589 956 ἐστι
2609 920 2624 933 °
2654 904 2746 957 καὶ
2775 900 3083 964 ἀκολούθως
3119 900 3195 970 τῷ
3228 898 3314 952 πθ¹
3346 896 3544 951 κανόνι
3590 896 3686 965 τῆς

442 1006 629 1061 Trullo
654 1005 1058 1071 convenienter,
1082 1001 1200 1069 die,
1225 1011 1349 1056 ante
1379 1002 1568 1056 horam
1592 999 1874 1069 septimam
1908 1012 1977 1051 no

2151 1014 2161 1048 ρ
2191 995 2265 1067 τῷ
2297 994 2556 1069 Τρούλλῳ
2580 994 2813 1056 συνόδου,
2847 992 2970 1062 λέγε
3000 992 3106 1064 πρὸ
3138 993 3234 1062 τῆς
3266 990 3503 1061 ἑϐδόμης
3531 987 3686 1060 ὧρας

440 1098 620 1154 cturni
654 1096 880 1153 Sabbati
908 1096 1108 1151 debere
1130 1110 1231 1149 nos
1254 1093 1522 1162 jejunium
1550 1092 1760 1147 solvere
1791 1091 1843 1144 in
1867 1105 1975 1159 qua

2151 1089 2197 1142 >ῢ
2225 1088 2534 1159 νυκτερινοῦ
2567 1086 2841 1141 Σαϐϐάτω
2867 1085 3100 1155 ὀφείλειν
3142 1085 3284 1154 ἡμᾶς
3314 1080 3686 1152 ἀπονηστίζε-

439 1205 656 1259 cunque
687 1190 821 1244 hora
849 1187 1083 1243 voluerit
1119 1185 1387 1256 quispiam
1425 1198 1491 1238 ex
1539 1198 1632 1238 sex
1674 1180 1866 1252 primis
1909 1179 1974 1232 ho

2150 1180 2231 1233 θαι
2256 1181 2316 1235 ὲν
2350 1181 2438 1252 οἵᾳ
2467 1178 2585 1251 ὥρᾳ
2617 1178 2827 1250 θελήσει
2866 1195 2952 1240 τις
2982 1177 3091 1231 τῶν
3126 1176 3183 1242 ἓξ
3225 1174 3459 1246 πρώτων
3497 1171 3685 1242 ὡρῶν,

442 1282 539 1346 ris,
572 1281 735 1350 idque
775 1279 999 1334 omnino
1032 1292 1100 1333 ex
1151 1276 1323 1331 libera
1377 1273 1810 1344 uniuscujusque
1856 1280 1977 1342 pote

2107 1272 2324 1337 πάντως
2360 1272 2501 1326 κατὰ
2526 1270 2621 1343 τὴν
2654 1271 2859 1324 οἰκείαν
2893 1268 3117 1341 δύναμιν
3151 1268 3243 1321 καὶ
3278 1265 3634 1338 προαίρεσιν.

441 1381 582 1428 state
608 1380 663 1427 et
686 1371 934 1427 arbitrio.
1962 1416 1968 1429 ,

513 1459 720 1518 7.0mm.
797 1458 938 1515 lluic
1012 1457 1428 1529 interrogationi
1466 1456 1758 1527 respondet
1814 1453 1861 1509 is
1920 1452 2006 1508 cui

2178 1453 2417 1506 ΖΩΝΑΡ.
2462 1451 2604 1525 Πρὸς
2635 1451 2694 1505 τὸ
2728 1449 2986 1522 ἐρώτημα
3013 1448 3168 1502 τοῦτο
3209 1448 3373 1518 φησὶν
3418 1449 3447 1500 ὁ
3479 1447 3688 1516 ὲρωτη·

442 1553 720 1623 proposita
783 1551 1138 1624 interrogatio
1197 1559 1281 1605 est
1337 1566 1353 1605 :
1404 1548 1731 1628 Postulasti‘
1767 1545 1977 1601 sedular

2150 1546 2242 1609 εἰς,
2272 1545 2370 1597 ὅτι·
2410 1542 2703 1613 Ἐξῄτησας
2725 1540 2926 1613 ἀκριϐῆ
2962 1541 3085 1611 ὅρον
3129 1537 3470 1606 ἐπιτεθῆναι,
3516 1536 3685 1603 ἤγουν

443 1645 649 1714 imponi
695 1644 889 1715 legem,
919 1645 1024 1699 hoc
1051 1652 1155 1709 est,
1205 1642 1447 1713 regulam
1501 1637 1843 1707 formamque
1869 1650 1978 1705 prae

2155 1638 2311 1693 ανόνα
2335 1638 2429 1691 καῖ⁹
2457 1636 2624 1689 τύπον
2644 1634 2945 1707 ὁρισθῆναι,
2983 1634 3074 1686 καὶ
3102 1629 3514 1701 σαφηνισθῆναι
3537 1631 3690 1697 ἀκρι-

444 1737 649 1802 scribi,
696 1752 762 1792 ac
800 1736 1040 1791 adhibita
1078 1733 1359 1805 diligentia
1402 1731 1535 1789 certi
1585 1728 1793 1800 aliquid
1843 1736 1979 1783 statu

2155 1728 2219 1794 ὣς
2253 1729 2349 1800 τὴν
2406 1727 2554 1799 ὥραν
2594 1727 2690 1798 τῆς
2733 1726 3081 1789 ἀναστάσεως
3125 1724 3217 1777 τοῦ
3268 1721 3514 1793 Κυρίου,
3562 1721 3690 1788 ὅπερ

445 1834 514 1888 de
549 1832 682 1887 hora
714 1830 1009 1887 Dominicze
1040 1828 1490 1894 resurrectionis;
1522 1825 1670 1895 quod
1699 1822 1921 1895 quidem
1954 1836 1980 1875 e

2156 1819 2202 1874 αἱ
2227 1819 2479 1872 δύσκολον
2517 1816 2611 1870 καὶ
2652 1815 2916 1887 σφαλερόν
2950 1817 3127 1868 ἐστιν·
3162 1814 3242 1867 ὅτι
3281 1813 3385 1883 μὲν
3414 1812 3535 1881 γὰρ
3564 1810 3691 1880 μετὰ

445 1924 659 1981 ditiicile
694 1934 778 1981 est
829 1937 883 1980 et
929 1924 1243 1979 lubricum:
1272 1919 1740 1993 quandoquidem,
1774 1925 1980 1987 postex

2155 1921 2168 1964 δ
2192 1910 2487 1981 ἀναστῆναι
2519 1909 2610 1962 τὸν
2639 1907 2843 1980 Κύριον
2872 1906 2971 1977 τῆς
2992 1906 3183 1976 ἑορτῆς
3210 1905 3310 1975 τῆς
3337 1902 3690 1962 ἀναστάσεως

446 2019 669 2073 citatum
697 2034 727 2072 a
754 2017 986 2073 mortuis
1015 2016 1307 2070 Dominum
1334 2012 1752 2069 resurrectionis
1778 2008 1978 2065 celebri

2158 2002 2372 2077 ρχεσθαι
2404 2002 2503 2065 δεῖ,
2539 2001 2643 2064 ἓως
2676 1998 2865 2053 τούτου
2908 1996 3286 2068 νηστεύοντας,
3328 1995 3429 2047 καὶ
3476 1993 3577 2056 τάς
3602 1993 3693 2061 ψδ-

446 2115 611 2161 tatem
669 2106 915 2161 inchoari
950 2114 1182 2176 oportet,
1215 2106 1499 2174 hucusque
1529 2103 1863 2174 jejunantes,
1894 2099 1981 2154 ani

2159 2098 2209 2162 it;
2240 2097 2411 2160 οὕτως
2447 2093 2849 2157 ταπεινοῦντας,
2899 2092 2962 2144 Ἠ
3008 2092 3116 2162 γάρ
3158 2088 3244 2142 διά
3294 2087 3398 2158 τῆς
3441 2086 3694 2157 νηστείας

446 2197 631 2267 inique
657 2197 761 2252 hoc
798 2206 956 2267 pacto
982 2197 1367 2251 demissionem
1392 2205 1667 2250 curantes.
1697 2192 1756 2247 In
1773 2207 1838 2248 ea
1861 2206 1981 2246 nam

2158 2190 2436 2253 ιπείνωσις
2466 2186 2557 2241 τοῦ
2594 2185 2865 2258 σώματος,
2895 2184 2982 2237 διά
3011 2182 3108 2254 τὴν
3142 2182 3242 2252 τῆς
3277 2180 3466 2250 ψυχῆς
3508 2182 3693 2247 ἐπιτη-

444 2305 553 2359 que
601 2304 724 2359 qua:
773 2305 869 2358 per
899 2289 1168 2359 jejunium
1211 2296 1295 2343 est
1345 2288 1590 2357 corporis
1646 2284 1979 2341 aﬂlictatione

2157 2282 2322 2336 εύεται
2354 2280 2712 2335 ταπείνωσιν’
2759 2277 2834 2341 ὼς
2864 2279 2975 2346 είγε
3014 2273 3304 2347 ἐπηρμένη
3353 2273 3443 2341 εἴη
3480 2270 3578 2323 τοῦ
3607 2287 3692 2340 νη-

446 2380 614 2435 animi
645 2381 905 2436 demissio
928 2382 1225 2451 quazritur;
1260 2390 1320 2435 ut
1373 2379 1605 2450 proinde
1629 2379 1675 2433 si
1706 2378 1902 2434 elatior
1941 2377 1981 2431 si

2162 2375 2393 2439 εεύοντος
2444 2374 2477 2445 ὴ
2520 2372 2686 2444 ψυχὴ,
2741 2370 2945 2442 ματαία
2996 2370 3029 2440 ἡ
3079 2366 3302 2438 νηστεία
3359 2365 3510 2427 ἐστὶ,
3550 2360 3697 2414 τοῦτο

440 2473 739 2543 jejunantis
785 2474 1024 2537 animus,
1056 2474 1271 2527 irritum
1313 2486 1434 2527 esse
1474 2472 1744 2542 jejunium
1771 2469 1975 2524 omnim

2162 2465 2559 2536 ιολογορμενον.
2620 2458 2946 2529 Ἐπάγειδὲ
2980 2459 3062 2512 ὅτι
3108 2457 3221 2510 ὅσοι
3273 2454 3419 2525 πρὸς
3463 2454 3530 2505 τὸ
3574 2468 3697 2519 μνη-

446 2565 794 2621 confessione
831 2565 1131 2635 judicetur.
1169 2563 1402 2633 Subjieit
1427 2563 1620 2618 deinde
1649 2580 1664 2618 :
1695 2560 1981 2631 Quicunqu

2162 2562 2267 2613 εῖον
2296 2556 2557 2628 ἀπῆλθον,
2586 2554 2895 2609 ἀναστάντα
2922 2551 3019 2623 ἤδη
3046 2544 3203 2622 εὗρον
3230 2547 3321 2601 τὸν
3356 2546 3573 2617 Κύριον
3592 2562 3605 2573 ·
3634 2544 3697 2613 μὴ

448 2658 514 2712 ad
550 2658 862 2727 sepulcrum
912 2666 1041 2711 sunt
1085 2655 1338 2726 profecti,
1365 2671 1461 2711 eos
1498 2655 1609 2725 jam
1660 2653 1953 2709 excitatum

2167 2653 2420 2722 αφωνεῖν,
2454 2649 2607 2719 φησὶ,
2639 2647 2734 2701 καὶ
2764 2641 3137 2700 ἐναντιοῦσθαι
3170 2639 3432 2710 ἀλληλοις
3466 2637 3701 2705 δόξωμεν

448 2748 684 2803 mortuis
718 2746 1010 2802 Dominum
1063 2747 1387 2817 reperiisse;
1422 2761 1598 2816 neque
1626 2743 1912 2808 dissidere,
1942 2742 1983 2797 ir

2165 2745 2241 2807 ὡς
2273 2739 2682 2810 εὐαγγελιστάς,
2716 2739 2800 2792 ὃτι
2830 2732 3246 2807 συμφωνούντες
3286 2732 3424 2802 περὶ
3450 2732 3553 2800 τῆς
3580 2731 3700 2781 ἁνα-

448 2842 588 2911 quit,
625 2855 689 2895 ac
720 2840 822 2894 sibi
854 2839 1083 2895 invicem
1127 2838 1405 2895 adversari
1454 2838 1817 2908 evangelistas
1867 2835 1983 2890 arbi

2167 2834 2359 2897 τάσεως
2391 2833 2465 2895 ὡς
2489 2832 2546 2885 ὲν
2576 2830 2757 2901 ἐκείνῃ
2787 2831 2854 2900 τῇ
2881 2827 3039 2881 νυκτὶ
3066 2822 3157 2877 τοῦ
3188 2824 3407 2894 Κυρίου
3440 2821 3702 2875 ἀναστάν-

452 2944 679 2997 tremur,
725 2932 871 3002 quod
927 2948 1053 2989 cum
1102 2933 1292 2988 eadem
1342 2938 1502 2986 nocte
1554 2930 1843 2986 Dominum
1898 2943 1987 2983 sur

2165 2944 2229 2993 ›ς,
2274 2925 2371 2998 τὴν
2408 2923 2558 2997 ὥραν
2598 2921 2720 2975 καθ’
2753 2922 2820 2992 ἢν
2852 2919 3051 2989 ἀνέστη
3091 2913 3281 2984 σαφῶς
3323 2914 3389 2967 οὺ
3435 2914 3700 2981 λέγουσιν.

450 3021 660 3077 rexisse
693 3022 970 3077 communi
1016 3036 1291 3077 consensu
1332 3019 1569 3085 tradant,
1596 3035 1834 3089 quanam
1883 3018 1985 3073 hor

2170 3016 2255 3075 ίτα
2298 3019 2391 3073 καὶ
2421 3016 2561 3071 αύτά
2585 3015 2656 3069 τά
2699 3010 2985 3086 ρήματαῆ
3037 3006 3235 3081 μᾶλλον
3273 3005 3345 3060 τά
3386 3006 3572 3077 χωρία
3615 3004 3705 3072 τῆς

453 3114 713 3178 surrexit,
747 3114 931 3169 minus
975 3113 1258 3183 explorate
1310 3113 1576 3168 indicant.
1614 3110 1752 3165 Tum
1790 3110 1988 3178 ipsamc

2169 3111 2343 3185 ραφῆς
2370 3109 2583 3181 τίθησιν
2602 3147 2617 3171 ,
2646 3108 2747 3160 ὅσα
2782 3105 3013 3166 ἕκαστος
3052 3101 3158 3155 τῶν
3186 3098 3597 3168 εὑαγγελιστῶν
3622 3094 3704 3147 λέ-

454 3206 638 3272 verba,
673 3206 759 3262 vel
789 3206 970 3275 potius
1006 3206 1158 3262 locos
1212 3204 1510 3276 Scripturae
1538 3202 1767 3274 profert,
1807 3201 1860 3254 in
1896 3199 1989 3270 qui

2168 3227 2207 3262 ει
2232 3205 2359 3278 περὶ
2381 3205 2479 3277 τῆς
2503 3200 2855 3262 ἀναστάσεως
2875 3196 2971 3251 τοῦ
2995 3195 3223 3268 Κυρίου,
3251 3193 3347 3247 καὶ
3378 3186 3703 3263 συμὸιὸάζει

454 3299 557 3354 bus
579 3297 1033 3369 evangelistarum
1066 3296 1295 3368 quilibet
1320 3296 1389 3351 de
1415 3293 1819 3350 resurrectione
1835 3290 1989 3344 Domi

2171 3314 2217 3370 1v
2268 3293 2527 3349 δοκοῦσαν
2582 3289 2877 3359 διαφωνίαν
2934 3285 3129 3341 αὐτῶν.
3186 3284 3299 3337 Καὶ
3329 3278 3446 3335 ’ἐπὶ
3504 3281 3706 3340 τούτοις

453 3392 577 3446 nica
607 3391 874 3460 loquitur,
907 3406 972 3446 ac
999 3405 1118 3445 eam
1152 3405 1274 3460 qua:
1318 3390 1458 3443 inter
1486 3388 1634 3459 ipsos
1665 3385 1881 3440 videtur
1905 3397 1988 3438 ess

2170 3390 2249 3452 >ὺς
2279 3386 2378 3458 μὲν
2413 3384 2519 3456 πρὸ
2544 3381 2638 3435 τοῦ
2671 3376 3024 3452 μεσονυκτίου
3058 3374 3283 3437 λύοντας
3312 3372 3415 3443 τὴν
3438 3371 3705 3443 νηστείαν,

453 3484 877 3554 discrepantiam
923 3484 1224 3553 componit.
1266 3481 1443 3551 Atque
1491 3480 1557 3535 ad
1594 3476 1875 3543 haec:Qui
1902 3474 1988 3546 qui

2173 3499 2198 3545 ς
2221 3477 2515 3550 ὀλιγώρους
2543 3476 2636 3529 καὶ
2661 3472 2938 3545 ἀκρατεῖς,
2970 3469 3121 3541 φησι,
3148 3464 3518 3554 μεμτόμεθα,Δ
3544 3463 3621 3527 ὡς
3648 3461 3708 3515 δι’

453 3574 578 3628 dem
622 3584 749 3630 ante
789 3575 970 3630 noctis
988 3575 1228 3629 medium
1281 3566 1507 3628 solvunt
1532 3571 1827 3642 jejunium,
1857 3568 1988 3624 velu‘

2169 3570 2311 3643 timv
2335 3567 2485 3641 ώραν
2529 3567 2620 3620 τὸν
2648 3564 2847 3636 δρόμον
2884 3560 2985 3630 τῆς
3022 3556 3272 3629 νηστείας
3309 3551 3704 3613 καταλύοντας·

458 3676 863 3737 contemptores
932 3668 1468 3738 intemperantesque
1538 3661 1985 3734 reprehendimus

2176 3662 2252 3726 δὺς
2280 3661 2337 3714 δὲ
2375 3658 2533 3732 μέχρι
2558 3656 2821 3728 τετάρτης
2842 3651 3108 3723 φυλακῆς,
3138 3649 3255 3719 ἦτοι
3287 3644 3492 3716 ὄρθρου
3518 3644 3711 3711 ἐγκαρ-

458 3758 659 3829 quippe
706 3760 964 3831 exiguum
996 3760 1063 3815 ad
1092 3770 1305 3830 tempus
1353 3757 1552 3829 jejunii
1583 3769 1807 3810 cursum
1832 3753 1993 3808 dissol

2174 3753 2420 3827 εροῦντας
2453 3747 2848 3821 ἀποδεχόμεθα.
2892 3747 2958 3799 Et
2995 3744 3053 3797 δέ
3083 3758 3228 3804 τινες
3278 3738 3421 3810 μετά
3460 3738 3523 3790 τὸ
3561 3752 3709 3807 μετο-

460 3861 629 3918 vunt;
656 3852 897 3922 quivero
915 3852 981 3907 ad
1006 3861 1258 3922 quartam
1285 3866 1471 3920 usque
1491 3848 1753 3920 vigiliam,
1790 3846 1893 3900 hoc
1924 3854 1995 3899 est

2171 3848 2345 3902 ύκτιον
2393 3843 2792 3906 ἀνεπαύσαντο,
2842 3840 3010 3910 ἤγουν
3051 3834 3152 3905 τὴν
3206 3829 3590 3886 κακοπάθειαν
3623 3824 3706 3893 τὴν

442 3918 791 3999 .matutinum
839 3918 1053 4015 tempus
1090 3943 1304 3999 fortiter
1363 3918 1658 4006 abstinent,
1691 3954 1787 3994 eos
1832 3937 1977 4008 prob:

2173 3958 2197 3994 ιι
2242 3939 2339 4010 τῆς
2381 3936 2637 4008 νηστείας
2681 3932 2923 3985 ἔπαυσαν
2968 3928 3043 3992 ὡς
3084 3924 3455 3995 ἠδυνήθησαν,
3489 3918 3708 3976 τούτοις.

458 4051 584 4093 mus
607 4054 622 4092 :
644 4037 689 4093 si
720 4036 814 4107 qui
846 4053 977 4092 vero
1007 4048 1131 4108 post
1162 4036 1399 4091 inediam
1434 4044 1651 4089 noctem
1686 4034 1993 4101 quieveram

2178 4007 2306 4100 ησὶ,⁷
2324 4028 2398 4098 μὴ
2426 4007 2729 4096 ἐνοχλῶμεν
2764 4020 2908 4091 (ἀντὶ
2928 4018 3047 4083 τοῦ,
3082 4016 3156 4087 μὴ
3183 4016 3265 4068 ὅτι
3298 4013 3407 4075 ἕως
3443 4008 3595 4080 πρωῒ
3626 4007 3713 4108 06.x

460 4131 567 4185 hoc
588 4138 673 4185 est
699 4096 1042 4185 atilietionem
1062 4145 1128 4185 ex
1157 4129 1368 4201 jejunio
1396 4096 1783 4198 profectam'ut
1812 4133 1995 4193 potuer

2181 4096 2509 4193 ιαρτέρησαν
2537 4112 2838 4184 αἰτιώμεθα
2863 4109 3102 4177 αὐτοὺς),
3127 4110 3206 4162 ὅτι
3232 4105 3353 4159 οὐδὲ
3376 4102 3478 4165 τὰς
3503 4100 3566 4166 ἓξ
3594 4096 3716 4169 ἡμέ-

463 4223 809 4291 sedaverunt,
829 4223 918 4288 iis,
940 4223 1135 4292 inquit,
1164 4221 1302 4276 nihil
1323 4220 1536 4276 molesti
1564 4219 1769 4286 simus;
1799 4218 1998 4273 hoc.est

2179 4189 2255 4277 1:;-
2281 4189 2505 4281 τῆςτοῦ
2555 4205 2760 4269 πάθους
2802 4201 2897 4257 τοῦ
2938 4199 3144 4272 Κυρίου
3186 4193 3485 4266 ἑβδομάδος
3527 4189 3714 4281 πάντες

464 4314 601 4368 nihil
637 4323 722 4370 est
760 4316 907 4384 quod
938 4329 1054 4382 eos,
1088 4314 1218 4384 quia
1254 4328 1362 4366 non
1398 4312 1465 4366 ad
1505 4311 1830 4365 matutinum
1864 4324 1999 4377 usqu

2185 4280 2345 4365 ιοίως
2367 4300 2649 4355 ἀνύουσιν·
2696 4298 2744 4350 ot
2783 4296 2881 4367 μὲν
2922 4291 3030 4363 γὰρ
3076 4290 3175 4353 τὰς
3209 4288 3393 4349 πάσας
3436 4280 3720 4384 νηστεύου-

466 4415 680 4475 tempus
702 4405 1135 4474 perduraverint,
1162 4418 1512 4459 accusemus:
1540 4402 1669 4471 quia
1700 4416 1793 4455 sex
1822 4414 2001 4469 quoqu

2182 4414 2244 4461 ιν,
2276 4395 2326 4448 οἱ
2354 4393 2411 4446 δὲ
2437 4391 2529 4445 δύο
2560 4389 2593 4461 ἦ
2624 4390 2795 4460 τρεῖς,
2836 4387 2886 4439 οἱ
2921 4384 2978 4438 δὲ
3011 4381 3250 4443 πλείους,
3282 4379 3332 4431 οἱ
3356 4376 3413 4432 δὲ
3447 4371 3717 4475 οὐδεμίαν.

466 4494 586 4551 dies
612 4494 731 4565 ejus
766 4494 1119 4550 bebdomadae
1147 4509 1254 4564 qua
1282 4508 1478 4565 passus
1507 4500 1590 4547 est
1614 4490 1898 4556 Dominus,
1926 4503 1997 4543 no

2187 4487 2266 4548 οἷς
2301 4478 2392 4536 οὖν
2421 4483 2515 4534 ἐπὶ
2547 4460 2761 4541 πλείους
2796 4475 3010 4549 ἡμέρας
3044 4469 3374 4544 νηστεύσασι
3406 4468 3508 4520 καὶ
3540 4460 3721 4562 κοπιά-

470 4603 663 4644 omnes
704 4588 898 4644 eodem
940 4588 1104 4643 modo
1158 4586 1488 4657 transigunt.
1520 4583 1655 4639 Nam
1698 4583 1789 4637 alii
1818 4582 2005 4652 quidet:

2183 4592 2269 4630 ασι
2308 4571 2505 4645 μᾶλλον
2539 4572 2587 4623 εἰ
2614 4568 2910 4639 ταχύτερον
2941 4563 3226 4633 γεύσονται
3253 4558 3467 4631 τροφῆς
3495 4549 3718 4622 συγγνῶ

470 4696 663 4737 omnes
696 4680 969 4751 jejunant,
1023 4679 1115 4735 alii
1170 4693 1302 4734 vero
1335 4678 1495 4744 duos,
1536 4685 1737 4741 tresve,
1770 4675 1863 4729 alii
1912 4690 2004 4729 ver

2185 4682 2264 4718 εν.
2294 4639 2355 4718 Et
2398 4661 2454 4715 δέ
2487 4677 2632 4723 τινες
2662 4659 2722 4711 ού
2749 4657 2906 4728 μόνον
2940 4655 3025 4723 ἐφ’
3046 4651 3261 4725 ἡμέρας
3287 4648 3441 4709 τινας
3477 4646 3584 4697 οὐκ
3608 4639 3720 4709 ἐνή-

473 4773 677 4845 plures,
702 4772 795 4828 alii
822 4758 986 4843 porro
1012 4787 1078 4826 ne
1127 4786 1294 4825 unum
1322 4768 1561 4839 quidem.
1596 4765 1666 4820 lis
1695 4779 1825 4836 ergo
1850 4763 1946 4835 qui
1977 4779 2006 4817 a

2186 4775 2398 4821 τευσαν,
2444 4754 2578 4809 ἀλλά
2631 4752 2726 4805 καὶ
2766 4748 3081 4821 ἐτρύφησαν
3134 4744 3234 4806 τὰς
3283 4740 3485 4809 ἑτέρας
3533 4736 3721 4788 τέσσα-

472 4828 659 4935 plures
684 4865 800 4921 dies
824 4828 1240 4936 jejuitaverunt,
1265 4828 1611 4932 ampliusque
1638 4828 2007 4912 laboraverunt

2187 4868 2247 4914 ας
2295 4850 2394 4920 τῆς
2456 4843 2743 4915 ἑϐδομάδος
2814 4839 3069 4912 ἡμέρας,
3104 4833 3277 4891 κατά
3332 4830 3391 4884 δὲ
3431 4830 3558 4936 ’,τὴν
3622 4828 3722 4880 Πα-

475 4956 525 5011 si
574 4956 736 5013 citius
776 4956 955 5012 cibum
1007 4954 1383 5027 degustarint,
1423 4949 1780 5025 ignoscimus.
1840 4946 1899 5003 Si
1953 4963 2010 5017 qi

2189 4941 2422 5011 ασκευὴν
2482 4939 2574 4991 καὶ
2628 4936 2688 4988 τὸ
2737 4932 3012 4987 Σάϐϐατον
3058 4928 3363 4998 ἀπέσχοντο
3430 4921 3724 4993 βρώσεως,

476 5061 607 5103 vero
628 5063 737 5102 non
761 5048 922 5103 modo
946 5012 1327 5118 diesyaliquot
1357 5012 1505 5101 haud
1535 5043 1877 5115 jejunarunt,
1912 5041 2006 5111 qui

2193 5037 2246 5090 al.
2279 5033 2421 5105 μέγα
2448 5050 2500 5084 τι
2531 5032 2706 5083 ποιεῖν
2744 5025 3073 5097 νομίζουσιν,
3106 5022 3153 5074 εί
3185 5020 3347 5092 μέχρι
3382 5017 3602 5087 πρωῖας
3636 5012 3728 5081 τῆς

480 5138 660 5209 potius
694 5139 817 5195 aliis
861 5149 1096 5209 quatuor
1133 5105 1491 5194 hebdomadzn
1535 5105 1731 5191 diebus
1762 5105 2014 5188 luxurios

2191 5126 2523 5196 ναστασίμου
2553 5122 2765 5194 ἡμέρας
2789 5116 3291 5189 ὲγκαρτερήσουσιν
3318 5112 3520 5169 ἄσιτοι,
3554 5108 3618 5161 ού
3642 5105 3726 5175 τὴν

477 5233 754 5299 vixerunt,
787 5231 841 5286 in
874 5229 1176 5286 Parasceve
1214 5238 1394 5285 autem
1443 5236 1498 5284 et
1556 5226 1794 5282 Sabbato
1837 5239 1867 5279 a
1926 5223 2012 5278 eib

2189 5220 2343 5294 μοίαν
2371 5217 2597 5287 ἀθλησιν
2623 5211 2931 5266 ποιοῦνται·
2958 5207 3257 5269 τουτέστιν,
3290 5204 3390 5274 οὐχ
3417 5201 3627 5271 ὁμοίως
3645 5214 3724 5250 κε-

480 5323 882 5391 abstinuerunt,
924 5339 990 5378 ac
1016 5337 1273 5393 magnum
1300 5320 1559 5392 quiddam
1596 5318 1779 5374 facere
1818 5331 1879 5371 se
1904 5314 2015 5370 arbi

2193 5288 2455 5365 οπιάκασι
2507 5309 2619 5370 τοῖς
2661 5302 2913 5364 πλειόνας
2954 5299 3172 5371 ἡμέρας
3213 5296 3515 5365 ἀσκήσασι.
3566 5288 3728 5385 Kal?

487 5424 696 5471 trantur
747 5416 792 5472 si
839 5430 1015 5486 usque
1067 5415 1134 5469 ad
1196 5414 1520 5469 matutinam
1559 5412 1753 5466 horam
1793 5408 1900 5464 diei
1958 5421 2022 5476 qu

2191 5403 2246 5458 εθ¹
2302 5400 2478 5457 κανὼν
2509 5399 2609 5469 τῆς
2654 5397 2707 5462 ς’
2745 5396 2994 5454 συνόδου,
3040 5390 3169 5461 περὶ
3206 5387 3379 5459 μέσας
3413 5383 3617 5443 νύκτας
3646 5383 3726 5430 τοῦ

483 5508 889 5564 resurrectione
946 5489 1100 5563 sacer
1152 5516 1257 5573 est,
1301 5506 1476 5576 jejuni
1530 5507 1897 5575 perseverent,
1942 5514 2014 5553 no

2193 5495 2400 5565 ιεγάλου
2447 5488 2724 5545 Σαϐϐάτου
2773 5488 2905 5558 φησὶ
2951 5484 3060 5538 δεῖν
3109 5475 3594 5549 ἀπονηστίζεσθαι,
3644 5472 3728 5576 τάς

489 5601 689 5668 simile,
726 5602 925 5673 inquit,
971 5610 1249 5659 certamen
1297 5598 1752 5671 perficiunt:hoc
1800 5604 1904 5658 est,
1944 5606 2024 5647 no:

2194 5560 2328 5650 ελλας
2354 5584 2564 5658 ἡμέρας
2606 5581 2705 5651 τῆς
2739 5578 3030 5649 ἑϐδομάδος
3057 5571 3151 5625 τοῦ
3187 5569 3394 5632 πάθους
3426 5570 3484 5621 ἐν
3521 5560 3729 5636 meai;

492 5663 700 5760 pariter
722 5663 1066 5759 laborarunt,
1093 5692 1160 5749 iis
1188 5663 1375 5763 qui-se
1417 5689 1670 5761 pluribus
1697 5687 1892 5744 diebus
1908 5682 2023 5755 jeju

2192 5680 2263 5733 :ati.
2294 5677 2568 5749 προσευχῇ
2602 5673 2695 5727 καὶ
2727 5667 3016 5760 κατανύξει
3045 5663 3349 5732 διάγοντας.
3516 5747 3549 5763 ﬂ
3596 5747 3607 5763 ‘
3632 5745 3645 5763 I
3718 5741 3727 5748 _

498 5784 590 5839 nio
619 5796 999 5844 exercuerunt.
1030 5786 1219 5843 Nonus
1246 5799 1463 5857 quoque
1491 5799 1653 5855 supra
1677 5780 2066 5852 octogesimum
2105 5785 2268 5831 sextae
2315 5771 2503 5842 synodi
2559 5783 2755 5832 (anon,
2793 5750 3004 5818 circiter
3032 5756 3265 5814 mediam
3299 5750 3481 5821 rnagui
3516 5745 3730 5801 Sabbati
