3888 6546
273 372 405 426 1281
1034 370 1370 427 EPISTOLA
1407 370 1753 431 CANONICA
1790 379 1808 431 l

1963 376 2276 434 ASILIDEM
2300 378 2722 440 'EPISCOPUM.
3360 389 3498 445 me

268 504 507 561 noctem,
529 493 798 566 jejunium
843 494 1160 552 solvendum
1213 500 1430 562 asserit,
1469 500 1709 571 reliquos
1732 500 2078 558 hebdomadze
2104 522 2209 574 qua
2239 504 2489 561 Christus
2509 522 2706 576 passus
2731 514 2814 561 est
2846 506 2985 570 dies,
3008 516 3063 562 et
3086 507 3140 562 in
3182 512 3497 579 precatione

262 599 318 643 et
351 591 533 647 cordis
559 592 971 661 compunctione
1016 603 1352 662 peragentes.

878 688 1115 740 ΚΑΝΩΝ
1142 688 1212 740 B’.
1858 702 1903 760 Α

1858 702 1903 760 Α
2542 693 2768 749 CANON
2808 694 2869 749 ιι.

334 776 475 845 Περὶ
501 775 568 830 δὲ
590 775 706 831 τῶν
727 777 797 832 ἐν
833 778 1185 851 ἀφέδρῳῶὅ)
1215 782 1530 851 γυναικῶν,
1559 785 1612 838 ει
1632 798 1819 854 προσ-

1996 782 2074 837 De
2117 784 2422 838 mulieribus
2466 795 2639 838 autem
2675 802 2791 856 qua:
2831 795 2954 840 sunt
3000 788 3056 840 in
3101 786 3345 841 abscessu
3372 828 3389 854 ,
3423 805 3491 842 an

261 864 412 933 ἧκεν
433 868 618 935 αὐτὰς
649 869 799 922 οὕτω
831 869 1197 940 διακειμένας
1233 877 1319 941 εἰς
1364 875 1472 930 τὸν
1507 872 1675 930 οἷκον
1699 879 1794 929 εἰσ

1953 890 2011 927 as
2034 874 2110 927 sic
2141 874 2357 942 affectas
2387 883 2624 942 oporteat
2653 875 2863 928 domum
2895 874 2988 929 Dei
3030 876 3258 945 ingredi,
3302 893 3487 945 super-

258 959 413 1013 ιέναι
465 960 571 1015 τοῦ
629 963 798 1025 Θεοῦ,
854 964 1129 1031 περιττὸν
1163 965 1230 1019 δὲ
1284 967 1349 1021 τὸ
1415 968 1793 1023 πυνθάνεσθα

1955 979 2207 1017 acaneum
2240 964 2317 1018 vel
2348 966 2671 1035 interrogare
2702 967 2969 1019 existimo.
3009 965 3190 1036 Neque
3231 968 3368 1022 enim
3399 985 3488 1021 eas

254 1050 488 1120 νομίζω.
519 1052 669 1107 Οὐδὲ
690 1053 799 1123 γὰρ
825 1054 1009 1121 αὐτὰς
1037 1056 1213 1125 οἶμαι,
1243 1058 1459 1125 πιστὰς
1493 1061 1682 1127 οὔσας
1720 1078 1789 1115 κα

1950 1056 2186 1120 xistimo,
2222 1057 2269 1109 si
2307 1058 2413 1110 sint
2442 1060 2544 1126 pile
2581 1066 2630 1112 et
2658 1058 2859 1127 ﬁdeles,
2886 1060 2963 1112 sic
2996 1060 3236 1127 aﬁ‘ectas,
3261 1077 3485 1115 ausuros

250 1142 551 1209 εὐλαϐεῖς,
598 1144 922 1214 τολμήσειν
981 1148 1166 1214 οὕτως
1213 1148 1580 1220 διακειμένας
1604 1193 1617 1216 ,
1668 1153 1705 1222 ἢ
1743 1172 1785 1206 ea

1945 1145 1999 1199 νει
2033 1147 2101 1199 ad
2132 1156 2371 1201 sanctam
2402 1165 2632 1202 mensam
2665 1150 2928 1215 accedere,
2960 1150 3037 1205 vel
3067 1167 3251 1220 corpus
3282 1162 3333 1206 et
3358 1170 3480 1207 san-

251 1234 509 1305 τραπέζῃ
556 1234 631 1305 τῇ
690 1237 829 1307 ἁγίᾳ
877 1240 1252 1308 προσελθεῖν,
1290 1242 1326 1311 ἢ
1387 1244 1491 1297 τοῦ
1549 1244 1786 1314 σώματοη

1949 1238 2127 1291 ιιιὶηεηι
2151 1238 2362 1292 Domini
2383 1241 2656 1310 attingere.
2683 1241 2859 1312 Neque
2888 1243 3045 1310 enim,
3075 1260 3192 1313 qua:
3212 1243 3484 1299 duodecim

249 1327 355 1379 καὶ
404 1328 508 1381 τοῦ
575 1329 821 1399 αἵματος
880 1332 986 1386 τοῦ
1056 1334 1316 1401 Χριστοῦ
1364 1336 1784 1405 προσάψασθαι

1951 1323 2181 1383 'nnorum
2228 1332 2433 1400 ﬂuxum
2474 1333 2694 1387 habebat
2730 1335 2795 1400 ³⁸,
2839 1337 3009 1405 ipsum
3058 1338 3127 1389 ad
3173 1337 3486 1391 medicinam

251 1418 412 1472 Οὐδὲ
440 1419 548 1487 γὰρ
598 1421 635 1488 ἠ
687 1421 798 1491 τὴν
834 1422 1162 1495 δωδεκαετῆ
1183 1427 1370 1495 ρῦσιν
1408 1429 1637 1497 ἔχουσα
1667 1430 1786 1498 πρὸι

1947 1423 2110 1492 eligit,
2151 1423 2241 1475 sed
2277 1423 2448 1476 solam
2491 1425 2604 1493 ejus
2642 1426 2929 1495 ﬁmbriam.
2973 1428 3139 1483 Orare
3180 1429 3318 1481 enim
3351 1445 3482 1499 quo-

244 1511 371 1579 τὴν
423 1513 589 1567 ἴασιν
632 1514 826 1585 ἔθιγεν
861 1518 1066 1573 αὐτοῦ·
1100 1518 1261 1573 ἀλλὰ
1308 1520 1501 1590 μόνου
1530 1522 1634 1575 τοῦ
1672 1540 1779 1590 sapa

1952 1514 2276 1585 zodocunque
2312 1532 2366 1569 se
2404 1516 2594 1570 habeat
2627 1518 2843 1587 aliquis,
2871 1528 2921 1572 et
2951 1528 3210 1590 utcunque
3242 1520 3315 1573 sit
3353 1519 3487 1588 a/fe-

246 1602 505 1659 σπέδου.
564 1609 1009 1677 Προσεύχεσθαι
1055 1610 1172 1680 μὲν
1223 1611 1334 1681 γὰρ
1370 1612 1527 1679 ὅπως
1580 1612 1655 1669 ἂν
1702 1616 1781 1683 ex;

1951 1612 2031 1658 tus
2066 1604 2278 1680 Domini
2308 1608 2621 1674 meminisse,
2659 1618 2709 1662 et
2741 1610 3004 1663 auxilium
3041 1611 3353 1681 implorare,
3382 1627 3482 1664 non

244 1712 361 1763 τις,
395 1698 489 1751 καὶ
524 1698 603 1765 ὡς
629 1699 705 1754 ἂν
743 1700 1045 1767 διάκειται,
1082 1704 1421 1773 μεμνῆσθαι
1456 1705 1561 1759 τοῦ
1591 1708 1779 1760 Δεσπό

1947 1706 1994 1749 st
2036 1698 2530 1767 reprehendendum.
2585 1699 2669 1752 Ad
2702 1699 2899 1755 Sancta
2938 1712 3115 1755 autem
3158 1713 3482 1767 sanctorum,

246 1804 376 1850 rev,
412 1788 509 1843 καὶ
532 1788 759 1844 δεῖσθαι
786 1791 1071 1860 βοηθείας
1111 1792 1333 1862 τυχεῖν,
1390 1792 1781 1864 ἀνεπίφθονον

1944 1791 2005 1843 tui
2038 1807 2136 1844 non
2174 1794 2385 1846 omnino
2426 1794 2604 1847 animo
2644 1794 2848 1863 pariter
2874 1805 2920 1849 et
2948 1811 3161 1865 corpore
3188 1811 3351 1865 purus
3379 1804 3479 1861 est,

246 1880 356 1945 Εἰς
382 1879 449 1933 δὲ
478 1880 550 1934 τὰ
580 1882 750 1953 "Arta
771 1883 889 1936 τῶν
915 1884 1117 1953 ἁγίων,
1151 1888 1184 1939 ό
1225 1885 1311 1955 μὴ
1339 1886 1531 1955 πάντη
1558 1892 1781 1958 καθαραὶ

1019 1902 1117 1952 ων,
1151 1888 1184 1939 ὀ
1225 1885 1311 1955 μὴ
1339 1886 1531 1955 πάντη
1558 1892 1813 1958 καθαρὸς
1917 1884 2155 1939 accedere
2180 1886 2554 1955 prohibebitur.

243 1972 347 2024 καὶ
421 1972 594 2043 ψυχῇ
658 1974 755 2029 καί
822 1976 1084 2045 σώματι,
1132 1970 1465 2048 προσιέναι
1540 1981 1810 2050 κωλυθή-

239 2079 435 2118 σεται.
1848 2061 1891 2118 Β

314 2157 511 2210 ΒΑΛΣ.
544 2159 608 2211 Al
674 2157 953 2231 Ἐϐραῖδες
1002 2160 1258 2228 γυναῖκες
1283 2160 1411 2214 ὅταν
1465 2160 1686 2233 γένηται
1714 2161 1810 2216 αὐ-

1978 2156 2137 2214 ΒΑιε.
2186 2155 2465 2215 Hebraicaa
2493 2159 2771 2227 mulieres,
2803 2161 3019 2231 quando
3047 2161 3209 2217 fuerit
3235 2162 3316 2218 eis
3350 2178 3479 2233 pro-

237 2250 420 2319 ταῖςή
455 2248 562 2303 τῶν
620 2251 878 2322 ἐμμήνων
934 2251 1107 2324 ρῦσις,
1144 2254 1201 2305 ἐν
1241 2253 1388 2326 τόπῳ
1446 2256 1772 2327 μεμονωμένη

1942 2250 2131 2305 ηυνίιιηι
2196 2261 2573 2316 menstruum,
2641 2252 2697 2307 in
2750 2253 2871 2307 loco
2929 2252 3177 2307 solitario
3228 2254 3477 2309 sedentes

235 2339 567 2410 καθήμεναι,
599 2342 973 2414 ἡσυχάζουσιν,
1002 2344 1106 2419 ἕως
1138 2344 1204 2398 ἂν
1252 2346 1452 2418 ἡμέραι
1499 2348 1636 2401 ἑπτὰ
1668 2364 1770 2419 παρ

1945 2343 2217 2410 uiescunt,
2251 2344 2423 2399 donec
2444 2353 2648 2413 septem
2682 2344 2798 2400 dies
2828 2346 3208 2415 praeterierint,
3244 2354 3299 2399 et
3324 2361 3476 2400 men-

246 2430 468 2496 έλθωσι,
511 2435 659 2506 καὶὴ
689 2434 794 2489 τῶν
826 2437 1084 2508 ἐμμήνων
1127 2435 1280 2508 ρὖις
1336 2438 1657 2512 καθαρισθῇ’
1685 2440 1781 2493 ὄθετ

1940 2446 2180 2490 truorum
2237 2436 2417 2492 ﬂuxus
2471 2446 2803 2509 expurgatus
2848 2438 3076 2493 steterit.
3128 2435 3281 2493 Unde
3324 2454 3475 2493 acce-

234 2522 494 2592 εἷληπται
521 2524 580 2576 τὸ
602 2524 670 2577 ἐν
699 2526 953 2595 ἀφέδρῳ,
1001 2528 1121 2599 ἦτοι
1175 2528 1234 2582 τὸ
1280 2530 1605 2602 κεχωρίσθαι
1639 2531 1769 2585 αὐτὰ

1944 2534 2055 2580 tum
2086 2536 2169 2582 est
2207 2527 2359 2591 illud,
2402 2527 2455 2581 in
2486 2527 2753 2595 abscessu,
2785 2542 2886 2598 pro
2910 2544 2976 2583 eo
3000 2528 3146 2599 quod
3176 2539 3279 2591 est,
3316 2544 3477 2598 sepa-

232 2613 354 2668 ἀπδ
377 2615 473 2686 τῆς
501 2616 608 2669 τῶν
633 2616 829 2671 λοιπῶν
858 2618 1037 2691 ἕδρας,
1066 2620 1140 2684 ὡς
1172 2621 1529 2693 ἀκαθάρτους.
1572 2624 1767 2696 Ἐρωτη

1935 2626 2048 2672 atas
2084 2632 2205 2672 esse
2256 2617 2401 2687 ipsas
2433 2618 2477 2671 'a
2508 2618 2842 2689 reliquorum
2892 2618 3020 2673 sede
3053 2626 3112 2672 ut
3142 2620 3470 2676 immundus.

232 2706 355 2771 θεὶς
385 2702 476 2761 οὖν
523 2710 550 2762 ὁ
578 2709 730 2778 ἅγιος
759 2711 883 2782 περὶ
910 2712 1017 2765 τῶν
1049 2713 1255 2766 πιστῶν
1307 2714 1596 2782 γυναικῶν,
1630 2718 1676 2769 εἰ
1699 2734 1767 2787 χρ

1934 2717 2275 2778 nterrogatus
2308 2724 2437 2779 ergo
2466 2718 2692 2765 sanctus
2722 2709 2790 2764 de
2842 2710 3089 2764 ﬁdelibus
3129 2710 3469 2775 mulieribus,

229 2797 439 2862 ταύτας
466 2799 593 2853 ὅταν
626 2800 726 2853 ὑπὸ
746 2800 852 2854 τῶν
881 2804 1136 2874 ἐμμήνων
1163 2803 1445 2875 ὀχλῶνται,
1473 2805 1695 2860 εἰσιέναι
1726 2809 1764 2860 εἰ

1939 2815 1973 2853 n
2024 2815 2119 2855 eas
2163 2808 2430 2869 oporteat,
2481 2800 2700 2871 quando
2755 2815 2786 2853 a
2832 2800 3128 2856 menstruis
3180 2809 3470 2865 vexantur,

230 2892 549 2963 ἐκκλησίαν,
579 2895 846 2965 ἀπεκρίθη
883 2895 954 2967 μὴ
982 2896 1091 2949 δεῖν
1117 2896 1273 2950 τοῦτο
1298 2898 1560 2967 γίνεσθαι,
1584 2900 1675 2953 καὶ
1706 2901 1765 2973 τὴ

1936 2891 2187 2947 cclesiam
2219 2891 2448 2962 ingredi,
2476 2893 2755 2962 respondit
2777 2908 2885 2946 non
2913 2900 3165 2962 oportere
3190 2893 3297 2948 hoc
3322 2893 3467 2960 ﬁeri;

230 2985 296 3037 ἐν
328 2983 406 3054 τῷ
431 2985 746 3056 Εὐαγγελίῳ
804 2988 1198 3059 αἱμορῤοοῦσαν
1240 2992 1558 3063 παρήγαγεν
1590 2994 1668 3057 εἰς
1694 3011 1765 3048 πα

1937 2982 2261 3037 tmulierem
2302 2997 2423 3052 qua:
2455 2983 2738 3054 sanguinis
2775 2984 3040 3055 proﬂuvio
3086 2984 3144 3039 in
3177 2983 3470 3055 Evangelia

231 3073 528 3145 ράδειγμα,
563 3074 638 3146 μὴ
667 3076 1015 3149 τολμήσασαν
1076 3077 1219 3143 θίξαι
1249 3079 1343 3133 τοῦ
1369 3080 1593 3152 Κυρίου,
1624 3082 1736 3157 ἀλλ’
1765 3108 1766 3112 η

1932 3075 2198 3143 aborabat,
2227 3075 2281 3129 in
2314 3075 2617 3145 exemplum
2649 3076 2894 3142 adduxit,
2929 3091 3038 3131 nou
3066 3091 3257 3131 ausam
3285 3075 3467 3133 Domi-

231 3164 400 3234 μόνου
428 3165 518 3218 τοῦ
550 3168 853 3238 κρασπέδου
884 3167 1069 3222 αὐτοῦ.
1126 3168 1393 3240 Εὖχεσθαι
1448 3172 1545 3243 μὲν
1570 3173 1677 3246 γάρ
1709 3192 1766 3228 κο

1942 3180 2031 3220 um
2086 3173 2339 3236 tangere,
2387 3166 2480 3221 sed
2535 3166 2707 3221 solam
2753 3166 2925 3236 ipsius
2961 3166 3252 3222 ﬁmbriam.
3301 3166 3470 3222 Orare

225 3257 327 3309 τοῦ
356 3259 557 3329 Κυρίου
590 3259 919 3330 μεμνῆσθαι,
954 3261 1136 3331 φησὶν,
1166 3262 1271 3315 οὐδ’
1293 3264 1349 3316 ὲν
1378 3264 1601 3336 τοιούτῳ
1626 3284 1760 3339 καιρ

1955 3257 2047 3310 :im
2101 3263 2156 3310 et
2202 3255 2417 3310 Domini
2468 3257 2824 3325 meminisse,
2877 3257 3093 3327 inquit,
3140 3274 3208 3313 ne
3261 3260 3316 3314 in
3364 3260 3469 3314 hoc

226 3349 659 3424 κωλυθήσονται·
691 3354 769 3417 εἰς
793 3353 917 3407 ναὸν
949 3353 1004 3406 δὲ
1033 3353 1166 3407 Θεοῦ
1191 3354 1415 3409 εἰσιέναι
1455 3355 1486 3427 ἢ
1524 3357 1761 3429 μεταλαμ

1927 3348 2117 3417 [uidem
2156 3355 2399 3417 tempore
2442 3348 2905 3418 prohibebuntur;
2963 3351 3227 3420 templum
3282 3358 3462 3406 autem

225 3442 415 3495 ὕάνειν
462 3442 629 3507 αὐτὰς
684 3442 791 3496 τῶν
824 3444 1197 3515 ἀγιασμάτων,
1227 3446 1287 3498 οὐ
1350 3446 1445 3500 δεῖ.
1483 3447 1666 3501 Ταῦτα
1699 3466 1759 3502 το

1929 3440 2144 3510 ngredi,
2189 3439 2275 3493 vel
2317 3449 2629 3494 sanctorum
2683 3439 2829 3508 ipsas
2868 3454 2989 3494 esse
3026 3440 3314 3511 participes
3355 3456 3464 3496 non

225 3533 468 3603 μεγάλου
496 3534 793 3607 ἀρχιερέως
818 3536 1214 3607 διορισαμένου,
1256 3536 1526 3608 βλέπομεν
1560 3540 1760 3612 σήμερο

1930 3531 2170 3586 cnvenit.
2228 3528 2353 3585 Haec
2398 3545 2523 3584 cum
2576 3529 2801 3585 antistes
2856 3530 3162 3598 deﬁnierit,
3218 3532 3464 3588 videmus

220 3626 306 3687 εἰς
327 3625 395 3679 τὰ
418 3631 697 3695 γυναικεῖα
719 3627 810 3679 καὶ
836 3626 1031 3698 μᾶλλον
1063 3630 1393 3701 μοναστήρια
1426 3630 1592 3694 ἀδεῶς
1618 3631 1755 3685 τοιανί

1928 3624 2056 3678 ηοάίο
2092 3624 2146 3678 in
2177 3623 2442 3694 gymeceis
2468 3632 2519 3677 et
2548 3622 2783 3679 maxime
2830 3624 2884 3678 in
2916 3625 3283 3690 mouaswriis,
3326 3625 3463 3683 tales

217 3734 324 3779 τας
353 3718 643 3787 ἱσταμένας
671 3722 932 3787 γυναῖκας
963 3720 1045 3782 εἰς
1074 3719 1200 3784 τοὺς
1223 3723 1491 3793 προνάους
1517 3725 1752 3779 παντοίαι

1929 3712 2150 3768 mlieres
2180 3728 2371 3769 secure
2416 3721 2561 3770 stare
2592 3716 2644 3769 in
2668 3722 2993 3785 templorum
3018 3716 3320 3783 vestibulis,
3342 3731 3464 3787 qua:

216 3808 410 3876 ἁγίαις
437 3810 608 3863 εἰκόσι
645 3809 1209 3882 κεκαλλωπισμένους,
1261 3813 1354 3867 κα)⁴
1379 3815 1458 3878 εὶς
1489 3814 1751 3885 δοξολογία

1924 3804 2100 3860 auctis
2133 3805 2317 3881 omnis
2352 3807 2563 3874 generis
2609 3807 2938 3878 imaginibus
2981 3822 3261 3875 exornata,
3301 3816 3355 3864 et
3390 3809 3459 3864 ad

215 3900 360 3954 Θεοῦ
387 3903 843 3976 ἀπονεμηθέντας’
878 3906 972 3959 καὶ
1012 3906 1319 3977 ἐρωτῶντες
1350 3908 1496 3973 ὅπως
1526 3909 1681 3963 τοῦτο
1707 3929 1750 3980 γη

1925 3895 1988 3949 Dei
2034 3895 2249 3950 laudem
2292 3896 2546 3966 deputata
2590 3908 2719 3951 sunt
2756 3916 2769 3951 :
2813 3905 3021 3953 etcum
3059 3898 3460 3969 interrogamus

213 4011 394 4061 νεται,
424 3996 696 4067 ἀκούομεν
749 3996 821 4068 μὴ
866 3997 1243 4069 ἐκκλησιάζειν
1275 4000 1461 4065 αὐτὸς,
1505 4001 1641 4073 ὅπερ
1669 4005 1748 4074 ἔμε

1930 3987 2165 4042 uomodo
2194 3988 2297 4043 hoc
2326 3987 2439 4055 tiat,
2471 3987 2725 4043 audimus
2753 4002 2845 4043 eas
2882 4004 2992 4043 non
3024 4004 3147 4043 esse
3192 3989 3246 4042 in
3287 3989 3461 4043 eccle—

213 4087 361 4152 τέως
389 4089 449 4142 οὐ
475 4090 637 4142 δοκεῖ.
676 4090 749 4143 Οὐ
776 4090 884 4161 γάρ
906 4092 1041 4143 εἰσιν
1091 4092 1139 4144 οἱ
1188 4091 1411 4163 πρόναοι
1437 4095 1603 4147 κοινοὶ
1625 4095 1699 4159 ὡς
1722 4114 1748 4149 τ

1923 4080 2005 4145 ia,
2036 4079 2179 4151 quod
2220 4080 2353 4134 mihi
2384 4080 2603 4149 quidem
2646 4096 2752 4134 non
2789 4079 2862 4134 ita
2901 4095 3022 4135 esse
3050 4080 3287 4137 videtur.
3341 4080 3458 4135 Non

209 4182 326 4234 τῶν
354 4180 653 4251 ἐκκλησιῶν
685 4181 968 4253 προαύλια,
1003 4182 1137 4236 ἀλλὰ
1185 4183 1348 4255 μέρος
1387 4184 1565 4238 αὐτῶν
1598 4188 1744 4240 ἀπονε

1927 4183 2024 4228 unt
2084 4175 2230 4228 enim
2290 4173 2559 4229 vestibula
2617 4172 2925 4227 communia
2984 4180 3043 4226 ut
3104 4171 3457 4227 ecclesiarum

214 4273 391 4345 μηθὲν
417 4276 537 4336 ταῖς
567 4274 778 4341 γυναιξὶ
808 4276 935 4337 ταῖς
967 4274 1040 4345 μὴ
1092 4274 1457 4347 κωλυομέναις
1500 4277 1749 4350 ἐκκλησιά

1926 4265 2049 4332 tria,
2094 4265 2186 4319 sed
2217 4278 2345 4334 pars
2377 4272 2505 4319 sunt
2546 4262 2787 4333 ipsarum
2834 4262 3158 4317 mulieribus
3199 4263 3458 4317 attributa

211 4366 352 4430 ζειν.
391 4367 487 4428 Ὃς
507 4365 570 4435 δὴ
598 4365 850 4436 πρόναος,
870 4364 1031 4429 τόπος
1050 4365 1306 4437 δευτέρας
1337 4368 1451 4420 ἐστὶ
1481 4371 1746 4439 μετανοίας

1927 4372 2009 4411 ua:
2058 4356 2114 4411 in
2165 4356 2393 4411 ecclesia
2444 4354 2651 4411 versari
2708 4370 2816 4409 non
2865 4354 3242 4425 prohibentur.
3304 4350 3458 4420 Quod

219 4457 379 4515 ὁτῶν
431 4458 792 4528 ἀκροωμένων
841 4457 1147 4527 λεγόμενος.
1206 4459 1317 4513 Καὶ
1358 4461 1415 4513 ἐν
1474 4460 1621 4531 αὐτῴ
1667 4462 1754 4514 οὐδ

1926 4450 2104 4504 uidem
2135 4448 2467 4503 vestibulum
2505 4456 2588 4503 est
2636 4447 2790 4502 locus
2835 4445 3086 4502 secundae
3131 4444 3458 4515 pmnilentiie

208 4546 471 4617 ἀνδράσιν
521 4548 727 4615 ἐφεῖται
760 4546 1032 4608 ἵστασθαι,
1088 4547 1456 4618 ἐπιτιμηθεῖσι
1483 4549 1557 4620 μὴ
1589 4550 1743 4603 ἐκκλτ

1918 4539 1979 4609 _ui
2011 4539 2211 4595 dicitur
2243 4538 2577 4594 audientium
2610 4546 2703 4593 :ct
2732 4537 2786 4591 in
2827 4538 2946 4607 ipso
2989 4551 3055 4590 ne
3078 4535 3209 4590 viris
3238 4534 3453 4604 quidem

213 4638 447 4701 σιάςειν,
481 4638 615 4691 ἀλλὰ
641 4638 836 4703 ἔξωθεν
864 4637 1027 4691 αὑτοῦ
1063 4637 1429 4708 προσκλαίειν.
1477 4641 1621 4694 Ἔδει
1651 4641 1748 4709 τοῦ

1918 4639 2031 4686 tare
2070 4631 2426 4701 permittitur,
2465 4629 2665 4699 quibus
2704 4629 2958 4698 imposita
2992 4635 3074 4681 est
3104 4640 3262 4694 pmua
3295 4638 3363 4677 ne
3399 4629 3451 4675 in

208 4724 344 4787 τοὺς
366 4727 633 4792 τοιούτους
654 4728 920 4799 προνάους
941 4730 1020 4792 εἰς
1046 4728 1139 4791 οὒς
1179 4731 1235 4782 αἱ
1265 4729 1507 4785 τοιαῦται
1546 4732 1743 4804 ἀκάθαε

1918 4725 2111 4779 cclesia
2144 4732 2447 4788 versentur,
2472 4722 2564 4776 sed
2589 4731 2738 4776 extra
2770 4722 2947 4790 ipsum
2990 4717 3206 4773 deﬂere.
3232 4715 3453 4785 Oportet

209 4835 299 4871 τοι
322 4820 575 4886 γυναῖκες
606 4820 824 4889 ἔμελλον
873 4821 1143 4887 ἵστασθαι,
1207 4821 1281 4893 μὴ
1321 4823 1665 4896 ἀναπληροῦν
1694 4827 1744 4879 τέ

1918 4826 2012 4880 rgo
2058 4812 2327 4882 ejusmodi
2378 4810 2642 4865 vestibula
2692 4809 2746 4863 in
2795 4808 2994 4878 quibus
3036 4807 3257 4861 stabunt
3305 4805 3451 4875 ejus-

210 4926 317 4963 πον
343 4907 642 4980 ἐκκλησιῶν
676 4908 734 4974 ἐξ
763 4910 943 4981 ὀρθοῦ,
978 4911 1119 4965 ὥστε
1161 4913 1257 4965 καὶ
1293 4913 1455 4985 ἱερεῖς
1504 4915 1640 4985 μετά
1671 4916 1745 4968 τῶ

1914 4904 2032 4959 nodi
2068 4904 2363 4957 immundae
2390 4902 2668 4965 mulieres,
2703 4898 3058 4955 ecclesiarum
3096 4898 3273 4951 locum
3308 4896 3449 4950 dire-

208 5001 375 5054 θείων
430 5001 781 5073 ἀγιασμάτων
833 5002 1137 5074 διέρχεσθαι
1178 5004 1319 5059 κατά
1344 5006 1434 5059 τὸν
1462 5007 1743 5079 χερουὸικὸ

1917 5004 1971 5051 to
2004 5011 2113 5050 non
2152 4996 2398 5065 implere,
2441 5002 2501 5048 ut
2538 4992 2701 5048 etiam
2747 4992 3053 5045 sacerdotes
3092 5004 3213 5042 cum
3248 4986 3447 5041 divinis

208 5092 241 5145 ὖ
250 5110 403 5164 μνον,
433 5094 526 5146 καὶ
551 5093 747 5164 θυμιᾷν
770 5094 896 5158 τοὺς
924 5099 982 5149 ἐν
1007 5097 1181 5169 τούτῳ
1234 5097 1545 5162 ῐσωςνδντας
1574 5098 1743 5169 τάφου

1915 5088 2240 5143 acramentis
2281 5087 2335 5141 in
2371 5085 2663 5141 cberubico
2698 5082 2898 5153 hymno
2947 5088 3243 5146 transeant,
3275 5086 3327 5133 et
3361 5093 3446 5132 se-

206 5186 306 5240 καὶ
338 5185 543 5255 ἁγίους,
581 5187 674 5240 καὶ
705 5186 959 5252 τελευτάς
985 5189 1157 5258 ἀγιῶν
1194 5190 1365 5262 εὐχῶν
1393 5194 1583 5245 ποιεῖν·
1616 5192 1649 5263 ἢ
1677 5191 1741 5245 κᾶ

1909 5177 2073 5235 pulcra
2116 5194 2236 5249 quae
2280 5178 2391 5234 illic
2433 5177 2571 5232 forte
2599 5184 2758 5242 sunt,
2790 5174 3005 5230 sutliant
3038 5182 3091 5229 et
3126 5181 3362 5234 sanctos,
3392 5179 3444 5223 et

285 5322 329 5354 ³⁸
368 5321 558 5377 Matth.
586 5338 662 5391 ix,
684 5324 790 5391 ‘20;
817 5322 951 5381 Luc.
988 5341 1110 5395 vm,
1137 5326 1228 5381 43.

283 5455 394 5529 (65)
432 5457 578 5539 [legi
601 5455 669 5509 δὲ
694 5456 813 5510 τῶν
842 5457 911 5512 ἐν
940 5459 1193 5539 ὰφέδρῳ.
1223 5459 1773 5539 Constantinusﬂar-
1886 5457 2135 5539 Mylan:
2145 5458 2231 5512 διὰ
2252 5457 2314 5539 τξ
2339 5454 2756 5539 κεχωρισμένως
2777 5453 2975 5539 ταῦτας
3003 5447 3443 5539 παράγἸουδαίων

206 5524 539 5604 menopulus
567 5528 711 5604 hunc
737 5524 1109 5604 canoncmsic
1132 5524 1549 5604 compendil'acit
1573 5551 1586 5586 :
1611 5534 1675 5585 Ai
1710 5534 1741 5604 ἐι

1905 5524 2220 5593 ιαθέζεσθαι.
2267 5524 2702 5592 Quiriti-secessu
2738 5524 3010 5604 Sllll-l,./l06
3031 5533 3128 5585 est,
3154 5536 3268 5604 quin
3299 5535 3440 5604 men-

202 5589 422 5669 ἁφέδρξρ
459 5602 551 5650 καὶ
585 5597 741 5650 θείων
765 5599 904 5651 ναῶν
939 5600 1033 5653 καὶ
1060 5602 1218 5672 ἱερῶν
1253 5589 1561 5674 μυστηρίων
1587 5602 1735 5672 εἰργέ

206 5670 437 5721 σθωςαν.
469 5667 598 5732 Qua:
626 5669 680 5721 in
709 5685 907 5721 secessu
940 5680 1083 5734 sunt,
1120 5683 1228 5725 tam
1262 5690 1295 5725 a
1330 5674 1522 5727 divinis
1560 5675 1737 5736 templi

1902 5616 1949 5652 es
1985 5589 2106 5654 suos
2146 5589 2333 5651 habent
2360 5612 2378 5649 :
2400 5607 2674 5667 propterea
2708 5596 2846 5666 quod
2879 5595 2959 5648 lia:
2990 5589 3269 5660 separatim
3297 5589 3437 5659 apud

1909 5671 2086 5723 udwos
2142 5668 2414 5736 degebant.
2463 5667 2795 5736 Harmeuop.
2843 5664 2986 5733 Epit.
3026 5680 3173 5729 eam,
3207 5668 3340 5718 sect.
3381 5660 3431 5715 6.

206 5667 437 5721 σθωςήαν.
469 5667 598 5732 Qua:
626 5669 680 5721 in
709 5685 907 5721 secessu
940 5680 1083 5734 sunt,
1110 5667 1228 5725 'tam
1254 5667 1295 5725 ἀ
1330 5667 1522 5727 divinis
1560 5667 1763 5742 templis
1869 5669 2086 5723 Juda'os
2142 5668 2414 5740 degebant.
2463 5667 2795 5736 Harmenop.
2843 5667 2986 5733 Epit.
3026 5680 3173 5729 eam,

202 5754 372 5812 quam
386 5739 559 5812 sacris
578 5739 836 5808 mysteriis
859 5751 1158 5812 arceantur.
1208 5742 1264 5797 In
1291 5759 1454 5812 quam
1489 5745 1762 5812 epitomen
1867 5740 2037 5796 αλιι..

206 5809 522 5868 scholiastes
547 5808 661 5863 haec
685 5818 837 5864 notat
865 5827 878 5865 :
906 5811 972 5863 Αἰ
997 5812 1057 5864 ἐν
1088 5808 1492 5886 ἀφέδρῳήγουν
1514 5808 1571 5867 ἓν
1603 5830 1765 5867 κατα-
