  <div class='ocr_page' id='page_1' title='image "/cluster/home/n/w/nwhite01/storage/ocr_20150623/10/hvd.32044019207620/650.png"; bbox 0 0 3888 6518; ppageno 0'>
   <div class='ocr_carea' id='block_1_1' title="bbox 148 315 293 370">
    <p class='ocr_par' dir='ltr' id='par_1_1' title="bbox 148 315 293 370">
     <span class='ocr_line' id='line_1_1' title="bbox 148 315 293 370; baseline 0.007 -1"><span class='ocrx_word' id='word_1_1' title='bbox 148 315 293 370; x_wconf 59' lang='lat'><strong>19525</strong></span> 
     </span>
    </p>
   </div>
   <div class='ocr_carea' id='block_1_2' title="bbox 931 325 2645 395">
    <p class='ocr_par' dir='ltr' id='par_1_2' title="bbox 931 325 2645 395">
     <span class='ocr_line' id='line_1_2' title="bbox 931 325 2645 395; baseline 0.006 -12"><span class='ocrx_word' id='word_1_2' title='bbox 931 325 1268 386; x_wconf 81' lang='lat' dir='ltr'><strong>EPISTOLA</strong></span> <span class='ocrx_word' id='word_1_3' title='bbox 1306 329 1656 387; x_wconf 80' lang='lat' dir='ltr'><strong>CANONICA</strong></span> <span class='ocrx_word' id='word_1_4' title='bbox 1694 333 1785 387; x_wconf 82' lang='lat' dir='ltr'><strong>AD</strong></span> <span class='ocrx_word' id='word_1_5' title='bbox 1823 333 2192 392; x_wconf 81' lang='lat' dir='ltr'><strong>BASILIDEM</strong></span> <span class='ocrx_word' id='word_1_6' title='bbox 2232 334 2645 395; x_wconf 78' lang='lat' dir='ltr'><strong>EPISCOPUM.</strong></span> 
     </span>
    </p>
   </div>
   <div class='ocr_carea' id='block_1_3' title="bbox 3256 337 3400 396">
    <p class='ocr_par' dir='ltr' id='par_1_3' title="bbox 3256 337 3400 396">
     <span class='ocr_line' id='line_1_3' title="bbox 3256 337 3400 396; baseline 0 0"><span class='ocrx_word' id='word_1_7' title='bbox 3256 337 3400 396; x_wconf 68' lang='lat'><strong>129-6</strong></span> 
     </span>
    </p>
   </div>
   <div class='ocr_carea' id='block_1_4' title="bbox 137 434 1721 522">
    <p class='ocr_par' dir='ltr' id='par_1_4' title="bbox 137 434 1721 512">
     <span class='ocr_line' id='line_1_4' title="bbox 137 434 1721 512; baseline 0.013 -27"><span class='ocrx_word' id='word_1_8' title='bbox 137 434 385 488; x_wconf 75' lang='grc' dir='ltr'>,ιὰσωοί</span> <span class='ocrx_word' id='word_1_9' title='bbox 441 436 517 508; x_wconf 77' lang='grc' dir='ltr'><strong>τῇ</strong></span> <span class='ocrx_word' id='word_1_10' title='bbox 570 440 901 512; x_wconf 77' lang='grc' dir='ltr'>προσευχῇ,</span> <span class='ocrx_word' id='word_1_11' title='bbox 935 445 1033 499; x_wconf 76' lang='grc' dir='ltr'>καὶ</span> <span class='ocrx_word' id='word_1_12' title='bbox 1089 446 1274 501; x_wconf 80' lang='grc' dir='ltr'>πάλιν</span> <span class='ocrx_word' id='word_1_13' title='bbox 1317 447 1416 502; x_wconf 79' lang='grc' dir='ltr'><strong>ἐπὶ</strong></span> <span class='ocrx_word' id='word_1_14' title='bbox 1466 450 1532 503; x_wconf 87' lang='grc' dir='ltr'>τὸ</span> <span class='ocrx_word' id='word_1_15' title='bbox 1584 449 1721 504; x_wconf 76' lang='grc' dir='ltr'><strong>αὐτὸ</strong></span> 
     </span>
    </p>
   </div>
   <div class='ocr_carea' id='block_1_5' title="bbox 1825 434 3400 522">
    <p class='ocr_par' dir='ltr' id='par_1_5' title="bbox 1832 451 3400 522">
     <span class='ocr_line' id='line_1_5' title="bbox 1832 451 3400 522; baseline 0.007 -19"><span class='ocrx_word' id='word_1_16' title='bbox 1832 461 2014 504; x_wconf 84' lang='lat' dir='ltr'><strong>vacent</strong></span> <span class='ocrx_word' id='word_1_17' title='bbox 2047 451 2298 516; x_wconf 77' lang='lat' dir='ltr'><strong>orationi,</strong></span> <span class='ocrx_word' id='word_1_18' title='bbox 2325 465 2376 507; x_wconf 84' lang='lat' dir='ltr'><strong>et</strong></span> <span class='ocrx_word' id='word_1_19' title='bbox 2402 470 2585 507; x_wconf 79' lang='lat' dir='ltr'><strong>rursus</strong></span> <span class='ocrx_word' id='word_1_20' title='bbox 2615 454 2946 522; x_wconf 80' lang='lat' dir='ltr'><strong>conveniant,</strong></span> <span class='ocrx_word' id='word_1_21' title='bbox 2973 454 3206 510; x_wconf 78' lang='lat' dir='ltr'><strong>Paulum</strong></span> <span class='ocrx_word' id='word_1_22' title='bbox 3227 458 3400 515; x_wconf 53' lang='lat' dir='ltr'><strong>dice»</strong></span> 
     </span>
    </p>
   </div>
   <div class='ocr_carea' id='block_1_6' title="bbox 138 523 1300 608">
    <p class='ocr_par' dir='ltr' id='par_1_6' title="bbox 138 523 1300 608">
     <span class='ocr_line' id='line_1_6' title="bbox 138 523 1300 608; baseline 0.013 -27"><span class='ocrx_word' id='word_1_23' title='bbox 138 523 320 593; x_wconf 82' lang='grc' dir='ltr'>ὦσιν,</span> <span class='ocrx_word' id='word_1_24' title='bbox 358 532 654 601; x_wconf 79' lang='grc' dir='ltr'>ἀκηκόασι</span> <span class='ocrx_word' id='word_1_25' title='bbox 681 536 926 590; x_wconf 75' lang='grc' dir='ltr'><em>Παύλου</em></span> <span class='ocrx_word' id='word_1_26' title='bbox 955 537 1300 608; x_wconf 64' lang='grc' dir='ltr'>γράφοντος.</span> 
     </span>
    </p>
   </div>
   <div class='ocr_carea' id='block_1_7' title="bbox 221 624 1724 708">
    <p class='ocr_par' dir='ltr' id='par_1_7' title="bbox 221 624 1724 708">
     <span class='ocr_line' id='line_1_7' title="bbox 221 624 1724 708; baseline 0.009 -31"><span class='ocrx_word' id='word_1_27' title='bbox 221 624 419 678; x_wconf 84' lang='grc' dir='ltr'><strong>ΒΑΛΣ.</strong></span> <span class='ocrx_word' id='word_1_28' title='bbox 461 626 548 690; x_wconf 78' lang='grc' dir='ltr'>Ὠς</span> <span class='ocrx_word' id='word_1_29' title='bbox 592 626 785 693; x_wconf 77' lang='grc' dir='ltr'>ἔοικεν,</span> <span class='ocrx_word' id='word_1_30' title='bbox 817 629 1074 703; x_wconf 78' lang='grc' dir='ltr'><strong>ἠρωτήθη</strong></span> <span class='ocrx_word' id='word_1_31' title='bbox 1107 633 1136 685; x_wconf 99' lang='lat'><strong>6</strong></span> <span class='ocrx_word' id='word_1_32' title='bbox 1169 631 1322 702; x_wconf 78' lang='grc' dir='ltr'>ἆγιος</span> <span class='ocrx_word' id='word_1_33' title='bbox 1367 634 1461 689; x_wconf 86' lang='grc' dir='ltr'><strong>ὲάν</strong></span> <span class='ocrx_word' id='word_1_34' title='bbox 1508 635 1724 708; x_wconf 73' lang='grc' dir='ltr'>ἐνδέχη-</span> 
     </span>
    </p>
   </div>
   <div class='ocr_carea' id='block_1_8' title="bbox 143 719 1725 802">
    <p class='ocr_par' dir='ltr' id='par_1_8' title="bbox 143 719 1725 802">
     <span class='ocr_line' id='line_1_8' title="bbox 143 719 1725 802; baseline 0.009 -32"><span class='ocrx_word' id='word_1_35' title='bbox 143 734 242 772; x_wconf 88' lang='grc' dir='ltr'><strong>ται</strong></span> <span class='ocrx_word' id='word_1_36' title='bbox 265 719 393 783; x_wconf 78' lang='grc' dir='ltr'>τοὺς</span> <span class='ocrx_word' id='word_1_37' title='bbox 446 719 712 789; x_wconf 83' lang='grc' dir='ltr'>συζύγους</span> <span class='ocrx_word' id='word_1_38' title='bbox 763 723 1163 795; x_wconf 83' lang='grc' dir='ltr'>γεγηρακότας,</span> <span class='ocrx_word' id='word_1_39' title='bbox 1207 727 1326 780; x_wconf 89' lang='grc' dir='ltr'>καθ’</span> <span class='ocrx_word' id='word_1_40' title='bbox 1353 727 1447 792; x_wconf 84' lang='grc' dir='ltr'>οὓς</span> <span class='ocrx_word' id='word_1_41' title='bbox 1500 733 1725 802; x_wconf 79' lang='grc' dir='ltr'>καιροὺς</span> 
     </span>
    </p>
   </div>
   <div class='ocr_carea' id='block_1_9' title="bbox 145 810 1720 892">
    <p class='ocr_par' dir='ltr' id='par_1_9' title="bbox 145 810 1720 892">
     <span class='ocr_line' id='line_1_9' title="bbox 145 810 1720 892; baseline 0.011 -32"><span class='ocrx_word' id='word_1_42' title='bbox 145 810 430 880; x_wconf 79' lang='grc' dir='ltr'>οφείλουσι</span> <span class='ocrx_word' id='word_1_43' title='bbox 463 812 884 884; x_wconf 82' lang='grc' dir='ltr'><strong>προσεύχεσθαι,</strong></span> <span class='ocrx_word' id='word_1_44' title='bbox 933 817 1033 887; x_wconf 84' lang='grc' dir='ltr'><strong>τῆς</strong></span> <span class='ocrx_word' id='word_1_45' title='bbox 1081 819 1358 889; x_wconf 78' lang='grc' dir='ltr'><strong>ἐπιμιξίας</strong></span> <span class='ocrx_word' id='word_1_46' title='bbox 1402 821 1720 892; x_wconf 82' lang='grc' dir='ltr'>ἀπέχεσθαι·</span> 
     </span>
    </p>
   </div>
   <div class='ocr_carea' id='block_1_10' title="bbox 142 905 1727 984">
    <p class='ocr_par' dir='ltr' id='par_1_10' title="bbox 142 905 1727 984">
     <span class='ocr_line' id='line_1_10' title="bbox 142 905 1727 984; baseline 0.009 -29"><span class='ocrx_word' id='word_1_47' title='bbox 142 905 249 957; x_wconf 82' lang='grc' dir='ltr'><strong>καί</strong></span> <span class='ocrx_word' id='word_1_48' title='bbox 279 922 443 976; x_wconf 86' lang='grc' dir='ltr'>φησιν</span> <span class='ocrx_word' id='word_1_49' title='bbox 472 906 548 970; x_wconf 82' lang='grc' dir='ltr'>ὡς</span> <span class='ocrx_word' id='word_1_50' title='bbox 603 908 650 960; x_wconf 89' lang='grc' dir='ltr'>οἱ</span> <span class='ocrx_word' id='word_1_51' title='bbox 683 906 938 975; x_wconf 79' lang='grc' dir='ltr'>τοιοῦτοι,</span> <span class='ocrx_word' id='word_1_52' title='bbox 985 910 1192 965; x_wconf 78' lang='grc' dir='ltr'><strong>ἑαυτῶν</strong></span> <span class='ocrx_word' id='word_1_53' title='bbox 1242 915 1425 984; x_wconf 73' lang='grc' dir='ltr'>κριταὶ</span> <span class='ocrx_word' id='word_1_54' title='bbox 1473 916 1727 984; x_wconf 84' lang='grc' dir='ltr'>γινέσθω-</span> 
     </span>
    </p>
   </div>
   <div class='ocr_carea' id='block_1_11' title="bbox 145 999 1724 1079">
    <p class='ocr_par' dir='ltr' id='par_1_11' title="bbox 145 999 1724 1079">
     <span class='ocr_line' id='line_1_11' title="bbox 145 999 1724 1079; baseline 0.008 -28"><span class='ocrx_word' id='word_1_55' title='bbox 145 1015 273 1052; x_wconf 84' lang='grc' dir='ltr'>σαν·</span> <span class='ocrx_word' id='word_1_56' title='bbox 305 999 399 1052; x_wconf 89' lang='grc' dir='ltr'><strong>καί</strong></span> <span class='ocrx_word' id='word_1_57' title='bbox 433 1017 560 1053; x_wconf 89' lang='grc' dir='ltr'>ποτε</span> <span class='ocrx_word' id='word_1_58' title='bbox 591 999 835 1072; x_wconf 85' lang='grc' dir='ltr'>ἀλλήλων</span> <span class='ocrx_word' id='word_1_59' title='bbox 857 1003 921 1056; x_wconf 84' lang='grc' dir='ltr'>ἐκ</span> <span class='ocrx_word' id='word_1_60' title='bbox 951 1005 1238 1075; x_wconf 78' lang='grc' dir='ltr'><strong>συμφώνου</strong></span> <span class='ocrx_word' id='word_1_61' title='bbox 1268 1007 1433 1079; x_wconf 70' lang='grc' dir='ltr'>ἤγουν</span> <span class='ocrx_word' id='word_1_62' title='bbox 1461 1011 1523 1062; x_wconf 81' lang='grc' dir='ltr'>ἐκ</span> <span class='ocrx_word' id='word_1_63' title='bbox 1545 1010 1724 1064; x_wconf 74' lang='grc' dir='ltr'>κοινοῦ</span> 
     </span>
    </p>
   </div>
   <div class='ocr_carea' id='block_1_12' title="bbox 145 1090 1726 1172">
    <p class='ocr_par' dir='ltr' id='par_1_12' title="bbox 145 1090 1726 1172">
     <span class='ocr_line' id='line_1_12' title="bbox 145 1090 1726 1172; baseline 0.006 -29"><span class='ocrx_word' id='word_1_64' title='bbox 145 1090 474 1162; x_wconf 79' lang='grc' dir='ltr'>θελήματος,</span> <span class='ocrx_word' id='word_1_65' title='bbox 523 1092 897 1163; x_wconf 81' lang='grc' dir='ltr'><strong>ἀπεχέτωσαν,</strong></span> <span class='ocrx_word' id='word_1_66' title='bbox 923 1095 1090 1165; x_wconf 74' lang='grc' dir='ltr'>ἤγουν</span> <span class='ocrx_word' id='word_1_67' title='bbox 1134 1097 1274 1151; x_wconf 84' lang='grc' dir='ltr'><strong>κατά</strong></span> <span class='ocrx_word' id='word_1_68' title='bbox 1331 1099 1458 1162; x_wconf 75' lang='grc' dir='ltr'>τοὺς</span> <span class='ocrx_word' id='word_1_69' title='bbox 1501 1100 1726 1172; x_wconf 80' lang='grc' dir='ltr'>καιροὺς</span> 
     </span>
    </p>
   </div>
   <div class='ocr_carea' id='block_1_13' title="bbox 145 1183 1725 1261">
    <p class='ocr_par' dir='ltr' id='par_1_13' title="bbox 145 1183 1725 1261">
     <span class='ocr_line' id='line_1_13' title="bbox 145 1183 1725 1261; baseline 0.006 -25"><span class='ocrx_word' id='word_1_70' title='bbox 145 1183 274 1236; x_wconf 85' lang='grc' dir='ltr'>καθ’</span> <span class='ocrx_word' id='word_1_71' title='bbox 331 1184 424 1250; x_wconf 78' lang='grc' dir='ltr'>οὓς</span> <span class='ocrx_word' id='word_1_72' title='bbox 479 1185 842 1256; x_wconf 81' lang='grc' dir='ltr'>ἐνετάλθησαν</span> <span class='ocrx_word' id='word_1_73' title='bbox 900 1189 1332 1260; x_wconf 71' lang='grc' dir='ltr'><strong>προσεύχεσθαι,</strong></span> <span class='ocrx_word' id='word_1_74' title='bbox 1391 1192 1725 1261; x_wconf 82' lang='grc' dir='ltr'>διαγέτωσαν</span> 
     </span>
    </p>
   </div>
   <div class='ocr_carea' id='block_1_14' title="bbox 147 1275 1726 1352">
    <p class='ocr_par' dir='ltr' id='par_1_14' title="bbox 147 1275 1726 1352">
     <span class='ocr_line' id='line_1_14' title="bbox 147 1275 1726 1352; baseline 0.005 -22"><span class='ocrx_word' id='word_1_75' title='bbox 147 1275 295 1345; x_wconf 85' lang='grc' dir='ltr'><strong>μετά</strong></span> <span class='ocrx_word' id='word_1_76' title='bbox 328 1278 510 1349; x_wconf 79' lang='grc' dir='ltr'>πάσης</span> <span class='ocrx_word' id='word_1_77' title='bbox 567 1279 935 1352; x_wconf 80' lang='grc' dir='ltr'>σωφροσύνης,</span> <span class='ocrx_word' id='word_1_78' title='bbox 984 1282 1078 1335; x_wconf 74' lang='grc' dir='ltr'>καὶ</span> <span class='ocrx_word' id='word_1_79' title='bbox 1129 1282 1290 1336; x_wconf 78' lang='grc' dir='ltr'>πάλιν</span> <span class='ocrx_word' id='word_1_80' title='bbox 1347 1284 1438 1336; x_wconf 83' lang='grc' dir='ltr'><strong>ὲπί</strong></span> <span class='ocrx_word' id='word_1_81' title='bbox 1481 1285 1542 1337; x_wconf 85' lang='lat'><strong>16</strong></span> <span class='ocrx_word' id='word_1_82' title='bbox 1595 1285 1726 1339; x_wconf 82' lang='grc' dir='ltr'>αὐτὸ</span> 
     </span>
    </p>
   </div>
   <div class='ocr_carea' id='block_1_15' title="bbox 141 1368 1722 1445">
    <p class='ocr_par' dir='ltr' id='par_1_15' title="bbox 141 1368 1722 1445">
     <span class='ocr_line' id='line_1_15' title="bbox 141 1368 1722 1445; baseline 0.008 -25"><span class='ocrx_word' id='word_1_83' title='bbox 141 1368 415 1428; x_wconf 79' lang='grc' dir='ltr'>ἔστωσαν.</span> <span class='ocrx_word' id='word_1_84' title='bbox 455 1373 574 1426; x_wconf 90' lang='grc' dir='ltr'>Ὅτι</span> <span class='ocrx_word' id='word_1_85' title='bbox 605 1374 699 1426; x_wconf 74' lang='grc' dir='ltr'>καὶ</span> <span class='ocrx_word' id='word_1_86' title='bbox 744 1375 772 1426; x_wconf 92' lang='lat'><strong>6</strong></span> <span class='ocrx_word' id='word_1_87' title='bbox 803 1373 972 1445; x_wconf 77' lang='grc' dir='ltr'>μέγας</span> <span class='ocrx_word' id='word_1_88' title='bbox 1001 1375 1210 1439; x_wconf 80' lang='grc' dir='ltr'>Παῦλος</span> <span class='ocrx_word' id='word_1_89' title='bbox 1238 1375 1395 1431; x_wconf 78' lang='grc' dir='ltr'>τοῦτο</span> <span class='ocrx_word' id='word_1_90' title='bbox 1425 1377 1722 1444; x_wconf 84' lang='grc' dir='ltr'><strong>διετάξατο.</strong></span> 
     </span>
    </p>
   </div>
   <div class='ocr_carea' id='block_1_16' title="bbox 141 1460 1726 1541">
    <p class='ocr_par' dir='ltr' id='par_1_16' title="bbox 141 1460 1726 1541">
     <span class='ocr_line' id='line_1_16' title="bbox 141 1460 1726 1541; baseline 0.007 -28"><span class='ocrx_word' id='word_1_91' title='bbox 141 1460 262 1514; x_wconf 74' lang='grc' dir='ltr'><strong>Καὶ</strong></span> <span class='ocrx_word' id='word_1_92' title='bbox 291 1463 321 1515; x_wconf 91' lang='lat'><strong>6</strong></span> <span class='ocrx_word' id='word_1_93' title='bbox 354 1462 451 1533; x_wconf 81' lang='grc' dir='ltr'>μὲν</span> <span class='ocrx_word' id='word_1_94' title='bbox 483 1463 660 1518; x_wconf 87' lang='grc' dir='ltr'>κανὼν</span> <span class='ocrx_word' id='word_1_95' title='bbox 687 1465 812 1537; x_wconf 74' lang='grc' dir='ltr'>περὶ</span> <span class='ocrx_word' id='word_1_96' title='bbox 845 1467 1229 1538; x_wconf 80' lang='grc' dir='ltr'><strong>γεγηρακότων</strong></span> <span class='ocrx_word' id='word_1_97' title='bbox 1253 1469 1433 1541; x_wconf 86' lang='grc' dir='ltr'>φησίν·</span> <span class='ocrx_word' id='word_1_98' title='bbox 1474 1470 1726 1535; x_wconf 84' lang='grc' dir='ltr'>Ἐξακου-</span> 
     </span>
    </p>
   </div>
   <div class='ocr_carea' id='block_1_17' title="bbox 144 1551 1722 1634">
    <p class='ocr_par' dir='ltr' id='par_1_17' title="bbox 144 1551 1722 1634">
     <span class='ocr_line' id='line_1_17' title="bbox 144 1551 1722 1634; baseline 0.009 -30"><span class='ocrx_word' id='word_1_99' title='bbox 144 1551 308 1606; x_wconf 82' lang='grc' dir='ltr'>στὲον</span> <span class='ocrx_word' id='word_1_100' title='bbox 337 1553 392 1606; x_wconf 86' lang='grc' dir='ltr'>δὲ</span> <span class='ocrx_word' id='word_1_101' title='bbox 425 1554 495 1608; x_wconf 84' lang='grc' dir='ltr'><strong>τά</strong></span> <span class='ocrx_word' id='word_1_102' title='bbox 513 1555 570 1608; x_wconf 81' lang='grc' dir='ltr'>ὲν</span> <span class='ocrx_word' id='word_1_103' title='bbox 594 1556 742 1628; x_wconf 80' lang='grc' dir='ltr'>αύτῷ</span> <span class='ocrx_word' id='word_1_104' title='bbox 763 1557 976 1626; x_wconf 31' lang='grc' dir='ltr'>καὶ-εἰς’</span> <span class='ocrx_word' id='word_1_105' title='bbox 1011 1559 1217 1624; x_wconf 82' lang='grc' dir='ltr'>πάντας</span> <span class='ocrx_word' id='word_1_106' title='bbox 1247 1563 1372 1627; x_wconf 74' lang='grc' dir='ltr'>τοὺς</span> <span class='ocrx_word' id='word_1_107' title='bbox 1403 1563 1722 1634; x_wconf 73' lang='grc' dir='ltr'>ὁμοζύγους.</span> 
     </span>
    </p>
   </div>
   <div class='ocr_carea' id='block_1_18' title="bbox 141 1644 1726 1726">
    <p class='ocr_par' dir='ltr' id='par_1_18' title="bbox 141 1644 1726 1726">
     <span class='ocr_line' id='line_1_18' title="bbox 141 1644 1726 1726; baseline 0.008 -29"><span class='ocrx_word' id='word_1_108' title='bbox 141 1647 348 1710; x_wconf 85' lang='grc' dir='ltr'>Καλῶς</span> <span class='ocrx_word' id='word_1_109' title='bbox 373 1647 428 1700; x_wconf 85' lang='grc' dir='ltr'>δὲ</span> <span class='ocrx_word' id='word_1_110' title='bbox 455 1644 575 1702; x_wconf 75' lang='grc' dir='ltr'>εἷπε</span> <span class='ocrx_word' id='word_1_111' title='bbox 609 1649 671 1702; x_wconf 83' lang='grc' dir='ltr'>τὸ</span> <span class='ocrx_word' id='word_1_112' title='bbox 698 1650 765 1705; x_wconf 85' lang='grc' dir='ltr'>ἐκ</span> <span class='ocrx_word' id='word_1_113' title='bbox 791 1653 1136 1723; x_wconf 63' lang='grc' dir='ltr'>συμφώνου.</span> <span class='ocrx_word' id='word_1_114' title='bbox 1193 1655 1340 1709; x_wconf 80' lang='grc' dir='ltr'>Οὔτε</span> <span class='ocrx_word' id='word_1_115' title='bbox 1369 1656 1478 1726; x_wconf 77' lang='grc' dir='ltr'>γὰρ</span> <span class='ocrx_word' id='word_1_116' title='bbox 1510 1659 1542 1710; x_wconf 81' lang='grc' dir='ltr'><em>ό</em></span> <span class='ocrx_word' id='word_1_117' title='bbox 1573 1656 1726 1726; x_wconf 79' lang='grc' dir='ltr'>ἀνὴρ</span> 
     </span>
    </p>
   </div>
   <div class='ocr_carea' id='block_1_19' title="bbox 139 1737 1726 1819">
    <p class='ocr_par' dir='ltr' id='par_1_19' title="bbox 139 1737 1726 1819">
     <span class='ocr_line' id='line_1_19' title="bbox 139 1737 1726 1819; baseline 0.009 -29"><span class='ocrx_word' id='word_1_118' title='bbox 139 1737 481 1803; x_wconf 78' lang='grc' dir='ltr'><strong>ἐξουσιάζει</strong></span> <span class='ocrx_word' id='word_1_119' title='bbox 506 1742 614 1796; x_wconf 83' lang='grc' dir='ltr'><strong>τοῦ</strong></span> <span class='ocrx_word' id='word_1_120' title='bbox 656 1742 810 1798; x_wconf 82' lang='grc' dir='ltr'>ίδίου</span> <span class='ocrx_word' id='word_1_121' title='bbox 841 1744 1131 1816; x_wconf 82' lang='grc' dir='ltr'>σώματος·</span> <span class='ocrx_word' id='word_1_122' title='bbox 1159 1748 1298 1802; x_wconf 83' lang='grc' dir='ltr'>οὔτε</span> <span class='ocrx_word' id='word_1_123' title='bbox 1326 1749 1365 1816; x_wconf 78' lang='grc' dir='ltr'>ἡ</span> <span class='ocrx_word' id='word_1_124' title='bbox 1392 1749 1567 1819; x_wconf 76' lang='grc' dir='ltr'>γυνὴ,</span> <span class='ocrx_word' id='word_1_125' title='bbox 1586 1751 1726 1805; x_wconf 80' lang='grc' dir='ltr'>κατὰ</span> 
     </span>
    </p>
   </div>
   <div class='ocr_carea' id='block_1_20' title="bbox 139 1806 1800 1914">
    <p class='ocr_par' dir='ltr' id='par_1_20' title="bbox 139 1806 1800 1914">
     <span class='ocr_line' id='line_1_20' title="bbox 139 1806 1800 1914; baseline 0.008 -30"><span class='ocrx_word' id='word_1_126' title='bbox 139 1831 238 1884; x_wconf 81' lang='grc' dir='ltr'>τὸν</span> <span class='ocrx_word' id='word_1_127' title='bbox 269 1831 443 1903; x_wconf 84' lang='grc' dir='ltr'>μέγαν</span> <span class='ocrx_word' id='word_1_128' title='bbox 477 1818 816 1892; x_wconf 77' lang='grc' dir='ltr'>Ἀπόστολον.</span> <span class='ocrx_word' id='word_1_129' title='bbox 869 1806 968 1893; x_wconf 80' lang='grc' dir='ltr'>Διά</span> <span class='ocrx_word' id='word_1_130' title='bbox 1011 1806 1170 1894; x_wconf 65' lang='grc' dir='ltr'>τούτο</span> <span class='ocrx_word' id='word_1_131' title='bbox 1221 1837 1314 1895; x_wconf 81' lang='grc' dir='ltr'>οὖν</span> <span class='ocrx_word' id='word_1_132' title='bbox 1351 1806 1616 1914; x_wconf 69' lang='grc' dir='ltr'>ἀλλήλους</span> <span class='ocrx_word' id='word_1_133' title='bbox 1646 1844 1727 1897; x_wconf 86' lang='grc' dir='ltr'><strong>δεῖ</strong></span> <span class='ocrx_word' id='word_1_134' title='bbox 1753 1806 1800 1865; x_wconf 79' lang='grc' dir='ltr'><strong>Β</strong></span> 
     </span>
    </p>
   </div>
   <div class='ocr_carea' id='block_1_21' title="bbox 143 1928 1721 2010">
    <p class='ocr_par' dir='ltr' id='par_1_21' title="bbox 143 1928 1721 2010">
     <span class='ocr_line' id='line_1_21' title="bbox 143 1928 1721 2010; baseline 0.009 -32"><span class='ocrx_word' id='word_1_135' title='bbox 143 1928 463 1996; x_wconf 78' lang='grc' dir='ltr'>συμφωνεῖν</span> <span class='ocrx_word' id='word_1_136' title='bbox 496 1928 623 2000; x_wconf 72' lang='grc' dir='ltr'>περὶ</span> <span class='ocrx_word' id='word_1_137' title='bbox 650 1929 882 2002; x_wconf 79' lang='grc' dir='ltr'><strong>ἀποχῆς,</strong></span> <span class='ocrx_word' id='word_1_138' title='bbox 906 1932 992 1986; x_wconf 81' lang='grc' dir='ltr'>ἵνα</span> <span class='ocrx_word' id='word_1_139' title='bbox 1029 1933 1329 2004; x_wconf 85' lang='grc' dir='ltr'>σχολάσωσι</span> <span class='ocrx_word' id='word_1_140' title='bbox 1356 1937 1422 2008; x_wconf 80' lang='grc' dir='ltr'>τῇ</span> <span class='ocrx_word' id='word_1_141' title='bbox 1449 1941 1721 2010; x_wconf 86' lang='grc' dir='ltr'>προσευχῇ</span> 
     </span>
    </p>
   </div>
   <div class='ocr_carea' id='block_1_22' title="bbox 141 2018 1722 2105">
    <p class='ocr_par' dir='ltr' id='par_1_22' title="bbox 141 2018 1722 2105">
     <span class='ocr_line' id='line_1_22' title="bbox 141 2018 1722 2105; baseline 0.009 -34"><span class='ocrx_word' id='word_1_142' title='bbox 141 2018 244 2071; x_wconf 76' lang='grc' dir='ltr'>καὶ</span> <span class='ocrx_word' id='word_1_143' title='bbox 276 2023 343 2092; x_wconf 82' lang='grc' dir='ltr'><strong>τῇ</strong></span> <span class='ocrx_word' id='word_1_144' title='bbox 378 2020 618 2094; x_wconf 80' lang='grc' dir='ltr'>νηστείᾳ.</span> <span class='ocrx_word' id='word_1_145' title='bbox 651 2024 714 2076; x_wconf 84' lang='grc' dir='ltr'><strong>Εἰ</strong></span> <span class='ocrx_word' id='word_1_146' title='bbox 758 2024 866 2097; x_wconf 75' lang='grc' dir='ltr'>γὰρ</span> <span class='ocrx_word' id='word_1_147' title='bbox 893 2024 966 2097; x_wconf 85' lang='grc' dir='ltr'>μὴ</span> <span class='ocrx_word' id='word_1_148' title='bbox 999 2027 1063 2080; x_wconf 84' lang='grc' dir='ltr'>ὲκ</span> <span class='ocrx_word' id='word_1_149' title='bbox 1108 2029 1424 2099; x_wconf 74' lang='grc' dir='ltr'>συμφωνίας</span> <span class='ocrx_word' id='word_1_150' title='bbox 1466 2031 1722 2105; x_wconf 78' lang='grc' dir='ltr'>γίνοιτοή</span> 
     </span>
    </p>
   </div>
   <div class='ocr_carea' id='block_1_23' title="bbox 139 2111 1727 2194">
    <p class='ocr_par' dir='ltr' id='par_1_23' title="bbox 139 2111 1727 2194">
     <span class='ocr_line' id='line_1_23' title="bbox 139 2111 1727 2194; baseline 0.008 -29"><span class='ocrx_word' id='word_1_151' title='bbox 139 2111 660 2187; x_wconf 81' lang='grc' dir='ltr'>ἀποχὴ,ἀποστερεῖ</span> <span class='ocrx_word' id='word_1_152' title='bbox 684 2115 900 2181; x_wconf 86' lang='grc' dir='ltr'>πάντως</span> <span class='ocrx_word' id='word_1_153' title='bbox 922 2118 980 2171; x_wconf 88' lang='lat'><strong>16</strong></span> <span class='ocrx_word' id='word_1_154' title='bbox 1024 2119 1096 2190; x_wconf 83' lang='grc' dir='ltr'><strong>μὴ</strong></span> <span class='ocrx_word' id='word_1_155' title='bbox 1128 2119 1448 2192; x_wconf 85' lang='grc' dir='ltr'>βουλόμενον</span> <span class='ocrx_word' id='word_1_156' title='bbox 1479 2123 1578 2194; x_wconf 86' lang='grc' dir='ltr'>τὴν</span> <span class='ocrx_word' id='word_1_157' title='bbox 1610 2141 1727 2177; x_wconf 89' lang='grc' dir='ltr'>συν-</span> 
     </span>
    </p>
   </div>
   <div class='ocr_carea' id='block_1_24' title="bbox 138 2204 1723 2283">
    <p class='ocr_par' dir='ltr' id='par_1_24' title="bbox 138 2204 1723 2283">
     <span class='ocr_line' id='line_1_24' title="bbox 138 2204 1723 2283; baseline 0.009 -27"><span class='ocrx_word' id='word_1_158' title='bbox 138 2204 336 2259; x_wconf 83' lang='grc' dir='ltr'>ουσίαν</span> <span class='ocrx_word' id='word_1_159' title='bbox 396 2205 578 2278; x_wconf 80' lang='grc' dir='ltr'>μέρος,</span> <span class='ocrx_word' id='word_1_160' title='bbox 635 2207 696 2261; x_wconf 88' lang='lat'><strong>16</strong></span> <span class='ocrx_word' id='word_1_161' title='bbox 735 2209 939 2282; x_wconf 85' lang='grc' dir='ltr'>ταύτην</span> <span class='ocrx_word' id='word_1_162' title='bbox 991 2211 1304 2283; x_wconf 76' lang='grc' dir='ltr'>ὲπιζητοῦν.</span> <span class='ocrx_word' id='word_1_163' title='bbox 1353 2215 1463 2269; x_wconf 72' lang='grc' dir='ltr'><strong>Καὶ</strong></span> <span class='ocrx_word' id='word_1_164' title='bbox 1513 2215 1630 2280; x_wconf 87' lang='grc' dir='ltr'><strong>πῶς</strong></span> <span class='ocrx_word' id='word_1_165' title='bbox 1657 2216 1723 2271; x_wconf 80' lang='grc' dir='ltr'>ἂν</span> 
     </span>
    </p>
   </div>
   <div class='ocr_carea' id='block_1_25' title="bbox 137 2295 1722 2381">
    <p class='ocr_par' dir='ltr' id='par_1_25' title="bbox 137 2295 1722 2381">
     <span class='ocr_line' id='line_1_25' title="bbox 137 2295 1722 2381; baseline 0.009 -33"><span class='ocrx_word' id='word_1_166' title='bbox 137 2295 350 2363; x_wconf 80' lang='grc' dir='ltr'>δόξειεν</span> <span class='ocrx_word' id='word_1_167' title='bbox 380 2297 712 2366; x_wconf 78' lang='grc' dir='ltr'>ὲξουσιάζειν</span> <span class='ocrx_word' id='word_1_168' title='bbox 735 2301 827 2355; x_wconf 76' lang='grc' dir='ltr'>τοῦ</span> <span class='ocrx_word' id='word_1_169' title='bbox 877 2300 1125 2374; x_wconf 88' lang='grc' dir='ltr'>σώματος</span> <span class='ocrx_word' id='word_1_170' title='bbox 1148 2305 1240 2358; x_wconf 79' lang='grc' dir='ltr'>τοῦ</span> <span class='ocrx_word' id='word_1_171' title='bbox 1272 2305 1346 2378; x_wconf 81' lang='grc' dir='ltr'>μὴ</span> <span class='ocrx_word' id='word_1_172' title='bbox 1379 2307 1722 2381; x_wconf 79' lang='grc' dir='ltr'>συγχωροῦν-</span> 
     </span>
    </p>
   </div>
   <div class='ocr_carea' id='block_1_26' title="bbox 136 2390 1723 2473">
    <p class='ocr_par' dir='ltr' id='par_1_26' title="bbox 136 2390 1723 2473">
     <span class='ocr_line' id='line_1_26' title="bbox 136 2390 1723 2473; baseline 0.028 -35"><span class='ocrx_word' id='word_1_173' title='bbox 136 2405 238 2454; x_wconf 85' lang='grc' dir='ltr'><strong>τος</strong></span> <span class='ocrx_word' id='word_1_174' title='bbox 289 2390 488 2463; x_wconf 78' lang='grc' dir='ltr'>μέρους</span> <span class='ocrx_word' id='word_1_175' title='bbox 517 2393 578 2446; x_wconf 86' lang='lat'><strong>16</strong></span> <span class='ocrx_word' id='word_1_176' title='bbox 602 2395 700 2466; x_wconf 77' lang='grc' dir='ltr'>τὴν</span> <span class='ocrx_word' id='word_1_177' title='bbox 735 2395 1026 2465; x_wconf 76' lang='grc' dir='ltr'>συνάφειαν</span> <span class='ocrx_word' id='word_1_178' title='bbox 1054 2393 1250 2467; x_wconf 73' lang='grc' dir='ltr'>ζητοῦν</span> <span class='ocrx_word' id='word_1_179' title='bbox 1282 2399 1376 2454; x_wconf 55' lang='grc' dir='ltr'>καὶ</span> <span class='ocrx_word' id='word_1_180' title='bbox 1408 2401 1482 2472; x_wconf 74' lang='grc' dir='ltr'><strong>μὴ</strong></span> <span class='ocrx_word' id='word_1_181' title='bbox 1512 2419 1723 2473; x_wconf 69' lang='grc' dir='ltr'><strong>συΥΧω⁶</strong></span> 
     </span>
    </p>
   </div>
   <div class='ocr_carea' id='block_1_27' title="bbox 141 2481 1725 2566">
    <p class='ocr_par' dir='ltr' id='par_1_27' title="bbox 141 2481 1725 2566">
     <span class='ocr_line' id='line_1_27' title="bbox 141 2481 1725 2566; baseline 0.009 -32"><span class='ocrx_word' id='word_1_182' title='bbox 141 2481 443 2553; x_wconf 88' lang='grc' dir='ltr'>ρούμενον;</span> <span class='ocrx_word' id='word_1_183' title='bbox 483 2486 774 2556; x_wconf 77' lang='grc' dir='ltr'>Συμϐαίνει</span> <span class='ocrx_word' id='word_1_184' title='bbox 800 2487 856 2540; x_wconf 80' lang='grc' dir='ltr'>δὲ</span> <span class='ocrx_word' id='word_1_185' title='bbox 901 2488 994 2542; x_wconf 73' lang='grc' dir='ltr'>καὶ</span> <span class='ocrx_word' id='word_1_186' title='bbox 1017 2487 1114 2560; x_wconf 79' lang='grc' dir='ltr'>τὴν</span> <span class='ocrx_word' id='word_1_187' title='bbox 1147 2489 1239 2543; x_wconf 77' lang='grc' dir='ltr'><strong>τοῦ</strong></span> <span class='ocrx_word' id='word_1_188' title='bbox 1274 2491 1501 2562; x_wconf 82' lang='grc' dir='ltr'>θατέρου</span> <span class='ocrx_word' id='word_1_189' title='bbox 1529 2494 1725 2566; x_wconf 81' lang='grc' dir='ltr'>ἐγκρά-</span> 
     </span>
    </p>
   </div>
   <div class='ocr_carea' id='block_1_28' title="bbox 137 2577 1722 2658">
    <p class='ocr_par' dir='ltr' id='par_1_28' title="bbox 137 2577 1722 2658">
     <span class='ocr_line' id='line_1_28' title="bbox 137 2577 1722 2658; baseline 0.009 -32"><span class='ocrx_word' id='word_1_190' title='bbox 137 2589 297 2628; x_wconf 87' lang='grc' dir='ltr'>τειαν</span> <span class='ocrx_word' id='word_1_191' title='bbox 324 2578 403 2640; x_wconf 88' lang='grc' dir='ltr'>εἰς</span> <span class='ocrx_word' id='word_1_192' title='bbox 430 2577 634 2650; x_wconf 70' lang='grc' dir='ltr'>βλάϐην</span> <span class='ocrx_word' id='word_1_193' title='bbox 678 2581 808 2644; x_wconf 71' lang='grc' dir='ltr'>ἴσως</span> <span class='ocrx_word' id='word_1_194' title='bbox 852 2580 1169 2637; x_wconf 79' lang='grc' dir='ltr'>ἀποϐαίνειν</span> <span class='ocrx_word' id='word_1_195' title='bbox 1215 2583 1462 2653; x_wconf 82' lang='grc' dir='ltr'>θατέρου.</span> <span class='ocrx_word' id='word_1_196' title='bbox 1507 2585 1572 2638; x_wconf 76' lang='grc' dir='ltr'><strong>Εἰ</strong></span> <span class='ocrx_word' id='word_1_197' title='bbox 1614 2584 1722 2658; x_wconf 85' lang='grc' dir='ltr'><strong>γὰρ</strong></span> 
     </span>
    </p>
   </div>
   <div class='ocr_carea' id='block_1_29' title="bbox 138 2669 1724 2747">
    <p class='ocr_par' dir='ltr' id='par_1_29' title="bbox 138 2669 1724 2747">
     <span class='ocr_line' id='line_1_29' title="bbox 138 2669 1724 2747; baseline 0.006 -26"><span class='ocrx_word' id='word_1_198' title='bbox 138 2670 365 2722; x_wconf 79' lang='grc' dir='ltr'>νικᾶται</span> <span class='ocrx_word' id='word_1_199' title='bbox 391 2669 494 2723; x_wconf 78' lang='grc' dir='ltr'><strong>ὑπὸ</strong></span> <span class='ocrx_word' id='word_1_200' title='bbox 517 2672 615 2734; x_wconf 80' lang='grc' dir='ltr'><strong>τῆς</strong></span> <span class='ocrx_word' id='word_1_201' title='bbox 638 2671 933 2744; x_wconf 79' lang='grc' dir='ltr'>ἐπιθυμίας</span> <span class='ocrx_word' id='word_1_202' title='bbox 953 2676 1049 2728; x_wconf 70' lang='grc' dir='ltr'>καὶ</span> <span class='ocrx_word' id='word_1_203' title='bbox 1072 2675 1130 2728; x_wconf 81' lang='grc' dir='ltr'>οὐ</span> <span class='ocrx_word' id='word_1_204' title='bbox 1155 2677 1587 2747; x_wconf 88' lang='grc' dir='ltr'>παραχωρεῖται,</span> <span class='ocrx_word' id='word_1_205' title='bbox 1635 2696 1724 2731; x_wconf 87' lang='grc' dir='ltr'>πε-</span> 
     </span>
    </p>
   </div>
   <div class='ocr_carea' id='block_1_30' title="bbox 141 2762 1723 2840">
    <p class='ocr_par' dir='ltr' id='par_1_30' title="bbox 141 2762 1723 2840">
     <span class='ocr_line' id='line_1_30' title="bbox 141 2762 1723 2840; baseline 0.008 -27"><span class='ocrx_word' id='word_1_206' title='bbox 141 2765 456 2832; x_wconf 87' lang='grc' dir='ltr'>ριπεσεῖται</span> <span class='ocrx_word' id='word_1_207' title='bbox 482 2762 626 2834; x_wconf 81' lang='grc' dir='ltr'>μίξει</span> <span class='ocrx_word' id='word_1_208' title='bbox 653 2763 895 2838; x_wconf 86' lang='grc' dir='ltr'>ἀθέσμῳ.</span> <span class='ocrx_word' id='word_1_209' title='bbox 949 2768 1173 2840; x_wconf 87' lang='grc' dir='ltr'>Ἐρεῖδέ</span> <span class='ocrx_word' id='word_1_210' title='bbox 1199 2787 1302 2836; x_wconf 88' lang='grc' dir='ltr'>τις,</span> <span class='ocrx_word' id='word_1_211' title='bbox 1326 2769 1401 2833; x_wconf 82' lang='grc' dir='ltr'><strong>ὡς</strong></span> <span class='ocrx_word' id='word_1_212' title='bbox 1429 2771 1550 2824; x_wconf 70' lang='grc' dir='ltr'>ἐπεὶ</span> <span class='ocrx_word' id='word_1_213' title='bbox 1570 2772 1598 2824; x_wconf 90' lang='lat'><strong>6</strong></span> <span class='ocrx_word' id='word_1_214' title='bbox 1625 2789 1723 2826; x_wconf 87' lang='grc' dir='ltr'><strong>κα-</strong></span> 
     </span>
    </p>
   </div>
   <div class='ocr_carea' id='block_1_31' title="bbox 137 2854 1721 2935">
    <p class='ocr_par' dir='ltr' id='par_1_31' title="bbox 137 2854 1721 2935">
     <span class='ocr_line' id='line_1_31' title="bbox 137 2854 1721 2935; baseline 0.008 -30"><span class='ocrx_word' id='word_1_215' title='bbox 137 2854 254 2906; x_wconf 86' lang='grc' dir='ltr'><strong>νών</strong></span> <span class='ocrx_word' id='word_1_216' title='bbox 285 2872 449 2925; x_wconf 84' lang='grc' dir='ltr'>φησιν</span> <span class='ocrx_word' id='word_1_217' title='bbox 471 2856 880 2912; x_wconf 81' lang='grc' dir='ltr'>ἀποδιῒστασθαι</span> <span class='ocrx_word' id='word_1_218' title='bbox 906 2861 1031 2924; x_wconf 78' lang='grc' dir='ltr'>τοὺς</span> <span class='ocrx_word' id='word_1_219' title='bbox 1074 2861 1374 2932; x_wconf 77' lang='grc' dir='ltr'>ὁμοζύγους</span> <span class='ocrx_word' id='word_1_220' title='bbox 1412 2863 1499 2917; x_wconf 83' lang='grc' dir='ltr'>ἵνα</span> <span class='ocrx_word' id='word_1_221' title='bbox 1526 2863 1721 2935; x_wconf 83' lang='grc' dir='ltr'>σχολά-</span> 
     </span>
    </p>
   </div>
   <div class='ocr_carea' id='block_1_32' title="bbox 139 2949 1723 3026">
    <p class='ocr_par' dir='ltr' id='par_1_32' title="bbox 139 2949 1723 3026">
     <span class='ocr_line' id='line_1_32' title="bbox 139 2949 1723 3026; baseline 0.008 -28"><span class='ocrx_word' id='word_1_222' title='bbox 139 2963 283 2999; x_wconf 85' lang='grc' dir='ltr'>σωσι</span> <span class='ocrx_word' id='word_1_223' title='bbox 306 2949 373 3018; x_wconf 83' lang='grc' dir='ltr'><strong>τῇ</strong></span> <span class='ocrx_word' id='word_1_224' title='bbox 402 2952 699 3022; x_wconf 80' lang='grc' dir='ltr'>προσευχῇ,</span> <span class='ocrx_word' id='word_1_225' title='bbox 727 2951 755 3002; x_wconf 91' lang='lat'><strong>6</strong></span> <span class='ocrx_word' id='word_1_226' title='bbox 821 2951 1139 3017; x_wconf 86' lang='grc' dir='ltr'>Ἀπόστολος</span> <span class='ocrx_word' id='word_1_227' title='bbox 1169 2953 1225 3007; x_wconf 82' lang='grc' dir='ltr'>δὲ</span> <span class='ocrx_word' id='word_1_228' title='bbox 1252 2954 1543 3026; x_wconf 75' lang='grc' dir='ltr'>διορίζεται</span> <span class='ocrx_word' id='word_1_229' title='bbox 1573 2956 1723 3010; x_wconf 87' lang='grc' dir='ltr'>ἀδια-</span> 
     </span>
    </p>
   </div>
   <div class='ocr_carea' id='block_1_33' title="bbox 137 3037 1722 3119">
    <p class='ocr_par' dir='ltr' id='par_1_33' title="bbox 137 3037 1722 3119">
     <span class='ocr_line' id='line_1_33' title="bbox 137 3037 1722 3119; baseline 0.008 -29"><span class='ocrx_word' id='word_1_230' title='bbox 137 3037 382 3103; x_wconf 83' lang='grc' dir='ltr'>λείπτως</span> <span class='ocrx_word' id='word_1_231' title='bbox 401 3041 550 3112; x_wconf 80' lang='grc' dir='ltr'>ἡμᾶς</span> <span class='ocrx_word' id='word_1_232' title='bbox 577 3042 994 3114; x_wconf 76' lang='grc' dir='ltr'>προσεύχεσθαι,</span> <span class='ocrx_word' id='word_1_233' title='bbox 1019 3046 1106 3099; x_wconf 77' lang='grc' dir='ltr'>ἀεὶ</span> <span class='ocrx_word' id='word_1_234' title='bbox 1127 3046 1232 3119; x_wconf 83' lang='grc' dir='ltr'>χρὴ</span> <span class='ocrx_word' id='word_1_235' title='bbox 1259 3049 1351 3100; x_wconf 62' lang='grc' dir='ltr'><strong>καὶ¹</strong></span> <span class='ocrx_word' id='word_1_236' title='bbox 1395 3049 1520 3113; x_wconf 84' lang='grc' dir='ltr'>τοὺς</span> <span class='ocrx_word' id='word_1_237' title='bbox 1547 3067 1722 3103; x_wconf 89' lang='grc' dir='ltr'>συνοι-</span> 
     </span>
    </p>
   </div>
   <div class='ocr_carea' id='block_1_34' title="bbox 137 3128 1792 3220">
    <p class='ocr_par' dir='ltr' id='par_1_34' title="bbox 137 3128 1792 3220">
     <span class='ocr_line' id='line_1_34' title="bbox 137 3128 1792 3220; baseline 0.007 -37"><span class='ocrx_word' id='word_1_238' title='bbox 137 3128 378 3196; x_wconf 76' lang='grc' dir='ltr'>κοῦντας</span> <span class='ocrx_word' id='word_1_239' title='bbox 421 3133 666 3204; x_wconf 80' lang='grc' dir='ltr'>ἀλλήλων</span> <span class='ocrx_word' id='word_1_240' title='bbox 709 3135 1044 3206; x_wconf 83' lang='grc' dir='ltr'>ἅπέχεσθαι;</span> <span class='ocrx_word' id='word_1_241' title='bbox 1110 3138 1248 3190; x_wconf 85' lang='grc' dir='ltr'>Ἀλλ’</span> <span class='ocrx_word' id='word_1_242' title='bbox 1275 3140 1336 3192; x_wconf 80' lang='grc' dir='ltr'>οὐ</span> <span class='ocrx_word' id='word_1_243' title='bbox 1391 3141 1516 3214; x_wconf 79' lang='grc' dir='ltr'>περὶ</span> <span class='ocrx_word' id='word_1_244' title='bbox 1538 3141 1720 3214; x_wconf 85' lang='grc' dir='ltr'>πάσης</span> <span class='ocrx_word' id='word_1_245' title='bbox 1747 3158 1792 3220; x_wconf 80' lang='lat' dir='ltr'>C</span> 
     </span>
    </p>
   </div>
   <div class='ocr_carea' id='block_1_35' title="bbox 137 3224 1724 3306">
    <p class='ocr_par' dir='ltr' id='par_1_35' title="bbox 137 3224 1724 3306">
     <span class='ocr_line' id='line_1_35' title="bbox 137 3224 1724 3306; baseline 0.009 -32"><span class='ocrx_word' id='word_1_246' title='bbox 137 3224 463 3295; x_wconf 80' lang='grc' dir='ltr'>προσευχῆς</span> <span class='ocrx_word' id='word_1_247' title='bbox 484 3227 512 3279; x_wconf 90' lang='lat'><strong>6</strong></span> <span class='ocrx_word' id='word_1_248' title='bbox 535 3226 692 3295; x_wconf 84' lang='grc' dir='ltr'>λόγος</span> <span class='ocrx_word' id='word_1_249' title='bbox 724 3228 860 3280; x_wconf 76' lang='grc' dir='ltr'>ἐστί·</span> <span class='ocrx_word' id='word_1_250' title='bbox 914 3230 1040 3302; x_wconf 75' lang='grc' dir='ltr'><strong>περὶ⁸</strong></span> <span class='ocrx_word' id='word_1_251' title='bbox 1076 3230 1133 3283; x_wconf 80' lang='grc' dir='ltr'>δὲ</span> <span class='ocrx_word' id='word_1_252' title='bbox 1175 3232 1275 3302; x_wconf 87' lang='grc' dir='ltr'><strong>τῆς</strong></span> <span class='ocrx_word' id='word_1_253' title='bbox 1301 3233 1724 3306; x_wconf 64' lang='grc' dir='ltr'>σπουδαιοτέροις</span> 
     </span>
    </p>
   </div>
   <div class='ocr_carea' id='block_1_36' title="bbox 138 3313 1725 3391">
    <p class='ocr_par' dir='ltr' id='par_1_36' title="bbox 138 3313 1725 3391">
     <span class='ocr_line' id='line_1_36' title="bbox 138 3313 1725 3391; baseline 0.009 -26"><span class='ocrx_word' id='word_1_254' title='bbox 138 3313 314 3383; x_wconf 67' lang='grc' dir='ltr'>ἤγουν</span> <span class='ocrx_word' id='word_1_255' title='bbox 336 3315 435 3386; x_wconf 83' lang='grc' dir='ltr'><strong>τῆς</strong></span> <span class='ocrx_word' id='word_1_256' title='bbox 460 3315 568 3369; x_wconf 88' lang='grc' dir='ltr'><strong>τῶν</strong></span> <span class='ocrx_word' id='word_1_257' title='bbox 600 3317 769 3386; x_wconf 87' lang='grc' dir='ltr'>ἁγίων</span> <span class='ocrx_word' id='word_1_258' title='bbox 801 3320 1100 3391; x_wconf 62' lang='grc' dir='ltr'>,νηστειῶν,</span> <span class='ocrx_word' id='word_1_259' title='bbox 1128 3322 1209 3375; x_wconf 79' lang='grc' dir='ltr'>ὅτι</span> <span class='ocrx_word' id='word_1_260' title='bbox 1246 3323 1339 3376; x_wconf 71' lang='grc' dir='ltr'>καὶ</span> <span class='ocrx_word' id='word_1_261' title='bbox 1363 3323 1450 3378; x_wconf 84' lang='grc' dir='ltr'><strong>διά</strong></span> <span class='ocrx_word' id='word_1_262' title='bbox 1480 3324 1572 3378; x_wconf 77' lang='grc' dir='ltr'>τοῦ</span> <span class='ocrx_word' id='word_1_263' title='bbox 1596 3328 1725 3380; x_wconf 89' lang='grc' dir='ltr'><strong>Μω-</strong></span> 
     </span>
    </p>
   </div>
   <div class='ocr_carea' id='block_1_37' title="bbox 143 3405 1722 3487">
    <p class='ocr_par' dir='ltr' id='par_1_37' title="bbox 143 3405 1722 3487">
     <span class='ocr_line' id='line_1_37' title="bbox 143 3405 1722 3487; baseline 0.009 -30"><span class='ocrx_word' id='word_1_264' title='bbox 143 3405 284 3470; x_wconf 78' lang='grc' dir='ltr'>σέως</span> <span class='ocrx_word' id='word_1_265' title='bbox 303 3409 332 3460; x_wconf 88' lang='lat'><strong>6</strong></span> <span class='ocrx_word' id='word_1_266' title='bbox 372 3407 504 3472; x_wconf 77' lang='grc' dir='ltr'>Θεὸς</span> <span class='ocrx_word' id='word_1_267' title='bbox 527 3411 958 3483; x_wconf 81' lang='grc' dir='ltr'>παρηγγυήσατο</span> <span class='ocrx_word' id='word_1_268' title='bbox 979 3415 1091 3477; x_wconf 89' lang='grc' dir='ltr'>τοῖς</span> <span class='ocrx_word' id='word_1_269' title='bbox 1129 3414 1401 3480; x_wconf 84' lang='grc' dir='ltr'>Ἰουδαίοις</span> <span class='ocrx_word' id='word_1_270' title='bbox 1442 3417 1722 3487; x_wconf 82' lang='grc' dir='ltr'>μέλλουσιν</span> 
     </span>
    </p>
   </div>
   <div class='ocr_carea' id='block_1_38' title="bbox 137 3497 1722 3579">
    <p class='ocr_par' dir='ltr' id='par_1_38' title="bbox 137 3497 1722 3579">
     <span class='ocr_line' id='line_1_38' title="bbox 137 3497 1722 3579; baseline 0.009 -29"><span class='ocrx_word' id='word_1_271' title='bbox 137 3497 374 3552; x_wconf 80' lang='grc' dir='ltr'>ἀκοῦσαι</span> <span class='ocrx_word' id='word_1_272' title='bbox 398 3500 506 3554; x_wconf 87' lang='grc' dir='ltr'><strong>τῶν</strong></span> <span class='ocrx_word' id='word_1_273' title='bbox 529 3502 586 3555; x_wconf 78' lang='grc' dir='ltr'>ἐν</span> <span class='ocrx_word' id='word_1_274' title='bbox 611 3502 688 3574; x_wconf 81' lang='grc' dir='ltr'><strong>τῷ</strong></span> <span class='ocrx_word' id='word_1_275' title='bbox 712 3501 826 3574; x_wconf 73' lang='grc' dir='ltr'>ὄρει</span> <span class='ocrx_word' id='word_1_276' title='bbox 851 3503 1010 3558; x_wconf 90' lang='grc' dir='ltr'>θείων</span> <span class='ocrx_word' id='word_1_277' title='bbox 1031 3505 1244 3574; x_wconf 84' lang='grc' dir='ltr'>φωνῶν,</span> <span class='ocrx_word' id='word_1_278' title='bbox 1275 3507 1576 3579; x_wconf 82' lang='grc' dir='ltr'>ἀπέχεσθαι</span> <span class='ocrx_word' id='word_1_279' title='bbox 1612 3511 1722 3566; x_wconf 85' lang='grc' dir='ltr'><strong>τῶν</strong></span> 
     </span>
    </p>
   </div>
   <div class='ocr_carea' id='block_1_39' title="bbox 135 3591 1719 3672">
    <p class='ocr_par' dir='ltr' id='par_1_39' title="bbox 135 3591 1719 3672">
     <span class='ocr_line' id='line_1_39' title="bbox 135 3591 1719 3672; baseline 0.009 -29"><span class='ocrx_word' id='word_1_280' title='bbox 135 3591 358 3645; x_wconf 76' lang='grc' dir='ltr'>οἰκείων</span> <span class='ocrx_word' id='word_1_281' title='bbox 387 3594 661 3665; x_wconf 80' lang='grc' dir='ltr'>γαμετῶν.</span> <span class='ocrx_word' id='word_1_282' title='bbox 687 3596 799 3649; x_wconf 78' lang='grc' dir='ltr'><strong>Καὶ</strong></span> <span class='ocrx_word' id='word_1_283' title='bbox 823 3597 852 3649; x_wconf 88' lang='lat'><strong>6</strong></span> <span class='ocrx_word' id='word_1_284' title='bbox 875 3598 1158 3670; x_wconf 83' lang='grc' dir='ltr'>προφήτης</span> <span class='ocrx_word' id='word_1_285' title='bbox 1182 3599 1357 3672; x_wconf 82' lang='grc' dir='ltr'>Ἰωήλ·</span> <span class='ocrx_word' id='word_1_286' title='bbox 1397 3600 1719 3671; x_wconf 81' lang='grc' dir='ltr'>Ἀτιάσατε,</span> 
     </span>
    </p>
   </div>
   <div class='ocr_carea' id='block_1_40' title="bbox 135 3682 1723 3760">
    <p class='ocr_par' dir='ltr' id='par_1_40' title="bbox 135 3682 1723 3760">
     <span class='ocr_line' id='line_1_40' title="bbox 135 3682 1723 3760; baseline 0.009 -25"><span class='ocrx_word' id='word_1_287' title='bbox 135 3682 297 3752; x_wconf 66' lang='grc' dir='ltr'>φησι,</span> <span class='ocrx_word' id='word_1_288' title='bbox 350 3685 658 3751; x_wconf 71' lang='grc' dir='ltr'>νηστείαν,</span> <span class='ocrx_word' id='word_1_289' title='bbox 714 3685 813 3740; x_wconf 81' lang='grc' dir='ltr'><strong>καὶ</strong></span> <span class='ocrx_word' id='word_1_290' title='bbox 869 3686 1157 3752; x_wconf 76' lang='grc' dir='ltr'>ἐξελθέτω</span> <span class='ocrx_word' id='word_1_291' title='bbox 1213 3692 1473 3760; x_wconf 62' lang='grc' dir='ltr'>νυμφίος</span> <span class='ocrx_word' id='word_1_292' title='bbox 1516 3694 1585 3747; x_wconf 79' lang='grc' dir='ltr'>ἐκ</span> <span class='ocrx_word' id='word_1_293' title='bbox 1615 3695 1723 3750; x_wconf 84' lang='grc' dir='ltr'><strong>τοῦ</strong></span> 
     </span>
    </p>
   </div>
   <div class='ocr_carea' id='block_1_41' title="bbox 133 3775 1723 3851">
    <p class='ocr_par' dir='ltr' id='par_1_41' title="bbox 133 3775 1723 3851">
     <span class='ocr_line' id='line_1_41' title="bbox 133 3775 1723 3851; baseline 0.01 -25"><span class='ocrx_word' id='word_1_294' title='bbox 133 3775 428 3843; x_wconf 72' lang='grc' dir='ltr'>κοιτῶνος</span> <span class='ocrx_word' id='word_1_295' title='bbox 452 3778 662 3843; x_wconf 83' lang='grc' dir='ltr'>αὑτοῦ,</span> <span class='ocrx_word' id='word_1_296' title='bbox 690 3779 790 3834; x_wconf 77' lang='grc' dir='ltr'><strong>καὶ</strong></span> <span class='ocrx_word' id='word_1_297' title='bbox 821 3782 1025 3851; x_wconf 64' lang='grc' dir='ltr'>νύμφη</span> <span class='ocrx_word' id='word_1_298' title='bbox 1077 3781 1146 3835; x_wconf 81' lang='grc' dir='ltr'>ἐκ</span> <span class='ocrx_word' id='word_1_299' title='bbox 1193 3783 1300 3838; x_wconf 82' lang='grc' dir='ltr'><strong>τοῦ</strong></span> <span class='ocrx_word' id='word_1_300' title='bbox 1324 3787 1561 3841; x_wconf 77' lang='grc' dir='ltr'>παστοῦ</span> <span class='ocrx_word' id='word_1_301' title='bbox 1617 3790 1723 3842; x_wconf 85' lang='grc' dir='ltr'><strong>αὐ-</strong></span> 
     </span>
    </p>
   </div>
   <div class='ocr_carea' id='block_1_42' title="bbox 136 3864 1722 3951">
    <p class='ocr_par' dir='ltr' id='par_1_42' title="bbox 136 3864 1722 3951">
     <span class='ocr_line' id='line_1_42' title="bbox 136 3864 1722 3951; baseline 0.013 -37"><span class='ocrx_word' id='word_1_302' title='bbox 136 3864 268 3932; x_wconf 85' lang='grc' dir='ltr'>τῆς.</span> <span class='ocrx_word' id='word_1_303' title='bbox 300 3869 520 3923; x_wconf 81' lang='grc' dir='ltr'>Τούτων</span> <span class='ocrx_word' id='word_1_304' title='bbox 567 3871 624 3924; x_wconf 82' lang='grc' dir='ltr'>δὲ</span> <span class='ocrx_word' id='word_1_305' title='bbox 675 3872 848 3937; x_wconf 73' lang='grc' dir='ltr'>οὕτως</span> <span class='ocrx_word' id='word_1_306' title='bbox 895 3876 1148 3946; x_wconf 80' lang='grc' dir='ltr'>ἐχόντων,</span> <span class='ocrx_word' id='word_1_307' title='bbox 1197 3877 1257 3930; x_wconf 84' lang='grc' dir='ltr'>οὐ</span> <span class='ocrx_word' id='word_1_308' title='bbox 1305 3879 1512 3951; x_wconf 85' lang='grc' dir='ltr'>συνορῷ</span> <span class='ocrx_word' id='word_1_309' title='bbox 1547 3882 1722 3946; x_wconf 85' lang='grc' dir='ltr'>ποίοις</span> 
     </span>
    </p>
   </div>
   <div class='ocr_carea' id='block_1_43' title="bbox 135 3955 1722 4043">
    <p class='ocr_par' dir='ltr' id='par_1_43' title="bbox 135 3955 1722 4043">
     <span class='ocr_line' id='line_1_43' title="bbox 135 3955 1722 4043; baseline 0.012 -36"><span class='ocrx_word' id='word_1_310' title='bbox 135 3955 438 4029; x_wconf 82' lang='grc' dir='ltr'>ἐπιτιμίοις</span> <span class='ocrx_word' id='word_1_311' title='bbox 464 3963 1038 4036; x_wconf 78' lang='grc' dir='ltr'>καθυποδληθήσονται</span> <span class='ocrx_word' id='word_1_312' title='bbox 1087 3970 1135 4021; x_wconf 82' lang='lat' dir='ltr'><strong>oi</strong></span> <span class='ocrx_word' id='word_1_313' title='bbox 1174 3967 1345 4023; x_wconf 76' lang='grc' dir='ltr'>ταῦτα</span> <span class='ocrx_word' id='word_1_314' title='bbox 1397 3970 1474 4043; x_wconf 83' lang='grc' dir='ltr'>μὴ</span> <span class='ocrx_word' id='word_1_315' title='bbox 1521 3971 1722 4041; x_wconf 83' lang='grc' dir='ltr'>φυλάτ-</span> 
     </span>
    </p>
   </div>
   <div class='ocr_carea' id='block_1_44' title="bbox 133 4054 1720 4136">
    <p class='ocr_par' dir='ltr' id='par_1_44' title="bbox 133 4054 1720 4136">
     <span class='ocr_line' id='line_1_44' title="bbox 133 4054 1720 4136; baseline 0.01 -34"><span class='ocrx_word' id='word_1_316' title='bbox 133 4067 344 4114; x_wconf 87' lang='grc' dir='ltr'>τοντες.</span> <span class='ocrx_word' id='word_1_317' title='bbox 376 4054 600 4126; x_wconf 78' lang='grc' dir='ltr'>Νομίζω</span> <span class='ocrx_word' id='word_1_318' title='bbox 640 4056 697 4110; x_wconf 84' lang='grc' dir='ltr'>δὲ</span> <span class='ocrx_word' id='word_1_319' title='bbox 739 4059 821 4111; x_wconf 82' lang='grc' dir='ltr'>ὅτι</span> <span class='ocrx_word' id='word_1_320' title='bbox 863 4058 1006 4113; x_wconf 90' lang='grc' dir='ltr'><strong>κατά</strong></span> <span class='ocrx_word' id='word_1_321' title='bbox 1045 4060 1144 4132; x_wconf 82' lang='grc' dir='ltr'>τὴν</span> <span class='ocrx_word' id='word_1_322' title='bbox 1186 4060 1458 4134; x_wconf 85' lang='grc' dir='ltr'>διάκρισιν</span> <span class='ocrx_word' id='word_1_323' title='bbox 1484 4063 1576 4118; x_wconf 79' lang='grc' dir='ltr'><strong>τοῦ</strong></span> <span class='ocrx_word' id='word_1_324' title='bbox 1622 4064 1720 4136; x_wconf 81' lang='grc' dir='ltr'>τὴν</span> 
     </span>
    </p>
   </div>
   <div class='ocr_carea' id='block_1_45' title="bbox 133 4143 1722 4229">
    <p class='ocr_par' dir='ltr' id='par_1_45' title="bbox 133 4143 1722 4229">
     <span class='ocr_line' id='line_1_45' title="bbox 133 4143 1722 4229; baseline 0.011 -34"><span class='ocrx_word' id='word_1_325' title='bbox 133 4143 460 4218; x_wconf 79' lang='grc' dir='ltr'>ἐξαγορείαν</span> <span class='ocrx_word' id='word_1_326' title='bbox 484 4149 777 4221; x_wconf 84' lang='grc' dir='ltr'>δεχομένου</span> <span class='ocrx_word' id='word_1_327' title='bbox 802 4153 834 4224; x_wconf 77' lang='grc' dir='ltr'>ἡ</span> <span class='ocrx_word' id='word_1_328' title='bbox 861 4151 1126 4224; x_wconf 87' lang='grc' dir='ltr'>θεραπεία</span> <span class='ocrx_word' id='word_1_329' title='bbox 1166 4155 1455 4226; x_wconf 85' lang='grc' dir='ltr'>γενήσεται</span> <span class='ocrx_word' id='word_1_330' title='bbox 1481 4157 1616 4229; x_wconf 77' lang='grc' dir='ltr'>πρὸς</span> <span class='ocrx_word' id='word_1_331' title='bbox 1652 4157 1722 4213; x_wconf 78' lang='grc' dir='ltr'><strong>τὰ</strong></span> 
     </span>
    </p>
   </div>
   <div class='ocr_carea' id='block_1_46' title="bbox 131 4238 1718 4318">
    <p class='ocr_par' dir='ltr' id='par_1_46' title="bbox 131 4238 1718 4318">
     <span class='ocr_line' id='line_1_46' title="bbox 131 4238 1718 4318; baseline 0.009 -29"><span class='ocrx_word' id='word_1_332' title='bbox 131 4238 407 4308; x_wconf 80' lang='grc' dir='ltr'>πρόσωπα</span> <span class='ocrx_word' id='word_1_333' title='bbox 429 4241 523 4294; x_wconf 77' lang='grc' dir='ltr'>καὶ</span> <span class='ocrx_word' id='word_1_334' title='bbox 547 4243 645 4313; x_wconf 81' lang='grc' dir='ltr'>τὴν</span> <span class='ocrx_word' id='word_1_335' title='bbox 667 4244 910 4316; x_wconf 83' lang='grc' dir='ltr'>ἀνάγκην</span> <span class='ocrx_word' id='word_1_336' title='bbox 931 4245 1028 4316; x_wconf 83' lang='grc' dir='ltr'><strong>τῆς</strong></span> <span class='ocrx_word' id='word_1_337' title='bbox 1051 4244 1284 4316; x_wconf 87' lang='grc' dir='ltr'>φύσεως.</span> <span class='ocrx_word' id='word_1_338' title='bbox 1315 4247 1423 4301; x_wconf 74' lang='grc' dir='ltr'><strong>Καὶ</strong></span> <span class='ocrx_word' id='word_1_339' title='bbox 1448 4248 1718 4318; x_wconf 87' lang='grc' dir='ltr'>ἀνάγνωθι</span> 
     </span>
    </p>
   </div>
   <div class='ocr_carea' id='block_1_47' title="bbox 127 4327 1709 4408">
    <p class='ocr_par' dir='ltr' id='par_1_47' title="bbox 127 4327 1709 4408">
     <span class='ocr_line' id='line_1_47' title="bbox 127 4327 1709 4408; baseline 0.01 -29"><span class='ocrx_word' id='word_1_340' title='bbox 127 4327 225 4380; x_wconf 82' lang='grc' dir='ltr'>τὸν</span> <span class='ocrx_word' id='word_1_341' title='bbox 257 4331 335 4403; x_wconf 71' lang='grc' dir='ltr'><strong>ρβ¹</strong></span> <span class='ocrx_word' id='word_1_342' title='bbox 393 4332 592 4387; x_wconf 81' lang='grc' dir='ltr'>κανόνα</span> <span class='ocrx_word' id='word_1_343' title='bbox 612 4333 713 4406; x_wconf 86' lang='grc' dir='ltr'><strong>τῆς</strong></span> <span class='ocrx_word' id='word_1_344' title='bbox 735 4337 792 4388; x_wconf 83' lang='grc' dir='ltr'>ὲν</span> <span class='ocrx_word' id='word_1_345' title='bbox 813 4335 890 4408; x_wconf 84' lang='grc' dir='ltr'>τῷ</span> <span class='ocrx_word' id='word_1_346' title='bbox 913 4336 1166 4408; x_wconf 83' lang='grc' dir='ltr'>Τρούλλῳ</span> <span class='ocrx_word' id='word_1_347' title='bbox 1200 4339 1434 4393; x_wconf 78' lang='grc' dir='ltr'>συνόδου.</span> <span class='ocrx_word' id='word_1_348' title='bbox 1707 4383 1709 4385; x_wconf 73' lang='lat'><strong>.</strong></span> 
     </span>
    </p>
   </div>
   <div class='ocr_carea' id='block_1_48' title="bbox 201 4421 1720 4505">
    <p class='ocr_par' dir='ltr' id='par_1_48' title="bbox 201 4421 1720 4505">
     <span class='ocr_line' id='line_1_48' title="bbox 201 4421 1720 4505; baseline 0.01 -33"><span class='ocrx_word' id='word_1_349' title='bbox 201 4421 453 4476; x_wconf 79' lang='grc' dir='ltr'><strong>ΖΩΝΑΡ.</strong></span> <span class='ocrx_word' id='word_1_350' title='bbox 496 4427 631 4498; x_wconf 57' lang='grc' dir='ltr'><strong>Περὶ⁸</strong></span> <span class='ocrx_word' id='word_1_351' title='bbox 656 4426 762 4481; x_wconf 85' lang='grc' dir='ltr'><strong>τῶν</strong></span> <span class='ocrx_word' id='word_1_352' title='bbox 787 4429 844 4482; x_wconf 81' lang='grc' dir='ltr'>ὲν</span> <span class='ocrx_word' id='word_1_353' title='bbox 869 4429 1033 4501; x_wconf 82' lang='grc' dir='ltr'>γάμῳ</span> <span class='ocrx_word' id='word_1_354' title='bbox 1052 4431 1270 4503; x_wconf 81' lang='grc' dir='ltr'>νομίμῳ</span> <span class='ocrx_word' id='word_1_355' title='bbox 1301 4431 1557 4502; x_wconf 82' lang='grc' dir='ltr'>βιούντων</span> <span class='ocrx_word' id='word_1_356' title='bbox 1583 4434 1720 4505; x_wconf 75' lang='grc' dir='ltr'>ἐρω-</span> 
     </span>
    </p>
   </div>
   <div class='ocr_carea' id='block_1_49' title="bbox 1831 545 2360 600">
    <p class='ocr_par' dir='ltr' id='par_1_49' title="bbox 1831 545 2360 600">
     <span class='ocr_line' id='line_1_49' title="bbox 1831 545 2360 600; baseline 0.008 -4"><span class='ocrx_word' id='word_1_357' title='bbox 1831 552 1931 597; x_wconf 87' lang='lat' dir='ltr'><strong>tem</strong></span> <span class='ocrx_word' id='word_1_358' title='bbox 1960 545 2272 600; x_wconf 83' lang='lat' dir='ltr'><strong>audiverunt</strong></span> <span class='ocrx_word' id='word_1_359' title='bbox 2296 546 2360 600; x_wconf 76' lang='grc'><strong>³⁸.</strong></span> 
     </span>
    </p>
   </div>
   <div class='ocr_carea' id='block_1_50' title="bbox 1897 635 3400 706">
    <p class='ocr_par' dir='ltr' id='par_1_50' title="bbox 1897 635 3400 706">
     <span class='ocr_line' id='line_1_50' title="bbox 1897 635 3400 706; baseline 0.007 -17"><span class='ocrx_word' id='word_1_360' title='bbox 1897 635 2163 691; x_wconf 56' lang='grc' dir='ltr'><strong>ΒΑιεᾸΠ</strong></span> <span class='ocrx_word' id='word_1_361' title='bbox 2203 648 2286 692; x_wconf 90' lang='lat' dir='ltr'><strong>est</strong></span> <span class='ocrx_word' id='word_1_362' title='bbox 2318 638 2636 706; x_wconf 79' lang='lat' dir='ltr'><strong>verisimile,</strong></span> <span class='ocrx_word' id='word_1_363' title='bbox 2671 638 2851 696; x_wconf 96' lang='lat' dir='ltr'><strong>fuerat</strong></span> <span class='ocrx_word' id='word_1_364' title='bbox 2899 650 3121 698; x_wconf 67' lang='lat' dir='ltr'><strong>sanctus</strong></span> <span class='ocrx_word' id='word_1_365' title='bbox 3168 643 3400 699; x_wconf 83' lang='lat' dir='ltr'><strong>interro-</strong></span> 
     </span>
    </p>
   </div>
   <div class='ocr_carea' id='block_1_51' title="bbox 1826 731 3394 804">
    <p class='ocr_par' dir='ltr' id='par_1_51' title="bbox 1826 731 3394 804">
     <span class='ocr_line' id='line_1_51' title="bbox 1826 731 3394 804; baseline 0.008 -22"><span class='ocrx_word' id='word_1_366' title='bbox 1826 737 2016 795; x_wconf 73' lang='lat' dir='ltr'><strong>gatus,</strong></span> <span class='ocrx_word' id='word_1_367' title='bbox 2061 745 2129 784; x_wconf 91' lang='lat' dir='ltr'><strong>an</strong></span> <span class='ocrx_word' id='word_1_368' title='bbox 2183 731 2452 796; x_wconf 76' lang='lat' dir='ltr'><strong>admittat,</strong></span> <span class='ocrx_word' id='word_1_369' title='bbox 2510 732 2771 803; x_wconf 77' lang='lat' dir='ltr'><strong>conjuges</strong></span> <span class='ocrx_word' id='word_1_370' title='bbox 2824 735 2916 804; x_wconf 88' lang='lat' dir='ltr'><strong>qui</strong></span> <span class='ocrx_word' id='word_1_371' title='bbox 2972 749 3394 796; x_wconf 82' lang='lat' dir='ltr'><strong>consenuerunt.</strong></span> 
     </span>
    </p>
   </div>
   <div class='ocr_carea' id='block_1_52' title="bbox 1827 824 3399 898">
    <p class='ocr_par' dir='ltr' id='par_1_52' title="bbox 1827 824 3399 898">
     <span class='ocr_line' id='line_1_52' title="bbox 1827 824 3399 898; baseline 0.007 -26"><span class='ocrx_word' id='word_1_372' title='bbox 1827 835 1937 890; x_wconf 90' lang='lat' dir='ltr'><strong>quo</strong></span> <span class='ocrx_word' id='word_1_373' title='bbox 1974 829 2218 892; x_wconf 91' lang='lat' dir='ltr'><strong>tempore</strong></span> <span class='ocrx_word' id='word_1_374' title='bbox 2257 824 2455 879; x_wconf 85' lang='lat' dir='ltr'><strong>debent</strong></span> <span class='ocrx_word' id='word_1_375' title='bbox 2503 839 2683 889; x_wconf 89' lang='lat' dir='ltr'><strong>orare,</strong></span> <span class='ocrx_word' id='word_1_376' title='bbox 2734 842 2764 881; x_wconf 91' lang='lat' dir='ltr'><strong>a</strong></span> <span class='ocrx_word' id='word_1_377' title='bbox 2802 828 3184 898; x_wconf 84' lang='lat' dir='ltr'><strong>conjunctione</strong></span> <span class='ocrx_word' id='word_1_378' title='bbox 3229 830 3399 884; x_wconf 87' lang='lat' dir='ltr'><strong>absti-</strong></span> 
     </span>
    </p>
   </div>
   <div class='ocr_carea' id='block_1_53' title="bbox 1826 915 3399 988">
    <p class='ocr_par' dir='ltr' id='par_1_53' title="bbox 1826 915 3399 988">
     <span class='ocr_line' id='line_1_53' title="bbox 1826 915 3399 988; baseline 0.008 -24"><span class='ocrx_word' id='word_1_379' title='bbox 1826 927 1996 967; x_wconf 81' lang='lat' dir='ltr'><strong>nere:</strong></span> <span class='ocrx_word' id='word_1_380' title='bbox 2037 922 2092 968; x_wconf 92' lang='lat' dir='ltr'><strong>et</strong></span> <span class='ocrx_word' id='word_1_381' title='bbox 2131 915 2284 980; x_wconf 84' lang='lat' dir='ltr'><strong>dicit,</strong></span> <span class='ocrx_word' id='word_1_382' title='bbox 2326 917 2472 986; x_wconf 91' lang='lat' dir='ltr'><strong>quod</strong></span> <span class='ocrx_word' id='word_1_383' title='bbox 2517 917 2611 988; x_wconf 89' lang='lat' dir='ltr'><strong>qui</strong></span> <span class='ocrx_word' id='word_1_384' title='bbox 2660 919 2796 973; x_wconf 87' lang='lat' dir='ltr'><strong>tales</strong></span> <span class='ocrx_word' id='word_1_385' title='bbox 2843 929 2989 987; x_wconf 88' lang='lat' dir='ltr'><strong>sunt,</strong></span> <span class='ocrx_word' id='word_1_386' title='bbox 3035 921 3231 976; x_wconf 88' lang='lat' dir='ltr'><strong>debent</strong></span> <span class='ocrx_word' id='word_1_387' title='bbox 3275 938 3399 978; x_wconf 85' lang='lat' dir='ltr'><strong>esse</strong></span> 
     </span>
    </p>
   </div>
   <div class='ocr_carea' id='block_1_54' title="bbox 1826 1004 3398 1083">
    <p class='ocr_par' dir='ltr' id='par_1_54' title="bbox 1826 1004 3398 1083">
     <span class='ocr_line' id='line_1_54' title="bbox 1826 1004 3398 1083; baseline 0.01 -26"><span class='ocrx_word' id='word_1_388' title='bbox 1826 1005 1909 1058; x_wconf 89' lang='lat' dir='ltr'><strong>sui</strong></span> <span class='ocrx_word' id='word_1_389' title='bbox 1932 1004 2174 1075; x_wconf 88' lang='lat' dir='ltr'><strong>judiecs,</strong></span> <span class='ocrx_word' id='word_1_390' title='bbox 2204 1016 2258 1062; x_wconf 90' lang='lat' dir='ltr'><strong>et</strong></span> <span class='ocrx_word' id='word_1_391' title='bbox 2283 1008 2574 1079; x_wconf 88' lang='lat' dir='ltr'><strong>aliquando</strong></span> <span class='ocrx_word' id='word_1_392' title='bbox 2603 1025 2633 1064; x_wconf 89' lang='lat' dir='ltr'><strong>a</strong></span> <span class='ocrx_word' id='word_1_393' title='bbox 2664 1025 2723 1065; x_wconf 88' lang='lat' dir='ltr'><strong>se</strong></span> <span class='ocrx_word' id='word_1_394' title='bbox 2751 1011 2982 1068; x_wconf 86' lang='lat' dir='ltr'><strong>invicem</strong></span> <span class='ocrx_word' id='word_1_395' title='bbox 3007 1029 3074 1069; x_wconf 83' lang='lat' dir='ltr'><strong>ex</strong></span> <span class='ocrx_word' id='word_1_396' title='bbox 3100 1030 3398 1083; x_wconf 85' lang='lat' dir='ltr'><strong>consensu,</strong></span> 
     </span>
    </p>
   </div>
   <div class='ocr_carea' id='block_1_55' title="bbox 1826 1101 3400 1179">
    <p class='ocr_par' dir='ltr' id='par_1_55' title="bbox 1826 1101 3400 1179">
     <span class='ocr_line' id='line_1_55' title="bbox 1826 1101 3400 1179; baseline 0.008 -28"><span class='ocrx_word' id='word_1_397' title='bbox 1826 1111 1922 1151; x_wconf 87' lang='lat' dir='ltr'><strong>seu</strong></span> <span class='ocrx_word' id='word_1_398' title='bbox 1963 1113 2031 1153; x_wconf 79' lang='lat' dir='ltr'><strong>ex</strong></span> <span class='ocrx_word' id='word_1_399' title='bbox 2079 1101 2356 1155; x_wconf 90' lang='lat' dir='ltr'><strong>communi</strong></span> <span class='ocrx_word' id='word_1_400' title='bbox 2397 1102 2697 1167; x_wconf 82' lang='lat' dir='ltr'><strong>voluntate,</strong></span> <span class='ocrx_word' id='word_1_401' title='bbox 2733 1104 3050 1174; x_wconf 75' lang='lat' dir='ltr'><strong>abstinere;</strong></span> <span class='ocrx_word' id='word_1_402' title='bbox 3089 1107 3163 1162; x_wconf 93' lang='lat' dir='ltr'><strong>ita</strong></span> <span class='ocrx_word' id='word_1_403' title='bbox 3198 1117 3258 1163; x_wconf 91' lang='lat' dir='ltr'><strong>ut</strong></span> <span class='ocrx_word' id='word_1_404' title='bbox 3287 1124 3400 1179; x_wconf 88' lang='lat' dir='ltr'><strong>quo</strong></span> 
     </span>
    </p>
   </div>
   <div class='ocr_carea' id='block_1_56' title="bbox 1826 1195 3399 1261">
    <p class='ocr_par' dir='ltr' id='par_1_56' title="bbox 1826 1195 3399 1261">
     <span class='ocr_line' id='line_1_56' title="bbox 1826 1195 3399 1261; baseline 0.009 -19"><span class='ocrx_word' id='word_1_405' title='bbox 1826 1195 2069 1258; x_wconf 90' lang='lat' dir='ltr'><strong>tempore</strong></span> <span class='ocrx_word' id='word_1_406' title='bbox 2115 1205 2274 1246; x_wconf 88' lang='lat' dir='ltr'><strong>orare</strong></span> <span class='ocrx_word' id='word_1_407' title='bbox 2326 1201 2656 1261; x_wconf 85' lang='lat' dir='ltr'><strong>statuerunt,</strong></span> <span class='ocrx_word' id='word_1_408' title='bbox 2703 1212 2826 1251; x_wconf 90' lang='lat' dir='ltr'><strong>cum</strong></span> <span class='ocrx_word' id='word_1_409' title='bbox 2865 1199 3013 1253; x_wconf 87' lang='lat' dir='ltr'><strong>omni</strong></span> <span class='ocrx_word' id='word_1_410' title='bbox 3061 1202 3399 1257; x_wconf 80' lang='lat' dir='ltr'><strong>continentia</strong></span> 
     </span>
    </p>
   </div>
   <div class='ocr_carea' id='block_1_57' title="bbox 1825 1289 3400 1349">
    <p class='ocr_par' dir='ltr' id='par_1_57' title="bbox 1825 1289 3400 1349">
     <span class='ocr_line' id='line_1_57' title="bbox 1825 1289 3400 1349; baseline 0.01 -16"><span class='ocrx_word' id='word_1_411' title='bbox 1825 1291 2148 1349; x_wconf 84' lang='lat' dir='ltr'><strong>versentur,</strong></span> <span class='ocrx_word' id='word_1_412' title='bbox 2211 1293 2265 1338; x_wconf 90' lang='lat' dir='ltr'><strong>et</strong></span> <span class='ocrx_word' id='word_1_413' title='bbox 2311 1301 2504 1342; x_wconf 83' lang='lat' dir='ltr'><strong>rursus</strong></span> <span class='ocrx_word' id='word_1_414' title='bbox 2550 1289 2712 1343; x_wconf 82' lang='lat' dir='ltr'><strong>simul</strong></span> <span class='ocrx_word' id='word_1_415' title='bbox 2761 1292 3108 1346; x_wconf 89' lang='lat' dir='ltr'><strong>conveniant.</strong></span> <span class='ocrx_word' id='word_1_416' title='bbox 3162 1292 3296 1347; x_wconf 85' lang='lat' dir='ltr'><strong>Nam</strong></span> <span class='ocrx_word' id='word_1_417' title='bbox 3344 1303 3400 1348; x_wconf 81' lang='lat' dir='ltr'><strong>et</strong></span> 
     </span>
    </p>
   </div>
   <div class='ocr_carea' id='block_1_58' title="bbox 1825 1377 3423 1456">
    <p class='ocr_par' dir='ltr' id='par_1_58' title="bbox 1825 1377 3423 1456">
     <span class='ocr_line' id='line_1_58' title="bbox 1825 1377 3423 1456; baseline 0.007 -27"><span class='ocrx_word' id='word_1_418' title='bbox 1825 1391 2057 1446; x_wconf 85' lang='lat' dir='ltr'><strong>magnus</strong></span> <span class='ocrx_word' id='word_1_419' title='bbox 2092 1377 2294 1432; x_wconf 87' lang='lat' dir='ltr'><strong>Paulus</strong></span> <span class='ocrx_word' id='word_1_420' title='bbox 2327 1379 2433 1434; x_wconf 86' lang='lat' dir='ltr'><strong>hoc</strong></span> <span class='ocrx_word' id='word_1_421' title='bbox 2467 1381 2676 1436; x_wconf 90' lang='lat' dir='ltr'><strong>statuit.</strong></span> <span class='ocrx_word' id='word_1_422' title='bbox 2708 1382 2774 1437; x_wconf 89' lang='lat' dir='ltr'><strong>Et</strong></span> <span class='ocrx_word' id='word_1_423' title='bbox 2807 1399 2980 1439; x_wconf 88' lang='lat' dir='ltr'><strong>canon</strong></span> <span class='ocrx_word' id='word_1_424' title='bbox 3010 1385 3227 1455; x_wconf 86' lang='lat' dir='ltr'><strong>quidem</strong></span> <span class='ocrx_word' id='word_1_425' title='bbox 3266 1387 3423 1456; x_wconf 32' lang='lat' dir='ltr'><strong>dicit,</strong></span> 
     </span>
    </p>
   </div>
   <div class='ocr_carea' id='block_1_59' title="bbox 1825 1461 3427 1536">
    <p class='ocr_par' dir='ltr' id='par_1_59' title="bbox 1825 1461 3427 1536">
     <span class='ocr_line' id='line_1_59' title="bbox 1825 1461 3427 1536; baseline 0.009 -17"><span class='ocrx_word' id='word_1_426' title='bbox 1825 1465 1893 1521; x_wconf 90' lang='lat' dir='ltr'><strong>de</strong></span> <span class='ocrx_word' id='word_1_427' title='bbox 1929 1467 1997 1521; x_wconf 89' lang='lat' dir='ltr'><strong>iis</strong></span> <span class='ocrx_word' id='word_1_428' title='bbox 2024 1467 2117 1536; x_wconf 91' lang='lat' dir='ltr'><strong>qui</strong></span> <span class='ocrx_word' id='word_1_429' title='bbox 2164 1471 2551 1526; x_wconf 86' lang='lat' dir='ltr'><strong>consenuerint</strong></span> <span class='ocrx_word' id='word_1_430' title='bbox 2585 1488 2598 1524; x_wconf 94' lang='lat'>:</span> <span class='ocrx_word' id='word_1_431' title='bbox 2643 1483 2728 1529; x_wconf 90' lang='lat' dir='ltr'><strong>est</strong></span> <span class='ocrx_word' id='word_1_432' title='bbox 2768 1484 2950 1530; x_wconf 90' lang='lat' dir='ltr'><strong>autem</strong></span> <span class='ocrx_word' id='word_1_433' title='bbox 2989 1477 3152 1531; x_wconf 88' lang='lat' dir='ltr'><strong>etiam</strong></span> <span class='ocrx_word' id='word_1_434' title='bbox 3198 1461 3427 1533; x_wconf 37' lang='lat' dir='ltr'><strong>intelli-l</strong></span> 
     </span>
    </p>
   </div>
   <div class='ocr_carea' id='block_1_60' title="bbox 1830 1559 3400 1648">
    <p class='ocr_par' dir='ltr' id='par_1_60' title="bbox 1830 1559 3400 1648">
     <span class='ocr_line' id='line_1_60' title="bbox 1830 1559 3400 1648; baseline 0.01 -36"><span class='ocrx_word' id='word_1_435' title='bbox 1830 1559 2038 1628; x_wconf 81' lang='lat' dir='ltr'><strong>gendus</strong></span> <span class='ocrx_word' id='word_1_436' title='bbox 2061 1560 2128 1614; x_wconf 92' lang='lat' dir='ltr'><strong>de</strong></span> <span class='ocrx_word' id='word_1_437' title='bbox 2158 1563 2414 1617; x_wconf 91' lang='lat' dir='ltr'><strong>omnibus</strong></span> <span class='ocrx_word' id='word_1_438' title='bbox 2461 1565 2808 1636; x_wconf 82' lang='lat' dir='ltr'><strong>conjugibus.</strong></span> <span class='ocrx_word' id='word_1_439' title='bbox 2840 1567 3006 1624; x_wconf 81' lang='lat' dir='ltr'><strong>Recte</strong></span> <span class='ocrx_word' id='word_1_440' title='bbox 3050 1580 3230 1627; x_wconf 89' lang='lat' dir='ltr'><strong>autem</strong></span> <span class='ocrx_word' id='word_1_441' title='bbox 3256 1573 3400 1648; x_wconf 81' lang='lat' dir='ltr'><strong>dixit</strong></span> 
     </span>
    </p>
   </div>
   <div class='ocr_carea' id='block_1_61' title="bbox 1827 1650 3400 1728">
    <p class='ocr_par' dir='ltr' id='par_1_61' title="bbox 1827 1650 3400 1728">
     <span class='ocr_line' id='line_1_61' title="bbox 1827 1650 3400 1728; baseline 0.011 -24"><span class='ocrx_word' id='word_1_442' title='bbox 1827 1650 1988 1716; x_wconf 89' lang='lat' dir='ltr'><strong>illud,</strong></span> <span class='ocrx_word' id='word_1_443' title='bbox 2031 1668 2095 1706; x_wconf 79' lang='lat' dir='ltr'><strong>ea:</strong></span> <span class='ocrx_word' id='word_1_444' title='bbox 2125 1670 2376 1710; x_wconf 81' lang='lat' dir='ltr'><strong>consensu</strong></span> <span class='ocrx_word' id='word_1_445' title='bbox 2411 1673 2430 1712; x_wconf 88' lang='lat'><strong><em>:</em></strong></span> <span class='ocrx_word' id='word_1_446' title='bbox 2470 1656 2652 1728; x_wconf 83' lang='lat' dir='ltr'><strong>Neque</strong></span> <span class='ocrx_word' id='word_1_447' title='bbox 2672 1660 2810 1713; x_wconf 89' lang='lat' dir='ltr'><strong>enim</strong></span> <span class='ocrx_word' id='word_1_448' title='bbox 2850 1662 2930 1714; x_wconf 81' lang='lat' dir='ltr'><strong>vir</strong></span> <span class='ocrx_word' id='word_1_449' title='bbox 2960 1662 3112 1717; x_wconf 82' lang='lat' dir='ltr'><strong>habet</strong></span> <span class='ocrx_word' id='word_1_450' title='bbox 3157 1667 3243 1719; x_wconf 84' lang='lat' dir='ltr'><strong>sui</strong></span> <span class='ocrx_word' id='word_1_451' title='bbox 3281 1682 3400 1720; x_wconf 81' lang='lat' dir='ltr'><strong>cor-</strong></span> 
     </span>
    </p>
   </div>
   <div class='ocr_carea' id='block_1_62' title="bbox 1829 1745 3396 1828">
    <p class='ocr_par' dir='ltr' id='par_1_62' title="bbox 1829 1745 3396 1828">
     <span class='ocr_line' id='line_1_62' title="bbox 1829 1745 3396 1828; baseline 0.011 -32"><span class='ocrx_word' id='word_1_452' title='bbox 1829 1745 1972 1811; x_wconf 78' lang='lat' dir='ltr'><strong>poris</strong></span> <span class='ocrx_word' id='word_1_453' title='bbox 1996 1754 2306 1814; x_wconf 78' lang='lat' dir='ltr'><strong>potestatem</strong></span> <span class='ocrx_word' id='word_1_454' title='bbox 2328 1791 2342 1814; x_wconf 91' lang='lat'><strong>,</strong></span> <span class='ocrx_word' id='word_1_455' title='bbox 2379 1765 2469 1802; x_wconf 83' lang='lat' dir='ltr'><strong>nec</strong></span> <span class='ocrx_word' id='word_1_456' title='bbox 2496 1750 2686 1805; x_wconf 82' lang='lat' dir='ltr'><strong>mulier</strong></span> <span class='ocrx_word' id='word_1_457' title='bbox 2708 1752 2776 1820; x_wconf 83' lang='grc'><strong>³⁷,</strong></span> <span class='ocrx_word' id='word_1_458' title='bbox 2803 1755 3104 1810; x_wconf 88' lang='lat' dir='ltr'><strong>secundum</strong></span> <span class='ocrx_word' id='word_1_459' title='bbox 3140 1773 3396 1828; x_wconf 80' lang='lat' dir='ltr'><strong>magnum</strong></span> 
     </span>
    </p>
   </div>
   <div class='ocr_carea' id='block_1_63' title="bbox 1825 1834 3400 1917">
    <p class='ocr_par' dir='ltr' id='par_1_63' title="bbox 1825 1834 3400 1917">
     <span class='ocr_line' id='line_1_63' title="bbox 1825 1834 3400 1917; baseline 0.011 -27"><span class='ocrx_word' id='word_1_460' title='bbox 1825 1838 2166 1908; x_wconf 82' lang='lat' dir='ltr'><strong>Apostolum.</strong></span> <span class='ocrx_word' id='word_1_461' title='bbox 2209 1839 2500 1911; x_wconf 85' lang='lat' dir='ltr'><strong>Propterea</strong></span> <span class='ocrx_word' id='word_1_462' title='bbox 2532 1857 2662 1914; x_wconf 79' lang='lat' dir='ltr'><strong>ergo</strong></span> <span class='ocrx_word' id='word_1_463' title='bbox 2693 1861 2788 1900; x_wconf 92' lang='lat' dir='ltr'><strong>eos</strong></span> <span class='ocrx_word' id='word_1_464' title='bbox 2817 1834 3032 1917; x_wconf 83' lang='lat' dir='ltr'><strong>oportet</strong></span> <span class='ocrx_word' id='word_1_465' title='bbox 3070 1850 3210 1905; x_wconf 90' lang='lat' dir='ltr'><strong>inter</strong></span> <span class='ocrx_word' id='word_1_466' title='bbox 3241 1867 3299 1906; x_wconf 91' lang='lat' dir='ltr'><strong>se</strong></span> <span class='ocrx_word' id='word_1_467' title='bbox 3329 1852 3400 1907; x_wconf 89' lang='lat' dir='ltr'><strong>de</strong></span> 
     </span>
    </p>
   </div>
   <div class='ocr_carea' id='block_1_64' title="bbox 1824 1929 3403 2015">
    <p class='ocr_par' dir='ltr' id='par_1_64' title="bbox 1824 1929 3403 2015">
     <span class='ocr_line' id='line_1_64' title="bbox 1824 1929 3403 2015; baseline 0.008 -31"><span class='ocrx_word' id='word_1_468' title='bbox 1824 1929 2152 1985; x_wconf 91' lang='lat' dir='ltr'><strong>continendo</strong></span> <span class='ocrx_word' id='word_1_469' title='bbox 2194 1934 2532 2001; x_wconf 88' lang='lat' dir='ltr'><strong>consentire,</strong></span> <span class='ocrx_word' id='word_1_470' title='bbox 2572 1946 2633 1990; x_wconf 89' lang='lat' dir='ltr'><strong>ut</strong></span> <span class='ocrx_word' id='word_1_471' title='bbox 2666 1946 2860 1994; x_wconf 80' lang='lat' dir='ltr'><strong>vacent</strong></span> <span class='ocrx_word' id='word_1_472' title='bbox 2906 1940 3141 1996; x_wconf 85' lang='lat' dir='ltr'><strong>orationi</strong></span> <span class='ocrx_word' id='word_1_473' title='bbox 3173 1952 3228 1998; x_wconf 89' lang='lat' dir='ltr'><strong>et</strong></span> <span class='ocrx_word' id='word_1_474' title='bbox 3258 1943 3403 2015; x_wconf 84' lang='lat' dir='ltr'><strong>jeju-</strong></span> 
     </span>
    </p>
   </div>
   <div class='ocr_carea' id='block_1_65' title="bbox 1825 2018 3400 2104">
    <p class='ocr_par' dir='ltr' id='par_1_65' title="bbox 1825 2018 3400 2104">
     <span class='ocr_line' id='line_1_65' title="bbox 1825 2018 3400 2104; baseline 0.011 -32"><span class='ocrx_word' id='word_1_475' title='bbox 1825 2018 1936 2073; x_wconf 91' lang='lat' dir='ltr'><strong>nio.</strong></span> <span class='ocrx_word' id='word_1_476' title='bbox 1990 2018 2106 2076; x_wconf 85' lang='lat' dir='ltr'><strong>Nisi</strong></span> <span class='ocrx_word' id='word_1_477' title='bbox 2150 2021 2292 2076; x_wconf 91' lang='lat' dir='ltr'><strong>enim</strong></span> <span class='ocrx_word' id='word_1_478' title='bbox 2337 2038 2405 2077; x_wconf 78' lang='lat' dir='ltr'><strong>ex</strong></span> <span class='ocrx_word' id='word_1_479' title='bbox 2447 2040 2718 2081; x_wconf 87' lang='lat' dir='ltr'><strong>consensu</strong></span> <span class='ocrx_word' id='word_1_480' title='bbox 2754 2029 3093 2095; x_wconf 87' lang='lat' dir='ltr'><strong>abstineant,</strong></span> <span class='ocrx_word' id='word_1_481' title='bbox 3122 2048 3249 2103; x_wconf 86' lang='lat' dir='ltr'><strong>pars</strong></span> <span class='ocrx_word' id='word_1_482' title='bbox 3276 2049 3400 2104; x_wconf 69' lang='lat' dir='ltr'><strong>quae</strong></span> 
     </span>
    </p>
   </div>
   <div class='ocr_carea' id='block_1_66' title="bbox 1824 2113 3396 2190">
    <p class='ocr_par' dir='ltr' id='par_1_66' title="bbox 1824 2113 3396 2190">
     <span class='ocr_line' id='line_1_66' title="bbox 1824 2113 3396 2190; baseline 0.012 -27"><span class='ocrx_word' id='word_1_483' title='bbox 1824 2126 1929 2165; x_wconf 89' lang='lat' dir='ltr'><strong>non</strong></span> <span class='ocrx_word' id='word_1_484' title='bbox 1966 2113 2085 2166; x_wconf 85' lang='lat' dir='ltr'><strong>vult</strong></span> <span class='ocrx_word' id='word_1_485' title='bbox 2135 2114 2361 2168; x_wconf 87' lang='lat' dir='ltr'><strong>omnino</strong></span> <span class='ocrx_word' id='word_1_486' title='bbox 2408 2117 2886 2190; x_wconf 90' lang='lat' dir='ltr'><strong>conjunctionem,</strong></span> <span class='ocrx_word' id='word_1_487' title='bbox 2937 2122 3235 2180; x_wconf 84' lang='lat' dir='ltr'><strong>frustratur</strong></span> <span class='ocrx_word' id='word_1_488' title='bbox 3275 2142 3396 2181; x_wconf 85' lang='lat' dir='ltr'><strong>eam</strong></span> 
     </span>
    </p>
   </div>
   <div class='ocr_carea' id='block_1_67' title="bbox 1823 2199 3399 2288">
    <p class='ocr_par' dir='ltr' id='par_1_67' title="bbox 1823 2199 3399 2288">
     <span class='ocr_line' id='line_1_67' title="bbox 1823 2199 3399 2288; baseline 0.011 -34"><span class='ocrx_word' id='word_1_489' title='bbox 1823 2218 1945 2272; x_wconf 71' lang='lat' dir='ltr'><strong>qua:</strong></span> <span class='ocrx_word' id='word_1_490' title='bbox 1973 2199 2208 2273; x_wconf 76' lang='lat' dir='ltr'><strong>postulat</strong></span> <span class='ocrx_word' id='word_1_491' title='bbox 2237 2224 2252 2260; x_wconf 88' lang='lat'>:</span> <span class='ocrx_word' id='word_1_492' title='bbox 2281 2214 2336 2261; x_wconf 89' lang='lat' dir='ltr'><strong>et</strong></span> <span class='ocrx_word' id='word_1_493' title='bbox 2366 2211 2644 2278; x_wconf 91' lang='lat' dir='ltr'><strong>quomodo</strong></span> <span class='ocrx_word' id='word_1_494' title='bbox 2675 2228 2738 2268; x_wconf 88' lang='lat' dir='ltr'><strong>ea</strong></span> <span class='ocrx_word' id='word_1_495' title='bbox 2768 2229 2893 2284; x_wconf 83' lang='lat' dir='ltr'><strong>pars</strong></span> <span class='ocrx_word' id='word_1_496' title='bbox 2919 2232 3042 2286; x_wconf 66' lang='lat' dir='ltr'><strong>quae</strong></span> <span class='ocrx_word' id='word_1_497' title='bbox 3063 2218 3399 2288; x_wconf 88' lang='lat' dir='ltr'><strong>conjunctio-</strong></span> 
     </span>
    </p>
   </div>
   <div class='ocr_carea' id='block_1_68' title="bbox 1823 2297 3399 2382">
    <p class='ocr_par' dir='ltr' id='par_1_68' title="bbox 1823 2297 3399 2382">
     <span class='ocr_line' id='line_1_68' title="bbox 1823 2297 3399 2382; baseline 0.013 -35"><span class='ocrx_word' id='word_1_498' title='bbox 1823 2309 1947 2349; x_wconf 89' lang='lat' dir='ltr'><strong>nem</strong></span> <span class='ocrx_word' id='word_1_499' title='bbox 1980 2297 2174 2366; x_wconf 66' lang='lat' dir='ltr'><strong>quaerit</strong></span> <span class='ocrx_word' id='word_1_500' title='bbox 2212 2308 2265 2352; x_wconf 89' lang='lat' dir='ltr'><strong>et</strong></span> <span class='ocrx_word' id='word_1_501' title='bbox 2291 2314 2400 2354; x_wconf 88' lang='lat' dir='ltr'><strong>non</strong></span> <span class='ocrx_word' id='word_1_502' title='bbox 2431 2303 2778 2371; x_wconf 89' lang='lat' dir='ltr'><strong>permittitur,</strong></span> <span class='ocrx_word' id='word_1_503' title='bbox 2818 2307 2937 2376; x_wconf 88' lang='lat' dir='ltr'><strong>ejus</strong></span> <span class='ocrx_word' id='word_1_504' title='bbox 2977 2325 3099 2379; x_wconf 69' lang='lat' dir='ltr'><strong>quae</strong></span> <span class='ocrx_word' id='word_1_505' title='bbox 3136 2326 3244 2367; x_wconf 90' lang='lat' dir='ltr'><strong>non</strong></span> <span class='ocrx_word' id='word_1_506' title='bbox 3274 2328 3399 2382; x_wconf 88' lang='lat' dir='ltr'><strong>pcr-</strong></span> 
     </span>
    </p>
   </div>
   <div class='ocr_carea' id='block_1_69' title="bbox 1824 2387 3396 2458">
    <p class='ocr_par' dir='ltr' id='par_1_69' title="bbox 1824 2387 3396 2458">
     <span class='ocr_line' id='line_1_69' title="bbox 1824 2387 3396 2458; baseline 0.012 -19"><span class='ocrx_word' id='word_1_507' title='bbox 1824 2387 1988 2440; x_wconf 76' lang='lat' dir='ltr'><strong>mittit</strong></span> <span class='ocrx_word' id='word_1_508' title='bbox 2032 2396 2350 2455; x_wconf 87' lang='lat' dir='ltr'><strong>potestatem</strong></span> <span class='ocrx_word' id='word_1_509' title='bbox 2386 2391 2588 2450; x_wconf 87' lang='lat' dir='ltr'><strong>habere</strong></span> <span class='ocrx_word' id='word_1_510' title='bbox 2629 2396 2914 2452; x_wconf 85' lang='lat' dir='ltr'><strong>videatur?</strong></span> <span class='ocrx_word' id='word_1_511' title='bbox 2953 2399 3164 2456; x_wconf 83' lang='lat' dir='ltr'><strong>Accidit</strong></span> <span class='ocrx_word' id='word_1_512' title='bbox 3212 2411 3396 2458; x_wconf 89' lang='lat' dir='ltr'><strong>autem</strong></span> 
     </span>
    </p>
   </div>
   <div class='ocr_carea' id='block_1_70' title="bbox 1823 2479 3395 2562">
    <p class='ocr_par' dir='ltr' id='par_1_70' title="bbox 1823 2479 3395 2562">
     <span class='ocr_line' id='line_1_70' title="bbox 1823 2479 3395 2562; baseline 0.013 -31"><span class='ocrx_word' id='word_1_513' title='bbox 1823 2479 2071 2532; x_wconf 87' lang='lat' dir='ltr'><strong>utetiam</strong></span> <span class='ocrx_word' id='word_1_514' title='bbox 2112 2480 2338 2536; x_wconf 85' lang='lat' dir='ltr'><strong>alterius</strong></span> <span class='ocrx_word' id='word_1_515' title='bbox 2381 2486 2715 2540; x_wconf 87' lang='lat' dir='ltr'><strong>continentia</strong></span> <span class='ocrx_word' id='word_1_516' title='bbox 2752 2488 2977 2544; x_wconf 90' lang='lat' dir='ltr'><strong>alterius</strong></span> <span class='ocrx_word' id='word_1_517' title='bbox 3000 2494 3169 2562; x_wconf 90' lang='lat' dir='ltr'><strong>partis</strong></span> <span class='ocrx_word' id='word_1_518' title='bbox 3195 2494 3395 2550; x_wconf 90' lang='lat' dir='ltr'><strong>damno</strong></span> 
     </span>
    </p>
   </div>
   <div class='ocr_carea' id='block_1_71' title="bbox 1803 2568 3395 2650">
    <p class='ocr_par' dir='ltr' id='par_1_71' title="bbox 1803 2568 3395 2650">
     <span class='ocr_line' id='line_1_71' title="bbox 1803 2568 3395 2650; baseline 0.014 -27"><span class='ocrx_word' id='word_1_519' title='bbox 1803 2571 1998 2625; x_wconf 73' lang='lat' dir='ltr'><strong>cedat.</strong></span> <span class='ocrx_word' id='word_1_520' title='bbox 2052 2568 2108 2625; x_wconf 89' lang='lat' dir='ltr'><strong>Si</strong></span> <span class='ocrx_word' id='word_1_521' title='bbox 2157 2576 2303 2628; x_wconf 90' lang='lat' dir='ltr'><strong>enim</strong></span> <span class='ocrx_word' id='word_1_522' title='bbox 2360 2590 2391 2630; x_wconf 91' lang='lat' dir='ltr'><strong>a</strong></span> <span class='ocrx_word' id='word_1_523' title='bbox 2439 2577 2737 2648; x_wconf 81' lang='lat' dir='ltr'><strong>cupiditate</strong></span> <span class='ocrx_word' id='word_1_524' title='bbox 2783 2581 3039 2650; x_wconf 88' lang='lat' dir='ltr'><strong>vincitur,</strong></span> <span class='ocrx_word' id='word_1_525' title='bbox 3093 2593 3145 2642; x_wconf 79' lang='lat' dir='ltr'><strong>et</strong></span> <span class='ocrx_word' id='word_1_526' title='bbox 3193 2604 3300 2642; x_wconf 92' lang='lat' dir='ltr'><strong>non</strong></span> <span class='ocrx_word' id='word_1_527' title='bbox 3338 2591 3395 2645; x_wconf 84' lang='lat' dir='ltr'><strong>lit</strong></span> 
     </span>
    </p>
   </div>
   <div class='ocr_carea' id='block_1_72' title="bbox 1821 2661 3396 2743">
    <p class='ocr_par' dir='ltr' id='par_1_72' title="bbox 1821 2661 3396 2743">
     <span class='ocr_line' id='line_1_72' title="bbox 1821 2661 3396 2743; baseline 0.014 -28"><span class='ocrx_word' id='word_1_528' title='bbox 1821 2661 1871 2716; x_wconf 88' lang='lat' dir='ltr'><strong>ei</strong></span> <span class='ocrx_word' id='word_1_529' title='bbox 1917 2673 2177 2733; x_wconf 86' lang='lat' dir='ltr'><strong>potestas,</strong></span> <span class='ocrx_word' id='word_1_530' title='bbox 2229 2667 2282 2722; x_wconf 92' lang='lat' dir='ltr'><strong>in</strong></span> <span class='ocrx_word' id='word_1_531' title='bbox 2331 2671 2534 2724; x_wconf 89' lang='lat' dir='ltr'><strong>coitum</strong></span> <span class='ocrx_word' id='word_1_532' title='bbox 2587 2672 2926 2743; x_wconf 82' lang='lat' dir='ltr'><strong>illegitimum</strong></span> <span class='ocrx_word' id='word_1_533' title='bbox 2988 2677 3211 2735; x_wconf 90' lang='lat' dir='ltr'><strong>incidet.</strong></span> <span class='ocrx_word' id='word_1_534' title='bbox 3256 2680 3396 2737; x_wconf 88' lang='lat' dir='ltr'><strong>Dicit</strong></span> 
     </span>
    </p>
   </div>
   <div class='ocr_carea' id='block_1_73' title="bbox 1823 2757 3395 2840">
    <p class='ocr_par' dir='ltr' id='par_1_73' title="bbox 1823 2757 3395 2840">
     <span class='ocr_line' id='line_1_73' title="bbox 1823 2757 3395 2840; baseline 0.014 -33"><span class='ocrx_word' id='word_1_535' title='bbox 1823 2765 2003 2810; x_wconf 87' lang='lat' dir='ltr'><strong>autem</strong></span> <span class='ocrx_word' id='word_1_536' title='bbox 2057 2757 2326 2830; x_wconf 89' lang='lat' dir='ltr'><strong>quispiam</strong></span> <span class='ocrx_word' id='word_1_537' title='bbox 2377 2780 2389 2815; x_wconf 93' lang='lat'><strong>:</strong></span> <span class='ocrx_word' id='word_1_538' title='bbox 2441 2761 2578 2817; x_wconf 89' lang='lat' dir='ltr'><strong>Cum</strong></span> <span class='ocrx_word' id='word_1_539' title='bbox 2622 2779 2799 2820; x_wconf 90' lang='lat' dir='ltr'><strong>canon</strong></span> <span class='ocrx_word' id='word_1_540' title='bbox 2861 2767 3006 2824; x_wconf 85' lang='lat' dir='ltr'><strong>dicat</strong></span> <span class='ocrx_word' id='word_1_541' title='bbox 3061 2774 3395 2840; x_wconf 84' lang='lat' dir='ltr'><strong>separandos</strong></span> 
     </span>
    </p>
   </div>
   <div class='ocr_carea' id='block_1_74' title="bbox 1821 2849 3392 2924">
    <p class='ocr_par' dir='ltr' id='par_1_74' title="bbox 1821 2849 3392 2924">
     <span class='ocr_line' id='line_1_74' title="bbox 1821 2849 3392 2924; baseline 0.013 -26"><span class='ocrx_word' id='word_1_542' title='bbox 1821 2859 1942 2900; x_wconf 88' lang='lat' dir='ltr'><strong>esse</strong></span> <span class='ocrx_word' id='word_1_543' title='bbox 1989 2849 2250 2920; x_wconf 80' lang='lat' dir='ltr'><strong>conjuges</strong></span> <span class='ocrx_word' id='word_1_544' title='bbox 2305 2861 2367 2907; x_wconf 91' lang='lat' dir='ltr'><strong>ut</strong></span> <span class='ocrx_word' id='word_1_545' title='bbox 2423 2855 2657 2908; x_wconf 89' lang='lat' dir='ltr'><strong>orationi</strong></span> <span class='ocrx_word' id='word_1_546' title='bbox 2707 2868 2920 2924; x_wconf 85' lang='lat' dir='ltr'><strong>vacent,</strong></span> <span class='ocrx_word' id='word_1_547' title='bbox 2972 2860 3162 2916; x_wconf 85' lang='lat' dir='ltr'><strong>definit</strong></span> <span class='ocrx_word' id='word_1_548' title='bbox 3213 2872 3392 2919; x_wconf 87' lang='lat' dir='ltr'><strong>autem</strong></span> 
     </span>
    </p>
   </div>
   <div class='ocr_carea' id='block_1_75' title="bbox 1821 2935 3391 3024">
    <p class='ocr_par' dir='ltr' id='par_1_75' title="bbox 1821 2935 3391 3024">
     <span class='ocr_line' id='line_1_75' title="bbox 1821 2935 3391 3024; baseline 0.013 -33"><span class='ocrx_word' id='word_1_549' title='bbox 1821 2935 2115 3007; x_wconf 79' lang='lat' dir='ltr'><strong>Apostolus</strong></span> <span class='ocrx_word' id='word_1_550' title='bbox 2164 2958 2266 2998; x_wconf 91' lang='lat' dir='ltr'><strong>nos</strong></span> <span class='ocrx_word' id='word_1_551' title='bbox 2303 2944 2500 3000; x_wconf 87' lang='lat' dir='ltr'><strong>debere</strong></span> <span class='ocrx_word' id='word_1_552' title='bbox 2540 2948 2658 3002; x_wconf 86' lang='lat' dir='ltr'><strong>sine</strong></span> <span class='ocrx_word' id='word_1_553' title='bbox 2690 2949 3100 3007; x_wconf 84' lang='lat' dir='ltr'><strong>intermissione</strong></span> <span class='ocrx_word' id='word_1_554' title='bbox 3138 2970 3297 3011; x_wconf 88' lang='lat' dir='ltr'><strong>orare</strong></span> <span class='ocrx_word' id='word_1_555' title='bbox 3319 2959 3391 3024; x_wconf 75' lang='lat'><strong>&quot;;</strong></span> 
     </span>
    </p>
   </div>
   <div class='ocr_carea' id='block_1_76' title="bbox 1823 3042 3394 3110">
    <p class='ocr_par' dir='ltr' id='par_1_76' title="bbox 1823 3042 3394 3110">
     <span class='ocr_line' id='line_1_76' title="bbox 1823 3042 3394 3110; baseline 0.011 -25"><span class='ocrx_word' id='word_1_556' title='bbox 1823 3045 2107 3102; x_wconf 79' lang='lat' dir='ltr'><strong>Semperne</strong></span> <span class='ocrx_word' id='word_1_557' title='bbox 2171 3045 2385 3105; x_wconf 88' lang='lat' dir='ltr'><strong>oportet</strong></span> <span class='ocrx_word' id='word_1_558' title='bbox 2410 3053 2506 3094; x_wconf 86' lang='lat' dir='ltr'><strong>eos</strong></span> <span class='ocrx_word' id='word_1_559' title='bbox 2532 3042 2624 3110; x_wconf 92' lang='lat' dir='ltr'><strong>qui</strong></span> <span class='ocrx_word' id='word_1_560' title='bbox 2655 3043 2988 3109; x_wconf 87' lang='lat' dir='ltr'><strong>cohabitant,</strong></span> <span class='ocrx_word' id='word_1_561' title='bbox 3022 3062 3051 3100; x_wconf 86' lang='lat' dir='ltr'><strong>a</strong></span> <span class='ocrx_word' id='word_1_562' title='bbox 3082 3063 3139 3101; x_wconf 91' lang='lat' dir='ltr'><strong>se</strong></span> <span class='ocrx_word' id='word_1_563' title='bbox 3166 3048 3394 3105; x_wconf 85' lang='lat' dir='ltr'><strong>invicem</strong></span> 
     </span>
    </p>
   </div>
   <div class='ocr_carea' id='block_1_77' title="bbox 1823 3122 3394 3208">
    <p class='ocr_par' dir='ltr' id='par_1_77' title="bbox 1823 3122 3394 3208">
     <span class='ocr_line' id='line_1_77' title="bbox 1823 3122 3394 3208; baseline 0.015 -34"><span class='ocrx_word' id='word_1_564' title='bbox 1823 3122 2135 3179; x_wconf 87' lang='lat' dir='ltr'><strong>abstinere?</strong></span> <span class='ocrx_word' id='word_1_565' title='bbox 2172 3129 2265 3182; x_wconf 92' lang='lat' dir='ltr'><strong>sed</strong></span> <span class='ocrx_word' id='word_1_566' title='bbox 2307 3146 2414 3185; x_wconf 91' lang='lat' dir='ltr'><strong>non</strong></span> <span class='ocrx_word' id='word_1_567' title='bbox 2445 3131 2512 3185; x_wconf 90' lang='lat' dir='ltr'><strong>de</strong></span> <span class='ocrx_word' id='word_1_568' title='bbox 2538 3135 2733 3202; x_wconf 90' lang='lat' dir='ltr'><strong>quavis</strong></span> <span class='ocrx_word' id='word_1_569' title='bbox 2773 3137 3021 3192; x_wconf 87' lang='lat' dir='ltr'><strong>oratione</strong></span> <span class='ocrx_word' id='word_1_570' title='bbox 3063 3141 3262 3208; x_wconf 80' lang='lat' dir='ltr'><strong>agitur,</strong></span> <span class='ocrx_word' id='word_1_571' title='bbox 3302 3144 3394 3199; x_wconf 83' lang='lat' dir='ltr'><strong>sed</strong></span> 
     </span>
    </p>
   </div>
   <div class='ocr_carea' id='block_1_78' title="bbox 1823 3213 3395 3320">
    <p class='ocr_par' dir='ltr' id='par_1_78' title="bbox 1823 3213 3395 3320">
     <span class='ocr_line' id='line_1_78' title="bbox 1823 3213 3395 3320; baseline 0.012 -52"><span class='ocrx_word' id='word_1_572' title='bbox 1823 3213 1889 3269; x_wconf 92' lang='lat' dir='ltr'><strong>de</strong></span> <span class='ocrx_word' id='word_1_573' title='bbox 1935 3220 2354 3286; x_wconf 73' lang='lat' dir='ltr'><strong>praestantiore,</strong></span> <span class='ocrx_word' id='word_1_574' title='bbox 2405 3235 2718 3279; x_wconf 87' lang='lat' dir='ltr'><strong>sanctorum</strong></span> <span class='ocrx_word' id='word_1_575' title='bbox 2778 3228 3000 3320; x_wconf 48' lang='lat' dir='ltr'><strong>scilicet‘</strong></span> <span class='ocrx_word' id='word_1_576' title='bbox 3036 3229 3395 3300; x_wconf 81' lang='lat' dir='ltr'><strong>jejuniorum.</strong></span> 
     </span>
    </p>
   </div>
   <div class='ocr_carea' id='block_1_79' title="bbox 1822 3304 3394 3384">
    <p class='ocr_par' dir='ltr' id='par_1_79' title="bbox 1822 3304 3394 3384">
     <span class='ocr_line' id='line_1_79' title="bbox 1822 3304 3394 3384; baseline 0.013 -25"><span class='ocrx_word' id='word_1_577' title='bbox 1822 3304 1958 3361; x_wconf 82' lang='lat' dir='ltr'><strong>Nam</strong></span> <span class='ocrx_word' id='word_1_578' title='bbox 1989 3317 2043 3363; x_wconf 91' lang='lat' dir='ltr'><strong>et</strong></span> <span class='ocrx_word' id='word_1_579' title='bbox 2072 3325 2168 3380; x_wconf 91' lang='lat' dir='ltr'><strong>per</strong></span> <span class='ocrx_word' id='word_1_580' title='bbox 2194 3310 2434 3384; x_wconf 79' lang='lat' dir='ltr'><strong>Moysem</strong></span> <span class='ocrx_word' id='word_1_581' title='bbox 2470 3314 2614 3372; x_wconf 85' lang='lat' dir='ltr'><strong>Deus</strong></span> <span class='ocrx_word' id='word_1_582' title='bbox 2644 3316 2847 3374; x_wconf 67' lang='lat' dir='ltr'><strong>Judmis</strong></span> <span class='ocrx_word' id='word_1_583' title='bbox 2869 3304 3083 3378; x_wconf 73' lang='lat' dir='ltr'><strong>divinas</strong></span> <span class='ocrx_word' id='word_1_584' title='bbox 3124 3339 3288 3382; x_wconf 89' lang='lat' dir='ltr'><strong>voces</strong></span> <span class='ocrx_word' id='word_1_585' title='bbox 3338 3327 3394 3380; x_wconf 93' lang='lat' dir='ltr'><strong>in</strong></span> 
     </span>
    </p>
   </div>
   <div class='ocr_carea' id='block_1_80' title="bbox 1823 3404 3396 3486">
    <p class='ocr_par' dir='ltr' id='par_1_80' title="bbox 1823 3404 3396 3486">
     <span class='ocr_line' id='line_1_80' title="bbox 1823 3404 3396 3486; baseline 0.016 -34"><span class='ocrx_word' id='word_1_586' title='bbox 1823 3410 2008 3457; x_wconf 88' lang='lat' dir='ltr'><strong>monte</strong></span> <span class='ocrx_word' id='word_1_587' title='bbox 2065 3404 2337 3461; x_wconf 87' lang='lat' dir='ltr'><strong>audituris</strong></span> <span class='ocrx_word' id='word_1_588' title='bbox 2383 3410 2643 3479; x_wconf 80' lang='lat' dir='ltr'><strong>praecepit</strong></span> <span class='ocrx_word' id='word_1_589' title='bbox 2684 3421 2744 3466; x_wconf 91' lang='lat' dir='ltr'><strong>ut</strong></span> <span class='ocrx_word' id='word_1_590' title='bbox 2793 3430 2823 3468; x_wconf 91' lang='lat' dir='ltr'><strong>a</strong></span> <span class='ocrx_word' id='word_1_591' title='bbox 2863 3418 3101 3486; x_wconf 87' lang='lat' dir='ltr'><strong>propriis</strong></span> <span class='ocrx_word' id='word_1_592' title='bbox 3132 3421 3396 3476; x_wconf 84' lang='lat' dir='ltr'><strong>uxoribus</strong></span> 
     </span>
    </p>
   </div>
   <div class='ocr_carea' id='block_1_81' title="bbox 1823 3495 3394 3581">
    <p class='ocr_par' dir='ltr' id='par_1_81' title="bbox 1823 3495 3394 3581">
     <span class='ocr_line' id='line_1_81' title="bbox 1823 3495 3394 3581; baseline 0.013 -32"><span class='ocrx_word' id='word_1_593' title='bbox 1823 3495 2160 3552; x_wconf 85' lang='lat' dir='ltr'><strong>abstinerent</strong></span> <span class='ocrx_word' id='word_1_594' title='bbox 2192 3499 2258 3551; x_wconf 72' lang='grc' dir='ltr'>δ’.</span> <span class='ocrx_word' id='word_1_595' title='bbox 2305 3499 2372 3554; x_wconf 83' lang='grc' dir='ltr'>Ει</span> <span class='ocrx_word' id='word_1_596' title='bbox 2403 3504 2664 3572; x_wconf 88' lang='lat' dir='ltr'><strong>propheta</strong></span> <span class='ocrx_word' id='word_1_597' title='bbox 2701 3504 2816 3560; x_wconf 84' lang='lat' dir='ltr'><strong>Joel</strong></span> <span class='ocrx_word' id='word_1_598' title='bbox 2850 3526 2864 3562; x_wconf 91' lang='lat'><strong>:</strong></span> <span class='ocrx_word' id='word_1_599' title='bbox 2899 3507 3262 3581; x_wconf 79' lang='lat' dir='ltr'><strong>Sanctiﬁcate,</strong></span> <span class='ocrx_word' id='word_1_600' title='bbox 3307 3515 3394 3569; x_wconf 91' lang='lat' dir='ltr'><strong>in-</strong></span> 
     </span>
    </p>
   </div>
   <div class='ocr_carea' id='block_1_82' title="bbox 1823 3592 3394 3674">
    <p class='ocr_par' dir='ltr' id='par_1_82' title="bbox 1823 3592 3394 3674">
     <span class='ocr_line' id='line_1_82' title="bbox 1823 3592 3394 3674; baseline 0.013 -31"><span class='ocrx_word' id='word_1_601' title='bbox 1823 3592 1970 3660; x_wconf 90' lang='lat' dir='ltr'><strong>quit,</strong></span> <span class='ocrx_word' id='word_1_602' title='bbox 2005 3592 2296 3661; x_wconf 85' lang='lat' dir='ltr'><strong>jeiuuium,</strong></span> <span class='ocrx_word' id='word_1_603' title='bbox 2331 3605 2380 3648; x_wconf 86' lang='lat' dir='ltr'><strong>et</strong></span> <span class='ocrx_word' id='word_1_604' title='bbox 2419 3607 2570 3650; x_wconf 77' lang='lat' dir='ltr'><strong>exeat</strong></span> <span class='ocrx_word' id='word_1_605' title='bbox 2608 3617 2830 3668; x_wconf 81' lang='lat' dir='ltr'><strong>sponsus</strong></span> <span class='ocrx_word' id='word_1_606' title='bbox 2868 3619 2933 3656; x_wconf 82' lang='lat' dir='ltr'><strong>ea:</strong></span> <span class='ocrx_word' id='word_1_607' title='bbox 2976 3605 3140 3659; x_wconf 80' lang='lat' dir='ltr'><strong>cubili</strong></span> <span class='ocrx_word' id='word_1_608' title='bbox 3174 3624 3302 3674; x_wconf 85' lang='lat' dir='ltr'><strong>suo,</strong></span> <span class='ocrx_word' id='word_1_609' title='bbox 3343 3620 3394 3663; x_wconf 82' lang='lat' dir='ltr'><strong>et</strong></span> 
     </span>
    </p>
   </div>
   <div class='ocr_carea' id='block_1_83' title="bbox 1823 3691 3398 3761">
    <p class='ocr_par' dir='ltr' id='par_1_83' title="bbox 1823 3691 3398 3761">
     <span class='ocr_line' id='line_1_83' title="bbox 1823 3691 3398 3761; baseline 0.012 -22"><span class='ocrx_word' id='word_1_610' title='bbox 1823 3703 2014 3761; x_wconf 78' lang='lat' dir='ltr'><strong>sponsa</strong></span> <span class='ocrx_word' id='word_1_611' title='bbox 2049 3705 2113 3742; x_wconf 81' lang='lat' dir='ltr'><strong>ea:</strong></span> <span class='ocrx_word' id='word_1_612' title='bbox 2144 3706 2240 3744; x_wconf 79' lang='lat' dir='ltr'><strong>suo</strong></span> <span class='ocrx_word' id='word_1_613' title='bbox 2276 3691 2510 3746; x_wconf 83' lang='lat' dir='ltr'><strong>thalamo</strong></span> <span class='ocrx_word' id='word_1_614' title='bbox 2542 3693 2608 3748; x_wconf 73' lang='grc' dir='ltr'><strong>⁸ο.</strong></span> <span class='ocrx_word' id='word_1_615' title='bbox 2658 3694 2795 3750; x_wconf 91' lang='lat' dir='ltr'><strong>Cum</strong></span> <span class='ocrx_word' id='word_1_616' title='bbox 2842 3697 2957 3754; x_wconf 67' lang='lat' dir='ltr'><strong>haec</strong></span> <span class='ocrx_word' id='word_1_617' title='bbox 3000 3708 3180 3755; x_wconf 86' lang='lat' dir='ltr'><strong>autem</strong></span> <span class='ocrx_word' id='word_1_618' title='bbox 3223 3704 3294 3757; x_wconf 84' lang='lat' dir='ltr'><strong>ita</strong></span> <span class='ocrx_word' id='word_1_619' title='bbox 3337 3719 3398 3758; x_wconf 85' lang='lat' dir='ltr'><strong>se</strong></span> 
     </span>
    </p>
   </div>
   <div class='ocr_carea' id='block_1_84' title="bbox 1824 3780 3398 3864">
    <p class='ocr_par' dir='ltr' id='par_1_84' title="bbox 1824 3780 3398 3864">
     <span class='ocr_line' id='line_1_84' title="bbox 1824 3780 3398 3864; baseline 0.01 -30"><span class='ocrx_word' id='word_1_620' title='bbox 1824 3780 2078 3845; x_wconf 86' lang='lat' dir='ltr'><strong>habeant,</strong></span> <span class='ocrx_word' id='word_1_621' title='bbox 2109 3799 2216 3838; x_wconf 88' lang='lat' dir='ltr'><strong>non</strong></span> <span class='ocrx_word' id='word_1_622' title='bbox 2263 3785 2422 3840; x_wconf 89' lang='lat' dir='ltr'><strong>video</strong></span> <span class='ocrx_word' id='word_1_623' title='bbox 2453 3787 2780 3855; x_wconf 87' lang='lat' dir='ltr'><strong>quibusnam</strong></span> <span class='ocrx_word' id='word_1_624' title='bbox 2815 3792 2993 3859; x_wconf 71' lang='lat' dir='ltr'><strong>pomis</strong></span> <span class='ocrx_word' id='word_1_625' title='bbox 3035 3794 3398 3864; x_wconf 86' lang='lat' dir='ltr'><strong>subjicieutur</strong></span> 
     </span>
    </p>
   </div>
   <div class='ocr_carea' id='block_1_85' title="bbox 1822 3871 3399 3954">
    <p class='ocr_par' dir='ltr' id='par_1_85' title="bbox 1822 3871 3399 3954">
     <span class='ocr_line' id='line_1_85' title="bbox 1822 3871 3399 3954; baseline 0.011 -32"><span class='ocrx_word' id='word_1_626' title='bbox 1822 3871 1916 3941; x_wconf 91' lang='lat' dir='ltr'><strong>qui</strong></span> <span class='ocrx_word' id='word_1_627' title='bbox 1968 3872 2081 3927; x_wconf 66' lang='lat' dir='ltr'><strong>haec</strong></span> <span class='ocrx_word' id='word_1_628' title='bbox 2126 3889 2236 3928; x_wconf 89' lang='lat' dir='ltr'><strong>non</strong></span> <span class='ocrx_word' id='word_1_629' title='bbox 2291 3885 2532 3931; x_wconf 88' lang='lat' dir='ltr'><strong>servant.</strong></span> <span class='ocrx_word' id='word_1_630' title='bbox 2591 3878 2858 3933; x_wconf 78' lang='lat' dir='ltr'><strong>Existimo</strong></span> <span class='ocrx_word' id='word_1_631' title='bbox 2893 3891 3073 3936; x_wconf 89' lang='lat' dir='ltr'><strong>autem</strong></span> <span class='ocrx_word' id='word_1_632' title='bbox 3119 3885 3261 3952; x_wconf 86' lang='lat' dir='ltr'><strong>quod</strong></span> <span class='ocrx_word' id='word_1_633' title='bbox 3298 3901 3399 3954; x_wconf 88' lang='lat' dir='ltr'><strong>pro</strong></span> 
     </span>
    </p>
   </div>
   <div class='ocr_carea' id='block_1_86' title="bbox 1819 3963 3395 4038">
    <p class='ocr_par' dir='ltr' id='par_1_86' title="bbox 1819 3963 3395 4038">
     <span class='ocr_line' id='line_1_86' title="bbox 1819 3963 3395 4038; baseline 0.007 -20"><span class='ocrx_word' id='word_1_634' title='bbox 1819 3963 2029 4034; x_wconf 88' lang='lat' dir='ltr'><strong>judicio</strong></span> <span class='ocrx_word' id='word_1_635' title='bbox 2062 3966 2181 4034; x_wconf 90' lang='lat' dir='ltr'><strong>ejus</strong></span> <span class='ocrx_word' id='word_1_636' title='bbox 2210 3968 2302 4036; x_wconf 91' lang='lat' dir='ltr'><strong>qui</strong></span> <span class='ocrx_word' id='word_1_637' title='bbox 2345 3969 2498 4023; x_wconf 90' lang='lat' dir='ltr'><strong>audit</strong></span> <span class='ocrx_word' id='word_1_638' title='bbox 2533 3969 2958 4038; x_wconf 84' lang='lat' dir='ltr'><strong>confessionem,</strong></span> <span class='ocrx_word' id='word_1_639' title='bbox 2988 3975 3260 4030; x_wconf 86' lang='lat' dir='ltr'><strong>medicina</strong></span> <span class='ocrx_word' id='word_1_640' title='bbox 3299 3978 3395 4031; x_wconf 88' lang='lat' dir='ltr'><strong>ad-</strong></span> 
     </span>
    </p>
   </div>
   <div class='ocr_carea' id='block_1_87' title="bbox 1823 4056 3397 4143">
    <p class='ocr_par' dir='ltr' id='par_1_87' title="bbox 1823 4056 3397 4143">
     <span class='ocr_line' id='line_1_87' title="bbox 1823 4056 3397 4143; baseline 0.009 -33"><span class='ocrx_word' id='word_1_641' title='bbox 1823 4056 2039 4111; x_wconf 87' lang='lat' dir='ltr'><strong>hibetur</strong></span> <span class='ocrx_word' id='word_1_642' title='bbox 2071 4060 2342 4128; x_wconf 89' lang='lat' dir='ltr'><strong>personis,</strong></span> <span class='ocrx_word' id='word_1_643' title='bbox 2391 4069 2445 4143; x_wconf 83' lang='lat' dir='ltr'><strong>et</strong></span> <span class='ocrx_word' id='word_1_644' title='bbox 2493 4063 2800 4118; x_wconf 87' lang='lat' dir='ltr'><strong>necessitati</strong></span> <span class='ocrx_word' id='word_1_645' title='bbox 2849 4069 3077 4121; x_wconf 79' lang='lat' dir='ltr'><strong>naturae.</strong></span> <span class='ocrx_word' id='word_1_646' title='bbox 3129 4067 3270 4139; x_wconf 83' lang='lat' dir='ltr'><strong>Lege</strong></span> <span class='ocrx_word' id='word_1_647' title='bbox 3298 4069 3397 4123; x_wconf 64' lang='grc'><strong>102</strong></span> 
     </span>
    </p>
   </div>
   <div class='ocr_carea' id='block_1_88' title="bbox 1821 4150 3116 4222">
    <p class='ocr_par' dir='ltr' id='par_1_88' title="bbox 1821 4150 3116 4222">
     <span class='ocr_line' id='line_1_88' title="bbox 1821 4150 3116 4222; baseline 0.005 -19"><span class='ocrx_word' id='word_1_648' title='bbox 1821 4163 1946 4204; x_wconf 89' lang='lat' dir='ltr'><strong>can.</strong></span> <span class='ocrx_word' id='word_1_649' title='bbox 1971 4166 2090 4222; x_wconf 77' lang='lat' dir='ltr'><strong>syn.</strong></span> <span class='ocrx_word' id='word_1_650' title='bbox 2124 4152 2176 4206; x_wconf 92' lang='lat' dir='ltr'><strong>in</strong></span> <span class='ocrx_word' id='word_1_651' title='bbox 2205 4150 2414 4209; x_wconf 89' lang='lat' dir='ltr'><strong>Trullo.</strong></span> <span class='ocrx_word' id='word_1_652' title='bbox 3105 4158 3116 4180; x_wconf 90' lang='lat'><strong><em>&#39;</em></strong></span> 
     </span>
    </p>
   </div>
   <div class='ocr_carea' id='block_1_89' title="bbox 1893 4418 3395 4504">
    <p class='ocr_par' dir='ltr' id='par_1_89' title="bbox 1893 4418 3395 4504">
     <span class='ocr_line' id='line_1_89' title="bbox 1893 4418 3395 4504; baseline 0.011 -26"><span class='ocrx_word' id='word_1_653' title='bbox 1893 4423 2092 4482; x_wconf 70' lang='lat' dir='ltr'><strong>Zama.</strong></span> <span class='ocrx_word' id='word_1_654' title='bbox 2133 4426 2207 4483; x_wconf 92' lang='lat' dir='ltr'><strong>De</strong></span> <span class='ocrx_word' id='word_1_655' title='bbox 2249 4428 2319 4485; x_wconf 92' lang='lat' dir='ltr'><strong>iis</strong></span> <span class='ocrx_word' id='word_1_656' title='bbox 2355 4418 2469 4502; x_wconf 31' lang='lat' dir='ltr'><strong>qui.</strong></span> <span class='ocrx_word' id='word_1_657' title='bbox 2493 4432 2734 4504; x_wconf 81' lang='lat' dir='ltr'><strong>legitimo</strong></span> <span class='ocrx_word' id='word_1_658' title='bbox 2772 4434 2916 4490; x_wconf 85' lang='lat' dir='ltr'><strong>inter</strong></span> <span class='ocrx_word' id='word_1_659' title='bbox 2948 4451 3009 4493; x_wconf 87' lang='lat' dir='ltr'><strong>se</strong></span> <span class='ocrx_word' id='word_1_660' title='bbox 3043 4438 3395 4494; x_wconf 91' lang='lat' dir='ltr'><strong>matrimonio</strong></span> 
     </span>
    </p>
   </div>
   <div class='ocr_carea' id='block_1_90' title="bbox 130 4503 1721 4596">
    <p class='ocr_par' dir='ltr' id='par_1_90' title="bbox 130 4503 1715 4596">
     <span class='ocr_line' id='line_1_90' title="bbox 130 4503 1715 4596; baseline -0.001 -16"><span class='ocrx_word' id='word_1_661' title='bbox 130 4513 322 4580; x_wconf 74' lang='grc' dir='ltr'>τηοεὶς</span> <span class='ocrx_word' id='word_1_662' title='bbox 354 4517 404 4568; x_wconf 72' lang='grc' dir='ltr'>εἰ</span> <span class='ocrx_word' id='word_1_663' title='bbox 435 4518 540 4590; x_wconf 77' lang='grc' dir='ltr'>χρὴ</span> <span class='ocrx_word' id='word_1_664' title='bbox 572 4519 870 4593; x_wconf 79' lang='grc' dir='ltr'>ἀπέχεσθαι</span> <span class='ocrx_word' id='word_1_665' title='bbox 899 4522 1162 4595; x_wconf 78' lang='grc' dir='ltr'>ἀλλήλων,</span> <span class='ocrx_word' id='word_1_666' title='bbox 1197 4523 1398 4596; x_wconf 82' lang='grc' dir='ltr'>ἔφησεν</span> <span class='ocrx_word' id='word_1_667' title='bbox 1448 4525 1524 4590; x_wconf 82' lang='grc' dir='ltr'><strong>ὡς</strong></span> <span class='ocrx_word' id='word_1_668' title='bbox 1566 4503 1715 4596; x_wconf 81' lang='grc' dir='ltr'>ὀφεί-</span> 
     </span>
    </p>
   </div>
   <div class='ocr_carea' id='block_1_91' title="bbox 1825 4503 3395 4596">
    <p class='ocr_par' dir='ltr' id='par_1_91' title="bbox 1825 4520 3395 4594">
     <span class='ocr_line' id='line_1_91' title="bbox 1825 4520 3395 4594; baseline 0.009 -23"><span class='ocrx_word' id='word_1_669' title='bbox 1825 4520 2062 4588; x_wconf 89' lang='lat' dir='ltr'><strong>copulati</strong></span> <span class='ocrx_word' id='word_1_670' title='bbox 2094 4529 2241 4585; x_wconf 90' lang='lat' dir='ltr'><strong>sunt,</strong></span> <span class='ocrx_word' id='word_1_671' title='bbox 2285 4532 2511 4594; x_wconf 85' lang='lat' dir='ltr'><strong>rogatus</strong></span> <span class='ocrx_word' id='word_1_672' title='bbox 2550 4541 2683 4580; x_wconf 89' lang='lat' dir='ltr'><strong>num</strong></span> <span class='ocrx_word' id='word_1_673' title='bbox 2726 4527 2999 4583; x_wconf 87' lang='lat' dir='ltr'><strong>abstinere</strong></span> <span class='ocrx_word' id='word_1_674' title='bbox 3038 4530 3268 4584; x_wconf 90' lang='lat' dir='ltr'><strong>invicem</strong></span> <span class='ocrx_word' id='word_1_675' title='bbox 3297 4531 3395 4586; x_wconf 89' lang='lat' dir='ltr'><strong>de-</strong></span> 
     </span>
    </p>
   </div>
   <div class='ocr_carea' id='block_1_92' title="bbox 130 4599 1716 4690">
    <p class='ocr_par' dir='ltr' id='par_1_92' title="bbox 130 4599 1716 4690">
     <span class='ocr_line' id='line_1_92' title="bbox 130 4599 1716 4690; baseline 0.008 -31"><span class='ocrx_word' id='word_1_676' title='bbox 130 4599 316 4653; x_wconf 68' lang='grc' dir='ltr'>λουστδ</span> <span class='ocrx_word' id='word_1_677' title='bbox 366 4609 416 4662; x_wconf 80' lang='grc' dir='ltr'>οἱ</span> <span class='ocrx_word' id='word_1_678' title='bbox 469 4613 696 4667; x_wconf 81' lang='grc' dir='ltr'>τοιοῦτοι</span> <span class='ocrx_word' id='word_1_679' title='bbox 740 4615 894 4669; x_wconf 76' lang='grc' dir='ltr'>αὐτοὶ</span> <span class='ocrx_word' id='word_1_680' title='bbox 941 4615 1147 4670; x_wconf 85' lang='grc' dir='ltr'>ἑαυτῶν</span> <span class='ocrx_word' id='word_1_681' title='bbox 1200 4613 1338 4671; x_wconf 77' lang='grc' dir='ltr'>εἶναι</span> <span class='ocrx_word' id='word_1_682' title='bbox 1369 4620 1574 4690; x_wconf 76' lang='grc' dir='ltr'>κριταὶ,</span> <span class='ocrx_word' id='word_1_683' title='bbox 1623 4620 1716 4674; x_wconf 88' lang='grc' dir='ltr'><strong>καί</strong></span> 
     </span>
    </p>
   </div>
   <div class='ocr_carea' id='block_1_93' title="bbox 130 4690 1717 4778">
    <p class='ocr_par' dir='ltr' id='par_1_93' title="bbox 130 4690 1717 4778">
     <span class='ocr_line' id='line_1_93' title="bbox 130 4690 1717 4778; baseline 0.009 -31"><span class='ocrx_word' id='word_1_684' title='bbox 130 4707 270 4742; x_wconf 77' lang='grc' dir='ltr'>ποτε</span> <span class='ocrx_word' id='word_1_685' title='bbox 325 4690 565 4762; x_wconf 68' lang='grc' dir='ltr'>ἀλλήλων</span> <span class='ocrx_word' id='word_1_686' title='bbox 610 4703 908 4774; x_wconf 78' lang='grc' dir='ltr'>ἀπέχεσθαι</span> <span class='ocrx_word' id='word_1_687' title='bbox 963 4707 1027 4758; x_wconf 85' lang='grc' dir='ltr'>ὲκ</span> <span class='ocrx_word' id='word_1_688' title='bbox 1079 4704 1391 4776; x_wconf 84' lang='grc' dir='ltr'>συμφώνου,</span> <span class='ocrx_word' id='word_1_689' title='bbox 1431 4708 1597 4778; x_wconf 77' lang='grc' dir='ltr'>ἤγουν</span> <span class='ocrx_word' id='word_1_690' title='bbox 1651 4710 1717 4762; x_wconf 79' lang='grc' dir='ltr'>ἐκ</span> 
     </span>
    </p>
   </div>
   <div class='ocr_carea' id='block_1_94' title="bbox 128 4779 1713 4868">
    <p class='ocr_par' dir='ltr' id='par_1_94' title="bbox 128 4779 1713 4868">
     <span class='ocr_line' id='line_1_94' title="bbox 128 4779 1713 4868; baseline 0.009 -30"><span class='ocrx_word' id='word_1_691' title='bbox 128 4779 321 4868; x_wconf 15' lang='grc' dir='ltr'>κογινοῧ</span> <span class='ocrx_word' id='word_1_692' title='bbox 353 4779 672 4868; x_wconf 73' lang='grc' dir='ltr'>θελήματος.</span> <span class='ocrx_word' id='word_1_693' title='bbox 707 4792 842 4848; x_wconf 73' lang='grc' dir='ltr'>Οὔτε</span> <span class='ocrx_word' id='word_1_694' title='bbox 874 4795 982 4868; x_wconf 79' lang='grc' dir='ltr'><strong>γὰρ</strong></span> <span class='ocrx_word' id='word_1_695' title='bbox 1015 4797 1043 4850; x_wconf 87' lang='lat'><strong>6</strong></span> <span class='ocrx_word' id='word_1_696' title='bbox 1087 4796 1224 4868; x_wconf 83' lang='grc' dir='ltr'>ἀνὴρ</span> <span class='ocrx_word' id='word_1_697' title='bbox 1274 4798 1574 4864; x_wconf 79' lang='grc' dir='ltr'>ἐξουσιάζει</span> <span class='ocrx_word' id='word_1_698' title='bbox 1618 4799 1713 4852; x_wconf 81' lang='grc' dir='ltr'><strong>τοῦ</strong></span> 
     </span>
    </p>
   </div>
   <div class='ocr_carea' id='block_1_95' title="bbox 131 4867 1715 4957">
    <p class='ocr_par' dir='ltr' id='par_1_95' title="bbox 131 4867 1715 4957">
     <span class='ocr_line' id='line_1_95' title="bbox 131 4867 1715 4957; baseline 0.015 -37"><span class='ocrx_word' id='word_1_699' title='bbox 131 4867 272 4920; x_wconf 76' lang='grc' dir='ltr'>ἰδίου</span> <span class='ocrx_word' id='word_1_700' title='bbox 305 4867 571 4938; x_wconf 82' lang='grc' dir='ltr'>σώματος,</span> <span class='ocrx_word' id='word_1_701' title='bbox 605 4870 728 4926; x_wconf 72' lang='grc' dir='ltr'>οὔτε</span> <span class='ocrx_word' id='word_1_702' title='bbox 771 4877 804 4946; x_wconf 83' lang='grc' dir='ltr'><strong>ἡ</strong></span> <span class='ocrx_word' id='word_1_703' title='bbox 854 4867 1010 4950; x_wconf 65' lang='grc' dir='ltr'>γυνὴ,</span> <span class='ocrx_word' id='word_1_704' title='bbox 1043 4867 1185 4938; x_wconf 85' lang='grc' dir='ltr'><strong>κατά</strong></span> <span class='ocrx_word' id='word_1_705' title='bbox 1210 4886 1302 4940; x_wconf 81' lang='grc' dir='ltr'>τὸν</span> <span class='ocrx_word' id='word_1_706' title='bbox 1338 4888 1510 4957; x_wconf 83' lang='grc' dir='ltr'>μέγαν</span> <span class='ocrx_word' id='word_1_707' title='bbox 1555 4889 1715 4942; x_wconf 82' lang='grc' dir='ltr'>Ἀπό-</span> 
     </span>
    </p>
   </div>
   <div class='ocr_carea' id='block_1_96' title="bbox 130 4960 1719 5053">
    <p class='ocr_par' dir='ltr' id='par_1_96' title="bbox 130 4960 1719 5053">
     <span class='ocr_line' id='line_1_96' title="bbox 130 4960 1719 5053; baseline 0.016 -43"><span class='ocrx_word' id='word_1_708' title='bbox 130 4960 346 5013; x_wconf 84' lang='grc' dir='ltr'>στολον.</span> <span class='ocrx_word' id='word_1_709' title='bbox 377 4961 474 5015; x_wconf 85' lang='grc' dir='ltr'>Διά</span> <span class='ocrx_word' id='word_1_710' title='bbox 505 4961 662 5018; x_wconf 81' lang='grc' dir='ltr'>τοῦτο</span> <span class='ocrx_word' id='word_1_711' title='bbox 712 4961 805 5020; x_wconf 83' lang='grc' dir='ltr'>οὖν</span> <span class='ocrx_word' id='word_1_712' title='bbox 856 4975 1166 5041; x_wconf 87' lang='grc' dir='ltr'>συμφωνεῖν</span> <span class='ocrx_word' id='word_1_713' title='bbox 1196 4975 1454 5048; x_wconf 82' lang='grc' dir='ltr'>ἀλλήλους</span> <span class='ocrx_word' id='word_1_714' title='bbox 1481 4979 1561 5032; x_wconf 88' lang='grc' dir='ltr'><strong>δεῖ</strong></span> <span class='ocrx_word' id='word_1_715' title='bbox 1591 4981 1719 5053; x_wconf 80' lang='grc' dir='ltr'>περὶ</span> 
     </span>
    </p>
   </div>
   <div class='ocr_carea' id='block_1_97' title="bbox 128 5052 1713 5144">
    <p class='ocr_par' dir='ltr' id='par_1_97' title="bbox 128 5052 1713 5144">
     <span class='ocr_line' id='line_1_97' title="bbox 128 5052 1713 5144; baseline 0.014 -40"><span class='ocrx_word' id='word_1_716' title='bbox 128 5052 353 5123; x_wconf 82' lang='grc' dir='ltr'>ἀποχῆς</span> <span class='ocrx_word' id='word_1_717' title='bbox 385 5053 471 5108; x_wconf 82' lang='grc' dir='ltr'>ἵνα</span> <span class='ocrx_word' id='word_1_718' title='bbox 498 5055 797 5126; x_wconf 84' lang='grc' dir='ltr'>σχολάσωσι</span> <span class='ocrx_word' id='word_1_719' title='bbox 829 5063 896 5132; x_wconf 83' lang='grc' dir='ltr'>τῇ</span> <span class='ocrx_word' id='word_1_720' title='bbox 928 5069 1227 5138; x_wconf 77' lang='grc' dir='ltr'>προσευχῇ,</span> <span class='ocrx_word' id='word_1_721' title='bbox 1250 5070 1345 5122; x_wconf 78' lang='grc' dir='ltr'><strong>καὶ</strong></span> <span class='ocrx_word' id='word_1_722' title='bbox 1377 5074 1442 5142; x_wconf 85' lang='grc' dir='ltr'><strong>τῇ</strong></span> <span class='ocrx_word' id='word_1_723' title='bbox 1470 5052 1713 5144; x_wconf 76' lang='grc' dir='ltr'>νηστεία.</span> 
     </span>
    </p>
   </div>
   <div class='ocr_carea' id='block_1_98' title="bbox 129 5145 1718 5240">
    <p class='ocr_par' dir='ltr' id='par_1_98' title="bbox 129 5145 1718 5240">
     <span class='ocr_line' id='line_1_98' title="bbox 129 5145 1718 5240; baseline 0.017 -45"><span class='ocrx_word' id='word_1_724' title='bbox 129 5145 199 5196; x_wconf 77' lang='lat' dir='ltr'><strong>Ei</strong></span> <span class='ocrx_word' id='word_1_725' title='bbox 237 5145 314 5216; x_wconf 80' lang='grc' dir='ltr'>μὴ</span> <span class='ocrx_word' id='word_1_726' title='bbox 347 5145 454 5217; x_wconf 81' lang='grc' dir='ltr'><strong>γὰρ</strong></span> <span class='ocrx_word' id='word_1_727' title='bbox 486 5148 549 5201; x_wconf 83' lang='grc' dir='ltr'>ὲκ</span> <span class='ocrx_word' id='word_1_728' title='bbox 581 5150 868 5221; x_wconf 81' lang='grc' dir='ltr'>συμφώνου</span> <span class='ocrx_word' id='word_1_729' title='bbox 900 5154 1100 5223; x_wconf 89' lang='grc' dir='ltr'>γίνοιτο</span> <span class='ocrx_word' id='word_1_730' title='bbox 1127 5162 1160 5231; x_wconf 83' lang='grc' dir='ltr'><strong>ή</strong></span> <span class='ocrx_word' id='word_1_731' title='bbox 1191 5161 1390 5234; x_wconf 82' lang='grc' dir='ltr'>ἀποχὴ,</span> <span class='ocrx_word' id='word_1_732' title='bbox 1425 5167 1718 5240; x_wconf 86' lang='grc' dir='ltr'>ἀποστερεῖ</span> 
     </span>
    </p>
   </div>
   <div class='ocr_carea' id='block_1_99' title="bbox 128 5236 1715 5330">
    <p class='ocr_par' dir='ltr' id='par_1_99' title="bbox 128 5236 1715 5330">
     <span class='ocr_line' id='line_1_99' title="bbox 128 5236 1715 5330; baseline 0.016 -42"><span class='ocrx_word' id='word_1_733' title='bbox 128 5236 358 5301; x_wconf 78' lang='grc' dir='ltr'>πάντως</span> <span class='ocrx_word' id='word_1_734' title='bbox 394 5239 455 5292; x_wconf 94' lang='lat'><strong>16</strong></span> <span class='ocrx_word' id='word_1_735' title='bbox 501 5239 574 5312; x_wconf 83' lang='grc' dir='ltr'>μὴ</span> <span class='ocrx_word' id='word_1_736' title='bbox 610 5240 930 5314; x_wconf 82' lang='grc' dir='ltr'>βουλόμενον</span> <span class='ocrx_word' id='word_1_737' title='bbox 966 5249 1065 5320; x_wconf 84' lang='grc' dir='ltr'>τὴν</span> <span class='ocrx_word' id='word_1_738' title='bbox 1099 5255 1386 5309; x_wconf 89' lang='grc' dir='ltr'>συνουσίαν</span> <span class='ocrx_word' id='word_1_739' title='bbox 1434 5236 1715 5330; x_wconf 40' lang='grc' dir='ltr'>μέροςξτὸ</span> 
     </span>
    </p>
   </div>
   <div class='ocr_carea' id='block_1_100' title="bbox 125 5329 1714 5421">
    <p class='ocr_par' dir='ltr' id='par_1_100' title="bbox 125 5329 1714 5421">
     <span class='ocr_line' id='line_1_100' title="bbox 125 5329 1714 5421; baseline 0.016 -40"><span class='ocrx_word' id='word_1_740' title='bbox 125 5329 342 5400; x_wconf 82' lang='grc' dir='ltr'>ταύτην</span> <span class='ocrx_word' id='word_1_741' title='bbox 376 5330 685 5405; x_wconf 78' lang='grc' dir='ltr'>ἐπιζητοῦν.</span> <span class='ocrx_word' id='word_1_742' title='bbox 716 5337 826 5391; x_wconf 79' lang='grc' dir='ltr'><strong>Καὶ</strong></span> <span class='ocrx_word' id='word_1_743' title='bbox 853 5339 970 5404; x_wconf 88' lang='grc' dir='ltr'><strong>πῶς</strong></span> <span class='ocrx_word' id='word_1_744' title='bbox 1008 5341 1074 5397; x_wconf 84' lang='grc' dir='ltr'>ἂν</span> <span class='ocrx_word' id='word_1_745' title='bbox 1107 5344 1235 5421; x_wconf 81' lang='grc' dir='ltr'>δόξῃ</span> <span class='ocrx_word' id='word_1_746' title='bbox 1262 5347 1594 5416; x_wconf 80' lang='grc' dir='ltr'>ἑξουσιάζειν</span> <span class='ocrx_word' id='word_1_747' title='bbox 1622 5351 1714 5406; x_wconf 77' lang='grc' dir='ltr'>τοῦ</span> 
     </span>
    </p>
   </div>
   <div class='ocr_carea' id='block_1_101' title="bbox 130 5419 1750 5515">
    <p class='ocr_par' dir='ltr' id='par_1_101' title="bbox 130 5419 1750 5515">
     <span class='ocr_line' id='line_1_101' title="bbox 130 5419 1750 5515; baseline 0.009 -30"><span class='ocrx_word' id='word_1_748' title='bbox 130 5419 392 5492; x_wconf 80' lang='grc' dir='ltr'>σώματος</span> <span class='ocrx_word' id='word_1_749' title='bbox 419 5423 513 5478; x_wconf 73' lang='grc' dir='ltr'>τοῦ</span> <span class='ocrx_word' id='word_1_750' title='bbox 547 5427 620 5498; x_wconf 79' lang='grc' dir='ltr'>μὴ</span> <span class='ocrx_word' id='word_1_751' title='bbox 656 5432 1061 5503; x_wconf 77' lang='grc' dir='ltr'>συγχωροῦντος</span> <span class='ocrx_word' id='word_1_752' title='bbox 1090 5419 1308 5510; x_wconf 80' lang='grc' dir='ltr'>μέρους,</span> <span class='ocrx_word' id='word_1_753' title='bbox 1337 5441 1399 5495; x_wconf 84' lang='lat'><strong>16</strong></span> <span class='ocrx_word' id='word_1_754' title='bbox 1423 5443 1522 5515; x_wconf 82' lang='grc' dir='ltr'>τὴν</span> <span class='ocrx_word' id='word_1_755' title='bbox 1557 5447 1750 5500; x_wconf 54' lang='grc' dir='ltr'>συνάΑ</span> 
     </span>
    </p>
   </div>
   <div class='ocr_carea' id='block_1_102' title="bbox 128 5515 1717 5606">
    <p class='ocr_par' dir='ltr' id='par_1_102' title="bbox 128 5515 1717 5606">
     <span class='ocr_line' id='line_1_102' title="bbox 128 5515 1717 5606; baseline 0.016 -40"><span class='ocrx_word' id='word_1_756' title='bbox 128 5515 525 5606; x_wconf 13' lang='grc' dir='ltr'>φειανῗζητοῦν</span> <span class='ocrx_word' id='word_1_757' title='bbox 555 5521 647 5574; x_wconf 78' lang='grc' dir='ltr'><strong>καὶ</strong></span> <span class='ocrx_word' id='word_1_758' title='bbox 691 5521 765 5592; x_wconf 78' lang='grc' dir='ltr'>μὴ</span> <span class='ocrx_word' id='word_1_759' title='bbox 807 5528 1286 5599; x_wconf 74' lang='grc' dir='ltr'>συγχωρούμενονς</span> <span class='ocrx_word' id='word_1_760' title='bbox 1333 5535 1630 5606; x_wconf 81' lang='grc' dir='ltr'>Συμὸαίνει</span> <span class='ocrx_word' id='word_1_761' title='bbox 1660 5539 1717 5591; x_wconf 82' lang='grc' dir='ltr'>δὲ</span> 
     </span>
    </p>
   </div>
   <div class='ocr_carea' id='block_1_103' title="bbox 130 5605 1715 5698">
    <p class='ocr_par' dir='ltr' id='par_1_103' title="bbox 130 5605 1715 5698">
     <span class='ocr_line' id='line_1_103' title="bbox 130 5605 1715 5698; baseline 0.018 -42"><span class='ocrx_word' id='word_1_762' title='bbox 130 5606 234 5657; x_wconf 75' lang='grc' dir='ltr'><strong>καὶ</strong></span> <span class='ocrx_word' id='word_1_763' title='bbox 277 5605 378 5679; x_wconf 78' lang='grc' dir='ltr'>τὴν</span> <span class='ocrx_word' id='word_1_764' title='bbox 423 5607 648 5682; x_wconf 79' lang='grc' dir='ltr'>θατέρου</span> <span class='ocrx_word' id='word_1_765' title='bbox 692 5614 1037 5687; x_wconf 75' lang='grc' dir='ltr'>ἐγκράτειαν,</span> <span class='ocrx_word' id='word_1_766' title='bbox 1072 5623 1153 5686; x_wconf 84' lang='grc' dir='ltr'><strong>εἰς</strong></span> <span class='ocrx_word' id='word_1_767' title='bbox 1183 5621 1388 5698; x_wconf 77' lang='grc' dir='ltr'>βλάϐην</span> <span class='ocrx_word' id='word_1_768' title='bbox 1417 5605 1553 5692; x_wconf 65' lang='grc' dir='ltr'>ἴσως</span> <span class='ocrx_word' id='word_1_769' title='bbox 1579 5629 1715 5683; x_wconf 88' lang='grc' dir='ltr'>ἀπο-</span> 
     </span>
    </p>
   </div>
   <div class='ocr_carea' id='block_1_104' title="bbox 1823 4608 3393 4690">
    <p class='ocr_par' dir='ltr' id='par_1_104' title="bbox 1823 4608 3393 4690">
     <span class='ocr_line' id='line_1_104' title="bbox 1823 4608 3393 4690; baseline 0.008 -29"><span class='ocrx_word' id='word_1_770' title='bbox 1823 4608 2005 4675; x_wconf 89' lang='lat' dir='ltr'><strong>bcant,</strong></span> <span class='ocrx_word' id='word_1_771' title='bbox 2024 4613 2324 4681; x_wconf 89' lang='lat' dir='ltr'><strong>respondit,</strong></span> <span class='ocrx_word' id='word_1_772' title='bbox 2340 4625 2590 4683; x_wconf 89' lang='lat' dir='ltr'><strong>oportere</strong></span> <span class='ocrx_word' id='word_1_773' title='bbox 2610 4617 2878 4687; x_wconf 90' lang='lat' dir='ltr'><strong>ipsosmet</strong></span> <span class='ocrx_word' id='word_1_774' title='bbox 2906 4620 2990 4674; x_wconf 88' lang='lat' dir='ltr'><strong>sui</strong></span> <span class='ocrx_word' id='word_1_775' title='bbox 3017 4635 3136 4675; x_wconf 87' lang='lat' dir='ltr'><strong>esse</strong></span> <span class='ocrx_word' id='word_1_776' title='bbox 3158 4621 3393 4690; x_wconf 87' lang='lat' dir='ltr'><strong>judices,</strong></span> 
     </span>
    </p>
   </div>
   <div class='ocr_carea' id='block_1_105' title="bbox 1821 4703 3396 4778">
    <p class='ocr_par' dir='ltr' id='par_1_105' title="bbox 1821 4703 3396 4778">
     <span class='ocr_line' id='line_1_105' title="bbox 1821 4703 3396 4778; baseline 0.008 -23"><span class='ocrx_word' id='word_1_777' title='bbox 1821 4709 1875 4756; x_wconf 91' lang='lat' dir='ltr'><strong>ct</strong></span> <span class='ocrx_word' id='word_1_778' title='bbox 1913 4703 2208 4772; x_wconf 90' lang='lat' dir='ltr'><strong>aliquando</strong></span> <span class='ocrx_word' id='word_1_779' title='bbox 2249 4705 2523 4762; x_wconf 89' lang='lat' dir='ltr'><strong>abstinere</strong></span> <span class='ocrx_word' id='word_1_780' title='bbox 2565 4708 2830 4775; x_wconf 88' lang='lat' dir='ltr'><strong>invicem,</strong></span> <span class='ocrx_word' id='word_1_781' title='bbox 2870 4727 2934 4766; x_wconf 81' lang='lat' dir='ltr'><strong>ex</strong></span> <span class='ocrx_word' id='word_1_782' title='bbox 2966 4728 3258 4778; x_wconf 86' lang='lat' dir='ltr'><strong>consensu,</strong></span> <span class='ocrx_word' id='word_1_783' title='bbox 3291 4714 3396 4769; x_wconf 93' lang='lat' dir='ltr'><strong>hoc</strong></span> 
     </span>
    </p>
   </div>
   <div class='ocr_carea' id='block_1_106' title="bbox 1821 4797 3395 4874">
    <p class='ocr_par' dir='ltr' id='par_1_106' title="bbox 1821 4797 3395 4874">
     <span class='ocr_line' id='line_1_106' title="bbox 1821 4797 3395 4874; baseline 0.008 -26"><span class='ocrx_word' id='word_1_784' title='bbox 1821 4802 1904 4849; x_wconf 87' lang='lat' dir='ltr'><strong>est</strong></span> <span class='ocrx_word' id='word_1_785' title='bbox 1932 4797 2207 4850; x_wconf 89' lang='lat' dir='ltr'><strong>communi</strong></span> <span class='ocrx_word' id='word_1_786' title='bbox 2251 4798 2540 4868; x_wconf 85' lang='lat' dir='ltr'><strong>utriusque</strong></span> <span class='ocrx_word' id='word_1_787' title='bbox 2566 4801 2871 4858; x_wconf 87' lang='lat' dir='ltr'><strong>voluntate.</strong></span> <span class='ocrx_word' id='word_1_788' title='bbox 2918 4803 3103 4874; x_wconf 88' lang='lat' dir='ltr'><strong>Neque</strong></span> <span class='ocrx_word' id='word_1_789' title='bbox 3134 4807 3279 4860; x_wconf 89' lang='lat' dir='ltr'><strong>enim</strong></span> <span class='ocrx_word' id='word_1_790' title='bbox 3311 4807 3395 4860; x_wconf 90' lang='lat' dir='ltr'><strong>vir</strong></span> 
     </span>
    </p>
   </div>
   <div class='ocr_carea' id='block_1_107' title="bbox 1823 4890 3394 4967">
    <p class='ocr_par' dir='ltr' id='par_1_107' title="bbox 1823 4890 3394 4967">
     <span class='ocr_line' id='line_1_107' title="bbox 1823 4890 3394 4967; baseline 0.007 -26"><span class='ocrx_word' id='word_1_791' title='bbox 1823 4897 2142 4957; x_wconf 86' lang='lat' dir='ltr'><strong>potestatem</strong></span> <span class='ocrx_word' id='word_1_792' title='bbox 2190 4890 2352 4944; x_wconf 86' lang='lat' dir='ltr'><strong>habet</strong></span> <span class='ocrx_word' id='word_1_793' title='bbox 2405 4892 2488 4945; x_wconf 91' lang='lat' dir='ltr'><strong>sui</strong></span> <span class='ocrx_word' id='word_1_794' title='bbox 2544 4895 2810 4962; x_wconf 86' lang='lat' dir='ltr'><strong>corporis,</strong></span> <span class='ocrx_word' id='word_1_795' title='bbox 2863 4912 3038 4967; x_wconf 90' lang='lat' dir='ltr'><strong>neque</strong></span> <span class='ocrx_word' id='word_1_796' title='bbox 3086 4899 3301 4964; x_wconf 79' lang='lat' dir='ltr'><strong>mulier,</strong></span> <span class='ocrx_word' id='word_1_797' title='bbox 3333 4905 3394 4954; x_wconf 84' lang='lat' dir='ltr'><strong>ut</strong></span> 
     </span>
    </p>
   </div>
   <div class='ocr_carea' id='block_1_108' title="bbox 1824 4980 3396 5058">
    <p class='ocr_par' dir='ltr' id='par_1_108' title="bbox 1824 4980 3396 5058">
     <span class='ocr_line' id='line_1_108' title="bbox 1824 4980 3396 5058; baseline 0.008 -26"><span class='ocrx_word' id='word_1_798' title='bbox 1824 4995 2056 5050; x_wconf 74' lang='lat' dir='ltr'><strong>magnus</strong></span> <span class='ocrx_word' id='word_1_799' title='bbox 2084 4980 2379 5051; x_wconf 87' lang='lat' dir='ltr'><strong>Apostolus</strong></span> <span class='ocrx_word' id='word_1_800' title='bbox 2415 4983 2508 5037; x_wconf 88' lang='lat' dir='ltr'><strong>ait.</strong></span> <span class='ocrx_word' id='word_1_801' title='bbox 2547 4983 2780 5040; x_wconf 87' lang='lat' dir='ltr'><strong>Proinde</strong></span> <span class='ocrx_word' id='word_1_802' title='bbox 2819 5003 2949 5058; x_wconf 80' lang='lat' dir='ltr'><strong>ergo</strong></span> <span class='ocrx_word' id='word_1_803' title='bbox 2982 4990 3274 5047; x_wconf 84' lang='lat' dir='ltr'><strong>convenire</strong></span> <span class='ocrx_word' id='word_1_804' title='bbox 3311 4991 3396 5045; x_wconf 92' lang='lat' dir='ltr'><strong>in-</strong></span> 
     </span>
    </p>
   </div>
   <div class='ocr_carea' id='block_1_109' title="bbox 1823 5074 3392 5151">
    <p class='ocr_par' dir='ltr' id='par_1_109' title="bbox 1823 5074 3392 5151">
     <span class='ocr_line' id='line_1_109' title="bbox 1823 5074 3392 5151; baseline 0.008 -24"><span class='ocrx_word' id='word_1_805' title='bbox 1823 5080 1905 5127; x_wconf 87' lang='lat' dir='ltr'><strong>ter</strong></span> <span class='ocrx_word' id='word_1_806' title='bbox 1931 5089 1990 5128; x_wconf 91' lang='lat' dir='ltr'><strong>se</strong></span> <span class='ocrx_word' id='word_1_807' title='bbox 2021 5074 2248 5128; x_wconf 88' lang='lat' dir='ltr'><strong>invicem</strong></span> <span class='ocrx_word' id='word_1_808' title='bbox 2277 5085 2490 5144; x_wconf 82' lang='lat' dir='ltr'><strong>Oportet</strong></span> <span class='ocrx_word' id='word_1_809' title='bbox 2518 5077 2583 5132; x_wconf 92' lang='lat' dir='ltr'><strong>de</strong></span> <span class='ocrx_word' id='word_1_810' title='bbox 2609 5078 2956 5143; x_wconf 88' lang='lat' dir='ltr'><strong>abstinentia,</strong></span> <span class='ocrx_word' id='word_1_811' title='bbox 2989 5090 3051 5135; x_wconf 91' lang='lat' dir='ltr'><strong>ut</strong></span> <span class='ocrx_word' id='word_1_812' title='bbox 3092 5084 3392 5151; x_wconf 88' lang='lat' dir='ltr'><strong>precationi</strong></span> 
     </span>
    </p>
   </div>
   <div class='ocr_carea' id='block_1_110' title="bbox 1825 5166 3394 5237">
    <p class='ocr_par' dir='ltr' id='par_1_110' title="bbox 1825 5166 3394 5237">
     <span class='ocr_line' id='line_1_110' title="bbox 1825 5166 3394 5237; baseline 0.008 -17"><span class='ocrx_word' id='word_1_813' title='bbox 1825 5181 1888 5221; x_wconf 84' lang='lat' dir='ltr'><strong>ac</strong></span> <span class='ocrx_word' id='word_1_814' title='bbox 1923 5166 2132 5237; x_wconf 88' lang='lat' dir='ltr'><strong>jejunio</strong></span> <span class='ocrx_word' id='word_1_815' title='bbox 2155 5177 2362 5222; x_wconf 89' lang='lat' dir='ltr'><strong>vacent.</strong></span> <span class='ocrx_word' id='word_1_816' title='bbox 2397 5167 2605 5224; x_wconf 84' lang='lat' dir='ltr'><strong>Etenim</strong></span> <span class='ocrx_word' id='word_1_817' title='bbox 2647 5171 2692 5225; x_wconf 90' lang='lat' dir='ltr'><strong>si</strong></span> <span class='ocrx_word' id='word_1_818' title='bbox 2727 5187 2832 5226; x_wconf 89' lang='lat' dir='ltr'><strong>non</strong></span> <span class='ocrx_word' id='word_1_819' title='bbox 2869 5188 2935 5228; x_wconf 81' lang='lat' dir='ltr'><strong>ex</strong></span> <span class='ocrx_word' id='word_1_820' title='bbox 2964 5189 3236 5231; x_wconf 90' lang='lat' dir='ltr'><strong>consensu</strong></span> <span class='ocrx_word' id='word_1_821' title='bbox 3266 5178 3394 5233; x_wconf 89' lang='lat' dir='ltr'><strong>abs-</strong></span> 
     </span>
    </p>
   </div>
   <div class='ocr_carea' id='block_1_111' title="bbox 1819 5257 3393 5341">
    <p class='ocr_par' dir='ltr' id='par_1_111' title="bbox 1819 5257 3393 5341">
     <span class='ocr_line' id='line_1_111' title="bbox 1819 5257 3393 5341; baseline 0.01 -29"><span class='ocrx_word' id='word_1_822' title='bbox 1819 5258 2048 5325; x_wconf 90' lang='lat' dir='ltr'><strong>tineant,</strong></span> <span class='ocrx_word' id='word_1_823' title='bbox 2102 5257 2377 5314; x_wconf 85' lang='lat' dir='ltr'><strong>fraudabit</strong></span> <span class='ocrx_word' id='word_1_824' title='bbox 2439 5261 2596 5331; x_wconf 90' lang='lat' dir='ltr'><strong>plane</strong></span> <span class='ocrx_word' id='word_1_825' title='bbox 2630 5278 2696 5318; x_wconf 89' lang='lat' dir='ltr'><strong>ea</strong></span> <span class='ocrx_word' id='word_1_826' title='bbox 2730 5279 2855 5334; x_wconf 89' lang='lat' dir='ltr'><strong>pars</strong></span> <span class='ocrx_word' id='word_1_827' title='bbox 2885 5283 3007 5337; x_wconf 70' lang='lat' dir='ltr'><strong>quae</strong></span> <span class='ocrx_word' id='word_1_828' title='bbox 3039 5284 3393 5341; x_wconf 77' lang='lat' dir='ltr'><strong>congressum</strong></span> 
     </span>
    </p>
   </div>
   <div class='ocr_carea' id='block_1_112' title="bbox 1819 5351 3390 5433">
    <p class='ocr_par' dir='ltr' id='par_1_112' title="bbox 1819 5351 3390 5433">
     <span class='ocr_line' id='line_1_112' title="bbox 1819 5351 3390 5433; baseline 0.008 -28"><span class='ocrx_word' id='word_1_829' title='bbox 1819 5351 2019 5418; x_wconf 87' lang='lat' dir='ltr'><strong>renuit,</strong></span> <span class='ocrx_word' id='word_1_830' title='bbox 2054 5351 2277 5406; x_wconf 87' lang='lat' dir='ltr'><strong>alteram</strong></span> <span class='ocrx_word' id='word_1_831' title='bbox 2318 5369 2442 5424; x_wconf 74' lang='lat' dir='ltr'><strong>quae</strong></span> <span class='ocrx_word' id='word_1_832' title='bbox 2480 5355 2624 5412; x_wconf 93' lang='lat' dir='ltr'><strong>hunc</strong></span> <span class='ocrx_word' id='word_1_833' title='bbox 2661 5359 2924 5428; x_wconf 84' lang='lat' dir='ltr'><strong>deposcit.</strong></span> <span class='ocrx_word' id='word_1_834' title='bbox 2960 5361 3122 5433; x_wconf 85' lang='lat' dir='ltr'><strong>Atqui</strong></span> <span class='ocrx_word' id='word_1_835' title='bbox 3153 5379 3390 5433; x_wconf 81' lang='lat' dir='ltr'><strong>quonam</strong></span> 
     </span>
    </p>
   </div>
   <div class='ocr_carea' id='block_1_113' title="bbox 1819 5445 3392 5526">
    <p class='ocr_par' dir='ltr' id='par_1_113' title="bbox 1819 5445 3392 5526">
     <span class='ocr_line' id='line_1_113' title="bbox 1819 5445 3392 5526; baseline 0.006 -26"><span class='ocrx_word' id='word_1_836' title='bbox 1819 5447 1981 5502; x_wconf 91' lang='lat' dir='ltr'><strong>modo</strong></span> <span class='ocrx_word' id='word_1_837' title='bbox 2041 5445 2194 5502; x_wconf 86' lang='lat' dir='ltr'><strong>dicas</strong></span> <span class='ocrx_word' id='word_1_838' title='bbox 2251 5455 2572 5516; x_wconf 88' lang='lat' dir='ltr'><strong>potestatem</strong></span> <span class='ocrx_word' id='word_1_839' title='bbox 2635 5450 2833 5507; x_wconf 89' lang='lat' dir='ltr'><strong>habere</strong></span> <span class='ocrx_word' id='word_1_840' title='bbox 2899 5453 2951 5508; x_wconf 92' lang='lat' dir='ltr'><strong>in</strong></span> <span class='ocrx_word' id='word_1_841' title='bbox 3013 5469 3212 5526; x_wconf 90' lang='lat' dir='ltr'><strong>corpus</strong></span> <span class='ocrx_word' id='word_1_842' title='bbox 3273 5455 3392 5525; x_wconf 82' lang='lat' dir='ltr'><strong>ejus</strong></span> 
     </span>
    </p>
   </div>
   <div class='ocr_carea' id='block_1_114' title="bbox 1818 5539 3394 5617">
    <p class='ocr_par' dir='ltr' id='par_1_114' title="bbox 1818 5539 3394 5617">
     <span class='ocr_line' id='line_1_114' title="bbox 1818 5539 3394 5617; baseline 0.007 -25"><span class='ocrx_word' id='word_1_843' title='bbox 1818 5539 1988 5607; x_wconf 84' lang='lat' dir='ltr'><strong>partis</strong></span> <span class='ocrx_word' id='word_1_844' title='bbox 2014 5554 2137 5609; x_wconf 60' lang='lat' dir='ltr'><strong>quae</strong></span> <span class='ocrx_word' id='word_1_845' title='bbox 2170 5553 2522 5611; x_wconf 83' lang='lat' dir='ltr'><strong>congressum</strong></span> <span class='ocrx_word' id='word_1_846' title='bbox 2573 5542 2785 5611; x_wconf 88' lang='lat' dir='ltr'><strong>abnuit,</strong></span> <span class='ocrx_word' id='word_1_847' title='bbox 2823 5546 3046 5600; x_wconf 85' lang='lat' dir='ltr'><strong>alteram</strong></span> <span class='ocrx_word' id='word_1_848' title='bbox 3101 5548 3188 5602; x_wconf 91' lang='lat' dir='ltr'><strong>cui</strong></span> <span class='ocrx_word' id='word_1_849' title='bbox 3227 5549 3394 5617; x_wconf 83' lang='lat' dir='ltr'><strong>depo—</strong></span> 
     </span>
    </p>
   </div>
   <div class='ocr_carea' id='block_1_115' title="bbox 1790 5630 3391 5711">
    <p class='ocr_par' dir='ltr' id='par_1_115' title="bbox 1790 5630 3391 5711">
     <span class='ocr_line' id='line_1_115' title="bbox 1790 5630 3391 5711; baseline 0.007 -27"><span class='ocrx_word' id='word_1_850' title='bbox 1790 5631 1992 5691; x_wconf 63' lang='lat' dir='ltr'><strong>scenti</strong></span> <span class='ocrx_word' id='word_1_851' title='bbox 2049 5630 2140 5684; x_wconf 89' lang='lat' dir='ltr'><strong>ille</strong></span> <span class='ocrx_word' id='word_1_852' title='bbox 2189 5631 2613 5704; x_wconf 88' lang='lat' dir='ltr'><strong>haudquaquam</strong></span> <span class='ocrx_word' id='word_1_853' title='bbox 2680 5637 3054 5706; x_wconf 86' lang='lat' dir='ltr'><strong>permittitur?</strong></span> <span class='ocrx_word' id='word_1_854' title='bbox 3112 5639 3391 5711; x_wconf 77' lang='lat' dir='ltr'><strong>Contingit</strong></span> 
     </span>
    </p>
   </div>
   <div class='ocr_carea' id='block_1_116' title="bbox 211 5791 1721 5896">
    <p class='ocr_par' dir='ltr' id='par_1_116' title="bbox 211 5791 1666 5886">
     <span class='ocr_line' id='line_1_116' title="bbox 211 5791 1666 5886; baseline 0.022 -42"><span class='ocrx_word' id='word_1_855' title='bbox 211 5792 258 5827; x_wconf 77' lang='lat'><strong>&quot;</strong></span> <span class='ocrx_word' id='word_1_856' title='bbox 285 5791 307 5846; x_wconf 83' lang='grc' dir='ltr'>ῐ</span> <span class='ocrx_word' id='word_1_857' title='bbox 336 5793 460 5852; x_wconf 89' lang='lat' dir='ltr'><strong>Cor.</strong></span> <span class='ocrx_word' id='word_1_858' title='bbox 497 5813 593 5870; x_wconf 88' lang='lat' dir='ltr'><strong>vn,</strong></span> <span class='ocrx_word' id='word_1_859' title='bbox 628 5800 682 5857; x_wconf 86' lang='lat'><strong>5.</strong></span> <span class='ocrx_word' id='word_1_860' title='bbox 759 5804 802 5837; x_wconf 82' lang='grc'>³⁷</span> <span class='ocrx_word' id='word_1_861' title='bbox 839 5803 971 5863; x_wconf 80' lang='lat' dir='ltr'><strong>Ibid.</strong></span> <span class='ocrx_word' id='word_1_862' title='bbox 1001 5808 1056 5864; x_wconf 77' lang='grc'><strong>4.</strong></span> <span class='ocrx_word' id='word_1_863' title='bbox 1135 5812 1180 5845; x_wconf 80' lang='grc'><strong>⁸⁸</strong></span> <span class='ocrx_word' id='word_1_864' title='bbox 1216 5811 1238 5870; x_wconf 86' lang='lat' dir='ltr'><strong>l</strong></span> <span class='ocrx_word' id='word_1_865' title='bbox 1269 5812 1464 5873; x_wconf 85' lang='lat' dir='ltr'><strong>Thess.</strong></span> <span class='ocrx_word' id='word_1_866' title='bbox 1494 5833 1545 5886; x_wconf 92' lang='lat' dir='ltr'><strong>v,</strong></span> <span class='ocrx_word' id='word_1_867' title='bbox 1579 5818 1666 5876; x_wconf 82' lang='grc'>17.</span> 
     </span>
    </p>
   </div>
   <div class='ocr_carea' id='block_1_117' title="bbox 1825 5791 2886 5896">
    <p class='ocr_par' dir='ltr' id='par_1_117' title="bbox 1826 5819 2886 5896">
     <span class='ocr_line' id='line_1_117' title="bbox 1826 5819 2886 5896; baseline 0.008 -22"><span class='ocrx_word' id='word_1_868' title='bbox 1826 5819 1997 5877; x_wconf 79' lang='lat' dir='ltr'><strong>Exod.</strong></span> <span class='ocrx_word' id='word_1_869' title='bbox 2036 5838 2148 5890; x_wconf 68' lang='grc' dir='ltr'>χιχ,</span> <span class='ocrx_word' id='word_1_870' title='bbox 2178 5822 2262 5880; x_wconf 77' lang='grc'><strong>15.</strong></span> <span class='ocrx_word' id='word_1_871' title='bbox 2341 5820 2388 5855; x_wconf 72' lang='grc'>⁸⁸</span> <span class='ocrx_word' id='word_1_872' title='bbox 2419 5823 2555 5882; x_wconf 82' lang='lat' dir='ltr'><strong>Joel.</strong></span> <span class='ocrx_word' id='word_1_873' title='bbox 2584 5844 2641 5895; x_wconf 93' lang='lat' dir='ltr'><strong>n,</strong></span> <span class='ocrx_word' id='word_1_874' title='bbox 2676 5827 2764 5896; x_wconf 78' lang='grc'>15,</span> <span class='ocrx_word' id='word_1_875' title='bbox 2802 5826 2886 5883; x_wconf 85' lang='grc'>16.</span> 
     </span>
    </p>
   </div>
  </div>
