3888 6496
166 399 304 457 ηερ

887 390 899 404 ’
951 387 1280 446 EPISTOLA
1319 387 1668 446 CANONICA
1706 390 1798 446 AD
1836 385 2199 444 BASILIDEM
2242 387 2652 447 EPISCOPUM.

3262 386 3392 438 129C

160 518 307 569 κεῖον
341 514 574 578 συνειδὸς
599 513 789 586 κριτὴν
817 511 1086 583 ἐχέτωσαν
1111 530 1123 541 ·
1158 512 1299 566 ὥστε
1333 512 1381 564 εἰ
1418 509 1516 582 μὲν
1547 511 1619 582 μή
1652 527 1724 564 τι-

1831 507 2066 578 iudicem
2117 509 2352 564 habeant
2412 509 2688 580 propriam
2743 507 3172 565 conscientiam:
3238 514 3298 558 ιιι
3352 500 3398 561 si

158 623 250 669 νος
281 603 582 675 ὲμπαθείας
615 603 1100 676 προῦποκειμένης,
1123 603 1319 673 συνέϐη
1342 603 1524 666 αὐτοῖς
1546 602 1720 668 τοῦτο,

155 697 476 769 αὐτομάτως
525 697 623 768 τῆς
664 696 875 766 φύσεως
923 697 1250 768 ὲκκρινάσης
1287 695 1362 760 ὡς
1409 695 1724 767 περίττωμα

153 788 256 860 τὴν
305 789 521 860 ὲκροὴν,
555 789 652 840 οὐκ
702 788 1180 859 ὲμποδισθήσονται
1223 786 1332 840 τῶν
1371 787 1724 856 ἁγιασμάτων

158 880 500 950 μεταλαϐεῖν.
538 881 599 932 Εἰ
631 880 687 932 δέ
717 898 828 932 τισι
861 879 1205 950 προϋπῆρξεν
1246 879 1303 946 ἐξ
1332 879 1606 950 cumcos;
1638 881 1725 933 λο-

152 969 354 1040 γισμοῦ
387 969 671 1041 ἐπιθυμία,
697 973 788 1024 καὶ
813 970 985 1044 ταύτῃ
1017 971 1446 1042 ἐπηκολούθησεν
1479 971 1663 1042 ὲκροὴ,
1689 971 1721 1043 ἢ

155 1061 212 1128 ἐξ
243 1063 509 1134 ἀκρασίας
533 1063 833 1135 βρωμάτων
869 1065 964 1118 καὶ⁵
997 1067 1205 1128 πόσεως
1240 1065 1432 1136 συνέϐη
1476 1066 1653 1130 τοῦτο,
1675 1068 1724 1120 οἱ

155 1153 385 1208 τοιοῦτοι
405 1157 505 1208 οὐκ
527 1156 632 1208 εἰσὶ
650 1157 875 1228 καθαροί
898 1173 910 1186 ο
942 1157 1002 1210 οὐ
1031 1156 1117 1209 διὰ
1139 1156 1236 1227 τὴν
1261 1156 1414 1228 ρὖιν
1438 1157 1529 1211 τοῦ
1558 1159 1725 1231 σπέρ-

155 1264 326 1317 ματος
360 1246 456 1317 (οὐ
490 1247 598 1318 γὰρ
625 1248 930 1320 ἀκάθαρτον
975 1247 1152 1313 τοῦτο,
1185 1249 1307 1301 ἐπεὶ
1351 1249 1483 1320 μηδὲ
1516 1249 1548 1319 ἡ
1590 1248 1724 1320 σὰρξ

149 1338 214 1404 ἐξ
235 1332 306 1409 ἧς
333 1339 847 1411 ἐκεῖνο-περίττωμα
868 1342 908 1409 ),
943 1340 1078 1394 ἀλλά
1107 1341 1193 1394 διὰ
1221 1340 1283 1393 τὸ
1313 1341 1543 1412 πονηρὸν
1572 1339 1724 1394 ἐνθύ-

152 1448 282 1498 μιον
310 1432 444 1505 ὅπερ
472 1433 692 1502 ἐμόλυνε
717 1434 813 1504 τὴν
837 1433 1091 1488 διάνοιαν.
1110 1435 1167 1486 Ὀ
1196 1433 1324 1502 γοῦν
1353 1433 1608 1498 τοιοῦτος,
1625 1434 1724 1486 οὐκ

145 1523 544 1596 εὐσυνείδητος,
581 1526 870 1580 κάντεῦθεν
899 1527 1004 1579 οὐδ’
1037 1520 1502 1599 εὐπαρῤήσίαστος
1543 1529 1621 1590 είς
1664 1527 1724 1580 τὸ

146 1614 471 1686 προσελθεῖν
493 1616 570 1688 τῷ
589 1617 725 1688 Θεῷ.
745 1619 965 1688 Ἐπάγει.
988 1619 1042 1672 δὲ
1068 1620 1160 1672 καὶ
1188 1620 1286 1689 τὴν
1316 1619 1509 1693 χρῆσιν
1538 1622 1602 1673 ὲκ
1628 1621 1722 1674 τοῦ

149 1707 396 1775 μεγάλου
431 1709 642 1762 Παύλου
675 1710 981 1782 γράψαντος
1024 1711 1149 1781 περὶ
1190 1710 1298 1763 τῶν
1335 1713 1720 1777 εἰδωλοθύτων,

139 1801 234 1853 ὅτι
269 1804 303 1854 d
333 1800 793 1872 διακρινόμενος,
824 1804 933 1857 ἐὰν
953 1802 1132 1874 φάγῃ,
1165 1803 1590 1873 κατακέκριται.
1618 1807 1724 1858 Πε-

1831 602 1978 656 nulla
2004 601 2345 672 prtecedente
2378 603 2545 657 animi
2579 601 2984 673 perturbatione
3012 601 3114 656 hoc
3138 599 3218 656 eis
3249 601 3398 654 aeci-
3424 585 3443 603 “

1829 692 2002 758 derit,
2037 702 2232 748 natura
2265 707 2363 749 sua
2397 704 2587 763 sponte
2624 693 2764 748 hanc
2798 691 3092 746 ﬂuxionem
3134 699 3393 760 tanquam

1827 794 2233 841 excrementum
2289 796 2651 845 excernente.
2712 800 2820 840 non
2867 783 3226 853 impcdientur
3275 798 3397 837 esse

1830 889 2292 934 sacramentorum
2349 879 2662 949 participes.
2716 874 2773 930 Si
2829 876 3028 945 quibus
3093 887 3270 929 autem
3326 888 3392 928 ex

1832 971 2062 1026 rationis
2109 973 2516 1042 perturbatione
2556 971 2874 1040 prtecxstitit
2915 969 3202 1038 cupiditas,
3252 984 3389 1023 eam-

1830 1078 1937 1132 que
1970 1064 2188 1118 cﬂluxio
2217 1072 2509 1119 consecuta
2541 1063 2633 1128 sit,
2661 1063 2743 1116 vel
2768 1079 2834 1116 ex
2863 1062 3107 1117 ciborum
3128 1072 3394 1133 potusque

1831 1155 2246 1224 intemperantia
2279 1158 2380 1212 hoc
2418 1155 2679 1220 evenerit,
2733 1155 2768 1208 ii
2798 1155 2916 1224 puri
2947 1171 3056 1209 non
3089 1165 3250 1221 sunt;
3285 1170 3392 1210 non

1835 1257 2054 1316 propter
2085 1247 2288 1303 ﬂuxum
2323 1249 2546 1305 seminis
2577 1250 2705 1319 (non
2737 1256 2818 1303 est
2849 1248 2992 1302 enim
3025 1247 3126 1303 hoc
3159 1248 3394 1301 immun~

1829 1338 1981 1404 dum,
2012 1340 2150 1395 sicut
2189 1357 2288 1396 nec
2314 1357 2474 1405 caro,
2507 1342 2664 1410 cujus
2706 1350 2790 1395 est
2815 1341 3265 1406 excrementum),
3299 1341 3392 1394 sed

1829 1441 2048 1500 praptcr
2077 1432 2273 1486 malam
2317 1434 2720 1504 cogitationem,
2745 1450 2868 1502 qua:
2904 1442 3135 1487 mentem
3177 1433 3388 1502 polluit.

1829 1523 1931 1587 Qui
1982 1523 2147 1593 igitur
2194 1533 2277 1580 est
2315 1525 2605 1594 ejusmodi,
2652 1542 2758 1579 non
2802 1526 2963 1580 habet
3012 1526 3206 1579 bonam
3256 1540 3392 1579 cou-

1830 1614 2139 1678 scientiam,
2190 1624 2244 1669 et
2281 1631 2388 1671 non
2428 1615 2590 1669 habet.
2635 1615 2755 1669 ideo
2782 1623 3098 1683 potestatem
3130 1613 3196 1666 ad
3223 1611 3387 1666 Deum

1829 1707 2141 1762 accedendi.
2197 1707 2487 1778 Subjungit
2533 1718 2713 1763 autem
2767 1716 2820 1760 et
2868 1722 2933 1760 ex
2984 1721 3182 1776 magno
3222 1705 3391 1758 Paulo

1831 1802 2176 1866 sententiam,
2221 1801 2316 1874 qui
2367 1802 2582 1871 scripsit
2628 1802 2694 1856 de
2740 1800 3070 1870 idolothytis,
3115 1799 3260 1869 quod
3305 1800 3396 1868 qui
3432 1841 3442 1855 .

148 1891 210 1960 ρὶ
235 1889 294 1942 δὲ
327 1892 423 1962 τῆς
446 1891 537 1944 τοῦ
571 1892 884 1965 σπέρματος
909 1894 1167 1967 ῥεύσεως,
1201 1894 1352 1965 ζήτει
1382 1895 1472 1948 καὶ
1503 1895 1597 1948 τοῦ
1636 1913 1724 1966 με·

1831 1891 2068 1954 dubitat.
2115 1892 2160 1946 si
2205 1893 2525 1958 comederit,
2566 1893 2940 1946 condemnatus
2985 1901 3082 1945 est.
3128 1890 3203 1945 De
3246 1890 3393 1944 ﬂuxu

141 1982 320 2050 γάλου
365 1983 677 2038 Ἀθανασίου
731 1986 1015 2057 ἐπιστολὴν
1069 1987 1206 2057 πρὶς
1257 1988 1494 2058 Ἀμμοῦν
1554 1988 1720 2060 μονά-

143 2073 337 2136 ζοντα.

220 2167 463 2220 ΖΩΝΑΡ.
505 2168 614 2222 Καὶ
638 2168 809 2223 ταῦτα
846 2169 982 2241 πρὸς
1014 2168 1280 2241 ἐρώτησιν
1307 2171 1336 2222 ὁ
1369 2171 1556 2244 Πατὴρ
1589 2171 1723 2225 ἀπο-

140 2257 758 2332 κρίνεται.Ἐρωτηθεὶς
788 2259 896 2332 γὰρ
921 2263 969 2315 εἰ
993 2261 1073 2315 δεῖ
1100 2263 1225 2326 τοὺς
1265 2263 1322 2315 ὲν
1365 2262 1516 2334 ῥύσει
1559 2264 1723 2334 στιέρ⁹

143 2365 325 2418 ματος
349 2350 670 2421 γενομένους
685 2353 1077 2426 ἀπροαιρέτως,
1095 2343 1201 2408 τῧν
1215 2355 1565 2426 ἀγιασμάτων
1594 2373 1720 2426 μετ-

137 2441 318 2512 έχειν,
349 2442 451 2516 ἔφη
483 2444 586 2507 ὅτι,
616 2447 678 2498 Οἱ
708 2446 864 2500 τοῦτο
897 2446 1178 2512 παθόντες,
1235 2447 1312 2519 τῷ
1337 2449 1522 2518 οἰκείῳ
1551 2465 1723 2501 συνει-

137 2533 258 2588 δότι
293 2536 854 2593 κατακολουθείτωσαν
883 2556 894 2568 ·
930 2540 1095 2611 ἤγουν
1138 2541 1199 2594 τὸ
1241 2540 1474 2605 συνειδὸς
1526 2541 1722 2612 ἐχέτω-

139 2644 251 2682 σαν
302 2627 396 2682 τοῦ
451 2631 768 2702 πράγματος
800 2632 1079 2704 δικαστὴν,
1108 2635 1206 2706 τὴν
1238 2634 1442 2689 οἰκείαν
1482 2635 1721 2707 δηλονότι

135 2721 573 2776 διὰνοιαν.’Ὡστε
606 2725 653 2776 εἰ
687 2725 759 2795 μή
796 2742 939 2789 τινος
981 2726 1281 2797 ἐμπαθείας
1322 2728 1722 2800 προϋποκειμέ-

137 2831 247 2886 νης
277 2815 618 2886 συμϐέϐηκεν
649 2818 967 2887 αὐτομάτως
1009 2821 1042 2890 ἡ
1085 2820 1182 2890 τῆς
1213 2820 1376 2890 γονῆς
1405 2820 1590 2893 ὲκροὴ,
1623 2819 1721 2892 τῆς

138 2899 362 2966 φύσεως
383 2901 549 2972 αὐτὴν
581 2903 656 2967 ὼς
690 2905 1007 2976 περίττωμα
1039 2908 1367 2980 ἐκκρινάσης
1389 2927 1401 2939 ·
1424 2910 1456 2981 ἢ
1481 2913 1527 2964 εί
1554 2911 1627 2982 μὴ
1657 2911 1722 2964 ἐκ

138 2991 433 3062 παροινίας
457 2995 549 3046 καὶ
579 2993 638 3058 ἐξ
665 2996 999 3066 ἀδδηφαγίας
1020 3000 1254 3068 ἐγένετο,
1276 3002 1373 3054 οὐκ
1396 3002 1723 3075 ἐμποδισθή-

139 3096 299 3133 σεται
341 3084 368 3135 ὁ
402 3083 554 3136 τοῦτο
585 3084 771 3139 παθὼν
802 3087 877 3158 τῷ
902 3089 1040 3158 ἁγίῳ
1076 3092 1392 3164 προσελθεῖν
1426 3093 1720 3168 θυσιαστηο

137 3170 248 3244 ρίῳ
269 3189 284 3202 θ
340 3175 386 3226 εί
439 3174 494 3228 δέ
544 3193 626 3240 τις
659 3179 1008 3251 προῡπῆρξεν
1037 3183 1286 3254 ἐμπαθὴς
1316 3184 1591 3256 λογισμὸς,
1627 3185 1722 3240 καὶ

135 3256 304 3327 οὗτος
355 3266 804 3341 ἐμφιλοχωρήσας
847 3274 911 3342 τῇ
953 3271 1159 3345 διανοίᾳ
1204 3275 1389 3339 αὑτοῦ,
1427 3279 1726 3346 φαντασίαν

131 3355 421 3428 ἐπήνεγκε
442 3363 779 3434 νυκτερινὴν,
798 3365 890 3418 καὶ
920 3364 1088 3438 ταύτῃ
1113 3367 1601 3442 ἐπηκολούθησενὴ
1629 3373 1727 3444 τῆς

133 3448 312 3518 γονῆς
345 3450 529 3523 ἐκροὴ,
566 3454 658 3506 καὶ
683 3452 742 3518 ἐξ
773 3455 1041 3526 ἀκρασίας
1075 3456 1375 3529 βρωμάτων
1405 3461 1497 3514 καὶ
1519 3461 1727 3525 πόσεως

137 3539 346 3610 συνέϐη
368 3557 380 3569 ·
417 3543 445 3592 ὁ
477 3542 714 3608 τοιοῦτος
742 3545 802 3596 οὐ
837 3545 1075 3614 καθαρός
1109 3549 1276 3612 ἐστιν,
1311 3550 1369 3602 οὑ
1402 3550 1489 3603 διὰ
1515 3551 1612 3622 τὴν
1641 3551 1728 3623 p5-

138 3647 230 3683 σιν
284 3631 380 3685 τοῦ
432 3636 744 3706 σπέρματος
791 3639 890 3708 (οὐ
924 3640 1031 3710 γάρ
1062 3640 1367 3712 ἀκάθαρτον
1395 3642 1570 3707 τοῦτο,
1604 3644 1727 3696 ἐπεὶ

141 3728 248 3796 μὲν
283 3727 406 3781 οὐδὲ
439 3732 470 3800 ή
498 3730 633 3803 σὰρξ
663 3729 729 3806 ἧς
762 3733 936 3786 ἐκεῖνο
972 3735 1350 3806 περίττωμα),
1386 3737 1520 3791 ἀλλὰ
1547 3737 1634 3791 διὰ
1665 3739 1728 3792 τὸ

133 3821 386 3891 πονηρὸν
419 3823 688 3895 ἐνθύμιον,
716 3827 850 3898 ὅπερ
883 3825 1107 3896 ἐμόλυνε
1126 3828 1223 3898 τὴν
1237 3828 1493 3883 διάνοιαν.
1512 3830 1567 3882 '0
1599 3831 1727 3899 γοῦν

131 3911 388 3978 τοιοῦτος
416 3915 515 3968 οὑκ
553 3918 942 3990 εὐσυνείδητος,
979 3920 1270 3975 κάντεῦθεν
1307 3921 1412 3976 οὐδ’
1446 3923 1727 3996 εὐπαρρη-

141 4005 367 4070 σῦτστος
398 4007 485 4062 διὰ
515 4009 576 4061 τὸ
611 4009 740 4063 ἴδιον
769 4011 1036 4082 ἐνθύμιον.
1073 4012 1196 4076 Πῶς
1235 4009 1327 4066 οὖν
1372 4016 1728 4086 προσελεύσε-

141 4107 236 4143 ται
263 4097 343 4159 τῷ
367 4097 486 4169 ⁶θεῷ
518 4099 951 4173 διακρινόμενοςς
990 4105 1211 4170 Ἐπάγει
1237 4105 1291 4159 δὲ
1325 4106 1417 4159 καὶ
1447 4109 1640 4179 χρῆσιν
1665 4111 1730 4163 ἐκ

140 4181 243 4235 τοῦ
294 4181 530 4252 μεγάλου
561 4193 774 4248 Παύλου
812 4196 1119 4265 γράψαντος
1151 4200 1277 4268 περὶ
1307 4198 1416 4251 τῶν
1453 4200 1730 4255 εἰδωλοθύ-

141 4291 281 4334 των,
309 4273 393 4324 ὅτι
441 4272 882 4344 διακρινόμενος
927 4289 1034 4341 ἐὰν
1075 4288 1258 4360 φάγῃ,
1293 4291 1726 4362 κατακέκριται.

140 4365 289 4436 Περὶ
338 4364 396 4418 δὲ
444 4365 544 4437 τῆς
587 4367 678 4421 τοῦ
730 4371 1037 4444 σπέρματος
1068 4379 1302 4447 peccem;
1340 4384 1433 4436 καὶ
1476 4387 1504 4438 6
1557 4386 1730 4457 μέγας

154 4457 482 4550 ξΛθανάσιος
533 4459 782 4528 πλατέως
821 4463 1054 4536 ἔγραψεν
1106 4471 1241 4543 πρὸς
1285 4475 1526 4547 Ἀμμοῢν
1567 4480 1730 4550 μονά-

138 4549 328 4617 ζοντα.

435 5921 684 5980 Ps'rnox.
740 5923 855 5982 Gn.
887 5924 964 5984 Χ.

1828 1991 2010 2036 autem
2061 1982 2328 2049 seminis,
2379 1998 2562 2052 qurere
2615 1983 2796 2052 magni
2847 1997 3066 2052 quoque
3110 1982 3394 2038 Athanasii

1828 2071 2114 2143 epistolam
2151 2073 2218 2128 ad
2248 2073 2501 2128 Ammum
2535 2076 2885 2128 monachum.
3377 2064 3382 2070 ’

1903 2166 2107 2221 ΖΟΝΛΒ.
2148 2166 2248 2221 llic
2280 2182 2500 2237 quoque
2528 2166 2825 2238 przeposita:
2871 2165 3278 2237 interrogationi
3312 2185 3397 2223 rc-

1831 2259 2061 2329 spondet
2090 2257 2268 2313 Pater.
2318 2258 2559 2329 Rogatus
2592 2273 2827 2326 namque
2860 2273 2927 2311 an
2963 2259 3122 2314 liceat
3167 2261 3235 2315 iis
3275 2263 3398 2331 qui-

1830 2350 1934 2406 bus
1979 2351 2203 2406 seminis
2256 2352 2435 2406 ﬂuxus
2484 2366 2591 2405 non
2640 2359 2832 2419 sponte
2877 2353 3176 2422 contingit,
3227 2357 3397 2411 sacris

1829 2443 2234 2500 communicare
2263 2441 2569 2513 mysteriis,
2617 2442 2895 2511 respondit
2940 2459 2954 2496 :
2997 2444 3100 2510 Qui
3151 2445 3253 2501 hoc
3302 2463 3398 2516 pa-

1829 2535 2070 2600 tiuntttr,
2129 2534 2404 2604 propriam
2455 2542 2755 2603 sequantur
2807 2536 3224 2603 conscientiam,
3293 2539 3398 2593 hoc

1828 2636 1932 2691 cst,
1981 2625 2109 2681 facti
2158 2627 2397 2696 judiccm
2450 2635 2691 2681 statuant
2745 2629 3173 2693 conscientiam,
3234 2647 3393 2684 suum

1828 2720 2076 2775 videlicet
2128 2719 2370 2774 animum
2433 2734 2497 2774 ac
2557 2728 2830 2785 mentem;
2886 2723 2958 2776 ita
2998 2732 3058 2777 ut
3102 2724 3146 2776 si
3180 2725 3395 2793 quidem

1828 2813 1977 2869 nulla
2023 2810 2311 2866 aﬂ‘ectione
2349 2813 2758 2882 prmgrcdiente,
2793 2814 2934 2867 ultro
2968 2815 3192 2868 seminis
3219 2815 3397 2870 ﬂuxus

1828 2905 2032 2968 evenit,
2080 2905 2246 2958 veluti
2297 2905 2632 2974 superﬂuum
2679 2907 2809 2976 quid
2861 2907 3036 2975 ipsum
3077 2921 3401 2963 cxcerneutc

1829 3008 2024 3052 natura
2054 3039 2069 3060 ,
2128 3011 2307 3066 neque
2342 2997 2415 3050 illi
2453 3014 2669 3051 causam
2700 3000 2990 3054 vinolentia
3029 3002 3106 3054 vel
3139 3002 3400 3070 gulositas

1828 3088 2082 3161 praebuit,
2111 3090 2176 3142 ad
2207 3097 2456 3142 sanetum
2495 3090 2664 3143 altare
2713 3091 2968 3144 accedere
2995 3093 3086 3160 qui
3121 3093 3168 3144 id
3202 3108 3399 3161 passus

1830 3190 1933 3245 est,
1969 3180 2392 3250 haudquaquam
2436 3179 2740 3245 vetabitur;
2793 3179 2838 3233 si
2884 3195 3013 3233 vero
3048 3180 3263 3234 mollior
3298 3181 3399 3234 ali-

1754 3247 1796 3304 δ
1831 3287 1939 3342 qua
1979 3247 2592 3342 COgitatioiprtecessit,
2634 3285 2807 3340 caque
2850 3271 3015 3324 menti
3051 3271 3256 3325 diutius
3303 3271 3402 3325 ob-

1829 3373 2044 3420 versata
2096 3373 2419 3419 nocturnam
2470 3363 2704 3434 specicm
2753 3364 2986 3430 induxit,
3019 3381 3182 3436 quam
3212 3375 3399 3436 postea

1827 3463 2056 3519 seminis
2097 3461 2277 3516 ﬂuxus
2319 3469 2404 3514 est
2437 3470 2786 3527 consecutus,
2836 3469 2998 3530 atque
3049 3477 3117 3516 ex
3169 3461 3404 3516 inconti-

1828 3557 2012 3611 nentia
2063 3555 2310 3611 ciborum
2354 3564 2406 3609 et
2438 3555 2670 3626 potionis
2720 3555 2917 3622 evenit,
2962 3557 3102 3611 haud
3147 3557 3401 3626 estejus-

1828 3648 1972 3702 modi
2009 3649 2172 3703 homo
2210 3664 2381 3718 purus
2407 3691 2421 3715 ,
2461 3663 2567 3702 non
2617 3649 2686 3703 ob
2716 3648 2988 3703 deﬂuxum
3031 3650 3253 3706 seminis
3289 3653 3404 3722 (ne-

1828 3755 1934 3809 que
1959 3739 2104 3792 enim
2135 3739 2239 3794 hoc
2268 3740 2563 3809 impurum,
2591 3740 3029 3809 quandoquidem
3057 3757 3158 3796 nec
3191 3742 3402 3811 impura

1830 3848 1979 3897 caro,
2013 3833 2170 3902 cujus
2200 3832 2300 3887 boc
2323 3833 2774 3899 excrementum),
2805 3833 2896 3886 sed
2921 3832 2990 3885 ob
3017 3832 3400 3902 cogitationem

1830 3939 2075 3993 pravam,
2119 3939 2238 3992 qua:
2282 3923 2524 3978 animum
2577 3924 2901 3992 inquinavit.
2959 3922 3076 3977 Non
3110 3934 3194 3977 est
3222 3925 3404 3992 itaque

1831 4015 1921 4070 hic
1970 4015 2174 4069 nullius
2230 4015 2332 4068 sibi
2381 4015 2637 4068 conscius
2688 4015 2860 4078 labis,
2913 4015 3250 4084 proindeque
3305 4032 3404 4069 nec

1829 4106 1985 4176 plena
2045 4107 2122 4160 illi
2170 4107 2386 4172 ﬁducia,
2439 4108 2511 4161 ob
2543 4123 2694 4161 suam
2743 4108 3114 4177 cupiditatem.
3162 4107 3276 4173 Qua
3315 4123 3405 4160 ra-

1831 4200 1978 4253 tione
2018 4199 2181 4270 igitur
2211 4197 2320 4252 Dco
2355 4199 2810 4270 apprOpinquabit
2845 4199 3139 4254 dubitans?
3171 4197 3402 4268 Subjicit

1833 4308 2052 4363 quoque
2107 4293 2288 4363 magni
2344 4291 2500 4347 Pauli
2554 4294 2918 4358 sententiam,
2966 4291 3034 4347 de
3091 4291 3402 4363 idolothytis

1831 4385 2141 4447 scribentis,
2179 4385 2321 4454 quod
2359 4387 2407 4438 si
2435 4386 2683 4440 dubitans
2723 4385 2980 4451 comedat,
3027 4387 3402 4438 condemnatus

1829 4487 1928 4531 est.
1979 4477 2148 4532 Porro
2193 4479 2259 4532 de
2303 4479 2527 4533 seminis
2580 4477 2847 4544 ﬂuxiouc,
2902 4492 3133 4548 magnus
3183 4489 3406 4545 quoque

1831 4569 2163 4625 Athanasius
2211 4571 2397 4625 multis
2445 4571 2624 4626 verbis
2664 4570 2730 4624 ad
2763 4571 3020 4626 Ammum
3072 4565 3404 4622 monachum

1829 4663 2066 4732 scripsit.

3073 5903 3173 5964 ’ῑιι
