3888 6480
456 423 457 426 η
486 338 611 393 19.9!

1466 347 1522 402 S.
1563 347 1858 404 DIONYSH
1891 349 2200 406 EPISCOPI
2237 351 2706 410 ALEXANDRIN!

3585 336 3730 386 11::

487 583 3694 627 ψ

1501 786 2712 999 DIONYSII

948 1143 1808 1302 EPISCOPI
1933 1144 2704 1303 ALEXAN
2709 1151 3168 1304 DRIN
3175 1151 3243 1302 Ι

1803 1413 1968 1481 QUAS
2009 1413 2437 1472 SUPERSUNT'

1000 1597 1641 1726 OPEBUM
1755 1598 1954 1722 ET
2070 1591 3190 1801 EPISTOLARUM

1814 1983 2164 2123 PARS
2270 2011 2373 2122 II

1045 2235 1115 2295 In
1179 2251 1306 2313 qua
1365 2234 1775 2296 continentur
1808 2231 2112 2310 Epistola
2141 2233 2276 2294 sive
2310 2231 2728 2308 epistolarum
2766 2231 3140 2311 fragmenta.

1329 2547 1662 2604 EPISTOLA
1698 2549 1734 2603 Ι.
1766 2580 1835 2588 -
1874 2550 1964 2603 ΛΟ
2001 2547 2336 2614 DOMITIUM
2371 2547 2457 2601 ET
2495 2545 2826 2603 DIDYMUM.

1709 2710 2072 2774 (Euseb.,Hist.
2097 2711 2235 2773 εδει,
2272 2725 2354 2772 vn,
2384 2713 2481 2776 11.)

533 3023 574 3078 l.
613 3021 842 3079 Nostros
870 3037 998 3078 vero
1031 3020 1342 3094 (martyres)
1376 3019 1712 3089 superﬂuum
1745 3027 1829 3074 est
1855 3017 2032 3073 nomi-

2203 3016 2280 3068 A'.
2313 3013 2449 3077 Τοὺς
2478 3009 2867 3084 δὲιὴμετέρους
2900 3007 3125 3072 πολλούς
3152 3025 3210 3061 τε
3239 3006 3406 3072 ὄντας
3432 3008 3532 3064 καὶ
3552 3007 3721 3078 ἀγιιὺ-

462 3117 632 3173 natim
663 3130 968 3180 recensere,
1002 3129 1125 3170 cum
1156 3121 1209 3168 et
1230 3111 1447 3181 plurimi
1475 3111 1584 3165 sint
1614 3120 1666 3164 et
1694 3109 1849 3164 vobis
1873 3109 2029 3179 igno-

460 3213 521 3266 ti.
561 3207 618 3266 ld
653 3217 864 3266 tantum
893 3210 947 3264 in
979 3207 1296 3263 universum
1334 3205 1474 3259 scire
1505 3218 1601 3258 vos
1629 3201 1915 3266 convenit,
1944 3202 2027 3256 vi-

459 3317 549 3357 ros
577 3310 631 3357 et
657 3301 912 3356 mulieres
931 3343 946 3367 ,
972 3300 1198 3370 juvenes
1227 3313 1292 3353 ac
1331 3312 1486 3353 senes
1506 3335 1520 3359 ,
1552 3296 1759 3366 puellas
1781 3304 1834 3350 et
1865 3311 2022 3358 anus,

370 3385 378 3401 ’
460 3394 661 3450 milites
689 3408 752 3448 ac
785 3408 1056 3465 paganos,
1082 3408 1149 3445 ex
1179 3389 1325 3445 omni
1353 3388 1585 3458 denique
1618 3387 1899 3441 hominum
1931 3401 2026 3456 ge—

457 3502 587 3541 nere
619 3494 782 3556 atque
813 3495 990 3548 aetate,
1022 3485 1159 3538 alios
1186 3482 1474 3552 ﬂagrorum
1502 3480 1820 3534 verberibus
1842 3520 1855 3536 .
1889 3479 2025 3532 alios

456 3577 585 3632 ferri
631 3577 748 3632 acie
768 3617 783 3640 ,
819 3576 953 3630 alios
987 3574 1202 3644 ignibus
1234 3573 1287 3625 in
1321 3570 1616 3626 certamine
1647 3567 1916 3638 superatis
1939 3581 2027 3622 co-

457 3683 625 3724 ronas
659 3669 930 3724 retulisse.
986 3665 1272 3720 Nonnullis
1318 3678 1448 3717 vero
1476 3661 1857 3732 longissimum
1890 3669 2026 3713 tem-

453 3761 602 3831 poris
637 3760 870 3830 spatium
907 3773 1014 3812 non
1048 3757 1181 3810 satis
1217 3755 1316 3808 fuit
1349 3754 1414 3808 ad
1448 3754 1584 3817 hoc,
1638 3760 1697 3806 ut
1724 3750 1831 3805 Deo
1867 3765 2022 3805 acce-

451 3853 679 3924 ptabiles
708 3852 1018 3906 viderentur
1054 3868 1067 3903 :
1104 3847 1263 3904 sicuti
1294 3862 1393 3901 nec
1421 3845 1554 3900 mihi
1587 3846 1640 3897 in
1676 3845 1820 3897 hunc
1852 3857 2024 3912 usque

452 3947 617 4001 diem.
683 3944 904 4001 Scilicet
937 3945 991 3997 in
1024 3941 1171 3997 aliud
1200 3950 1562 4011 opportunum
1597 3946 1842 4005 tempus,
1877 3935 2024 4006 quod

449 4039 551 4107 ipsi
578 4038 750 4108 probe
787 4037 1071 4109 cognitum
1103 4043 1220 4100 est,
1271 4048 1358 4088 me
1387 4031 1598 4088 distulit
1631 4029 1895 4084 Dominus
1928 4029 2022 4098 qui

449 4127 581 4182 dicit
628 4147 641 4182 :
679 4125 743 4180 In
776 4137 1008 4196 tempore
1031 4134 1240 4195 accepto
1269 4124 1516 4179 exaudiui
1547 4134 1615 4189 te,
1655 4133 1708 4177 et
1740 4124 1792 4176 in
1826 4123 1913 4175 die
1935 4138 2023 4175 sa-

451 4215 579 4269 lutis
615 4217 906 4286 opitulalus
938 4233 1053 4268 sum
1085 4217 1178 4268 tibi
1212 4217 1275 4267 ".

519 4307 582 4362 ll.
633 4308 709 4364 De
733 4311 898 4365 rebus
929 4319 1108 4364 autem
1144 4310 1346 4365 nostris
1377 4308 1816 4380 quandoquidem
1840 4306 2022 4364 scisci-

2133 3125 2230 3172 τας
2251 3107 2399 3178 ὑμῖν,
2437 3103 2693 3176 περισσὸν
2729 3102 2986 3172 ὀνομαστὶ
3011 3101 3371 3171 καταλέγειν·
3422 3102 3567 3172 πλὴν
3613 3103 3717 3156 ἴστε

2129 3201 2211 3253 ὃτι
2245 3198 2434 3269 ἄνδρες
2468 3195 2562 3250 καὶ
2589 3196 2842 3264 γυναῖκες
2868 3235 2882 3259 ,
2910 3193 3005 3247 καὶ
3042 3193 3148 3246 νέοι
3174 3195 3272 3246 καὶ
3303 3193 3569 3266 γέροντες
3587 3235 3605 3259 ,
3631 3197 3718 3245 xci.

2133 3291 2291 3362 κόραι
2327 3288 2420 3342 καὶ
2451 3285 2801 3360 πρεσϐύτιδες
2823 3323 2838 3348 ,
2873 3285 2967 3338 καὶ
2995 3285 3322 3354 στρατιῶται
3356 3285 3455 3338 καὶ
3489 3285 3716 3344 ἰδιῶται,

2133 3385 2226 3438 καὶ
2261 3385 2367 3437 πᾶν
2393 3381 2548 3450 γένος
2574 3379 2666 3433 καὶ
2695 3379 2847 3430 πᾶσα
2871 3375 3055 3447 ἡλικία
3073 3416 3088 3441 ,
3117 3378 3166 3430 οἱ
3195 3377 3294 3448 μὲν
3318 3377 3409 3430 διὰ
3437 3376 3716 3447 μαστίγων

2132 3477 2224 3529 καὶ
2255 3475 2422 3547 πυρὸς
2449 3514 2480 3544 ,ε
2511 3475 2559 3527 οἱ
2591 3474 2647 3527 δὲ
2673 3475 2760 3530 διὰ
2790 3477 3006 3549 σιδήρου
3049 3475 3139 3528 τὸν
3174 3472 3361 3541 ἀγῶνα
3392 3472 3716 3541 νικήσαντες

2130 3567 2253 3631 τοὺς
2297 3566 2591 3636 στεφάνους
2639 3567 3001 3639 ἀπειλήφασιο
3052 3569 3161 3629 τοῖς
3209 3565 3266 3617 δὲ
3315 3563 3376 3616 οὐ
3421 3562 3714 3632 πάμπολυς

2130 3663 2410 3734 αὐτάρκης
2439 3659 2616 3731 ἀπέϐη
2649 3661 2858 3732 χρόνος,
2900 3665 2976 3727 εἰς
3014 3661 3074 3714 τὸ
3111 3660 3342 3728 φανῆναι
3374 3657 3609 3717 δεκτοὺς
3648 3651 3715 3720 τῷ

2129 3756 2319 3828 Κυρίῳ
2343 3772 2356 3784 '
2387 3754 2574 3826 ὥσπερ
2597 3751 2689 3808 οὖν
2717 3756 2858 3809 ἔοικε
2892 3755 3025 3826 μηδὲ
3052 3754 3175 3824 ἐμοὶ
3203 3752 3231 3804 ὃ
3265 3751 3429 3822 μέχρι
3453 3747 3578 3801 νῦν.
3606 3745 3715 3798 Διό·

2129 3865 2236 3918 περ
2269 3849 2344 3910 εἰς
2375 3848 2434 3901 ὃν
2471 3844 2608 3901 οἶδεν
2639 3849 2799 3912 αὐτὸς
2833 3847 3134 3917 ἐπιτήδειον
3181 3844 3373 3916 καιρὸν
3419 3834 3714 3910 ὑπερέθιτό

2133 3957 2220 4010 με,
2247 3943 2275 3992 ὁ
2300 3939 2472 4008 λέγων
2494 3957 2506 3969 ·
2545 3941 2738 4008 Καιρῷ
2779 3939 2966 4004 δεκτῷ
2992 3936 3314 4007 ἐπήκουσά
3340 3949 3482 3998 σου,
3515 3932 3622 3985 καὶ
3648 3930 3714 3982 ἐν

2129 4033 2313 4103 ἡμέρᾳ
2346 4035 2644 4102 σωτηρίας
2671 4032 2972 4102 ἐϐοήθησά
3004 4048 3121 4086 σοι.

2199 4309 2271 4361 B'.
2309 4309 2392 4362 Τὰ
2436 4309 2545 4382 γὰρ
2587 4309 2710 4362 καθ’
2755 4309 2900 4374 ἡμᾶς
2945 4296 3130 4368 ἐπειδὴ
3179 4295 3518 4351 πυνθάνεσθε
3567 4295 3702 4366 (65),

447 4399 672 4462 tamini,
707 4415 770 4454 ac
813 4401 1073 4455 certiores
1105 4399 1221 4454 ﬁeri
1263 4399 1425 4454 vultis
1467 4415 1577 4469 quo
1610 4401 1664 4453 in
1712 4409 1855 4454 statu
1891 4415 2020 4469 aga-

2128 4405 2218 4458 καὶ
2255 4402 2505 4474 βούλεσθε
2538 4398 2839 4472 δηλωθῆναι
2867 4395 2992 4464 ὑμῖν
3036 4392 3181 4453 ὅπως
3219 4389 3503 4461 διάγομεν,
3536 4390 3704 4461 ἡκού-

448 4505 606 4565 inus;
660 4491 945 4547 audivistis
997 4492 1216 4562 quidem
1266 4493 1525 4556 omnino,
1562 4506 1671 4560 quo
1700 4501 1859 4559 pacto
1893 4507 2017 4546 cum

445 4600 546 4656 ego
579 4593 633 4640 et
663 4583 831 4642 Caius
864 4595 917 4641 et
944 4584 1176 4640 Faustus
1209 4600 1333 4640 eum
1376 4585 1536 4640 Petro
1567 4596 1620 4640 et
1650 4584 1821 4640 Paulo
1852 4587 2015 4642 vincti

515 4718 561 4748 “
602 4717 705 4774 lsa.
737 4733 887 4784 xux,
909 4719 962 4771 8.

513 4832 623 4904 (65)
679 4833 832 4886 Ἐπεὶ
883 4832 1307 4904 πυνθάνεσθαι,
1354 4832 1536 4888 Codex
1567 4835 1740 4899 Med.,
1795 4834 1929 4888 Fuk.
1963 4844 2016 4889 et

442 4901 582 4955 Mam
607 4901 815 4975 habent
840 4903 1025 4974 ἐπειδὴ
1059 4922 1116 4958 π.
1155 4905 1248 4957 καὶ⁸
1283 4903 1588 4973 βούλεσθαι,
1615 4916 1668 4960 et
1701 4907 1872 4975 paulo
1893 4909 2014 4974 post

437 4973 823 5054 ἁγιαζομένους
856 4989 952 5042 pro
979 4973 1320 5054 ἀγομένους..
1337 4975 1534 5054 V’aLes.

514 5040 774 5115 (66)]ίαὶ
808 5040 1175 5114 στρατηγῶν.
1217 5044 1357 5100 Male
1394 5047 1715 5115 interpretes
1763 5047 1864 5102 hoc
1892 5047 2012 5102 loco

436 5110 598 5185 duces
644 5110 981 5185 interpretati
1021 5110 1185 5182 sunt;
1212 5117 1368 5185 quod
1411 5126 1495 5171 est
1527 5110 2010 5172 absurdissimum.

435 5182 552 5238 Cur
579 5182 724 5255 e_nim
765 5185 1012 5252 pluribus
1044 5202 1182 5255 opus
1212 5182 1330 5241 erat
1361 5186 1590 5241 ducibus
1627 5187 1695 5240 ad
1743 5187 2015 5242 deducen-

434 5255 570 5309 dum
600 5253 914 5325 Dionysium
949 5256 1002 5325 in
1031 5253 1291 5310 .eisilium
1314 5297 1328 5321 ,
1356 5271 1479 5310 cum
1509 5272 1651 5312 unus
1675 5265 1884 5310 tantum
1913 5257 2012 5312 ad-

440 5333 588 5380 esset
628 5324 912 5379 centurio?
958 5324 1102 5382 Vidit
1144 5327 1285 5380 hanc
1326 5326 1715 5382 absurditatem
1759 5327 2011 5383 Christo-

439 5395 773 5469 phorsonus,
786 5409 960 5469 eaque
983 5397 1050 5450 de
1067 5413 1235 5452 causa
1251 5412 1348 5465 pro
1367 5398 1688 5469 στρατηγῶν
1703 5400 2014 5469 emendavit

441 5465 778 5538 στρατηγοῦ,
808 5475 878 5538 _et
914 5466 1096 5538 durem
1132 5465 1517 5535 interpretatus
1561 5465 1665 5523 est.
1702 5467 1808 5522 Sed
1834 5485 2012 5538 neque

441 5534 547 5615 nuc
582 5534 743 5615 mede
774 5534 1366 5615 absurditatern_vitare
1397 5539 1602 5615 potuit.
1635 5538 1821 5615 Neque
1863 5534 2010 5615 enim

439 5605 551 5659 dux
601 5605 717 5674 ipse
767 5621 888 5660 reos
935 5607 989 5659 in
1028 5609 1279 5662 exsilium
1312 5605 1581 5664 deducere
1625 5605 1854 5665 solebat.
1905 5609 2010 5664 Sed

440 5675 1017 5749 hujusmodigollieium
1053 5679 1410 5733 mandabatnr
1443 5682 1750 5735 centurioni
1775 5690 1869 5735 aut
1898 5683 2010 5749 spi-

439 5747 692 5823 culatori.
751 5745 911 5823 Aliud
969 5749 1132 5818 igitur
1178 5751 1449 5820 signiﬁcat
1499 5767 1604 5823 vox
1649 5745 2001 5823 στρατηγῶν,

441 5832 632 5887 nempe
663 5817 980 5873 duumviros
996 5817 1097 5874 seu
1131 5817 1479 5892 magistratus
1516 5817 1887 5876 Alexandrini
1927 5825 2004 5875 ei-

2128 4514 2252 4550 σατε
2297 4495 2395 4566 μὲν
2441 4493 2694 4555 πάντως,
2736 4492 2883 4551 ὅπως
2923 4485 3071 4556 ἡμᾶς
3101 4482 3386 4552 δεσμώτας
3419 4481 3705 4552 ἀπαγομὲο

2124 4606 2246 4651 νους
2275 4587 2378 4640 ὑπὸ
2409 4583 2806 4655 ἑκατοντάρχου
2842 4579 2938 4634 καὶ
2969 4575 3291 4649 στρατηγῶν
3327 4574 3441 4648 (66)
3477 4575 3578 4628 καὶ
3605 4575 3706 4628 τῶν

2121 4838 2322 4892 vitatis.
2353 4837 2524 4892 Graeci
2549 4836 2692 4891 enim
2727 4835 2798 4888 ita
2829 4831 3113 4892 vocabant,
3147 4837 3206 4883 ut
3235 4829 3491 4898 pluribus
3514 4844 3700 4883 exem-

2159 4909 2224 4962 lis
2285 4908 2511 4977 probavi
2564 4908 2630 4960 ad
2692 4907 2890 4959 librum
2936 4917 3079 4977 _xx_xr
3131 4902 3314 4954 Amm.
3357 4899 3698 4977 __Marceilini.

2160 4924 2224 4962 IIS
2285 4924 2511 4977 pronavr
2564 4924 2630 4960 au
2692 4924 2890 4959 norum
2951 4924 3079 4955 xxxn
3131 4924 3314 4954 mum.
3377 4924 3698 4954 marcum".

2121 4924 2294 5032 Borro
2323 4978 2377 5032 hi
2407 4978 2761 5048 magistratus
2783 4989 2904 5048 cum
2935 4973 3219 5048 baberent
3245 4971 3522 5025 modicam
3550 4985 3703 5022 coer-

2121 5049 2376 5103 citionem
2398 5087 2414 5111 ,
2441 5041 2823 5116 ut‘loquuntur
2843 5041 3220 5116 jurisconsplti
3244 5081 3260 5104 ,
3289 5057 3419 5096 reos
3452 5055 3702 5116 compre-

2121 5119 2358 5172 hendere
2383 5157 2396 5182 ,
2426 5112 2631 5171 carceri
2664 5112 2993 5184 mancipare,
3025 5122 3078 5167 et
3105 5112 3469 5184 interrogare,
3499 5114 3696 5184 etAeta

2119 5181 2388 5244 conﬁcere
2415 5189 2682 5254 solebant,
2712 5181 2958 5240 Romano
2979 5181 3193 5254 praesidi
3229 5181 3506 5254 judicium
3534 5181 3604 5234 de
3637 5182 3696 5232 iis

2121 5267 2483 5322 reservantes,
2517 5266 2576 5310 ut
2601 5258 2810 5310 discere
2835 5264 2919 5309 est
2951 5271 3014 5309 ex
3045 5253 3274 5307 Actibus
3295 5253 3694 5320 apostolorum,

2119 5337 2174 5382 et
2204 5343 2266 5381 ex
2307 5327 2457 5382 Actis
2488 5327 2662 5381 Pionii
2698 5326 2950 5397 martyris
2977 5334 3033 5397 et
3061 5323 3312 5397 aliorum.
3343 5322 3555 5397 _Qua_re
3585 5336 3693 5397 nun

2121 5398 2322 5451 mirum
2357 5407 2468 5464 est,
2498 5398 2544 5452 si
2579 5393 2928 5468 magistratus
2959 5394 3311 5468 Alexandriae
3343 5393 3451 5468 hoc
3487 5394 3693 5468 in_lo_cu

2119 5484 2338 5538 operam
2367 5463 2522 5522 suam
2553 5463 2902 5538 cominodant
2936 5465 3129 5538 rectori
3160 5463 3482 5533 pI‘OViﬂCiie.
3509 5464 3686 5538 3115“?

2118 5533 2426 5592 ducendum
2478 5538 2794 5608 Dionysium
2842 5537 2897 5591 in
2933 5536 3230 5608 exsilium:
3280 5549 3447 5603 quem
3495 5533 3690 5587 scilicd

2119 5610 2220 5678 ipsi
2247 5605 2803 5678 comprehenderant,
2848 5616 2902 5661 et
2929 5608 2997 5678 ini
3022 5605 3289 5674 judicium
3332 5617 3523 5657 coram
3557 5616 3686 5668 prae-

2119 5677 2260 5734 fecto
2308 5677 2524 5750 {Egypti
2571 5679 2927 5750 adduxerant.
2975 5677 3079 5730 Sed
3130 5683 3190 5750 et_
3225 5689 3351 5750 qua;
3387 5681 3685 5750 sequuntur

2114 5752 2298 5810 verba,
2323 5739 2546 5804 καῖἑῶν
2571 5751 2666 5802 σὺν
2683 5749 2862 5810 αὐτοῖς
2891 5739 3354 5819 στρατιωτῷγ“καὶ
3379 5739 3684 5819 ὑπηρετῶν.

2114 5808 2437 5876 sententiam
2493 5830 2732 5875 nostram
2777 5808 3115 5872 contirinant.
3171 5808 3303 5864 Nam
3355 5808 3680 5878 στρατιῶται
