3888 6500
219 385 240 435 1
256 386 361 440 295

1209 393 1425 450 EPIST.
1469 395 1561 450 AD
1597 395 1935 454 DOMITIUM
1975 397 2064 453 ET
2105 396 2442 452 DIDYMUM.

3344 395 3362 446 i
3381 395 3482 448 '2‘.“

216 506 318 554 σὺν
357 503 538 567 αὐτοῖς
576 508 920 576 στρατιωτῶν
972 511 1065 563 καὶ
1118 513 1424 584 ὑπηρετῶν,
1468 515 1567 584 ἐμέ
1602 533 1662 567 τε
1709 534 1766 568 κο

1877 567 1879 574 λ
1907 514 2234 569 duceremur
2261 529 2288 566 a
2318 512 2635 567 centurione
2660 522 2712 566 et
2736 511 3167 581 magistratibus,
3190 511 3484 567 militibus-

211 594 398 658 Γαῖον,
425 597 687 663 Φαῦστον,
724 603 816 654 καὶ
845 603 1049 674 Πέτρον
1076 607 1170 658 καὶ
1213 606 1442 670 Παῦλον,
1483 607 1798 672 ἐπελθόντες

209 688 360 752 τινὲς
389 690 496 742 τῶν
523 691 837 762 Μαρεωτῶν
865 693 998 764 (67),
1042 694 1272 760 ἄκοντας
1301 697 1394 750 καὶ
1427 699 1562 768 μηδὲ
1599 697 1800 770 ἑπομέ-

210 797 359 842 νους,
397 781 488 851 βίᾳ
513 798 572 834 τε
615 782 870 852 σύροντες
901 784 1012 855 (68)
1049 787 1412 858 ἀφήρπασαν·
1457 790 1567 860 ἐγὼ
1607 791 1664 844 δὲ
1705 792 1797 846 νῦν

210 875 309 928 καὶ
354 876 513 938 Γάϊος
554 879 647 929 καὶ
695 878 919 950 Πέτρος,
974 881 1125 950 μόνοι
1169 883 1274 935 τῶν
1329 883 1503 937 ἄλλων
1551 885 1795 954 ἀδελφῶν

209 968 726 1038 ἀπορφανισθέντες,
757 972 816 1023 ὲν
838 973 1029 1044 ἐρήμῳ
1054 976 1144 1028 καὶ
1170 976 1438 1047 αὐχμηρῷ
1467 977 1565 1046 τῆς
1591 978 1798 1050 Λιϐύης

211 1058 364 1128 τόπῳ
397 1061 921 1132 κατακεκλείσμεθα,
957 1064 1121 1134 τριῶν
1158 1067 1380 1138 ἡμερῶν
1413 1068 1531 1121 ὁδὸν
1555 1068 1647 1121 τοῦ
1683 1071 1794 1122 Πα-

211 1152 482 1218 ραιτονίου
512 1152 873 1221 διεστηκότες.

281 1242 356 1295 Γθ.
393 1244 501 1296 Kal
533 1246 950 1314 ὑποκαταϐὰς,
979 1250 1200 1316 φησίν·
1219 1251 1306 1303 Ἐν
1331 1251 1388 1304 δὲ
1412 1253 1475 1322 τῇ
1512 1252 1662 1304 πόλει
1697 1271 1794 1307 κα-

204 1335 563 1388 ταδεδύκασιν
593 1338 814 1406 ἀφανῶς
846 1340 1301 1413 ἐπισκεπτόμενοι
1332 1345 1458 1408 τοὺς
1491 1345 1750 1416 ἀδελφούς
1776 1367 1787 1377 ·

204 1424 570 1498 πρεσϐύτεροι
619 1431 734 1498 μὲν,
785 1429 1056 1502 Μάξιμος,
1111 1435 1420 1506 Διόσκορος,
1482 1440 1791 1512 Δημήτριος

203 1517 306 1570 καὶ
352 1518 610 1582 Λούκιοςο
653 1520 702 1572 οἱ
747 1521 855 1593 γὰρ
901 1524 958 1574 ἐν
1001 1523 1080 1593 τῷ
1124 1524 1314 1596 κόσμῳ
1362 1531 1790 1601 προφανέστερα

199 1610 503 1676 Φαυστῖνος
537 1614 628 1665 καὶ
669 1614 914 1678 Ἀκύλας,
941 1616 998 1667 ὲν
1031 1617 1289 1689 Αἰγύπτῳ
1315 1619 1654 1675 πλανῶνται·
1684 1623 1791 1676 διά-

201 1719 355 1757 κονοι
387 1703 442 1756 δὲ
473 1707 520 1758 οἱ
561 1706 698 1776 μετὰ
738 1709 864 1770 τοὺς
898 1710 954 1760 ἐν
989 1713 1053 1780 τῇ
1098 1710 1238 1781 νόσῳ
1285 1711 1396 1784 (69)
1435 1714 1790 1785 τελευτήσαν-

201 1811 308 1857 τας
341 1795 774 1866 ὑπολειφθέντες,
816 1800 1078 1864 Φαῦστος,
1125 1803 1402 1868 Εὑσέὅιος,
1446 1807 1782 1879 Χαιρήμων

201 1884 466 1951 Εὐσέϐιος
497 1887 555 1942 ὃν
589 1891 646 1956 ἐξ
676 1892 848 1961 ἀρχῆς
873 1893 900 1945 ό
934 1892 1067 1956 Θεὸς
1095 1895 1491 1966 ἐνεδυνάμωσε,
1528 1898 1622 1949 καὶ
1647 1915 1790 1969 παρ-
1817 1880 1860 1934 Β

199 1979 468 2033 εσκεύασε
500 1981 598 2046 τὰς
631 1983 935 2054 ὑπηρεσίας
959 1986 1067 2038 τῶν
1096 1987 1154 2038 ὲν
1180 1989 1299 2051 ταῖς
1331 1988 1598 2057 φυλακαῖς
1634 2007 1788 2058 γενο-

199 2072 383 2140 μένων
416 2074 761 2146 ὀμολογητῶν
795 2076 1104 2144 ἐναγωνίως
1142 2078 1512 2151 ἀποπληροῦν,
1554 2083 1648 2134 κα).
1688 2083 1787 2147 τὰς

193 2164 314 2216 τῶν
353 2167 618 2236 σωμάτων
651 2168 976 2239 περιστολάς
1011 2170 1123 2239 (70)
1168 2171 1276 2224 τῶν
1309 2173 1528 2226 τελείων
1555 2177 1648 2227 καὶ
1680 2193 1786 2246 μα-

194 2257 411 2334 καρίων
449 2260 738 2331 μαρτύρων
769 2261 868 2314 οὑκ
902 2263 1200 2326 ἀκινδύνως
1245 2265 1500 2319 ἐκτελεῖν.
1539 2268 1648 2320 Καὶ
1675 2269 1784 2342 γὰρ

195 2348 365 2420 μέχρι
397 2349 492 2402 νῦν
528 2352 627 2404 οὐκ
662 2352 872 2423 ἀνίησιν
914 2353 942 2405 ὁ
972 2355 1292 2426 ἡγούμενος,
1330 2359 1454 2422 τοὺς
1493 2360 1592 2429 μὲν
1622 2362 1779 2414 ἀναι-

197 2441 336 2512 ρῶν,
371 2443 446 2505 di;
491 2447 770 2515 προεῖπον,
815 2446 982 2518 ὠμῶς
1022 2447 1127 2501 τῶν
1173 2452 1627 2522 προσαγομένων·
1656 2457 1780 2518 τοὺς

188 2532 252 2586 δὲ
289 2535 543 2605 βασάνοις
580 2540 917 2604 καταξαίνων
941 2559 954 2570 °
999 2543 1125 2605 τοὺς
1155 2543 1211 2596 δὲ
1251 2545 1519 2612 φυλακαῖς
1557 2548 1650 2600 καὶ
1695 2546 1778 2600 δε-

191 2629 356 2695 σμοῖς
380 2629 647 2700 ὲκτήκων,
678 2634 1033 2703 προστάσσων
1064 2654 1122 2688 τε
1152 2637 1355 2708 μηδένα
1378 2640 1584 2706 τούτοις
1610 2660 1778 2714 προσ-

191 2716 372 2797 ιέναι’
410 2720 504 2771 καὶ
548 2722 851 2793 ἀνερευνῶν
907 2727 976 2795 μή
1023 2744 1104 2790 τις
1148 2730 1360 2800 φανείη.
1411 2732 1520 2786 Καὶ
1556 2734 1704 2803 ὅμως
1748 2736 1776 2787 ὁ

187 2808 329 2873 Θεὸς
355 2815 418 2882 τῇ
451 2813 725 2886 προθυμίᾳ
754 2820 845 2869 καὶ
879 2817 1140 2892 λιπαρείᾳ
1177 2822 1285 2874 τῶν
1313 2824 1556 2894 ἀδελφῶν
1593 2826 1776 2880 διανα-

188 2906 363 2958 παύει
393 2909 518 2971 τοὺς
552 2911 966 2982 πεπιεσμένους.

189 3040 513 3122 referuntur
572 3045 639 3099 ad
699 3046 1442 3122 centurionemsguquérat
1508 3065 1636 3107 vero
1705 3054 1773 3108 ad

183 3112 516 3190 duumviros
548 3130 644 3171 seu
678 3117 1027 3190 magistratus
1052 3112 1252 3188 quibus
1274 3112 1569 3190 parebant.
1596 3123 1769 3178 Atha-

188 3186 386 3264 nasius
413 3201 651 3264 quoque,
685 3187 738 3240 in
767 3189 993 3258 epistola
1033 3186 1099 3264 all
1133 3186 1432 3257 solitarius,
1461 3194 1768 3264 στρατηγόν

187 3263 351 3309 vocat
397 3257 746 3311 duumvirum
794 3257 888 3314 Seu
957 3260 1334 3326 magistratum
1385 3257 1767 3320 Alexandrina:

188 3326 450 3404 civitatis.
480 3326 735 3404 Loquens
764 3329 906 3404 enim
943 3330 1010 3404 de
1039 3330 1257 3404 Arianis
1291 3334 1385 3403 qui
1416 3334 1764 3404 presbyteros

188 3409 273 3486 ac
300 3397 562 3486 diaconos
587 3398 928 3482 Alexandriae
958 3403 1014 3486 in
1042 3397 1324 3486 judicium
1343 3397 1644 3486 pertractos
1670 3421 1764 3486 ex:

188 3466 743 3539 silioimultaverant.
779 3471 849 3524 ita
892 3466 1115 3525 scribit:
1143 3474 1252 3526 Καὶ
1293 3466 1409 3538 πῶς
1436 3476 1631 3539 αὑτοὺς
1671 3477 1765 3530 ἐπὶ

183 3536 280 3588 τού
322 3538 509 3614 δοωιδς
537 3541 629 3614 καὶ
666 3540 772 3614 τῶν
796 3541 1061 3594 δικαστῶν
1091 3536 1467 3611 ἐφυγάδευσαν
1484 3585 1498 3606 ,
1523 3536 1766 3614 καταφέο

187 3623 376 3675 ροντες
427 3611 490 3662 ἐκ
526 3611 632 3663 τῶν
672 3612 835 3664 οἴκων
863 3613 989 3675 τοὺς
1033 3614 1267 3678 οἰκείους
1307 3615 1484 3669 αὑτῶν
1524 3616 1612 3669 διὰ
1652 3611 1763 3671 τῶν

185 3681 539 3769 στρατιωτῶν
569 3684 662 3734 καὶ
700 3682 789 3734 τοῦ
822 3683 1128 3769 στρατηγοῦ
1171 3685 1468 3769 Γοργονίου.
1498 3687 1591 3739 καὶ
1624 3687 1762 3769 πλη-

181 3753 309 3815 ⁴ταῖς
335 3755 772 3816 κατακόπτοντες
794 3793 807 3814 ,
844 3753 899 3806 id
921 3765 1022 3816 est,
1050 3753 1308 3823 quomodo
1344 3757 1493 3810 ducis
1523 3775 1584 3810 ac
1607 3753 1760 3824 judi-

181 3834 303 3872 cum
331 3838 488 3888 opera
517 3841 602 3878 eos
629 3825 684 3876 in
713 3825 960 3877 exsilium
985 3841 1165 3893 egere;
1196 3830 1513 3881 necessarios
1542 3828 1758 3882 illorum

178 3904 246 3967 ea:
269 3893 513 3967 domibus
543 3894 871 3967 extrahentes
891 3896 1125 3967 militari
1167 3913 1347 3961 manu,
1377 3907 1426 3950 et
1452 3899 1758 3967 adjumenlo

182 3961 440 4038 Gargonii
480 3966 844 4036 magistratus.
888 3965 1024 4038 Male
1062 3967 1207 4020 enim
1251 3961 1531 4038 interpres.
1559 3968 1760 4038 Gorgo-

183 4034 340 4107 niunt
367 4035 549 4089 ducem
574 4034 755 4090 vertit.
793 4037 952 4104 Atqui
992 4037 1101 4090 dux
1134 4039 1246 4107 ipse
1282 4034 1637 4094 Sebastianus
1665 4034 1760 4094 vo-

182 4098 435 4178 cabatur.
455 4115 590 4160 teste
619 4098 950 4170 Athanasio;
978 4098 1284 4176 Gorgonius
1312 4125 1440 4163 vero
1466 4110 1758 4178 magistra-

181 4177 274 4247 tus
316 4177 435 4221 erat
476 4185 572 4223 seu
613 4178 869 4230 duumvir
913 4178 1287 4246 Alexandrize;
1335 4181 1494 4249 cujus
1527 4177 1578 4233 id
1627 4196 1756 4250 pro—

181 4253 584 4322 priuminunus
603 4251 811 4322 eratmt
837 4263 960 4322 reos
986 4252 1474 4322 comprehenderet
1491 4258 1546 4305 et
1566 4266 1754 4306 coram

180 4309 489 4377 majoribus
532 4311 809 4379 judicibus
848 4318 1082 4372 siSteret.
1115 4309 1388 4376 'Testatur
1433 4322 1486 4375 id
1535 4322 1754 4378 libellus

179 4382 591 4462 protestationis
619 4383 1202 4462 populiAleanndrini,
1232 4408 1396 4462 quem
1418 4392 1754 4448 Athanasius

176 4451 429 4518 epistola:
474 4467 587 4506 sua:
621 4453 886 4520 subjecit,
920 4455 1004 4508 bis
1039 4451 1218 4515 verbis
1251 4451 1266 4514 ἔ
1296 4459 1416 4516 Οἶδε
1449 4463 1621 4516 ταῦτα
1657 4465 1753 4517 καὶ

175 4521 550 4605 δστρατηγὸς
578 4522 674 4605 τῆς
718 4523 924 4605 πόλεως
963 4527 1247 4605 ζοργόνιος
1281 4549 1293 4605 _:
1324 4541 1380 4605 et
1405 4535 1565 4602 paulo
1605 4547 1747 4602 post,

1795 3236 1842 3298 C

1906 623 2013 676 que
2040 615 2090 661 et
2121 607 2554 676 apparitoribus,
2602 605 2694 674 qui
2722 620 2832 659 una
2863 621 2987 660 cum
3016 605 3150 674 ipsis
3176 613 3361 671 erant,
3389 619 3486 660 su-

1906 701 2284 769 pervenientes
2327 699 2549 769 quidam
2583 716 2648 752 ex
2677 697 2935 754 Mareotis
2956 740 2972 765 ,
3027 699 3226 754 invitos
3255 713 3357 754 nos
3388 714 3488 753 nec

1905 801 2096 862 sponte
2145 803 2436 862 sequentes
2485 806 2579 860 per
2611 791 2724 844 vim
2759 791 3146 846 abstraxerint.
3206 789 3317 860 Ego
3359 792 3483 859 qui-

1903 884 2024 938 dem
2059 899 2206 937 nunc
2237 894 2291 938 et
2334 882 2529 935 Petrus
2563 890 2613 935 et
2641 881 2808 937 Caius
2841 883 2981 948 soli,
3039 883 3262 950 reliquis
3296 881 3484 936 fratri-

1884 977 2006 1058 ‘bus
2054 977 2253 1040 orbati,
2315 978 2366 1028 in
2399 976 2615 1030 deserlo
2657 983 2711 1029 et
2756 975 3004 1045 squalido
3037 975 3271 1044 quodam
3305 975 3486 1047 Libyae

1901 1069 2023 1122 loco
2056 1069 2303 1122 conclusi
2331 1084 2557 1133 sumus,
2604 1068 2768 1122 tridui
2801 1069 2994 1125 itinere
3023 1069 3288 1124 distantes
3320 1085 3348 1123 a
3380 1069 3483 1124 Pa-

1901 1160 2147 1213 rastonio.

1981 1248 2068 1305 III.
2112 1249 2181 1303 Et
2215 1250 2490 1320 aliquanto
2518 1262 2638 1320 post
2665 1269 2682 1306 :
2711 1250 2766 1304 In
2793 1251 2982 1305 urbem
3006 1294 3019 1316 ,
3064 1251 3262 1321 inquit,
3295 1252 3480 1304 occul-

1896 1351 2085 1397 tarunt
2115 1358 2173 1398 se
2197 1385 2214 1408 ,
2265 1353 2324 1396 ut
2358 1342 2556 1398 fratres
2580 1344 2830 1399 clanculo
2862 1345 3102 1399 invisant
3131 1363 3144 1397 :
3178 1344 3480 1415 presbyteri

1896 1435 2139 1504 quidem,
2167 1434 2457 1502 Maximus,
2485 1435 2800 1501 Dioscorus,
2833 1436 3136 1492 Demetrius
3159 1447 3213 1492 et
3241 1435 3477 1501 Lucius;

1895 1524 2192 1581 Faustinus
2225 1528 2370 1580 enim
2403 1535 2457 1580 et
2481 1525 2708 1596 Aquila,
2742 1537 2926 1597 utpote
2969 1529 3021 1582 in
3063 1529 3270 1599 majore
3299 1529 3480 1583 homi-

1895 1636 2024 1673 num
2055 1620 2176 1674 luce
2210 1619 2394 1688 positi,
2449 1634 2544 1689 per
2574 1618 2867 1690 [Egyptum
2909 1631 3205 1690 vagantur;
3259 1622 3476 1676 diaconi

1895 1726 2026 1766 vero
2053 1721 2175 1781 post
2200 1713 2322 1766 illos
2345 1712 2439 1782 qui
2472 1713 2662 1768 morbo
2687 1715 2998 1783 consumpti
3038 1723 3184 1776 sunt,
3215 1716 3478 1784 supersti-

1894 1821 1998 1877 tes,
2027 1811 2286 1874 Faustus,
2321 1810 2610 1876 Eusebius,
2639 1813 2997 1879 Clueremon;
3055 1814 3320 1869 Eusebius
3341 1858 3355 1880 ,
3391 1819 3477 1870 ina

1891 1920 2077 1973 quam,
2106 1918 2268 1972 quem
2296 1902 2439 1958 Deus
2460 1903 2572 1972 jam
2611 1904 2738 1958 inde
2762 1904 2830 1959 ab
2859 1905 3016 1958 initio
3046 1906 3341 1969 roboravit,
3374 1907 3476 1959 im-

1892 1995 2139 2064 pulitque
2180 2004 2238 2048 ut
2266 1993 2678 2048 confessoribus
2711 1994 2764 2047 in
2789 1995 3036 2048 custodia
3072 1996 3266 2064 positis
3308 1997 3476 2050 mitti-

1890 2088 2058 2143 steria
2083 2097 2302 2143 strenue
2323 2087 2633 2149 exhiberet;
2672 2095 2839 2154 utque
2877 2095 3384 2141 consummatorum
3408 2103 3473 2143 ac

1889 2179 2174 2234 beatorum
2211 2188 2510 2248 martyrum
2561 2177 2826 2232 cadavera
2874 2192 2982 2230 non
3015 2178 3133 2231 sine
3164 2179 3357 2247 capitis
3385 2180 3471 2233 sui

1886 2273 2130 2342 periculo
2187 2274 2458 2342 sepeliret.
2518 2268 2654 2323 Nam
2703 2270 2755 2322 in
2807 2269 2953 2324 hunc
2983 2285 3155 2340 usque
3185 2273 3324 2326 diem
3358 2289 3467 2326 non

1885 2373 2062 2418 cessat
2094 2362 2381 2432 praefectus
2415 2370 2631 2414 nostros
2661 2359 2751 2428 qui
2779 2362 3079 2428 pra:sentize
3111 2361 3281 2430 ipsius
3310 2365 3469 2417 exhi-

1884 2454 2102 2517 bentur,
2135 2454 2331 2522 partim
2357 2452 2661 2506 interlicere
2691 2450 3095 2514 crudelissime,
3127 2453 3322 2520 partim
3357 2464 3468 2508 tor-

1884 2546 2084 2600 mentis
2129 2546 2429 2610 dilaniare,
2473 2546 2670 2613 partim
2717 2545 2974 2614 squalore
3006 2545 3245 2600 carceris
3275 2557 3329 2600 et
3356 2548 3468 2601 vin-

1881 2637 2020 2693 culis
2050 2653 2358 2704 macerare;
2391 2637 2725 2692 interdicens
2753 2636 2965 2706 nequis
2991 2637 3061 2692 ad
3094 2652 3189 2693 eos
3215 2640 3462 2704 accedat,

1880 2744 1935 2787 et
1981 2742 2330 2802 perscrutans
2373 2748 2504 2785 num
2546 2729 2672 2802 quis
2721 2730 2862 2784 forte
2903 2730 3150 2785 videatur
3182 2733 3460 2788 accedere.

1880 2822 2268 2878 Verumtamen
2303 2821 2445 2875 Deus
2469 2837 2531 2876 ex
2562 2821 2846 2876 alacritate
2886 2837 2950 2874 ac
2986 2821 3321 2893 benignitate
3347 2822 3461 2878 fra-

1879 2925 2048 2980 trum,
2081 2914 2336 2984 solatium
2371 2912 2590 2966 assidue
2617 2920 2840 2982 prtestat
2865 2911 3096 2967 afﬂictis.

1877 3047 2211 3102 abstractum
2246 3046 2298 3098 in
2329 3045 2634 3098 libertatem
2679 3044 3074 3109 restituerunt;
3129 3060 3227 3100 nec
3263 3045 3460 3101 Caium

1875 3127 1930 3171 et
1977 3117 2236 3171 Faustum
2274 3124 2328 3168 et
2372 3115 2591 3168 Petrum
2623 3130 2690 3185 ac
2719 3115 2948 3168 Paulum
2984 3117 3331 3185 presbyteros
3373 3134 3460 3173 se-

1874 3203 1999 3243 cum
2049 3196 2180 3240 tunc
2209 3185 2516 3257 Dionysius
2550 3184 2757 3239 habuit.
2784 3185 2926 3257 Quae
2954 3184 3154 3257 omnia
3185 3186 3238 3240 in
3271 3201 3458 3255 perse-

1872 3259 2094 3313 cutione
2131 3257 2219 3311 illa
2247 3255 2368 3326 quae
2397 3256 2560 3326 paulo
2610 3265 2736 3310 ante
2779 3255 2926 3310 Decii
2959 3256 3245 3324 imperium
3277 3269 3457 3327 empta

1872 3340 1986 3391 est,
2018 3328 2279 3397 Dionysio
2313 3327 2692 3397 contigerunt,
2730 3338 2787 3379 ut
2834 3327 2946 3394 ipse
2983 3335 3214 3379 testatur
3259 3328 3312 3381 in
3347 3331 3457 3397 epi-

1871 3401 2005 3454 stola
2037 3401 2299 3452 advet-sus
2331 3397 2686 3451 Germanum.
2738 3399 2806 3450 At
2841 3397 2890 3452 in
2935 3398 3314 3464 persecutione
3353 3403 3457 3454 sub

1872 3471 2183 3532 Valeriano,
2214 3468 2529 3540 Dionysium
2546 3467 2807 3540 comitati
2835 3476 2963 3522 sunt
2990 3467 3041 3520 in
3063 3467 3455 3540 essilioMaxi-

1869 3559 1992 3597 mus
2044 3537 2365 3610 presbyter,
2397 3548 2464 3610 et,
2502 3539 2718 3610 diaconi
2769 3537 3034 3610 Faustus,
3078 3537 3349 3594 Eusebius
3400 3549 3456 3594 et

1867 3608 2225 3673 Chaeremon,
2253 3622 2304 3664 cl
2341 3609 2560 3678 quidam
2589 3608 2820 3662 clericus
2853 3609 3162 3674 Romanus,
3189 3613 3455 3679 quemad-

1867 3683 2089 3736 modum
2119 3682 2309 3736 scribit
2338 3681 2480 3734 idem
2521 3679 2814 3750 Dionysius
2847 3680 2900 3732 in
2930 3680 3159 3749 epistola
3187 3682 3452 3737 adversus

1866 3754 2218 3808 Germanum.
2247 3750 2325 3805 lo.’
2345 3765 2352 3772 ‘

1940 3822 2047 3892 (68)
2075 3825 2180 3888 Βίᾳ
2210 3839 2272 3874 τε
2292 3823 2387 3875 καὶ
2420 3821 2729 3889 σύροντες.
2756 3818 2811 3873 In
2844 3821 3028 3875 codice
3058 3819 3196 3874 Med.
3229 3831 3280 3876 et
3309 3822 3448 3878 Maz.

1863 3891 2058 3964 legitur
2091 3893 2182 3964 βίᾳ
2208 3893 2551 3964 τεήσύροντες
2598 3894 2798 3964 rectius
2828 3906 2842 3941 :
2877 3907 2976 3947 nec
3003 3891 3158 3947 aliter
3184 3894 3449 3962 scriptum

1863 3961 2025 4020 habet
2053 3961 2222 4018 codex
2259 3961 2609 4018 Fuketianus.
2648 3961 2722 4016 lo.

1935 4035 2044 4106 (69)
2090 4036 2187 4106 Ἰξν
2219 4034 2291 4101 τῇ
2320 4035 2500 4098 νόσῳ.
2545 4032 2776 4106 Rufinus
2807 4033 2936 4106 legit
2963 4035 3127 4104 νήσῳ.
3177 4033 3269 4087 Sic
3298 4034 3446 4088 enim

1860 4104 2068 4160 vertit:
2109 4104 2211 4158 Sed
2243 4123 2307 4158 ex
2338 4106 2575 4156 diaconis
2601 4104 2862 4172 quosdam
2896 4105 2950 4156 in
2983 4106 3158 4156 insula
3189 4114 3305 4172 post
3335 4121 3444 4172 pa:-

1861 4192 1956 4230 nas
1999 4176 2339 4244 confessionis
2395 4190 2505 4227 esse
2559 4175 2854 4245 defunctos.
2909 4173 3109 4228 Verum
3157 4173 3444 4245 Dionysius

1863 4250 2004 4300 luem
2043 4242 2331 4316 intelligit,
2367 4260 2487 4314 quae
2522 4245 2659 4298 Galli
2706 4255 2758 4298 et
2788 4242 3072 4316 Volusiani
3106 4242 3441 4316 tempoi-ibus

1860 4327 2105 4385 grassata
2133 4313 2340 4386 est'per
2371 4325 2543 4368 totum
2591 4316 2778 4368 orbem
2814 4315 3147 4386 Romanum,
3180 4325 3239 4367 ut
3273 4313 3440 4368 Euse-

1861 4389 1982 4442 bius
2032 4390 2084 4441 in
2121 4385 2379 4441 Clu'onico
2419 4386 2620 4455 aliique
2657 4395 2944 4440 testantur.
2982 4385 3116 4440 Vide
3156 4386 3438 4440 Aurelium

1864 4457 2154 4515 Victorem.
2216 4457 2471 4525 Ejusdem
2525 4457 2697 4512 morbi
2749 4458 3001 4510 meminit
3047 4456 3336 4525 Dionysius
3385 4459 3440 4509 in

1855 4531 2085 4600 epistola
2132 4528 2372 4600 paschali
2415 4529 2480 4581 ad
2529 4529 2967 4600 Alexandrinos,
3021 4529 3108 4580 ubi
3154 4530 3315 4600 etiam
3371 4529 3439 4580 de

173 4591 468 4675 ἀπέστειλε
490 4594 587 4675 τὸν
605 4591 701 4664 τῆς
722 4594 927 4675 τάξεως
961 4591 1172 4675 δήμξον,
1207 4591 1303 4675 σία).
1328 4591 1420 4675 τὸν
1447 4591 1750 4675 στρατηγὸν

1877 4591 2105 4675 liaconis
2132 4591 2546 4675 ioquiturquos
2578 4599 2748 4666 pestis
2781 4598 2868 4650 illa
2906 4598 3269 4675 consumpsit.
3302 4597 3373 4648 In.

177 4661 354 4744 θέλων
378 4662 515 4716 αὑτά
547 4659 686 4744 ,ἆραι
711 4705 725 4728 ,
761 4665 814 4719 id
860 4675 972 4731 est,
1012 4659 1564 4744 'ntisitispiculatorent
1599 4659 1753 4744 officii

171 4736 297 4804 sui,
339 4744 400 4804 et
421 4736 826 4804 magistratum,
858 4746 915 4789 ut
949 4754 1100 4793 arma
1145 4736 1244 4795 illa
1281 4759 1346 4797 ea:
1387 4745 1608 4798 ecclesia
1629 4736 1752 4800 "tol-

170 4802 326 4856 teret.
360 4802 558 4859 Vates.

247 4873 363 4952 (67)
416 4874 804 4952 Ἐπελθόντες
829 4880 988 4947 τινὲς
1017 4881 1137 4936 τῶν
1158 4885 1506 4952 Μαρεωτῶν.
1537 4883 1662 4940 Haec
1695 4888 1751 4942 in

167 4947 368 5027 prima
380 4950 778 5027 persecutione
819 4952 921 5027 sub
973 4952 1137 5027 Decio
1180 4947 1554 5026 contigerunt,
1621 4966 1751 5012 tunc

171 5032 301 5096 cum
331 5017 623 5089 Dionysius
654 5019 841 5096 Sabini
868 5024 1116 5096 praefecti
1141 5017 1405 5080 sententia
1440 5017 1745 5096 'l‘aposirim

167 5087 441 5167 deductus
476 5087 556 5167 est
581 5132 593 5152 ,
629 5102 684 5144 ut
717 5087 907 5167 scribit
947 5095 1062 5167 ipse
1095 5095 1386 5167 Dionysius
1418 5098 1471 5151 in
1503 5087 1734 5166 cpistola

167 5160 455 5238 adversus
485 5159 822 5238 Geintanum
843 5203 857 5222 ,
894 5159 1033 5238 infra
1078 5159 1268 5238 rebus.
1315 5168 1474 5222 Certe
1505 5159 1598 5238 q'ui
1627 5170 1747 5236 epi-

167 5230 547 5302 stolamgillam
580 5230 818 5302 Dionysii
844 5235 1106 5290 adversus
1125 5236 1457 5291 Germanum
1492 5230 1616 5292 cum
1645 5230 1746 5292 liae

166 5316 296 5374 quze
327 5299 394 5354 ad
420 5299 735 5374 Domitium
757 5306 954 5374 scripta
982 5315 1064 5360 est
1090 5308 1410 5370 contulerit,
1444 5324 1551 5363 non
1586 5309 1748 5363 dubi—

167 5372 308 5448 tabit
339 5372 469 5448 quin
493 5373 560 5448 de
590 5390 696 5427 una
720 5372 1018 5448 eademque
1054 5393 1112 5431 re
1152 5378 1442 5448 utrobique
1491 5380 1745 5447 loquatur

165 5442 487 5517 Dionysius.
515 5442 695 5517 Quare
724 5442 942 5501 fallitur
960 5446 1248 5512 Eusebius,
1277 5442 1370 5517 qui
1392 5449 1445 5501 in
1484 5442 1586 5503 hac
1621 5448 1743 5502 Dio-

164 5513 313 5588 nysii
339 5515 405 5588 ad
437 5513 729 5588 Domitium
758 5518 983 5586 epistola
1011 5534 1074 5574 ea
1119 5513 1327 5573 narrari
1369 5520 1580 5586 putavit
1619 5536 1743 5588 qua:

162 5581 232 5660 ad
274 5581 542 5660 Valeriani
597 5581 1028 5660 persecutionem
1078 5581 1452 5659 pertinebant;
1497 5581 1738 5660 quod-ex

167 5657 292 5728 ipso
322 5651 769 5728 Dionysio—facile
801 5669 884 5713 est
915 5651 1179 5716 refellere.
1223 5651 1531 5714 Etenim'in'
1553 5676 1738 5728 perse-

165 5724 518 5803 cutione-sub
549 5725 860 5792 Valeriano,
894 5730 1187 5803 Dionysius
1219 5746 1326 5785 non
1356 5740 1440 5786 est
1472 5724 1738 5786 deductus

165 5799 220 5870 in
263 5794 517 5870 exsilium
564 5811 684 5848 cum
720 5801 966 5870 custodia
1014 5794 1274 5864 militari,
1328 5816 1428 5856 nec
1474 5818 1737 5870 superve«

165 5868 381 5922 uientes
410 5864 692 5932 Marcotae,
749 5869 946 5940 fugatis
978 5873 1270 5938 militibus,
1321 5887 1446 5928 eum
1491 5864 1585 5942 per
1626 5876 1734 5926 vim

1929 4671 2041 4743 (70)
2073 4666 2460 4743 Περίστολάς.
2499 4666 2664 4743 lianc.
2687 4683 2873 4720 vocem
2896 4668 3440 4743 _Christopborsonns

1857 4737 2033 4813 longo'
2050 4737 2342 4813 verborum
2373 4739 2603 4813 circuitu
2653 4737 2725 4791 ita
2768 4747 2851 4790 est
2895 4738 3279 4813 interpretatus
3309 4753 3322 4788 :
3354 4739 3436 4813 ᾼα

1854 4808 2042 4877 ιὶηιὲα,
2072 4812 2268 4882 quibus
2293 4824 2514 4882 corpora
2545 4808 2815 4882 beatorum
2848 4820 3155 4882 martyrum
3173 4808 3290 4882 jam
3330 4809 3436 4882 vita

1853 4875 2220 4948 defunctorum
2253 4875 2657 4940 inrolverentur,
2679 4878 3023 4946 conﬁcienda.
3061 4875 3303 4948 Habebat
3329 4877 3437 4929 sci—

1854 4947 1978 5008 licet
2005 4969 2114 5023 pra:
2146 4951 2322 5005 oculis
2353 4948 2892 5023 Christopltorsonus
2950 4947 3292 5023 morenttevi
3337 4960 3437 4998 no-

1854 5025 1951 5080 stri
1973 5016 2147 5092 {quo
2184 5029 2436 5092 mortuos
2463 5018 2630 5092 linteo
2659 5018 2874 5087 operire
2899 5058 2913 5080 ,
2959 5027 3120 5092 atque
3166 5017 3236 5092 iga
3269 5016 3436 5092 ltumo

1851 5084 2085 5150 condere
2114 5093 2374 5147 solemus.
2412 5089 2567 5156 Apud
2596 5084 2854 5157 antiquos
2887 5084 3137 5157 verotde
3166 5084 3436 5139 Christia-

1853 5168 1937 5221 n‘rs
1967 5166 2132 5220 etiam
2177 5160 2408 5232 loquor)
2461 5155 2601 5212 alius
2646 5155 2766 5232 mos
2797 5168 2933 5212 erat.
2983 5155 3251 5232 Vestibus
3285 5159 3432 5210 enim

1850 5237 2109 5290 cadavera
2143 5227 2471 5288 amiciebant
2496 5271 2510 5295 ,
2537 5241 2590 5284 et
2620 5231 2838 5299 quidem
2874 5227 3285 5299 pretiosissimis
3308 5268 3322 5289 ,
3374 5239 3433 5281 ut

1850 5305 2010 5359 docet
2037 5305 2302 5358 Eusebius
2337 5303 2430 5355 lib.
2451 5317 2550 5362 vn,
2585 5295 2705 5370 cap.
2738 5302 2823 5365 16,
2855 5295 2920 5354 de
2953 5295 3276 5370 Asturio.Si
3303 5303 3429 5367 quis

1849 5386 2030 5430 tamen
2078 5372 2557 5442 Gbrislophorsoui
2602 5369 2910 5426 vérsionem
2959 5371 3084 5442 velit
3120 5369 3428 5442 defendere,

1849 5447 2145 5513 habet,quo
2174 5437 2321 5497 illam
2361 5452 2597 5505 tueatur,
2636 5443 3011 5513 testimonium
3045 5441 3350 5513 Athanasii.
3380 5437 3429 5513 Is

1845 5519 1989 5571 enim
2016 5509 2074 5569 in
2113 5513 2232 5568 Vita
2263 5514 2324 5566 Β.
2363 5515 2581 5566 Antonii
2612 5517 2684 5568 ita
2715 5513 2905 5568 s'cribit
2932 5531 2944 5566 :
2976 5510 3152 5564 Solent
3187 5509 3430 5580 ὥρῃ)ιῆ

1844 5589 1925 5656 pie
1953 5588 2322 5657 defunctorum
2352 5625 2366 5647 ,
2407 5593 2562 5651 atque
2591 5587 2859 5657 inprimis
2891 5592 3193 5657 sanctorum
3228 5591 3429 5657 marty-

1846 5653 1962 5710 rum
2001 5653 2220 5726 corpora
2266 5657 2512 5725 funerure
2537 5656 2747 5724 quidem
2771 5695 2784 5716 ,
2828 5666 2876 5708 et
2909 5655 3104 5726 linteis
3128 5653 3425 5726 involvere;

1843 5746 1945 5782 non
1973 5723 2147 5781 autem
2186 5723 2439 5780 mundare
2466 5723 2652 5790 terrm;
2683 5728 2771 5779 sed
2799 5727 3046 5794 imposita
3090 5723 3316 5790 lectulis,
3344 5728 3427 5775 in-

1843 5812 1926 5854 tra
1953 5802 2184 5869 privatos
2216 5800 2442 5867 parietes
2483 5799 2721 5851 retinere.
2755 5798 2830 5850 lu.
