3888 6504
226 366 364 422 1297

1337 361 1555 433 E’Pis‘i‘.
1595 378 1686 433 AD
1728 379 1987 436 FABlU-lli
2026 380 2346 436 unum.

3314 391 3454 451 1298

215 488 462 553 ῥιπίσας.
499 491 560 543 υί
604 477 682 545 δὲ’
706 492 1075 565 ἐρεθισθέντες
1116 495 1207 549 ὑπ’
1247 498 1434 564 αὑτοῦ,
1477 501 1572 554 καὶ
1611 501 1757 572 πάση

1893 501 2057 572 igit-ur
2097 503 2316 558 homine
2359 503 2661 568 stimulati,
2712 518 3039 576 omnemque
3080 507 3148 562 ad
3190 512 3451 578 patranda

213 579 465 645 ἐξουσίας
505 584 585 646 είς
628 583 1003 657 ἀνοσιουργίαν
1047 587 1368 659 λαὸόμενοι,
1419 591 1585 661 μόνην
1635 593 1789 646 εύσὲ-

210 670 369 725 δειαν
407 673 504 742 τὴν
539 674 830 746 θρησκείαν
860 678 965 730 τῶν
992 679 1255 750 δαιμόνων
1285 680 1393 752 (78)
1432 681 1632 752 ταύτην
1659 683 1787 737 ὑπέ-

205 759 398 825 λαϐον,
431 763 492 814 τὸ
526 763 646 816 καθ’
673 765 826 835 ἡμῶν
860 770 1046 839 φονᾷν.

283 852 360 906 B'.
399 853 619 922 Πρῶτον
662 856 762 925 μὲν
803 852 896 910 οὖν
941 858 1248 930 πρεσϐύτην
1291 862 1520 932 Mn;in
1561 863 1784 933 ὀνόματι

205 946 676 1016 συναρπάσαντες,
727 949 822 1001 καὶ
864 949 1214 1014 κελεύσαντες
1275 952 1408 1006 ἄθεα
1458 953 1634 1022 λέγειν
1683 958 1780 1027 ῥή-

206 1053 359 1106 ματα
381 1055 394 1067 ο
433 1039 508 1110 μὴ
553 1039 890 1111 πειθόμενον,
924 1043 1099 1109 ξύλοις
1126 1061 1186 1096 τε
1218 1045 1467 1109 παίοντες
1500 1049 1559 1098 τὸ
1602 1048 1777 1118 σῶμα,

204 1129 305 1180 καὶ
335 1129 598 1199 καλάμοις
619 1130 763 1194 ὀξέσι
795 1132 855 1185 τὸ
878 1134 1164 1204 πρόσωπον
1195 1137 1286 1188 καὶ
1317 1137 1440 1200 τοὺς
1469 1137 1779 1208 ὀφθαλμοὺς

202 1219 538 1286 κεντοῦντες,
576 1223 870 1291 ἀγαγόντες
901 1227 980 1288 είς
1011 1227 1071 1278 τὸ
1121 1228 1459 1298 προάστειον,
1506 1230 1780 1282 κατελιθο-

201 1306 460 1378 σόλησαν.
493 1312 721 1364 Ἔπειτα
755 1315 950 1384 πιστὴν
982 1319 1214 1384 γυναῖκα
1242 1317 1472 1372 Κοΐνταν
1509 1318 1775 1388 καλουμέ-

200 1419 305 1472 νην
336 1404 428 1456 ἐπὶ
456 1403 516 1457 τὸ
558 1405 826 1461 είδωλεῖον
852 1409 1244 1478 ἀπαγαγόντες,
1275 1410 1580 1480 ἠνάγκαζον
1610 1430 1776 1484 προσ-

199 1497 420 1548 κυνεῖν*
455 1496 938 1571 ἀποστρεφομένην
974 1500 1032 1553 δὲ
1070 1503 1162 1555 καὶ
1203 1501 1642 1574 βδελυττομένην,
1686 1505 1774 1556 ὲκ-

195 1584 464 1657 δήσαντες
506 1589 614 1642 τῶν
653 1589 848 1655 ποδῶν,
896 1590 986 1644 διά
1035 1593 1214 1663 πάσης
1243 1581 1342 1664 τῆς
1388 1593 1592 1658 πόλεως
1634 1594 1774 1648 κατά

195 1678 298 1730 τοῦ
335 1680 560 1750 τραχέος
595 1679 954 1754 λιθοστρώτου
994 1683 1268 1756 σύροντες,
1297 1687 1774 1758 προσαρμισσομέ-

194 1787 300 1842 νην
334 1775 444 1836 τοῖς
473 1772 736 1843 μυλιαίοις
759 1774 926 1840 λίθοις
953 1775 1067 1848 ἅμα
1110 1778 1204 1832 καὶ
1241 1779 1650 1850 μαστιγοῦντες,
1681 1781 1772 1834 ἐπὶ

192 1862 292 1915 τὸν
316 1863 478 1917 αὐτὸν
511 1866 808 1933 ἀγαγόντες
833 1844 1158 1924 κατέλευσαν
1190 1844 1374 1925 τόπον.
1420 1844 1533 1924 ista
1566 1844 1764 1942 ὁμοθυ-
1801 1844 1846 1904 Β

197 1955 370 2033 mea:
412 1956 647 2022 ἅπαντες
682 1959 946 2032 ὥρμησαν
979 1961 1070 2015 ἐπὶ
1108 1962 1206 2026 τάς
1239 1964 1344 2016 τῶν
1383 1963 1647 2017 θεοσεϐὦν
1684 1965 1764 2017 οἰ-

193 2049 356 2114 κίας·
393 2053 487 2106 καὶ
527 2051 621 2118 οὓς
655 2053 947 2126 ἐγνώριζον
985 2056 1202 2110 ἕκαστοι
1239 2057 1608 2125 γειτνιῶντας,
1647 2059 1766 2110 ἐπι-

192 2141 519 2206 σπεύδοντες
548 2140 684 2214 ἦγον
703 2161 716 2176 ·
759 2146 968 2200 ἐσύλων
991 2165 1048 2202 τε
1085 2148 1178 2202 καί
1206 2147 1502 2220 διήρπαζον
1521 2167 1533 2180 ·
1561 2151 1626 2202 τά
1665 2149 1766 2221 μὲν

189 2233 494 2306 τιμιώτερα
519 2235 627 2291 τῶν
658 2240 954 2310 κειμηλίων
986 2239 1391 2311 νοσφιζόμενοιο
1425 2241 1495 2294 τά
1525 2242 1580 2294 δὲ
1617 2243 1766 2296 εύτε-

187 2321 423 2396 λέστερα
445 2326 539 2378 καὶ
562 2327 661 2380 ὅσα
685 2329 749 2380 ἐκ
778 2328 946 2393 ξύλων
969 2331 1278 2402 ἐπεποίητο,
1301 2331 1762 2403 διαρῤιπτοῦντες,

189 2416 291 2468 καὶ
320 2418 706 2482 κατακαίοντες
734 2422 790 2474 ὲν
821 2424 939 2484 ταῖς
961 2421 1118 2485 ὁδοῖς,
1149 2421 1444 2486 ἑαλωκυίας
1477 2423 1580 2477 ὑπὸ
1611 2424 1737 2478 πολε

189 2505 339 2574 μίων
368 2507 570 2571 πόλεως
599 2511 854 2580 παρεῖχον
883 2511 1025 2566 θέαν.
1057 2513 1352 2578 Ἐξέκλινον
1371 2514 1426 2567 δὲ
1451 2515 1543 2568 καὶ
1569 2516 1765 2569 ὑπανε-

186 2600 407 2674 χώρουν
440 2605 487 2656 οἱ
522 2603 768 2673 ἀδελφοί·
799 2607 891 2658 καὶ
919 2607 1018 2677 τὴν
1061 2591 1314 2678 ἁρπαγὴν
1349 2607 1456 2661 τῶν
1494 2609 1762 2681 ὑπαρχόν-

180 2712 321 2760 των,
364 2697 564 2768 ὁμοίως
607 2696 838 2759 ἐκείνοις
875 2693 954 2760 οἷς
999 2698 1094 2751 καὶ
1136 2697 1342 2762 Παῦλος
1393 2701 1761 2772 ἐμαρτύρησε,

185 2786 335 2856 μετά
375 2789 548 2859 χαρᾶς
580 2786 985 2860 προσεδέξαντο.
1025 2790 1134 2842 Καὶ
1166 2789 1265 2842 οὐκ
1300 2785 1393 2841 οἷδ’
1423 2791 1476 2843 εἴ
1495 2808 1596 2854 τις,
1626 2793 1762 2863 πλὴν

181 2880 238 2931 εί
265 2882 342 2950 μή
372 2881 471 2933 πού
499 2898 580 2946 τις
606 2877 685 2946 εἷς
718 2882 996 2953 ἐμπεσὼν,
1023 2882 1183 2955 μέχρι
1209 2900 1272 2952 γε
1309 2883 1496 2938 τούτου
1530 2885 1620 2938 τὸν
1651 2887 1763 2939 Κύ-

185 2987 309 3041 ριον
345 2975 632 3044 ἠρνήσατο.

259 3245 302 3298 Γ
303 3252 338 3298 ’.
387 3245 543 3300 Ἀλλά
571 3249 662 3302 καὶ
703 3249 802 3320 τὴν
845 3249 1301 3323 θαυμασιωτάτην
1333 3252 1453 3305 τότε
1494 3252 1758 3325 παρθένον

185 3336 488 3408 πρεσϐύτιν
523 3339 884 3397 Ἀπολλωνίαν
918 3342 1278 3408 διαλαϐόντες,
1315 3346 1439 3407 τοὺς
1481 3339 1580 3414 μὲν
1617 3345 1760 3399 ὀδόν-

182 3447 284 3494 τας
340 3431 616 3498 ἇπαντας,
659 3434 950 3510 κόπτντες
985 3434 1082 3498 τάς
1132 3437 1406 3504 σιαγόνας,
1455 3437 1756 3508 ἐξήλασαν·

183 3524 369 3594 πυράν
394 3525 449 3578 δὲ
477 3527 737 3597 νήσαντες
770 3529 875 3600 πρὸ
910 3529 1009 3600 τῆς
1039 3531 1264 3594 πόλεως,
1299 3530 1474 3595 ζῶσαν
1503 3531 1759 3600 ἠπείλουν

183 3617 553 3683 κατακαῦσαι,
579 3621 626 3672 εξ
651 3621 724 3692 μὴ
749 3624 1208 3694 συνεκφωνήσειεν
1233 3625 1415 3688 αὐτοῖς
1437 3623 1503 3678 τά
1524 3625 1622 3696 τῆς
1649 3624 1758 3694 (79)

183 3707 444 3773 ἀσεδείσις
474 3712 804 3782 κηρύγματα
835 3712 967 3783 (80).
1009 3715 1071 3767 Ἦ
1104 3714 1159 3768 δὲ
1199 3717 1758 3787 ὑποπαραιτησαμένη

183 3798 360 3869 βραχὺ
385 3803 479 3854 καὶ
503 3803 773 3869 ἀνεθεῖσα,
797 3807 1061 3871 συντόνως
1078 3809 1419 3880 ὲπεπήδησεν
1444 3811 1522 3874 εἰς
1543 3810 1602 3862 τὸ
1625 3810 1756 3882 πῦρ,

181 3893 278 3945 καὶ
302 3895 764 3965 καταπέφλεκται.
790 3899 1116 3971 Σαραπίωνα
1140 3918 1199 3954 τε
1224 3901 1617 3966 καταλαϐόντες
1643 3904 1760 3972 ἐφέ-

180 4000 330 4036 στιον
355 3986 487 4058 (Si),
519 3987 774 4061 σκληραῖς
801 3989 1051 4060 βασάνοις
1080 3994 1439 4064 αἰκισάμενοι,
1465 3995 1556 4048 καὶ
1584 3997 1759 4048 πάντα

179 4075 252 4126 τά
298 4077 480 4148 ἄρθρα
522 4079 930 4149 διακλάσαντες,
977 4086 1086 4140 ἀπὸ
1137 4085 1228 4138 τοῦ
1281 4085 1526 4156 ὑπερῴου
1577 4089 1758 4159 πρηνῆ

179 4168 540 4241 κατέρριψαν.
574 4177 810 4248 Οὐδεμία
845 4179 902 4232 δὲ
935 4179 1072 4244 ὁδὸς,
1117 4181 1178 4234 ού
1218 4181 1505 4254 λεωφόρος,
1541 4183 1601 4235 ού
1643 4201 1760 4236 στε-

177 4262 364 4325 νωπὸς
390 4264 520 4335 ἡμῖν
549 4266 778 4338 βάσιμος
804 4267 870 4342 ἦν
896 4313 910 4338 ,
945 4273 1004 4326 ού
1037 4273 1270 4346 νύκτωρ,
1305 4274 1364 4328 οὐ
1403 4273 1716 4348 μεθημὲραν
1739 4315 1755 4342 ,

1785 3203 1828 3260 C

175 4356 268 4410 ἀεὶ
293 4358 388 4409 καὶ
410 4360 684 4430 πανταχοῦ
711 4363 926 4415 πάντων
955 4366 1323 4434 κεκραγότων,
1356 4367 1404 4419 εί
1443 4366 1516 4438 μὴ
1545 4367 1613 4420 τά
1635 4367 1760 4420 δύσ-
1789 4433 1791 4435 ι

179 4449 346 4518 φημά
371 4466 454 4512 τις
486 4450 750 4522 ἀνυμνοίη
791 4455 1030 4524 ῥήματα,
1070 4456 1257 4511 τοῦτον
1295 4456 1494 4520 εὐθέως
1520 4459 1627 4511 δεῖν
1662 4457 1756 4510 σύ-

257 4624 301 4656 ⁸³
331 4623 490 4680 Hebr.
528 4643 581 4693 Χ,
609 4627 696 4684 30.

1889 595 2095 650 scelera
2138 596 2414 650 licentiam
2457 598 2622 662 nacti,
2671 597 2810 653 bane
2841 599 3010 652 solam
3038 599 3292 669 pietatem
3334 605 3454 659 cul-

1886 697 2111 758 tumque
2148 689 2455 743 dmmonum
2497 705 2718 744 suorum
2758 690 3164 751 existimabant.
3207 694 3254 748 si
3290 696 3452 750 caedi-

1886 780 1989 832 bus
2029 779 2292 835 adversus
2320 791 2537 836 nostros
2575 784 2846 839 saevirent.

1953 865 2016 921 ll.
2076 866 2320 923 Primum
2379 870 2559 940 itaque
2619 887 2803 926 senem
2851 874 3180 942 quemdam,
3224 874 3450 931 Metram

1882 963 2123 1027 nomine,
2171 975 2476 1034 correptum
2531 965 2696 1036 impia
2742 969 2905 1022 verba
2960 968 3201 1038 proferre
3234 971 3445 1038 jubent.

1881 1053 2036 1120 Quod
2066 1071 2190 1109 cum
2226 1055 2314 1110 ille
2347 1056 2630 1123 abnueret,
2677 1059 2910 1114 fustibus
2948 1061 3222 1115 hominem
3259 1063 3450 1118 verbe-

1879 1156 2083 1213 rantes,
2122 1156 2175 1201 et
2217 1149 2394 1203 aeutis
2435 1151 2794 1206 arundinibus
2834 1152 3040 1206 vultum
3071 1151 3190 1221 ejus
3233 1155 3449 1208 oculos-

1880 1253 1984 1306 que
2027 1248 2347 1309 pungentes,
2397 1241 2687 1296 deductum
2727 1245 2780 1297 in
2814 1244 3138 1298 suburbium
3177 1241 3448 1314 lapidibus

1879 1329 2198 1384 obruerunt.
2242 1330 2491 1387 Postbzec
2537 1333 2748 1388 lidelem
2797 1335 3088 1405 quamdam
3136 1337 3442 1402 mulierem,

1878 1421 2133 1487 Quintam
2188 1423 2443 1488 nomine,
2490 1425 2558 1479 ad
2607 1426 2737 1480 idoli
2796 1429 3053 1498 templum
3103 1428 3441 1499 perductam,

1876 1513 2104 1569 adorare
2132 1513 2262 1569 illud
2291 1526 2604 1584 coegerunt.
2645 1516 2802 1584 Quod
2825 1536 2949 1574 cum
2984 1521 3076 1576 illa
3101 1529 3444 1576 aversaretur

1876 1615 2040 1675 atque
2095 1617 2490 1672 exsecraretur,
2543 1610 2849 1667 constrictis
2900 1612 3128 1682 pedibus
3185 1628 3305 1667 eam
3348 1627 3447 1684 per

1875 1700 2045 1754 totius
2087 1699 2322 1755 civitatis
2371 1700 2521 1756 vicos
2577 1717 2771 1772 aspero
2814 1703 2965 1758 silice
3009 1713 3316 1760 constratos
3355 1720 3445 1759 ra-

1875 1789 2121 1860 pientes,
2175 1791 2324 1847 saxis
2357 1791 2556 1848 illisam
2609 1793 2908 1849 molaribus
2934 1833 2948 1859 ,
2993 1794 3177 1866 ﬂagris
3221 1795 3444 1865 insuper

1875 1882 2239 1947 verberantes,
2265 1883 2331 1938 ad
2355 1884 2676 1939 suburbium
2717 1885 2902 1940 itidem
2930 1886 3230 1953 abducunt,
3259 1886 3444 1957 ibique

1873 1972 2146 2042 lapidibus
2197 1974 2554 2030 interliciunt.
2603 1973 2804 2031 Omnes
2845 1977 3039 2034 deinde
3082 1992 3193 2032 uno
3237 1978 3443 2048 impetu

1872 2063 1926 2119 in
1951 2065 2144 2120 domos
2167 2064 2606 2121 Christianorum
2651 2067 2857 2122 irruere
2885 2077 3186 2138 cmperunt,
3212 2079 3266 2124 et
3299 2081 3446 2139 quos.

1871 2156 2103 2226 quisque
2127 2155 2232 2210 sibi
2264 2155 2474 2210 vicinos
2507 2164 2749 2221 noverat,
2780 2172 2876 2212 eos
2916 2157 3059 2211 illico
3085 2163 3439 2226 properantes

1871 2249 2119 2319 agebant,
2149 2249 2452 2319 spoliabant
2492 2264 2556 2302 ac
2583 2248 2942 2317 diripiebant;
2971 2264 3033 2302 ea
3059 2248 3277 2320 quidem
3317 2262 3440 2318 qua:

1870 2338 2108 2393 maxime
2172 2337 2408 2407 pretiosa
2473 2346 2653 2391 essent
2698 2339 2753 2390 in
2803 2338 2985 2392 sinum
3030 2353 3190 2392 suum
3239 2350 3439 2407 conge-

1870 2439 2081 2496 rentes;
2144 2429 2333 2482 viliora
2379 2439 2559 2483 autem
2614 2437 2668 2483 et
2714 2429 2890 2499 lignea
2931 2445 3159 2499 quaeque
3201 2429 3438 2498 disjicie—

1867 2520 2035 2584 bant,
2071 2533 2136 2573 ac
2173 2533 2268 2588 per
2309 2518 2424 2573 vias
2467 2518 2924 2584 concremabant;
2959 2528 3128 2588 capta:
3165 2519 3234 2573 ab
3265 2520 3438 2574 hosti-

1869 2613 1971 2667 bus
2042 2611 2194 2666 urbis
2252 2611 2485 2680 speciem
2552 2622 2714 2680 atque
2761 2611 3050 2681 imaginem
3097 2612 3432 2666 exhibentes.

1869 2703 2086 2759 Fratres
2131 2719 2261 2758 vero
2291 2703 2645 2770 declinabant
2675 2712 2728 2757 et
2760 2703 3134 2758 subducebant
3174 2719 3232 2759 se
3274 2704 3434 2772 fuga;

1867 2812 1931 2852 ac
1970 2797 2326 2866 direptionem
2383 2798 2651 2850 bonorum
2703 2812 2948 2863 suorum,
2976 2796 3200 2866 perinde
3239 2813 3302 2850 ac
3365 2797 3442 2852 illi

1867 2890 1932 2944 de
1977 2889 2177 2958 quibus
2219 2887 2420 2942 Paulus
2477 2889 2793 2944 testiﬁcatus
2839 2900 2920 2944 est
2946 2889 3010 2956 ⁸³,
3061 2906 3184 2944 cum
3237 2891 3436 2960 gaudio

1867 2990 2214 3050 exceperunt.
2262 2979 2370 3034 Nec
2400 2996 2588 3034 eorum
2637 2981 2948 3049 quisquam,
2996 2981 3143 3050 quod
3182 2983 3436 3050 equidem

1868 3075 2057 3138 sciam,
2093 3073 2196 3128 nisi
2231 3072 2464 3127 fortasse
2491 3088 2632 3126 unus
2663 3073 2862 3142 aliquis
2896 3074 2948 3126 in
2989 3073 3204 3126 illorum
3241 3088 3436 3128 manus

1869 3166 2134 3232 incidens,
2171 3165 2432 3220 hactenus
2457 3165 2672 3234 quidem
2709 3163 2877 3217 Deum
2919 3166 3149 3234 negavit.

1933 3258 2022 3314 ιιι.
2067 3257 2170 3311 Sed
2204 3265 2257 3311 et
2283 3256 2662 3310 admirandam
2695 3257 2842 3310 illam
2871 3265 3140 3324 provecta:
3161 3257 3275 3327 jam
3305 3265 3437 3312 aeta-

1861 3351 1931 3405 tis
1980 3347 2240 3420 virginem
2292 3348 2632 3416 Apolloniam
2696 3357 2826 3402 tunc
2881 3349 3432 3418 comprehenderunt.

1860 3443 1926 3498 Et
2003 3443 2250 3496 maxillas
2311 3443 2530 3512 quidem
2580 3442 2700 3510 ejus
2768 3443 3153 3510 verberantes,
3205 3451 3435 3498 cunctos

1859 3521 1908 3590 ei
1933 3536 2122 3589 dentes
2151 3541 2530 3590 excusserunt.
2565 3533 2785 3588 Structo
2835 3544 3016 3590 autem
3056 3545 3206 3589 extra
3243 3535 3431 3589 urbem

1860 3641 2011 3696 rogo,
2040 3625 2386 3679 minabantur
2410 3625 2586 3678 vivam
2613 3640 2670 3679 se
2696 3625 2841 3679 illam
2871 3625 3274 3691 combusluros,
3326 3625 3434 3680 nisi

1861 3734 1967 3773 nua
1999 3734 2123 3773 eum
2157 3718 2286 3788 ipsis
2311 3717 2474 3786 impia
2501 3718 2665 3772 verba
2693 3719 3086 3786 pronuntiaret.
3124 3721 3191 3771 At
3218 3717 3307 3772 illa
3343 3734 3436 3771 ve-

1859 3812 2004 3865 niam
2018 3811 2291 3878 deprecari
2311 3811 2730 3880 paulispervisa,
2750 3820 2913 3880 atque
2942 3810 3156 3864 interim
3185 3811 3432 3875 dimissa,

1859 3904 2105 3959 celeriter
2139 3905 2192 3956 in
2227 3905 2405 3976 ignem
2449 3903 2640 3958 insiliit
2665 3911 2718 3958 et
2745 3902 3117 3972 conﬂagravit.
3165 3903 3434 3958 Praeterea

1863 3996 2210 4065 Serapionem
2253 3995 2540 4064 quemdam
2579 4009 2702 4048 cum
2747 3995 2799 4047 in
2842 3995 3048 4048 aedibus
3089 3995 3204 4048 suis
3241 3995 3436 4065 depre-

1861 4088 2194 4151 hendisscnt,
2220 4085 2591 4141 acerbissimis
2641 4085 2922 4139 tormentis
2950 4086 3352 4150 excruciarunt,
3380 4094 3434 4140 et

1861 4181 2120 4234 membris
2151 4180 2408 4234 omnibus
2445 4177 2785 4233 confractum
2819 4192 2884 4232 ex
2924 4178 3206 4234 emnaeulo
3236 4179 3432 4249 prmci-

1859 4271 2024 4340 pitem
2070 4270 2398 4340 dejeeerunt.
2447 4268 2617 4323 Porro
2651 4284 2943 4338 nusquam,
2995 4284 3102 4322 non
3148 4281 3244 4337 per
3288 4269 3430 4323 viam

1860 4365 2154 4434 publicam,
2195 4380 2304 4418 non
2338 4380 2430 4433 per
2463 4363 2778 4432 angiportus
2809 4361 3078 4428 incedere,
3111 4371 3204 4416 aut
3242 4371 3431 4436 noctu,

1863 4464 1958 4510 aut
2002 4455 2238 4510 interdiu
2297 4454 2456 4509 nobis
2507 4453 2725 4519 licebat,
2771 4468 2895 4507 eum
2929 4468 3119 4506 onmes
3155 4453 3354 4523 ubique
3379 4459 3434 4506 et

259 4789 367 4863 (78)
397 4791 514 4859 Τὴν
535 4795 859 4859 θρησκείαν
883 4792 1000 4845 τῶν
1021 4792 1336 4860 δαιμόνων.
1365 4791 1606 4863 Delenda
1623 4791 1753 4846 mibi

1870 4787 2217 4863 Christianos,
2255 4798 2626 4863 pi'weunte_me
2668 4787 2789 4863 deos
2815 4787 3162 4863 appellarem,
3194 4825 3256 4863 ..ε
3292 4802 3432 4856 ρνω-
3491 4809 3508 4822 ·

175 4862 434 4915 Videntur
465 4865 576 4916 bazc
619 4865 779 4916 verba
807 4881 821 4926 ;
852 4864 1050 4932 quippe
1093 4879 1212 4931 quae
1257 4878 1478 4916 sensum
1508 4862 1748 4932 turbant,

173 4942 234 4986 et
261 4933 331 4985 ab
365 4933 542 4999 inepto
570 4931 1127 5002 scboliaste’ascripta
1161 4941 1290 4988 sunt
1335 4933 1402 4987 ad
1439 4931 1754 5002 esplicatioo

175 5016 304 5055 nem
332 5003 480 5054 vocis
511 5005 880 5069 pratcedentis.
906 5000 1104 5057 Vanis.
1271 5048 1276 5052 .
1331 5042 1343 5052 .

249 5071 365 5143 (79)
389 5073 462 5124 Τὰ
477 5071 582 5140 τῆς
598 5074 872 5138 ἀσεϐείας
887 5075 1252 5142 κηρύγματα.
1271 5072 1528 5143 Quaenam
1552 5071 1752 5126 iuerint

176 5141 288 5196 illae
322 5152 500 5213 vo‘ces,
535 5143 750 5197 eliﬂieile
782 5153 863 5197 est
906 5141 1107 5205 dicere,
1161 5160 1298 5213 quas
1343 5142 1534 5213 ἀθέους
1569 5143 1749 5210 φωνάς

174 5213 400 5266 vocabit
428 5211 717 5282 Dionysius
747 5213 885 5266 infra
932 5215 985 5266 in
1020 5211 1242 5281 cpistola
1288 5215 1353 5266 ad
1395 5212 1748 5282 Germanum,

173 5292 232 5338 et
259 5282 518 5362 δίᾶΛσφΕμα
546 5281 763 5362 ῥήματα
777 5293 949 5362 Avocat
973 5285 1028 5336 in
1057 5283 1157 5362 bac
1187 5284 1435 5362 epistola.
1462 5281 1543 5362 in,

251 5352 365 5422 (80)
399 5355 474 5405 Τὰ
498 5352 608 5419 τῆς
647 5355 924 5418 ἀσεϐείας
964 5356 1329 5422 κηρύγματα.
1379 5352 1748 5406 Existiniarim

173 5423 432 5494 equidem
472 5424 556 5476 bis
584 5425 821 5494 Dionysii
853 5425 1032 5479 verbis
1068 5426 1195 5479 illud
1238 5424 1411 5486 innui,
1441 5423 1584 5492 quod
1619 5423 1749 5494 legif

177 5489 305 5546 flius
341 5494 394 5545 in
423 5494 572 5547 Actis
603 5495 659 5548 S.
692 5489 994 5564 Polycarpi,
1041 5511 1161 5563 cap.
1206 5495 1273 5557 9,
1319 5494 1420 5564 ubi
1455 5489 1748 5564 proconsul

178 5574 428 5634 sanctum
464 5576 751 5634 martyri-In
784 5561 1064 5632 alloquens
1091 5561 1287 5627 aiebat,
1311 5563 1631 5632 Λοιδόρησον
1657 5561 1746 5614 τὸν

178 5632 756 5702 Χριστόν,(ἶοηυὶεὶιιηι
789 5635 872 5703 [ac
905 5635 1136 5689 Christo.
1165 5636 1299 5689 illud
1331 5635 1474 5688 enim
1506 5634 1557 5685 in
1598 5648 1748 5685 more

178 5703 420 5775 positum
448 5703 642 5775 _l'uisse
685 5704 1119 5759 Christianorum
1174 5704 1632 5775 persecutoribus,
1690 5710 1750 5755 ut

181 5774 402 5827 tlbristo
445 5773 497 5825 in
531 5775 719 5841 primis
750 5775 1153 5840 maledicerent,
1176 5773 1246 5830 ex
1287 5774 1464 5827 Plinio
1485 5774 1746 5827 discimus

179 5842 276 5900 lib.
309 5859 363 5908 κ,
394 5844 550 5913 epist.
589 5843 656 5899 97
691 5864 701 5897 :
739 5843 891 5912 Cum,
933 5845 1127 5916 inquit,
1158 5847 1247 5915 qui
1278 5855 1521 5915 negarent
1555 5860 1608 5897 se
1638 5859 1748 5896 esse

1786 5104 1795 5111 θ

1859 4870 1998 4912 terea
2025 4855 2392 4911 maledicere":
2423 4855 2630 4911 Christo
2678 4855 2920 4926 (quorum
2966 4859 3097 4910 nihil
3140 4858 3254 4926 cogi
3281 4855 3432 4926 posse

1857 4930 2125 4995 dimittar,
2157 4928 2246 4995 qui
2273 4937 2392 4980 sunt
2442 4943 2494 4980 re
2543 4944 2663 4980 vera
2715 4927 3048 4993 Christiani),
3092 4929 3428 4980 dimittendos

1857 4989 2058 5068 putavi:
2089 4989 2197 5049 Alli
2230 5013 2282 5050 se
2331 4996 2658 5051 Christianos
2691 4997 2854 5066 fuisse
2905 4989 3121 5068 quidem
3147 4996 3428 5060 dixerunt,

1857 5066 1946 5123 sed
1992 5069 2242 5133 desiisse;
2289 5069 2378 5138 qui
2425 5083 2599 5121 omnes
2747 5066 2959 5122 Christo
3012 5066 3422 5122 maledixerunt.

1857 5139 2023 5193 GALL.

1927 5209 2056 5330 (81))
2080 5207 2412 5276 Ἐρέσντιον.
2435 5205 2920 5288 Νἰηοριιοιιιςιρεῑι
2955 5206 3217 5275 Ἐφέσιον,
3249 5206 3428 5277 pessi-

1927 5296 1963 5330 2.
2061 5294 2089 5330 e
2140 5281 2242 5330 hoc
2295 5276 2612 5330 Serapione.
2661 5278 2801 5330 Beda
2849 5291 2903 5330 et
2945 5276 3226 5330 Usuardns
3266 5279 3330 5330 ad
3361 5279 3428 5330 M

1856 5276 1963 5333 me.
2015 5276 2089 5332 De
2140 5281 2242 5332 hoc
2295 5276 2612 5346 Serapione,
2661 5278 2801 5332 Beda
2848 5276 2903 5333 et
2945 5276 3226 5332 Usuardns
3252 5276 3330 5332 ad
3361 5279 3430 5332 M

1855 5348 2210 5414 Novembris;
2245 5347 2338 5402 ubi
2381 5363 2515 5418 eum,
2545 5349 2651 5418 sub
2684 5349 2846 5404 Decio
2875 5365 3094 5418 passum
3134 5364 3254 5403 esse
3285 5348 3429 5401 atlir-

1857 5431 2028 5473 ruant.
2083 5418 2187 5472 Sed
2242 5419 2436 5473 melius
2489 5417 2754 5488 dixissent
2805 5417 2907 5474 sub
2966 5419 3236 5488 Philippo.
3291 5418 3426 5472 Nam

1857 5489 2148 5559 Dionysius
2182 5489 2233 5542 in
2267 5490 2367 5542 bac
2401 5489 2465 5541 ad
2498 5487 2724 5543 Fabium
2765 5490 2992 5559 epistola
3025 5487 3227 5559 diserte
3259 5497 3426 5559 testa:

1859 5573 1966 5625 tur,
2003 5557 2320 5628 Serapionis
2350 5560 2692 5630 aliorumque
2738 5557 2995 5630 inartyria
3028 5568 3151 5630 ante
3194 5557 3430 5629 Philippi

1858 5632 2048 5699 imper.
2085 5631 2290 5684 obitum
2341 5629 2626 5684 accidiSse.
2677 5628 2819 5685 Idem
2871 5628 3023 5684 error
3073 5629 3125 5684 in
3171 5628 3430 5686 omnibus

1856 5700 2254 5772 MarterIOgii_s
2303 5701 2576 5754 admissus
2622 5702 2808 5772 estde
2855 5700 3164 5772 Apollonia_
3196 5702 3425 5772 virgine,

1857 5768 2018 5895 quam
2069 5768 2175 5826 sub
2217 5770 2378 5826 Decio
2423 5787 2640 5842 passam
2691 5771 2879 5826 dicunt
2905 5768 3002 5825 die
3047 5771 3081 5826 9
3126 5768 3427 5824 Februarii.

1906 5858 2054 5895 λικε.

1906 5858 2054 5896 λιπες.
