3888 6498
238 343 370 397 1301

1354 333 1573 390 EPIST.
1616 334 1705 387 AD
1744 330 2002 389 FABIUM
2042 329 2361 385 ANTIOCH.

3328 329 3489 385 15οἚ

228 464 530 533 θρασύτητι
567 460 628 515 τὸ
684 458 816 532 μηδὲ
857 457 1119 530 πρότερον
1148 457 1463 527 Χριστιανοὶ
1492 454 1769 523 γεγονέναι

1908 450 2106 521 pusillo
2141 449 2323 504 animo
2348 465 2486 505 esse.
2515 448 2617 503 Alii
2650 461 2776 503 vero
2799 447 3101 519 promptius
3128 446 3194 501 ad
3226 462 3349 502 aras
3384 451 3478 503 ad-

228 550 363 624 περὶ
401 544 479 605 ὧν
521 553 554 621 ή
593 549 685 603 τοῦ
731 549 935 620 Κυρίου
984 547 1286 620 πρόρρησις
1328 546 1685 618 ἀληθεστάτη,
1720 547 1801 598 ὅτι

223 642 500 705 δυσκόλως
524 640 876 712 σωθήσονται.
905 638 1025 693 Τῶν
1056 639 1113 692 δὲ
1140 636 1359 701 λοιπῶν,
1388 639 1434 690 οἰ
1471 637 1568 707 μὲν
1589 637 1802 690 εἵποντο

221 732 438 796 τούτοις
482 732 794 803 ἑκατέροις·
841 731 889 783 οἱ
929 729 985 782 δὲ
1023 728 1282 797 ἔφευγονο
1322 728 1372 779 οἱ
1409 726 1463 779 δὲ
1498 727 1797 797 ἡλίσκοντο.

221 824 337 879 Καὶ
361 825 563 878 τούτων
585 826 632 877 οἱ
680 822 778 894 μὲν
812 822 937 893 ἄχρι
960 820 1177 891 δεσμῶν
1212 820 1305 874 καὶ
1333 818 1575 889 φυλακῆς
1616 820 1799 889 χωρή-

218 934 417 980 σαντες
448 934 462 948 ·
517 915 610 970 καί
658 932 829 978 τινες,
880 912 975 967 καὶ
1020 912 1268 993 πλείονας
1320 910 1529 982 ἡμέρας
1577 910 1796 982 καθειρ-

216 1006 461 1078 χθέντες,
496 1004 613 1061 εἶτα
638 1007 730 1061 καὶ
752 1006 880 1077 πρὶν
905 1006 983 1067 είς
1007 1003 1347 1074 δικαστήριον
1371 1000 1647 1065 εἰσελθεῖν,
1673 1000 1798 1065 ἐξω-

218 1102 489 1169 μόσαντοο
524 1102 572 1153 oi
604 1100 661 1153 δὲ
695 1099 788 1153 καὶ
822 1097 1073 1168 βασάνοις
1121 1095 1215 1149 ἐπὶ
1250 1096 1412 1149 ποσὸν
1462 1096 1795 1166 ἐγκαρτερή-

214 1207 438 1255 σαντες,
464 1190 599 1263 πρὸς
627 1190 686 1243 τὸ
714 1190 839 1260 ἑξῆς
873 1189 1121 1243 ἀπεῖπον.

1905 543 2226 607 currebant,
2279 542 2535 597 audacter
2573 542 2899 597 afﬁrmantes
2927 555 3205 610 nunquam
3237 554 3296 594 se
3317 547 3475 593 antea

1901 634 2241 690 Christianos
2298 633 2467 690 fuisse
2508 635 2613 690 :de
2663 635 2861 705 quibus
2910 633 3193 687 verissime
3228 630 3475 701 przedixit

1900 726 2029 780 olim
2056 726 2343 788 Dominus.
2370 726 2639 797 ejusmodi
2664 727 2909 781 homines
2932 741 3071 795 aegre
3098 725 3325 779 salutem
3350 738 3478 777 con-

1901 827 2209 875 secuturos.
2262 818 2451 874 Caateri
2500 828 2679 873 autem
2720 818 2915 888 partim
2957 817 3247 871 alterutros
3284 830 3472 869 eorum

1903 927 2042 981 quos
2070 911 2307 967 diximus
2336 952 2350 976 ,
2409 911 2805 980 sequebantur;
2858 908 3051 979 partim
3098 923 3155 963 se
3204 908 3257 960 in
3290 905 3473 975 fugam

1901 1003 2140 1069 dabant;
2195 1005 2393 1074 partim
2451 1002 3065 1073 comprehendebantur.
3130 998 3208 1052 Ex
3272 998 3472 1069 quibus

1901 1096 2178 1160 nonnulli,
2214 1112 2335 1151 cum
2370 1110 2541 1164 usque
2576 1094 2642 1149 ad
2676 1094 2886 1149 vincula
2926 1104 2981 1148 et
3009 1092 3309 1148 custodiam
3345 1104 3474 1160 pro-

1900 1190 2073 1258 gressi
2113 1197 2329 1252 essent,
2357 1190 2577 1259 quidam
2612 1189 2773 1243 etiam
2800 1188 3073 1257 plusculos
3108 1187 3223 1240 dies
3264 1186 3316 1238 in
3351 1198 3474 1237 ear-

208 1298 346 1339 cere
371 1283 768 1353 perstitissent,
816 1281 967 1350 prius
1004 1289 1182 1333 tamen
1233 1293 1395 1349 quam
1437 1278 1491 1331 in
1529 1277 1792 1347 judicium
1844 1278 2251 1345 inducerentur,
2312 1282 2473 1336 Iidem
2530 1281 2832 1350 ejurarunt.
2888 1277 3139 1351 Nonnulli
3168 1292 3293 1330 vero
3345 1287 3469 1331 cum

213 1375 538 1445 aliquandiu
574 1382 839 1428 tormenta
875 1372 1087 1426 fortiter
1113 1370 1519 1435 sustinuissent,
1550 1370 1617 1424 ad
1657 1370 1861 1440 reliqua
1897 1373 2462 1441 quaiintentabantur
2510 1371 2769 1442 supplicia
2806 1370 3016 1424 animos
3043 1367 3467 1437 desponderunt.

290 1471 366 1523 E’.
400 1470 463 1523 Οἱ
489 1469 544 1521 δὲ
571 1469 788 1539 στερροὶ
818 1466 911 1520 καὶ
947 1468 1203 1537 μακάριοι
1230 1464 1409 1519 στῦλοι
1437 1464 1530 1518 τοῦ
1566 1466 1790 1537 Κυρίου,

212 1560 780 1633 κραταιωθέντεςςύτέ
828 1559 1015 1621 αὐτοῦ,
1053 1559 1145 1611 καὶ
1192 1558 1291 1629 τῆς
1321 1558 1548 1630 ἰσχυρᾶς
1581 1558 1638 1609 ἐν
1672 1560 1795 1610 ἐαυ-

213 1658 332 1718 τοῖς
356 1655 589 1715 πίστεως
616 1652 773 1718 ἀξίαν
799 1652 891 1705 καὶ
914 1651 1174 1720 ἀνάλογον
1205 1650 1433 1722 δύναμιν
1473 1652 1566 1705 καὶ
1596 1668 1787 1721 καρτε-

216 1747 342 1817 ρίαν
368 1746 643 1809 λαϐόντες,
673 1744 978 1814 θαυμαστοὶ
1031 1743 1316 1812 γεγόνασιν
1362 1743 1523 1797 αὐτοῦ
1556 1744 1656 1813 τῆς
1693 1743 1786 1812 βα-

1968 1466 2032 1520 ν.
2076 1466 2275 1523 Verum
2310 1468 2453 1522 beati
2490 1468 2563 1520 illi
2588 1483 2651 1521 ac
2697 1467 2917 1521 stabiles
2946 1465 3209 1519 columna:
3236 1462 3468 1532 Domini,

1894 1558 1961 1612 ab
1988 1561 2107 1628 ipso
2132 1561 2461 1626 conﬁrmati,
2488 1569 2542 1614 et
2569 1559 2689 1613 ﬁdei
2725 1575 2835 1613 suae
2868 1558 3050 1613 robori
3081 1564 3468 1627 congruentem

1893 1660 1945 1704 et
1990 1667 2056 1707 ex
2096 1668 2251 1722 teque
2300 1652 2715 1722 respondentem
2765 1650 2873 1703 vim
2902 1659 3065 1720 atque
3106 1647 3467 1703 constantiam

1892 1743 2069 1809 nacti,
2123 1742 2471 1798 admirabiles
2512 1744 2659 1812 regni
2704 1742 2847 1795 illius
2896 1747 3061 1793 testes
3099 1739 3272 1794 effecti
3318 1746 3465 1793 sunt.

214 1837 419 1901 σιλείας
448 1838 738 1909 μάρτυρες.
774 1830 873 1889 Ὧν
904 1835 1117 1905 πρῶτος
1178 1836 1477 1899 Ἰουλιανὸς,
1510 1835 1781 1907 ἅνθρωπος

1894 1834 2135 1901 Quorum
2173 1837 2382 1905 primus
2428 1834 2676 1889 Julianus
2705 1876 2718 1899 ,
2770 1834 2851 1885 vir
2892 1831 3142 1901 podagrae
3187 1829 3467 1883 doloribus

214 1931 509 2002 ποδαγρὸς,
549 1931 621 2002 μὴ
657 1934 868 2003 στῆναι,
928 1930 1001 2001 μὴ
1058 1929 1268 1999 βαδίσαι
1326 1928 1639 1998 δυνάμενος,
1694 1930 1788 1980 σὺν

210 2022 427 2092 ἑτέροις
458 2021 551 2075 δύο
583 2025 695 2085 τοῖς
748 2023 1003 2093 φέρουσιν
1052 2019 1235 2083 αὑτὸν,
1297 2018 1611 2089 προσήχθη·
1655 2010 1729 2070 ὧν
1761 2020 1789 2070 ὁ

212 2113 317 2183 μὲν
346 2112 551 2184 ἔτερος,
600 2113 761 2175 εὐθὺς
818 2113 1110 2182 ἠρνήσατοο
1154 2113 1182 2163 ὁ
1230 2110 1274 2163 δ’
1327 2110 1511 2179 ἕτερος
1544 2108 1787 2179 Κρονίων

204 2204 460 2274 ὀνόματι,
494 2203 718 2274 ἐπίκλην
751 2204 807 2256 δὲ
838 2202 1061 2267 Εῦνους,
1097 2202 1190 2255 καὶ
1224 2201 1381 2264 αὐτὸς
1424 2202 1453 2253 ὁ
1478 2200 1787 2271 πρεσϐύτης

220 2296 528 2360 Ἰουλιανὸς,
575 2298 1005 2367 ὁμολογήσαντες
1050 2296 1142 2351 τὸν
1194 2294 1427 2366 Κύριον,
1477 2295 1562 2348 διά
1608 2295 1787 2365 πάσης

200 2386 312 2456 τῆς
346 2386 549 2450 πόλεως
580 2387 842 2457 μεγίστης
865 2386 1054 2457 οὔσης,
1083 2387 1158 2449 ὡς
1200 2386 1333 2449 ἴστε,
1367 2383 1633 2454 καμήλοις
1661 2386 1785 2437 επο-

200 2478 460 2549 χούμενοι
491 2479 583 2532 καὶ
608 2479 871 2550 μετέωροι
906 2477 1517 2549 μαστιγούμενοι,τέλος
1539 2476 1785 2546 ἀσϐέστῳ

204 2571 345 2642 πυρὶ
397 2571 506 2642 (89)
566 2571 994 2642 περικεχυμένου
1053 2570 1143 2623 τοῦ
1192 2570 1359 2641 δήμου
1394 2570 1593 2632 παντὸς
1622 2586 1784 2621 κατε-

198 2665 443 2736 κάησαν.
471 2663 819 2736 Στρατιώτης
866 2681 925 2717 τε
981 2664 1162 2725 αὐτοῖς
1202 2662 1567 2731 ἀπαγομένοις
1606 2678 1783 2730 παρα-

198 2752 366 2821 στὰς,
399 2758 490 2810 κα)⁵
520 2759 634 2821 τοῖς
666 2756 1047 2827 ὲφυϐρὶζουσιν
1094 2754 1451 2819 ἐναντιωθεὶς,
1485 2753 1782 2825 ἐκϐοησάν-

196 2864 317 2899 των
348 2848 570 2901 ἐκείνων
601 2846 929 2920 προσαχθεὶς
979 2848 1007 2899 ὀ
1057 2846 1433 2917 ἀνδρειότατος
1476 2845 1781 2915 ὁπλομάχος

194 2938 300 2990 τοῦ
333 2939 465 2992 Θεοῦ
492 2940 692 3009 Βησᾶς,
719 2940 822 2992 κάν
855 2938 931 3009 τῷ
983 2938 1202 3011 μεγάλῳ
1256 2937 1481 3009 πολέμῳ
1530 2938 1608 3009 τῷ
1655 2940 1782 3009 περὶ

198 3030 309 3100 τῆς
334 3033 610 3096 εὐσεϐείας
668 3032 1015 3105 ἀριστεύσας,
1077 3030 1365 3102 ἀπετμήθη
1393 3032 1491 3101 τὴν
1515 3032 1777 3102 κεφαλήν.

203 3124 322 3177 Καί
366 3142 447 3186 τις
472 3124 658 3197 ἕτερος
685 3125 745 3177 τὸ
794 3126 889 3195 μὲν
930 3123 1083 3193 γένος
1110 3123 1297 3187 Λίϐυς,
1347 3123 1443 3194 τὴν
1486 3124 1542 3176 δὲ
1575 3141 1779 3194 προση-

194 3217 396 3287 γορίαν
446 3218 561 3285 ἅμα
610 3217 702 3271 καὶ
753 3216 851 3287 τὴν
880 3215 1126 3283 εὐλογίαν
1181 3214 1384 3286 ἀληθὴς
1414 3215 1613 3286 Μάκαρ
1642 3216 1773 3286 (90),

194 3308 522 3380 προτροπῆς
556 3308 704 3379 αύτῷ
732 3308 930 3377 πολλῆς
965 3307 1069 3360 ὑπὸ
1119 3305 1212 3359 τοῦ
1236 3305 1487 3359 δικαστοῦ
1514 3307 1647 3378 πρὸς
1675 3309 1773 3378 ἀρ-

195 3414 361 3471 νησιν
390 3400 707 3472 γενομένης,
738 3401 834 3471 οὺχ
866 3398 1146 3469 ὑπαχθεὶς,
1175 3397 1281 3461 ζῶν
1315 3398 1770 3467 καταπέφλεκται·

210 3492 515 3562 Ἑπίμαχὸς
556 3510 614 3545 τε
675 3494 789 3562 μετ’
825 3492 1020 3553 αὐτοὺς
1076 3492 1167 3543 καὶ
1215 3488 1576 3560 Ἀλέξανδρος,
1641 3491 1777 3560 μετά

195 3583 373 3637 πολὺν
414 3584 523 3655 (9|)
570 3584 628 3637 ὃν
673 3584 895 3655 ἔμειναν
928 3582 1201 3653 δεσμῶται
1236 3581 1446 3653 χρόνον,
1479 3582 1673 3653 μυρίας
1698 3583 1775 3635 δι-

194 3676 518 3743 ενεγκόντες
575 3676 906 3747 ἀλγηδόνας,
967 3674 1259 3746 ξυστῆρας,
1321 3674 1607 3743 μάστιγας,
1644 3676 1775 3745 πυρὶ

192 3768 455 3840 ἀσϐέστῳ
484 3770 578 3823 καὶ
607 3764 751 3825 οῦτοι
781 3767 1119 3839 διεχύθησαν.

269 4045 365 4111 ς’.
407 4043 518 4097 Καὶ
553 4045 648 4098 σὺν
675 4044 855 4109 αὐτοῖς
895 4046 1147 4113 γυναῖκες
1174 4046 1453 4115 τέσσαρες·
1498 4044 1773 4113 Ἄμμωνά-

195 4153 318 4189 οιον
353 4151 412 4187 τε
440 4137 572 4204 ἀγία
612 4137 898 4207 παρθένος,
926 4139 1065 4191 πάνυ
1115 4136 1430 4205 φιλονείκως
1456 4136 1623 4206 αὐτὴν
1652 4138 1772 4189 ἐπι-

194 4228 451 4281 πλεῖστον
508 4229 603 4282 τοῦ
636 4230 889 4283 δικαστοῦ
946 4230 1351 4300 βασανίσαντος,
1405 4229 1499 4282 ἆτε
1532 4224 1772 4300 προαπο-

193 4320 519 4391 φηναμένην
551 4321 625 4385 ῶς
659 4321 823 4392 μηδὲν
852 4314 926 4374 ὧν
957 4324 1159 4385 ἐκεῖνος
1211 4321 1421 4375 κελεύοι
1465 4320 1770 4390 φθέγξαιτο,

192 4410 545 4481 ἀληθεύσασα
574 4412 671 4482 τὴν
727 4413 1076 4481 ἐπαγγελίαν,
1130 4414 1369 4485 ἀπήχθη·
1399 4416 1454 4466 αἱ
1484 4414 1540 4466 δὲ
1564 4414 1771 4475 λοιπαὶ,

195 4506 231 4573 ἡ
270 4505 789 4576 σεμνοπρεπεστάτη
852 4506 1147 4577 πρεσϐύτις
1206 4506 1551 4577 Μερκουρία,
1611 4508 1705 4559 καὶ
1738 4508 1771 4576 ἡ
1810 4541 1851 4593 D

198 4595 474 4659 πολύπαις
513 4597 631 4666 μὲν,
664 4598 761 4667 ούχ
790 4598 930 4668 ὑπὲρ
962 4598 1052 4650 τὸν
1088 4596 1292 4667 Κύριον
1336 4598 1391 4649 δὲ
1444 4599 1775 4668 ἀγαπήσασα

198 4687 406 4758 ἑαυτῆς
450 4688 517 4743 τὰ
572 4688 740 4742 τέκνα
771 4689 1022 4743 Διονυσία
1056 4688 1187 4759 (92),
1225 4689 1663 4753 καταιδεσθέντος
1698 4692 1774 4753 είς

274 4886 388 4956 (89)
428 4886 716 4951 Ἀσὸέστῳ
738 4889 900 4956 πλιιρί.
929 4887 1110 4941 Potest.
1132 4889 1272 4940 enim
1302 4890 1434 4943 verti
1470 4890 1593 4941 vim
1616 4890 1774 4943 calcis

200 4956 467 5008 incendio.
496 4956 585 5011 Sic
612 4958 752 5011 infra
781 4960 845 5010 de
872 4957 1163 5025 Epimacho
1196 4967 1249 5011 et
1284 4959 1590 5010 Alexandro
1618 4958 1773 5021 dixit,

202 5028 340 5099 πυρὶ
370 5026 614 5099 ἀσϐέστῳ
651 5028 991 5099 διεχύθησαν.
1024 5026 1125 5099 Pro
1159 5043 1289 5099 quom
1310 5027 1647 5099 Nicephorus
1678 5029 1775 5082 ha-

202 5096 296 5149 bet
329 5097 548 5167 τιτάνῳ.
588 5096 655 5151 ⁷1η
702 5096 903 5152 Μεηαίο
954 5098 1019 5151 ad
1074 5098 1217 5167 diem
1263 5098 1331 5149 ’50
1381 5096 1773 5165 Οοιοίηιίεῆυιή

202 5168 413 5238 mentio
459 5168 517 5220 ﬁt
571 5168 763 5221 horum
843 5178 1141 5238 martyrum
1194 5166 1413 5238 Juliani,
1484 5168 1775 5222 (lronionis

199 5245 259 5290 et
312 5235 815 5308 Iliacarii,__legitur
861 5235 1123 5291 ἀσϐέστου
1171 5237 1381 5302 ζέοντος
1431 5240 1550 5291 κατ’
1601 5239 1777 5292 αὐτῶν

200 5306 542 5375 ἐκχυθέντος.
580 5306 784 5361 Vates.

278 5377 389 5445 (90)
425 5378 534 5430 Καὶ
574 5377 687 5445 τὴν
732 5378 1015 5445 εὐλογίαν
1054 5378 1285 5444 ἀληθὴς
1315 5378 1539 5447 Μάκαρ.
1577 5379 1777 5433 Alludit

202 5446 499 5514 Dionysius
533 5449 599 5501 ad
629 5448 792 5501 verba
818 5449 903 5501 illa
939 5449 1141 5502 Christi
1169 5451 1221 5503 in
1258 5446 1587 5518 Evangelia:
1623 5449 1775 5502 Beati
1818 5488 1821 5491 .

202 5518 354 5578 estis,
389 5533 505 5568 cum
537 5520 792 5585 persecuti
824 5535 909 5571 vos
950 5519 1143 5585 fuerint
1175 5520 1429 5582 homines,
1462 5530 1590 5581 σξιο..
1631 5520 1776 5587 quod

204 5598 389 5658 tamen
430 5602 536 5639 non
574 5589 704 5641 vidit
727 5588 1273 5655 Christophorsonus.
1300 5590 1401 5658 Qui
1432 5591 1590 5644 etiam
1628 5590 1679 5641 in
1712 5604 1777 5642 eo

204 5655 707 5728 hallueinatuscst,
741 5660 885 5728 quod
923 5659 1215 5712 Macarium
1254 5655 1397 5713 hunc
1431 5660 1560 5712 facit
1584 5658 1772 5711 Afrum

203 5740 307 5851 {)I'O
336 5725 555 5807 Libyco.
592 5725 873 5797 Eleganter
901 5737 1079 5782 autem
1112 5729 1342 5783 Ruﬁnus
1373 5731 1514 5782 hunc
1539 5728 1773 5799 Dionysii

226 5811 390 5851 ocum
441 5807 511 5850 tta
566 5799 719 5851 vertit
756 5816 767 5849 :
809 5797 959 5851 Alius
1006 5799 1216 5851 quidam
1273 5802 1347 5851 vir
1409 5800 1630 5851 nominis
1694 5800 1773 5851 sui

226 5811 390 5851 ocum
441 5797 511 5850 ita
566 5799 719 5853 vertit
756 5816 767 5849 :
809 5797 959 5852 Ali’us
1006 5799 1216 5867 quidam
1273 5802 1347 5853 vir
1409 5800 1630 5853 nominis
1681 5797 1774 5852 sui

1890 1930 2239 1993 constrictus,
2276 1928 2368 1998 qui
2398 1943 2496 1981 nec
2522 1936 2665 1981 stare
2691 1933 2901 1995 poterat
2929 1939 3027 1977 nec
3054 1922 3322 1986 incedere,
3356 1934 3465 1973 una

1890 2037 2013 2076 cum
2043 2022 2257 2075 duobus
2285 2020 2403 2075 aliis
2427 2020 2521 2089 qui
2551 2020 2730 2088 ipsum
2759 2016 3047 2086 portabant
3075 2012 3337 2067 adductus
3361 2020 3465 2065 est.

1890 2116 2093 2170 llorum
2134 2117 2268 2170 alter
2297 2116 2476 2171 statim
2506 2112 2738 2182 negavit.
2775 2112 2923 2165 Alter
2952 2108 3171 2164 nomine
3202 2105 3464 2167 Cronion,

1888 2208 1980 2278 qui
2024 2207 2211 2262 Ennus
2248 2206 2755 2276 cognominabatur,
2790 2216 3003 2256 necnon
3049 2208 3102 2253 et
3151 2214 3313 2253 senex
3350 2198 3465 2266 ipse

1886 2303 2155 2371 Julianus,
2203 2320 2327 2359 cum
2369 2302 2647 2356 Christum
2690 2297 2928 2354 confessi
2967 2304 3168 2359 essent,
3202 2308 3300 2363 per
3340 2289 3463 2345 uni—

1885 2410 2099 2450 versam
2131 2394 2341 2455 urbem,
2372 2408 2493 2463 qua:
2518 2392 2759 2462 quidem,
2789 2398 2847 2442 ut
2872 2387 3068 2454 nostis,
3095 2386 3332 2439 maxima
3355 2392 3459 2447 est,

1885 2488 2109 2543 camelis
2147 2486 2465 2549 insidentes,
2496 2484 2678 2554 ﬂagris
2721 2480 2980 2536 sublimes
3006 2476 3304 2540 verberati,
3342 2485 3461 2529 tan-

1884 2580 2006 2637 dem
2079 2579 2461 2634 ardenlissimo
2500 2578 2622 2645 igne
2674 2572 3005 2629 circumfusa
3065 2572 3232 2627 totius
3275 2568 3458 2640 populi

1884 2669 2229 2724 multitudine
2272 2666 2583 2736 consumpti
2622 2673 2768 2720 sunt.
2820 2662 2973 2718 Miles
3014 2677 3143 2718 vero
3184 2662 3279 2732 qui
3326 2660 3461 2730 ipsis

1884 2764 2011 2816 dum
2051 2762 2118 2817 ad
2156 2762 2484 2832 supplicium
2525 2758 2853 2814 ducerentur
2883 2757 3129 2819 astabat,
3172 2764 3227 2809 ct
3266 2762 3457 2810 contu-

1884 2854 2103 2907 meliam
2140 2852 2434 2908 inferentes
2463 2850 2796 2921 propulerat,
2832 2848 3027 2904 Bersas
3056 2848 3297 2910 nomine,
3326 2858 3461 2900 con-

1884 2944 2153 2998 clamante
2184 2943 2445 2997 adversus
2473 2957 2595 2996 eum
2636 2940 2837 3010 populo
2864 2940 2917 2994 in
2941 2939 3031 3008 jus
3054 2937 3323 2992 adductus
3349 2943 3453 2990 est.

1883 3034 1985 3092 Ubi
2030 3034 2366 3091 fortissimus
2405 3034 2499 3089 Dei
2536 3041 2840 3103 pugnator,
2880 3046 3003 3086 cum
3038 3031 3093 3084 in
3140 3042 3337 3099 magno
3365 3027 3459 3083 illo

1882 3146 1980 3199 pro
2014 3130 2209 3199 pietate
2258 3128 2551 3183 certamine
2578 3138 2796 3181 strenue
2841 3139 2899 3178 se
2947 3123 3241 3194 gessisset,
3277 3119 3455 3176 securi

1882 3234 2175 3291 percussus
2207 3229 2311 3273 est.
2348 3218 2501 3273 Alius
2532 3218 2657 3271 item
2692 3214 2956 3270 oriundus
2976 3229 3040 3268 ex
3072 3212 3258 3283 Libya,
3287 3219 3456 3267 etvo—

1882 3311 2078 3365 cabulo
2110 3320 2163 3364 ct
2186 3311 2366 3363 divina
2390 3308 2766 3364 benedictione
2796 3321 2919 3360 vere
2943 3304 3140 3370 Macar,
3172 3318 3297 3358 eum
3324 3319 3354 3356 a
3374 3302 3455 3373 ju-

1880 3402 2001 3456 dice
2032 3401 2287 3455 omnibus
2322 3400 2497 3454 modis
2524 3401 2867 3463 sollicitatus,
2905 3406 2962 3451 ut
2990 3396 3265 3451 Christum
3295 3409 3456 3462 nega-

1882 3502 1998 3555 ret,
2044 3492 2185 3546 ﬂecti
2233 3507 2509 3560 nunquam
2557 3492 2856 3561 potuisset,
2904 3489 3061 3542 vivus
3092 3485 3451 3541 comburitur.

1880 3584 2009 3639 Post
2030 3583 2129 3637 hos
2157 3581 2484 3652 Epimachus
2513 3594 2566 3637 et
2592 3583 2915 3646 Alexander,
2948 3594 3071 3635 cum
3103 3586 3224 3647 post
3249 3576 3454 3630 diutur-

1880 3696 2010 3733 num
2036 3678 2270 3733 carceris
2294 3679 2572 3732 horrorem
2606 3678 2658 3730 in
2687 3692 2795 3746 quo
2820 3674 2985 3729 vincti
3020 3675 3450 3743 permanserant,

1884 3769 2089 3825 ferreos
2116 3784 2344 3839 ungues,
2368 3768 2533 3839 ﬂagra
2557 3785 2620 3823 ac
2655 3768 2800 3822 mille
2830 3767 3081 3821 dolorum
3116 3780 3311 3835 genera
3337 3778 3453 3833 per-

1882 3863 2153 3929 tulissent,
2176 3862 2314 3917 viva:
2337 3861 2503 3916 calcis
2544 3861 2794 3916 incendio
2821 3860 2983 3915 etiam
3011 3859 3112 3929 ipsi
3136 3854 3452 3927 colliquefa-

1882 3954 1953 4008 cti
1978 3954 2276 4023 perierunt.

1950 4045 2038 4100 Vi.
2079 4046 2342 4103 Eunidem
2364 4059 2486 4099 cum
2518 4044 2649 4114 ipsis
2673 4043 2898 4097 exitium
2928 4042 3132 4097 sortita:
3164 4048 3292 4096 sunt
3314 4054 3453 4109 qua-

1880 4150 2006 4195 tuor
2032 4139 2306 4194 mulieres.
2333 4136 2740 4191 Ammonarium
2769 4135 2984 4204 quidem
3030 4134 3179 4203 virgo
3217 4130 3448 4187 sanctis-

1882 4230 2053 4296 sima,
2082 4244 2204 4283 cum
2239 4243 2269 4281 a
2301 4227 2483 4297 judice
2512 4225 2819 4281 diutissime
2842 4231 2981 4278 torta
3018 4222 3209 4278 fuisset
3245 4221 3477 4291 ingenti.

1880 4338 2003 4376 cum
2029 4322 2323 4392 pertinacia
2346 4360 2360 4385 ,
2398 4328 2681 4389 propterea
2714 4317 2859 4387 quod
2887 4317 3067 4387 palam
3127 4308 3445 4384 praedixerat

1881 4416 2016 4469 nihil
2062 4430 2249 4471 eorum
2315 4429 2434 4483 qua:
2480 4411 2646 4482 judcx
2707 4411 2946 4480 iusserat
2993 4406 3323 4478 prolaturam
3390 4416 3451 4457 se

1880 4524 2031 4574 esse;
2064 4507 2507 4578 pollicitationem
2529 4522 2681 4560 suam
2709 4502 3042 4559 exsecutioni
3066 4497 3348 4562 mandans,
3379 4495 3446 4549 ad

1881 4600 2206 4669 supplicium
2250 4598 2482 4653 abducta
2527 4610 2629 4653 est.
2680 4595 2932 4650 Residua:
2975 4608 3138 4657 vero,
3182 4586 3446 4642 Mercuria

1879 4690 2083 4745 scilicet
2133 4705 2269 4743 anus
2325 4689 2380 4745 in
2425 4688 2616 4759 primis
2661 4684 2965 4741 veneranda
2994 4723 3008 4747 ,
3057 4694 3107 4735 et
3149 4678 3444 4748 Dionysia,

1886 4892 2178 4952 Macarius,
2209 4900 2355 4957 gente
2380 4890 2626 4959 Libycus.
2656 4890 2743 4941 Sic
2765 4888 2907 4959 enim
2933 4882 3108 4959 Latini
3133 4880 3442 4959 loquuntur,

1886 4975 1943 5015 ut
1979 4950 2280 5015 Trebellius
2314 4950 2502 5015 Pollio"
2524 4962 2578 5014 in
2631 4958 2878 5022 Aureolo,
2925 4966 2979 5010 et
3014 4950 3358 5021 Lampridius
3388 4950 3463 5011 in_

1885 5032 2194 5086 Commodo.
2232 5030 2304 5083 In.

1977 5101 2228 5173 91)Msz‘
2261 5103 2332 5155 οὺ
2385 5100 2599 5173 πολύνἶ
2645 5098 2704 5173 In
2752 5096 2936 5173 codice
2982 5094 3121 5173 ﬁed.
3156 5108 3233 5173 ‘ac
3280 5088 3443 5173 Βίοις,

1882 5162 2019 5226 Fuk.
2050 5162 2107 5225 et
2142 5172 2333 5234 Savil.,
2366 5180 2420 5225 ct
2463 5169 2603 5238 apud
2654 5167 2948 5236 Georgium
2980 5162 3447 5238 Syricellum_lcgi7

1882 5252 1968 5296 tur
2003 5241 2138 5312 μετά
2166 5231 2348 5305 πολύν,
2377 5231 2701 5312 (ιυωἿεοιὶο-
2735 5231 2907 5312 magis
2951 5231 3443 5312 placet,_et_l{uﬁni

1882 5302 2205 5366 adct'oritatc
2255 5302 2627 5365 conﬁrmatur.
2684 5306 2740 5361 In
2791 5302 2978 5361 codice
3034 5304 3199 5373 Regio
3250 5302 3446 5371 legitur

1881 5383 2043 5437 etiam
2086 5382 2145 5434 ὃν
2183 5380 2493 5449 ἐνέμειναν,
2535 5388 2638 5432 etc.
2691 5379 2822 5442 Qua:
2861 5375 3114 5449 lectio__si
3157 5387 3281 5427 vera
3328 5380 3443 5449 est,

1882 5454 2107 5505 omnino
2162 5441 2351 5506 abesse
2390 5457 2601 5520 oportet
2650 5441 2955 5516 negativam
3008 5445 3153 5500 illam
3204 5441 3444 5513 particu-

1880 5521 2397 5662 latgiﬁgnbtorwla.
2429 5589 2556 5643 Post
2588 5590 2703 5643 haec
2748 5590 2906 5643 verba
2948 5586 3123 5662 addidi
3149 5598 3216 5662 ex
3250 5580 3455 5662 [latino

1886 5652 1978 5716 καὶ
2018 5652 2393 5734 ’Ᾰμμωνάριον
2417 5662 2593 5734 ἑτέρα.
2624 5662 2865 5734 Quatuor
2885 5660 3027 5715 enim
3053 5652 3305 5711 mulieres
3328 5652 3446 5707 illas

1890 5734 2057 5790 fuisse
2084 5730 2249 5804 supra
2281 5730 2414 5788 dixit
2447 5730 2749 5801 Dionysius.
2785 5730 2851 5783 In.
