3888 6522
492 349 636 404 1519

1508 345 1564 400 s.
1601 344 1892 400 DIONYSII
1931 343 2241 400 EPISCOPI
2278 342 2748 399 ALEXANDRINI

3617 346 3752 400 ιεεο

495 462 564 518 de
609 461 766 518 nobis
814 466 952 516 bene
999 458 1198 515 mereri
1239 458 1464 523 vellent,
1507 457 1730 512 orabam
1763 466 1819 512 ut
1851 473 1944 513 eos
1977 459 2064 525 qui

2175 475 2243 528 με
2275 457 2496 527 φθάσαι,
2529 457 2622 511 καὶ
2650 457 2748 530 τὴν
2789 458 3030 530 κεφαλὴν
3061 456 3255 520 αὐτοὺς
3283 456 3381 527 τὴν
3427 454 3582 527 ἐμὴν
3625 457 3752 510 ἀπ»

499 571 584 608 me
617 553 958 608 abducebant
984 553 1242 607 satellites
1270 550 1646 620 praevenirent,
1674 549 1886 619 ipsique
1909 559 2071 619 caput

499 645 635 697 mihi
675 645 971 698 demerent.
1005 641 1129 696 Haec
1175 656 1261 696 me
1292 639 1716 706 vociferantem,
1763 649 1823 693 ιιι
1868 647 2071 694 norunt

498 737 538 793 ii
566 739 659 808 qui
691 738 824 792 mibi
861 745 1142 792 consortes
1166 742 1221 788 et
1249 733 1519 804 principes
1551 747 1918 788 aerumnarum
1953 747 2072 786 om-

497 827 649 882 nium
679 827 850 890 fuere,
886 827 1113 880 invitum
1146 839 1368 893 surgere
1402 833 1714 892 coegerunt.
1737 822 1816 876 Ac
1846 837 1930 875 mc
1957 822 2073 890 qui-

499 918 622 972 dem
665 920 780 987 ipse
813 918 962 972 humi
1007 915 1260 985 supinum
1306 913 1500 982 abjcci.
1539 913 1618 966 llli
1666 930 1794 967 vero
1842 913 2070 982 pedibus

501 1010 860 1079 manibusque
891 1005 1405 1077 comprcltcndentes
1438 1019 1524 1059 me
1556 1005 1768 1058 trahere
1808 1015 1972 1074 atque
2013 1020 2072 1059 e-

499 1100 698 1153 ducere
720 1105 1016 1168 caeperunt.
1049 1095 1424 1165 Sequebantur
1449 1108 1535 1147 me
1559 1093 1724 1148 Caius
1741 1103 1794 1148 et
1814 1094 2067 1155 Faustus.

501 1188 692 1246 Petrus
719 1207 783 1246 ac
807 1189 1041 1258 Paulus;
1077 1189 1168 1258 qui
1205 1189 1398 1242 horum
1424 1187 1664 1241 omnium
1701 1195 1863 1242 testes
1889 1186 2068 1252 fuere;

500 1283 592 1352 qui
637 1298 724 1337 me
757 1282 1134 1351 suscipientes,
1179 1295 1246 1334 ex
1290 1279 1545 1349 oppidulo
1588 1287 1975 1349 exportarunt,
2007 1295 2072 1336 ac

501 1374 694 1429 deinde
725 1374 869 1428 nudo
900 1372 1211 1442 impositum
1248 1373 1402 1427 asino
1426 1370 1789 1425 abduxerunt.

570 1475 660 1530 ιν.
700 1475 961 1547 Equidem
995 1489 1186 1529 vereor
1221 1488 1290 1527 ne
1329 1473 1382 1527 in
1421 1473 1749 1527 dementiam
1784 1488 1848 1527 ac
1880 1481 2070 1542 stupo-

501 1585 616 1625 rem
644 1571 828 1638 lapsus
854 1585 973 1624 esse
1003 1569 1209 1633 videar,
1249 1569 1377 1622 dum
1407 1567 1609 1621 referre
1636 1581 1801 1636 cogor
1829 1567 2067 1638 admira-

501 1664 661 1717 bilem
686 1678 810 1733 erga
837 1678 935 1718 nos
962 1661 1055 1716 Dei
1082 1660 1473 1730 providentiam
1503 1675 1566 1714 ac
1586 1659 2063 1728 dispensationem.

502 1751 606 1808 Sed
644 1754 898 1822 quoniam
935 1767 1200 1806 arcanum
1244 1751 1460 1821 quidem
1502 1751 1643 1821 regis
1682 1752 1975 1816 occultare,
2009 1763 2068 1807 ut

2169 553 2353 620 τεμεῖν
2385 549 2587 619 ἠξίουν.
2623 551 2733 604 Καὶ
2758 551 2982 603 τοιαῦτα
3017 549 3268 619 βοῶντος,
3310 549 3388 611 ὡς
3418 549 3614 601 ἴσασιν
3647 565 3752 601 κοιμ-

2173 640 2330 693 νωνοί
2359 657 2459 711 μου
2494 641 2588 694 καὶ
2613 641 2831 711 μέτοχοι
2871 641 3088 695 πάντων
3115 640 3420 710 γενόμενοι,
3451 639 3748 693 ἀνίστασαν

2169 732 2304 804 πρὸς
2335 732 2475 802 βίαν.
2520 732 2690 801 Κάγὼ
2741 734 2837 804 μὲν
2879 735 3102 805 παρῆκα
3150 733 3385 804 ἐμαυτὸν
3427 731 3638 785 ὕπτιον
3679 737 3749 797 εἰς

2166 823 2448 893 τοῦδαφος.
2499 826 2558 877 Οἱ
2624 825 2681 877 δὲ
2726 825 3068 889 διαλαϐόντες
3121 825 3318 896 χειρῶν
3364 826 3463 877 καὶ
3539 824 3745 886 ποδιέη.

2172 915 2423 986 σύροντες
2463 914 2750 988 ἐξήγαγον.
2789 917 3214 987 Ἑπηκολούθουν
3237 918 3292 971 δέ
3337 935 3427 989 μοι
3453 920 3512 970 οἱ
3556 917 3746 970 τούτων

2171 1007 2386 1061 πάντων
2425 1007 2706 1078 γενόμενοι
2758 1007 3058 1080 μάρτυρες·
3098 1009 3275 1072 Γάῖος,
3315 1007 3618 1073 Φαῦστος,
3655 1010 3744 1060 Πέ-

2168 1119 2315 1172 τρος,
2347 1102 2590 1165 Παῦλοςο
2637 1103 2686 1153 οἱ
2725 1103 2817 1154 καὶ
2860 1101 3350 1171 ὑπολαϐόντεςῶῑῖ)
3385 1118 3451 1171 με
3512 1101 3744 1171 capiat:

2170 1193 2436 1264 ἐξήγαγον
2467 1193 2560 1246 τοῦ
2607 1192 2876 1264 πολιχνίου
2897 1211 2910 1224 ·
2957 1192 3050 1246 xci.
3101 1192 3206 1264 δνῳ
3248 1193 3440 1264 γυμνῷ
3501 1192 3744 1245 inﬂigi-

2171 1305 2362 1350 σαντες
2390 1289 2694 1359 ἀπήγαγον.

2237 1469 2310 1520 Δ’.
2347 1468 2441 1528 Εἰς
2484 1466 2792 1536 ἀφροσύνην
2846 1465 2903 1518 δὲ
2955 1464 3246 1518 κινδυνεύω
3268 1464 3376 1536 (35)
3413 1464 3628 1535 πολλὴν
3662 1465 3742 1518 καὶ

2169 1559 2518 1631 ἀναισθησίαν
2549 1558 2718 1620 ὅντως
2737 1547 3014 1626 ’ἐμπεσεῖν
3032 1595 3047 1619 ,
3076 1558 3156 1618 εἰς
3182 1556 3426 1626 ἀνάγκην
3468 1555 3742 1625 0436:64—

2169 1654 2390 1725 ζόμενος
2433 1651 2526 1704 τοῦ
2574 1647 2874 1719 διηγεῖσθαι
2919 1648 3019 1718 τὴν
3065 1647 3378 1718 θαυμαστὴν
3420 1649 3558 1718 περὶ
3608 1648 3743 1717 ἡμᾶς

2169 1745 2474 1815 οἰκονομίαν
2509 1741 2602 1795 τοῦ
2635 1740 2788 1794 Θεοῦ.
2837 1739 2973 1792 Ἀλλ’
3003 1738 3186 1810 ἐπειδὴ
3233 1739 3563 1810 μυστήριον,
3597 1740 3743 1808 φησὶ,

500 1842 577 1894 ait
623 1814 900 1912 scriptura
931 1843 998 1908 ⁸⁸,
1033 1842 1361 1896 laudandum
1392 1850 1508 1904 est,
1549 1839 1640 1896 Dei
1693 1853 1875 1896 autem
1904 1857 2064 1912 opera

2175 1814 2434 1906 βασιλέως
2464 1833 2665 1906 κρύψαι
2713 1831 2894 1894 καλὸν,
2917 1830 2986 1884 τὰ
3019 1830 3076 1883 δὲ
3117 1829 3252 1902 ἔργα
3277 1830 3371 1882 τοῦ
3423 1830 3568 1882 Θεοῦ
3617 1833 3738 1883 ἀνα-

476 1931 791 2002 ιρτωιιίοιιτο
835 1932 1164 2002 gloriosum;
1215 1931 1475 1986 adversus
1512 1931 1768 1986 Germani
1808 1933 2066 2002 impetum

499 2022 747 2076 cominus
788 2021 1094 2076 decertabo.
1153 2018 1286 2074 Veni
1309 2021 1377 2074 ad
1419 2019 1772 2075 IEmilianum
1823 2036 1934 2076 non
1973 2038 2067 2078 so-

497 2113 620 2176 ius,
649 2113 741 2168 sed
769 2113 1153 2167 comitantibus
1191 2126 1280 2166 me
1323 2111 1556 2165 Maximo
1593 2113 2065 2183 compresbytero,

497 2214 554 2259 et
582 2203 800 2266 Fausto,
852 2203 1084 2267 Eusebio
1137 2218 1201 2258 ac
1247 2201 1599 2258 Cliteremone
1637 2204 1906 2260 diaconis.
1937 2204 2069 2271 Qui-

497 2297 623 2350 dam
655 2297 816 2349 etiam
851 2311 916 2350 ex
968 2295 1226 2350 fratribus
1271 2294 1532 2350 Romanis
1560 2296 1653 2365 qui
1698 2306 1807 2350 tum
1844 2297 2072 2351 aderant

499 2387 783 2440 nobiscum
813 2387 1087 2455 ingressus
1119 2395 1220 2440 est.
1256 2384 1425 2440 Porro
1449 2385 1777 2442 Admilianus
1805 2403 1910 2440 non
1933 2387 2070 2442 dixit

498 2477 631 2529 mihi
671 2479 845 2545 prima
893 2475 1070 2530 fronte
1123 2493 1137 2528 :
1186 2473 1262 2528 Ne
1296 2484 1594 2529 conventus
1630 2491 1779 2546 agas.
1822 2475 1877 2529 ld
1921 2478 2066 2531 enim

499 2563 576 2618 illi
613 2581 1007 2633 supervacuum
1058 2575 1176 2621 erat
1219 2582 1284 2619 ac
1321 2575 1692 2635 postremum,
1744 2567 1810 2621 ad
1839 2567 1890 2620 id
1923 2569 2068 2638 quod

497 2657 733 2725 primum
757 2673 820 2711 ac
846 2659 1173 2727 przccipuum
1200 2666 1283 2712 est
1311 2660 1632 2713 recurrenti.
1665 2659 1875 2730 Quippe
1897 2662 2069 2716 haud-

499 2764 772 2817 quaquam
813 2751 1055 2813 curabat,
1105 2766 1172 2804 ne
1215 2751 1353 2806 alios
1403 2767 1826 2822 congregarem;
1880 2753 1971 2808 sed
2013 2755 2067 2810 id

498 2841 726 2911 agebat,
771 2855 839 2894 ne
883 2841 983 2909 ipsi
1015 2839 1309 2896 Christiani
1337 2857 1600 2898 essemus.
1636 2843 1702 2898 Et
1727 2845 1794 2897 ab
1823 2860 1888 2900 eo
1919 2846 2066 2900 cultu

498 2933 759 2988 desistere
806 2949 890 2987 me
918 2933 1173 3002 jubebat,
1223 2944 1374 2990 ratus
1415 2937 1639 3000 scilicet,
1680 2938 1724 2992 si
1755 2953 1855 3008 ego
1889 2941 1958 2992 ab
2000 2954 2066 2994 eo

498 3028 646 3082 cultu
674 3027 1043 3093 descivissem,
1065 3037 1288 3083 cmteros
1313 3031 1618 3098 exemplum
1643 3045 1820 3084 meum
1849 3043 2066 3086 secutu-

498 3134 611 3172 ros.
660 3117 930 3187 Respondi
978 3133 1088 3172 non
1131 3118 1586 3187 improbabiliter,
1634 3136 1734 3176 nec
1775 3122 1932 3191 longe
1982 3139 2066 3176 ar-

498 3210 696 3264 cessita
749 3210 1104 3278 responsione
1152 3209 1424 3264 :Obedire
1481 3220 1682 3280 oportet
1731 3211 1840 3266 Deo
1901 3215 2066 3284 magis

495 3317 658 3372 quam
677 3301 968 3354 hominibus
1001 3299 1068 3354 ⁸⁷.
1100 3299 1203 3355 Sed
1242 3303 1416 3371 palam
1443 3311 1496 3357 et
1522 3313 1705 3373 aperte
1731 3314 2068 3368 contestatus

499 3408 656 3460 sum,
702 3409 789 3448 me
831 3394 981 3447 illum
1017 3393 1108 3462 qui
1155 3394 1304 3449 solus
1347 3403 1430 3449 est
1473 3395 1645 3464 Deus,
1695 3413 1868 3468 neque
1901 3398 2065 3452 alium

2171 1929 2463 1982 καλύπτειν
2519 1926 2760 1992 ἔνδοξον,
2827 1922 2994 1994 ὁμόσε
3058 1924 3292 1994 χωρήσω
3340 1925 3409 1992 τῇ
3460 1921 3738 1992 Γερμανοῦ

2173 2019 2280 2090 βίᾳ.
2311 2011 2484 2070 Ἶὶκον
2526 2015 2662 2087 πρὸς
2700 2011 3012 2084 Αίμιλιανὸν
3041 2013 3100 2064 ού
3139 2013 3298 2082 μόνος
3320 2051 3334 2074 ,
3364 2009 3740 2083 ἠκολούθησεν

2168 2112 2226 2164 δέ
2256 2129 2343 2182 μοι
2379 2098 2857 2180 συμπρεσϐύτερός
2897 2107 2956 2158 τέ
3013 2123 3113 2177 μου
3164 2104 3451 2175 Μάξιμος,
3495 2107 3597 2158 καὶ
3643 2107 3742 2158 δίε.

2170 2219 2338 2265 κονοι,
2359 2199 2602 2264 Φαῦστος
2629 2199 2722 2252 καὶ
2755 2197 3024 2260 Εὐσέϐιος
3036 2198 3128 2250 καὶ
3168 2198 3498 2268 Χαιρήμων.
3525 2199 3640 2250 Καί
3669 2216 3740 2259 τις

2169 2293 2275 2347 τῶν
2320 2294 2426 2346 ἀπὸ
2473 2291 2688 2364 Ῥώμης
2728 2291 3006 2362 παρόντων
3046 2289 3289 2358 ἀδελφῶν
3355 2292 3495 2361 ἡμῖν
3546 2307 3741 2343 συνεισ-

2170 2387 2352 2457 ῆλθεν.
2395 2386 2708 2456 Αἰμιλιανὸς
2751 2385 2806 2437 δὲ
2859 2385 2959 2436 ούκ
2992 2379 3112 2436 εἶπέ
3148 2401 3237 2453 μοι
3281 2386 3738 2455 προηγουμένως

2169 2477 2262 2549 Μὴ
2308 2477 2544 2546 σύναγε.·
2579 2475 2841 2548 Περιττὺν
2873 2474 2981 2546 γὰρ
3027 2474 3182 2527 τοῦτο
3223 2471 3291 2546 ἦν
3334 2475 3516 2546 αὐτῷ,
3571 2478 3659 2528 καὶ
3689 2479 3737 2528 τὴ

2169 2571 2472 2623 τελευταῖον
2495 2572 2587 2624 ἐπὶ
2615 2570 2676 2623 τὸ
2719 2568 2930 2638 πρῶτον
2960 2567 3332 2639 ἁνατρέχοντι.
3363 2569 3444 2622 Οὐ
3477 2569 3590 2639 γὰρ
3631 2572 3736 2638 περὶ

2169 2662 2262 2715 τοῦ
2291 2663 2364 2735 μὴ
2386 2663 2636 2730 συνάγειν
2661 2662 2876 2734 ἐτέρους
2905 2665 2933 2715 ὁ
2956 2663 3111 2730 λόγος
3131 2657 3197 2731 ἦν
3230 2661 3405 2732 αὐτῷ,
3462 2661 3602 2714 ἀλλὰ
3627 2663 3736 2728 περὶ

2169 2755 2263 2810 τοῦ
2292 2756 2367 2828 μὴ
2394 2757 2439 2809 δ’
2466 2756 2658 2819 αὐτοὺς
2678 2757 2824 2827 ἡμᾶς
2845 2751 2983 2809 εἶναι
3015 2753 3408 2825 Χριστιανούς’
3445 2755 3547 2807 καὶ
3574 2753 3739 2806 τούτου

2171 2845 2501 2920 προσέταττε
2534 2845 2840 2899 πεπαῦσθαι
2860 2863 2872 2874 ⁸
2909 2847 2957 2898 εἰ
2985 2843 3393 2916 μεταϐαλοίμην
3423 2843 3624 2912 ἔγωγε,
3657 2845 3738 2895 ιισί

2168 2940 2293 3002 τοὺς
2312 2938 2502 3002 ἄλλους
2517 2936 2737 3006 ’ἐψεσθαί
2757 2954 2845 3008 μοι
2883 2935 3134 3007 νομίζων.
3153 2935 3579 3006 Ἀπεκρινάμην
3592 2935 3640 2987 δὲ
3653 2934 3739 2986 οὐκ

2169 3030 2501 3093 ἀπεοικότως
2523 3029 2654 3100 (54),
2688 3029 2808 3084 οὐδὲ
2841 3028 3084 3099 μακράν
3119 3026 3482 3097 Πειθαρχεῖν
3515 3027 3610 3080 δεῖ
3633 3025 3738 3089 Θεεξι

2163 3120 2406 3192 μᾶλλον
2448 3123 2486 3189 ἢ
2532 3120 2892 3189 ἀνθρὼποις’
2928 3119 3040 3173 ἀλλ’
3084 3119 3347 3190 ἄντικρυς
3388 3116 3739 3188 διεμαρτυρά-

2176 3232 2301 3286 μην,
2331 3215 2413 3267 ὅτι
2444 3214 2535 3267 τὸν
2568 3213 2699 3266 Θεὸν
2731 3213 2822 3265 τὸν
2857 3211 2984 3264 ὄντα
3014 3210 3190 3282 μόνον,
3215 3211 3311 3263 καὶ
3346 3209 3545 3264 οὐδένα
3571 3212 3738 3281 ita?»

2173 3304 2366 3369 σέϐων,
2395 3304 2501 3358 οὐδ’
2529 3305 2595 3358 ἂν
2636 3303 3047 3375 μετατεθείμην,
3084 3304 3202 3357 οὐδὲ
3250 3305 3584 3375 παυσαίμην
3625 3303 3738 3356 ποτὲ

2170 3395 2494 3467 Χριστιανὸς
2525 3393 2618 3448 ὢν.
2656 3395 2780 3447 Ἐπὶ
2813 3393 3020 3456 τούτοις
3060 3393 3344 3447 ἐκέλευσεν
3387 3396 3546 3466 ἡμᾶς
3592 3395 3740 3447 ἀπελ-

499 3487 669 3540 υιιυω
702 3495 894 3556 przetcr
920 3487 1065 3540 hunc
1089 3487 1335 3555 adorare;
1371 3502 1473 3543 nec
1504 3503 1534 3542 a
1563 3483 1842 3558 proposito
1871 3490 2064 3546 disces-

2172 3486 2285 3540 θεῖν
2345 3487 2427 3551 είς
2475 3485 2666 3558 κώμην
2711 3487 2936 3557 πλησίον
2987 3486 3086 3558 τῆς
3143 3487 3352 3559 ἐρήμου
3408 3486 3737 3558 καλουμένην

497 3590 688 3632 surum
723 3591 808 3630 me
825 3590 968 3638 esse,
1001 3590 1100 3630 nec
1120 3577 1539 3631 commissurum
1570 3593 1805 3646 unquam
1831 3586 1890 3633 ut
1910 3578 2069 3633 Chri-

2171 3578 2396 3653 Κεφ

498 3672 708 3726 stianus
741 3687 862 3728 esse
889 3671 1213 3727 desinerem.
1253 3670 1499 3728 Posthaec
1520 3674 1672 3729 abire
1724 3689 1827 3730 nos
1856 3674 2020 3745 jussit
2047 3676 2100 3731 in
2129 3675 2311 3732 vicum
2365 3675 2654 3749 quemdam
2706 3675 2986 3732 solitudini
3013 3675 3360 3746 proximum,
3406 3675 3504 3730 cui
3554 3687 3735 3729 nomen

497 3773 585 3820 est
609 3763 844 3834 Cephro.

573 3858 639 3916 γ.
679 3859 784 3915 Sed
816 3859 977 3914 verba
1008 3859 1122 3929 ipsa
1149 3874 1270 3928 quae
1295 3859 1366 3914 ab
1386 3868 1618 3930 utroque
1644 3869 1890 3917 nostrum
1919 3863 2062 3919 dicta

500 3963 648 4018 sunt,
679 3953 819 4008 sicut
850 3953 999 4008 Actis
1037 3953 1267 4024 publicis
1291 3953 1494 4009 inserta
1521 3953 1791 4024 leguntur,
1817 3956 2061 4026 accipite.

573 4091 618 4122 ⁸⁸
650 4089 786 4144 Tol).
813 4107 908 4150 xu.
938 4089 988 4145 7.
1068 4089 1112 4121 "
1143 4091 1260 4146 Act.
1298 4106 1346 4156 ιν,
1374 4090 1467 4146 29.

571 4225 681 4296 (52)
723 4228 787 4278 Οἱ
811 4225 916 4296 καὶ
947 4227 1372 4292 ὑπολαϐόντες.
1418 4225 1542 4281 Haec
1577 4226 1740 4282 verba
1783 4226 2062 4283 referenda

497 4308 641 4368 esse
664 4295 915 4349 existimo
965 4299 1031 4368 ad
1082 4296 1301 4368 (ξιιίιιηιΔ
1330 4305 1385 4350 ct
1430 4296 1789 4368 Faustutiret
1815 4299 2062 4368 reliquos

501 4365 881 4435 presbyteros,
937 4367 1030 4434 qui
1087 4365 1402 4436 Dionysium
1453 4381 1520 4419 ex
1563 4367 1761 4435 oppido
1813 4365 2062 4436 Taposiri

500 4443 888 4504 exportarunt;
923 4451 1028 4488 non
1060 4443 1237 4488 autem
1277 4437 1344 4488 ad
1375 4437 1613 4504 rusticos
1645 4436 1765 4490 illos
1805 4447 1859 4490 et
1887 4449 2062 4492 temu-

504 4499 679 4579 lentos
714 4499 991 4579 conyivas,
1021 4513 1081 4579 u_t
1111 4505 1293 4579 retulit
1313 4499 1873 4579 Citristopliorsonus:
1901 4509 2062 4579 φορά-

498 4575 596 4642 δην
625 4589 770 4638 vero,
823 4573 874 4626 id
913 4583 997 4627 est
1040 4575 1096 4627 in
1145 4575 1293 4628 sella.
1344 4573 1694 4643 Porro’quid
1741 4573 1940 4630 factum
1972 4573 2062 4632 'sit

501 4644 780 4714 Dionysio,
837 4654 1125 4713 postquam
1176 4645 1365 4698 rustici
1413 4645 1487 4698 illi
1542 4643 1742 4714 fugatis
1793 4647 2059 4702 militibus

497 4731 624 4786 eum
646 4713 914 4786 ’Taposiri
944 4715 1228 4786 excedere,
1251 4713 1650 4786 compulerunt,
1682 4716 1796 4784 ipse
1840 4717 2059 4786 quidem

504 4783 594 4838 hic
622 4788 727 4836 non
753 4782 909 4837 dicit.
939 4782 1043 4857 Sed
1067 4785 1118 4836 in
1149 4782 1462 4857 epistola—ad
1493 4782 1784 4857 Domitium
1812 4782 1872 4841 et
1896 4785 2060 4857 Didy-

505 4869 687 4926 mum,
718 4868 862 4926 qua
887 4855 1119 4908 refertur
1148 4854 1200 4907 in
1244 4855 1383 4926 libro
1405 4871 1501 4921 vn,
1537 4870 1655 4924 cap.
1682 4856 1740 4908 Η
1771 4854 2059 4926 (superius

508 4925 786 4991 recitata),
817 4924 914 4988 ait,
939 4941 996 4978 se
1038 4938 1145 4977 una
1173 4939 1295 4978 cum
1339 4925 1470 4981 Caio
1493 4935 1546 4977 et
1579 4926 1736 4979 Petro
1773 4924 1941 4991 Solis,
1973 4942 2060 4981 sc-

498 4993 748 5066 junctum
781 5008 809 5045 a
839 4992 1366 5066 reliquisiratribus,
1395 4997 1446 5048 in
1473 4995 1708 5066 quodam
1733 4995 1915 5066 Libya:
1939 4997 2058 5050 loco

503 5063 718 5118 deserto
761 5071 924 5130 atque
966 5065 1120 5117 arido
1162 5063 1709 5119 conclusum'fuisse.
1755 5063 2062 5120 Permansit

504 5141 692 5206 autern
715 5132 769 5185 in
809 5135 912 5188 hoc
959 5134 1152 5206 exsilio
1194 5135 1483 5206 Dianysius
1528 5150 1708 5206 usque
1745 5136 2058 5206 adobitum

509 5202 650 5274 Decii
680 5201 814 5274 imp.
843 5212 900 5274 ct
925 5219 991 5257 ex
1021 5204 1251 5274 eo__loco
1291 5201 1496 5260 litteras
1523 5201 1740 5274 scripsit
1777 5205 1842 5259 ad
1872 5205 2059 5260 Domi—

505 5273 639 5342 tium
666 5285 730 5342 ac
757 5271 1062 5342 Didymutn.
1094 5271 1291 5328 VALES.

575 5341 687 5421 (55)
727 5343 829 5406 Εἰς
856 5341 1211 5421 ἀφροςύνην
1233 5344 1300 5396 δὲ
1339 5343 1692 5421 κινδυνεύω...
1727 5343 2060 5421 Eademne»:

507 5412 788 5484 cusatione
823 5414 992 5466 utitur
1029 5412 1230 5467 Paulus
1269 5415 1543 5482 apostolus
1572 5416 1623 5467 in
1655 5413 1892 5484 Epistula
1922 5415 1965 5468 ll
1991 5418 2058 5470 ad

505 5482 839 5552 corinthios,
877 5498 996 5551 cap.
1024 5500 1101 5546 XI,
1129 5499 1251 5537 cum
1297 5499 1356 5536 se
1400 5485 1512 5552 ipse
1540 5482 1860 5538 laudaturus
1893 5495 2058 5550 esset,

507 5551 598 5624 ubi
625 5552 743 5624 vide
766 5562 1062 5624 quaenotat
1087 5552 1323 5607 Joannes
1361 5551 1805 5624 Qbrysostomus.
1829 5557 1905 5608 Ad
1933 5572 2058 5609 eum

505 5619 670 5694 igitur
708 5619 872 5694 Pauli
902 5622 1078 5694 locum
1134 5625 1324 5677 alludit
1371 5619 1678 5694 Dionysius.
1708 5627 1786 5679 In.
1809 5653 1877 5664 ——
1903 5624 2059 5690 Quod

506 5689 750 5766 sequitur
774 5691 981 5766 insigne
998 5691 1368 5766 fragmentum
1394 5689 1730 5761 excpistola,
1755 5711 1847 5748 seu
1874 5696 2056 5761 potius

506 5756 645 5812 libro
671 5756 907 5827 Dionysii
945 5756 1204 5819 adversus
1237 5756 1564 5817 Germanum
1611 5756 1944 5835 cliiscopuiii,
1974 5780 2059 5818 re-

2090 4471 2139 4530 D

2240 3864 2315 3917 E'.
2344 3861 2530 3916 Αὐτῶν
2566 3861 2622 3914 δὲ
2661 3859 2998 3914 ὲπακούσατε
3032 3859 3138 3914 τῶν
3172 3859 3264 3912 ὑπ’
3292 3858 3630 3930 ἀμφοτέρων
3655 3858 3735 3910 λέ-

2170 3955 2406 4028 χθέντων
2433 3954 2510 4018 ὡς
2543 3952 2996 4026 ὑπεμνηματίσθη
3032 3952 3163 4023 (55).
3209 3951 3598 4022 Εἰσαχθέντων
3629 3955 3734 4004 Διο-

2169 4223 2301 4278 citat
2329 4221 2596 4278 Eusebius
2622 4223 2716 4277 lib.
2746 4239 2844 4286 vn,
2872 4239 3006 4292 cap.
3038 4223 3124 4286 il,
3157 4220 3621 4291 jungendumque
3661 4230 3734 4274 est

2169 4307 2293 4348 cum
2333 4295 2504 4348 altero
2545 4292 2786 4363 ejusdem
2826 4291 2965 4346 libri’
2994 4293 3327 4363 fragmento,
3374 4293 3525 4360 quod
3569 4301 3734 4345 exstat

2170 4363 2262 4417 lib.
2291 4381 2366 4429 γι,
2391 4378 2511 4432 cap.
2539 4361 2627 4417 40.
2657 4361 2854 4416 νΑιιεε.
2881 4393 2950 4404 ——
2975 4361 3106 4430 Quae
3131 4362 3351 4430 quidem
3394 4373 3636 4432 utraque
3659 4363 3736 4413 hic

2170 4434 2337 4489 habes
2366 4435 2672 4502 conjuncta.
2703 4433 2870 4487 (ιλιι.

2239 4505 2352 4574 (54)
2386 4501 2516 4574 κούκ
2552 4505 2930 4570 ἀπεοικότως.
2963 4501 3153 4574 Malim
3183 4503 3426 4574 scribere
3460 4502 3738 4574 ﬁatﬁat:

2161 4571 2357 4637 κότως.
2383 4573 2507 4629 Mox
2532 4575 2695 4628 verba
2721 4575 2833 4640 illa,
2860 4572 3174 4644 πειθαρχεῖν
3186 4573 3275 4644 δεῖ
3299 4571 3419 4642 Θεῷ
3467 4572 3672 4644 μᾶλλον
3704 4571 3731 4637 ἦ

2159 4644 2490 4715 ἀνθρώποις,
2531 4645 2758 4698 delenda
2811 4660 2932 4699 esse
2977 4643 3107 4715 mihi
3148 4643 3446 4696 videntur:
3490 4643 3734 4715 leguntur

2161 4717 2378 4782 quidem
2405 4716 2518 4769 haec
2551 4715 2713 4768 verba
2752 4715 2806 4766 in
2836 4730 2956 4783 cap.
2988 4729 3018 4766 ν
3070 4714 3306 4766 Actuum
3336 4714 3731 4783 apostolorum,

2161 4781 2253 4837 sed
2291 4785 2426 4856 nihil
2455 4783 2675 4856 facient_
2689 4785 2756 4838 ad
2789 4781 2933 4856 hunc
2967 4784 3144 4856 locum
3170 4799 3184 4845 ;
3219 4783 3323 4856 nisi
3352 4782 3516 4856 malis
3542 4781 3730 4856 legere,

2163 4863 2220 4908 υι
2241 4863 2323 4909 est
2350 4855 2403 4907 in
2426 4856 2614 4924 codice
2641 4852 2833 4923 Regio,
2863 4852 3246 4924 ἀπεκρινάμην
3278 4852 3336 4924 δε
3358 4852 3462 4924 οὐκ
3493 4852 3734 4904 ἀπεοικό-

2160 4941 2288 4988 τως,
2305 4925 2425 4978 ούδὲ
2446 4923 2661 4996 μακρὰν
2688 4921 2802 4986 τοῦ,
2823 4921 3288 4996 πειθαρχεῖνζ-ᾁιο.
3317 4921 3370 4974 Id
3399 4929 3733 4996 cst_,res_poa-

2161 5010 2277 5047 sum
2299 4989 2599 5064 dedifquod
2624 5011 2726 5048 non
2753 4996 2902 5064 longe
2921 4989 3064 5064 abest
3078 4993 3146 5064 ob
3163 4991 3260 5064 ilio
3282 4989 3729 5060 οροδιοιὶτοΝιι.

2234 5066 2346 5134 (35)
2389 5062 2482 5130 Ὠέ
2499 5062 3018 5134 ὐπεμνηματίσθη.
3043 5063 3181 5116 Male
3199 5062 3732 5134 Qhristophorsonus

2162 5132 2524 5191 ltunc'locum
2570 5132 2642 5188 ita
2670 5132 2849 5200 vertit,
2877 5137 3012 5188 sicut
3055 5152 3085 5187 α
3129 5132 3448 5203 quibusdam
3496 5133 3551 5185 in
3598 5147 3728 5183 com—

2162 5208 2444 5258 mentarios
2474 5205 2640 5259 relata
2686 5216 2827 5259 sunt.
2869 5201 3275 5275 Ύπομνήματα
3300 5201 3479 5275 αι·ποί
3525 5211 3727 5275 vocant.

2161 5291 2282 5343 qua:
2305 5275 2479 5329 Latini
2509 5277 2663 5340 Acta,
2693 5285 2753 5329 ut
2777 5271 3189 5330 observavimus
3211 5274 3281 5326 ad
3301 5273 3508 5326 librum
3542 5287 3559 5325 ι
3587 5271 3721 5324 Hist.

2160 5345 2286 5398 eccl.
2338 5345 2591 5416 Eusebii,
2642 5346 2732 5399 ubi
2781 5348 2847 5400 de
2889 5345 3039 5399 Actis
3069 5345 3252 5416 P_ilati.
3301 5343 3407 5416 Qui
3453 5344 3571 5397 tunc
3606 5343 3725 5394 Acta

2163 5413 2568 5480 conﬁciebant,
2623 5416 2942 5470 dicebantur
3003 5431 3033 5468 a
3082 5413 3286 5469 Graecis
3323 5415 3723 5483 ιὺπομνηματο-

2161 5485 2381 5564 ’(ράφοι.
2412 5487 2711 5564 Latinieqs
2737 5487 2799 5539 ab
2842 5486 2987 5564 {ictis
3015 5485 3302 5548 vocabant,
3336 5492 3400 5536 ut
3442 5482 3722 5564 leﬁitur‘ia

2165 5550 2375 5610 Notitia
2406 5558 2613 5625 imperii
2645 5557 2890 5610 Romani.
2923 5550 3725 5625 HypomnematographiLurbis

2161 5621 2542 5698 Alexandrinae
2575 5629 2778 5698 mentio
2806 5627 2865 5680 ﬁt
2887 5628 2940 5680 in
2973 5621 3085 5698 lege
3107 5625 3296 5698 ultimﬂa
3319 5621 3528 5698 podicis
3559 5621 3722 5698 Theo-

2164 5694 2399 5763 dosiani,
2443 5697 2509 5750 de
2555 5697 2958 5751 decurionibus.
3025 5690 3158 5763 Ejus
3195 5694 3430 5748 oilicium
3476 5690 3723 5746 describit

2163 5762 2317 5818 Philo
2343 5767 2394 5818 in
2418 5764 2695 5832 Flaccum,
2722 5768 2811 5820 ubi
2836 5769 2900 5822 de
2921 5762 3194 5835 Lampone
3219 5763 3454 5834 quodam
3481 5764 3720 5832 loquens.
