3888 6496
227 293 368 350 1521

1208 299 1404 358 EPlST
1471 301 1633 360 ADV.
1669 303 2066 361 GERMANUM
2110 304 2513 365 EPISCOPUM.

3374 309 3508 364 139.!

215 407 409 461 νυσῐου
433 406 564 477 (56),
599 407 696 464 καὶ
724 407 990 474 Φαύσιτυ,
1020 413 1112 466 διαὶ
1144 413 1421 486 Μαξίμου,
1457 417 1796 489 καὶΜαρκὲλι

1922 419 2148 475 lnducto
2198 419 2486 492 Dionysio,
2528 413 2774 489 Fausto,
2825 425 3094 490 Maximo,
3153 426 3404 497 Marcello
3456 438 3508 481 et

218 498 344 564 λου,
375 501 471 553 καὶ
498 501 876 572 Χαιρήμονος,
906 504 1222 574 Αἰμιλιανὸς
1251 506 1451 561 διὲπων
1481 509 1581 580 τὴν
1619 511 1796 580 ἡγεμο

1923 508 2277 566 Chteremone
2315 551 2330 575 ,
2392 512 2723 570 IEmilianus
2790 517 3076 584 przefeetns
3142 518 3336 572 dixit:
3389 519 3505 574 Non

217 592 347 646 νίαν
375 589 517 646 ait-:9
561 595 671 647 Καὶ
699 595 962 667 ἀγράφως
994 599 1121 668 ὑμῖν
1140 600 1419 672 διελέχθην
1435 605 1562 674 περὶ
1587 605 1682 675 τῆς
1703 605 1821 674 φιλ-

215 685 544 757 ανθρωπίας
575 688 684 742 τῶν
722 692 927 762 κυρίων
961 694 1116 762 ἡμῶν
1229 696 1356 766 περὶ
1391 696 1532 766 ὑμᾶς
1584 697 1818 769 κέχρην-

213 796 338 832 ται.
374 779 652 835 Δεδώκασι
687 783 796 854 γὰρ
832 784 1076 848 ἐξουσίαν
1101 787 1228 857 ὑμῖν
1264 789 1570 860 σωτηρίας,
1613 793 1662 844 εἰ
1696 790 1818 860 βού-

212 871 400 928 λοισθε
435 874 544 947 (37)
579 877 671 930 ἐπὶ
701 877 762 930 τὸ
795 879 935 932 κατά
965 879 1128 949 φύσιν
1161 881 1485 951 τρέπεσθαι,
1533 885 1626 938 καὶ
1661 885 1817 949 θεοὺς

211 967 350 1031 τοὺς
402 967 676 1034 σώζοντας
736 971 916 1025 αὐτῶν
977 974 1074 1044 τὴν
1129 975 1404 1045 βασιλείαν
1465 981 1814 1048 προσκυνεῖν,

216 1060 576 1116 ἐπιλαθέσθαι
628 1081 687 1116 τε
713 1063 821 1117 τῶν
864 1067 1014 1137 παρά
1045 1063 1225 1136 φύσιν.
1264 1068 1328 1120 Τί
1372 1065 1463 1122 οὖν
1509 1087 1646 1137 φατε
1682 1071 1816 1141 πρὸς

215 1153 426 1218 ταῦτα;
459 1155 593 1209 Οὐδὲ
625 1155 734 1228 γὰρ
766 1159 1094 1230 ἀχαρίστους
1133 1161 1276 1230 ὑμᾶς
1306 1160 1526 1214 ἔσεσθαι
1558 1163 1688 1234 περὶ
1715 1164 1813 1234 τὴν

216 1247 635 1320 φιλανθρωπίαν
671 1250 854 1304 αὐτῶν
897 1253 1210 1323 προσδοκῶ,
1267 1254 1562 1326 ἐπειδήπερ
1607 1257 1700 1308 ἐπὶ
1746 1257 1814 1310 τὰ

216 1339 416 1411 βελτίω
451 1342 594 1412 ὑμᾶς
653 1343 1073 1414 προτρέπονται.
1129 1345 1400 1410 Διονύσιος
1443 1348 1809 1418 ἁπεκρίνατο’

213 1434 300 1486 Οὐ
339 1434 539 1499 πάντες
583 1436 793 1500 πάντας
831 1438 1196 1510 προσκυνοῦσι
1223 1439 1408 1504 θεούςο
1451 1440 1563 1493 ἀλλ’
1593 1442 1812 1495 ἕκαστοι

212 1526 390 1590 τινὰς,
431 1527 526 1592 οὓς
563 1529 909 1600 νομίζουσιν’
966 1534 1127 1602 ἡμεῖς
1177 1533 1353 1586 τοίνυν
1399 1534 1488 1586 τὸν
1530 1535 1625 1586 ἕνα
1679 1535 1811 1588 θεὸν

211 1622 314 1674 καὶ
341 1622 667 1694 δημιουργὸν
696 1623 804 1676 τῶν
839 1625 1115 1686 ἁπάντων,
1155 1627 1243 1679 τὸν
1277 1627 1371 1680 καὶ
1400 1628 1498 1699 τὴν
1535 1627 1809 1698 βασιλείαν

210 1712 612 1784 ἐγχειρήσαντα
661 1717 774 1779 τοῖς
824 1715 1256 1785 θεοφιλεστάτοις
1309 1717 1660 1789 Οὐαλεριανῷ
1717 1720 1810 1772 καὶ

1923 602 2097 656 solum
2135 603 2372 672 scripto.
2413 606 2506 660 sed
2540 607 2701 661 etiam
2740 608 2859 661 viva
2905 625 3036 664 voce
3075 611 3354 665 vobiscum
3389 613 3509 668 dis-

1920 695 2067 748 serui
2095 695 2161 748 de
2195 697 2533 752 humanitate
2571 700 2877 770 principum
2917 713 3254 766 nostrorum,
3286 721 3395 774 qua
3427 707 3504 760 illi

1920 799 2047 854 erga
2080 801 2176 840 vos
2214 796 2459 842 utuntur.
2493 787 2663 844 Vobis
2709 793 2854 845 enim
2891 803 3209 862 potestatem
3260 795 3506 853 fecerunt

1919 877 2111 930 salutis
2139 889 2331 933 vestrae
2374 881 2693 941 retinendze.
2728 885 3026 940 dummodo
3050 888 3115 940 ad
3151 889 3200 942 id
3231 891 3375 958 quod
3405 907 3470 944 na
3498 920 3507 930 -

1918 975 2054 1022 tura:
2085 979 2513 1026 consentaneum
2542 983 2626 1028 est
2651 974 2802 1037 ferri,
2857 978 3097 1048 deosque
3147 981 3358 1050 imperii
3387 983 3506 1036 illo-

1919 1079 2039 1117 rum
2077 1067 2331 1119 custodes
2354 1107 2370 1131 ,
2414 1069 2644 1132 adorare
2674 1079 2727 1123 et
2756 1085 2946 1125 eorum
2977 1088 3098 1143 quae
3143 1086 3353 1130 natura:
3401 1077 3506 1146 ipsi

1918 1169 2223 1226 repugnant
2253 1160 2498 1214 oblivisci
2535 1163 2761 1216 velletis.
2795 1163 2936 1230 Quid
2984 1182 3115 1235 ergo
3151 1169 3217 1221 ad
3263 1169 3376 1224 haec
3420 1171 3504 1224 di-

1915 1249 2087 1305 citis?
2136 1250 2322 1321 Neque
2369 1254 2515 1307 enim
2557 1271 2653 1308 vos
2693 1255 2904 1326 ingrato
2953 1260 3137 1313 animo
3179 1259 3296 1315 fore
3345 1277 3507 1325 Spero

1915 1341 2175 1397 adversus
2195 1359 2382 1401 eorum
2405 1346 2780 1412 clementiam;
2813 1350 3012 1418 quippe
3039 1367 3159 1405 cum
3185 1353 3249 1406 ad
3277 1354 3502 1408 meliora

1913 1449 2009 1489 vos
2044 1435 2328 1491 traducere
2362 1450 2646 1494 conentur.
2698 1439 2989 1512 Dionysius
3022 1446 3302 1512 respondit
3335 1464 3348 1498 :
3378 1443 3501 1500 Non

1913 1542 2107 1582 omnes
2148 1529 2216 1582 ab
2260 1530 2515 1584 omnibus
2553 1533 2808 1588 coluntur
2845 1534 2918 1587 dii
2961 1553 2972 1588 :
3023 1537 3115 1589 sed
3155 1552 3252 1591 eos
3299 1538 3498 1608 singuli

1913 1619 2098 1670 colunt
2151 1633 2290 1687 quos
2344 1621 2682 1675 arbitrantur
2711 1623 2865 1678 deos.
2908 1623 3020 1679 Nos
3063 1626 3282 1694 quidem
3330 1643 3500 1681 unum

1914 1708 2084 1763 Deum
2137 1712 2381 1765 omnium
2428 1729 2607 1767 rerum
2655 1715 2938 1784 opiﬁcem,
2975 1719 3067 1786 qui
3114 1717 3400 1774 Valeriano
3447 1733 3498 1777 et

209 1806 494 1878 Γαλλιήνῳ
528 1807 812 1872 σεδαστοῖς
836 1821 850 1838 ⁸
899 1808 1088 1862 τοῦτον
1125 1811 1218 1863 καὶ
1250 1809 1478 1882 σέϐομεν
1516 1813 1610 1864 καὶ
1643 1829 1796 1884 προσ-

1913 1798 2160 1856 Gallieno
2192 1803 2584 1858 sacratissimis
2624 1807 2884 1874 Augustis
2933 1809 3221 1878 imperium
3255 1813 3497 1876 tradidit,

209 1895 522 1966 κυνοῦμεν·
563 1897 657 1950 καὶ
689 1899 862 1968 τούτῳ
903 1898 1166 1970 διηνεκῶς
1212 1900 1353 1972 ὑπὲρ
1392 1902 1490 1971 τῆς
1535 1901 1812 1972 βασιλείας

207 1987 395 2040 αὐτῶν
427 1988 576 2052 ὅπως
614 1989 910 2054 ἀσάλευτος
947 1991 1196 2065 διαμένῃ,
1242 1993 1676 2064 προσευχόμεθα.
1711 1997 1807 2046 Al-

211 2079 460 2148 μιλιανὺς
511 2079 711 2134 διέπων
755 2080 852 2152 τὴν
886 2082 1214 2152 ἡγεμονίαν,
1267 2084 1451 2148 αὐτοῖς
1503 2082 1654 2138 εἷπε·
1713 2087 1810 2151 Τίς

207 2173 324 2243 γὰρ
352 2172 495 2242 ὑμᾶς
530 2171 727 2227 κωλύει
766 2175 860 2227 καὶ
886 2175 1074 2228 τοῦτον
1095 2215 1109 2238 ,
1145 2176 1302 2248 εἴπερ
1339 2177 1456 2230 ἐστὶ
1487 2178 1640 2243 Θεὸς,
1671 2180 1810 2250 μετὰ

207 2264 322 2316 τῶν
361 2267 501 2318 κατά
532 2262 692 2334 φύσιν
723 2265 861 2320 θεῶν
889 2270 1248 2338 προσκυνεῖν;
1293 2268 1460 2332 Θεούς
1485 2268 1594 2340 γὰρ
1626 2269 1809 2322 σέϐειν

207 2355 569 2429 ἐκελεύσθητε
589 2375 604 2388 ·
647 2359 740 2413 καὶ
786 2359 941 2424 θεοὺς
970 2359 1064 2423 οὒς
1097 2360 1296 2424 πάντες
1331 2359 1500 2415 ἴσασι.
1533 2361 1806 2426 Διονύσιος

205 2449 574 2521 ἀπεκρίνατο·
645 2451 836 2522 Ἡμεῖς
889 2452 1084 2506 οὐδένα
1133 2451 1318 2522 ἕτερον
1374 2452 1803 2524 προσκυνοῦμεν.

203 2540 527 2612 Αἰμιλιανὸς
541 2542 740 2596 διέπων
759 2544 857 2616 τὴν
880 2543 1200 2615 ἡγεμονίαν,
1229 2544 1414 2608 αὐτοῖς
1436 2541 1586 2598 εἶπεν
1607 2562 1621 2575 ·
1663 2545 1805 2617 ὐρῶ

203 2636 358 2708 ὑμᾶς
389 2636 522 2708 ὁμοῦ
546 2638 640 2691 καὶ
668 2638 994 2709 ἀχαρίστους
1025 2638 1185 2704 ὄντας
1211 2640 1302 2693 καὶ
1321 2639 1678 2712 ἀναισθήτους
1706 2641 1804 2712 τῆς

202 2727 523 2802 πραότητος
572 2729 680 2783 τῶν
728 2731 1005 2785 σεϐαστῶν
1062 2733 1172 2803 (58)
1237 2732 1428 2804 ήμῶν·
1463 2732 1652 2804 διόπερ
1703 2735 1802 2788 οὐκ

201 2819 399 2874 ἔσεσθε
444 2823 501 2875 ὲν
538 2825 603 2894 τῇ
640 2823 793 2876 πόλει
832 2822 1035 2896 ταύτῃ’
1077 2823 1213 2878 ἀλλὰ
1251 2824 1694 2896 ἀποστώήσεσθε
1721 2828 1800 2889 είς

201 2912 279 2966 τὰ
320 2913 460 2985 μέρη
485 2916 580 2986 τῆς
601 2914 829 2986 Λιϐύης,
864 2915 958 2969 καὶ
991 2919 1048 2969 ἐν
1078 2917 1229 2988 τόπῳ
1254 2917 1528 2988 λεγομένῳ
1561 2916 1761 2989 Κεφρὼ
1782 2935 1795 2946 ·

197 3004 399 3060 τοῦτον
440 3005 548 3078 γὰρ
578 3006 670 3060 τὸν
702 3009 866 3062 τόπον
903 3008 1235 3080 ἐξελεξάμην
1273 3013 1337 3063 ὲκ
1369 3011 1466 3081 τῆς
1501 3009 1799 3074 κελεύσεως

198 3099 317 3154 τῶν
349 3099 622 3154 σεϐαστῶν
656 3101 832 3172 ήμῶν.
870 3102 1136 3174 Οὐδαμῶς
1177 3104 1233 3156 δὲ
1279 3102 1492 3168 ἐξέσται
1515 3103 1640 3156 οὔτε
1675 3105 1801 3174 ὑμῖν
1828 3128 1870 3183 C

194 3191 332 3246 οὔτε
357 3193 535 3257 ἄλλοις
567 3194 731 3256 τισὶν,
762 3194 796 3264 ἦ
827 3193 1082 3257 συνόδους
1112 3195 1416 3258 ποιεῖσθαι,
1510 3198 1588 3259 εἰς
1614 3196 1680 3250 τὰ
1710 3213 1802 3248 κα-

195 3283 446 3355 λούμενα
491 3287 824 3357 κοιμητήρια
870 3285 978 3354 (59)
1018 3287 1266 3342 εἰσιέναι.
1309 3287 1372 3341 Ei
1404 3287 1462 3340 δέ
1495 3305 1580 3351 τις
1603 3287 1797 3358 φανείη

199 3376 285 3447 μὴ
331 3375 620 3448 γενόμενος
661 3379 740 3442 είς
785 3377 877 3430 τὸν
923 3377 1090 3432 τόπον
1122 3379 1310 3433 τοῦτον
1342 3380 1402 3432 ὃν
1433 3380 1713 3441 ἐκέλευσα,
1763 3381 1796 3452 ἢ

196 3466 264 3518 ἐν
302 3470 590 3538 συναγωγῇ
614 3483 720 3520 τινι
738 3467 1010 3539 εὑρεθείη,
1041 3468 1218 3540 ἑαυτῷ
1250 3467 1340 3522 τὸν
1363 3469 1603 3523 κίνδυνον
1626 3471 1798 3542 ἐπαρ-

193 3559 382 3629 τήσει.
416 3560 489 3612 Οὐ
519 3559 627 3630 γὰρ
654 3558 922 3628 ἐπιλείψει
946 3563 979 3630 ἡ
1002 3560 1194 3614 δέουσα
1218 3563 1591 3632 ἐπιστρέφεια.
1635 3562 1797 3616 Ἀπό-

199 3667 371 3722 στητε
414 3647 508 3704 οὖν
555 3652 688 3704 ὃπου
717 3650 1097 3724 ὲκελεύσθητε.
1149 3653 1260 3708 Καὶ
1312 3654 1572 3710 νοσοῦντα
1621 3654 1676 3708 δέ
1730 3672 1796 3725 με

199 3745 578 3816 κατήπειξεν,
641 3745 761 3798 οὐδὲ
827 3746 955 3816 μιᾶς
1021 3743 1313 3816 ὑπέρθεσιν
1373 3745 1496 3808 δοὺς
1561 3747 1792 3818 ἡμέρας.

198 3834 377 3888 Ποίαν
408 3830 502 3889 οὖν
539 3835 617 3889 ἔτι
654 3835 765 3907 (40)
794 3837 888 3890 τοῦ
919 3836 1168 3906 συνάγειν
1196 3835 1228 3905 ἢ
1267 3837 1342 3907 μὴ
1366 3837 1615 3904 συνάγειν
1650 3834 1795 3907 εἶχον

198 3927 404 4000 σχολήν
425 3941 441 3991 ;

276 4024 368 4089 ς’.
392 4018 556 4086 Εἶτα,
567 4022 695 4092 μεθ’
713 4023 905 4091 ἕτερα,
931 4024 1141 4092 φησίν-
1181 4021 1318 4074 ‘AD.’
1337 4020 1456 4075 οὐδὲ
1482 4022 1578 4092 τῆς
1606 4022 1797 4092 αἰσθη-

196 4227 298 4304 qui
333 4231 453 4304 erat
488 4221 1158 4304 hypomnematographus
1193 4219 1577 4304 prazfectomm
1621 4219 1792 4304 ,ᾖξεν-

194 4292 280 4365 pti
302 4311 316 4348 :
337 4293 512 4365 Προσε
519 4292 658 4365 sco;
681 4293 797 4365 γὰρ
817 4292 1080 4365 ἡγεμόσιν
1097 4292 1392 4365 δήποτε-ὐπε
1401 4308 1504 4365 μνη
1515 4308 1620 4365 ματ
1629 4292 1790 4365 ίςετο,

194 4357 303 4446 ξτὰς
325 4357 486 4446 etiam;
509 4357 850 4446 eaepse;
866 4357 1012 4446 ’ἔχων
1045 4357 1384 4446 “efﬂagito.
1401 4357 1469 4414 τὰ
1494 4357 1608 4430 ’μὲν
1648 4364 1792 4446 ἀπη-

192 4436 409 4503 λειφεν,
439 4431 703 4506 ἢ-ςπαρήίει
741 4431 1016 4486 gmw-ca
1056 4434 1098 4486 δ’
1125 4431 1487 4506 οὐ-λεχθέντα
1534 4431 1788 4506 προσενέ-

192 4502 424 4576 ταττεν.
461 4502 596 4559 Ηοό
638 4502 1255 4576 Ἰιςροηιιιθιηιιιοετοριιὶ
1322 4502 1568 4576 olliriuin
1616 4505 1786 4576 gessit

193 4577 338 4630 olim
367 4573 1032 4634 Alexandrizeanianus,
1072 4584 1130 4627 ut
1155 4574 1270 4640 ipse
1304 4581 1535 4626 testatur
1559 4573 1611 4624 in
1636 4573 1781 4637 Apo-

197 4647 351 4716 logia
372 4660 466 4712 pro
487 4647 552 4698 iis
575 4647 666 4716 qui
690 4645 949 4716 salarium
973 4645 1262 4716 accipiunt,
1284 4642 1381 4716 _his_
1400 4643 1575 4695 verbis
1592 4661 1622 4716 :_
1645 4642 1784 4708 Ἐγὼ

197 4662 351 4716 togta
372 4662 466 4712 pro
487 4662 552 4698 iis
613 4663 665 4698 ut
690 4662 949 4698 sutorium
973 4662 1262 4712 αεειριιιιιι,
1292 4662 1374 4694 ms
1400 4662 1604 4695 verbis:
1660 4662 1784 4708 n7m

192 4718 254 4785 γ’
281 4712 398 4780 οὖν,
424 4717 472 4768 εί
503 4662 753 4784 cuii/ato,
779 4715 986 4784 δόξαιμ’
1025 4714 1090 4766 ἄν
1121 4731 1201 4765 σοι
1243 4713 1306 4764 οὐ
1332 4711 1399 4785 fro
1425 4709 1786 4785 σμικρότατον

191 4781 302 4858 τῆς
319 4781 624 4858 Αἰγυπτίας
646 4786 849 4858 ταύτης
868 4781 1046 4858 ἀρχῆς
1070 4782 1490 4858 ἐγκεχειρίσθαι,
1508 4781 1786 4858 τὰς-δίκας

193 4853 471 4925 εἰσάγειν,
500 4857 596 4908 καὶ
639 4856 793 4922 τάξιν
809 4853 1014 4917 αὐταῖς
1050 4854 1150 4924 τὴν
1185 4853 1786 4925 προσήκουσανΑὲπιτι-

195 4922 379 4989 θέναι,
415 4926 508 4979 καὶ
533 4927 639 4978 τῶν
674 4925 1064 5002 πραττομένων
1095 4922 1197 5002 gat
1238 4923 1548 5002 λεγομένων
1572 4922 1786 5002 ἁπαξα-

195 4999 426 5051 πάντων
457 4993 834 5067 ,ὑπομνήματα
873 4993 1204 5067 γράφεσθαι,
1243 5002 1348 5067 etc_.
1414 4993 1578 5067 Addit
1619 4993 1783 5067 etiam

196 5063 1221 5142 Lucianus,“hvpomnetnatographum
1261 5063 1534 5142 salarium‘
1559 5063 1785 5142 amplis-

195 5141 404 5192 simum
432 5152 464 5191 e
489 5132 622 5191 ﬁsco
656 5137 936 5194 habuisse,
962 5132 1015 5188 et
1040 5144 1258 5202 peracto
1285 5144 1429 5187 recte
1450 5132 1628 5187 oliicio
1656 5147 1784 5200 pro-

201 5209 441 5262 t'ineiam
479 5207 769 5277 regendam
804 5206 1098 5272 accepisse.
1121 5204 1338 5277 Vaces.

279 5279 392 5346 (56)
433 5273 856 5346 Εὶσὶιχθέντων
883 5275 1224 5328 Διονυσίου.
1258 5273 1382 5346 Haec
1409 5283 1526 5328 erat
1551 5273 1783 5346 formula

194 5345 466 5404 Actorum
506 5345 874 5418 publicorum.
917 5346 1171 5418 utdocet
1198 5345 1519 5397 Ammianus
1562 5345 1785 5398 Marcet-

198 5421 351 5475 linus
376 5419 429 5472 in
455 5413 549 5474 lib.
578 5436 712 5479 xm,
741 5419 828 5471 his
853 5416 1036 5470 verbis
1061 5433 1074 5466 :
1099 5413 1169 5468 Et
1195 5421 1328 5468 Acta
1356 5431 1511 5483 super
1534 5432 1592 5467 eo
1617 5425 1783 5484 gesta,

196 5507 305 5544 nou
327 5491 441 5542 sine
466 5506 656 5558 magno
689 5486 996 5558 legebantur
1018 5487 1256 5558 horrore,
1287 5501 1405 5558 cum
1426 5486 1478 5537 id
1504 5486 1783 5558 uoluminis

198 5560 401 5631 publici
452 5556 748 5612 contineret
798 5557 1076 5612 exordium
1101 5556 1459 5631 :__Cons__ulatu
1516 5556 1686 5631 Tauri
1733 5564 1783 5607 et

197 5625 503 5691 Florentii.
531 5631 748 5687 inducto
783 5630 878 5680 sub
917 5627 1245 5696 prwconibus
1278 5625 1471 5678 Tauro.
1500 5627 1579 5679 Ad
1621 5642 1781 5695 quem

201 5703 383 5756 locum
413 5701 534 5754 vide
559 5715 682 5768 quae
707 5700 838 5751 olim
869 5698 1201 5750 notavimus.
1236 5697 1310 5750 lu.
1387 5767 1395 5768 ί
1670 5705 1672 5707 ’

275 5773 390 5842 (257)
430 5773 500 5827 El
525 5767 879 5835 βούλοισθε.
908 5769 963 5821 In
989 5768 1164 5822 tribus
1191 5767 1593 5836 exemplaribus
1617 5768 1780 5829 Maz.,

525 5869 791 5929 l’n‘ItOL.
839 5866 955 5926 (in.
988 5865 1077 5923 Χ.

1913 1892 2145 1946 colimus
2183 1904 2234 1946 et
2273 1893 2587 1950 adoramus.
2638 1898 2773 1953 Huic
2813 1904 3101 1956 continuas
3150 1919 3336 1972 preces
3363 1905 3496 1960 oile-

1912 1981 2085 2033 rimns
2119 1997 2217 2050 pro
2250 1983 2477 2051 imperio
2507 1986 2747 2048 illorum,
2794 1999 2851 2043 ut
2889 1992 3081 2046 stabile
3109 2004 3164 2046 et
3207 1997 3498 2052 inroncus-

1913 2091 2032 2129 snm
2060 2086 2392 2144 permaneat.
2437 2078 2768 2135 {Emilianus
2791 2083 3077 2152 praefectus
3104 2058 3298 2140 iterum
3323 2089 3492 2142 dixit:

1911 2167 2046 2233 Quis
2100 2185 2226 2222 vero
2280 2186 2378 2224 vos
2433 2172 2718 2239 prohibet,
2771 2178 3066 2244 quominus
3112 2191 3164 2232 et
3203 2181 3376 2240 hunc,
3417 2183 3493 2235 si-

1909 2260 2126 2329 quidem
2160 2261 2300 2316 Deus
2323 2272 2428 2324 est,
2473 2278 2597 2318 cum
2632 2265 2698 2319 iis
2728 2266 2820 2335 qui
2859 2278 3051 2322 natura
3081 2271 3154 2324 dii
3182 2281 3328 2337 sunt,
3358 2274 3491 2328 ado-

1910 2354 2077 2408 retis?
2121 2353 2260 2408 Deos
2305 2355 2450 2409 enim
2487 2357 2664 2411 colere
2703 2357 2844 2423 jussi
2893 2362 3060 2422 estis,
3109 2378 3314 2432 eosque
3353 2380 3494 2435 quos

1909 2447 2089 2500 cuncti
2116 2456 2316 2500 norunt
2353 2448 2503 2502 deos.
2553 2447 2846 2518 Dionysius
2875 2455 3155 2522 respondit
3185 2474 3198 2509 :
3232 2454 3343 2512 Nos
3371 2458 3496 2512 nul-

1907 2537 2020 2592 lum
2050 2540 2218 2594 alium
2253 2542 2568 2597 adoramus.
2607 2541 2940 2600 Emilianns
2985 2547 3271 2616 prmiectus
3308 2551 3490 2607 dixit:

1909 2629 2079 2686 Video
2101 2648 2200 2688 vos
2231 2635 2476 2705 ingratos
2505 2651 2628 2690 esse
2661 2638 2824 2692 simul
2859 2654 2922 2692 ac
2958 2639 3227 2708 stupidos,
3259 2643 3352 2710 qui
3383 2645 3494 2700 clec

1906 2724 2164 2779 mentiam
2204 2726 2575 2797 Augustorum
2629 2731 2852 2785 minime
2904 2733 3168 2786 sentiatis.
3225 2732 3496 2799 Quamob-

1907 2836 2024 2876 rem
2074 2836 2181 2876 non
2235 2821 2524 2877 manebitis
2573 2825 2626 2876 in
2677 2824 2778 2880 hac
2806 2825 2959 2887 urbe,
2997 2829 3088 2882 sed
3122 2829 3406 2886 mittemini
3436 2832 3491 2887 in

1904 2924 2090 2970 partes
2125 2914 2306 2984 Libym
2355 2913 2420 2967 ad
2469 2914 2652 2968 locum
2687 2918 2777 2986 qui
2811 2918 3010 2972 dicitur
3051 2920 3281 2989 Cephro.
3337 2923 3492 2979 Hunc

1905 3023 2049 3061 enim
2076 3008 2250 3060 locum
2273 3007 2430 3073 jussu
2456 3008 2824 3077 Augustorum
2851 3023 3157 3066 nostrorum
3181 3013 3338 3083 elegi.
3365 3013 3493 3069 Nul-

1906 3099 2120 3152 latenus
2162 3109 2343 3153 autem
2373 3099 2556 3152 licebit
2590 3101 2745 3154 vobis
2780 3117 2882 3155 nec
2911 3105 3332 3175 quibuseunqne
3367 3109 3490 3163 aliis

1904 3199 2204 3245 conventus
2237 3205 2420 3261 agere,
2472 3201 2566 3246 aut
2609 3207 2671 3245 ea
2720 3207 2842 3260 quae
2880 3203 3147 3248 vocantur
3177 3198 3490 3253 cmmeteria

1901 3283 2071 3336 adire.
2113 3282 2268 3347 Quod
2301 3283 2346 3336 si
2375 3283 2501 3352 quis
2527 3283 2594 3336 ad
2623 3297 2747 3338 eum
2789 3299 2952 3353 quem
2988 3285 3127 3352 jussi
3154 3286 3337 3340 locum
3384 3290 3492 3343 mi-

1902 3373 2050 3428 nime
2079 3373 2357 3442 profectus
2386 3373 2841 3442 deprehendetur,
2875 3383 2970 3427 aut
2998 3377 3051 3428 in
3083 3387 3354 3431 conventu
3397 3380 3491 3434 ali-

1901 3481 2012 3534 quo
2040 3467 2200 3520 fuerit
2230 3471 2510 3530 inventus;
2544 3467 2590 3521 is
2623 3465 2724 3520 sibi
2753 3466 2868 3536 ipse
2889 3467 3190 3536 periculum
3226 3485 3484 3526 arcesset.

1899 3557 2019 3612 Non
2053 3558 2196 3613 enim
2223 3557 2396 3613 deerit
2426 3575 2666 3628 congrua
2709 3559 3132 3613 animadversio.
3198 3560 3488 3617 Abscedite

1901 3649 2067 3718 igitur
2094 3662 2206 3717 quo
2234 3649 2374 3716 jussi
2411 3649 2564 3702 estis.
2600 3648 2906 3717 Statimque
2942 3665 3029 3702 nte
3065 3651 3280 3705 tametsi
3311 3668 3486 3722 .egro-

1903 3750 2104 3796 tantem
2139 3741 2410 3810 prolicisci
2466 3741 2750 3810 compulit,
2805 3757 2874 3796 ne
2917 3741 3023 3796 diei
3069 3744 3288 3812 quidem
3323 3745 3487 3800 unius

1898 3836 2160 3890 dilatione
2186 3843 2471 3889 eo‘ncessa.
2514 3832 2800 3900 Quomodo
2828 3835 2994 3905 igitur
3022 3846 3325 3892 conventus
3357 3853 3484 3907 age-

1899 3944 1978 3993 re,
2015 3939 2106 3982 aut
2139 3943 2244 3982 non
2273 3942 2431 3997 agere
2465 3942 2696 3981 vacuum
2729 3927 2864 3980 mihi
2892 3928 3148 3996 deinceps
3176 3929 3309 3981 fuit?

1973 4019 2060 4072 Vl.
2103 4018 2301 4072 Paucis
2355 4002 2540 4071 deinde
2576 4018 2885 4085 interjectis,
2921 4020 3071 4072 addit
3105 4037 3122 4072 :
3159 4003 3261 4075 Sed
3309 4036 3482 4091 neque.
3528 4038 3535 4048 '

1897 4217 2035 4272 Med.
2063 4227 2115 4270 et
2138 4215 2275 4269 Fuk.
2304 4214 2498 4284 legitur
2525 4215 2574 4266 εἰ
2603 4212 2876 4284 βούλεσθε.
2905 4211 2982 4265 In.

1970 4311 2080 4383 ('58)
2120 4311 2462 4386 Πραότῃτος
2495 4307 2628 4386 τῶιςΔ
2648 4304 3006 4386 σεϐαστῶν..χ
3032 4305 3214 4386 Codex
3236 4305 3480 4386 ,μίξει-οι
3526 4329 3535 4346 ι

1895 4375 2033 4435 ιιπ.
2063 4375 2275 4435 addunt
2309 4379 2486 4451 ἡμῶν,
2517 4379 2719 4446 quibus
2744 4379 3016 4432 consentit
3039 4377 3208 4430 codex
3233 4375 3368 4430 Fuk.
3397 4376 3472 4432 lo.

1967 4475 2080 4545 (59)
2108 4470 2700 4545 Κοιμητήριαηιέοιίιιί
2725 4469 3174 4545 αιἐηεκιοςιιιιριιι
3202 4488 3214 4545 ς
3241 4470 3312 4523 ita
3343 4469 3478 4524 Ter-

1893 4538 2153 4600 tullianns
2189 4538 2240 4598 in
2272 4538 2411 4597 libro
2439 4542 2506 4594 ad
2537 4540 2845 4610 Scapulam.
2879 4538 2945 4593 Et
2985 4541 3038 4592 in
3066 4539 3249 4593 Gestis
3280 4555 3481 4610 purga-

1891 4619 2056 4670 tionis
2080 4613 2353 4670 Caeciliani
2383 4633 2394 4667 :
2442 4611 2585 4664 Nam
2627 4609 2762 4664 cives
2792 4613 2844 4662 in
2876 4625 2997 4661 area
3026 4619 3322 4678 martyrum
3363 4609 3479 4678 fue—

1893 4697 2016 4739 runt
2048 4686 2264 4739 inclusi.
2296 4684 2360 4736 Et
2389 4687 2439 4736 in
2470 4683 2650 4736 Gestis
2672 4679 3010 4750 purgationis
3038 4677 3231 4750 Felicis
3256 4697 3270 4750 ι
3301 4678 3481 4750 Tol_lat

1890 4758 2084 4826 aliquis
2125 4757 2189 4809 de
2229 4755 2414 4808 vestris
2441 4755 2494 4805 in
2522 4748 2722 4813 aream,
2753 4751 2840 4802 ubi
2864 4750 3130 4801 orationes
3155 4749 3358 4817 facitis.
3394 4748 3474 4802 In.

1963 4847 2072 4912 (40)
2112 4847 2299 4899 Ποίαν
2329 4841 2442 4899 οὖν
2477 4845 2584 4897 ἔτι.
2620 4841 2992 4896 Λροειιειιιιοιιιι-
3037 4840 3243 4893 scilicet
3274 4839 3480 4912 Diony-

1890 4909 2007 4972 sius
2039 4933 2070 4971 ιι
2101 4916 2395 4970 Germano.
2420 4918 2562 4982 quod
2591 4921 2894 4966 conventus
2935 4912 3180 4982 Ιίνιιιιιιιι⁸
3213 4926 3321 4962 non
3376 4909 3464 4982 ita.

1889 4989 2100 5042 bnisset
2126 4995 2251 5039 ante
2271 4979 2514 5038 exortam
2544 4982 2996 5052 persecutionem.
3030 4981 3122 5033 sed
3149 4979 3283 5052 iuga
3311 4980 3475 5034 saluti

1891 5074 2005 5112 sua:
2059 5057 2447 5126 prospexisset.
2489 5049 2718 5126 Quoties
2756 5051 2902 5126 enim
2954 5049 3240 5126 ingruebat
3287 5065 3474 5117 perse-

1889 5119 2073 5189 cutio;
2096 5119 2344 5180 solebant
2373 5126 2523 5193 prius
2556 5121 2798 5191 episcopi
2828 5119 3086 5193 populum
3106 5135 3474 5193 congregare,

1888 5208 1950 5252 ut
1985 5213 2109 5252 eum
2139 5196 2207 5249 ad
2237 5191 2570 5249 retinendam
2607 5193 2807 5245 Christi
2843 5191 3001 5245 ﬁdem
3029 5191 3474 5246 exhortarentur.

1890 5269 2094 5322 Deinde
2138 5267 2374 5319 infantes
2418 5277 2472 5319 et
2522 5264 2948 5317 catechumenos
3001 5261 3374 5328 baptizabant,
3409 5279 3478 5316 ne

1889 5340 2010 5393 sine
2071 5339 2341 5405 baptismo
2381 5351 2446 5388 ex
2481 5336 2581 5388 hac
2626 5334 2730 5386 vita
2783 5333 3116 5405 migrarent;
3162 5340 3215 5384 et
3261 5331 3478 5386 Eucha-

1889 5410 2099 5463 ristiam
2138 5403 2387 5460 tidelibns
2431 5405 2767 5469 dividebant,
2806 5419 2928 5457 eum
2975 5403 3242 5454 incertum
3289 5415 3434 5457 esset
3460 5443 3476 5466 ,

1888 5480 2128 5548 qnandiu
2167 5481 2426 5548 duratura
2479 5485 2622 5548 esset
2671 5475 3020 5548 persecutio._
3050 5475 3236 5548 Quem
3267 5490 3474 5548 niurem

1887 5542 2075 5605 docuit
2120 5564 2220 5602 nos
2265 5546 2468 5601 factum
2522 5542 2775 5601 Dorothei
2830 5545 3115 5612 cujusdam
3177 5542 3476 5599 Thcssalo-

1889 5621 2130 5675 nicensis
2152 5619 2390 5687 episcopi
2419 5618 2757 5687 temporibus
2784 5615 2983 5670 Justini
3005 5633 3022 5687 ι
3065 5615 3210 5682 quod
3237 5614 3474 5687 refertur

1890 5692 1943 5743 in
1978 5685 2638 5759 suggestioneGermani.
2681 5685 2887 5759 Felicis
2911 5697 2962 5738 et
3002 5685 3270 5759 Dioscuri,
3305 5691 3477 5744 missa
3529 5737 3533 5740 _

1889 5763 1954 5816 ad
1984 5754 2329 5815 Hdrittisdain
2365 5776 2556 5830 papam
2588 5773 2733 5812 anno
2764 5757 2970 5811 Christi
3001 5756 3106 5808 519
3159 5754 3235 5811 In.

3006 5851 3086 5914 E2
