3888 6486
379 298 405 352 1
415 297 518 353 5225

1372 292 1429 346 S.
1472 291 1767 347 DlONYSll
1805 290 2113 348 EPISCOPI
2151 289 2622 347 ALEXANDRINI

3505 288 3534 341 1
3547 287 3673 341 δτι

376 413 706 484 acorporali
758 420 1049 475 conventu,
1101 410 1329 465 Domino
1363 411 1607 478 juvante,
1661 410 1955 466 abfuimns.

2063 412 2157 482 τῆς
2191 413 2350 482 ἡμεῖς
2400 411 2538 482 μετὰ
2566 409 2660 463 τοῦ
2699 410 2906 480 Κυρίου
2937 406 3261 478 συναγωγῆς
3288 405 3628 476 ἀπέστημεν
3652 418 3671 430 ·

377 506 578 562 Verum
607 522 701 561 eos
727 506 819 576 qui
846 504 902 559 in
930 505 1064 559 urbe
1106 512 1294 569 erant,
1339 504 1563 573 perinde
1593 520 1657 558 ac
1704 505 1750 558 si
1800 504 1956 557 ades-

374 616 516 662 sem,
551 600 758 669 majore
804 599 986 653 studio
1021 598 1342 666 congregavi
1378 598 1429 650 in
1481 595 1800 661 ecclesiam;
1861 595 1956 649 ab-

374 708 504 748 sens
551 693 773 762 quidem
820 705 1066 760 corpore,
1118 699 1179 743 ut
1203 688 1315 758 jam
1363 687 1510 753 dixi,
1545 687 1728 742 animo
1772 694 1954 741 autem

371 800 634 856 praesens.
687 783 841 854 Apud
868 783 1082 851 Cephro
1104 796 1234 836 vero
1269 781 1553 836 nobiscum
1583 794 1778 850 magna
1824 779 1956 832 fide-

371 881 506 936 lium
538 880 712 935 adfuit
744 878 1068 942 multitudo;
1119 878 1314 948 partim
1363 893 1551 931 eorum
1585 876 1677 946 qui
1719 876 1787 930 ab
1819 874 1956 929 urbe

371 989 476 1030 nos
501 974 672 1030 secuti
705 973 940 1038 fuerant,
981 972 1176 1042 partim
1219 971 1452 1024 aliorum
1491 969 1583 1038 qui
1635 985 1699 1024 ex
1745 969 1952 1037 reliqua

372 1069 606 1140 Egyplo
654 1067 1014 1140 conﬂuebant.
1046 1064 1122 1118 lbi
1149 1079 1366 1134 quoque
1405 1063 1628 1132 januam
1680 1061 1839 1115 nobis
1868 1077 1956 1129 pa-

371 1159 558 1213 tefecit
601 1158 743 1212 Deus
782 1157 847 1211 ad
883 1156 1322 1224 praedicationem
1362 1154 1509 1207 verbi
1548 1153 1653 1207 sui.
1701 1151 1765 1206 Et
1799 1152 1953 1205 initio

371 1248 590 1321 quidem
629 1248 1061 1317 persecutionem
1104 1245 1272 1314 passi,
1323 1253 1375 1297 et
1409 1243 1678 1312 lapidibus
1723 1241 1952 1310 impetiti

371 1356 585 1395 sumus.
623 1338 979 1393 Postmodum
1011 1350 1140 1388 vero
1181 1349 1288 1387 non
1341 1335 1496 1404 pauci
1528 1349 1592 1388 ex
1627 1332 1950 1402 gentilibus,

370 1433 578 1489 relictis
626 1429 957 1493 simulacris,
1002 1430 1068 1484 ad
1117 1429 1283 1483 Deum
1337 1427 1582 1482 conversi
1616 1435 1762 1480 sunt.
1800 1424 1953 1480 Tunc

369 1524 516 1578 enim
557 1523 796 1592 primum
823 1519 965 1590 apud
989 1519 1111 1572 illos
1137 1518 1286 1572 verbi
1317 1516 1485 1571 divini
1516 1532 1610 1585 per
1633 1530 1734 1569 nos
1762 1530 1952 1582 sparsa

371 1625 501 1671 sunt
547 1614 791 1678 semina,
844 1628 968 1666 cum
1014 1611 1144 1665 illud
1198 1621 1354 1664 antea
1413 1624 1522 1663 non
1562 1607 1950 1676 suscepissent.

369 1710 450 1763 Ac
478 1723 706 1778 prorsus
737 1705 895 1776 quasi
925 1704 1069 1760 Dens
1099 1704 1218 1773 ejus
1269 1703 1346 1756 rei
1389 1717 1553 1756 causa
1592 1716 1692 1756 nos
1730 1700 1796 1754 ad
1830 1698 1951 1753 illos

2063 499 2197 554 ἀλλὰ
2243 501 2368 564 τοὺς
2411 501 2509 570 μὲν
2541 502 2597 552 ἐν
2635 503 2700 572 τῇ
2749 501 2900 553 πόλει
2937 499 3351 568 σπουδαιότερον
3387 495 3676 568 συντικρό-

2061 609 2186 644 τουν
2219 592 2295 656 ὡς
2331 592 2533 645 συνών·
2567 591 2722 646 ἀπὼν
2754 592 2850 662 μὲν
2883 592 2962 663 τῷ
2991 591 3198 661 σώματι
3225 591 3302 654 ὡς
3335 586 3493 642 εἷπον
3525 587 3672 659 (41),

2062 684 2252 756 παρὼν
2283 685 2338 738 δὲ
2369 684 2448 755 τῷ
2487 685 2778 755 πνεύματι.
2823 686 2913 738 Ἐν
2931 684 2987 737 δὲ
3021 688 3086 755 τῇ
3121 686 3348 755 Κεφροῖ,
3395 683 3492 735 καὶ
3533 681 3674 734 πολ-

2061 775 2126 847 λὴ
2172 777 2431 848 συνεπεδή
2443 794 2612 848 μησεν
2655 781 2782 847 ἡμῖν
2809 776 3105 848 ἐκκλησία·
3139 777 3246 828 τῶν
3288 778 3386 847 μὲν
3421 774 3540 828 ἀπὸ
3570 775 3675 844 τῆς

2061 868 2268 933 πόλεως
2318 869 2560 938 ἀδελφῶν
2601 870 2912 940 ἑπομένων,
2957 870 3064 921 τῶν
3113 870 3168 922 δὲ
3217 868 3512 921 συνιόντων
3572 868 3673 919 ἀπ’

2061 957 2361 1026 Αἰγύπτου.
2398 959 2576 1011 Κάκεῖ
2625 958 2792 1030 θύραν
2835 961 2964 1029 ἡμῖν
3019 959 3046 1009 ό
3105 959 3235 1020 Θεὸς
3296 958 3508 1028 ἀνέῳξε
3574 949 3674 1009 τού

2061 1050 2240 1119 λόγου.
2290 1051 2400 1103 Ka‘t
2431 1050 2492 1102 τὸ
2531 1049 2631 1120 μὲν
2675 1049 2889 1119 πρῶτον
2933 1049 3300 1120 ὲδιώχθημεν,
3343 1049 3674 1118 ἐλιθοϐολή-

2062 1142 2234 1214 θημεν
2254 1159 2267 1172 ·
2311 1141 2534 1214 ὕστερον
2568 1142 2626 1195 δέ
2666 1159 2811 1205 τινες
2842 1142 3012 1210 ὀλίγοι
3031 1142 3140 1195 τῶν
3167 1142 3334 1196 ἐθνῶν
3357 1142 3428 1194 τὰ
3459 1141 3672 1194 εἴδωλα

2060 1234 2470 1299 καταλιπόντες,
2516 1234 2855 1305 ἐπέστρεψαν
2896 1237 2990 1287 ἐπὶ
3019 1236 3110 1288 τὸν
3141 1235 3293 1288 Θεόν.
3344 1235 3418 1287 Ού
3449 1235 3669 1304 πρότε-

2064 1345 2154 1399 ρον
2200 1327 2310 1398 γὰρ
2373 1327 2838 1398 παραδεξαμένοις
2883 1329 3102 1393 αὐτοῖς,
3143 1330 3264 1382 τότε
3312 1328 3538 1400 πρῶτον
3598 1328 3671 1379 δι’

2057 1420 2217 1492 ήμῶν
2249 1422 2277 1472 ὁ
2310 1419 2467 1486 λόγος
2499 1421 2808 1492 ὲπεσπάρη.
2858 1423 2968 1474 Καὶ
3011 1421 3200 1490 ὥσπερ
3235 1420 3429 1472 τούτου
3465 1420 3672 1471 ἕνεκεν

2057 1514 2363 1583 ἀπαγαγὼν
2406 1517 2552 1586 ἡμᾶς
2585 1517 2723 1587 πρὸς
2757 1517 2953 1580 αὐτοὺς
2993 1519 3021 1570 ό
3044 1516 3210 1579 θεὸς,
3246 1515 3366 1568 ἐπεὶ
3405 1514 3504 1584 τὴν
3543 1514 3672 1566 δια-

2057 1609 2244 1662 κονίαν
2293 1607 2498 1678 ταύτην
2546 1608 2940 1682 ὲπληρώσαμεν
2965 1649 2980 1674 ,
3017 1610 3176 1663 πάλιν
3215 1610 3560 1678 ἀπαγήοχεν.
3607 1608 3670 1658 Ὁ

2057 1697 2166 1769 γὰρ
2207 1699 2520 1770 Αἰμιλιανὸς
2552 1701 2632 1762 εἰς
2663 1703 3034 1772 τραχυτέρους
3060 1701 3182 1772 μὲν,
3213 1700 3289 1762 ὡς
3327 1699 3531 1761 ἐδόκει,
3567 1700 3668 1751 καὶ

369 1800 736 1870 perduxisset,
788 1809 1077 1868 postquam
1117 1795 1250 1849 illud
1301 1794 1666 1848 ministerium
1713 1791 1954 1862 implevi-

2063 1792 2469 1864 Λιϐυκωτέρους
2507 1794 2654 1863 ἡμᾶς
2706 1794 3046 1865 μεταστῆσαι
3093 1794 3293 1856 τόπους
3340 1792 3663 1863 ἐϐουλήθη·

368 1906 538 1956 Jnus,
589 1890 782 1944 iterum
818 1903 919 1943 nos
950 1889 1060 1942 alio
1105 1886 1398 1941 transtulit.
1449 1885 1661 1939 Etenim
1706 1883 1951 1939 {Etnilia-

369 1997 476 2036 ltus
504 1983 559 2035 in
589 1982 866 2050 asperiora
897 1982 1142 2050 quadam
1174 1980 1314 2042 loca,
1360 1987 1414 2033 et
1462 1987 1522 2032 ut
1562 1977 1818 2033 credebat
1845 1991 1955 2030 ma-

369 2076 455 2144 gis
487 2073 709 2145 Libyca,
738 2087 839 2127 nos
867 2082 1237 2141 transportare
1261 2071 1574 2127 constituit.
1629 2068 1697 2124 Et
1743 2070 1957 2125 cunctis

368 2165 735 2234 undecunque
775 2163 842 2217 ad
871 2162 1220 2218 Mareoticam
1256 2160 1634 2232 przefccturam
1681 2159 1956 2214 confluere

366 2249 560 2320 jussis,
595 2253 745 2306 vicos
774 2266 869 2320 per
895 2252 1172 2321 regionem
1207 2251 1353 2304 illam
1405 2251 1683 2320 dispersos
1727 2249 1956 2318 singulis

367 2343 672 2414 assignavit
705 2362 718 2398 :
748 2359 849 2398 nos
882 2358 1012 2397 vero
1052 2344 1226 2412 magis
1271 2344 1338 2396 ad
1378 2342 1519 2395 viam
1556 2341 1851 2411 publicam,
1897 2350 1957 2395 ut

2060 1883 2157 1936 καὶ
2189 1883 2317 1946 τοὺς
2342 1885 2647 1955 πανταχόσε
2683 1889 2761 1950 εἰς
2792 1886 2883 1939 τὸν
2913 1884 3222 1957 Μαρεώτην
3245 1885 3506 1937 ἐκέλευσε
3539 1886 3670 1954 sup-

2065 1976 2197 2044 ῥεῖν,
2246 1975 2439 2045 κώμας
2486 1976 2735 2040 ἑκάστοις
2772 1979 2880 2030 τῶν
2931 1977 3072 2031 κατά
3113 1977 3297 2049 χώραν
3339 1976 3620 2048 ἀφορίσας
3649 1994 3663 2005 ·

2061 2069 2210 2138 ἡμᾶς
2251 2068 2307 2121 δὲ
2336 2067 2534 2139 μᾶλλον
2563 2070 2621 2122 ὲν
2653 2069 2778 2140 ὀδῷ,
2819 2070 2915 2124 καὶ
2961 2069 3209 2140 πρώτους
3233 2070 3669 2140 καταληφθησο-

2066 2157 2260 2228 μένους
2304 2158 2514 2225 ἕταξενο
2562 2160 2829 2231 ᾠκονόμει
2883 2161 2992 2233 γὰρ
3035 2161 3301 2232 δηλονότι,
3353 2162 3453 2213 καὶ
3483 2178 3666 2232 παρε-

2065 2249 2349 2317 σκεύαζεν,
2387 2254 2473 2306 ἵνα
2517 2255 2716 2308 ὁπόταν
2751 2253 3041 2325 βουληθείη
3084 2254 3397 2317 συλλαϐεῖν,
3448 2254 3668 2316 πάντας

2063 2343 2366 2408 εὐαλώτους
2396 2345 2531 2416 ἔχοι.

366 2435 531 2508 primi
572 2438 1178 2507 comprehenderemur,
1208 2437 1514 2492 collocavit.
1546 2435 1602 2490 1d
1636 2437 1780 2491 enim
1811 2437 2081 2508 praecipue
2119 2441 2314 2510 agebat
2357 2458 2422 2497 ac
2463 2441 2823 2512 moliebatur,
2871 2454 2929 2499 ut
2961 2443 3402 2514 quandocunque
3447 2443 3666 2496 voluis-

368 2536 472 2592 set,
504 2544 694 2584 omnes
723 2530 873 2583 nullo
903 2532 1119 2599 negotio
1149 2529 1266 2600 capi
1297 2543 1604 2600 possemus.

396 2651 419 2673 ι
442 2623 555 2679 Vll.
596 2623 709 2694 Ego
740 2641 870 2679 vero
907 2641 1031 2680 cum
1058 2624 1274 2695 Cephro
1308 2626 1546 2696 primum
1577 2624 1727 2679 abire
1762 2624 1954 2694 jussus

371 2731 518 2780 sum,
547 2714 760 2770 tametsi
796 2715 1014 2770 ubinam
1047 2716 1202 2771 locus
1236 2714 1328 2769 ille
1371 2717 1509 2771 situs
1537 2725 1700 2779 esset,
1738 2715 1957 2786 ignora-

370 2810 520 2872 bam,
569 2805 772 2876 quippe
817 2807 910 2877 qui
951 2808 1040 2861 vix
1085 2823 1283 2862 nomen
1328 2807 1477 2864 illius
1525 2816 1680 2862 antea
1721 2807 1959 2863 audivis-

371 2915 521 2968 sem;
558 2897 916 2955 nihilominus
966 2900 1133 2956 alacri
1176 2901 1565 2970 constantique
1613 2901 1797 2955 animo
1833 2917 1958 2972 per-

369 2992 508 3048 rexi.
549 2993 910 3064 Posteaquam
951 3009 1081 3049 vero
1115 2993 1248 3046 mihi
1288 2994 1657 3050 renuntiatum
1686 3004 1769 3050 est
1801 3003 1863 3050 ut
1886 2996 1955 3050 ad

370 3082 736 3140 Colluthionis
761 3086 1042 3156 regionem
1073 3085 1386 3156 migrarent,
1415 3095 1619 3139 norunt
1647 3086 1683 3139 ii
1710 3084 1804 3154 qui
1838 3096 1953 3140 tum

367 3185 666 3245 praesentes
695 3174 941 3242 aderant,
967 3175 1242 3245 quomodo
1265 3175 1490 3230 allectus
1518 3177 1703 3229 animo
1731 3175 1950 3230 fuerim.

366 3269 472 3322 llic
507 3266 653 3321 enim
692 3267 1009 3336 memetipse
1047 3267 1318 3322 accusabo
1365 3285 1379 3320 :
1417 3267 1684 3336 principio
1731 3265 1952 3336 quidem

370 3375 514 3430 aegre
559 3360 854 3416 admodum
903 3375 970 3414 ac
1017 3359 1247 3415 moleste
1287 3359 1408 3414 tuli.
1457 3358 1575 3414 Etsi
1615 3360 1759 3414 enim
1802 3360 1955 3429 regio

369 3451 463 3505 illa
492 3450 672 3506 notior
697 3450 858 3505 nobis
887 3451 1168 3522 magisque
1193 3451 1480 3506 familiaris
1516 3459 1635 3504 erat
1662 3466 1826 3520 quam
1860 3451 1956 3506 Ce-

369 3543 541 3614 phro,
573 3551 754 3598 tamen
788 3543 1051 3598 fratribus
1082 3560 1147 3598 ac
1192 3542 1376 3613 probis
1407 3541 1540 3597 viris
1580 3557 1788 3596 vacuus
1831 3556 1956 3598 esse

368 3637 527 3693 locus
550 3637 851 3699 dicebatur,
885 3648 940 3690 et
967 3637 1233 3691 viatorum
1264 3637 1437 3692 turbis
1467 3637 1849 3706 latronumque
1877 3636 1956 3690 in-

368 3730 720 3785 cursionibus
744 3729 1037 3784 obnoxius.
1071 3728 1174 3784 Sed
1201 3729 1432 3784 multum
1461 3729 1596 3783 mihi
1625 3727 1956 3784 consolatio-

367 3829 456 3882 nis
497 3828 699 3894 attulit,
746 3827 891 3896 quod
949 3825 1141 3884 fratres
1187 3844 1275 3884 me
1317 3828 1720 3883 admonuerunt
1772 3828 1953 3882 locum

367 3919 520 3974 illum
566 3935 597 3975 a
636 3921 856 3975 civitate
902 3921 1129 3991 propius
1185 3921 1395 3976 abesse.
1460 3919 1647 3993 Itaque
1703 3919 1953 3989 quamvis

366 4012 582 4083 Cephro
623 4014 919 4069 maximam
975 4015 1135 4071 nobis
1180 4014 1584 4068 multitudinem
1620 4012 1850 4067 fratrum
1887 4027 1952 4066 ex

367 4105 607 4177 Egypto
661 4105 1052 4162 conﬂuentium
1096 4106 1440 4170 adduxisset,
1479 4107 1615 4161 adeo
1669 4114 1730 4160 ut
1777 4103 1955 4159 laxius

363 4198 479 4270 jam
513 4208 816 4254 conventus
853 4213 1010 4269 agere
1039 4212 1326 4266 possemus
1354 4217 1368 4252 :
1398 4198 1510 4252 illic
1533 4208 1735 4264 tamen,
1766 4197 1837 4252 ob
1868 4195 1954 4250 vi—

367 4292 646 4347 cinitatem
675 4291 861 4357 urbis,
908 4292 1358 4347 charissimorum
1389 4299 1445 4346 et
1471 4289 1956 4361 conjunctissimo-

367 4399 493 4440 rum
543 4383 828 4437 hominum
873 4391 1095 4452 aspectu
1144 4383 1391 4437 crebrius
1436 4397 1539 4436 nos
1579 4381 1793 4436 aiebant
1834 4395 1956 4436 esse

2133 2628 2200 2685 Z'.
2219 2625 2360 2696 Ἐγὼ
2381 2627 2438 2680 δὲ
2458 2629 2545 2682 ὅτε
2567 2629 2664 2700 μὲν
2691 2630 2770 2693 εἰς
2793 2630 3028 2702 Κεφρὼν
3054 2629 3468 2701 ὲκεκελεύσμην
3497 2631 3665 2683 ἀπελ-

2062 2717 2174 2772 θεῖν
2199 2759 2214 2785 ,
2253 2721 2349 2773 καὶ
2395 2722 2486 2775 τὸν
2527 2723 2692 2775 τόπον
2731 2723 2958 2793 ἠγνόουν
2995 2725 3116 2776 ὅποι
3145 2725 3275 2777 ποτὲ
3303 2719 3466 2787 οὗτός
3495 2726 3662 2785 ἐστιν,

2061 2810 2181 2864 οὐδὲ
2217 2811 2277 2864 τὸ
2315 2811 2486 2883 ὄνομα
2526 2814 2710 2883 σχεδὸν
2739 2814 3009 2886 πρότερον
3037 2813 3325 2885 ἀκηκοώς·
3380 2816 3480 2868 καὶ
3517 2816 3666 2884 ὅμως

2062 2898 2335 2970 εὐθύμως,
2378 2902 2471 2955 καὶ
2513 2902 2803 2972 ἀταράχως
2844 2904 3062 2975 ἀπῄειν.
3105 2906 3258 2957 Ἐπεὶ
3292 2905 3353 2958 δὲ
3379 2924 3663 2976 μετασκη-

2063 2987 2256 3043 νώσειν
2292 2993 2372 3055 εἰς
2404 2992 2470 3046 τὰ
2494 2993 2894 3059 Κολλουθίωνος
2919 2995 3030 3067 (42)
3057 2995 3349 3068 ἀπηγγέλη
3384 3014 3503 3067 μοι,
3545 2998 3662 3051 ἰσα-

2065 3103 2148 3139 σιν
2173 3088 2221 3140 οἱ
2247 3087 2512 3158 παρόντες
2538 3088 2686 3153 ὅπως
2709 3089 2953 3162 διετέθην
2973 3105 2986 3122 ·
3017 3090 3254 3144 ἐνταῦθα
3276 3091 3394 3162 γὰρ
3418 3091 3663 3162 ἐμαυτοῦ

2057 3181 2440 3250 κατηγορήσω.
2472 3182 2544 3234 Τὸ
2584 3182 2681 3253 μὲν
2710 3181 2924 3255 πρῶτον
2948 3182 3219 3254 ἠχθέσθην
3247 3185 3346 3237 καὶ
3381 3183 3510 3238 λίαν
3537 3186 3661 3255 ἐχα-

2056 3272 2293 3346 λέπηνα·
2336 3275 2428 3327 καὶ
2475 3274 2585 3346 γὰρ
2610 3277 2658 3328 εἰ
2701 3276 3113 3349 γνωριμώτεροι
3149 3277 3244 3331 καὶ
3272 3277 3662 3348 συνηθέστεροι

2056 3364 2356 3436 ἐτύγχανον
2399 3368 2530 3436 ἡμῖν
2568 3369 2616 3420 oi
2654 3367 2829 3432 τόποι,
2866 3367 2983 3420 ἀλλ’
3024 3368 3227 3438 ἔρημον
3259 3369 3362 3439 μὲν
3389 3369 3660 3438 ἀδελφῶν.

2056 3458 2150 3510 καὶ
2199 3458 2501 3511 σπουδαίων
2551 3458 2856 3530 ἀνθρώπων
2892 3459 3130 3528 ἔφασκον
3156 3455 3297 3512 εἶναι
3329 3461 3397 3513 τὸ
3421 3463 3625 3532 χωρίον
3644 3474 3662 3490 ·

2056 3551 2174 3612 ταῖς
2199 3548 2255 3601 δὲ
2294 3548 2402 3602 τῶν
2440 3549 2862 3622 ὁδοιπορούντων
2905 3551 3250 3622 ὲνοχλήσεσι,
3298 3553 3402 3606 καὶ
3450 3551 3663 3623 λῃστῶν

2055 3642 2423 3713 καταδρομαῖς
2481 3644 2796 3714 ἐγκείμενον
2845 3644 2976 3715 (45).
3011 3646 3242 3714 Ἔτυχον
3291 3644 3350 3696 δὲ
3408 3644 3660 3716 παραθυ-

2059 3735 2207 3806 μίας,
2266 3735 2696 3806 ύπομνησάντων
2743 3753 2811 3806 με
2856 3735 2966 3789 τῶν
3013 3735 3277 3805 ἀδελφῶν,
3323 3736 3412 3788 ὅτι
3451 3735 3661 3804 γειτνιᾷ

2059 3825 2258 3895 μᾶλλον
2298 3827 2364 3896 τῇ
2407 3825 2580 3879 πόλει.
2633 3826 2744 3879 Καὶ
2791 3828 2824 3895 ἡ
2870 3825 2968 3896 μὲν
3005 3823 3240 3896 Κεφρὼν
3282 3825 3494 3895 πολλὴν
3532 3827 3660 3896 ἡμῖν

2055 3914 2188 3989 ἦγεν
2224 3918 2468 3987 ἀδελφῶν
2514 3918 2621 3972 τῶν
2657 3917 2752 3972 ἀπ’
2791 3917 3066 3985 Αἰγύπτου
3106 3918 3204 3988 τὴν
3233 3918 3553 3987 ἐπιμιξίαν,
3585 3915 3657 3978 ὡς

2056 4010 2390 4082 πλατύτερον
2415 4009 2799 4082 ἐκκλησιάζειν
2825 4011 3123 4064 δύνασθαι·
3165 4011 3284 4063 ἐκεῖ
3308 4011 3366 4063 δὲ
3397 4008 3653 4082 πλησιαίο

2054 4121 2208 4176 τερον
2253 4102 2421 4174 οὔσης
2470 4104 2569 4174 τῆς
2628 4104 2834 4167 πόλεως
2863 4144 2878 4167 ,
2945 4103 3331 4174 συνεχέστερον
3378 4103 3490 4172 τῆς
3551 4101 3654 4153 τῶν

2055 4195 2223 4258 ὅντως
2275 4194 2576 4264 ἀγαπητῶν
2645 4195 2742 4249 καὶ
2790 4194 3142 4248 οἰκειοτάτων
3211 4194 3309 4247 καὶ
3377 4193 3654 4262 φιλτάτων

2055 4285 2231 4356 ὅψεως
2274 4285 2670 4357 ἀπολαύσομεν.
2734 4285 3042 4356 Ἀφίξονται
3085 4284 3196 4356 γὰρ
3255 4286 3354 4340 καὶ
3398 4285 3650 4339 ἀναπαύ-

2059 4396 2239 4434 σονται
2261 4395 2273 4404 ⁸
2300 4379 2394 4432 καὶ
2421 4377 2496 4442 ώς
2520 4381 2577 4432 ὲν
2601 4379 2947 4451 προαστείοις
2981 4375 3320 4451 πορρωτέρω
3356 4379 3652 4449 κειμένοις,

369 4476 658 4532 fruituros.
715 4473 823 4529 Eos
857 4475 1059 4545 quippe
1090 4489 1414 4528 accessuros
1443 4474 1625 4542 ibique
1653 4487 1954 4527 commora-

2063 4471 2199 4525 κατὰ
2259 4469 2425 4544 μέρος
2472 4471 2688 4526 ἔσονται
2736 4469 3052 4542 συναγωγαί
3102 4470 3238 4543 (44).
3306 4471 3425 4525 Καὶ
3488 4469 3653 4532 οὕτως

368 4579 527 4623 turos
573 4575 677 4622 :et
725 4574 984 4635 tanquam
1037 4564 1092 4618 in
1150 4563 1479 4619 suburbanis
1535 4562 1956 4629 remotioribus,

370 4659 731 4730 particulares
763 4657 874 4712 illic
906 4667 1205 4712 conventus
1236 4655 1469 4712 futuros.
1517 4654 1686 4722 quue
1731 4655 1802 4708 ita
1831 4671 1960 4711 con-

373 4753 514 4822 tigit.

449 4905 577 4977 (41),
609 4906 793 4977 Ἀξίῲν
817 4903 1325 4977 μὲν,ῖῷ,σώμςξτιν
1377 4903 1456 4977 ὡς
1498 4897 1691 4977 εἷπον·
1733 4899 1962 4977 ἕὶθεὶιίῑιε

371 4978 433 5032 in
457 4969 648 5031 codice
678 4969 1072 5030 Mazfet‘Med.
1108 4969 1368 5029 scribitur
1393 4973 1468 5034 ὼς
1499 4974 1692 5024 εἰπεῖν.
1733 4969 1788 5023 1η
1818 4969 1954 5024 Fuk.

376 5057 432 5101 et
464 5045 635 5100 Savil.
678 5047 946 5106 scriptum
975 5045 1179 5105 inveni,
1225 5043 1301 5106 ώς
1332 5039 1484 5096 εἶπεν
1538 5045 1566 5095 ὁ
1617 5041 1956 5104 Ἀπόστολος.

376 5117 540 5171 Certe
573 5116 766 5170 alludit
793 5112 1183 5186 Dionysius_ad
1211 5115 1391 5168 locum
1416 5112 1660 5183 Apostoli
1691 5113 1744 5166 in
1782 5112 1960 5182 priore

377 5188 444 5242 ad
479 5186 817 5251 Corinthios,
847 5183 969 5254 cap.
1003 5201 1052 5238 ν.
1093 5183 1290 5239 νλιεε.

448 5255 697 5329 (42)ῌΤὰ
756 5251 1229 5329 Κονιῐορθιωχος.
1305 5252 1684 5329 _Supplendum
1748 5251 1962 5329 videtur

379 5321 668 5400 pépq.'_Sic
714 5341 878 5396 supra
915 5325 1057 5400 dixit
1096 5321 1518 5400 Diopysjpsfca
1545 5321 1687 5394 μέρη
1717 5324 1815 5400 τῆς
1858 5324 1957 5374 Λι-

375 5391 532 5467 ὂύήςζ
553 5397 681 5452 Erat
709 5391 892 5450 autem
915 5396 1005 5467 hic
1031 5396 1186 5450 locus
1213 5391 1268 5448 in
1297 5391 1958 5467 Mareotica_pra:fectura.

376 5463 661 5522 Sic'etiam
682 5466 751 5520 τὰ
784 5465 1048 5520 Βουκόλου
1072 5473 1280 5520 tractus
1307 5464 1528 5533 quidam
1555 5463 1774 5534 [Egypti
1807 5464 1958 5534 dice-

374 5538 558 5601 batur,
601 5552 630 5590 a
678 5537 900 5591 nomine
940 5537 1149 5591 scilicet
1196 5532 1567 5597 dominorum,
1602 5532 1696 5602 qui
1743 5548 1806 5588 ea
1840 5532 1960 5587 loca

373 5609 505 5661 olim
540 5606 913 5676 possederant.
960 5606 1119 5676 Apud
1151 5603 1516 5676 Nicephorum
1554 5602 1847 5657 Κολούθιον
1873 5603 1962 5676 hic

364 5673 556 5731 vlocus'
596 5675 794 5747 dicitur
841 5692 968 5732 cum
1009 5673 1251 5747 simplici
1287 5673 1578 5747 'lambda:
1619 5689 1785 5744 quam
1819 5673 1959 5729 scri-

376 5759 590 5819 pturam
621 5746 904 5802 rectiorem
935 5758 1086 5818 puto.
1113 5743 1245 5802 Nam
1280 5743 1618 5799 Κολλουθίων
1641 5743 1848 5800 nomen
1876 5752 1961 5800 est

2059 4564 2292 4633 ἐγένετο.

2060 4895 2326 4967 deﬂexum
2353 4913 2384 4950 a
2409 4897 2666 4960 Colutho,
2691 4897 2836 4967 quod
2864 4911 3062 4952 nomen
3094 4896 3198 4950 fuit
3221 4895 3490 4966 frequens
3513 4893 3651 4964 apud

2063 4966 2366 5038 [Egyptios
2393 4968 2553 5038 Certe
2584 4968 2657 5022 ita
2681 4966 2861 5024 dictus
2885 4978 2966 5023 est
2989 4979 3144 5036 poeta
3173 4968 3399 5038 quidem
3427 4967 3652 5021 celebris

2060 5036 2402 5107 temporibus
2447 5037 2758 5102 Anastasii,
2813 5039 3080 5092 oriundus
3133 5054 3197 5090 ex
3253 5036 3562 5095 Thebaide,
3600 5047 3653 5087 ut

2062 5106 2295 5162 testatur
2327 5106 2544 5163 Suidas.
2575 5107 2701 5162 Fuit
2727 5118 2781 5162 et
2806 5109 2941 5162 alter
2965 5107 3235 5163 Coluthus
3264 5109 3650 5162 schismaticus

2062 5178 2116 5230 in
2169 5175 2405 5248 [Egypto
2467 5179 2804 5248 tcmporibtts
2864 5179 3046 5247 magni
3097 5179 3424 5248 Athanasii,
3498 5178 3651 5245 cujus

2061 5247 2261 5318 crebra,
2280 5247 2338 5303 ﬁt
2368 5247 2650 5318 menlio'in
2675 5247 2954 5318 Apologia.
2975 5249 3110 5301 Eum
3133 5247 3466 5300 Acoluthum
3497 5254 3646 5318 Vocat

2063 5317 2359 5386 Gregorius
2384 5317 2662 5389 Nyssenus
2689 5317 2741 5372 in
2765 5317 2861 5374 lib.
2887 5335 2947 5383 It,
2978 5319 3177 5389 Contra
3198 5318 3546 5370 Eunomium.
3575 5317 3644 5368 In.

2135 5389 2247 5457 (45)
2282 5388 2691 5458 Κατάδρομαῐς
2723 5389 3093 5460 ἐγκείμενον.
3121 5388 3488 5443 Scribendum
3525 5395 3646 5456 puto

2064 5458 2402 5512 ἐκκείμενον.
2433 5462 2512 5512 lo.

2096 5475 2216 5512 κκει
2225 5476 2402 5513 μενον.
2433 5475 2512 5513 ID.

2135 5477 2666 5600 ιὮέροςι
2706 5529 3072 5600 συναγωγαί.
3109 5528 3340 5595 Quoties
3385 5524 3642 5600 subat-hia

2062 5596 2546 5668 paulo'remotiora
2578 5609 2733 5654 erant
2761 5601 2829 5653 ab
2852 5596 3006 5661 urbe,
3050 5601 3086 5652 ii
3129 5600 3224 5669 qui
3269 5600 3341 5669 in,
3365 5596 3640 5669 suburbiis

2063 5671 2169 5724 illis
2198 5671 2510 5733 manebant,
2545 5685 2654 5724 non
2681 5671 3015 5740 cogebantur
3041 5671 3108 5723 ad
3149 5668 3381 5738 majoris
3405 5668 3643 5740 ecclesia

2063 5750 2364 5798 conventus
2387 5742 2678 5798 accedere:
2711 5739 2803 5796 sed
2829 5743 2882 5796 in
2910 5757 2977 5796 eo
3003 5741 3267 5798 suburbio
3287 5739 3641 5807 particulam
