3888 6476
417 303 442 362 Ι
453 304 556 358 5⁸55

1393 305 1454 357 S.
1496 302 1789 358 DlONYSll
1829 301 2134 356 EPISCOPI
2167 297 2633 354 ALEXANDRINI

3533 293 3676 346 1556

415 429 664 484 videatur
695 443 814 482 esse
847 438 1058 495 tempus
1093 427 1424 484 festivitatis.
1501 427 1686 498 Neque
1715 443 1846 482 vero
1875 428 1980 480 illis

2110 422 2266 494 :atpbg
2297 422 2487 494 ἑορτῆς
2521 417 2656 472 εἶναι
2701 419 2766 472 τὰ
2810 418 3082 488 παρόντα·
3131 413 3250 468 οὐδέ
3287 415 3438 466 ἐστιν
3489 413 3678 476 αὐτοῖς

415 527 632 588 tempus
663 518 972 574 festivitatis
1005 528 1114 584 est,
1150 535 1248 574 nec
1281 521 1380 574 hoc
1412 521 1558 590 quod
1591 536 1622 574 a
1651 519 1807 573 nobis
1835 519 1980 574 cele-

417 610 628 674 bratur,
663 626 760 665 nec
783 611 952 664 ullum
986 611 1154 676 aliud,
1185 627 1293 666 non
1321 611 1496 666 dicam
1527 627 1716 665 eorum
1749 626 1870 680 quae
1893 610 1980 662 lu-

411 709 606 758 ctuosa
633 713 779 768 sunt,
813 703 906 758 sed
933 705 1094 758 etiam
1125 719 1312 758 eorum
1344 720 1464 774 quae
1495 705 1576 758 vel
1607 704 1844 758 maxime
1863 704 1984 757 laeta

413 800 472 846 et
509 792 698 846 hilaria
733 792 1136 848 existimantur.
1193 793 1350 849 Nunc
1395 794 1612 864 quidem
1645 804 1788 848 certe
1827 793 1982 862 plena

413 891 544 938 sunt
576 883 758 936 omnia
805 885 1258 939 lamentationum
1295 903 1308 938 :
1347 886 1532 952 lugent
1564 885 1742 940 cuncti
1772 902 1785 938 :
1831 892 1886 938 et
1916 883 1986 936 oh

413 981 757 1028 mortuorum
787 974 1068 1040 hominum
1097 991 1161 1030 ac
1187 976 1430 1046 quotidie
1465 975 1813 1030 morientium
1845 975 1987 1028 mul-

411 1063 722 1128 titudinem,
757 1073 866 1118 tota
899 1066 1028 1120 urbs
1055 1067 1343 1136 gemitibus
1377 1067 1766 1122 circumsonat.
1823 1063 1988 1119 Pror-

413 1170 512 1208 sus
537 1155 704 1218 enim,
737 1165 794 1210 ut
825 1155 891 1210 de
924 1157 1300 1227 primogenitis
1321 1156 1700 1228 Egyptiorum
1729 1157 1782 1210 in
1815 1155 1987 1212 sacris

413 1245 572 1299 libris
605 1247 866 1316 scriptum
893 1247 1120 1302 habetur
1142 1249 1187 1279 ⁵³
1209 1289 1224 1314 ,
1255 1249 1328 1302 ita
1361 1263 1505 1303 nunc
1537 1263 1755 1318 quoque
1781 1247 1986 1302 clamor

2089 513 2210 568 οὗτε
2255 507 2428 574 οὗτος,
2457 509 2580 564 οὗτε
2627 526 2708 571 τις
2748 509 2958 580 ἕτερος,
2991 507 3091 576 οὐχ
3133 506 3282 562 ὅπως
3327 503 3440 556 τῶν
3483 502 3680 554 ἐπιλῦ-

2092 623 2208 660 πων
2243 605 2375 674 (76),
2403 602 2515 656 ἀλλ’
2537 601 2644 654 οὐδ’
2675 599 2728 652 εἴ
2756 617 2840 663 τις
2871 597 3176 670 περιχαρὴς
3213 597 3272 650 ὃν
3297 595 3540 666 οἰηθεῖεν
3567 594 3678 662 (π)

2093 697 2347 768 μάλιστα.
2396 694 2509 747 Νῦν
2557 692 2654 764 μέν
2696 709 2760 760 γε
2801 691 2988 762 θρῆνοι
3031 690 3241 742 πάντα·
3287 687 3384 741 καὶ
3419 686 3680 740 πενθοῦσι

2093 790 2323 852 πάντες·
2370 787 2464 840 καὶ
2497 783 2847 857 περιηχοῦσιν
2886 783 3122 853 οἰμωγαὶ
3149 782 3248 851 τὴν
3283 780 3460 842 πόλιν,
3495 779 3590 831 διὰ
3625 781 3678 830 1-";

2092 878 2292 950 πλῆθος
2323 875 2429 930 τῶν
2459 875 2796 946 τεθνηκότων
2833 873 2929 927 καὶ
2953 873 3060 926 τῶν
3089 871 3554 943 ἀποθνησκόντων
3589 872 3678 922 ες.

2089 971 2312 1042 ημέραι.
2353 969 2438 1032 Ὡς
2461 968 2567 1040 γὰρ
2589 965 2809 1022 ἐπὶτῶν
2841 966 3200 1038 πρωτοτόκων
3225 966 3332 1017 τῶν
3359 963 3680 1030 Αἰγυπτίων

2085 1063 2418 1134 γέγραπται,
2453 1059 2626 1122 οὕτως
2658 1058 2750 1112 καὶ
2783 1057 2878 1112 νῦν
2907 1055 3140 1128 ἐγενήθη
3173 1055 3390 1127 κραυγὴ
3437 1053 3676 1124 μεγάλη.

2089 1155 2162 1206 Οὐ
2197 1154 2304 1223 γάρ
2347 1155 2492 1206 ἐστιν
2524 1149 2668 1204 οἰκία
2698 1143 2816 1223 ἐνῇ
2851 1149 2950 1202 οὐκ
3001 1149 3144 1202 ἔστιν
3189 1149 3246 1201 ἐν
3295 1149 3434 1218 αὐτῇ
3479 1145 3680 1216 ego",

2090 1243 2202 1310 κὼς
2226 1263 2238 1274 ’
2269 1246 2362 1299 καὶ
2389 1244 2578 1314 ὃςελόν
2603 1260 2666 1312 γε
2692 1241 2826 1314 (78)!

411 1337 606 1408 ingens
647 1341 914 1396 excitatus
955 1351 1058 1396 est.
1125 1341 1280 1396 Nulla
1333 1344 1534 1412 quippe
1579 1343 1772 1398 domus
1811 1351 1929 1406 est,
1983 1341 2035 1394 in
2093 1357 2198 1410 qua
2254 1355 2364 1394 non
2419 1340 2489 1394 sit
2539 1339 2756 1408 aliquod
2803 1338 2989 1392 funus.
3039 1337 3214 1406 Atque
3247 1335 3456 1388 utinam
3499 1349 3678 1386 unum

409 1430 684 1486 duntaxat
717 1434 770 1487 in
801 1451 1124 1506 unaquaque
1149 1437 1311 1490 domo
1339 1441 1510 1490 esset!

483 1525 548 1580 ll.
589 1526 756 1584 Multa
790 1531 1006 1600 quidem
1051 1539 1104 1584 et
1145 1532 1337 1586 acerba
1372 1541 1497 1586 ante
1531 1534 1672 1586 hanc
1698 1531 1981 1586 calamita—

2159 1525 2234 1578 B'.
2281 1524 2456 1578 Πολλὰ
2495 1525 2592 1596 μὲν
2635 1523 2744 1594 γὰρ
2773 1523 2866 1578 καὶ
2894 1521 3043 1575 δεινὰ
3093 1521 3186 1573 καὶ
3219 1519 3286 1572 τὰ
3329 1517 3436 1587 πρὸ
3481 1516 3680 1570 τούτου

415 1630 521 1674 tem
551 1621 706 1676 nobis
735 1623 1098 1692 contigerunt.
1143 1623 1386 1678 Primum
1428 1625 1572 1678 enim
1601 1639 1700 1678 nos
1727 1625 1861 1678 urbe
1889 1639 1984 1677 ex-

2110 1615 2478 1688 ςυμϐεϐηκότα
2499 1629 2526 1696 ἰ
2543 1615 2756 1686 πρῶτον
2805 1613 2901 1684 μὲν
2949 1612 3094 1682 ἡμᾶς
3133 1610 3338 1681 ἧλασαν
3379 1607 3530 1676 (79)·
3587 1607 3680 1659 καὶ

417 1709 690 1776 pulerunt.
753 1711 998 1780 Cumque
1031 1713 1130 1768 soli
1167 1713 1235 1766 ah
1264 1713 1520 1768 omnibus
1549 1712 1861 1784 fugaremur
1901 1723 1986 1768 at-

413 1813 522 1866 que
553 1801 1004 1869 opprimercmur,
1031 1802 1387 1856 nihilominus
1411 1811 1538 1856 tunc
1565 1818 1780 1872 quoque
1819 1801 1988 1856 festos

413 1886 626 1956 egimus
670 1889 806 1942 dies.
865 1888 1075 1954 Quibus
1112 1891 1345 1960 denique
1393 1889 1543 1945 locus
1587 1893 1638 1944 in
1670 1906 1780 1960 quo
1807 1892 1987 1946 varias

411 1992 687 2032 aerumnas
717 1979 1028 2048 singillatim
1059 1981 1398 2049 pertulimus,
1437 1998 1582 2052 ager,
1613 1987 1856 2050 inquam,
1890 1997 1984 2035 so—

419 2067 610 2136 litudo,
664 2070 840 2134 navis,
892 2071 1188 2138 stabulum,
1236 2089 1454 2140 carcer,
1501 2075 1674 2127 instar
1705 2073 1883 2142 templi
1917 2071 1982 2126 ad

417 2172 606 2213 sacros
632 2166 931 2214 conventus
951 2160 1290 2230 peragendos
1321 2161 1442 2216 fuit.
1487 2161 1592 2216 Sed
1621 2163 1862 2216 omnium
1897 2163 1988 2216 lie—

419 2249 686 2304 tissimam
737 2249 1083 2306 festivitatem
1135 2265 1364 2321 egerunt
1388 2255 1754 2308 consummati
1787 2263 1990 2325 marty-

420 2355 506 2395 res
531 2383 547 2408 ,
599 2343 690 2412 qui
725 2343 778 2396 in
805 2345 943 2398 cmlo
973 2345 1172 2414 epulati
1204 2357 1348 2400 sunt.
1409 2344 1655 2400 Postlth
1707 2346 1907 2400 bellum
1937 2352 1992 2400 et

421 2429 594 2487 fames
633 2419 850 2504 excepit
895 2453 908 2488 :
962 2451 1082 2504 qua:
1130 2437 1348 2504 quidem
1391 2451 1492 2491 nos
1548 2451 1671 2490 cum
1703 2436 1992 2506 gentilibus

411 2524 646 2594 junctim
681 2527 1020 2594 pertulimus.
1063 2526 1128 2580 Et
1157 2543 1220 2581 ea
1252 2528 1468 2596 quidem
1501 2528 1641 2580 mala
1670 2527 1869 2597 quibus
1892 2540 1993 2580 nos

421 2617 767 2684 attriverunt,
817 2621 916 2674 soli
945 2621 1339 2686 sustinuimus;
1381 2636 1502 2690 quae
1547 2629 1726 2674 autem
1761 2620 1860 2689 ipsi
1889 2621 1992 2675 sibi

2097 1711 2246 1782 μόνοι
2291 1709 2426 1780 πρὸς
2473 1709 2724 1762 ἁπάντων
2773 1706 3086 1776 διωκόμενοι
3129 1705 3224 1758 καὶ
3259 1701 3680 1771 θανατούμενοι,

2093 1805 2431 1874 ἑορτάσαμεν
2473 1802 2564 1854 καὶ
2597 1801 2749 1854 τότε·
2795 1798 2890 1852 καὶ
2929 1799 3038 1860 πᾶς
3068 1797 3096 1848 ὁ
3135 1796 3234 1865 τῆς
3271 1793 3396 1848 καθ’
3439 1794 3682 1845 ἕκαστον

2093 1893 2321 1964 θλίψεως
2365 1895 2546 1956 τόπος,
2595 1891 2968 1964 πανηγυρικὸν
3013 1891 3143 1960 ἡμῖν
3193 1887 3382 1956 γέγονε
3431 1887 3678 1958 χωρίον·

2091 1987 2278 2057 ἀγρὸς,
2314 1985 2538 2058 ἐρημία,
2569 1983 2721 2047 ναῦς,
2754 1983 3085 2051 πανδοχεῖον,
3118 1981 3509 2052 δεσμωτήριον.
3547 1979 3682 2030 Φαι-

2087 2077 2347 2149 δροτάτην
2377 2077 2432 2128 δὲ
2465 2074 2653 2128 πασῶν
2691 2075 2898 2146 ἤγαγον
2943 2072 3137 2144 ἑορτὴν
3163 2073 3213 2124 οἱ
3245 2071 3442 2124 τέλειοι
3470 2069 3682 2142 μάρτυ-

2087 2185 2177 2239 ρες
2209 2167 2572 2239 εὐωχηθέντες
2603 2168 2659 2220 ὲν
2683 2165 2914 2237 οὐρανῷ.
2941 2165 3096 2219 Μετὰ
3131 2164 3186 2217 δὲ
3217 2163 3408 2226 ταῦτα,
3435 2161 3680 2232 πόλεμκ

2089 2261 2184 2312 καὶ
2216 2259 2373 2330 λιμὸς
2401 2259 2660 2312 ἐπέλασεν
2687 2277 2702 2290 '
2745 2258 2780 2313 ἃ.
2811 2261 2921 2322 τοῖς
2963 2257 3140 2312 ἔθνεσι
3173 2255 3640 2328 συνδιηνέγκαμεν
3659 2273 3672 2284 ·

2093 2351 2242 2421 μόνοι
2279 2350 2375 2420 μὲν
2410 2350 2739 2414 ὑποστάντες
2769 2351 2870 2404 ὅσα
2915 2352 3046 2420 ἡμῖν
3088 2349 3455 2419 ὲλυμήναντο’
3499 2365 3678 2417 παρα-

2093 2440 2460 2504 πολαύσαντες
2490 2440 2544 2493 δὲ
2577 2441 2671 2494 καὶ
2718 2433 2791 2495 ὧν
2825 2439 3084 2511 ἀλλήλους
3117 2437 3444 2510 εἰργάσαντό
3477 2455 3538 2490 τε
3587 2437 3680 2490 καὶ

2099 2533 2420 2598 πεπόνθασι,
2471 2533 2564 2588 καὶ
2610 2536 2674 2604 τῇ
2723 2532 2961 2604 Χριστοῦ
3012 2532 3173 2586 πάλιν
3221 2529 3682 2604 ὲνηυςράνθημεν

2100 2628 2309 2700 εἰρήνῃ,
2339 2628 2402 2698 ἣν
2431 2627 2608 2696 μόνοις
2640 2627 2771 2698 ἡμῖν
2795 2625 2986 2682 ἔδωκε.

421 2711 665 2766 vicissim
699 2714 1000 2768 intulerunt
1034 2730 1097 2770 ac
1123 2716 1270 2784 passi
1301 2725 1448 2781 sunt,
1473 2729 1661 2769 eorum
1704 2723 1912 2784 partem
1953 2717 2324 2776 toleravimus.
2369 2719 2472 2775 Sed
2509 2736 2702 2776 rursus
2745 2720 3038 2776 oblectavit
3076 2736 3175 2776 nos
3213 2735 3318 2790 pax
3359 2719 3480 2786 illa,
3518 2734 3678 2789 qua

421 2804 678 2861 Christus
709 2809 868 2861 nobis
897 2809 1030 2864 solis
1051 2808 1292 2864 indulsit.

493 2899 582 2952 lll.
623 2899 760 2954 Cum
809 2913 986 2957 autem
1031 2904 1352 2959 brevissimo
1393 2905 1650 2974 temporis
1687 2905 1864 2975 spatio
1889 2921 1990 2962 nos

417 3003 476 3048 et
505 2995 576 3047 illi
605 2997 1052 3065 respirassemus,
1079 3007 1298 3066 repente
1323 2997 1528 3067 ingruit
1551 2998 1668 3053 lues
1697 2998 1821 3064 illa;
1857 2999 1990 3068 ipsis

2169 2908 2242 2965 I".
2280 2909 2631 2980 Βραχυτάτης
2659 2909 2718 2962 δὲ
2761 2909 2919 2979 ἡμῶν
2959 2925 3020 2961 τε
3069 2908 3162 2960 καὶ
3190 2905 3376 2960 αὐτῶν
3413 2905 3680 2977 τυχόντων

2097 3002 2390 3070 ἀναπνοῆς,
2421 3000 2856 3070 ὲπικατέσκηψεν
2887 3003 2920 3072 ἡ
2948 3000 3102 3063 νόσος
3125 2999 3262 3070 αὕτη
3281 3013 3296 3028 ·
3321 2999 3568 3068 πρᾶγμα
3591 2997 3684 3064 φά·-

423 3087 638 3154 quidem
687 3103 772 3143 res
801 3089 1047 3142 omnium
1081 3087 1592 3145 formidolosissima
1621 3099 1676 3144 et
1700 3091 1986 3145 calamito-

2110 3093 2183 3146 iou
2218 3111 2276 3145 τε
2310 3093 2510 3156 παντὸς
2547 3091 2918 3165 φοϐερώτερον
2961 3091 3208 3156 ἐκείνοις,
3251 3090 3348 3143 καὶ
3397 3089 3684 3159 συμφορᾶς

417 3181 674 3246 sissima;
709 3191 761 3234 et
791 3195 914 3248 qua:
952 3181 1087 3242 sola.
1123 3190 1181 3234 ut
1207 3182 1463 3250 preprius
1491 3181 1717 3250 quidam
1743 3181 1989 3252 ipsorum

423 3271 656 3340 scriptor
683 3270 943 3338 loquitur,
993 3269 1240 3324 onmium
1267 3285 1416 3338 spem
1441 3270 1864 3340 Opinionemque
1897 3287 1992 3326 su-

421 3365 650 3432 peravit.
721 3363 889 3418 Nobis
917 3379 1044 3418 vero
1071 3379 1176 3418 non
1205 3363 1474 3432 ejusmodi
1503 3361 1606 3416 fuit
1637 3381 1648 3416 :
1687 3362 1782 3418 sed
1811 3365 1993 3432 potius

419 3457 872 3512 meditamentum
907 3457 1179 3525 quoddam
1215 3471 1280 3512 ac
1321 3455 1740 3524 probamentum
1769 3455 1994 3525 perinde

491 3569 536 3601 ⁵³
571 3567 741 3624 Exod.
769 3586 868 3635 xu,
887 3569 977 3634 29,
1002 3567 1088 3624 50.

419 3683 804 3754 Alexandriam
833 3699 1114 3750 regressus
1144 3695 1226 3736 est
1247 3681 1606 3754 (Dionysius).
1639 3681 1836 3754 Verum
1869 3697 1994 3737 cum

419 3755 618 3806 seditio
671 3753 980 3819 bellan-ique
1034 3769 1224 3807 rursus
1279 3753 1696 3806 illic'exortum
1759 3753 1994 3814 fuisset,

421 3825 558 3878 adeo
591 3823 790 3890 utipse
821 3825 1106 3878 universos
1135 3824 1254 3891 ejus
1283 3823 1432 3876 urbis
1467 3825 1682 3886 fratres,
1721 3831 1910 3890 utpote
1943 3823 1996 3876 in

423 3895 744 3946 alterutram
777 3895 1062 3946 seditionis
1094 3903 1300 3962 partem
1329 3894 1626 3947 distractos
1649 3893 1850 3960 alloqui
1887 3907 1996 3959 non

421 3973 648 4032 posset:
697 3967 898 4016 iterum
937 3964 1054 4030 ipso
1089 3963 1312 4018 Pascha:
1355 3964 1444 4016 die
1473 3979 1540 4016 ex
1593 3965 1724 4016 urbe
1761 3963 2000 4016 Alexan-

421 4034 560 4096 dria,
596 4043 855 4102 tanquam
884 4033 1118 4088 extorris
1145 4049 1239 4088 eos
1271 4049 1364 4102 per
1399 4035 1606 4087 litteras
1627 4035 1942 4100 alloquitur.
1973 4051 1993 4084 ι

425 4103 487 4156 Ει
533 4119 658 4156 mox
702 4121 821 4171 cap.
860 4121 974 4172 seq.
1005 4103 1114 4158 :22:
1153 4123 1170 4154 ι
1217 4103 1410 4156 Secuta
1449 4105 1596 4166 dein,
1639 4103 1842 4167 subdit,
1879 4110 2003 4170 post

421 4173 624 4226 bellum
659 4185 830 4242 peste,
861 4189 982 4228 cum
1011 4173 1284 4242 paschalis
1305 4174 1624 4227 solemnitas
1649 4173 1960 4226 immineret
1983 4213 1996 4234 ,

421 4243 620 4296 iterum
656 4243 946 4312 Dionysius
981 4243 1179 4296 fratres
1214 4259 1309 4312 per
1347 4244 1554 4296 litteras
1589 4243 1860 4296 allocutus
1881 4251 1998 4308 est;

425 4313 480 4364 in
515 4313 716 4379 quibus
749 4313 1078 4368 calamitatis
1115 4314 1258 4367 illius
1289 4312 1716 4380 magnitudinem
1740 4312 2004 4366 describit

425 4383 511 4436 his
545 4383 724 4452 verbis
751 4401 762 4434 :
793 4383 928 4452 Aliis
955 4383 1168 4452 quidem
1198 4382 1519 4444 hominibus,
1542 4391 1649 4435 etc.
1693 4404 1709 4435 ι
1735 4381 1812 4436 In.

2093 3183 2407 3256 ἡστινοσοῦν
2463 3181 2878 3254 σχετλιώτερον⁸
2925 3182 3018 3236 καὶ
3071 3181 3146 3246 ὡς
3195 3180 3327 3243 ἴδιός
3371 3196 3456 3243 τις
3503 3178 3680 3232 αὐτῶν

2095 3275 2396 3348 ἀπήγγειλε
2429 3275 2798 3346 συγγραφεὺς,
2830 3275 3064 3347 πρᾶγμα
3099 3273 3260 3346 μόνον
3295 3272 3362 3343 δὴ
3397 3273 3514 3326 τῶν
3553 3273 3682 3326 πάν-

2095 3385 2202 3420 των
2237 3368 2450 3431 ἐλπίδος
2480 3369 2730 3437 κρεῖσσον
2769 3367 3060 3437 γενόμενον
3085 3383 3100 3395 ’
3135 3367 3266 3436 ἡμῖν
3293 3364 3350 3418 δὲ
3383 3365 3448 3418 οὐ
3477 3363 3682 3417 τοιοῦτο

2100 3460 2218 3529 μὲν,
2251 3459 2548 3530 γυμνάσιον
2587 3459 2646 3512 δὲ
2693 3459 2786 3512 καὶ
2816 3459 3058 3529 δοκίμιον
3103 3456 3316 3520 οὐδενὸς
3357 3457 3472 3512 τῶν
3515 3455 3684 3510 ἄλλων

2099 3702 2220 3758 quae
2255 3695 2384 3742 sunt
2421 3702 2452 3740 e
2499 3685 2808 3758 Stoicorum
2857 3685 3202 3758 philosophia
3217 3684 3550 3758 _desumpta
3577 3703 3592 3738 :
3621 3699 3682 3737 ex

2099 3753 2300 3881 quibus
2331 3772 2584 3826 magnam
2629 3757 2808 3812 lucem
2845 3753 3044 3826 accipit
3078 3753 3172 3810 liic
3215 3753 3474 3826 Dionysii
3503 3757 3676 3810 locus.

2149 3843 2300 3880 λιες.

2149 3843 2300 3880 ALES.

2175 3897 2287 3966 (77)
2331 3895 2664 3966 Περιχαρὴς
2693 3895 2765 3950 ὃν
2793 3895 3068 3963 οἰηθεῖεν.
3109 3895 3274 3966 ΔριΙᾴ
3315 3893 3680 3965 Nicephorum

2101 3964 2298 4038 legitur
2327 3964 2794 4038 εἴτιςπεριχαρὴς
2835 3966 2908 4019 ὢν
2938 3964 3203 4038 οἰηθείης-
3230 3964 3375 4038 Quze
3415 3964 3682 4038 scriptura

2101 4036 2232 4090 ferri
2265 4051 2372 4090 non
2423 4035 2655 4105 potest,"
2683 4035 2806 4090 eum
2838 4037 3062 4090 verbum
3093 4035 3304 4104 οἰηθείη
3361 4035 3420 4105 in
3473 4035 3682 4104 passiva

2105 4104 2504 4176 significatiOne
2530 4106 2671 4160 sumi
2697 4121 2802 4158 non
2829 4107 3019 4174 possit.
3053 4105 3200 4176 Dixit
3226 4104 3680 4176 ergorbionysius

2103 4175 2406 4248 περιχαρὴς
2437 4176 2508 4248 ὃν-
2529 4177 2781 4246 οἰηθεῖεν,
2809 4173 2906 4243 pro
2927 4175 3182 4248 eo,_quod
3203 4173 3311 4228 alii,
3327 4173 3602 4240 dicereut,
3627 4173 3684 4226 ὃν

2103 4245 2305 4316 οἴοιντο
2323 4245 2391 4300 ἂν
2421 4245 2654 4316 μάλιστα
2685 4247 2978 4316 περιχαρῆ.
3007 4245 3082 4299 In.

2179 4315 2290 4386 (78)
2330 4313 2439 4369 Καὶ
2473 4313 3133 4386 ὄφρελόνίτέεζτὶιςηριξιιε
3159 4313 3228 4368 ad
3251 4327 3410 4367 oram
3449 4315 3577 4368 libri
3607 4313 3684 4368 sui

2107 4381 2437 4448 emendavit,
2475 4381 2568 4438 καὶ
2599 4381 2790 4454 δφελόν
2812 4403 2874 4452 γε
2901 4381 3000 4448 εἷς.
3033 4385 3164 4450 Quae
3191 4393 3374 4438 tamen
3418 4387 3684 4454 scriptura

497 4431 764 4534 (761635;:
1117 4431 1864 4538 minus?senatus
1887 4467 1995 4504 om-

2113 4457 2169 4538 in
2199 4431 2454 4536 omnibus
2491 4431 2692 4537 nostris
2717 4431 3000 4538 codicibtis
3021 4431 3136 4538 lion
3161 4455 3380 4538 legitur.
3413 4453 3474 4538 In
3503 4431 3684 4538 cadiae

425 4522 556 4575 nino
584 4521 666 4576 est
696 4521 805 4575 τῶν
836 4522 1149 4586 ὲπιλύπων,
1191 4531 1250 4574 ut
1276 4523 1476 4574 habent
1511 4522 1868 4589 manuscripti
1912 4536 2006 4574 co—

423 4593 574 4646 dices
607 4590 744 4645 Maz.
771 4608 834 4646 ac
865 4591 1004 4647 Med.
1045 4607 1170 4646 cum
1203 4591 1502 4644 Saviliano.
1531 4591 1834 4659 Opponitur
1859 4591 2004 4645 enim

419 4661 502 4732 τῷ
536 4666 840 4734 περιχαρεῖ,
867 4665 1012 4731 quod
1065 4677 1190 4734 mox
1217 4661 1628 4734 sequitur-riEs‘t
1672 4669 1856 4734 autem
1893 4661 2002 4734 ele-

425 4731 811 4796 gantissnntim
846 4735 948 4786 hoc
972 4733 1257 4786 exordium
1285 4733 1558 4801 paschalis
1599 4731 1865 4800 epistolzc,
1893 4731 2006 4786 sive

425 4805 693 4856 orationis
739 4805 1004 4873 Dionysii.
1044 4803 1200 4866 Aliis,
1250 4803 1426 4870 inquit
1469 4801 1782 4871 Dionysius,
1811 4801 2006 4873 inlide-

423 4873 566 4926 lihus
594 4875 800 4928 scilicet
827 4871 893 4926 ae
913 4873 1226 4942 gentililms,
1257 4887 1498 4939 przcsens
1521 4881 1736 4939 tempus
1783 4871 2006 4942 minime

422 4953 788 5010 opportunum
820 4941 1070 4996 videatur
1091 4943 1158 4996 ad
1189 4945 1384 4996 festum
1413 4944 1554 4996 diem
1585 4941 2002 5004 celebrandum;

422 5015 622 5134 quippe
675 5029 798 5067 cum
847 5013 994 5066 luctu
1039 5023 1094 5066 et
1141 5013 1396 5066 lamentis
1443 5012 1599 5081 plena
1659 5017 1768 5064 sint
1795 5011 2002 5065 omnia.

453 5080 624 5134 'erum
651 5099 750 5134 nec
773 5084 942 5134 ullum
969 5083 1200 5134 omnino
1233 5095 1468 5134 tempus.
1503 5097 1611 5134 non
1638 5083 1762 5134 dico
1791 5081 2002 5133 luctuo-

453 5080 624 5137 r'erum
651 5099 750 5138 nec
773 5084 942 5136 ullmn
969 5099 1056 5136 om
1069 5083 1200 5136 nino
1233 5080 1468 5152 tempus,
1503 5097 1611 5152 non
1638 5083 1762 5136 dico
1791 5081 2004 5152 luctuo-

422 5169 568 5216 sum,
621 5155 928 5222 cnjusmodi
961 5155 1064 5206 hoc
1118 5151 1354 5222 tempus
1383 5168 1506 5207 esse
1553 5151 1760 5216 fateor;
1813 5151 2008 5222 sedne

423 5220 764 5278 laetissimum
805 5223 1048 5291 quidem,
1080 5223 1190 5277 illis
1235 5220 1570 5284 hominibus,
1601 5223 1652 5274 id
1693 5231 1775 5274 est
1815 5220 2007 5291 inlidef

423 5293 590 5358 libus,
615 5289 912 5363 optumest
938 5292 1004 5346 ad
1039 5291 1390 5363 festivitatem
1418 5291 1820 5346 celebrandam.
1851 5289 2006 5363 impii

421 5361 694 5432 siquidem
718 5373 772 5418 et
813 5363 938 5416 mali
973 5362 1255 5432 homines,
1307 5378 1584 5430 nunquam
1636 5361 2006 5432 omninodies

423 5430 596 5488 festos
621 5449 780 5504 agere
805 5442 1072 5504 possunt,
1091 5433 1219 5504 licet
1247 5431 1455 5486 hostias
1481 5431 1762 5504 immolent
1789 5441 1840 5484 et
1867 5430 2006 5504 liba—

421 5515 606 5558 menta
657 5500 906 5558 ollerant.
958 5503 1078 5558 Soli
1141 5503 1342 5556 virtute
1395 5501 1604 5570 praediti
1661 5501 1832 5554 festos
1889 5500 2006 5554 dies

419 5583 611 5642 agunt.
642 5574 752 5628 Soli
783 5575 984 5644 quippe
1019 5571 1193 5626 oilicio
1229 5572 1551 5644 funguntur.
1593 5581 1648 5644 et
1681 5581 1802 5644 vota
1843 5581 2007 5636 atque

421 5639 736 5698 incruentas
765 5639 974 5700 hostias
1011 5645 1250 5697 oll'erunt
1279 5639 1410 5694 Deo.
1440 5641 1606 5694 Multa
1635 5643 1687 5694 in
1712 5639 1852 5694 hanc
1883 5657 2007 5692 sen-

423 5715 650 5768 tentiam
681 5716 842 5770 habet
877 5715 1146 5786 Urigenes
1173 5715 1227 5766 in
1265 5713 1358 5766 lib.
1395 5727 1490 5766 vni
1537 5712 1734 5765 Contra
1773 5709 2002 5774 Celsum,

2115 4525 2285 4594 Regio
2328 4526 2588 4594 scriptum
2635 4527 2850 4588 inveni,
2896 4525 2992 4578 καὶ
3019 4524 3209 4592 ὄφελόν
3257 4539 3366 4594 γεξᾼ
3399 4526 3485 4586 εἰς

2159 4591 2223 4648 ὲν
2253 4594 2373 4666 γὰρ
2392 4591 2709 4666 κὰὶᾎδεινά,
2757 4591 3290 4666 εἰευῑίειίιιῐιιιιιὶκι
3323 4591 3682 4666 Niccpltorus.

2165 4673 2282 4720 ecte
2309 4663 2472 4732 igitur
2497 4663 2806 4731 Turnebus,
2831 4665 2924 4733 qui
2955 4666 3070 4719 sola
3097 4664 3544 4733 interpunctione
3573 4681 3688 4717 tuu-

2117 4735 2416 4806 tata,ihunc
2431 4733 2688 4806 Dionysii
2719 4732 2896 4806 locum
2923 4735 3180 4806 restituit,
3209 4744 3272 4806 ut
3299 4732 3554 4806 dixialn.

2188 4804 2298 4874 (79)
2327 4803 2569 4872 Πρῶτον
2588 4801 2704 4873 per
2727 4803 2884 4874 ἡμᾶς
2911 4803 3174 4872 ἤλασαν.
3205 4803 3424 4873 Repetit
3451 4803 3542 4858 hic
3569 4801 3688 4856 Dio-

2115 4875 2327 4946 nysius,
2363 4883 2416 4928 et
2439 4877 2602 4946 quasi
2624 4875 2957 4946 compendio
2975 4883 3260 4946 enumerat
3288 4883 3502 4946 cuneta
3527 4944 3539 4946 _
3571 4887 3686 4946 qua!

2114 4943 2406 5000 Christiani
2458 4943 2606 5013 passi
2641 4943 2858 4998 fuerant
2903 4943 3242 4999 Alexandria:
3281 4943 3396 5012 jam
3449 4943 3578 4996 inde
3619 4945 3684 4995 ab

2115 5015 2270 5068 initio
2298 5017 2382 5068 sui
2407 5015 2773 5082 pontificatus.
2805 5013 2990 5068 Primo
3020 5015 3186 5078 enim,
3211 5013 3410 5082 inquit,
3443 5028 3546 5066 nos
3569 5029 3688 5080 per-

2115 5086 2284 5139 secuti
2320 5085 2465 5138 sunt.
2497 5082 2934 5140 Persecutiouem
2957 5085 3226 5152 intelligit,
3250 5099 3374 5152 qua:
3397 5093 3578 5152 empta
3605 5093 3686 5136 est

2115 5169 2258 5207 anno
2279 5155 2472 5208 ultimo
2487 5151 2716 5222 Philippi
2737 5153 3098 5223 imperatoris.
3119 5151 3330 5206 Bellum
3353 5151 3574 5223 deinde,
3591 5153 3684 5212 ait.

2117 5235 2365 5278 secutum
2393 5235 2476 5278 est
2503 5221 2842 5278 intestinum.
2873 5223 2949 5277 De
2981 5225 3086 5278 hoc
3115 5223 3262 5276 civili
3285 5221 3428 5276 bello
3449 5223 3684 5276 Alexan-

2115 5294 2396 5364 drinorum
2422 5293 2544 5346 vide
2565 5295 2846 5361 epistolam
2869 5293 3110 5364 Dionysii
3147 5293 3216 5346 ad
3247 5291 3478 5364 Fabium
3501 5307 3680 5364 supra.

2115 5363 2318 5442 Deinde
2351 5379 2474 5442 cunt
2503 5365 2805 5442 paululum,
2841 5363 3168 5442 inqu_it,_nos
3201 5371 3256 5416 et
3277 5363 3353 5415 illi
3383 5363 3684 5442 quievisse-

2115 5449 2260 5496 tnus,
2293 5433 2542 5503 incubuit
2567 5433 2684 5488 lues
2709 5435 2798 5487 illa
2827 5434 3150 5503 gravissima
3173 5473 3190 5498 ,
3221 5447 3284 5486 ea
3317 5433 3528 5486 scilicet
3563 5445 3680 5498 quae

2115 5504 2218 5556 sub
2241 5503 2396 5556 Gallo
2423 5513 2477 5557 et
2505 5501 2798 5558 Volusiano
2825 5501 3070 5573 grassata
3095 5511 3360 5573 est,peum
3385 5503 3498 5573 jam
3527 5511 3678 5552 ante:

2117 5574 2217 5626 sub
2259 5573 2419 5646 Decio
2443 5573 2714 5642 etepisset.
2751 5571 2972 5646 Aliquot
2986 5573 3148 5646 enim
3191 5571 3406 5626 diaconi
3435 5585 3500 5623 ea
3533 5579 3678 5646 peste

2116 5644 2421 5711 consumpti
2455 5641 2583 5696 sunt
2622 5641 2959 5711 temporibus
2985 5641 3154 5706 Decii,
3187 5651 3250 5695 ut
3281 5649 3428 5711 patet
3465 5657 3532 5696 ex
3567 5641 3680 5710 cpi-

2117 5713 2250 5768 stola
2285 5709 2526 5784 Dionysii
2555 5713 2620 5770 ad
2649 5709 2940 5769 Domitium
2969 5721 3022 5768 et
3053 5709 3358 5784 Didymuiu.
3383 5709 3458 5766 In.
