3888 6494
236 369 373 424 1357

1395 372 1609 429 EPIST.
1651 375 1743 429 Al)
1782 375 2342 432 ALEXANDRlNOS.

3366 382 3388 435 l
3399 383 3501 436 558

230 486 474 541 ἔλαττον.
536 486 830 559 Ἀπέσχετο
872 490 970 560 μὲν
1009 492 1116 563 γὰρ
1155 492 1275 545 οὐδὲ
1324 492 1481 564 ἡμῶν
1504 510 1517 523 ’
1555 493 1722 565 πολλὴ
1765 494 1806 546 δὲ

1925 509 1989 548 ac
2015 505 2230 548 caetera.
2299 492 2486 563 Neque
2514 494 2660 547 enim
2692 508 2720 545 a
2751 493 2908 546 nobis
2939 493 3201 548 abstinuit
3231 493 3348 549 lues
3386 495 3499 555 illa,

232 579 457 650 ἐξῆλθεν
505 580 616 651 (80)
662 583 742 643 είς
780 582 848 634 τὰ
889 580 1036 652 ἔθνη.
1092 584 1327 650 Τούτοις
1362 582 1507 652 ἑξῆς
1549 583 1813 652 ἐπιφέρει

229 670 459 740 λέγων·
510 673 571 723 Οἱ
617 671 748 739 γοῦν
806 672 1045 726 πλεῖστοι
1090 673 1195 726 τῶν
1246 674 1491 743 ἀδελφῶν
1541 676 1696 746 ἡμῶν
1748 676 1814 728 δι’

232 762 679 833 ὑπερϐάλλουσαν
714 764 931 835 ἀγάπην
967 765 1061 817 καὶ
1091 765 1436 836 φιλαδελφίαν
1473 766 1817 836 ἀφειδοῦντες

231 854 441 907 ἑαυτῶν
480 855 573 906 καὶ
613 855 853 925 ἀλλήλων
899 857 1171 926 ἐχόμενοι,
1207 858 1635 923 ἐπισκοποῦντες
1678 862 1818 929 ἀφυ-

229 943 445 1005 λάκτως
494 944 617 1007 τοὺς
664 944 992 1009 νοσοῦντας,
1048 946 1295 1019 λιπαρῶς
1343 951 1810 1021 ὑπηρετούμενοι,

230 1035 633 1107 Θεραπεύοντες
690 1038 746 1090 ἐν
797 1038 1048 1109 Χριστῷ,
1107 1042 1611 1112 συναπηλλάττοντο
1670 1045 1816 1097 ὲκεί-

230 1145 345 1190 νοις
398 1128 509 1198 (81)
559 1130 967 1200 ἀσμενέστατα·
1020 1132 1111 1185 τοῦ
1164 1136 1294 1205 παρ’
1328 1135 1526 1205 ἑτέρων
1572 1136 1816 1207 ἀναπιμ-

228 1220 497 1290 πλάμενοι
531 1222 753 1287 πάθους,
790 1224 883 1277 καὶ
925 1224 1020 1295 τὴν
1063 1226 1214 1278 νόσον
1250 1226 1333 1295 ἐφ’
1361 1228 1586 1291 ἑαυτοὺς
1630 1228 1816 1283 ἕλκον-

206 1316 324 1376 ητες
367 1313 473 1367 ἀπὸ
514 1314 621 1367 τῶν
663 1316 913 1385 πλησίον,
954 1317 1049 1370 καὶ
1101 1318 1318 1381 ἑκόντες
1374 1319 1816 1391 ἀναμασσὸμενοι

226 1403 332 1467 τὰς
361 1404 659 1473 ἀλγηδόνας
694 1393 840 1475 (82)ί
876 1407 969 1459 καὶ
1004 1406 1186 1460 πολλοὶ
1220 1411 1683 1480 νοσοκομήσαντες
1724 1412 1818 1464 καὶ

202 1494 513 1563 νρώσαντες
546 1496 785 1567 ἑτέρους,
831 1497 1188 1570 ἐτελεύτησαν
1235 1500 1409 1563 αὐτοὶ,
1461 1502 1550 1555 τὸν
1594 1502 1818 1556 ἐκείνων

223 1584 462 1639 Θάνατον
491 1586 571 1649 εἰς
611 1587 835 1651 ἑαυτοὺς
872 1590 1374 1660 μεταστησάμενοι·
1413 1594 1507 1646 καὶ
1537 1593 1597 1645 τὸ
1634 1594 1821 1665 δημῶ-

226 1678 321 1741 δες
355 1679 504 1748 ῥῆμα
548 1679 713 1749 μόνης
750 1680 839 1733 ἀεὶ
879 1678 1070 1732 δοκοῦν
1109 1681 1506 1753 φιλοφροσύνης
1551 1684 1660 1753 (85)
1696 1685 1817 1755 ἐχε-

227 1770 379 1832 σΘαι,
409 1769 555 1840 ἔργῳ
581 1769 644 1839 δὴ
675 1770 794 1822 τότε
819 1771 1171 1842 πληροῦντες,
1196 1772 1445 1837 ἀπιόντες
1468 1775 1646 1828 αὐτῶν
1682 1777 1815 1829 πάν-

224 1878 339 1914 των
374 1862 661 1934 περίψημα
699 1863 808 1934 (84)
832 1880 844 1893 ·
881 1864 929 1916 οἱ
970 1862 1099 1931 γοῦν
1135 1864 1347 1934 ἄριστοι
1380 1865 1485 1918 τῶν
1516 1869 1644 1937 παρ’
1680 1869 1812 1939 ἡμῖν
1843 1845 1885 1899 Β

226 1953 495 2024 ἀδελφῶν,
533 1957 722 2010 τοῦτον
777 1956 867 2008 τὸν
907 1954 1102 2024 τρόπον
1146 1955 1491 2029 ἐξεχώρησαν
1524 1958 1617 2011 τοῦ
1664 1958 1808 2028 βίου·

225 2044 589 2116 πρεσϐύτεροί
634 2046 693 2098 τέ
742 2063 889 2109 τινες
933 2046 1027 2097 καὶ
1067 2044 1344 2098 διάκονοι·
1399 2048 1492 2101 καὶ
1545 2048 1653 2102 τῶν
1705 2050 1813 2103 ἀπὸ

227 2135 323 2187 τοῦ
366 2136 494 2188 λαοῦ
544 2136 659 2189 λίαν
706 2135 1087 2206 ἐπαινούμενοι
1124 2151 1139 2164 σ
1183 2135 1261 2198 ὡς
1302 2137 1394 2189 καὶ
1443 2137 1534 2191 τοῦ
1578 2137 1809 2192 θανάτου

223 2228 387 2282 τοῦτο
417 2229 476 2281 τὸ
507 2226 640 2292 εἶδος
672 2230 759 2282 διὰ
785 2229 985 2300 πολλὴν
1019 2231 1299 2283 εὐσέϐειαν
1333 2231 1426 2284 καὶ
1449 2232 1632 2284 πίστιν
1662 2233 1813 2302 ίσχυ-

228 2320 332 2389 ρὰν
357 2322 657 2393 γινόμενον,
691 2323 856 2393 μηδὲν
889 2324 1105 2377 ἀποδεῖν
1130 2326 1430 2396 μαρτυρίου
1467 2324 1664 2379 δοκεῖν.

303 2593 376 2646 A'.
405 2593 513 2645 Καὶ
552 2592 619 2647 τὰ
655 2593 881 2664 σώματα
925 2595 981 2648 δὲ
1025 2596 1132 2649 τῶν
1180 2596 1347 2665 ἁγίων
1390 2598 1611 2661 ὑπτίαις
1652 2600 1809 2670 χερσὶ

1920 587 2047 640 licet
2080 587 2375 654 plurimum
2412 587 2465 638 in
2493 585 2721 655 gentiles
2746 593 2991 655 grassata
3019 585 3112 639 sit.
3152 586 3317 640 A‘ddit
3344 585 3499 639 dein-

1918 678 2033 730 de:
2067 676 2291 730 Plurimi
2326 677 2542 745 quidem
2560 692 2625 729 ex
2650 675 2908 730 fratribus
2931 677 3154 739 nostris,
3178 678 3247 730 ob
3273 677 3499 732 nimiam

1930 771 2251 825 ebaritatem
2289 786 2475 825 curam
2503 786 2720 823 omnem
2752 773 2983 839 propriae
3013 771 3205 826 salutis
3238 773 3499 840 alijicienst

1919 868 2000 915 tes
2028 861 2242 929 sibique
2282 870 2472 913 mutuo
2498 860 2952 925 adhaerescentes,
2980 861 3107 915 dum
3132 875 3307 929 azgros
3335 877 3497 915 secu-

1920 968 1978 1006 re
2022 962 2184 1021 atque
2232 951 2489 1006 audacter
2536 953 2813 1019 invisunt,
2864 954 3052 1022 eisque
3090 953 3308 1007 assidue
3338 954 3500 1006 mini-

1922 1052 2097 1096 strant
2126 1050 2181 1096 et
2202 1043 2540 1096 curationem
2571 1042 2829 1095 adhibent
2881 1042 3205 1103 in’Christo,
3241 1059 3346 1096 una
3372 1059 3495 1095 cum

1923 1132 2029 1186 illis
2056 1134 2260 1186 mortui
2295 1145 2421 1187 sunt
2451 1153 2464 1187 :
2493 1133 2725 1187 aliorum
2771 1135 3092 1203 aegritudine
3134 1134 3495 1189 libentissime

1924 1238 2043 1277 sese
2077 1224 2381 1292 implentes,
2430 1234 2482 1277 et
2508 1226 2887 1293 proximorum
2920 1226 3168 1279 morbum
3210 1226 3263 1278 in
3298 1234 3497 1279 semet-

1924 1312 2072 1382 ipsos
2102 1314 2508 1383 quodammodo
2542 1300 2903 1381 attrahentes,
2952 1317 3276 1385 doloresque
3304 1331 3495 1369 eorum

1924 1417 2121 1475 sponte
2162 1422 2260 1460 sua
2293 1407 2656 1476 exprimentes
2690 1418 2853 1478 atque
2897 1419 3256 1478 extergentes.
3316 1392 3500 1462 Multi-

1889 1542 1895 1551 .
1925 1514 2034 1567 que
2067 1500 2203 1553 adeo
2234 1500 2324 1567 qui
2352 1498 2489 1551 alios
2517 1507 2841 1567 mgrotantes
2864 1509 3187 1553 curaverant
3220 1508 3274 1553 et
3307 1499 3360 1552 in
3386 1499 3499 1568 pri-

1923 1593 2124 1646 stinam
2170 1592 2531 1646 valetudinem
2576 1593 2944 1657 restituerant,
2987 1594 3088 1659 ipsi
3117 1594 3437 1648 interierunt
3476 1610 3492 1647 :

1924 1691 2156 1736 mortem
2186 1682 2399 1736 illorum
2434 1683 2488 1735 in
2515 1682 2723 1750 seipsos
2751 1684 3130 1748 traducentes;
3160 1684 3494 1752 verbumque

1925 1774 2057 1828 illud
2088 1774 2307 1845 vulgare
2328 1773 2473 1842 quod
2496 1771 2751 1827 ollieiosaa
2772 1773 3034 1826 duntaxat
3063 1774 3338 1826 comitatis
3360 1774 3493 1826 hae-

1914 1874 2073 1920 tenus
2100 1866 2275 1920 visum
2306 1864 2510 1929 fuerat,
2547 1865 2723 1933 reipsa
2758 1864 3134 1933 adimplentes,
3162 1879 3300 1921 .eum
3350 1863 3488 1917 alio-

1915 1974 2038 2012 rum
2090 1958 2392 2027 peripsema
2430 1956 2605 2011 ell'ecti
2652 1972 2717 2009 ex
2770 1956 2872 2010 hac
2922 1956 3032 2009 vita
3068 1956 3382 2025 migrarent.
3423 1957 3491 2009 Et

1916 2047 2022 2101 hoc
2067 2047 2285 2116 quidem
2323 2055 2482 2115 pacto
2529 2046 2721 2115 optimi
2774 2047 2978 2116 quique
3008 2062 3074 2102 ex
3100 2047 3363 2103 fratribus
3390 2064 3489 2103 no-

1916 2139 2066 2205 stris,
2108 2153 2342 2207 quorum
2391 2138 2638 2192 nonnulli
2672 2140 2973 2209 presbyteri
3008 2154 3167 2194 erant
3207 2156 3271 2195 ac
3303 2141 3492 2195 diaco-

1915 2232 2007 2295 ni;
2060 2239 2115 2284 et
2166 2244 2232 2283 ex
2276 2230 2479 2299 populo
2528 2230 2940 2285 laudatissimus
2985 2230 3217 2300 quisque
3260 2239 3493 2285 mortem

1916 2321 2261 2390 oppetierunt
2288 2338 2300 2373 :
2328 2320 2465 2374 adeo
2490 2330 2552 2375 ut
2577 2336 2747 2391 genus
2780 2322 2884 2375 hoc
2919 2322 3109 2375 mortis
3138 2322 3207 2376 ob
3238 2322 3491 2391 pietatem

1916 2411 2150 2480 ﬁdeique
2183 2411 2549 2465 constantiam
2584 2427 2929 2481 nequaquam
2974 2412 3201 2468 inferius
3232 2415 3493 2485 martyrio

1911 2510 2217 2555 censeatur.

1982 2589 2071 2645 IV.
2114 2589 2179 2643 lli
2203 2606 2333 2661 ergo
2366 2601 2685 2645 sanctorum
2734 2606 2965 2661 corpora
2999 2594 3211 2662 supinis
3243 2595 3494 2651 manibus

221 2680 322 2733 καὶ
358 2680 575 2745 κόλποις
620 2683 1107 2753 ὑπολαμϐάνοντες,
1157 2686 1545 2757 καθαιροῦντες
1582 2704 1641 2741 τε
1684 2690 1806 2752 τοὺς

1916 2678 2228 2750 gremioque
2260 2680 2614 2749 excipientes,
2664 2683 2853 2735 oculos
2888 2682 2994 2736 illis
3020 2696 3073 2737 et
3096 2700 3191 2737 ora
3226 2686 3491 2741 clauden-

222 2774 559 2845 ὀφθαλμοὺς,
596 2779 689 2830 καὶ
730 2778 971 2848 στόματα
1017 2779 1388 2847 συγκλείοντες
1412 2799 1426 2811 ·
1474 2782 1806 2883 δμοφοροῦν-

1916 2780 2011 2837 tes,
2050 2772 2355 2841 bajulantes
2387 2773 2575 2825 eadem
2619 2772 2862 2828 humeris
2899 2775 3036 2841 suis,
3078 2787 3490 2846 componentes,

1916 2861 2342 2883 -JL__----_-.-_
2391 2862 2494 2883 2112-
2583 2864 2991 2883 ,-..---Ι-Α.εη.εγ
3069 2866 3081 2883 ι
3358 2880 3367 2883 -

222 2865 319 2930 τές
344 2884 403 2919 τε
441 2867 535 2920 καὶ
572 2867 898 2934 διατιθέντες
936 2870 1079 2941 (85),
1119 2865 1591 2943 προσκολλὼμενοι
1615 2914 1629 2937 ,
1666 2891 1807 2943 συμ-

224 2958 583 3029 πλεκόμενοι,
618 2960 861 3034 λουτροῖς
888 2980 946 3015 τε
980 2964 1075 3016 καὶ
1116 2965 1461 3035 περιστολαῖς
1492 2964 1600 3035 (86)
1640 2984 1808 3020 κατα-

226 3050 595 3121 κοσμοῦντες’
646 3054 979 3126 μεταμικρὸν
1023 3054 1314 3125 ἐτύγχανον
1358 3057 1464 3109 τῶν
1513 3058 1673 3110 ἵσωψ
1723 3060 1809 3112 ἀεὶ

219 3142 333 3196 τῶν
381 3143 839 3216 ὑπολειπομένων,
887 3147 1239 3217 ὲφεπομένων
1282 3150 1394 3211 τοῖς
1449 3149 1554 3219 πρὸ
1605 3149 1802 3205 αὐτῶν.

219 3234 306 3287 Τὰ
336 3235 393 3288 δέ
436 3254 499 3305 γε
535 3236 662 3309 ἔθνη
696 3239 802 3291 πᾶν
836 3240 1143 3293 τούναντίον
1163 3257 1176 3271 ο
1214 3240 1311 3295 καὶ
1357 3243 1533 3294 νοσεῖν
1566 3239 1805 3313 ἀρχομέσ

296 3432 408 3504 (80)
450 3435 625 3511 [Iqu
644 3434 717 3511 δέ
736 3435 1031 3511 efﬁgiem
1052 3438 1126 3493 Ita
1154 3439 1373 3508 quidem
1410 3441 1670 3511 scriptum
1710 3444 1805 3495 ha-

218 3504 312 3581 bet
364 3505 537 3581 eode;
588 3504 811 3581 Regius.
862 3506 981 3581 Sed,
1012 3510 1075 3581 (in
1120 3504 1346 3581 reliquis
1405 3504 1804 3581 exemplaribus

218 3573 389 3653 llaz"
416 3573 553 3653 Med.
590 3590 654 3653 ac
677 3573 823 3653 Fuit.
861 3579 1117 3633 scribitur
1145 3573 1803 3653 noXlﬁ,rectius.'Subau-

221 3643 378 3698 ditur
409 3645 550 3697 enim
578 3646 751 3709 νόσος.
782 3645 979 3703 VALES.
1305 3643 1335 3653 ’⁷
1464 3692 1467 3695 .

296 3714 431 3785 (81),
452 3716 1035 3783 Συναπηλλάττοντο
1065 3719 1338 3785 ἐκείνοις.
1368 3718 1497 3773 Post
1517 3721 1615 3774 has
1641 3734 1803 3774 voces

220 3784 283 3859 in
318 3784 513 3859 codice_
532 3786 773 3859 regioitt
789 3788 1025 3843 editione
1065 3784 1305 3843 Roberti
1334 3787 1594 3857 Stephani
1635 3805 1803 3859 appo-

217 3857 327 3928 sita
354 3854 697 3928 es_t_virgu_la.
723 3855 930 3928 _Verum
974 3860 1027 3912 in
1066 3860 1238 3913 tribus
1282 3854 1484 3913 nostris
1519 3854 1798 3928 exemp—la-

217 3925 380 3978 ribus
408 3923 572 3988 Μελ,
618 3925 756 3979 Med.
806 3935 860 3980 et
892 3927 1028 3983 Fuk.
1062 3930 1167 3983 alia
1200 3938 1283 3983 est
1323 3929 1622 3983 distinctio.
1670 3923 1803 3981 Nam

216 4004 349 4069 post
380 4010 568 4048 vocem
593 3996 989 4069 ἀσμενέστατα,
1022 3998 1270 4069 apposita
1295 4008 1377 4052 est
1404 3999 1579 4053 media
1611 3998 1804 4051 distin-

219 4065 502 4138 rtio,-_seu
560 4065 740 4138 mora.
773 4065 929 4138 Quod
976 4065 1196 4138 quidem
1241 4069 1444 4123 idcirco
1470 4070 1803 4123 monendum

218 4150 349 4189 esse
377 4134 529 4214 duxi,
558 4151 625 4189 ne
654 4137 779 4205 quis
806 4136 949 4191 forte
972 4134 1316 4214 suspicetur,
1337 4139 1609 4214 vulgatam
1638 4139 1805 4191 inter-

216 4210 576 4279 punctionem
616 4216 839 4279 temere,
874 4222 937 4261 ac
970 4210 1088 4279 sine
1110 4210 1432 4279 auctoritate
1472 4210 1801 4279 scriptorum

217 4274 479 4329 codicum
516 4276 730 4328 avnobis
758 4286 1022 4331 mutatam
1064 4278 1252 4333 fuisse.
1290 4278 1365 4332 lu.

294 4344 411 4418 (82)
459 4344 967 4418 ’ᾼναμασσόμενοι
989 4350 1095 4413 τὰς
1117 4350 1480 4418 ἀλγηδόνας.
1510 4346 1730 4416 Langus
1751 4358 1806 4403 et

216 4414 761 4488 Chrislophorsonus
800 4414 1083 4488 verterunt
1131 4414 1473 4487 mitigantes:
1509 4414 1672 4488 quam
1699 4420 1803 4488 in-

218 4486 670 4558 terpretationem
700 4487 948 4558 equidem
987 4488 1217 4557 probare
1249 4486 1352 4541 non
1387 4486 1630 4558 possum.
1665 4487 1799 4542 Nam

215 4554 582 4623 ἀναμάσσειν,
618 4556 733 4610 sive
775 4554 1095 4626 ἐκμάσσειν,
1134 4559 1273 4611 idem
1311 4554 1405 4612 est
1435 4560 1578 4627 quod
1622 4561 1799 4627 expri-

215 4640 383 4697 mere,
412 4634 721 4697 extergere,
749 4626 839 4680 Ait
878 4628 1043 4695 igitur
1086 4627 1379 4697 Dionysius
1400 4669 1413 4692 ,
1454 4626 1800 4683 Christianos

216 4695 321 4765 qui
352 4709 527 4764 aagros
567 4696 841 4764 pestilenti
888 4698 1078 4750 morbo
1115 4695 1423 4752 laborantes
1468 4699 1797 4763 invisebant,

214 4779 522 4836 expressos
544 4767 921 4835 aagrotantium
947 4767 1163 4821 dolores
1197 4767 1248 4820 in
1270 4769 1592 4836 semetipsos
1623 4778 1801 4823 trans-

228 4836 448 4908 tulisse.
506 4833 561 4888 Id
600 4833 749 4908 enim
793 4836 1062 4905 signiﬁcat
1085 4853 1189 4890 vox
1234 4833 1711 4908 ἀναμασσόμενοι,
1749 4839 1801 4892 id

216 4913 307 4959 est
328 4905 579 4974 excipere
608 4906 662 4959 in
704 4920 783 4969 se,
819 4917 874 4960 et
911 4911 1069 4974 quasi
1101 4905 1365 4974 exsugere
1400 4905 1625 4962 alterius
1654 4924 1803 4961 mor-

214 4976 377 5048 bum.
396 4973 540 5048 idem
563 4975 727 5048 igitur
748 4985 851 5048 est,
871 4973 1016 5048 quod
1043 4973 1363 5048 anteadixit
1379 4976 1690 5048 Dionysius,
1709 4977 1804 5033 καὶ

213 5047 323 5115 τὴν
350 5044 504 5098 νόσον
529 5047 613 5113 ἐφ’
648 5046 871 5109 ἑαυτοὺς
901 5045 1173 5110 ἕλκοντες.
1207 5046 1283 5099 lu.

295 5115 413 5185 (85)
449 5115 652 5183 Μόνης
683 5118 1160 5185 φιλοφροσύνης.
1185 5115 1301 5169 Non
1336 5124 1499 5178 recte,
1533 5131 1653 5170 meo
1678 5117 1803 5185 qui-

216 5184 348 5241 dem
396 5184 626 5254 judicio,
658 5184 939 5241 Musculus
970 5197 1024 5241 et
1061 5186 1594 5255 Cliristophorsonus
1628 5184 1804 5241 veram

216 5256 652 5328 benevolentiam
682 5256 1129 5328 interpretantur,
1162 5273 1285 5309 cum
1307 5255 1695 5328 “(909939039171
1733 5259 1806 5311 sit

215 5328 409 5397 potius
432 5326 806 5397 benevolentia
830 5327 884 5379 in
907 5342 1159 5397 sermone
1184 5336 1237 5380 et
1260 5325 1577 5397 all‘abilitate
1602 5325 1800 5393 poéita,

216 5396 348 5466 qua:
386 5398 612 5450 comitas
652 5396 853 5450 dicitur
897 5413 928 5451 a
973 5396 1205 5451 Latinis.
1244 5396 1445 5450 Gallice
1493 5398 1803 5450 civilitatem

214 5477 272 5521 et
315 5466 749 5535 complementum
794 5481 1072 5523 vocamus.
1099 5466 1322 5521 Videtur
1350 5476 1530 5521 autem
1563 5468 1677 5521 htec
1698 5482 1805 5520 vox

218 5535 517 5607 περίψημα
537 5551 660 5606 qua:
682 5537 736 5589 in
754 5535 1011 5605 Epistolis
1031 5537 1182 5593 Pauli
1210 5538 1425 5607 legitur,
1452 5538 1611 5606 vulgo
1637 5538 1805 5592 fuisse

216 5609 294 5660 ab
336 5607 716 5661 Alexandrinis
765 5619 1045 5676 usurpata,
1094 5608 1308 5677 quoties
1340 5625 1397 5662 se
1432 5607 1485 5659 in
1522 5608 1805 5662 salutatio-

218 5679 387 5730 nibus
423 5686 612 5730 mutuo
646 5678 1034 5745 eompellarent
1062 5718 1076 5740 ,
1114 5688 1167 5731 et
1194 5693 1413 5746 operam
1460 5687 1621 5745 atque
1642 5679 1804 5731 obse-

217 5746 414 5814 quium
451 5747 778 5818 sponderent
805 5747 994 5818 :iETtb
1027 5750 1140 5818 εἰμι
1175 5747 1461 5818 περίψημά
1494 5764 1605 5818 σου.
1649 5746 1805 5813 Quod

218 5828 374 5872 certe
409 5818 493 5871 hic
538 5816 780 5889 Dionysii
831 5817 980 5872 locus
1032 5816 1257 5873 videtur
1282 5816 1527 5875 innuero.
1562 5817 1673 5873 Nisi
1701 5832 1802 5892 p0-

1913 2861 2345 2917 adhzereseentes
2390 2862 2518 2925 illis,
2576 2864 3017 2933 complectentes,
3068 2866 3287 2922 lavacro
3321 2880 3375 2923 et
3399 2884 3493 2925 ve-

1911 2954 2183 3009 Stimentis
2207 2964 2466 3010 ornantes
2489 2973 2501 3008 :
2528 2956 2691 3024 paulo
2714 2965 2835 3024 post
2864 2958 3051 3011 eadem
3079 2959 3252 3014 ollieia
3277 2960 3347 3015 ab
3367 2961 3492 3016 aliis

1914 3046 2195 3101 consecuti
2232 3054 2391 3111 sunt;
2432 3062 2554 3099 cum
2590 3047 2911 3115 superstites
2939 3064 3154 3118 semper
3181 3066 3368 3104 eorum
3394 3052 3489 3120 qui

1910 3148 2346 3210 praecesserant,
2403 3138 2645 3209 vestigiis
2695 3138 3030 3194 insisterent.
3088 3140 3327 3195 Gentiles
3358 3156 3490 3197 vero

1910 3246 2141 3302 prorsus
2164 3229 2440 3286 contraria
2464 3229 2550 3283 his
2576 3238 2821 3299 egerunt.
2846 3228 2981 3284 Nam
3016 3239 3069 3285 et
3090 3246 3183 3287 eos
3203 3233 3295 3302 qui
3316 3248 3490 3302 εει-ο-

1906 3443 2017 3496 tius
2075 3440 2477 3508 intelligamus,
2516 3436 2858 3491 Christianos
2912 3438 3073 3506 vulgo
3116 3450 3145 3489 a
3191 3436 3489 3508 gentilibus

1906 3520 2130 3566 vocatos
2176 3506 2347 3564 fuisse
2394 3510 2497 3563 hoe
2544 3508 2783 3571 nomine,
2825 3508 3041 3560 πάντων
3073 3506 3382 3629 περίψημα,
3431 3508 3488 3562 id

1907 3592 1987 3629 est
2022 3590 2365 3629 nuraamenta
2390 3578 2572 3629 swculi
2600 3594 2617 3629 :
2652 3580 2795 3629 nuod
2834 3578 3005 3629 tuaais
3035 3578 3228 3629 nlaeet.
3284 3593 3339 3629 ιι.

1907 3592 1988 3637 est
2021 3590 2365 3651 purgamenta
2390 3578 2572 3651 διιτιαὶ
2600 3594 2617 3629 :
2652 3580 2795 3651 quod
2834 3578 3005 3651 magis
3035 3578 3339 3651 plaeet._lo.

1979 3646 2091 3722 (84)
2124 3646 2340 3704 Ἁὺτῶν
2371 3649 2701 3722 περίψημα.
2736 3646 3088 3722 (ὶᾲοάθλχΜεά.
3125 3655 3186 3722 et
3210 3646 3351 3722 ηπ.
3379 3663 3484 3722 una

1905 3718 2037 3775 voce
2065 3718 2339 3775 auctiores
2380 3726 2529 3773 sunt.
2565 3718 2655 3771 Sic
2696 3718 2840 3771 enim
2880 3718 3096 3779 habent,
3129 3718 3307 3770 αὐτῶν
3348 3718 3487 3770 πάνθ

1904 3809 2013 3862 των
2062 3790 2367 3862 περίψημα.
2414 3788 2699 3854 Quomodo
2745 3789 2908 3841 etiam
2955 3790 3009 3841 in
3041 3787 3178 3841 Fuk.
3220 3788 3484 3857 scriptum

1906 3861 2110 3914 inveni.
2141 3861 2222 3912 lu.

1981 3931 2091 3996 (85)
2133 3930 2240 3983 Kal
2285 3928 2666 3994 διατιθέντες.
2716 3927 3250 3996 Christophorsonus
3281 3927 3482 3981 vertit:

1906 4000 2146 4052 decenter
2177 4010 2456 4057 ot'tmntes,
2495 4001 2654 4055 male.
2684 3997 2818 4051 Nam
2860 3998 2927 4051 de
2976 4007 3168 4049 ornatu
3207 4012 3332 4049 mox
3359 3998 3488 4050 sub-

1903 4071 2084 4138 jungit
2112 4070 2423 4138 Dionysius.
2459 4067 2679 4121 Rectius
2706 4070 2870 4138 igitur
2901 4068 3067 4138 _verti,
3099 4076 3484 4135 componentes,

1906 4135 2183 4209 quomodo
2211 4135 2507 4207 loquuntur
2543 4135 2749 4209 Latini:
2778 4138 2872 4209 Sic
2901 4135 3158 4209 Persius:

2362 4209 2673 4277 tandemque
2699 4207 2938 4260 beatulus
2971 4207 3080 4259 alto

2222 4278 2554 4345 Compositus
2583 4279 2733 4340 lecto,
2763 4286 2866 4331 etc.

1905 4346 2272 4418 Hieronymus
2302 4348 2395 4401 lib.
2432 4364 2444 4400 ι
2478 4346 2544 4399 1η
2574 4347 2953 4418 Joviniannnt.‘
2986 4346 3389 4416 Compositoque
3420 4362 3486 4401 ea:

1904 4434 2047 4470 more
2078 4415 2319 4471 cadaveri
2346 4436 2411 4487 se
2442 4419 2557 4487 ipsa
2581 4420 2878 4487 superjecit.
2910 4415 3045 4470 lline
3069 4415 3363 4486 compostus
3387 4433 3485 4486 pro

1912 4489 2121 4555 sepulto
2153 4490 2295 4557 apud
2344 4485 2723 4557 Virgilium'et
2766 4487 3068 4541 Horatium.
3104 4485 3399 4541 Possidius
3429 4490 3482 4540 in

1921 4557 2039 4611 Vita
2088 4557 2153 4610 Β.
2204 4559 2531 4628 Augustini:
2579 4558 2867 4626 Confestim
2893 4573 3009 4628 vero
3054 4572 3147 4625 pro
3177 4560 3288 4625 ejus
3336 4574 3484 4609 cont-

1904 4628 2203 4680 mendanda
2254 4627 2489 4695 carparis
2544 4628 2867 4697 depositione
2914 4627 3149 4678 oblatum
3205 4637 3313 4691 est,
3363 4643 3483 4693 per-

1902 4709 2123 4767 actoque
2145 4699 2447 4751 solemniter
2470 4700 2836 4767 exsequiarum
2854 4698 3174 4767 ministerio,
3192 4697 3484 4764 insigniter

1901 4765 2242 4836 compositus,
2280 4765 2679 4836 deportatns‘ac
2714 4765 2948 4834 sepultus
2978 4775 3076 4818 est.
3112 4765 3183 4819 lta
3221 4767 3365 4819 enim
3402 4768 3481 4819 le-

1902 4839 2049 4908 gitur
2076 4841 2128 4891 in
2160 4838 2342 4891 codice
2364 4836 2737 4908 Moseiacensi.
2769 4838 2842 4908 In.

1975 4908 2086 4977 (86)
2124 4909 2231 4959 Καὶ
2265 4906 2667 4974 περιστολαῖς.
2694 4905 2803 4960 Nec
2836 4906 2975 4977 hanc
3002 4920 3190 4958 vocem
3208 4904 3481 4977 intellexit

1902 4974 2470 5047 Christophorsonus,
2504 4978 2595 5047 qui
2644 4978 2843 5047 vertit,
2881 4976 3043 5028 linteo
3074 4974 3279 5047 funebri
3300 4976 3481 5047 pineol-

1903 5064 2037 5101 vere.
2064 5045 2320 5100 Solebant
2342 5047 2488 5099 enim
2518 5046 2746 5098 Romani
2773 5054 2901 5097 tune
2924 5045 3183 5112 temporis
3213 5046 3477 5098 cadavera

1902 5117 2148 5170 vestibus
2182 5116 2422 5170 amicire.
2451 5116 2531 5170 Ac
2561 5116 2627 5169 de
2660 5116 2949 5185 gentilibus
2979 5116 3195 5185 quidem
3241 5131 3327 5168 res
3356 5129 3480 5182 pro-

1906 5187 2029 5239 trita
2077 5196 2193 5251 est,
2241 5187 2379 5240 adeo
2412 5194 2470 5238 ut
2503 5184 2766 5253 exemplis
2797 5202 2903 5238 non
2935 5194 3109 5254 egeat.
3159 5184 3309 5253 Ipsos
3351 5200 3476 5239 vero

1902 5257 2243 5310 Christianos
2289 5256 2527 5310 fidelium
2577 5258 2841 5310 cadavera
2887 5255 3184 5322 splendidis
3233 5255 3476 5309 vestibus

1904 5327 2203 5389 obtexisse,
2233 5327 2391 5380 docet
2422 5326 2731 5394 exemplum
2760 5326 2965 5379 Asturii
2997 5326 3136 5392 apud
3179 5323 3474 5394 Eusebium

1903 5397 1997 5449 lib.
2032 5413 2128 5461 vn,
2162 5413 2281 5465 cap.
2324 5395 2407 5449 l6.
2445 5393 2807 5466 Hieronymus
2844 5396 2897 5449 in
2928 5394 3216 5463 Epitapltio
3244 5393 3424 5466 Paulae
3454 5411 3472 5450 :

1905 5467 2035 5531 Quis
2060 5464 2274 5534 inopum
2304 5467 2527 5518 moriens
2553 5464 2662 5519 non
2688 5465 2833 5517 illius
2862 5466 3177 5519 vestimentis
3201 5464 3474 5534 obvolutus

1901 5540 2023 5592 est?
2072 5533 2183 5591 Nec
2227 5536 2385 5589 aliter
2425 5537 2806 5605 intelligendus
2861 5544 2945 5589 est
3011 5536 3165 5589 locus
3202 5533 3472 5605 Possidii,

1903 5623 2067 5676 quem
2109 5615 2266 5660 antea
2311 5608 2493 5661 citavi.
2530 5604 2701 5660 (lt-ieci
2746 5607 2797 5659 id
2830 5614 3030 5676 vocant
3078 5604 3470 5676 περιστέλλειν.

1903 5623 2067 5676 quem
2109 5621 2266 5660 antea
2311 5621 2493 5661 eitavn.
2530 5621 2701 5660 Ul'tBCl
2746 5621 2797 5659 tu
2830 5621 3030 5659 vocant
3078 5621 3470 5729 nsHﬂemtv.

1902 5677 2195 5759 Atbetupus
2230 5677 2283 5729 in
2315 5677 2409 5759 lib.
2458 5690 2529 5759 tl,
2565 5676 2871 5759 eap._'7.,.6v
2902 5674 3104 5759 τρόπον
3200 5675 3473 5759 υθιονίκηι

1905 5746 2234 5818 περιέστειλε
2266 5746 2664 5817 τελευτήσασαν
2692 5748 2720 5799 ό
2754 5743 3043 5818 Ἀρπαλός.
3080 5743 3158 5801 In.
3427 5743 3459 5791 ’ν
