  <div class='ocr_page' id='page_1' title='image "/cluster/home/n/w/nwhite01/storage/ocr_20150623/10/hvd.32044019207620/679.png"; bbox 0 0 3888 6498; ppageno 0'>
   <div class='ocr_carea' id='block_1_1' title="bbox 466 341 607 396">
    <p class='ocr_par' dir='ltr' id='par_1_1' title="bbox 466 341 607 396">
     <span class='ocr_line' id='line_1_1' title="bbox 466 341 607 396; baseline 0.007 -1"><span class='ocrx_word' id='word_1_1' title='bbox 466 341 607 396; x_wconf 68' lang='grc'><strong>1345</strong></span> 
     </span>
    </p>
   </div>
   <div class='ocr_carea' id='block_1_2' title="bbox 1730 347 2427 415">
    <p class='ocr_par' dir='ltr' id='par_1_2' title="bbox 1730 347 2427 415">
     <span class='ocr_line' id='line_1_2' title="bbox 1730 347 2427 415; baseline 0.017 -12"><span class='ocrx_word' id='word_1_2' title='bbox 1730 347 2092 410; x_wconf 71' lang='grc' dir='ltr'><strong>ΜΑΟΑΒΙυδ</strong></span> <span class='ocrx_word' id='word_1_3' title='bbox 2128 355 2427 415; x_wconf 82' lang='lat' dir='ltr'><strong>MAGNES.</strong></span> 
     </span>
    </p>
   </div>
   <div class='ocr_carea' id='block_1_3' title="bbox 3590 374 3728 427">
    <p class='ocr_par' dir='ltr' id='par_1_3' title="bbox 3590 374 3728 427">
     <span class='ocr_line' id='line_1_3' title="bbox 3590 374 3728 427; baseline 0.007 -1"><span class='ocrx_word' id='word_1_4' title='bbox 3590 374 3617 426; x_wconf 78' lang='grc'><strong>1</strong></span> <span class='ocrx_word' id='word_1_5' title='bbox 3628 374 3728 427; x_wconf 59' lang='grc' dir='ltr'><strong>διδ</strong></span> 
     </span>
    </p>
   </div>
   <div class='ocr_carea' id='block_1_4' title="bbox 461 462 2049 558">
    <p class='ocr_par' dir='ltr' id='par_1_4' title="bbox 461 462 2041 546">
     <span class='ocr_line' id='line_1_4' title="bbox 461 462 2041 546; baseline 0.01 -32"><span class='ocrx_word' id='word_1_6' title='bbox 461 462 557 531; x_wconf 99' lang='lat' dir='ltr'><strong>qui</strong></span> <span class='ocrx_word' id='word_1_7' title='bbox 586 463 755 530; x_wconf 89' lang='lat' dir='ltr'><strong>nolit,</strong></span> <span class='ocrx_word' id='word_1_8' title='bbox 791 472 988 519; x_wconf 90' lang='lat' dir='ltr'><strong>venatu</strong></span> <span class='ocrx_word' id='word_1_9' title='bbox 1023 474 1240 536; x_wconf 78' lang='lat' dir='ltr'><strong>captum</strong></span> <span class='ocrx_word' id='word_1_10' title='bbox 1275 478 1430 524; x_wconf 89' lang='lat' dir='ltr'><strong>curat</strong></span> <span class='ocrx_word' id='word_1_11' title='bbox 1461 487 1474 524; x_wconf 90' lang='lat'><strong>:</strong></span> <span class='ocrx_word' id='word_1_12' title='bbox 1506 486 1570 525; x_wconf 90' lang='lat' dir='ltr'><strong>ac</strong></span> <span class='ocrx_word' id='word_1_13' title='bbox 1598 470 1748 525; x_wconf 92' lang='lat' dir='ltr'><strong>illum</strong></span> <span class='ocrx_word' id='word_1_14' title='bbox 1776 488 1917 545; x_wconf 60' lang='lat' dir='ltr'><strong>scepe</strong></span> <span class='ocrx_word' id='word_1_15' title='bbox 1944 476 2041 546; x_wconf 86' lang='lat' dir='ltr'><strong>qui</strong></span> 
     </span>
    </p>
   </div>
   <div class='ocr_carea' id='block_1_5' title="bbox 2129 462 3722 558">
    <p class='ocr_par' dir='ltr' id='par_1_5' title="bbox 2144 481 3722 558">
     <span class='ocr_line' id='line_1_5' title="bbox 2144 481 3722 558; baseline 0.009 -24"><span class='ocrx_word' id='word_1_16' title='bbox 2144 481 2437 556; x_wconf 83' lang='grc' dir='ltr'><strong>θηρωμένη</strong></span> <span class='ocrx_word' id='word_1_17' title='bbox 2458 502 2471 515; x_wconf 88' lang='grc'><strong>·</strong></span> <span class='ocrx_word' id='word_1_18' title='bbox 2506 485 2598 539; x_wconf 78' lang='grc' dir='ltr'>καὶ</span> <span class='ocrx_word' id='word_1_19' title='bbox 2630 490 2887 552; x_wconf 75' lang='grc' dir='ltr'><strong>πολλάκις</strong></span> <span class='ocrx_word' id='word_1_20' title='bbox 2920 493 3180 548; x_wconf 80' lang='grc' dir='ltr'>ὀκνοῦντά</span> <span class='ocrx_word' id='word_1_21' title='bbox 3223 513 3344 548; x_wconf 80' lang='grc' dir='ltr'>τινα</span> <span class='ocrx_word' id='word_1_22' title='bbox 3386 497 3480 547; x_wconf 73' lang='grc' dir='ltr'><strong>ὑπ’</strong></span> <span class='ocrx_word' id='word_1_23' title='bbox 3512 495 3722 558; x_wconf 71' lang='grc' dir='ltr'><strong>αἰδοῦς,</strong></span> 
     </span>
    </p>
   </div>
   <div class='ocr_carea' id='block_1_6' title="bbox 459 555 2038 631">
    <p class='ocr_par' dir='ltr' id='par_1_6' title="bbox 459 555 2038 631">
     <span class='ocr_line' id='line_1_6' title="bbox 459 555 2038 631; baseline 0.01 -24"><span class='ocrx_word' id='word_1_24' title='bbox 459 566 528 608; x_wconf 80' lang='lat' dir='ltr'><strong>ex</strong></span> <span class='ocrx_word' id='word_1_25' title='bbox 556 555 883 609; x_wconf 84' lang='lat' dir='ltr'><strong>verecundia</strong></span> <span class='ocrx_word' id='word_1_26' title='bbox 931 558 1158 613; x_wconf 85' lang='lat' dir='ltr'><strong>remisse</strong></span> <span class='ocrx_word' id='word_1_27' title='bbox 1197 570 1354 629; x_wconf 86' lang='lat' dir='ltr'><strong>agat,</strong></span> <span class='ocrx_word' id='word_1_28' title='bbox 1385 571 1479 615; x_wconf 90' lang='lat' dir='ltr'><strong>aut</strong></span> <span class='ocrx_word' id='word_1_29' title='bbox 1513 563 1607 631; x_wconf 90' lang='lat' dir='ltr'><strong>qui</strong></span> <span class='ocrx_word' id='word_1_30' title='bbox 1636 564 1916 621; x_wconf 78' lang='lat' dir='ltr'><strong>beneficiis</strong></span> <span class='ocrx_word' id='word_1_31' title='bbox 1945 583 2038 622; x_wconf 72' lang='lat' dir='ltr'><strong>au-</strong></span> 
     </span>
    </p>
   </div>
   <div class='ocr_carea' id='block_1_7' title="bbox 459 643 2032 728">
    <p class='ocr_par' dir='ltr' id='par_1_7' title="bbox 459 643 2032 728">
     <span class='ocr_line' id='line_1_7' title="bbox 459 643 2032 728; baseline 0.011 -31"><span class='ocrx_word' id='word_1_32' title='bbox 459 643 575 715; x_wconf 83' lang='lat' dir='ltr'><strong>geri</strong></span> <span class='ocrx_word' id='word_1_33' title='bbox 608 655 845 709; x_wconf 90' lang='lat' dir='ltr'><strong>recusat,</strong></span> <span class='ocrx_word' id='word_1_34' title='bbox 876 662 945 702; x_wconf 89' lang='lat' dir='ltr'><strong>ne</strong></span> <span class='ocrx_word' id='word_1_35' title='bbox 1000 652 1182 719; x_wconf 87' lang='lat' dir='ltr'><strong>gravis</strong></span> <span class='ocrx_word' id='word_1_36' title='bbox 1209 653 1362 707; x_wconf 90' lang='lat' dir='ltr'><strong>alteri</strong></span> <span class='ocrx_word' id='word_1_37' title='bbox 1390 669 1453 708; x_wconf 89' lang='lat' dir='ltr'><strong>ac</strong></span> <span class='ocrx_word' id='word_1_38' title='bbox 1499 655 1759 711; x_wconf 89' lang='lat' dir='ltr'><strong>molestus</strong></span> <span class='ocrx_word' id='word_1_39' title='bbox 1804 659 2032 728; x_wconf 89' lang='lat' dir='ltr'><strong>accidat,</strong></span> 
     </span>
    </p>
   </div>
   <div class='ocr_carea' id='block_1_8' title="bbox 459 735 2037 819">
    <p class='ocr_par' dir='ltr' id='par_1_8' title="bbox 459 735 2037 819">
     <span class='ocr_line' id='line_1_8' title="bbox 459 735 2037 819; baseline 0.011 -32"><span class='ocrx_word' id='word_1_40' title='bbox 459 735 663 805; x_wconf 90' lang='lat' dir='ltr'><strong>quique</strong></span> <span class='ocrx_word' id='word_1_41' title='bbox 696 737 912 793; x_wconf 91' lang='lat' dir='ltr'><strong>tandem</strong></span> <span class='ocrx_word' id='word_1_42' title='bbox 944 741 1118 795; x_wconf 87' lang='lat' dir='ltr'><strong>satius</strong></span> <span class='ocrx_word' id='word_1_43' title='bbox 1148 742 1313 797; x_wconf 91' lang='lat' dir='ltr'><strong>habet</strong></span> <span class='ocrx_word' id='word_1_44' title='bbox 1344 744 1525 801; x_wconf 91' lang='lat' dir='ltr'><strong>tristes</strong></span> <span class='ocrx_word' id='word_1_45' title='bbox 1552 762 1713 802; x_wconf 90' lang='lat' dir='ltr'><strong>casus</strong></span> <span class='ocrx_word' id='word_1_46' title='bbox 1741 762 1870 803; x_wconf 87' lang='lat' dir='ltr'><strong>suos</strong></span> <span class='ocrx_word' id='word_1_47' title='bbox 1894 765 2037 819; x_wconf 61' lang='lat' dir='ltr'><strong>aegre</strong></span> 
     </span>
    </p>
   </div>
   <div class='ocr_carea' id='block_1_9' title="bbox 461 825 2034 906">
    <p class='ocr_par' dir='ltr' id='par_1_9' title="bbox 461 825 2034 906">
     <span class='ocr_line' id='line_1_9' title="bbox 461 825 2034 906; baseline 0.011 -29"><span class='ocrx_word' id='word_1_48' title='bbox 461 825 723 893; x_wconf 88' lang='lat' dir='ltr'><strong>tolerare,</strong></span> <span class='ocrx_word' id='word_1_49' title='bbox 762 843 830 882; x_wconf 87' lang='lat' dir='ltr'><strong>ne</strong></span> <span class='ocrx_word' id='word_1_50' title='bbox 858 831 1115 900; x_wconf 84' lang='lat' dir='ltr'><strong>cuiquam</strong></span> <span class='ocrx_word' id='word_1_51' title='bbox 1148 835 1349 905; x_wconf 86' lang='lat' dir='ltr'><strong>negotii</strong></span> <span class='ocrx_word' id='word_1_52' title='bbox 1388 836 1592 906; x_wconf 89' lang='lat' dir='ltr'><strong>aliquid</strong></span> <span class='ocrx_word' id='word_1_53' title='bbox 1624 848 1720 892; x_wconf 90' lang='lat' dir='ltr'><strong>aut</strong></span> <span class='ocrx_word' id='word_1_54' title='bbox 1743 840 2034 895; x_wconf 82' lang='lat' dir='ltr'><strong>anxietatis</strong></span> 
     </span>
    </p>
   </div>
   <div class='ocr_carea' id='block_1_10' title="bbox 456 917 2032 1005">
    <p class='ocr_par' dir='ltr' id='par_1_10' title="bbox 456 917 2032 1005">
     <span class='ocr_line' id='line_1_10' title="bbox 456 917 2032 1005; baseline 0.013 -35"><span class='ocrx_word' id='word_1_55' title='bbox 456 917 687 984; x_wconf 79' lang='lat' dir='ltr'><strong>aﬂ‘erat;</strong></span> <span class='ocrx_word' id='word_1_56' title='bbox 721 922 813 989; x_wconf 86' lang='lat' dir='ltr'><strong>qui</strong></span> <span class='ocrx_word' id='word_1_57' title='bbox 840 923 1104 979; x_wconf 87' lang='lat' dir='ltr'><strong>cbaritate</strong></span> <span class='ocrx_word' id='word_1_58' title='bbox 1134 928 1325 996; x_wconf 89' lang='lat' dir='ltr'><strong>plenus</strong></span> <span class='ocrx_word' id='word_1_59' title='bbox 1354 938 1458 996; x_wconf 89' lang='lat' dir='ltr'><strong>est,</strong></span> <span class='ocrx_word' id='word_1_60' title='bbox 1493 931 1638 987; x_wconf 91' lang='lat' dir='ltr'><strong>hunc</strong></span> <span class='ocrx_word' id='word_1_61' title='bbox 1672 934 1856 989; x_wconf 87' lang='lat' dir='ltr'><strong>multis</strong></span> <span class='ocrx_word' id='word_1_62' title='bbox 1882 934 2032 1005; x_wconf 81' lang='lat' dir='ltr'><strong>regi-</strong></span> 
     </span>
    </p>
   </div>
   <div class='ocr_carea' id='block_1_11' title="bbox 454 1014 2034 1095">
    <p class='ocr_par' dir='ltr' id='par_1_11' title="bbox 454 1014 2034 1095">
     <span class='ocr_line' id='line_1_11' title="bbox 454 1014 2034 1095; baseline 0.011 -31"><span class='ocrx_word' id='word_1_63' title='bbox 454 1018 535 1065; x_wconf 87' lang='lat' dir='ltr'><strong>tat</strong></span> <span class='ocrx_word' id='word_1_64' title='bbox 564 1020 625 1065; x_wconf 90' lang='lat' dir='ltr'><strong>ut</strong></span> <span class='ocrx_word' id='word_1_65' title='bbox 652 1014 931 1082; x_wconf 85' lang='lat' dir='ltr'><strong>permittat</strong></span> <span class='ocrx_word' id='word_1_66' title='bbox 957 1019 1307 1089; x_wconf 89' lang='lat' dir='ltr'><strong>patiaturque</strong></span> <span class='ocrx_word' id='word_1_67' title='bbox 1334 1037 1489 1092; x_wconf 90' lang='lat' dir='ltr'><strong>opem</strong></span> <span class='ocrx_word' id='word_1_68' title='bbox 1533 1024 1635 1077; x_wconf 81' lang='lat' dir='ltr'><strong>sibi</strong></span> <span class='ocrx_word' id='word_1_69' title='bbox 1664 1033 1920 1095; x_wconf 90' lang='lat' dir='ltr'><strong>tanquam</strong></span> <span class='ocrx_word' id='word_1_70' title='bbox 1951 1027 2034 1080; x_wconf 90' lang='lat' dir='ltr'><strong>in-</strong></span> 
     </span>
    </p>
   </div>
   <div class='ocr_carea' id='block_1_12' title="bbox 450 1099 2033 1187">
    <p class='ocr_par' dir='ltr' id='par_1_12' title="bbox 450 1099 2033 1187">
     <span class='ocr_line' id='line_1_12' title="bbox 450 1099 2033 1187; baseline 0.01 -32"><span class='ocrx_word' id='word_1_71' title='bbox 450 1099 595 1170; x_wconf 88' lang='lat' dir='ltr'><strong>juria</strong></span> <span class='ocrx_word' id='word_1_72' title='bbox 647 1105 839 1161; x_wconf 76' lang='lat' dir='ltr'><strong>aﬂ‘ecto</strong></span> <span class='ocrx_word' id='word_1_73' title='bbox 866 1110 1144 1177; x_wconf 65' lang='lat' dir='ltr'><strong>praestari;</strong></span> <span class='ocrx_word' id='word_1_74' title='bbox 1201 1113 1341 1168; x_wconf 91' lang='lat' dir='ltr'><strong>unde</strong></span> <span class='ocrx_word' id='word_1_75' title='bbox 1378 1123 1556 1184; x_wconf 82' lang='lat' dir='ltr'><strong>grates</strong></span> <span class='ocrx_word' id='word_1_76' title='bbox 1588 1117 1703 1181; x_wconf 89' lang='lat' dir='ltr'><strong>illi,</strong></span> <span class='ocrx_word' id='word_1_77' title='bbox 1751 1133 1858 1171; x_wconf 86' lang='lat' dir='ltr'><strong>non</strong></span> <span class='ocrx_word' id='word_1_78' title='bbox 1896 1118 2033 1187; x_wconf 83' lang='lat' dir='ltr'><strong>sibi,</strong></span> 
     </span>
    </p>
   </div>
   <div class='ocr_carea' id='block_1_13' title="bbox 456 1196 2034 1274">
    <p class='ocr_par' dir='ltr' id='par_1_13' title="bbox 456 1196 2034 1274">
     <span class='ocr_line' id='line_1_13' title="bbox 456 1196 2034 1274; baseline 0.011 -26"><span class='ocrx_word' id='word_1_79' title='bbox 456 1196 727 1252; x_wconf 82' lang='lat' dir='ltr'><strong>maximas</strong></span> <span class='ocrx_word' id='word_1_80' title='bbox 759 1199 997 1263; x_wconf 87' lang='lat' dir='ltr'><strong>referat,</strong></span> <span class='ocrx_word' id='word_1_81' title='bbox 1045 1204 1191 1274; x_wconf 90' lang='lat' dir='ltr'><strong>quod</strong></span> <span class='ocrx_word' id='word_1_82' title='bbox 1224 1220 1318 1274; x_wconf 91' lang='lat' dir='ltr'><strong>per</strong></span> <span class='ocrx_word' id='word_1_83' title='bbox 1341 1222 1465 1260; x_wconf 89' lang='lat' dir='ltr'><strong>eum</strong></span> <span class='ocrx_word' id='word_1_84' title='bbox 1504 1208 1719 1263; x_wconf 76' lang='lat' dir='ltr'><strong>licuerit</strong></span> <span class='ocrx_word' id='word_1_85' title='bbox 1760 1210 1904 1265; x_wconf 87' lang='lat' dir='ltr'><strong>malo</strong></span> <span class='ocrx_word' id='word_1_86' title='bbox 1932 1208 2034 1271; x_wconf 87' lang='lat' dir='ltr'><strong>suo</strong></span> 
     </span>
    </p>
   </div>
   <div class='ocr_carea' id='block_1_14' title="bbox 456 1286 875 1359">
    <p class='ocr_par' dir='ltr' id='par_1_14' title="bbox 456 1286 875 1359">
     <span class='ocr_line' id='line_1_14' title="bbox 456 1286 875 1359; baseline 0.012 -18"><span class='ocrx_word' id='word_1_87' title='bbox 456 1286 622 1343; x_wconf 83' lang='lat' dir='ltr'><strong>tinem</strong></span> <span class='ocrx_word' id='word_1_88' title='bbox 650 1289 875 1359; x_wconf 88' lang='lat' dir='ltr'><strong>imponi.</strong></span> 
     </span>
    </p>
   </div>
   <div class='ocr_carea' id='block_1_15' title="bbox 453 1447 2027 1532">
    <p class='ocr_par' dir='ltr' id='par_1_15' title="bbox 453 1447 2027 1532">
     <span class='ocr_line' id='line_1_15' title="bbox 453 1447 2027 1532; baseline 0.011 -32"><span class='ocrx_word' id='word_1_89' title='bbox 453 1447 579 1532; x_wconf 68' lang='lat' dir='ltr'><strong>hius</strong></span> <span class='ocrx_word' id='word_1_90' title='bbox 615 1449 761 1532; x_wconf 53' lang='lat' dir='ltr'><strong>Hist,</strong></span> <span class='ocrx_word' id='word_1_91' title='bbox 803 1454 928 1532; x_wconf 87' lang='lat' dir='ltr'><strong>ec_cl.</strong></span> <span class='ocrx_word' id='word_1_92' title='bbox 961 1455 1057 1532; x_wconf 74' lang='lat' dir='ltr'><strong>lib.</strong></span> <span class='ocrx_word' id='word_1_93' title='bbox 1083 1472 1181 1532; x_wconf 70' lang='lat' dir='ltr'><strong>vri,</strong></span> <span class='ocrx_word' id='word_1_94' title='bbox 1223 1474 1342 1532; x_wconf 78' lang='lat' dir='ltr'><strong>cap.</strong></span> <span class='ocrx_word' id='word_1_95' title='bbox 1384 1458 1487 1532; x_wconf 13' lang='lat'><strong>297:</strong></span> <span class='ocrx_word' id='word_1_96' title='bbox 1525 1478 1544 1511; x_wconf 70' lang='grc' dir='ltr'>ι</span> <span class='ocrx_word' id='word_1_97' title='bbox 1598 1459 1797 1532; x_wconf 67' lang='lat' dir='ltr'><strong>Praeter</strong></span> <span class='ocrx_word' id='word_1_98' title='bbox 1831 1477 2027 1532; x_wconf 81' lang='lat' dir='ltr'><strong>supra-</strong></span> 
     </span>
    </p>
   </div>
   <div class='ocr_carea' id='block_1_16' title="bbox 453 1518 2026 1600">
    <p class='ocr_par' dir='ltr' id='par_1_16' title="bbox 453 1518 2026 1600">
     <span class='ocr_line' id='line_1_16' title="bbox 453 1518 2026 1600; baseline 0.011 -30"><span class='ocrx_word' id='word_1_99' title='bbox 453 1518 631 1600; x_wconf 70' lang='lat' dir='ltr'><strong>dictas</strong></span> <span class='ocrx_word' id='word_1_100' title='bbox 673 1523 953 1600; x_wconf 72' lang='lat' dir='ltr'><strong>epistolas,</strong></span> <span class='ocrx_word' id='word_1_101' title='bbox 993 1518 1200 1600; x_wconf 75' lang='lat' dir='ltr'><strong>inquit,</strong></span> <span class='ocrx_word' id='word_1_102' title='bbox 1221 1518 1361 1600; x_wconf 82' lang='lat' dir='ltr'><strong>idem</strong></span> <span class='ocrx_word' id='word_1_103' title='bbox 1410 1528 1703 1600; x_wconf 80' lang='lat' dir='ltr'><strong>Dionysius</strong></span> <span class='ocrx_word' id='word_1_104' title='bbox 1740 1518 2026 1600; x_wconf 61' lang='lat' dir='ltr'><strong>pasch&#39;ales</strong></span> 
     </span>
    </p>
   </div>
   <div class='ocr_carea' id='block_1_17' title="bbox 453 1587 2028 1671">
    <p class='ocr_par' dir='ltr' id='par_1_17' title="bbox 453 1587 2028 1671">
     <span class='ocr_line' id='line_1_17' title="bbox 453 1587 2028 1671; baseline 0.011 -32"><span class='ocrx_word' id='word_1_105' title='bbox 453 1587 574 1669; x_wconf 77' lang='lat' dir='ltr'><strong>illas</strong></span> <span class='ocrx_word' id='word_1_106' title='bbox 622 1587 759 1671; x_wconf 80' lang='lat' dir='ltr'><strong>quas</strong></span> <span class='ocrx_word' id='word_1_107' title='bbox 808 1587 1379 1671; x_wconf 44' lang='lat' dir='ltr'><strong>habemus-epistolas</strong></span> <span class='ocrx_word' id='word_1_108' title='bbox 1422 1587 1572 1653; x_wconf 34' lang='lat' dir='ltr'><strong>tunc”</strong></span> <span class='ocrx_word' id='word_1_109' title='bbox 1591 1587 1851 1671; x_wconf 74' lang='lat' dir='ltr'><strong>temporis</strong></span> <span class='ocrx_word' id='word_1_110' title='bbox 1894 1587 2028 1657; x_wconf 43' lang='lat' dir='ltr'><strong>con;</strong></span> 
     </span>
    </p>
   </div>
   <div class='ocr_carea' id='block_1_18' title="bbox 436 1664 2026 1741">
    <p class='ocr_par' dir='ltr' id='par_1_18' title="bbox 436 1664 2026 1741">
     <span class='ocr_line' id='line_1_18' title="bbox 436 1664 2026 1741; baseline 0.011 -31"><span class='ocrx_word' id='word_1_111' title='bbox 436 1664 695 1741; x_wconf 69' lang='lat' dir='ltr'><strong>scripsit,</strong></span> <span class='ocrx_word' id='word_1_112' title='bbox 729 1664 974 1741; x_wconf 65' lang='lat' dir='ltr'><strong>encomia</strong></span> <span class='ocrx_word' id='word_1_113' title='bbox 1010 1667 1064 1718; x_wconf 90' lang='lat' dir='ltr'><strong>in</strong></span> <span class='ocrx_word' id='word_1_114' title='bbox 1101 1664 1208 1721; x_wconf 85' lang='lat' dir='ltr'><strong>illis</strong></span> <span class='ocrx_word' id='word_1_115' title='bbox 1257 1678 1310 1721; x_wconf 91' lang='lat' dir='ltr'><strong>et</strong></span> <span class='ocrx_word' id='word_1_116' title='bbox 1350 1664 1719 1741; x_wconf 63' lang='lat' dir='ltr'><strong>panegyricos</strong></span> <span class='ocrx_word' id='word_1_117' title='bbox 1746 1687 2026 1728; x_wconf 87' lang='lat' dir='ltr'><strong>sermones</strong></span> 
     </span>
    </p>
   </div>
   <div class='ocr_carea' id='block_1_19' title="bbox 434 1726 2026 1796">
    <p class='ocr_par' dir='ltr' id='par_1_19' title="bbox 434 1726 2026 1796">
     <span class='ocr_line' id='line_1_19' title="bbox 434 1726 2026 1796; baseline 0.013 -20"><span class='ocrx_word' id='word_1_118' title='bbox 434 1726 519 1779; x_wconf 93' lang='lat' dir='ltr'><strong>de</strong></span> <span class='ocrx_word' id='word_1_119' title='bbox 548 1726 789 1796; x_wconf 74' lang='lat' dir='ltr'><strong>paschali</strong></span> <span class='ocrx_word' id='word_1_120' title='bbox 835 1731 972 1787; x_wconf 83' lang='lat' dir='ltr'><strong>festo</strong></span> <span class='ocrx_word' id='word_1_121' title='bbox 1011 1745 1328 1791; x_wconf 84' lang='lat' dir='ltr'><strong>contexens.</strong></span> <span class='ocrx_word' id='word_1_122' title='bbox 1350 1726 1587 1793; x_wconf 58' lang='lat' dir='ltr'><strong>&#39;Hariiin</strong></span> <span class='ocrx_word' id='word_1_123' title='bbox 1640 1757 1804 1795; x_wconf 91' lang='lat' dir='ltr'><strong>unam</strong></span> <span class='ocrx_word' id='word_1_124' title='bbox 1838 1726 2026 1796; x_wconf 84' lang='lat' dir='ltr'><strong>Flavio</strong></span> 
     </span>
    </p>
   </div>
   <div class='ocr_carea' id='block_1_20' title="bbox 452 1800 2023 1881">
    <p class='ocr_par' dir='ltr' id='par_1_20' title="bbox 452 1800 2023 1881">
     <span class='ocr_line' id='line_1_20' title="bbox 452 1800 2023 1881; baseline 0.012 -33"><span class='ocrx_word' id='word_1_125' title='bbox 452 1800 787 1869; x_wconf 88' lang='lat' dir='ltr'><strong>nuncupavit</strong></span> <span class='ocrx_word' id='word_1_126' title='bbox 814 1820 826 1855; x_wconf 93' lang='lat'>:</span> <span class='ocrx_word' id='word_1_127' title='bbox 877 1802 1102 1857; x_wconf 88' lang='lat' dir='ltr'><strong>alteram</strong></span> <span class='ocrx_word' id='word_1_128' title='bbox 1136 1802 1368 1860; x_wconf 84' lang='lat' dir='ltr'><strong>Domitio</strong></span> <span class='ocrx_word' id='word_1_129' title='bbox 1400 1824 1466 1863; x_wconf 91' lang='lat' dir='ltr'><strong>ac</strong></span> <span class='ocrx_word' id='word_1_130' title='bbox 1496 1808 1824 1881; x_wconf 85' lang='lat' dir='ltr'><strong>Didymo.-—-</strong></span> <span class='ocrx_word' id='word_1_131' title='bbox 1845 1811 2023 1867; x_wconf 84' lang='lat' dir='ltr'><strong>Aliam</strong></span> 
     </span>
    </p>
   </div>
   <div class='ocr_carea' id='block_1_21' title="bbox 2142 574 3723 657">
    <p class='ocr_par' dir='ltr' id='par_1_21' title="bbox 2142 574 3723 657">
     <span class='ocr_line' id='line_1_21' title="bbox 2142 574 3723 657; baseline 0.011 -32"><span class='ocrx_word' id='word_1_132' title='bbox 2142 574 2235 626; x_wconf 75' lang='grc' dir='ltr'>καὶ</span> <span class='ocrx_word' id='word_1_133' title='bbox 2262 574 2351 628; x_wconf 74' lang='grc' dir='ltr'>διὰ</span> <span class='ocrx_word' id='word_1_134' title='bbox 2379 577 2440 629; x_wconf 79' lang='grc' dir='ltr'><strong>τὸ</strong></span> <span class='ocrx_word' id='word_1_135' title='bbox 2483 579 2556 651; x_wconf 84' lang='grc' dir='ltr'><strong>μὴ</strong></span> <span class='ocrx_word' id='word_1_136' title='bbox 2599 578 2883 649; x_wconf 78' lang='grc' dir='ltr'>βούλεσθαι</span> <span class='ocrx_word' id='word_1_137' title='bbox 2927 584 3098 657; x_wconf 71' lang='grc' dir='ltr'>βαρὺν</span> <span class='ocrx_word' id='word_1_138' title='bbox 3136 586 3306 657; x_wconf 75' lang='grc' dir='ltr'>ἑτέρῳ</span> <span class='ocrx_word' id='word_1_139' title='bbox 3333 588 3595 655; x_wconf 74' lang='grc' dir='ltr'>γενέσθαι</span> <span class='ocrx_word' id='word_1_140' title='bbox 3637 587 3723 642; x_wconf 72' lang='grc' dir='ltr'><strong>τὸν</strong></span> 
     </span>
    </p>
   </div>
   <div class='ocr_carea' id='block_1_22' title="bbox 2141 661 3723 748">
    <p class='ocr_par' dir='ltr' id='par_1_22' title="bbox 2141 661 3723 748">
     <span class='ocr_line' id='line_1_22' title="bbox 2141 661 3723 748; baseline 0.009 -31"><span class='ocrx_word' id='word_1_141' title='bbox 2141 661 2200 718; x_wconf 77' lang='grc' dir='ltr'><strong>εὖ</strong></span> <span class='ocrx_word' id='word_1_142' title='bbox 2254 671 2482 737; x_wconf 85' lang='grc' dir='ltr'>πασχεῖν</span> <span class='ocrx_word' id='word_1_143' title='bbox 2528 673 2981 744; x_wconf 76' lang='grc' dir='ltr'>παραιτούμενον,</span> <span class='ocrx_word' id='word_1_144' title='bbox 3018 678 3109 730; x_wconf 82' lang='grc' dir='ltr'><strong>καὶ</strong></span> <span class='ocrx_word' id='word_1_145' title='bbox 3149 678 3351 748; x_wconf 77' lang='grc' dir='ltr'>μᾶλλον</span> <span class='ocrx_word' id='word_1_146' title='bbox 3394 679 3564 731; x_wconf 73' lang='grc' dir='ltr'>αὐτὸν</span> <span class='ocrx_word' id='word_1_147' title='bbox 3603 680 3723 732; x_wconf 76' lang='grc' dir='ltr'><strong>δυσ-</strong></span> 
     </span>
    </p>
   </div>
   <div class='ocr_carea' id='block_1_23' title="bbox 2140 763 3719 845">
    <p class='ocr_par' dir='ltr' id='par_1_23' title="bbox 2140 763 3719 845">
     <span class='ocr_line' id='line_1_23' title="bbox 2140 763 3719 845; baseline 0.009 -33"><span class='ocrx_word' id='word_1_148' title='bbox 2140 764 2327 832; x_wconf 82' lang='grc' dir='ltr'>φορεῖν</span> <span class='ocrx_word' id='word_1_149' title='bbox 2357 763 2648 836; x_wconf 81' lang='grc' dir='ltr'>στέργοντα</span> <span class='ocrx_word' id='word_1_150' title='bbox 2680 768 2792 830; x_wconf 81' lang='grc' dir='ltr'>τοῖς</span> <span class='ocrx_word' id='word_1_151' title='bbox 2832 768 2981 832; x_wconf 75' lang='grc' dir='ltr'>ἰδίοις</span> <span class='ocrx_word' id='word_1_152' title='bbox 3010 770 3296 838; x_wconf 79' lang='grc' dir='ltr'>ἀλγεινοῖς,</span> <span class='ocrx_word' id='word_1_153' title='bbox 3332 772 3478 843; x_wconf 78' lang='grc' dir='ltr'>ὑπὲρ</span> <span class='ocrx_word' id='word_1_154' title='bbox 3506 772 3605 825; x_wconf 74' lang='grc' dir='ltr'>τοῦ</span> <span class='ocrx_word' id='word_1_155' title='bbox 3651 775 3719 845; x_wconf 69' lang='grc' dir='ltr'><strong>μὴ</strong></span> 
     </span>
    </p>
   </div>
   <div class='ocr_carea' id='block_1_24' title="bbox 2140 852 3721 938">
    <p class='ocr_par' dir='ltr' id='par_1_24' title="bbox 2140 852 3721 938">
     <span class='ocr_line' id='line_1_24' title="bbox 2140 852 3721 938; baseline 0.011 -34"><span class='ocrx_word' id='word_1_156' title='bbox 2140 852 2446 924; x_wconf 82' lang='grc' dir='ltr'>πράγματά</span> <span class='ocrx_word' id='word_1_157' title='bbox 2497 874 2602 910; x_wconf 88' lang='grc' dir='ltr'>τινι</span> <span class='ocrx_word' id='word_1_158' title='bbox 2643 860 2735 912; x_wconf 73' lang='grc' dir='ltr'>καὶ</span> <span class='ocrx_word' id='word_1_159' title='bbox 2780 860 3000 931; x_wconf 78' lang='grc' dir='ltr'>ὄχλησιν</span> <span class='ocrx_word' id='word_1_160' title='bbox 3046 868 3383 934; x_wconf 80' lang='grc' dir='ltr'>παρασχεῖν,</span> <span class='ocrx_word' id='word_1_161' title='bbox 3428 866 3459 918; x_wconf 83' lang='grc' dir='ltr'><strong>ὁ</strong></span> <span class='ocrx_word' id='word_1_162' title='bbox 3512 867 3721 938; x_wconf 70' lang='grc' dir='ltr'><strong>πλήρης</strong></span> 
     </span>
    </p>
   </div>
   <div class='ocr_carea' id='block_1_25' title="bbox 2139 944 3719 1027">
    <p class='ocr_par' dir='ltr' id='par_1_25' title="bbox 2139 944 3719 1027">
     <span class='ocr_line' id='line_1_25' title="bbox 2139 944 3719 1027; baseline 0.009 -30"><span class='ocrx_word' id='word_1_163' title='bbox 2139 944 2360 1017; x_wconf 82' lang='grc' dir='ltr'><strong>ἀγάπης</strong></span> <span class='ocrx_word' id='word_1_164' title='bbox 2392 946 2781 1003; x_wconf 80' lang='grc' dir='ltr'>καθικέτευσεν</span> <span class='ocrx_word' id='word_1_165' title='bbox 2808 952 3158 1023; x_wconf 75' lang='grc' dir='ltr'>ἀνασχέσθαι,</span> <span class='ocrx_word' id='word_1_166' title='bbox 3195 957 3291 1008; x_wconf 78' lang='grc' dir='ltr'>καὶ</span> <span class='ocrx_word' id='word_1_167' title='bbox 3323 957 3627 1027; x_wconf 77' lang='grc' dir='ltr'>ὑπομένειν</span> <span class='ocrx_word' id='word_1_168' title='bbox 3650 959 3719 1021; x_wconf 74' lang='grc' dir='ltr'><strong>ὡς</strong></span> 
     </span>
    </p>
   </div>
   <div class='ocr_carea' id='block_1_26' title="bbox 2137 1037 3715 1121">
    <p class='ocr_par' dir='ltr' id='par_1_26' title="bbox 2137 1037 3715 1121">
     <span class='ocr_line' id='line_1_26' title="bbox 2137 1037 3715 1121; baseline 0.008 -29"><span class='ocrx_word' id='word_1_169' title='bbox 2137 1037 2486 1111; x_wconf 79' lang='grc' dir='ltr'>ἀδικούμενον</span> <span class='ocrx_word' id='word_1_170' title='bbox 2515 1042 2608 1094; x_wconf 80' lang='grc' dir='ltr'><strong>καὶ</strong></span> <span class='ocrx_word' id='word_1_171' title='bbox 2637 1043 3092 1115; x_wconf 82' lang='grc' dir='ltr'>ἐπικουρούμενον</span> <span class='ocrx_word' id='word_1_172' title='bbox 3124 1049 3217 1101; x_wconf 77' lang='grc' dir='ltr'><strong>καὶ</strong></span> <span class='ocrx_word' id='word_1_173' title='bbox 3254 1049 3416 1120; x_wconf 80' lang='grc' dir='ltr'>χάριν</span> <span class='ocrx_word' id='word_1_174' title='bbox 3628 1069 3715 1121; x_wconf 79' lang='grc' dir='ltr'><strong>με·</strong></span> 
     </span>
    </p>
   </div>
   <div class='ocr_carea' id='block_1_27' title="bbox 2137 1130 3714 1208">
    <p class='ocr_par' dir='ltr' id='par_1_27' title="bbox 2137 1130 3714 1208">
     <span class='ocr_line' id='line_1_27' title="bbox 2137 1130 3714 1208; baseline 0.009 -27"><span class='ocrx_word' id='word_1_175' title='bbox 2137 1130 2355 1201; x_wconf 73' lang='grc' dir='ltr'><strong>γιστην,</strong></span> <span class='ocrx_word' id='word_1_176' title='bbox 2389 1132 2489 1201; x_wconf 82' lang='grc' dir='ltr'><strong>οὐχ</strong></span> <span class='ocrx_word' id='word_1_177' title='bbox 2532 1133 2711 1205; x_wconf 81' lang='grc' dir='ltr'>ἑαυτῷ</span> <span class='ocrx_word' id='word_1_178' title='bbox 2743 1140 3046 1208; x_wconf 83' lang='grc' dir='ltr'>παρασχεῖν</span> <span class='ocrx_word' id='word_1_179' title='bbox 3082 1138 3144 1192; x_wconf 82' lang='grc' dir='ltr'>τὸ</span> <span class='ocrx_word' id='word_1_180' title='bbox 3182 1140 3376 1194; x_wconf 78' lang='grc' dir='ltr'>ἑαυτοῦ</span> <span class='ocrx_word' id='word_1_181' title='bbox 3406 1142 3478 1195; x_wconf 78' lang='grc' dir='ltr'><strong>δι’</strong></span> <span class='ocrx_word' id='word_1_182' title='bbox 3512 1143 3714 1196; x_wconf 67' lang='grc' dir='ltr'>ἐκείνου</span> 
     </span>
    </p>
   </div>
   <div class='ocr_carea' id='block_1_28' title="bbox 2136 1222 2580 1294">
    <p class='ocr_par' dir='ltr' id='par_1_28' title="bbox 2136 1222 2580 1294">
     <span class='ocr_line' id='line_1_28' title="bbox 2136 1222 2580 1294; baseline 0.009 -19"><span class='ocrx_word' id='word_1_183' title='bbox 2136 1222 2274 1294; x_wconf 81' lang='grc' dir='ltr'><strong>λοφῆ</strong></span> <span class='ocrx_word' id='word_1_184' title='bbox 2282 1240 2367 1276; x_wconf 87' lang='grc' dir='ltr'><strong>σαι</strong></span> <span class='ocrx_word' id='word_1_185' title='bbox 2395 1225 2580 1280; x_wconf 84' lang='grc' dir='ltr'>κακόν.</span> 
     </span>
    </p>
   </div>
   <div class='ocr_carea' id='block_1_29' title="bbox 2135 1461 3711 1537">
    <p class='ocr_par' dir='ltr' id='par_1_29' title="bbox 2135 1461 3711 1537">
     <span class='ocr_line' id='line_1_29' title="bbox 2135 1461 3711 1537; baseline 0.007 -22"><span class='ocrx_word' id='word_1_186' title='bbox 2135 1475 2355 1537; x_wconf 73' lang='lat' dir='ltr'><strong>quoque</strong></span> <span class='ocrx_word' id='word_1_187' title='bbox 2380 1461 2663 1537; x_wconf 74' lang='lat' dir='ltr'><strong>epistolam</strong></span> <span class='ocrx_word' id='word_1_188' title='bbox 2706 1462 2771 1537; x_wconf 78' lang='lat' dir='ltr'><strong>ad</strong></span> <span class='ocrx_word' id='word_1_189' title='bbox 2815 1467 3284 1537; x_wconf 79' lang='lat' dir='ltr'><strong>compresbyteros</strong></span> <span class='ocrx_word' id='word_1_190' title='bbox 3324 1468 3711 1527; x_wconf 60' lang='lat' dir='ltr'><strong>Alexandrina</strong></span> 
     </span>
    </p>
   </div>
   <div class='ocr_carea' id='block_1_30' title="bbox 2134 1530 3709 1607">
    <p class='ocr_par' dir='ltr' id='par_1_30' title="bbox 2134 1530 3709 1607">
     <span class='ocr_line' id='line_1_30' title="bbox 2134 1530 3709 1607; baseline 0.002 -24"><span class='ocrx_word' id='word_1_191' title='bbox 2134 1530 2416 1607; x_wconf 50' lang='lat' dir='ltr'><strong>Ecclesiae:</strong></span> <span class='ocrx_word' id='word_1_192' title='bbox 2432 1540 2541 1607; x_wconf 83' lang='lat' dir='ltr'><strong>etc.</strong></span> <span class='ocrx_word' id='word_1_193' title='bbox 2580 1551 2598 1582; x_wconf 74' lang='grc' dir='ltr'><strong><em>ι</em></strong></span> <span class='ocrx_word' id='word_1_194' title='bbox 2626 1533 2854 1607; x_wconf 78' lang='lat' dir='ltr'><strong>Cuinam</strong></span> <span class='ocrx_word' id='word_1_195' title='bbox 2903 1530 3064 1607; x_wconf 48' lang='lat' dir='ltr'><strong>parm</strong></span> <span class='ocrx_word' id='word_1_196' title='bbox 3105 1530 3200 1591; x_wconf 64' lang='lat' dir='ltr'><strong>seu</strong></span> <span class='ocrx_word' id='word_1_197' title='bbox 3243 1540 3585 1607; x_wconf 80' lang='lat' dir='ltr'><strong>quibusnam</strong></span> <span class='ocrx_word' id='word_1_198' title='bbox 3630 1544 3709 1596; x_wconf 71' lang='lat' dir='ltr'><strong>in-</strong></span> 
     </span>
    </p>
   </div>
   <div class='ocr_carea' id='block_1_31' title="bbox 2135 1600 3711 1677">
    <p class='ocr_par' dir='ltr' id='par_1_31' title="bbox 2135 1600 3711 1677">
     <span class='ocr_line' id='line_1_31' title="bbox 2135 1600 3711 1677; baseline 0.01 -24"><span class='ocrx_word' id='word_1_199' title='bbox 2135 1604 2339 1677; x_wconf 71' lang='lat' dir='ltr'><strong>scripta</strong></span> <span class='ocrx_word' id='word_1_200' title='bbox 2392 1600 2555 1677; x_wconf 72' lang='lat' dir='ltr'><strong>fuerit</strong></span> <span class='ocrx_word' id='word_1_201' title='bbox 2611 1600 3179 1677; x_wconf 55' lang='lat' dir='ltr'><strong>paschalis&#39;Dionysii</strong></span> <span class='ocrx_word' id='word_1_202' title='bbox 3216 1600 3445 1677; x_wconf 82' lang='lat' dir='ltr'><strong>epistola</strong></span> <span class='ocrx_word' id='word_1_203' title='bbox 3470 1611 3531 1673; x_wconf 63' lang='grc' dir='ltr'><strong>ὅ,</strong></span> <span class='ocrx_word' id='word_1_204' title='bbox 3569 1613 3711 1668; x_wconf 75' lang='lat' dir='ltr'><strong>unde</strong></span> 
     </span>
    </p>
   </div>
   <div class='ocr_carea' id='block_1_32' title="bbox 2134 1670 3708 1747">
    <p class='ocr_par' dir='ltr' id='par_1_32' title="bbox 2134 1670 3708 1747">
     <span class='ocr_line' id='line_1_32' title="bbox 2134 1670 3708 1747; baseline 0.009 -24"><span class='ocrx_word' id='word_1_205' title='bbox 2134 1670 2453 1747; x_wconf 76' lang='lat' dir='ltr'><strong>hujusmodi</strong></span> <span class='ocrx_word' id='word_1_206' title='bbox 2488 1670 2853 1747; x_wconf 72' lang='lat' dir='ltr'><strong>fragmentum</strong></span> <span class='ocrx_word' id='word_1_207' title='bbox 2879 1670 3122 1747; x_wconf 78' lang='lat' dir='ltr'><strong>excerpit</strong></span> <span class='ocrx_word' id='word_1_208' title='bbox 3150 1670 3549 1734; x_wconf 70' lang='lat' dir='ltr'><strong>Paralleloruas</strong></span> <span class='ocrx_word' id='word_1_209' title='bbox 3574 1697 3708 1747; x_wconf 80' lang='lat' dir='ltr'><strong>con-</strong></span> 
     </span>
    </p>
   </div>
   <div class='ocr_carea' id='block_1_33' title="bbox 2132 1742 3186 1813">
    <p class='ocr_par' dir='ltr' id='par_1_33' title="bbox 2132 1742 3186 1813">
     <span class='ocr_line' id='line_1_33' title="bbox 2132 1742 3186 1813; baseline 0.006 -18"><span class='ocrx_word' id='word_1_210' title='bbox 2132 1742 2458 1810; x_wconf 88' lang='lat' dir='ltr'><strong>sarcinator,</strong></span> <span class='ocrx_word' id='word_1_211' title='bbox 2493 1746 2618 1813; x_wconf 84' lang='lat' dir='ltr'><strong>quis</strong></span> <span class='ocrx_word' id='word_1_212' title='bbox 2650 1756 2738 1796; x_wconf 88' lang='lat' dir='ltr'><strong>me</strong></span> <span class='ocrx_word' id='word_1_213' title='bbox 2763 1743 2993 1800; x_wconf 86' lang='lat' dir='ltr'><strong>doceat?</strong></span> <span class='ocrx_word' id='word_1_214' title='bbox 3018 1744 3186 1801; x_wconf 56' lang='grc' dir='ltr'><strong>αλιι..</strong></span> 
     </span>
    </p>
   </div>
   <div class='ocr_carea' id='block_1_34' title="bbox 831 1922 3312 2002">
    <p class='ocr_par' dir='ltr' id='par_1_34' title="bbox 831 1922 3312 2002">
     <span class='ocr_line' id='line_1_34' title="bbox 831 1922 3312 2002; baseline 0 -16"><span class='ocrx_word' id='word_1_215' title='bbox 831 1926 898 1986; x_wconf 91' lang='lat' dir='ltr'><strong>S.</strong></span> <span class='ocrx_word' id='word_1_216' title='bbox 930 1924 1218 2001; x_wconf 78' lang='lat' dir='ltr'><strong>Dionysii</strong></span> <span class='ocrx_word' id='word_1_217' title='bbox 1245 1923 1587 2002; x_wconf 71' lang='lat' dir='ltr'><strong>Emegetica</strong></span> <span class='ocrx_word' id='word_1_218' title='bbox 1616 1923 1683 1983; x_wconf 84' lang='lat' dir='ltr'><strong>in</strong></span> <span class='ocrx_word' id='word_1_219' title='bbox 1708 1942 1951 1985; x_wconf 84' lang='lat' dir='ltr'><strong>sacram</strong></span> <span class='ocrx_word' id='word_1_220' title='bbox 1979 1924 2377 2002; x_wconf 85' lang='lat' dir='ltr'><strong>Scripturam</strong></span> <span class='ocrx_word' id='word_1_221' title='bbox 2406 1923 2546 1985; x_wconf 78' lang='lat' dir='ltr'><strong>vide</strong></span> <span class='ocrx_word' id='word_1_222' title='bbox 2580 1922 2663 1984; x_wconf 88' lang='lat' dir='ltr'><strong>ad</strong></span> <span class='ocrx_word' id='word_1_223' title='bbox 2705 1922 2931 1987; x_wconf 84' lang='lat' dir='ltr'><strong>calcem</strong></span> <span class='ocrx_word' id='word_1_224' title='bbox 2960 1922 3312 1986; x_wconf 76' lang='lat' dir='ltr'><strong>voluminis.</strong></span> 
     </span>
    </p>
   </div>
   <div class='ocr_carea' id='block_1_35' title="bbox 459 2079 3672 2123">
    <p class='ocr_par' dir='ltr' id='par_1_35' title="bbox 459 2079 3669 2123">
     <span class='ocr_line' id='line_1_35' title="bbox 459 2079 3669 2123; baseline -0.001 -1"><span class='ocrx_word' id='word_1_225' title='bbox 459 2079 3669 2123; x_wconf 66' lang='lat' dir='ltr'><strong>IEEEEEEEEE2EEEEEEEEEEEEEEEEEEEEEEEEEEEEE5EEEEEEEEEE2EEEEEEE2EEEEEEEEEEEEEEEEEEEEEEEEEEEEEI</strong></span> 
     </span>
    </p>
   </div>
   <div class='ocr_carea' id='block_1_36' title="bbox 1712 2214 2419 2281">
    <p class='ocr_par' dir='ltr' id='par_1_36' title="bbox 1712 2214 2419 2281">
     <span class='ocr_line' id='line_1_36' title="bbox 1712 2214 2419 2281; baseline -0.001 -2"><span class='ocrx_word' id='word_1_226' title='bbox 1712 2236 1885 2281; x_wconf 76' lang='lat' dir='ltr'><strong>ANNO</strong></span> <span class='ocrx_word' id='word_1_227' title='bbox 1924 2233 2148 2280; x_wconf 82' lang='lat' dir='ltr'><strong>DOMINI</strong></span> <span class='ocrx_word' id='word_1_228' title='bbox 2188 2214 2419 2278; x_wconf 69' lang='lat' dir='ltr'><strong>CCLXX?</strong></span> 
     </span>
    </p>
   </div>
   <div class='ocr_carea' id='block_1_37' title="bbox 1141 2380 3004 2635">
    <p class='ocr_par' dir='ltr' id='par_1_37' title="bbox 1141 2380 3004 2635">
     <span class='ocr_line' id='line_1_37' title="bbox 1141 2380 3004 2635; baseline -0.003 -92"><span class='ocrx_word' id='word_1_229' title='bbox 1141 2382 2109 2635; x_wconf 60' lang='lat' dir='ltr'><strong>MACARIU§</strong></span> <span class='ocrx_word' id='word_1_230' title='bbox 2230 2380 2769 2539; x_wconf 84' lang='lat' dir='ltr'><strong>MAGN</strong></span> <span class='ocrx_word' id='word_1_231' title='bbox 2777 2381 3004 2537; x_wconf 89' lang='lat' dir='ltr'>ES</span> 
     </span>
    </p>
   </div>
   <div class='ocr_carea' id='block_1_38' title="bbox 894 2673 3251 2822">
    <p class='ocr_par' dir='ltr' id='par_1_38' title="bbox 894 2673 3251 2822">
     <span class='ocr_line' id='line_1_38' title="bbox 894 2673 3251 2822; baseline -0.005 -2"><span class='ocrx_word' id='word_1_232' title='bbox 894 2673 1688 2822; x_wconf 61' lang='lat' dir='ltr'><strong>DISSERTATIO</strong></span> <span class='ocrx_word' id='word_1_233' title='bbox 1758 2720 3251 2820; x_wconf 82' lang='lat' dir='ltr'><strong>HISTORICO-THEOLOGICA</strong></span> 
     </span>
    </p>
   </div>
   <div class='ocr_carea' id='block_1_39' title="bbox 1925 2905 2226 2966">
    <p class='ocr_par' dir='ltr' id='par_1_39' title="bbox 1925 2905 2226 2966">
     <span class='ocr_line' id='line_1_39' title="bbox 1925 2905 2226 2966; baseline -0.003 0"><span class='ocrx_word' id='word_1_234' title='bbox 1925 2905 2226 2966; x_wconf 86' lang='lat' dir='ltr'><strong>DUPLEX</strong></span> 
     </span>
    </p>
   </div>
   <div class='ocr_carea' id='block_1_40' title="bbox 458 3039 2049 3123">
    <p class='ocr_par' dir='ltr' id='par_1_40' title="bbox 458 3041 2049 3123">
     <span class='ocr_line' id='line_1_40' title="bbox 458 3041 2049 3123; baseline 0.002 -27"><span class='ocrx_word' id='word_1_235' title='bbox 458 3041 714 3123; x_wconf 69' lang='lat' dir='ltr'><strong>Exhibeas</strong></span> <span class='ocrx_word' id='word_1_236' title='bbox 752 3046 992 3123; x_wconf 77' lang='lat' dir='ltr'><strong>notitiam</strong></span> <span class='ocrx_word' id='word_1_237' title='bbox 1044 3057 1093 3101; x_wconf 89' lang='lat' dir='ltr'><strong>et</strong></span> <span class='ocrx_word' id='word_1_238' title='bbox 1118 3047 1520 3123; x_wconf 59' lang='lat' dir='ltr'><strong>psaloyotipeva</strong></span> <span class='ocrx_word' id='word_1_239' title='bbox 1561 3048 1791 3103; x_wconf 82' lang='lat' dir='ltr'><strong>Macarii</strong></span> <span class='ocrx_word' id='word_1_240' title='bbox 1833 3048 2049 3123; x_wconf 54' lang='lat' dir='ltr'><strong>Diogneti</strong></span> 
     </span>
    </p>
   </div>
   <div class='ocr_carea' id='block_1_41' title="bbox 2129 3039 3699 3123">
    <p class='ocr_par' dir='ltr' id='par_1_41' title="bbox 2129 3039 3699 3123">
     <span class='ocr_line' id='line_1_41' title="bbox 2129 3039 3699 3123; baseline -0.009 -23"><span class='ocrx_word' id='word_1_241' title='bbox 2129 3063 2190 3123; x_wconf 59' lang='lat' dir='ltr'><strong>ea</strong></span> <span class='ocrx_word' id='word_1_242' title='bbox 2228 3046 2531 3123; x_wconf 63' lang='lat' dir='ltr'><strong>fragmentis</strong></span> <span class='ocrx_word' id='word_1_243' title='bbox 2580 3046 2827 3123; x_wconf 75' lang='lat' dir='ltr'><strong>hactenus</strong></span> <span class='ocrx_word' id='word_1_244' title='bbox 2878 3042 3133 3123; x_wconf 61' lang='lat' dir='ltr'><strong>deperditi</strong></span> <span class='ocrx_word' id='word_1_245' title='bbox 3168 3039 3343 3123; x_wconf 69' lang='lat' dir='ltr'><strong>operis</strong></span> 
     </span>
    </p>
   </div>
   <div class='ocr_carea' id='block_1_42' title="bbox 525 3108 3692 3190">
    <p class='ocr_par' dir='ltr' id='par_1_42' title="bbox 525 3108 3692 3190">
     <span class='ocr_line' id='line_1_42' title="bbox 525 3108 3692 3190; baseline -0.001 -25"><span class='ocrx_word' id='word_1_246' title='bbox 525 3114 657 3178; x_wconf 86' lang='grc' dir='ltr'>κῶν,</span> <span class='ocrx_word' id='word_1_247' title='bbox 697 3130 791 3185; x_wconf 86' lang='lat' dir='ltr'><strong>pro</strong></span> <span class='ocrx_word' id='word_1_248' title='bbox 827 3117 1074 3190; x_wconf 78' lang='lat' dir='ltr'><strong>religione</strong></span> <span class='ocrx_word' id='word_1_249' title='bbox 1105 3108 1403 3190; x_wconf 71' lang='lat' dir='ltr'><strong>Christiana</strong></span> <span class='ocrx_word' id='word_1_250' title='bbox 1442 3122 1689 3173; x_wconf 81' lang='lat' dir='ltr'><strong>adversus</strong></span> <span class='ocrx_word' id='word_1_251' title='bbox 1724 3108 1944 3190; x_wconf 65' lang='lat' dir='ltr'><strong>gentiles</strong></span> <span class='ocrx_word' id='word_1_252' title='bbox 1958 3108 2632 3190; x_wconf 6' lang='lat' dir='ltr'><strong>_cons_cript&#39;i,g‘(flrprompta,</strong></span> <span class='ocrx_word' id='word_1_253' title='bbox 2672 3125 2720 3170; x_wconf 86' lang='lat' dir='ltr'><strong>et</strong></span> <span class='ocrx_word' id='word_1_254' title='bbox 2751 3115 2823 3169; x_wconf 89' lang='lat' dir='ltr'><strong>ad</strong></span> <span class='ocrx_word' id='word_1_255' title='bbox 2856 3108 3121 3168; x_wconf 78' lang='lat' dir='ltr'><strong>meliorem</strong></span> <span class='ocrx_word' id='word_1_256' title='bbox 3161 3108 3573 3181; x_wconf 75' lang='lat' dir='ltr'><strong>intelligentiam</strong></span> <span class='ocrx_word' id='word_1_257' title='bbox 3612 3108 3692 3161; x_wconf 78' lang='lat' dir='ltr'><strong>ad-</strong></span> 
     </span>
    </p>
   </div>
   <div class='ocr_carea' id='block_1_43' title="bbox 526 3187 2562 3259">
    <p class='ocr_par' dir='ltr' id='par_1_43' title="bbox 526 3187 2562 3259">
     <span class='ocr_line' id='line_1_43' title="bbox 526 3187 2562 3259; baseline 0.001 -23"><span class='ocrx_word' id='word_1_258' title='bbox 526 3198 683 3238; x_wconf 75' lang='lat' dir='ltr'><strong>versa:</strong></span> <span class='ocrx_word' id='word_1_259' title='bbox 716 3189 883 3241; x_wconf 77' lang='lat' dir='ltr'><strong>oartis</strong></span> <span class='ocrx_word' id='word_1_260' title='bbox 920 3187 1167 3259; x_wconf 76' lang='lat' dir='ltr'><strong>perpetuo</strong></span> <span class='ocrx_word' id='word_1_261' title='bbox 1206 3189 1564 3258; x_wconf 86' lang='lat' dir='ltr'><strong>parallelismo</strong></span> <span class='ocrx_word' id='word_1_262' title='bbox 1601 3187 1912 3258; x_wconf 71' lang='lat' dir='ltr'><strong>scriptorum</strong></span> <span class='ocrx_word' id='word_1_263' title='bbox 1948 3188 2230 3256; x_wconf 83' lang='lat' dir='ltr'><strong>Porphyrii</strong></span> <span class='ocrx_word' id='word_1_264' title='bbox 2268 3187 2562 3247; x_wconf 83' lang='lat' dir='ltr'><strong>illustrata,</strong></span> 
     </span>
    </p>
   </div>
   <div class='ocr_carea' id='block_1_44' title="bbox 1959 3326 2193 3367">
    <p class='ocr_par' dir='ltr' id='par_1_44' title="bbox 1959 3326 2193 3367">
     <span class='ocr_line' id='line_1_44' title="bbox 1959 3326 2193 3367; baseline -0.009 0"><span class='ocrx_word' id='word_1_265' title='bbox 1959 3326 2193 3367; x_wconf 77' lang='lat' dir='ltr'><strong>AUCTORE</strong></span> 
     </span>
    </p>
   </div>
   <div class='ocr_carea' id='block_1_45' title="bbox 892 3434 3261 3504">
    <p class='ocr_par' dir='ltr' id='par_1_45' title="bbox 892 3434 3261 3504">
     <span class='ocr_line' id='line_1_45' title="bbox 892 3434 3261 3504; baseline -0.004 -2"><span class='ocrx_word' id='word_1_266' title='bbox 892 3440 1156 3504; x_wconf 85' lang='lat' dir='ltr'><strong>MAGNO</strong></span> <span class='ocrx_word' id='word_1_267' title='bbox 1201 3439 1472 3500; x_wconf 84' lang='lat' dir='ltr'><strong>CRUSIO</strong></span> <span class='ocrx_word' id='word_1_268' title='bbox 1516 3439 1621 3500; x_wconf 93' lang='lat' dir='ltr'><strong>SS.</strong></span> <span class='ocrx_word' id='word_1_269' title='bbox 1672 3439 2115 3500; x_wconf 66' lang='lat' dir='ltr'><strong>THEOLOGIE</strong></span> <span class='ocrx_word' id='word_1_270' title='bbox 2165 3437 2650 3498; x_wconf 81' lang='lat' dir='ltr'><strong>PROFESSORE</strong></span> <span class='ocrx_word' id='word_1_271' title='bbox 2691 3436 2909 3496; x_wconf 89' lang='lat' dir='ltr'><strong>PUBL.</strong></span> <span class='ocrx_word' id='word_1_272' title='bbox 2954 3437 3050 3497; x_wconf 86' lang='lat' dir='ltr'><strong>ET</strong></span> <span class='ocrx_word' id='word_1_273' title='bbox 3086 3434 3261 3494; x_wconf 83' lang='lat' dir='ltr'><strong>0RD.</strong></span> 
     </span>
    </p>
   </div>
   <div class='ocr_carea' id='block_1_46' title="bbox 1334 3559 2821 3631">
    <p class='ocr_par' dir='ltr' id='par_1_46' title="bbox 1334 3559 2821 3631">
     <span class='ocr_line' id='line_1_46' title="bbox 1334 3559 2821 3631; baseline -0.004 -14"><span class='ocrx_word' id='word_1_274' title='bbox 1334 3564 1607 3631; x_wconf 64' lang='lat' dir='ltr'><strong>(Gottinga</strong></span> <span class='ocrx_word' id='word_1_275' title='bbox 1631 3562 1953 3613; x_wconf 62' lang='lat'><strong>1757—1745.</strong></span> <span class='ocrx_word' id='word_1_276' title='bbox 1982 3589 2044 3600; x_wconf 89' lang='lat'><strong>—-</strong></span> <span class='ocrx_word' id='word_1_277' title='bbox 2069 3559 2142 3611; x_wconf 82' lang='lat' dir='ltr'><strong>Ex</strong></span> <span class='ocrx_word' id='word_1_278' title='bbox 2162 3559 2464 3612; x_wconf 81' lang='lat' dir='ltr'><strong>bibliotheca</strong></span> <span class='ocrx_word' id='word_1_279' title='bbox 2497 3561 2821 3618; x_wconf 77' lang='lat' dir='ltr'><strong>Monacensi.)</strong></span> 
     </span>
    </p>
   </div>
   <div class='ocr_carea' id='block_1_47' title="bbox 2052 3736 2122 3751">
    <p class='ocr_par' dir='ltr' id='par_1_47' title="bbox 2052 3736 2122 3751">
     <span class='ocr_line' id='line_1_47' title="bbox 2052 3736 2122 3751; baseline 0 -5"><span class='ocrx_word' id='word_1_280' title='bbox 2052 3736 2122 3751; x_wconf 69' lang='lat'><strong>,—</strong></span> 
     </span>
    </p>
   </div>
   <div class='ocr_carea' id='block_1_48' title="bbox 1590 3876 2551 3987">
    <p class='ocr_par' dir='ltr' id='par_1_48' title="bbox 1590 3876 2551 3987">
     <span class='ocr_line' id='line_1_48' title="bbox 1590 3876 2551 3987; baseline 0.002 -23"><span class='ocrx_word' id='word_1_281' title='bbox 1590 3876 2388 3969; x_wconf 81' lang='lat' dir='ltr'><strong>DISSERTATIO</strong></span> <span class='ocrx_word' id='word_1_282' title='bbox 2482 3881 2551 3987; x_wconf 90' lang='lat' dir='ltr'><strong>l,</strong></span> 
     </span>
    </p>
   </div>
   <div class='ocr_carea' id='block_1_49' title="bbox 898 4066 3281 4143">
    <p class='ocr_par' dir='ltr' id='par_1_49' title="bbox 898 4066 3281 4143">
     <span class='ocr_line' id='line_1_49' title="bbox 898 4066 3281 4143; baseline -0 -16"><span class='ocrx_word' id='word_1_283' title='bbox 898 4072 1177 4130; x_wconf 82' lang='lat' dir='ltr'><strong>Exhibens</strong></span> <span class='ocrx_word' id='word_1_284' title='bbox 1211 4072 1461 4128; x_wconf 88' lang='lat' dir='ltr'><strong>notitiam</strong></span> <span class='ocrx_word' id='word_1_285' title='bbox 1489 4067 2039 4127; x_wconf 85' lang='lat' dir='ltr'><strong>historico—criticam</strong></span> <span class='ocrx_word' id='word_1_286' title='bbox 2062 4066 2130 4123; x_wconf 89' lang='lat' dir='ltr'><strong>de</strong></span> <span class='ocrx_word' id='word_1_287' title='bbox 2154 4067 2265 4123; x_wconf 84' lang='lat' dir='ltr'><strong>vita</strong></span> <span class='ocrx_word' id='word_1_288' title='bbox 2294 4074 2348 4122; x_wconf 89' lang='lat' dir='ltr'><strong>et</strong></span> <span class='ocrx_word' id='word_1_289' title='bbox 2384 4067 2607 4138; x_wconf 85' lang='lat' dir='ltr'><strong>scriptis</strong></span> <span class='ocrx_word' id='word_1_290' title='bbox 2640 4068 2863 4124; x_wconf 87' lang='lat' dir='ltr'><strong>Macarii</strong></span> <span class='ocrx_word' id='word_1_291' title='bbox 2892 4068 3154 4142; x_wconf 79' lang='lat' dir='ltr'><strong>Magnetis</strong></span> <span class='ocrx_word' id='word_1_292' title='bbox 3179 4070 3281 4143; x_wconf 79' lang='lat' dir='ltr'><strong>(i).</strong></span> 
     </span>
    </p>
   </div>
   <div class='ocr_carea' id='block_1_50' title="bbox 626 4373 1841 4450">
    <p class='ocr_par' dir='ltr' id='par_1_50' title="bbox 626 4373 1841 4450">
     <span class='ocr_line' id='line_1_50' title="bbox 626 4373 1841 4450; baseline 0.001 -22"><span class='ocrx_word' id='word_1_293' title='bbox 626 4375 654 4450; x_wconf 60' lang='grc' dir='ltr'>ᾗ</span> <span class='ocrx_word' id='word_1_294' title='bbox 688 4373 729 4431; x_wconf 89' lang='grc' dir='ltr'><strong>ι.</strong></span> <span class='ocrx_word' id='word_1_295' title='bbox 768 4377 1079 4446; x_wconf 78' lang='lat' dir='ltr'><strong>Argumenti</strong></span> <span class='ocrx_word' id='word_1_296' title='bbox 1108 4377 1315 4431; x_wconf 88' lang='lat' dir='ltr'><strong>occasio</strong></span> <span class='ocrx_word' id='word_1_297' title='bbox 1347 4384 1396 4430; x_wconf 87' lang='lat' dir='ltr'><strong>et</strong></span> <span class='ocrx_word' id='word_1_298' title='bbox 1426 4376 1657 4429; x_wconf 84' lang='lat' dir='ltr'><strong>instituti</strong></span> <span class='ocrx_word' id='word_1_299' title='bbox 1683 4377 1841 4430; x_wconf 88' lang='lat' dir='ltr'><strong>ratio.</strong></span> 
     </span>
    </p>
   </div>
   <div class='ocr_carea' id='block_1_51' title="bbox 512 4465 2023 4537">
    <p class='ocr_par' dir='ltr' id='par_1_51' title="bbox 512 4465 2023 4537">
     <span class='ocr_line' id='line_1_51' title="bbox 512 4465 2023 4537; baseline 0.002 -18"><span class='ocrx_word' id='word_1_300' title='bbox 512 4465 656 4522; x_wconf 85' lang='lat' dir='ltr'><strong>Inter</strong></span> <span class='ocrx_word' id='word_1_301' title='bbox 709 4467 1091 4537; x_wconf 89' lang='lat' dir='ltr'><strong>antiquissima</strong></span> <span class='ocrx_word' id='word_1_302' title='bbox 1145 4468 1398 4522; x_wconf 76' lang='lat' dir='ltr'><strong>Ecclesia:</strong></span> <span class='ocrx_word' id='word_1_303' title='bbox 1448 4468 1772 4523; x_wconf 81' lang='lat' dir='ltr'><strong>Christianae</strong></span> <span class='ocrx_word' id='word_1_304' title='bbox 1826 4482 2023 4522; x_wconf 88' lang='lat' dir='ltr'><strong>monu-</strong></span> 
     </span>
    </p>
   </div>
   <div class='ocr_carea' id='block_1_52' title="bbox 441 4560 2021 4631">
    <p class='ocr_par' dir='ltr' id='par_1_52' title="bbox 441 4560 2021 4631">
     <span class='ocr_line' id='line_1_52' title="bbox 441 4560 2021 4631; baseline 0.003 -18"><span class='ocrx_word' id='word_1_305' title='bbox 441 4569 644 4622; x_wconf 87' lang='lat' dir='ltr'><strong>menta,</strong></span> <span class='ocrx_word' id='word_1_306' title='bbox 663 4575 897 4629; x_wconf 88' lang='lat' dir='ltr'><strong>quorum</strong></span> <span class='ocrx_word' id='word_1_307' title='bbox 921 4560 1236 4614; x_wconf 85' lang='lat' dir='ltr'><strong>memoriam</strong></span> <span class='ocrx_word' id='word_1_308' title='bbox 1252 4562 1333 4614; x_wconf 84' lang='lat' dir='ltr'><strong>vel</strong></span> <span class='ocrx_word' id='word_1_309' title='bbox 1357 4561 1473 4630; x_wconf 89' lang='lat' dir='ltr'><strong>ipsa</strong></span> <span class='ocrx_word' id='word_1_310' title='bbox 1495 4561 1785 4615; x_wconf 84' lang='lat' dir='ltr'><strong>vetustatis</strong></span> <span class='ocrx_word' id='word_1_311' title='bbox 1800 4562 2021 4631; x_wconf 89' lang='lat' dir='ltr'><strong>injuria,</strong></span> 
     </span>
    </p>
   </div>
   <div class='ocr_carea' id='block_1_53' title="bbox 439 4648 2024 4720">
    <p class='ocr_par' dir='ltr' id='par_1_53' title="bbox 439 4648 2024 4720">
     <span class='ocr_line' id='line_1_53' title="bbox 439 4648 2024 4720; baseline 0.002 -17"><span class='ocrx_word' id='word_1_312' title='bbox 439 4650 520 4703; x_wconf 90' lang='lat' dir='ltr'><strong>vel</strong></span> <span class='ocrx_word' id='word_1_313' title='bbox 564 4648 902 4704; x_wconf 86' lang='lat' dir='ltr'><strong>infensorum</strong></span> <span class='ocrx_word' id='word_1_314' title='bbox 935 4648 1190 4705; x_wconf 68' lang='lat' dir='ltr'><strong>Ecclesia:</strong></span> <span class='ocrx_word' id='word_1_315' title='bbox 1220 4650 1458 4704; x_wconf 89' lang='lat' dir='ltr'><strong>hostium</strong></span> <span class='ocrx_word' id='word_1_316' title='bbox 1490 4649 1692 4704; x_wconf 83' lang='lat' dir='ltr'><strong>invidia</strong></span> <span class='ocrx_word' id='word_1_317' title='bbox 1714 4658 1877 4720; x_wconf 90' lang='lat' dir='ltr'><strong>atque</strong></span> <span class='ocrx_word' id='word_1_318' title='bbox 1908 4668 2024 4707; x_wconf 89' lang='lat' dir='ltr'><strong>ma-</strong></span> 
     </span>
    </p>
   </div>
   <div class='ocr_carea' id='block_1_54' title="bbox 440 4741 2022 4812">
    <p class='ocr_par' dir='ltr' id='par_1_54' title="bbox 440 4741 2022 4812">
     <span class='ocr_line' id='line_1_54' title="bbox 440 4741 2022 4812; baseline 0.004 -19"><span class='ocrx_word' id='word_1_319' title='bbox 440 4741 555 4795; x_wconf 89' lang='lat' dir='ltr'><strong>litia</strong></span> <span class='ocrx_word' id='word_1_320' title='bbox 586 4742 907 4797; x_wconf 90' lang='lat' dir='ltr'><strong>obliterasse</strong></span> <span class='ocrx_word' id='word_1_321' title='bbox 928 4743 1162 4805; x_wconf 88' lang='lat' dir='ltr'><strong>videtur,</strong></span> <span class='ocrx_word' id='word_1_322' title='bbox 1190 4757 1290 4797; x_wconf 90' lang='lat' dir='ltr'><strong>suo</strong></span> <span class='ocrx_word' id='word_1_323' title='bbox 1317 4743 1516 4812; x_wconf 84' lang='lat' dir='ltr'><strong>pariter</strong></span> <span class='ocrx_word' id='word_1_324' title='bbox 1534 4743 1659 4812; x_wconf 89' lang='lat' dir='ltr'><strong>jure</strong></span> <span class='ocrx_word' id='word_1_325' title='bbox 1680 4743 1763 4798; x_wconf 83' lang='lat' dir='ltr'><strong>vel</strong></span> <span class='ocrx_word' id='word_1_326' title='bbox 1785 4744 2022 4800; x_wconf 83' lang='lat' dir='ltr'><strong>maxime</strong></span> 
     </span>
    </p>
   </div>
   <div class='ocr_carea' id='block_1_55' title="bbox 439 4835 2024 4906">
    <p class='ocr_par' dir='ltr' id='par_1_55' title="bbox 439 4835 2024 4906">
     <span class='ocr_line' id='line_1_55' title="bbox 439 4835 2024 4906; baseline 0.004 -20"><span class='ocrx_word' id='word_1_327' title='bbox 439 4835 709 4888; x_wconf 89' lang='lat' dir='ltr'><strong>censenda</strong></span> <span class='ocrx_word' id='word_1_328' title='bbox 751 4842 879 4889; x_wconf 91' lang='lat' dir='ltr'><strong>sunt</strong></span> <span class='ocrx_word' id='word_1_329' title='bbox 921 4836 1176 4904; x_wconf 88' lang='lat' dir='ltr'><strong>pauciora</strong></span> <span class='ocrx_word' id='word_1_330' title='bbox 1225 4838 1467 4905; x_wconf 87' lang='lat' dir='ltr'><strong>quidem,</strong></span> <span class='ocrx_word' id='word_1_331' title='bbox 1505 4836 1599 4891; x_wconf 88' lang='lat' dir='ltr'><strong>sed</strong></span> <span class='ocrx_word' id='word_1_332' title='bbox 1644 4837 1804 4906; x_wconf 84' lang='lat' dir='ltr'><strong>longe</strong></span> <span class='ocrx_word' id='word_1_333' title='bbox 1854 4837 2024 4893; x_wconf 88' lang='lat' dir='ltr'><strong>raris-</strong></span> 
     </span>
    </p>
   </div>
   <div class='ocr_carea' id='block_1_56' title="bbox 440 4926 2018 4999">
    <p class='ocr_par' dir='ltr' id='par_1_56' title="bbox 440 4926 2018 4999">
     <span class='ocr_line' id='line_1_56' title="bbox 440 4926 2018 4999; baseline 0.004 -21"><span class='ocrx_word' id='word_1_334' title='bbox 440 4926 578 4979; x_wconf 89' lang='lat' dir='ltr'><strong>sima</strong></span> <span class='ocrx_word' id='word_1_335' title='bbox 632 4926 855 4982; x_wconf 84' lang='lat' dir='ltr'><strong>Macarii</strong></span> <span class='ocrx_word' id='word_1_336' title='bbox 903 4926 1164 4995; x_wconf 71' lang='lat' dir='ltr'><strong>Magnetis</strong></span> <span class='ocrx_word' id='word_1_337' title='bbox 1216 4928 1515 4999; x_wconf 80' lang='lat' dir='ltr'><strong>fragmenta</strong></span> <span class='ocrx_word' id='word_1_338' title='bbox 1548 4944 1616 4983; x_wconf 82' lang='lat' dir='ltr'><strong>ex</strong></span> <span class='ocrx_word' id='word_1_339' title='bbox 1665 4929 1838 4997; x_wconf 90' lang='lat' dir='ltr'><strong>ipsius</strong></span> <span class='ocrx_word' id='word_1_340' title='bbox 1866 4929 2018 4985; x_wconf 89' lang='lat' dir='ltr'><strong>libris</strong></span> 
     </span>
    </p>
   </div>
   <div class='ocr_carea' id='block_1_57' title="bbox 448 5016 2017 5090">
    <p class='ocr_par' dir='ltr' id='par_1_57' title="bbox 448 5016 2017 5090">
     <span class='ocr_line' id='line_1_57' title="bbox 448 5016 2017 5090; baseline 0.004 -21"><span class='ocrx_word' id='word_1_341' title='bbox 448 5016 844 5089; x_wconf 83' lang='grc' dir='ltr'>Ἀποκριτικῶν</span> <span class='ocrx_word' id='word_1_342' title='bbox 869 5018 934 5073; x_wconf 89' lang='lat' dir='ltr'><strong>ad</strong></span> <span class='ocrx_word' id='word_1_343' title='bbox 959 5019 1356 5075; x_wconf 90' lang='lat' dir='ltr'><strong>Theosthenem</strong></span> <span class='ocrx_word' id='word_1_344' title='bbox 1380 5030 1569 5074; x_wconf 88' lang='lat' dir='ltr'><strong>contra</strong></span> <span class='ocrx_word' id='word_1_345' title='bbox 1594 5022 1818 5090; x_wconf 77' lang='lat' dir='ltr'><strong>gentiles</strong></span> <span class='ocrx_word' id='word_1_346' title='bbox 1838 5020 2017 5076; x_wconf 84' lang='lat' dir='ltr'><strong>Evan-</strong></span> 
     </span>
    </p>
   </div>
   <div class='ocr_carea' id='block_1_58' title="bbox 439 5112 2015 5183">
    <p class='ocr_par' dir='ltr' id='par_1_58' title="bbox 439 5112 2015 5183">
     <span class='ocr_line' id='line_1_58' title="bbox 439 5112 2015 5183; baseline 0.003 -19"><span class='ocrx_word' id='word_1_347' title='bbox 439 5112 575 5181; x_wconf 84' lang='lat' dir='ltr'><strong>gelia</strong></span> <span class='ocrx_word' id='word_1_348' title='bbox 615 5112 1012 5166; x_wconf 89' lang='lat' dir='ltr'><strong>calumniantes</strong></span> <span class='ocrx_word' id='word_1_349' title='bbox 1058 5122 1277 5181; x_wconf 80' lang='lat' dir='ltr'><strong>excepta</strong></span> <span class='ocrx_word' id='word_1_350' title='bbox 1318 5112 1414 5183; x_wconf 72' lang='lat'><strong>(2).</strong></span> <span class='ocrx_word' id='word_1_351' title='bbox 1468 5113 1759 5167; x_wconf 81' lang='lat' dir='ltr'><strong>Auctorem</strong></span> <span class='ocrx_word' id='word_1_352' title='bbox 1793 5114 2015 5169; x_wconf 89' lang='lat' dir='ltr'><strong>nomino</strong></span> 
     </span>
    </p>
   </div>
   <div class='ocr_carea' id='block_1_59' title="bbox 437 5203 2016 5273">
    <p class='ocr_par' dir='ltr' id='par_1_59' title="bbox 437 5203 2016 5273">
     <span class='ocr_line' id='line_1_59' title="bbox 437 5203 2016 5273; baseline 0.002 -15"><span class='ocrx_word' id='word_1_353' title='bbox 437 5203 491 5258; x_wconf 90' lang='lat' dir='ltr'><strong>in</strong></span> <span class='ocrx_word' id='word_1_354' title='bbox 523 5215 629 5258; x_wconf 91' lang='lat' dir='ltr'><strong>tam</strong></span> <span class='ocrx_word' id='word_1_355' title='bbox 662 5214 816 5258; x_wconf 89' lang='lat' dir='ltr'><strong>vasto</strong></span> <span class='ocrx_word' id='word_1_356' title='bbox 844 5204 1086 5258; x_wconf 68' lang='lat' dir='ltr'><strong>historia:</strong></span> <span class='ocrx_word' id='word_1_357' title='bbox 1108 5205 1491 5260; x_wconf 63' lang='lat' dir='ltr'><strong>ecclesiasticae</strong></span> <span class='ocrx_word' id='word_1_358' title='bbox 1522 5214 1687 5273; x_wconf 89' lang='lat' dir='ltr'><strong>atque</strong></span> <span class='ocrx_word' id='word_1_359' title='bbox 1741 5206 2016 5261; x_wconf 70' lang='lat' dir='ltr'><strong>litterariae</strong></span> 
     </span>
    </p>
   </div>
   <div class='ocr_carea' id='block_1_60' title="bbox 438 5293 2011 5367">
    <p class='ocr_par' dir='ltr' id='par_1_60' title="bbox 438 5293 2011 5367">
     <span class='ocr_line' id='line_1_60' title="bbox 438 5293 2011 5367; baseline 0.002 -19"><span class='ocrx_word' id='word_1_360' title='bbox 438 5295 644 5349; x_wconf 88' lang='lat' dir='ltr'><strong>ambitu</strong></span> <span class='ocrx_word' id='word_1_361' title='bbox 676 5293 787 5349; x_wconf 84' lang='lat' dir='ltr'><strong>fere</strong></span> <span class='ocrx_word' id='word_1_362' title='bbox 816 5294 1152 5363; x_wconf 82' lang='lat' dir='ltr'><strong>incognitum</strong></span> <span class='ocrx_word' id='word_1_363' title='bbox 1187 5295 1389 5365; x_wconf 87' lang='lat' dir='ltr'><strong>diuque</strong></span> <span class='ocrx_word' id='word_1_364' title='bbox 1414 5296 1547 5351; x_wconf 89' lang='lat' dir='ltr'><strong>satis</strong></span> <span class='ocrx_word' id='word_1_365' title='bbox 1577 5296 1880 5366; x_wconf 82' lang='lat' dir='ltr'><strong>neglectum</strong></span> <span class='ocrx_word' id='word_1_366' title='bbox 1908 5297 2011 5367; x_wconf 80' lang='lat'><strong>(5);</strong></span> 
     </span>
    </p>
   </div>
   <div class='ocr_carea' id='block_1_61' title="bbox 509 5425 2013 5499">
    <p class='ocr_par' dir='ltr' id='par_1_61' title="bbox 509 5425 2013 5499">
     <span class='ocr_line' id='line_1_61' title="bbox 509 5425 2013 5499; baseline 0.004 -19"><span class='ocrx_word' id='word_1_367' title='bbox 509 5427 585 5499; x_wconf 86' lang='lat' dir='ltr'><strong>(l)</strong></span> <span class='ocrx_word' id='word_1_368' title='bbox 652 5428 736 5482; x_wconf 84' lang='lat' dir='ltr'><strong>Cf.</strong></span> <span class='ocrx_word' id='word_1_369' title='bbox 792 5427 965 5499; x_wconf 67' lang='lat' dir='ltr'><strong>Patr.</strong></span> <span class='ocrx_word' id='word_1_370' title='bbox 991 5427 1111 5481; x_wconf 84' lang='lat' dir='ltr'><strong>Lat.</strong></span> <span class='ocrx_word' id='word_1_371' title='bbox 1173 5438 1237 5499; x_wconf 73' lang='lat' dir='ltr'><strong>t.</strong></span> <span class='ocrx_word' id='word_1_372' title='bbox 1263 5425 1341 5493; x_wconf 82' lang='lat' dir='ltr'><strong>V,</strong></span> <span class='ocrx_word' id='word_1_373' title='bbox 1369 5430 1471 5483; x_wconf 88' lang='lat' dir='ltr'><strong>col.</strong></span> <span class='ocrx_word' id='word_1_374' title='bbox 1508 5431 1648 5491; x_wconf 65' lang='lat'><strong>543,</strong></span> <span class='ocrx_word' id='word_1_375' title='bbox 1680 5431 1768 5483; x_wconf 90' lang='lat' dir='ltr'><strong>ubi</strong></span> <span class='ocrx_word' id='word_1_376' title='bbox 1811 5431 1875 5484; x_wconf 88' lang='lat' dir='ltr'><strong>de</strong></span> <span class='ocrx_word' id='word_1_377' title='bbox 1911 5432 2013 5486; x_wconf 92' lang='lat' dir='ltr'><strong>hoc</strong></span> 
     </span>
    </p>
   </div>
   <div class='ocr_carea' id='block_1_62' title="bbox 438 5498 2007 5568">
    <p class='ocr_par' dir='ltr' id='par_1_62' title="bbox 438 5498 2007 5568">
     <span class='ocr_line' id='line_1_62' title="bbox 438 5498 2007 5568; baseline 0.003 -15"><span class='ocrx_word' id='word_1_378' title='bbox 438 5509 665 5553; x_wconf 78' lang='lat' dir='ltr'><strong>auctore</strong></span> <span class='ocrx_word' id='word_1_379' title='bbox 720 5513 893 5567; x_wconf 88' lang='lat' dir='ltr'><strong>pauca</strong></span> <span class='ocrx_word' id='word_1_380' title='bbox 948 5498 1060 5567; x_wconf 90' lang='lat' dir='ltr'><strong>jam</strong></span> <span class='ocrx_word' id='word_1_381' title='bbox 1093 5498 1394 5568; x_wconf 78' lang='lat' dir='ltr'><strong>attigimus,</strong></span> <span class='ocrx_word' id='word_1_382' title='bbox 1422 5500 1542 5553; x_wconf 90' lang='lat' dir='ltr'><strong>loco</strong></span> <span class='ocrx_word' id='word_1_383' title='bbox 1571 5509 1718 5553; x_wconf 84' lang='lat' dir='ltr'><strong>certe</strong></span> <span class='ocrx_word' id='word_1_384' title='bbox 1750 5517 1857 5554; x_wconf 88' lang='lat' dir='ltr'><strong>non</strong></span> <span class='ocrx_word' id='word_1_385' title='bbox 1887 5518 2007 5568; x_wconf 91' lang='lat' dir='ltr'><strong>suo,</strong></span> 
     </span>
    </p>
   </div>
   <div class='ocr_carea' id='block_1_63' title="bbox 440 5568 1762 5639">
    <p class='ocr_par' dir='ltr' id='par_1_63' title="bbox 440 5568 1762 5639">
     <span class='ocr_line' id='line_1_63' title="bbox 440 5568 1762 5639; baseline 0.001 -19"><span class='ocrx_word' id='word_1_386' title='bbox 440 5578 500 5621; x_wconf 91' lang='lat' dir='ltr'><strong>ut</strong></span> <span class='ocrx_word' id='word_1_387' title='bbox 548 5568 815 5639; x_wconf 80' lang='lat' dir='ltr'><strong>scriptore</strong></span> <span class='ocrx_word' id='word_1_388' title='bbox 860 5569 1045 5627; x_wconf 63' lang='lat' dir='ltr'><strong>Graece</strong></span> <span class='ocrx_word' id='word_1_389' title='bbox 1072 5569 1348 5639; x_wconf 86' lang='lat' dir='ltr'><strong>loquente.</strong></span> <span class='ocrx_word' id='word_1_390' title='bbox 1398 5568 1554 5623; x_wconf 80' lang='lat' dir='ltr'><strong>EDIT.</strong></span> <span class='ocrx_word' id='word_1_391' title='bbox 1592 5570 1762 5623; x_wconf 72' lang='lat' dir='ltr'><strong>Pun.</strong></span> 
     </span>
    </p>
   </div>
   <div class='ocr_carea' id='block_1_64' title="bbox 514 5637 2002 5708">
    <p class='ocr_par' dir='ltr' id='par_1_64' title="bbox 514 5637 2002 5708">
     <span class='ocr_line' id='line_1_64' title="bbox 514 5637 2002 5708; baseline 0.005 -19"><span class='ocrx_word' id='word_1_392' title='bbox 514 5638 591 5708; x_wconf 55' lang='grc' dir='ltr'><strong>(ζ)</strong></span> <span class='ocrx_word' id='word_1_393' title='bbox 623 5637 863 5702; x_wconf 83' lang='lat' dir='ltr'><strong>Quorum</strong></span> <span class='ocrx_word' id='word_1_394' title='bbox 895 5639 1097 5706; x_wconf 87' lang='lat' dir='ltr'><strong>primas</strong></span> <span class='ocrx_word' id='word_1_395' title='bbox 1123 5637 1341 5692; x_wconf 48' lang='lat' dir='ltr'><strong>“saltem</strong></span> <span class='ocrx_word' id='word_1_396' title='bbox 1378 5639 1549 5693; x_wconf 91' lang='lat' dir='ltr'><strong>lineas</strong></span> <span class='ocrx_word' id='word_1_397' title='bbox 1595 5656 1681 5693; x_wconf 84' lang='lat' dir='ltr'><strong>me</strong></span> <span class='ocrx_word' id='word_1_398' title='bbox 1729 5641 1839 5708; x_wconf 83' lang='lat' dir='ltr'><strong>jam</strong></span> <span class='ocrx_word' id='word_1_399' title='bbox 1888 5650 2002 5696; x_wconf 90' lang='lat' dir='ltr'><strong>tum</strong></span> 
     </span>
    </p>
   </div>
   <div class='ocr_carea' id='block_1_65' title="bbox 439 5706 2010 5777">
    <p class='ocr_par' dir='ltr' id='par_1_65' title="bbox 439 5706 2010 5777">
     <span class='ocr_line' id='line_1_65' title="bbox 439 5706 2010 5777; baseline 0.005 -19"><span class='ocrx_word' id='word_1_400' title='bbox 439 5706 932 5777; x_wconf 43' lang='lat' dir='ltr'><strong>duxissedmemini</strong></span> <span class='ocrx_word' id='word_1_401' title='bbox 990 5709 1042 5761; x_wconf 90' lang='lat' dir='ltr'><strong>in</strong></span> <span class='ocrx_word' id='word_1_402' title='bbox 1099 5708 1481 5763; x_wconf 84' lang='lat' dir='ltr'><strong>Dissertatione</strong></span> <span class='ocrx_word' id='word_1_403' title='bbox 1510 5706 1783 5777; x_wconf 77' lang='lat' dir='ltr'><strong>epistolica</strong></span> <span class='ocrx_word' id='word_1_404' title='bbox 1834 5710 1898 5762; x_wconf 86' lang='lat' dir='ltr'><strong>ad</strong></span> <span class='ocrx_word' id='word_1_405' title='bbox 1948 5711 2010 5766; x_wconf 90' lang='lat' dir='ltr'><strong>D.</strong></span> 
     </span>
    </p>
   </div>
   <div class='ocr_carea' id='block_1_66' title="bbox 439 5774 2008 5857">
    <p class='ocr_par' dir='ltr' id='par_1_66' title="bbox 439 5774 2008 5857">
     <span class='ocr_line' id='line_1_66' title="bbox 439 5774 2008 5857; baseline 0.001 -27"><span class='ocrx_word' id='word_1_406' title='bbox 439 5774 641 5831; x_wconf 86' lang='lat' dir='ltr'><strong>Christ.</strong></span> <span class='ocrx_word' id='word_1_407' title='bbox 668 5774 972 5833; x_wconf 85' lang='lat' dir='ltr'><strong>Wormium</strong></span> <span class='ocrx_word' id='word_1_408' title='bbox 1003 5779 1335 5857; x_wconf 36' lang='lat' dir='ltr'><strong>episcopum.</strong></span> <span class='ocrx_word' id='word_1_409' title='bbox 1361 5774 1682 5849; x_wconf 67' lang='lat' dir='ltr'><strong>Sialandim,</strong></span> <span class='ocrx_word' id='word_1_410' title='bbox 1731 5782 1783 5835; x_wconf 90' lang='lat' dir='ltr'><strong>in</strong></span> <span class='ocrx_word' id='word_1_411' title='bbox 1821 5780 2008 5853; x_wconf 71' lang='lat' dir='ltr'><strong>Danin,</strong></span> 
     </span>
    </p>
   </div>
   <div class='ocr_carea' id='block_1_67' title="bbox 2052 4376 3701 4449">
    <p class='ocr_par' dir='ltr' id='par_1_67' title="bbox 2052 4376 3701 4449">
     <span class='ocr_line' id='line_1_67' title="bbox 2052 4376 3701 4449; baseline 0.002 -19"><span class='ocrx_word' id='word_1_412' title='bbox 2052 4381 2092 4439; x_wconf 83' lang='grc' dir='ltr'><strong>Β</strong></span> <span class='ocrx_word' id='word_1_413' title='bbox 2122 4376 2279 4446; x_wconf 85' lang='lat' dir='ltr'><strong>cujus</strong></span> <span class='ocrx_word' id='word_1_414' title='bbox 2331 4384 2510 4430; x_wconf 90' lang='lat' dir='ltr'><strong>tamen</strong></span> <span class='ocrx_word' id='word_1_415' title='bbox 2567 4391 2764 4430; x_wconf 87' lang='lat' dir='ltr'><strong>nomen</strong></span> <span class='ocrx_word' id='word_1_416' title='bbox 2793 4415 2808 4440; x_wconf 98' lang='lat'><strong>,</strong></span> <span class='ocrx_word' id='word_1_417' title='bbox 2860 4377 3058 4446; x_wconf 90' lang='lat' dir='ltr'><strong>scripta</strong></span> <span class='ocrx_word' id='word_1_418' title='bbox 3085 4416 3100 4441; x_wconf 93' lang='lat'><strong>,</strong></span> <span class='ocrx_word' id='word_1_419' title='bbox 3144 4385 3199 4431; x_wconf 89' lang='lat' dir='ltr'><strong>et</strong></span> <span class='ocrx_word' id='word_1_420' title='bbox 3252 4378 3457 4433; x_wconf 86' lang='lat' dir='ltr'><strong>merita</strong></span> <span class='ocrx_word' id='word_1_421' title='bbox 3499 4379 3701 4449; x_wconf 76' lang='lat' dir='ltr'><strong>penitus</strong></span> 
     </span>
    </p>
   </div>
   <div class='ocr_carea' id='block_1_68' title="bbox 2124 4470 3695 4541">
    <p class='ocr_par' dir='ltr' id='par_1_68' title="bbox 2124 4470 3695 4541">
     <span class='ocr_line' id='line_1_68' title="bbox 2124 4470 3695 4541; baseline 0.001 -18"><span class='ocrx_word' id='word_1_422' title='bbox 2124 4485 2309 4532; x_wconf 87' lang='lat' dir='ltr'><strong>nosse,</strong></span> <span class='ocrx_word' id='word_1_423' title='bbox 2336 4470 2580 4523; x_wconf 89' lang='lat' dir='ltr'><strong>omnium</strong></span> <span class='ocrx_word' id='word_1_424' title='bbox 2613 4479 2761 4524; x_wconf 88' lang='lat' dir='ltr'><strong>certe</strong></span> <span class='ocrx_word' id='word_1_425' title='bbox 2801 4471 3170 4534; x_wconf 85' lang='lat' dir='ltr'><strong>eruditorum,</strong></span> <span class='ocrx_word' id='word_1_426' title='bbox 3205 4486 3268 4524; x_wconf 88' lang='lat' dir='ltr'><strong>ac</strong></span> <span class='ocrx_word' id='word_1_427' title='bbox 3298 4472 3578 4541; x_wconf 68' lang='lat' dir='ltr'><strong>praecipue</strong></span> <span class='ocrx_word' id='word_1_428' title='bbox 3609 4490 3695 4525; x_wconf 78' lang='lat' dir='ltr'><strong>eo-</strong></span> 
     </span>
    </p>
   </div>
   <div class='ocr_carea' id='block_1_69' title="bbox 2122 4560 3698 4631">
    <p class='ocr_par' dir='ltr' id='par_1_69' title="bbox 2122 4560 3698 4631">
     <span class='ocr_line' id='line_1_69' title="bbox 2122 4560 3698 4631; baseline 0 -16"><span class='ocrx_word' id='word_1_429' title='bbox 2122 4577 2266 4626; x_wconf 88' lang='lat' dir='ltr'><strong>rum,</strong></span> <span class='ocrx_word' id='word_1_430' title='bbox 2292 4561 2386 4630; x_wconf 91' lang='lat' dir='ltr'><strong>qui</strong></span> <span class='ocrx_word' id='word_1_431' title='bbox 2409 4560 2690 4616; x_wconf 87' lang='lat' dir='ltr'><strong>veritatem</strong></span> <span class='ocrx_word' id='word_1_432' title='bbox 2718 4561 2995 4631; x_wconf 84' lang='lat' dir='ltr'><strong>religionis</strong></span> <span class='ocrx_word' id='word_1_433' title='bbox 3012 4561 3344 4617; x_wconf 70' lang='lat' dir='ltr'><strong>Christianaa</strong></span> <span class='ocrx_word' id='word_1_434' title='bbox 3365 4573 3592 4618; x_wconf 86' lang='lat' dir='ltr'><strong>strenue</strong></span> <span class='ocrx_word' id='word_1_435' title='bbox 3614 4564 3698 4615; x_wconf 80' lang='lat' dir='ltr'><strong>de-</strong></span> 
     </span>
    </p>
   </div>
   <div class='ocr_carea' id='block_1_70' title="bbox 2122 4653 3696 4725">
    <p class='ocr_par' dir='ltr' id='par_1_70' title="bbox 2122 4653 3696 4725">
     <span class='ocr_line' id='line_1_70' title="bbox 2122 4653 3696 4725; baseline 0 -18"><span class='ocrx_word' id='word_1_436' title='bbox 2122 4653 2331 4709; x_wconf 82' lang='lat' dir='ltr'><strong>fensam</strong></span> <span class='ocrx_word' id='word_1_437' title='bbox 2364 4663 2567 4717; x_wconf 89' lang='lat' dir='ltr'><strong>amant,</strong></span> <span class='ocrx_word' id='word_1_438' title='bbox 2595 4668 2759 4724; x_wconf 88' lang='lat' dir='ltr'><strong>quam</strong></span> <span class='ocrx_word' id='word_1_439' title='bbox 2790 4653 3024 4707; x_wconf 82' lang='lat' dir='ltr'><strong>maxime</strong></span> <span class='ocrx_word' id='word_1_440' title='bbox 3055 4655 3299 4709; x_wconf 86' lang='lat' dir='ltr'><strong>interest.</strong></span> <span class='ocrx_word' id='word_1_441' title='bbox 3352 4656 3549 4725; x_wconf 82' lang='lat' dir='ltr'><strong>Itaque</strong></span> <span class='ocrx_word' id='word_1_442' title='bbox 3595 4671 3696 4708; x_wconf 81' lang='lat' dir='ltr'><strong>rem</strong></span> 
     </span>
    </p>
   </div>
   <div class='ocr_carea' id='block_1_71' title="bbox 2120 4744 3695 4815">
    <p class='ocr_par' dir='ltr' id='par_1_71' title="bbox 2120 4744 3695 4815">
     <span class='ocr_line' id='line_1_71' title="bbox 2120 4744 3695 4815; baseline -0.002 -16"><span class='ocrx_word' id='word_1_443' title='bbox 2120 4745 2371 4800; x_wconf 86' lang='lat' dir='ltr'><strong>litteratis</strong></span> <span class='ocrx_word' id='word_1_444' title='bbox 2412 4760 2520 4799; x_wconf 90' lang='lat' dir='ltr'><strong>non</strong></span> <span class='ocrx_word' id='word_1_445' title='bbox 2579 4745 2845 4815; x_wconf 86' lang='lat' dir='ltr'><strong>ingratam</strong></span> <span class='ocrx_word' id='word_1_446' title='bbox 2886 4745 2987 4799; x_wconf 88' lang='lat' dir='ltr'><strong>hac</strong></span> <span class='ocrx_word' id='word_1_447' title='bbox 3021 4744 3284 4807; x_wconf 91' lang='lat' dir='ltr'><strong>solemni,</strong></span> <span class='ocrx_word' id='word_1_448' title='bbox 3322 4760 3451 4814; x_wconf 71' lang='lat' dir='ltr'><strong>qua:</strong></span> <span class='ocrx_word' id='word_1_449' title='bbox 3506 4762 3592 4800; x_wconf 89' lang='lat' dir='ltr'><strong>me</strong></span> <span class='ocrx_word' id='word_1_450' title='bbox 3635 4744 3695 4798; x_wconf 85' lang='lat' dir='ltr'><strong>ad</strong></span> 
     </span>
    </p>
   </div>
   <div class='ocr_carea' id='block_1_72' title="bbox 2121 4836 3703 4907">
    <p class='ocr_par' dir='ltr' id='par_1_72' title="bbox 2121 4836 3703 4907">
     <span class='ocr_line' id='line_1_72' title="bbox 2121 4836 3703 4907; baseline -0.002 -15"><span class='ocrx_word' id='word_1_451' title='bbox 2121 4838 2466 4892; x_wconf 88' lang='lat' dir='ltr'><strong>scribendum</strong></span> <span class='ocrx_word' id='word_1_452' title='bbox 2491 4836 2991 4907; x_wconf 89' lang='lat' dir='ltr'><strong>disputandumque</strong></span> <span class='ocrx_word' id='word_1_453' title='bbox 3026 4836 3239 4900; x_wconf 85' lang='lat' dir='ltr'><strong>invitat,</strong></span> <span class='ocrx_word' id='word_1_454' title='bbox 3265 4836 3703 4907; x_wconf 84' lang='lat' dir='ltr'><strong>inaugurationis</strong></span> 
     </span>
    </p>
   </div>
   <div class='ocr_carea' id='block_1_73' title="bbox 2118 4927 3688 4998">
    <p class='ocr_par' dir='ltr' id='par_1_73' title="bbox 2118 4927 3688 4998">
     <span class='ocr_line' id='line_1_73' title="bbox 2118 4927 3688 4998; baseline -0.003 -15"><span class='ocrx_word' id='word_1_455' title='bbox 2118 4929 2421 4983; x_wconf 70' lang='lat' dir='ltr'><strong>Academiae</strong></span> <span class='ocrx_word' id='word_1_456' title='bbox 2447 4938 2646 4982; x_wconf 71' lang='lat' dir='ltr'><strong>nostra:</strong></span> <span class='ocrx_word' id='word_1_457' title='bbox 2677 4927 2921 4998; x_wconf 60' lang='lat' dir='ltr'><strong>Georgia:</strong></span> <span class='ocrx_word' id='word_1_458' title='bbox 2956 4928 3216 4997; x_wconf 66' lang='lat' dir='ltr'><strong>Augustae</strong></span> <span class='ocrx_word' id='word_1_459' title='bbox 3264 4928 3523 4995; x_wconf 78' lang='lat' dir='ltr'><strong>proxime</strong></span> <span class='ocrx_word' id='word_1_460' title='bbox 3556 4929 3688 4982; x_wconf 78' lang='lat' dir='ltr'><strong>cele-</strong></span> 
     </span>
    </p>
   </div>
   <div class='ocr_carea' id='block_1_74' title="bbox 2118 5018 3702 5087">
    <p class='ocr_par' dir='ltr' id='par_1_74' title="bbox 2118 5018 3702 5087">
     <span class='ocr_line' id='line_1_74' title="bbox 2118 5018 3702 5087; baseline -0.002 -12"><span class='ocrx_word' id='word_1_461' title='bbox 2118 5021 2338 5075; x_wconf 75' lang='lat' dir='ltr'><strong>brandae</strong></span> <span class='ocrx_word' id='word_1_462' title='bbox 2366 5021 2653 5074; x_wconf 86' lang='lat' dir='ltr'><strong>occasione</strong></span> <span class='ocrx_word' id='word_1_463' title='bbox 2686 5036 2773 5073; x_wconf 77' lang='lat' dir='ltr'><strong>me</strong></span> <span class='ocrx_word' id='word_1_464' title='bbox 2810 5019 3082 5073; x_wconf 80' lang='lat' dir='ltr'><strong>facturum</strong></span> <span class='ocrx_word' id='word_1_465' title='bbox 3118 5018 3456 5083; x_wconf 82' lang='lat' dir='ltr'><strong>existimavi,</strong></span> <span class='ocrx_word' id='word_1_466' title='bbox 3500 5020 3546 5073; x_wconf 86' lang='lat' dir='ltr'><strong>si</strong></span> <span class='ocrx_word' id='word_1_467' title='bbox 3590 5034 3702 5087; x_wconf 66' lang='lat' dir='ltr'><strong>quae</strong></span> 
     </span>
    </p>
   </div>
   <div class='ocr_carea' id='block_1_75' title="bbox 2118 5110 3699 5179">
    <p class='ocr_par' dir='ltr' id='par_1_75' title="bbox 2118 5110 3699 5179">
     <span class='ocr_line' id='line_1_75' title="bbox 2118 5110 3699 5179; baseline -0.003 -12"><span class='ocrx_word' id='word_1_468' title='bbox 2118 5113 2183 5167; x_wconf 87' lang='lat' dir='ltr'><strong>ad</strong></span> <span class='ocrx_word' id='word_1_469' title='bbox 2216 5114 2363 5168; x_wconf 90' lang='lat' dir='ltr'><strong>illius</strong></span> <span class='ocrx_word' id='word_1_470' title='bbox 2403 5114 2643 5167; x_wconf 89' lang='lat' dir='ltr'><strong>auctoris</strong></span> <span class='ocrx_word' id='word_1_471' title='bbox 2682 5111 3038 5166; x_wconf 90' lang='lat' dir='ltr'><strong>vetustissimi</strong></span> <span class='ocrx_word' id='word_1_472' title='bbox 3086 5124 3281 5164; x_wconf 91' lang='lat' dir='ltr'><strong>nomen</strong></span> <span class='ocrx_word' id='word_1_473' title='bbox 3321 5118 3374 5163; x_wconf 90' lang='lat' dir='ltr'><strong>et</strong></span> <span class='ocrx_word' id='word_1_474' title='bbox 3412 5110 3699 5179; x_wconf 65' lang='grc' dir='ltr'>Θεολογοέ-</span> 
     </span>
    </p>
   </div>
   <div class='ocr_carea' id='block_1_76' title="bbox 2120 5198 3701 5273">
    <p class='ocr_par' dir='ltr' id='par_1_76' title="bbox 2120 5198 3701 5273">
     <span class='ocr_line' id='line_1_76' title="bbox 2120 5198 3701 5273; baseline 0 -20"><span class='ocrx_word' id='word_1_475' title='bbox 2120 5219 2255 5273; x_wconf 82' lang='grc' dir='ltr'>μενα</span> <span class='ocrx_word' id='word_1_476' title='bbox 2287 5202 2608 5257; x_wconf 87' lang='lat' dir='ltr'><strong>illustranda</strong></span> <span class='ocrx_word' id='word_1_477' title='bbox 2628 5200 2922 5270; x_wconf 88' lang='lat' dir='ltr'><strong>pertinent,</strong></span> <span class='ocrx_word' id='word_1_478' title='bbox 2950 5215 3017 5255; x_wconf 78' lang='lat' dir='ltr'><strong>ex</strong></span> <span class='ocrx_word' id='word_1_479' title='bbox 3040 5198 3193 5254; x_wconf 88' lang='lat' dir='ltr'><strong>libris</strong></span> <span class='ocrx_word' id='word_1_480' title='bbox 3212 5208 3323 5253; x_wconf 89' lang='lat' dir='ltr'><strong>tam</strong></span> <span class='ocrx_word' id='word_1_481' title='bbox 3362 5200 3527 5254; x_wconf 90' lang='lat' dir='ltr'><strong>editis</strong></span> <span class='ocrx_word' id='word_1_482' title='bbox 3555 5216 3701 5253; x_wconf 80' lang='lat' dir='ltr'><strong>raro-</strong></span> 
     </span>
    </p>
   </div>
   <div class='ocr_carea' id='block_1_77' title="bbox 2114 5288 3697 5364">
    <p class='ocr_par' dir='ltr' id='par_1_77' title="bbox 2114 5288 3697 5364">
     <span class='ocr_line' id='line_1_77' title="bbox 2114 5288 3697 5364; baseline -0.002 -17"><span class='ocrx_word' id='word_1_483' title='bbox 2114 5310 2220 5364; x_wconf 88' lang='lat' dir='ltr'><strong>que</strong></span> <span class='ocrx_word' id='word_1_484' title='bbox 2265 5294 2479 5361; x_wconf 84' lang='lat' dir='ltr'><strong>obviis,</strong></span> <span class='ocrx_word' id='word_1_485' title='bbox 2532 5308 2696 5363; x_wconf 91' lang='lat' dir='ltr'><strong>quam</strong></span> <span class='ocrx_word' id='word_1_486' title='bbox 2732 5292 3118 5362; x_wconf 88' lang='lat' dir='ltr'><strong>manuscriptis</strong></span> <span class='ocrx_word' id='word_1_487' title='bbox 3155 5288 3435 5361; x_wconf 90' lang='lat' dir='ltr'><strong>(quorum</strong></span> <span class='ocrx_word' id='word_1_488' title='bbox 3491 5296 3697 5359; x_wconf 80' lang='lat' dir='ltr'><strong>copiam</strong></span> 
     </span>
    </p>
   </div>
   <div class='ocr_carea' id='block_1_78' title="bbox 2112 5426 2675 5497">
    <p class='ocr_par' dir='ltr' id='par_1_78' title="bbox 2112 5426 2675 5497">
     <span class='ocr_line' id='line_1_78' title="bbox 2112 5426 2675 5497; baseline -0.002 -14"><span class='ocrx_word' id='word_1_489' title='bbox 2112 5427 2311 5497; x_wconf 63' lang='lat' dir='ltr'><strong>Lipsiae</strong></span> <span class='ocrx_word' id='word_1_490' title='bbox 2339 5426 2478 5481; x_wconf 69' lang='grc' dir='ltr'><strong>Πἓὸ</strong></span> <span class='ocrx_word' id='word_1_491' title='bbox 2508 5427 2675 5497; x_wconf 90' lang='lat' dir='ltr'><strong>edita.</strong></span> 
     </span>
    </p>
   </div>
   <div class='ocr_carea' id='block_1_79' title="bbox 2186 5493 3696 5563">
    <p class='ocr_par' dir='ltr' id='par_1_79' title="bbox 2186 5493 3696 5563">
     <span class='ocr_line' id='line_1_79' title="bbox 2186 5493 3696 5563; baseline -0.005 -12"><span class='ocrx_word' id='word_1_492' title='bbox 2186 5493 2262 5563; x_wconf 65' lang='grc'><strong>(5)</strong></span> <span class='ocrx_word' id='word_1_493' title='bbox 2322 5496 2474 5552; x_wconf 89' lang='lat' dir='ltr'><strong>Unde</strong></span> <span class='ocrx_word' id='word_1_494' title='bbox 2512 5496 2643 5550; x_wconf 86' lang='lat' dir='ltr'><strong>Dav.</strong></span> <span class='ocrx_word' id='word_1_495' title='bbox 2686 5495 2998 5551; x_wconf 80' lang='lat' dir='ltr'><strong>Blondellus</strong></span> <span class='ocrx_word' id='word_1_496' title='bbox 3051 5494 3104 5547; x_wconf 90' lang='lat' dir='ltr'><strong>in</strong></span> <span class='ocrx_word' id='word_1_497' title='bbox 3158 5493 3606 5560; x_wconf 81' lang='lat' dir='ltr'><strong>pseudo-Isidoro</strong></span> <span class='ocrx_word' id='word_1_498' title='bbox 3649 5501 3696 5545; x_wconf 71' lang='lat' dir='ltr'><strong>et</strong></span> 
     </span>
    </p>
   </div>
   <div class='ocr_carea' id='block_1_80' title="bbox 2115 5564 3691 5637">
    <p class='ocr_par' dir='ltr' id='par_1_80' title="bbox 2115 5564 3691 5637">
     <span class='ocr_line' id='line_1_80' title="bbox 2115 5564 3691 5637; baseline -0.006 -15"><span class='ocrx_word' id='word_1_499' title='bbox 2115 5569 2379 5622; x_wconf 81' lang='lat' dir='ltr'><strong>Turriano</strong></span> <span class='ocrx_word' id='word_1_500' title='bbox 2418 5567 2793 5637; x_wconf 80' lang='lat' dir='ltr'><strong>vapulantibus</strong></span> <span class='ocrx_word' id='word_1_501' title='bbox 2815 5583 2867 5635; x_wconf 94' lang='lat' dir='ltr'><strong>p.</strong></span> <span class='ocrx_word' id='word_1_502' title='bbox 2896 5567 2986 5630; x_wconf 76' lang='grc'><strong>55,</strong></span> <span class='ocrx_word' id='word_1_503' title='bbox 3008 5564 3285 5637; x_wconf 86' lang='lat' dir='ltr'><strong>Turriano</strong></span> <span class='ocrx_word' id='word_1_504' title='bbox 3318 5564 3691 5637; x_wconf 61' lang='lat' dir='ltr'><strong>testimonium</strong></span> 
     </span>
    </p>
   </div>
   <div class='ocr_carea' id='block_1_81' title="bbox 2110 5632 3696 5708">
    <p class='ocr_par' dir='ltr' id='par_1_81' title="bbox 2110 5632 3696 5708">
     <span class='ocr_line' id='line_1_81' title="bbox 2110 5632 3696 5708; baseline -0.008 -13"><span class='ocrx_word' id='word_1_505' title='bbox 2110 5639 2333 5708; x_wconf 85' lang='lat' dir='ltr'><strong>aliquod</strong></span> <span class='ocrx_word' id='word_1_506' title='bbox 2368 5632 2633 5707; x_wconf 83' lang='lat' dir='ltr'><strong>Magnetis</strong></span> <span class='ocrx_word' id='word_1_507' title='bbox 2664 5632 2917 5705; x_wconf 79' lang='lat' dir='ltr'><strong>alleganti</strong></span> <span class='ocrx_word' id='word_1_508' title='bbox 2948 5636 3244 5708; x_wconf 79' lang='lat' dir='ltr'><strong>respondet</strong></span> <span class='ocrx_word' id='word_1_509' title='bbox 3270 5652 3284 5687; x_wconf 84' lang='lat'><strong>:</strong></span> <span class='ocrx_word' id='word_1_510' title='bbox 3318 5632 3696 5708; x_wconf 57' lang='lat' dir='ltr'><strong>Ignoti/tacte.</strong></span> 
     </span>
    </p>
   </div>
   <div class='ocr_carea' id='block_1_82' title="bbox 2114 5702 3693 5777">
    <p class='ocr_par' dir='ltr' id='par_1_82' title="bbox 2114 5702 3693 5777">
     <span class='ocr_line' id='line_1_82' title="bbox 2114 5702 3693 5777; baseline -0.005 -14"><span class='ocrx_word' id='word_1_511' title='bbox 2114 5702 2221 5763; x_wconf 33' lang='lat' dir='ltr'><strong>unus</strong></span> <span class='ocrx_word' id='word_1_512' title='bbox 2240 5702 2483 5764; x_wconf 66' lang='lat' dir='ltr'><strong>auctoris</strong></span> <span class='ocrx_word' id='word_1_513' title='bbox 2498 5702 2811 5762; x_wconf 73' lang='lat' dir='ltr'><strong>sententiam</strong></span> <span class='ocrx_word' id='word_1_514' title='bbox 2846 5723 2946 5760; x_wconf 86' lang='lat' dir='ltr'><strong>non</strong></span> <span class='ocrx_word' id='word_1_515' title='bbox 2970 5702 3363 5777; x_wconf 65' lang='lat' dir='ltr'><strong>improbatum;</strong></span> <span class='ocrx_word' id='word_1_516' title='bbox 3394 5703 3529 5758; x_wconf 69' lang='lat' dir='ltr'><strong>nihil</strong></span> <span class='ocrx_word' id='word_1_517' title='bbox 3577 5702 3693 5755; x_wconf 69' lang='lat' dir='ltr'><strong>inde</strong></span> 
     </span>
    </p>
   </div>
   <div class='ocr_carea' id='block_1_83' title="bbox 2126 5777 2677 5847">
    <p class='ocr_par' dir='ltr' id='par_1_83' title="bbox 2126 5777 2677 5847">
     <span class='ocr_line' id='line_1_83' title="bbox 2126 5777 2677 5847; baseline -0.011 -10"><span class='ocrx_word' id='word_1_518' title='bbox 2126 5782 2200 5837; x_wconf 86' lang='lat' dir='ltr'><strong>Tu</strong></span> <span class='ocrx_word' id='word_1_519' title='bbox 2210 5783 2386 5835; x_wconf 85' lang='lat' dir='ltr'><strong>rriano</strong></span> <span class='ocrx_word' id='word_1_520' title='bbox 2421 5777 2677 5847; x_wconf 73' lang='lat' dir='ltr'><strong>pra’sidii.</strong></span> 
     </span>
    </p>
   </div>
  </div>
