3888 6496
162 320 304 375 1515

1342 318 1621 377 ΝΟΤΙΤΙΑ
1661 318 1748 375 ΕΤ
1790 320 2238 378 FRAGMENTA.

3282 331 3423 388 1546

154 440 291 495 mihi
320 455 432 510 pra;
455 444 666 499 caeteris
684 444 1098 514 suppeditarunt
1116 445 1557 513 locupletissimae
1580 443 1732 499 orbis
1760 447 1806 503 Α
1842 440 2105 495 Turriano
2135 440 2531 511 vapulantibus,
2572 450 2627 497 et
2658 441 2878 512 quidem
2922 441 2977 497 in
3012 440 3421 515 Prolcgomenis

150 531 354 585 eruditi
377 532 718 588 bibliothecae
745 532 906 604 Regia
932 534 1281 600 Parisiensis,
1306 533 1643 602 Colbertina,
1673 543 1730 590 et

149 626 492 682 Coisliniana
536 629 1050 701 Sangermanensis)
1080 672 1095 697 ,
1138 645 1354 687 summo
1408 631 1588 687 studio
1635 633 1730 685 de-

148 729 427 789 prompta,
460 730 514 775 et
538 720 592 774 in
622 737 792 776 unum
831 722 1056 777 collecta
1106 737 1489 792 proponerem.
1520 722 1727 777 Claris-

149 812 279 867 simi
304 829 433 866 vero
456 822 617 883 atque
653 814 721 869 de
754 814 1076 883 antiquitate
1097 814 1362 869 litteraria
1389 825 1443 869 et
1474 816 1729 871 ecclesia-

147 903 292 958 stica
315 902 651 957 meritissimi
682 898 908 958 Joannis
938 904 1190 971 Boivinii,
1211 906 1305 974 qui
1338 904 1518 975 Regia:
1545 922 1729 960 manto

148 998 479 1066 scriptorum
505 997 751 1052 codicum
774 998 1113 1053 bibliotheca:
1141 1014 1263 1068 quae
1287 998 1513 1054 Lutetia:
1544 1015 1726 1053 asser-

146 1094 334 1151 vatur,
368 1101 557 1141 curam
584 1101 779 1156 magna
808 1102 933 1141 cum
960 1088 1119 1142 laude
1147 1089 1278 1141 olim
1307 1089 1493 1159 gessit,
1523 1089 1729 1157 dignis-

146 1179 322 1234 simas
367 1180 455 1234 hic
512 1195 617 1234 non
665 1194 888 1249 possum
948 1196 1057 1235 non
1109 1182 1724 1251 depraedicarelaudes;

145 1285 278 1323 cum
318 1270 437 1339 ejus
461 1270 721 1341 singulari
763 1272 1028 1326 beneﬁcio
1082 1273 1306 1341 adjutus
1349 1291 1457 1329 non
1512 1275 1724 1330 facilem

147 1372 361 1417 tantum
392 1365 457 1419 ad
482 1365 924 1436 incomparabilis
948 1383 1179 1436 vereque
1203 1370 1365 1440 regia:
1408 1370 1556 1426 illius
1582 1388 1728 1441 gazae

144 1454 309 1525 adyta
344 1465 536 1511 nactus
571 1457 671 1511 sim
714 1458 942 1522 aditum,
995 1473 1186 1513 verum
1234 1470 1290 1517 et
1342 1462 1457 1531 ipse
1505 1478 1604 1532 pro
1637 1480 1723 1528 ea,

143 1559 257 1613 qua
303 1547 611 1614 praestabat,
644 1548 982 1603 immanitate
1016 1549 1297 1606 rarissima
1322 1594 1337 1618 ,
1368 1569 1491 1622 quae
1525 1555 1724 1610 ibidem

143 1638 559 1705 delitescehant,
593 1639 905 1711 frequenter
933 1640 1067 1695 mihi
1103 1647 1564 1702 commendaverit
1590 1649 1727 1703 scri-

140 1737 259 1799 pta,
278 1747 514 1802 suasque
529 1734 806 1801 speciatim
825 1736 1252 1803 observationes,
1274 1738 1329 1793 in
1358 1738 1578 1794 Macarii
1598 1739 1727 1795 Ma-

141 1824 321 1892 gnetis
343 1824 641 1895 fragmenta
654 1825 777 1879 data
791 1841 957 1895 opera
974 1828 1221 1894 collatas,
1236 1830 1494 1885 benevole
1512 1846 1723 1887 mecum

140 1918 550 1972 communicare
571 1918 714 1973 haud
742 1920 1153 1975 detrectaverit:
1177 1938 1245 1977 ex
1271 1923 1471 1992 quibus
1498 1925 1726 1994 proinde

142 2026 231 2064 me
258 2010 400 2064 haud
443 2026 633 2079 parum
662 2011 962 2082 profecisse
986 2054 1001 2078 ,
1035 2013 1387 2084 fontibusque
1414 2018 1485 2069 ah
1530 2019 1722 2073 eodem

139 2100 398 2155 indicatis
425 2102 647 2158 ulterius
693 2103 1019 2169 inhaesisse,
1072 2106 1304 2175 ingenue
1339 2109 1614 2177 profiteor.
1664 2110 1721 2165 ln

138 2194 301 2250 binas
340 2204 520 2250 autem
548 2205 730 2265 partes
773 2206 941 2253 totam
991 2201 1370 2257 tractationem
1414 2202 1723 2273 dispeseere

133 2288 293 2358 jubet
322 2297 435 2342 tum
469 2290 593 2343 novi
629 2293 929 2361 argumenti
964 2292 1200 2363 dignitas
1224 2333 1238 2357 ,
1281 2306 1395 2355 tum
1440 2299 1723 2365 praesentis

137 2381 406 2450 temporis
436 2390 598 2452 atque
631 2383 863 2438 instituti
895 2386 1069 2440 ratio:
1119 2402 1349 2456 quarum
1391 2390 1541 2457 prior
1579 2391 1723 2445 noti-

136 2473 274 2526 tiam
309 2473 847 2530 historico-criticam
895 2476 961 2532 de
1004 2476 1241 2532 Macario
1271 2479 1536 2551 Magnete,
1570 2482 1720 2551 ejus-

140 2579 252 2633 que
276 2572 437 2619 aztate
458 2576 510 2619 et
532 2565 775 2635 scriptis,
802 2581 867 2621 ex
889 2567 1056 2622 variis
1075 2568 1317 2623 historiae
1340 2570 1723 2626 ecclesiastica:

136 2656 515 2711 monumentis
564 2657 723 2713 editis
762 2667 924 2729 atque
961 2660 1179 2716 ineditis
1222 2671 1409 2727 eruet;
1453 2665 1722 2731 posterior

140 2763 272 2802 vero
302 2746 705 2821 Θεολογούμενα
732 2752 969 2808 auctoris
999 2752 1200 2822 pariter
1225 2762 1385 2824 atquc
1416 2770 1630 2810 errores
1653 2772 1719 2810 ex

139 2840 317 2910 ipsius
346 2841 565 2910 scriptis
596 2845 1073 2901 commonstrabit.

180 2972 208 3044 §
238 2972 302 3026 ΙΙ.
336 2971 1101 3049 Expettduntur_recentiorum
1142 2978 1323 3049 iniqua
1345 2980 1408 3033 de
1443 2980 1681 3033 Macario

688 3044 930 3115 Magnete
949 3046 1181 3114 judicia.

212 3157 347 3225 Quis
376 3175 505 3213 vero
542 3176 607 3215 ac
651 3159 829 3229 qualis
872 3157 1038 3214 fuerit
1079 3171 1266 3217 noster
1308 3161 1576 3221 Macarius
1603 3166 1717 3219 Ma-

136 3267 298 3322 gues,
321 3260 375 3304 et
400 3267 511 3321 quo
565 3261 804 3320 tempore
851 3251 1135 3319 floruerit,
1169 3269 1377 3323 suaque
1425 3256 1625 3328 ingenii
1665 3269 1719 3312 et

134 3343 404 3397 doctrina:
426 3344 876 3411 praestantissima
911 3345 1301 3413 conscripserit
1341 3360 1715 3412 monumenta,

134 3449 204 3487 ex
227 3435 466 3503 probatae
490 3435 825 3505 antiquitatis
849 3435 1065 3491 indiciis
1086 3452 1232 3491 nunc
1256 3437 1489 3506 primum
1511 3440 1719 3507 disqui-

134 3526 368 3581 rendum
386 3528 488 3581 erit
508 3544 520 3591 ;
546 3537 603 3582 ut
620 3530 854 3598 genuino
874 3530 1082 3584 auctori
1107 3545 1205 3584 sua
1225 3532 1543 3585 restituatur
1561 3533 1713 3596 fides,

134 3634 307 3687 quam
333 3619 578 3673 nonnulli
605 3637 671 3674 ex
698 3621 1094 3675 recentioribus
1125 3621 1355 3688 criticis,
1376 3638 1500 3677 cum
1528 3624 1594 3678 de
1616 3626 1718 3678 isto

134 3713 181 3764 Α
195 3710 574 3779 pocriticorum
600 3722 823 3768 auctore
855 3711 987 3766 nihil
1010 3712 1078 3766 ab
1100 3712 1340 3782 antiquis
1361 3714 1717 3784 scriptoribus

134 3803 421 3859 memoriae
451 3804 725 3881 proditum
750 3806 1008 3876 legerent,
1034 3808 1207 3862 eidem
1232 3819 1433 3863 temere
1458 3808 1717 3879 derogare

132 3897 259 3952 ausi
291 3906 437 3951 sunt.
473 3897 691 3952 Scilicet
723 3915 847 3953 cum
873 3898 1201 3955 Franciscus
1229 3898 1534 3955 Turrianus
1553 3940 1567 3966 ,
1595 3917 1709 3955 ma-

133 4004 281 4057 gnus
324 3988 413 4043 illc
467 3990 716 4044 codicum
759 4008 892 4045 mss.
930 3992 1110 4046 helluo
1150 3991 1226 4062 (4)
1276 4002 1331 4048 et
1378 3994 1716 4063 antiquitatis
1754 4036 1759 4041 ι

131 4080 521 4134 ecclesiastica:
571 4097 679 4136 non
736 4082 1026 4151 indiligens
1083 4083 1366 4153 indagator
1418 4085 1534 4156 (ὅ),
1590 4086 1717 4142 hinc

134 4169 263 4223 inde
297 4169 351 4222 in
381 4170 544 4223 variis
571 4170 686 4225 suis
738 4171 954 4240 scriptis
997 4171 1161 4241 hujus
1193 4172 1432 4228 auctoris
1459 4174 1717 4228 vetustis-

132 4261 263 4314 simi
292 4261 619 4315 mentionem
654 4260 890 4325 fecisset,
921 4273 1085 4331 atque
1120 4265 1257 4319 inter
1285 4265 1390 4319 alia
1421 4265 1586 4319 etiam
1625 4265 1713 4319 lu-

131 4353 416 4408 culentum
462 4353 778 4408 adduxisset
816 4355 1062 4423 ejusdem
1103 4356 1472 4411 testimonium
1510 4359 1577 4413 de
1623 4374 1713 4413 sa-

1830 547 1885 602 p.
1921 531 1971 597 '7,
2004 532 2070 586 de
2095 533 2199 588 hoc
2224 532 2496 589 Turriano
2519 534 2839 604 pronuntiat
2864 552 2877 588 :

1888 668 2030 734 Quid
2052 668 2268 736 dignum
2294 678 2440 722 tanto
2472 666 2593 721 tulit
2626 667 2712 721 hic
2748 666 3038 735 promissor
3061 667 3211 720 hiatu
3245 667 3364 738 (6)?

1841 781 2092 835 Ventosas
2131 781 2351 850 projecit
2389 781 2677 850 ampullas,
2722 782 2884 835 libros
2928 791 3265 852 auctoresque
3306 783 3419 838 ine-

1829 873 1992 936 ditos,
2019 875 2110 943 qui
2138 890 2227 927 nec
2250 875 2317 927 ad
2344 891 2531 927 manus
2563 884 2706 939 sunt,
2736 890 2827 928 nec
2849 891 2960 927 esse
2987 886 3227 943 possunt,
3254 873 3419 929 Euse-

1830 965 1901 1017 bii
1939 966 2021 1033 (si
2061 965 2164 1019 Deo
2189 966 2392 1037 placet)
2414 968 3051 1021 Alexandrinisermones
3076 1009 3090 1032 ,
3124 966 3431 1020 Eusebium'

1831 1049 2209 1109 Ctesariensem
2236 1056 2486 1111 adversus
2515 1055 2868 1122 Marcellum,
2918 1055 3234 1127 Hippolytos
3266 1074 3419 1110 mar-

1829 1158 1995 1216 tyrem
2031 1158 2080 1201 et
2125 1147 2448 1215 Thebanum,
2484 1149 2783 1220 Magnetem
2830 1149 3083 1203 adversus
3132 1149 3419 1203 Theosthe-

1829 1261 1965 1306 nem,
2003 1240 2323 1298 Theodotum
2342 1247 2709 1315 Ancyranum,
2738 1254 2844 1300 clc.
2872 1286 2887 1309 ,
2921 1246 3126 1313 citavit,
3173 1246 3421 1316 plurima:

1828 1353 1953 1390 sane
1985 1336 2246 1402 lectionis,
2282 1339 2371 1391 sed
2406 1338 2602 1405 frontis
2642 1338 3092 1407 perfrictissimte,
3118 1338 3417 1409 judiciique

1830 1428 2144 1483 tenuissimi.
2193 1428 2367 1495 Quam
2423 1445 2664 1500 praeceps
2716 1438 2896 1484 autem
2949 1430 3053 1485 hoc
3114 1430 3278 1486 fuerit
3309 1432 3414 1486 viri

1827 1520 1962 1574 alias
1994 1520 2301 1575 doctissimi
2324 1520 2619 1589 judicium,
2654 1521 2739 1574 vel
2770 1520 3231 1590 cxindcapparet,
3267 1524 3414 1593 quod

1827 1612 2069 1680 plerique
2103 1610 2216 1666 fere
2237 1621 2490 1666 auctores
2519 1613 2629 1676 isti,
2664 1627 2803 1681 quos
2849 1614 3117 1667 conlictos
3165 1616 3415 1669 credide-

1830 1712 1913 1756 rat
1950 1702 2285 1769 Blondellus,
2322 1720 2469 1758 nunc
2522 1704 2577 1756 in
2626 1704 2871 1757 omnium
2914 1713 3204 1759 versentur
3241 1706 3418 1759 mani-

1756 1792 1798 1847 Β
1828 1793 1950 1859 bus,
1981 1803 2145 1862 atque
2171 1794 2629 1863 peritissimorum
2658 1804 2858 1848 nostrae.
2892 1794 3066 1848 aetatis
3098 1794 3414 1849 criticorum

1826 1887 2250 1956 comprobentur
2274 1886 2507 1941 calculo.
2527 1887 2806 1941 Blondello
2827 1887 3154 1956 astipulatur
3172 1885 3416 1940 Edmun-

1826 1978 1931 2031 dus
1951 1976 2267 2030 Allicrtinus
2292 1975 2435 2029 libro
2464 1990 2503 2027 ιι
2549 1974 2625 2027 De
2660 1984 2992 2027 sacramento
3028 1973 3409 2036 Eucharistiaz,

1824 2083 1879 2137 p.
1914 2083 1989 2121 m.
2029 2066 2135 2120 420
2175 2065 2275 2135 (7),
2325 2065 2418 2135 qui
2448 2079 2680 2119 censura
2708 2065 2885 2133 magis
2918 2079 3082 2134 quam
3118 2064 3411 2117 dictatoria

1824 2157 2197 2212 testimonium
2242 2154 2506 2225 Magnetis
2554 2171 2584 2209 a
2626 2154 2898 2210 Turriano
2932 2156 3165 2224 aliisque
3207 2154 3414 2224 produ-

1824 2259 1994 2312 ctum,
2038 2249 2250 2303 veritati
2275 2264 2456 2303 causa:
2478 2248 2746 2314 ditlidens,
2771 2263 2896 2303 cum
2928 2264 3036 2301 non
3071 2257 3256 2318 posset
3284 2264 3413 2317 pro-

1824 2342 1988 2396 babili
2034 2342 2216 2412 aliqua
2267 2344 2479 2396 ratione
2523 2340 2786 2404 refutare,
2837 2339 3062 2393 irridere
3109 2338 3321 2402 maluit,
3350 2351 3414 2391 ac

1823 2434 2129 2503 petulanter
2158 2435 2303 2488 hunc
2332 2435 2385 2487 in
2419 2433 2643 2487 modum
2669 2431 2958 2502 explodere
2981 2432 3208 2485 tentavit
3232 2447 3244 2481 :
3274 2429 3414 2483 Tur-

1823 2527 2004 2580 rianus
2039 2526 2239 2594 primus
2259 2527 2495 2579 omnium
2521 2525 2693 2597 (quod
2718 2524 2959 2594 equidem
2991 2520 3196 2592 sciam)
3227 2532 3415 2591 protu-

1823 2616 1965 2669 litin
1995 2617 2207 2685 scriptis
2240 2618 2352 2670 suis
2379 2616 2535 2670 verba
2569 2616 2679 2668 hrec
2709 2614 2885 2668 nescio
2931 2612 3067 2666 unde
3090 2623 3301 2681 sumpta
3346 2624 3412 2665 ea:

1825 2707 2067 2777 Magnete
2102 2709 2353 2761 adversus
2397 2707 2773 2761 Theosthenem
2810 2745 2825 2761 .
2863 2745 2877 2759 .
2910 2743 2926 2758 .
2988 2703 3178 2757 Verum
3210 2704 3279 2756 ad
3313 2719 3411 2772 po—

1822 2799 2006 2867 pulum
2043 2797 2309 2867 phaleras.
2333 2796 2463 2862 Quis
2489 2799 2625 2850 enim
2652 2807 2898 2862 veterum,
2924 2797 3029 2848 imo
3048 2796 3205 2848 etiam
3239 2810 3414 2847 recen-

1823 2889 2014 2941 tiorum
2043 2906 2134 2957 per
2168 2905 2345 2942 norem
2386 2901 2477 2942 aut
2507 2890 2682 2942 decem
2728 2888 2925 2942 sa’cula
2954 2887 3215 2957 Magnetis
3253 2888 3410 2957 hujus

1820 2980 1898 3033 vel
1922 2980 2096 3049 quoad
2131 2997 2316 3034 nomen
2350 2991 2555 3033 tantum
2584 2980 2919 3033 meminerit?
2953 2978 3210 3031 Fictitius
3254 2994 3410 3046 pror-

1820 3087 1909 3123 sus
1937 3082 2124 3124 auctor
2168 3082 2268 3137 est,
2315 3081 2405 3123 aut
2433 3072 2619 3124 saltent
2656 3087 2815 3123 novus
2850 3070 3047 3135 aliquis
3097 3086 3158 3122 ac
3183 3081 3410 3138 nuperua

1822 3162 2102 3233 grwculus,
2154 3163 2304 3230 cujus
2337 3164 2656 3229 scriptorum
2691 3162 2951 3215 certiludo
2985 3171 3098 3215 tota
3127 3169 3202 3214 est
3249 3177 3405 3231 penes

1825 3254 2147 3307 Turriunum
2188 3257 2367 3325 exigui
2412 3255 2613 3323 judicii
2643 3256 2834 3319 virum,
2880 3256 3106 3325 ﬁdeique
3135 3254 3284 3308 vaiu'e
3314 3272 3408 3307 su-

1819 3356 2029 3415 spectae.
2066 3345 2134 3401 Et
2160 3348 2355 3400 audent
2390 3348 2681 3400 adversarii
2712 3348 2905 3416 absque
2943 3346 3055 3399 ulla
3092 3349 3405 3400 verecundia

1819 3439 2076 3506 ejusmodi
2109 3438 2419 3509 quisquilias
2443 3455 2538 3507 pro
2572 3448 2802 3492 ceterum
2832 3439 3182 3491 monumentis
3212 3438 3267 3489 in
3292 3454 3407 3490 me-

1821 3531 1967 3582 dium
1997 3531 2298 3585 adducere?
2333 3531 2471 3584 Proh
2508 3531 2605 3583 Dei
2641 3544 2689 3584 et
2718 3530 2985 3583 hominum
3028 3530 3225 3598 ﬁdem!
3277 3530 3408 3595 Qua:

1821 3640 2135 3692 quanquam
2172 3634 2373 3678 temere
2394 3625 2619 3677 omnino
2651 3633 2704 3676 et
2726 3631 3046 3690 arroganter
3072 3621 3141 3674 ab
3170 3636 3236 3676 eo
3259 3622 3401 3675 dicta

1819 3716 1949 3776 sint,
1989 3730 2019 3768 a
2056 3715 2273 3768 nemine
2306 3722 2487 3767 tamen
2516 3714 2781 3767 hactenus
2807 3712 3040 3766 refutata
3067 3710 3241 3775 video,
3265 3727 3405 3780 quo-

1829 3806 1975 3859 niam
2004 3807 2070 3861 de
2092 3805 2334 3877 Magnete
2361 3807 2786 3874 Apocriticorum
2815 3814 3039 3858 auctore
3058 3804 3189 3857 nihil
3219 3803 3286 3857 ab
3307 3820 3406 3856 an-

1828 3898 2161 3967 tiquioribus
2197 3898 2473 3952 memoria:
2503 3898 2774 3967 proditum
2809 3896 3091 3964 hucusque
3118 3896 3360 3949 constitit
3387 3911 3402 3949 :

1818 3998 2148 4058 quapmpter
2178 3989 2368 4042 inanes
2398 3988 2670 4041 Alhertini
2704 3985 3080 4041 cavillationes
3123 3995 3285 4054 atque
3315 4002 3406 4038 ar-

1819 4090 2203 4151 gumentorum
2239 4081 2411 4150 ipsius
2440 4079 2752 4134 futilitatcm
2785 4077 3073 4146 deinceps,
3114 4093 3237 4130 cum
3287 4078 3404 4146 ipsa
3459 4068 3466 4075 ’

1818 4173 2083 4244 Magnetis
2112 4173 2418 4243 fragmenta
2453 4172 2945 4240 percensebuntur,
2966 4170 3291 4240 explodet-di
3325 4170 3405 4222 Io-

1814 4260 1918 4319 Cus
1971 4265 2094 4319 erit.
2154 4264 2370 4318 Interim
2431 4264 2735 4319 rectissime
2772 4264 2998 4319 omnino
3067 4263 3153 4315 hic
3190 4262 3403 4331 judicat

1820 4353 1881 4409 Β.
1912 4353 1997 4408 Jo.
2024 4354 2147 4409 Alb.
2182 4353 2468 4410 Fabricius
2501 4354 2609 4426 (8):
2644 4353 2913 4423 Injuriam
2958 4356 3041 4408 his
3067 4354 3233 4408 rerbis
3262 4344 3405 4406 Tur-4

130 4452 418 4498 cramento
441 4442 795 4500 Eucharistia?
818 4446 1058 4516 rcalique
1080 4448 1325 4516 corporis
1351 4457 1404 4502 et
1431 4448 1713 4519 sanguinis
1742 4464 1791 4524 ο
1820 4447 1970 4501 riano
1998 4447 2113 4514 fieri
2141 4464 2242 4500 non
2262 4457 2337 4500 est
2362 4448 2601 4513 dubium,
2626 4442 2878 4519 longeque
2902 4447 3065 4517 magis
3091 4449 3403 4516 optaverim,

112 4523 343 4592 'Christi
401 4536 683 4604 praesentia
732 4536 913 4606 (quod
972 4538 1025 4591 in
1084 4539 1252 4592 altera
1303 4538 1711 4595 Dissertationis

129 4636 290 4696 parte
317 4628 738 4682 examinandum
789 4628 1287 4699 vindicandumque
1334 4630 1510 4700 erit);
1546 4630 1716 4685 David

128 4717 449 4773 Blondellus
490 4719 726 4788 primum
771 4719 841 4773 ob
881 4728 1189 4789 suspectam
1242 4718 1497 4775 Turriani
1554 4721 1714 4777 ﬁdem

126 4807 300 4862 simul
327 4823 542 4877 quoque
569 4806 867 4878 Magnetem
898 4808 1147 4862 adversus
1181 4810 1299 4880 (vel
1334 4813 1536 4865 rectius
1557 4854 1572 4878 ,
1605 4812 1711 4881 ad)

130 4901 532 4965 Theosthenem,
552 4909 808 4972 tanquam
826 4904 1146 4974 scriptorem
1163 4905 1423 4959 hactenus
1442 4906 1711 4974 ignotum,

124 4997 276 5048 inter
302 4992 470 5047 libros
493 5002 850 5063 auctoresque
880 4995 1132 5062 ineditos,
1171 4997 1264 5066 qui
1289 5012 1389 5052 nec
1419 4997 1487 5052 ad
1516 5014 1713 5053 manus

123 5094 281 5149 sunt,
317 5100 418 5139 nec
464 5099 584 5139 esse
613 5096 875 5155 possunt,
908 5086 1167 5142 audacter
1202 5086 1401 5143 referre
1428 5089 1714 5159 haudqua-

120 5192 299 5249 quam
333 5185 416 5231 est
464 5176 687 5233 veritus.
762 5176 840 5232 lta
879 5179 1025 5233 enim
1079 5178 1132 5232 in
1164 5177 1613 5248 pseudo-Isidoro
1662 5191 1712 5234 et

188 5421 282 5493 ’(4)
318 5418 409 5493 Uti
435 5435 560 5493 e_um
581 5433 780 5476 vocant
809 5420 1133 5491 Espencaaus
1161 5420 1234 5476 De
1260 5423 1585 5477 continentia
1612 5424 1708 5478 ιιι).

121 5508 164 5559 ι,
201 5489 329 5561 cap.
362 5491 421 5557 2,
456 5489 820 5547 Ribadeneira
850 5489 902 5546 in
928 5493 1184 5561 Catalogo
1206 5496 1523 5560 scriptorum
1542 5496 1710 5547 socie-

123 5563 258 5616 tatis
303 5561 457 5617 Iesu.
491 5572 544 5616 et
587 5561 791 5617 Paulus
832 5562 1171 5617 Colomesius
1204 5564 1258 5616 in
1286 5562 1706 5617 Paralipomenis

123 5573 258 5616 tatis
303 5573 457 5627 Jesu,
491 5573 544 5616 et
588 5573 791 5623 t’aulus
832 5573 1171 5619 L‘otomesius
1204 5573 1258 5616 in
1286 5573 1706 5633 Parattpomenis

121 5634 189 5687 de
216 5632 570 5687 scriptoribus
594 5633 721 5686 eccl.

200 5704 279 5778 (5)
308 5701 467 5769 Quod
492 5702 726 5778 elogium
757 5702 859 5773 ipsi
897 5703 1087 5759 tribuit
1115 5702 1303 5778 Steph.
1341 5704 1392 5758 le
1426 5704 1619 5778 Moyne
1652 5707 1704 5761 in

124 5771 437 5845 Ptolegom.
467 5774 532 5827 ad
579 5771 737 5826 Varia
770 5771 943 5840 sacra,
978 5785 1108 5829 tom.
1141 5776 1179 5841 Ι,
1214 5771 1307 5830 fol.
1354 5778 1431 5831 l5.

1820 4548 1879 4590 ut
1919 4536 2179 4608 Magnetis
2223 4538 2383 4591 libros
2428 4538 2622 4607 aliquis
2673 4538 2806 4591 bono
2834 4536 3085 4591 Ecclesia:
3126 4539 3180 4590 in
3235 4544 3404 4589 lucem

1819 4632 2089 4699 proferat;
2145 4631 2250 4683 sive
2308 4629 2604 4699 Magnetem
2656 4628 2811 4681 illum
2861 4627 3401 4697 Hierosolymitanun.

1820 4722 2218 4790 presbyterum,
2259 4721 2364 4774 sive
2419 4719 2717 4772 Macarium
2782 4719 3079 4787 Magnetem
3134 4734 3400 4771 auctorem

1819 4813 2064 4865 habeant.
2103 4809 2213 4866 Nec
2249 4811 2429 4864 minus
2468 4810 2781 4879 Christoph.
2838 4808 3072 4863 Sandius
3118 4809 3171 4862 in
3217 4810 3399 4864 Tract.

1816 4906 1895 4960 De
1942 4905 2199 4960 veteribus
2248 4903 2593 4971 scriptoribus
2625 4902 3028 4967 ecclesiasticis,
3064 4918 3115 4968 p.
3168 4901 3252 4967 19,
3282 4903 3402 4956 sine

1817 4998 1929 5053 ullo
1958 4998 2041 5051 vel
2071 4994 2332 5050 levissimi
2366 4992 2669 5062 argumenti
2701 4992 2904 5046 indicio
2950 4990 3253 5061 Magnetem
3286 4992 3399 5044 hac-

1817 5091 2048 5144 reticum
2094 5086 2444 5157 pronuntiat:
2492 5083 2807 5149 Turrianus,
2842 5084 3038 5154 inquit,
3076 5086 3129 5137 in
3162 5083 3393 5138 Constit.

1817 5182 1983 5238 Clem.
2039 5182 2190 5235 Rom.
2236 5179 2433 5249 allegat
2478 5177 2739 5249 Magnetis
2774 5178 2867 5233 lib.
2904 5194 2966 5234 ιιι
3016 5179 3397 5250 Apologiarum

1889 5427 1968 5498 (6)
2002 5426 2216 5490 Horat.,
2260 5424 2335 5479 De
2367 5434 2481 5479 arte
2505 5434 2668 5493 poet.,
2701 5442 2755 5479 v.
2794 5425 2920 5480 158.

1892 5531 1968 5601 (7)
2006 5529 2147 5584 Edit.
2185 5528 2442 5583 Daventr.
2476 5528 2634 5592 1654,
2676 5525 2773 5582 fol.

1888 5636 1966 5705 (8)
2001 5634 2138 5688 Tum
2175 5635 2227 5687 in
2266 5634 2477 5687 Delectu
2501 5643 2930 5705 argumentorum
2956 5643 3003 5686 et
3039 5633 3244 5702 syllaba
3261 5637 3385 5689 scri-

1815 5719 2022 5777 ptorum
2058 5712 2121 5757 de
2153 5706 2371 5777 raritate
2394 5706 2658 5773 religionis
2682 5704 3116 5777 Christianw,p.
3161 5705 3249 5770 (iii,
3280 5716 3394 5761 tum

1818 5771 1871 5832 in
1899 5771 2223 5830 Bibliotheca
2260 5774 2465 5840 Gra'ca,
2493 5771 2583 5828 lib.
2612 5791 2666 5842 γ,
2692 5790 2808 5843 cap.
2844 5775 2893 5837 l,
2921 5791 2973 5843 p.
3007 5775 3131 5828 276.
