3888 6488
473 305 616 364 1547

1748 302 2107 364 MACARIUS
2140 301 2446 362 MAGNES.

3598 306 3732 360 1548

470 441 568 498 pro
603 425 888 500 Evangelia
921 435 1108 482 contra
1131 425 1504 483 Theosthenem
1528 429 1805 499 gentilem:
1834 430 1924 500 qui
1950 446 2049 482 au-

2160 427 2318 496 σοφοῦ
2344 428 2409 500 δὴ
2443 426 2631 482 τούτου
2660 429 2756 482 καὶ
2773 427 2954 483 δεινοῦ
2975 431 3312 502 κατανοῆσαι
3359 429 3739 499 ὑπογραςεέως.

472 530 588 574 ctor
633 537 936 591 quanquam
990 519 1254 575 Turriano
1285 530 1364 576 est
1405 525 1633 593 scriptor
1663 523 2049 577 ecclesiasticus

473 614 792 683 temporibus
816 613 1181 682 apostatarum
1203 615 1427 681 vicinus,
1456 617 1582 670 mihi
1619 624 1790 670 tamen
1830 626 1906 670 est
1940 633 2053 669 cer-

473 713 557 757 tus
585 702 891 758 luereticus.
929 701 1082 758 Haud
1117 705 1287 759 dubie
1319 704 1594 760 infaustus
1623 705 1722 760 iste
1758 704 1941 759 Socini
1969 721 2054 758 se-

470 802 648 850 ctator
675 810 741 850 ex
769 810 834 849 ea
867 795 1080 850 ratione
1115 805 1324 851 certam
1368 798 1636 851 haereseos
1675 807 1858 850 notam
1887 796 2055 850 inurit

467 887 680 942 auctori
711 897 903 941 nostro
933 927 947 953 ,
990 888 1138 958 quod
1169 886 1368 942 Filium
1406 889 1500 944 Dei
1530 889 1870 958 unigenitum
1903 887 2051 942 Patri

469 995 574 1036 suo
600 981 919 1052 ίσοδύναμον
946 990 999 1035 et
1033 982 1204 1050 Λόγον
1243 980 1601 1036 ὑποστατικὸν
1628 982 1847 1036 disertis
1874 981 2054 1036 verbis

467 1075 725 1130 asseruit.
765 1073 936 1130 Wilh.
982 1074 1113 1128 Ern.
1143 1069 1454 1130 Tentzclius
1507 1077 1559 1129 in
1599 1074 2054 1129 Exercitationum

465 1167 776 1222 selectarum
801 1177 952 1238 parte
977 1171 1302 1238 posteriore,
1330 1185 1383 1238 p.
1409 1169 1516 1223 255
1551 1185 1692 1239 seq.,
1729 1168 2055 1223 auctoritate

465 1257 733 1314 Albertini
763 1260 1021 1330 abreptus
1058 1276 1117 1316 se
1153 1261 1317 1316 nimis
1349 1261 1507 1314 facile
1529 1259 1705 1329 decipi
1729 1275 1922 1330 passus
1947 1266 2050 1326 est,

466 1351 595 1406 dum
627 1348 942 1418 arbitratur,
974 1351 1220 1408 Natalem
1267 1352 1640 1407 Alexandrum
1690 1352 1748 1407 in
1787 1352 2054 1407 disserta-

468 1445 615 1499 tione
644 1444 926 1500 Albertino
951 1446 1200 1516 opposita
1240 1461 1306 1500 ne
1351 1446 1562 1501 hiscere
1597 1445 1818 1516 quidem
1857 1461 2053 1500 ausum

466 1553 588 1592 esse
607 1533 870 1593 adversus
919 1554 1002 1604 ea,
1036 1555 1159 1608 qua:
1210 1538 1464 1608 superius
1495 1555 1562 1593 ex
1605 1539 1886 1592 Albcrtino
1928 1554 2057 1608 pro-

467 1626 747 1682 duximus.
802 1625 994 1698 Majori
1045 1629 1236 1698 utique
1294 1629 1560 1682 modestia
1607 1628 1886 1698 animique
1923 1645 2056 1683 can-

469 1720 603 1773 dere
632 1719 797 1774 sentit
831 1716 975 1774 Guil.
1010 1720 1153 1775 Cave
1187 1721 1238 1774 in
1267 1719 1512 1774 Historia
1540 1721 1808 1774 litterario
1830 1719 2056 1789 scripto-

2154 518 2403 590 Τοῦνομα
2452 519 2561 592 γὰρ
2607 521 2765 590 μόνον
2813 520 3057 592 προθεὶς,
3096 521 3182 586 τίς
3218 520 3283 574 ἂν
3303 514 3464 585 οὗτος
3506 521 3740 591 ὑπῆρξέν

2153 627 2285 663 ποτε
2327 613 2356 664 ὁ
2401 611 2714 684 Μακάριος,
2765 611 2954 684 ὥσπερ
2995 613 3089 666 καὶ
3127 613 3281 684 αὑτῷ
3322 613 3642 684 βασκαίνων
3671 613 3741 682 τῷ

2155 707 2462 775 συγγραφεῖ
2493 705 2591 774 τῆς
2619 703 2796 769 ἀξίας,
2823 704 2882 756 οὐ
2919 704 3336 769 ωνεκδέὸωκεν,
3370 702 3484 777 ἄρα
3511 708 3626 768 τᾶς
3655 706 3739 777 τῆς

2156 795 2459 868 ἱερωσύνης
2481 797 2782 867 ἐμπρέπων
2816 799 3097 868 αὐχήμασι
3120 797 3454 867 διεφαίνετο,
3485 800 3584 852 καί
3612 817 3740 864 τινος

2154 887 2363 950 πόλεως
2406 888 2534 950 τοὺς
2563 886 2756 950 οἴακας
2796 888 3168 958 ἐγκεχείριστο
3193 929 3209 952 ,
3256 889 3291 958 ἢ
3341 889 3490 958 ἄλλῳ
3551 889 3618 960 δή
3651 907 3739 942 τινι

2155 977 2343 1048 κλήρῳ
2377 977 2656 1045 τυγχάνων
2685 976 3142 1047 ἀποτεταγμένος,
3163 978 3492 1048 Χριστιανὸς
3523 978 3585 1030 δὲ
3606 980 3738 1048 ὅμως

2155 1072 2249 1125 καὶ
2291 1071 2382 1125 τοῦ
2428 1071 2528 1142 τῆς
2573 1069 2856 1133 εὐσεϐείας
2906 1070 3266 1140 ἀντεχόμενος
3293 1070 3494 1139 λόγου;
3541 1089 3601 1124 κ.
3627 1073 3732 1125 ιλ

2153 1164 2231 1217 Ac
2266 1161 2782 1232 testimoniiquidem
2800 1162 3078 1229 inscriptio
3100 1163 3379 1217 hwcestn
3423 1161 3620 1216 Sancti
3643 1164 3739 1230 (ll)

2158 1253 2388 1308 Macarii
2427 1270 2492 1308 ex
2517 1265 2706 1324 quarto
2743 1253 2881 1307 libro
2903 1255 3348 1322 Apoeriticorum.
3380 1273 3403 1307 ι
3458 1253 3654 1308 Facile
3672 1266 3737 1308 est

2154 1362 2220 1400 ea:
2248 1347 2366 1416 ipsa
2393 1347 2735 1415 inscriptione
2757 1346 2999 1415 fraudem
3027 1358 3074 1400 et
3104 1345 3369 1399 malitiam
3405 1348 3554 1411 vafri
3593 1347 3736 1414 httsz

2155 1456 2220 1493 ac
2259 1439 2454 1493 recocti
2501 1439 2688 1493 scriba:
2720 1439 3099 1508 deprehendere
3141 1439 3274 1510 (12).
3299 1438 3428 1493 Solo
3467 1440 3622 1492 enim
3661 1457 3740 1492 tto-

2155 1531 2294 1584 mine
2342 1533 2577 1599 prolato,
2625 1541 2877 1602 tanquam
2916 1539 2966 1584 et
3013 1532 3262 1600 scriptori
3299 1532 3402 1600 ipsi
3431 1532 3738 1600 dignitatem

2156 1623 2430 1690 invideret,
2461 1639 2565 1676 non
2595 1623 2888 1677 declaravit
2950 1624 3197 1693 quisnam
3222 1623 3381 1691 fuerit
3427 1624 3526 1676 iste
3565 1622 3742 1676 Maca-

2157 1718 2308 1781 rius;
2339 1733 2408 1770 an
2460 1716 2753 1770 sacerdotii
2796 1717 3089 1786 insignibus
3138 1717 3493 1786 conspicuus?
3539 1733 3621 1768 an
3652 1717 3739 1766 alia

468 1827 588 1864 rum
615 1811 929 1876 ecclesiast.,
961 1813 1028 1867 ad
1061 1813 1125 1866 A.
1156 1812 1216 1868 C.
1253 1815 1390 1869 550:
1419 1813 1588 1880 Certe,
1632 1814 1830 1885 inquit,
1864 1816 1927 1871 de
1952 1817 2054 1870 hu-
2085 1790 2128 1845 Β
2163 1809 2313 1877 cujus
2341 1810 2488 1862 urbis
2531 1808 2897 1879 gubernaculis
2941 1807 3231 1863 adulatus?
3279 1824 3351 1860 an
3383 1809 3484 1861 alii
3533 1808 3739 1876 quidem

461 1899 759 1971 juscemodi
773 1905 983 1974 scriptis
1000 1917 1217 1974 praestat
1240 1906 1476 1977 ἐπέχειν,
1496 1909 1657 1962 donec
1684 1909 1785 1978 ipsi
1813 1919 2052 1964 auctores

469 1987 525 2046 in
550 1993 817 2063 publicum
849 1997 1131 2066 prodeant,
1159 2009 1212 2052 ut
1232 1997 1500 2067 judicium
1525 2000 1588 2054 de
1622 2001 1688 2054 iis
1710 2002 1847 2070 ferre
1871 1999 2049 2056 liceat.

471 2083 734 2150 Quamvis
765 2088 907 2143 idem
942 2088 995 2143 in
1028 2099 1184 2160 parte
1222 2091 1392 2145 altera
1444 2091 1610 2158 hujus
1656 2093 1837 2162 operis
1869 2093 1936 2146 ad
1982 2093 2047 2146 A.

467 2175 533 2230 (Σ.
581 2177 686 2232 ‘265
708 2177 1011 2248 Magnetem
1043 2188 1438 2236 nostrumcum
1469 2177 1714 2251 Magnete
1739 2181 2052 2253 presbytero

468 2264 974 2339 Hierosolymilano
1009 2269 1343 2336 confundat,
1375 2287 1536 2340 quem
1564 2288 1629 2325 ex
1666 2269 1920 2325 Germani
1957 2289 2052 2342 pa-

467 2356 722 2411 triarchae
747 2356 853 2411 CP.
891 2357 1206 2429 Dogmatico
1244 2376 1349 2414 ms.
1391 2361 1458 2414 ad
1492 2360 1811 2415 Anthimum
1845 2363 2053 2434 colligit

469 2447 783 2504 interfuisse
830 2451 1066 2504 concilio
1121 2452 1464 2507 Antiocheno
1514 2454 1778 2508 adversus
1820 2452 2049 2510 Paulum

471 2533 888 2595 Samosatcnum
912 2541 976 2596 A.
1006 2542 1067 2596 C.
1100 2542 1207 2597 ‘265
1245 2543 1453 2598 habito.

473 2649 505 2722 ᾗ
528 2650 618 2706 lll.
652 2651 858 2706 Nomen
877 2653 1105 2708 Macarii
1127 2657 1428 2729 anauctori
1459 2667 1638 2712 nostro
1666 2661 1734 2712 sit
1755 2661 2048 2729 proprium,

1005 2742 1075 2777 an
1123 2726 1520 2795 appellativum.

545 2811 833 2882 Proprium
882 2815 928 2870 si
979 2816 1276 2886 quaerimus
1331 2834 1531 2873 nomen
1577 2819 1814 2876 auctoris
1857 2822 2050 2886 nostri,

470 2902 869 2973 dispiciendum
903 2905 993 2960 hic
1017 2907 1253 2976 primum
1286 2908 1412 2975 erit,
1434 2924 1503 2963 an
1525 2924 1630 2962 vox
1663 2909 1948 2980 Μακάριος
1982 2909 2054 2964 sit

470 2997 664 3055 titulus
697 3000 954 3066 honoris,
1002 3002 1096 3073 qui
1147 3004 1422 3073 plerisque
1467 3014 1713 3060 veterum
1764 3017 2050 3060 auctorum

470 3093 842 3148 monumentis
865 3094 1069 3166 prazligi
1099 3096 1257 3161 solet,
1289 3111 1358 3150 an
1391 3112 1520 3152 vero
1547 3098 1821 3167 peculiare
1846 3098 1915 3152 sit
1948 3112 2051 3151 no-

469 3196 596 3238 men
627 3185 919 3253 personze?
950 3184 1017 3240 Et
1063 3187 1412 3258 reperiuntur
1453 3190 1674 3259 quidem
1726 3188 2053 3260 fragmenta,

470 3290 592 3345 qua:
627 3277 845 3332 titulum
873 3277 966 3331 τοῦ
997 3279 1282 3352 Μακαρίου
1305 3281 1598 3352 Μαγνήτου
1621 3297 1732 3352 [πω
1761 3297 1818 3336 se
1852 3281 2054 3347 ferunt,

470 3377 530 3422 ut
561 3368 755 3424 exinde
779 3371 1164 3438 appellativum
1194 3387 1395 3428 nomen
1425 3371 1567 3426 beati
1621 3372 1884 3443 Magnetis
1917 3389 2055 3428 con-

469 3471 622 3516 stare
655 3462 904 3518 videatur
934 3464 1034 3537 (9).
1083 3460 1143 3517 In
1174 3465 1296 3520 aliis
1326 3465 1524 3536 legitur
1573 3465 1854 3535 inscriptio
1885 3466 2058 3536 aequi-

467 3567 606 3609 voca
640 3548 928 3626 Μακαρίου
969 3556 1284 3627 Μάγνητος,
1309 3573 1432 3628 qua:
1459 3573 1565 3611 non
1599 3557 1819 3626 propria
1855 3557 2046 3613 minus

469 3661 637 3714 quam
663 3647 991 3716 appellativa
1025 3649 1424 3718 signiﬁcatione
1455 3651 1680 3720 intelligi
1713 3660 1892 3721 potest
1915 3652 2053 3724 (10).

471 3734 674 3791 Verum
725 3754 790 3792 ex
819 3739 1243 3808 antiquissimis,
1273 3742 1475 3811 quibus
1525 3743 1612 3796 usi
1647 3759 1862 3809 sumus,
1901 3743 2058 3798 codi-

469 3827 626 3882 cibus
676 3844 810 3884 mss.
856 3831 1062 3885 rectius
1109 3833 1500 3900 comprobatur
1541 3833 1732 3889 titulus
1768 3834 1862 3887 τοῦ
1899 3835 2054 3904 ἁγίου

467 3919 789 3992 Μακαρίου,
828 3924 921 3991 qui
949 3932 1191 3976 sanctum
1217 3923 1535 3991 Macarium,
1567 3926 1786 3996 proprio
1833 3928 2057 3983 nomine

468 4011 739 4078 designat.
783 4010 860 4068 lla
912 4031 1147 4084 namque
1198 4016 1430 4087 legimus
1462 4018 1514 4071 in
1549 4016 2055 4088 NicephoriAntir-

468 4103 706 4166 rlteticis,
743 4106 835 4174 qui
883 4105 1161 4176 deperdita
1207 4109 1494 4178 scriptoris
1535 4112 1710 4166 nostri
1747 4111 2054 4182 fragmenta

467 4197 937 4264 complectuntur:
999 4200 1153 4269 Ἔχει
1203 4199 1380 4254 τοίνυν
1421 4203 1454 4272 ἡ
1498 4201 1598 4272 τῆς
1637 4204 1885 4275 χρήσεως
1932 4207 2054 4260 ὲπι-

466 4284 654 4355 γραφὴ
679 4279 781 4337 ὧδε
799 4302 812 4315 θ
847 4286 958 4339 Τοῦ
985 4288 1156 4357 ἁγίου
1182 4292 1489 4358 Maxaplov
1529 4293 1599 4346 ἐκ
1631 4294 1741 4361 τῆς
1769 4293 2054 4363 τετάρτης

463 4371 690 4435 βίϐλου
728 4372 847 4424 τῶν
886 4375 1316 4443 Ἀποκριτικῶν.
1364 4381 1549 4434 Ἔστιν
1584 4382 1680 4452 μὲν
1705 4378 1798 4437 οὖν
1823 4384 1934 4438 κάκ
1957 4384 2051 4438 τοῦ

2161 1901 2368 1954 muneri
2399 1901 2752 1954 ecclesiastico
2789 1899 3070 1963 addictus,
3104 1898 3444 1954 Christianus
3491 1909 3670 1952 tamen
3697 1909 3740 1951 et

2159 1991 2466 2045 orthodoxae
2485 1991 2610 2060 ﬁdei
2640 1991 2940 2044 doctrinam
2987 1990 3300 2060 professus?
3325 2002 3434 2045 etc.
3471 1990 3737 2045 Ceterum

2159 2081 2321 2154 longa
2367 2083 2548 2138 adhuc
2588 2083 2734 2138 facili
2796 2084 3016 2154 negotio
3049 2083 3141 2138 hic
3188 2082 3512 2153 percenseri
3567 2093 3742 2153 posset

2159 2178 2329 2232 series
2387 2185 2670 2234 auctorum
2750 2176 3246 2233 ecclesiasticarum
3277 2213 3298 2240 ,
3365 2176 3580 2247 quibus
3651 2176 3741 2230 hoc

2158 2287 2356 2325 nomen
2428 2272 2709 2342 proprium
2783 2270 3012 2326 Macarii
3067 2286 3192 2327 cum
3274 2279 3507 2327 auctore
3567 2279 3741 2324 nostra

2159 2379 2449 2418 commune
2477 2363 2610 2429 fuit;
2644 2364 2749 2418 nisi
2779 2379 2890 2418 rev.
2931 2363 2996 2418 U.
3037 2363 3105 2419 G.
3131 2361 3387 2419 Siberum
3411 2403 3430 2428 ,
3468 2363 3740 2436 professo-

2156 2473 2272 2512 rem
2303 2456 2637 2526 Lipsiensem
2661 2457 3176 2525 celebratissimum,
3193 2457 3539 2528 peculiarem
3575 2457 3742 2511 Ηὶειο·

2157 2550 2296 2606 riam
2327 2547 2495 2602 XLII
2534 2548 2900 2602 Macariorum
2925 2549 3136 2605 dudum
3165 2553 3580 2621 Qcomposuisse
3618 2552 3740 2621 (13),

2161 2656 2376 2696 necnon
2429 2641 2492 2697 Β.
2541 2640 2590 2697 J.
2635 2644 2701 2696 A.
2733 2641 3043 2698 Fabricium
3081 2645 3138 2700 in
3176 2645 3526 2699 Bibliotheca
3573 2645 3740 2700 Grca

2157 2732 2265 2786 vol.
2293 2729 2409 2797 VII,
2457 2747 2511 2800 p.
2547 2731 2676 2795 495,
2716 2731 2816 2785 SS.
2847 2731 2960 2802 jam
2992 2742 3107 2788 tum
3139 2734 3284 2788 ultra
3309 2749 3343 2787 ι.
3397 2733 3670 2788 Macarius
3697 2734 3742 2786 ia

2162 2824 2380 2894 scriptis
2411 2833 2657 2877 veterum
2685 2823 3008 2881 observasse
3037 2835 3335 2880 constaret.

2338 2913 2366 2984 ᾗ
2392 2911 2480 2966 1V.
2519 2911 2728 2967 Nomen
2756 2913 3044 2985 Magnetis,
3075 2916 3356 2984 proprium
3383 2915 3582 2984 gentis.

2229 3005 2387 3073 Quod
2410 3021 2538 3060 vero
2569 3006 2636 3060 ad
2664 3005 2925 3076 Magnetis
2955 3023 3154 3062 nomen
3188 3008 3392 3061 attinet
3419 3047 3436 3070 ,
3473 3007 3615 3061 istud
3643 3015 3744 3059 tum

2162 3101 2382 3170 integrat
2401 3099 2616 3154 cuidam
2649 3099 2794 3168 genti
2826 3099 2990 3154 tribui
3019 3114 3217 3168 posse,
3250 3105 3371 3152 tum
3406 3100 3580 3152 etiam
3633 3113 3748 3168 pro-

2158 3189 2336 3261 prium
2374 3187 2472 3242 viri
2526 3205 2725 3244 nomen
2769 3204 2913 3253 esse,
2952 3189 3105 3243 Varia
3144 3188 3518 3243 historiarum
3566 3204 3748 3242 manu-

2160 3290 2344 3337 menta
2372 3290 2664 3337 testantur.
2692 3279 2834 3334 'Dute
2864 3280 3011 3333 enim
3051 3280 3296 3335 celebres
3327 3278 3493 3336 fuere
3535 3283 3590 3335 in
3631 3281 3749 3335 Asia

2160 3372 2366 3428 Itinere
2415 3373 2682 3436 civitates,
2735 3371 3025 3441 Magnesia:
3072 3371 3267 3435 dictae;
3307 3387 3425 3426 una
3485 3361 3658 3426 Caria:
3686 3370 3744 3424 ad

2159 3463 2384 3519 ﬂuvium
2414 3463 2770 3528 Maeandrum,
2793 3464 2961 3517 altera
2990 3461 3238 3533 Phrygia}
3278 3462 3349 3516 ad
3392 3472 3637 3517 montem
3665 3459 3742 3514 Si-

2159 3557 2366 3629 pylum.
2411 3555 2561 3610 Illam
2605 3555 2798 3610 Conon
2855 3555 2997 3624 apud
3028 3553 3285 3627 Photium
3342 3557 3476 3609 cod.
3506 3566 3748 3617 cun",

2161 3657 2371 3704 narrat.
2405 3648 2494 3711 l9,
2525 3647 2654 3702 dicit
2688 3648 2766 3702 sic
2801 3647 3122 3716 appellatam
3168 3661 3199 3700 a
3243 3645 3624 3717 Magnetibus,
3663 3647 3748 3717 qui

2160 3741 2228 3794 ad
2251 3740 2486 3795 Peneum
2516 3733 2738 3793 [luvium
2768 3748 3118 3806 montemque
3153 3736 3371 3792 Peliam
3417 3741 3747 3796 habitarunt.

2159 3830 2435 3899 ductuque
2469 3837 2522 3884 et
2549 3827 2811 3899 auspiciis
2835 3827 3062 3882 Prothoi
3095 3837 3290 3883 contra
3327 3827 3613 3898 Trojanos
3653 3831 3746 3883 mi-

2157 3921 2474 3976 litaverunt.
2521 3917 2673 3975 Hanc
2699 3935 2828 3974 vero
2857 3917 3194 3989 Magnesiam
3232 3918 3547 3976 Thessalia:
3584 3937 3617 3976 a
3647 3919 3752 3975 Ma-

2159 4022 2318 4084 gnete
2341 4013 2471 4082 Argi
2503 4011 2614 4067 ﬁlio
2665 4028 2864 4067 nomen
2895 4013 3143 4068 sortitam
3171 4023 3366 4067 auctor
3390 4023 3480 4069 est
3525 4015 3750 4068 Antoni-

2157 4120 2263 4159 nus
2295 4104 2558 4159 Liberalis
2585 4103 2804 4159 Metam.
2845 4119 2966 4174 cap.
3006 4104 3079 4158 25
3111 4104 3225 4175 (Η)
3260 4105 3536 4160 Claudius
3583 4105 3753 4159 Ptole-

2157 4201 2505 4255 maausetiam
2540 4201 2590 4253 in
2617 4198 2943 4270 Geographia
2975 4198 3068 4252 lib.
3099 4207 3130 4249 v
3162 4196 3300 4266 (l5),
3328 4195 3678 4267 Magnesiam
3704 4199 3749 4249 in

2156 4290 2318 4346 Caria
2357 4290 2424 4344 ad
2477 4284 2813 4345 Maeandrum
2845 4289 3048 4343 diserte
3079 4287 3364 4355 distinguit
3405 4305 3436 4342 a
3469 4288 3750 4360 Magnesia

2156 4382 2373 4436 civitate
2438 4380 2494 4435 in
2537 4379 2706 4452 Lydia
2736 4390 2789 4435 et
2822 4378 3048 4435 Maeonia
3091 4395 3255 4449 penes
3319 4378 3579 4450 Sipylum
3627 4382 3749 4448 (ιδ).

467 4462 890 4534 ἐπιγράμματος
913 4463 1078 4518 αὐτοῦ
1109 4466 1169 4519 τὸ
1205 4465 1408 4537 ὕφαλον
1439 4487 1498 4522 τε
1531 4472 1626 4524 καὶ
1654 4471 1922 4542 βάσκανον
1953 4475 2049 4528 τοῦ

2160 4473 2239 4526 Ex
2279 4473 2399 4528 istis
2448 4472 2610 4542 igitur
2659 4471 2968 4538 civitatibus
3032 4469 3348 4542 Magnetes,
3412 4470 3751 4544 Thucydidi,

543 4619 619 4692 (9)
648 4619 725 4707 lla
760 4624 904 4704 enim
921 4624 1100 4707 _G_ra:ci
1121 4625 1232 4694 jam
1254 4635 1365 4682 tum
1392 4630 1534 4707 hanc
1568 4646 1755 4707 vocem
1784 4635 2057 4707 μακάριος

465 4691 808 4777 demortuis
829 4691 1432 4777 solebant—usurpare:
1464 4703 1624 4777 sicuti
1886 4709 1914 4759 ὁ
1939 4691 2056 4777 ’μαί

437 4761 681 4842 ηκᾴριος,
728 4774 780 4846 et
811 4766 1221 4846 apollinarisho
1267 4761 1682 4846 μακαριώτατος
1707 4761 2056 4846 ,__po'stqu'am

470 4834 654 4956 lvigere
711 4834 1022 4959 desiiisgent,
1051 4839 1118 4892 ab
1144 4834 1380 4894 Eusebio
1409 4834 1674 4897 vocantur
1710 4834 1866 4899 Hist.
1901 4834 2054 4915 eccl.,

494 4919 505 4954 ι
553 4941 565 4954 .
592 4918 646 4959 v.
680 4920 801 4959 «an.

494 4918 565 4956 ID.
592 4918 646 4966 V,
680 4920 801 4971 cap.
836 4918 923 4959 13-).

544 4973 810 5054 (10)
855 4973 1185 5054 Ttllcmonlii
1243 4977 1482 5034 Histoire
1526 4982 1616 5035 des
1664 5000 1981 5054 empereurs,
2011 4995 2051 5042 t.

468 5039 646 5116 1V,p_._
669 5043 772 5116 {87
804 5061 911 5113 sq.,
945 5047 994 5098 in
1037 5049 1322 5116 subjuncla
1355 5061 1502 5105 nota.

545 5113 826 5233 (ill).llinc
853 5127 1097 5186 apparet,
1128 5113 1430 5173 Macarium
1455 5137 1652 5176 nomen
1684 5123 1857 5180 fuisse
1890 5127 2056 5197 hujus

545 5199 572 5233 c
599 5199 732 5233 (ποις.

469 5199 732 5236 αυοιοιίε.

543 5253 654 5323 (ιε)
679 5253 1033 5331 leonomachi
1063 5257 1231 5323 enim,
1258 5260 1351 5328 qui
1389 5261 1456 5314 ad
1505 5262 1671 5331 hujus
1705 5267 1947 5320 auctoris
1980 5276 2058 5322 te-

470 5323 789 5407 stituionium
805 5323 1289 5407 .p'rovocaverant;
1304 5331 1556 5407 consulto
1577 5323 1785 5407 nomen
1833 5335 2054 5407 Magne-

471 5395 540 5476 tis
578 5395 665 5474 hic
707 5395 964 5449 on'tisisse
1017 5398 1293 5476 videntur,
1347 5409 1406 5453 ut
1450 5403 1522 5455 ita
1549 5405 1716 5458 alium
1762 5395 2054 5476 quemdam

469 5462 764 5534 Macarium
788 5479 906 5518 esse
941 5467 1348 5534 persuaderent.

541 5533 738 5603 (I5lln
771 5533 999 5603 epistola
1031 5538 1097 5589 ad
1132 5535 1196 5590 D.
1229 5538 1603 5596 Gleicheninm
1632 5543 1694 5602 A.
1723 5544 1860 5599 1710
1888 5547 2054 5602 edita.

469 5599 989 5680 Vill-.11nscltuldige
1017 5605 1375 5680 Nacltrichten
1407 5612 1564 5676 1710,
1600 5629 1652 5680 p.
1681 5599 1806 5672 316.

539 5672 651 5753 (lit)
692 5671 936 5753 Notantev
967 5675 1113 5753 Luca
1144 5677 1424 5753 Holstenio
1468 5681 1523 5753 in
1553 5671 1703 5738 'nbtis
1727 5671 1802 5738 et,
1823 5687 2059 5753 castiga-

468 5743 708 5798 tionibus
752 5745 804 5796 in
839 5743 1172 5815 Stephanum
1202 5748 1418 5820 Byzant.
1454 5750 1524 5804 De
1567 5756 1802 5822 urbibus,
1838 5773 1891 5827 p.
1931 5743 2053 5813 illi.

2255 4623 2342 4688 15)
2383 4622 2444 4679 P.
2481 4623 2602 4685 157,
2633 4625 2763 4680 edit.
2807 4626 2860 4677 in
2897 4623 2990 4679 fol.

2255 4694 2343 4766 16)
2385 4694 2773 4763 Specialiorem
2815 4695 3254 4766 descriptionem,
3280 4695 3372 4748 hic
3413 4694 3750 4766 subjungere

2158 4763 2344 4818 licebit
2391 4780 2458 4834 ex
2507 4763 3062 4834 auctorisgrarissiini
3103 4765 3403 4834 paucisque
3451 4763 3749 4821 admodum

2159 4834 2386 4901 cogniti,
2436 4833 2703 4906 Alph_onsi
2753 4829 2925 4906 Lasor
2977 4853 3006 4890 a
3060 4829 3232 4889 varea
3290 4829 3410 4905 (qui
3471 4853 3576 4906 per
3630 4855 3752 4891 ana-

2157 4919 2404 4972 gramma
2433 4914 2519 4958 est
2558 4903 2800 4972 Raphael
2840 4904 3196 4974 Savonarola)
3227 4903 3380 4959 torno
3417 4903 3488 4958 Il'
3512 4905 3752 4960 Unicern’

2159 4983 2422 5044 terrarum
2449 4975 2589 5026 orbis
2632 4977 2946 5044 scriptorum
2975 4977 3186 5028 calamo
3231 4975 3513 5038 delineati,
3549 4976 3752 5031 Patavii

2159 5043 2319 5116 4713,
2357 5044 2571 5116 duobus
2603 5043 2971 5116 voluminibus
3003 5047 3054 5098 in
3097 5045 3228 5099 folio
3255 5047 3426 5111 editi;
3465 5050 3637 5116 cujus
3674 5051 3749 5100 vi-

2161 5113 2566 5184 dendi_copiam
2612 5116 2744 5168 mihi
2777 5115 2906 5170 fecit
2936 5115 3165 5169 illustris
3201 5124 3366 5184 atque
3389 5113 3748 5171 consultissi-

2157 5197 2282 5237 mus
2327 5182 2750 5255 l_)rn_.gGruherus
2792 5186 2846 5238 in
2890 5186 3216 5240 bibliotheca
3261 5182 3412 5255 regia
3465 5186 3751 5241 Hannon-

2160 5269 2313 5306 rana.
2341 5252 2418 5306 lbi
2451 5253 2578 5324 hinc,
2607 5255 2884 5320 sigillatim
2918 5264 3099 5309 notata
3139 5252 3496 5324 reperiuntur
3533 5277 3549 5310 :
3596 5278 3618 5309 ι
3647 5260 3750 5310 μμ

2159 5325 2342 5395 gnesia
2396 5325 2528 5377 urbs
2551 5323 2724 5378 Caria:
2757 5327 2810 5378 in
2837 5326 2962 5380 Asia
2999 5323 3386 5395 Minori’prope
3417 5327 3748 5381 Maeandrum

2157 5393 2403 5462 fluvium,
2437 5395 2582 5448 unde
2608 5395 2749 5449 dicta
2781 5395 3051 5462 Magnesia
3082 5396 3148 5448 ad
3184 5393 3549 5460 Maeandrum,
3598 5411 3748 5451 anu-3

2158 5461 2509 5536 Tltessaloce,
2532 5475 2587 5519 et
2605 5461 2927 5528 Androlitia,
2957 5482 3122 5536 prope
3145 5463 3454 5520 Thoracem
3483 5482 3748 5526 montem,

2156 5533 2485 5609 episcopalis
2517 5537 2619 5590 sub
2646 5537 2887 5609 archiep.
2921 5533 3404 5609 Ephesino,‘nunc
3435 5537 3746 5609 Mangres‘u

2157 5604 2342 5676 vulgo,
2401 5615 2564 5674 caput
2609 5604 2867 5676 regionis,
2933 5604 3282 5676 xivvymillia
3347 5604 3623 5674 passuum
3685 5609 3750 5663 ab

2160 5670 2375 5741 Epheso
2424 5670 2482 5728 in
2519 5670 2696 5730 ortum
2741 5670 2859 5743 (sed
2900 5685 3034 5730 teste
3083 5675 3260 5731 Plinio
3311 5670 3523 5732 Hister.
3561 5682 3663 5734 lib.
3703 5696 3748 5734 ι’.

2159 5762 2276 5817 cap.
2316 5750 2415 5815 ‘29,
2457 5749 2722 5818 Magnesia
2772 5751 3028 5804 Menandri
3067 5754 3370 5821 cognomine
3407 5757 3674 5825 insignis.
3709 5777 3737 5810 ε
