3888 6504
152 317 293 377 1349

1345 322 1629 377 ΝΟΤΙΤΙΛ
1664 321 1751 376 ΕΤ
1801 320 2247 379 FRAGMENTA.

3280 328 3421 387 1550

132 441 415 507 Straboni,
441 453 494 499 et
525 442 704 499 Plinio
740 443 997 501 dicuntur
1026 446 1179 500 cives
1213 446 1294 500 vel
1328 448 1515 517 populi
1562 446 1704 501 istiu:

1830 461 2051 508 πευσεν,
2096 443 2251 497 οὔπω
2281 442 2534 515 λέγομεν,
2563 444 2669 508 ἓως
2708 445 2774 500 ἂν
2811 446 2872 500 τὸ
2908 446 3227 517 Μάγνητος
3267 449 3421 521 ἀκρι-

132 534 259 594 ioci.
301 536 368 589 de
393 536 591 605 quibus
622 536 876 592 Lucanus
915 538 1005 592 lib.
1049 554 1100 591 γι
1131 540 1238 592 ait:

240 625 305 680 Et
337 626 603 698 Magnetes
636 630 805 699 equis,
835 630 1031 700 Minya:
1056 644 1178 701 gens
1204 633 1411 702 cognita
1440 632 1619 686 remis.

207 718 462 774 Mulieres
502 729 683 775 autem
730 723 989 777 dicuntur
1019 723 1308 795 Magnesiae
1350 725 1433 778 vel
1478 723 1718 796 Magnes-

129 826 246 877 sm;
278 812 357 865 sic
392 814 535 866 enim
562 811 815 867 Horatius
840 815 934 868 lib.
971 830 1030 867 ιιι
1068 814 1277 879 Carm.,
1311 816 1403 869 od.
1444 815 1513 870 7:

206 902 545 972 Magnessam
580 903 919 973 Hippolytem
948 906 1072 957 dum
1117 907 1252 973 fugit
1286 905 1572 960 abstinens.

204 993 263 1047 In
293 994 411 1049 Nic.
443 994 638 1050 Frauc.
680 996 891 1068 llaymii
930 996 1120 1049 Tesoro
1167 997 1441 1051 Ilritanico
1483 998 1717 1052 Londiui

129 1089 274 1144 1720
298 1090 466 1153 edito,
501 1089 609 1143 vol.
642 1088 704 1154 ll,
744 1107 793 1159 p.
835 1090 965 1156 255,
1011 1100 1326 1145 recensetur
1368 1090 1716 1159 elegantissi-

124 1195 255 1235 mus
282 1192 540 1235 nummus
566 1182 668 1235 sub
692 1182 965 1237 Gordiano
992 1180 1088 1235 Pio
1114 1198 1303 1243 cusus,
1328 1198 1450 1236 cum
1482 1183 1581 1235 hac
1603 1180 1720 1251 epi-

124 1273 379 1341 grapho:
430 1274 738 1345 Μαγνήτων
772 1274 969 1344 ἑϐδόμη
1008 1275 1109 1343 τῆς
1162 1272 1363 1338 Ἀσίας,
1410 1272 1717 1341 Magnetum

123 1366 354 1431 septima
399 1366 567 1429 Asiae,
616 1367 745 1435 quia
786 1367 995 1419 scilicet
1044 1364 1317 1433 Magnesia
1366 1373 1484 1417 erat
1517 1380 1625 1417 una
1650 1379 1718 1417 ex

122 1459 391 1511 tredecim
439 1458 727 1528 prmcipuis
765 1459 1076 1511 civitatibus
1119 1458 1281 1518 Asiae,
1335 1457 1385 1508 in
1438 1472 1545 1523 qua
1587 1456 1716 1508 olim

125 1546 303 1601 Diana
331 1546 605 1601 Licolrine
630 1548 976 1615 potissimum
1010 1547 1153 1599 culta
1184 1544 1304 1597 fuit.
1346 1542 1587 1595 Pertinet
1615 1542 1720 1595 huc

122 1640 332 1710 pariter
357 1656 615 1696 nummus
648 1640 967 1695 rarissimus
995 1654 1023 1691 τι
1050 1637 1391 1708 Magnetibus
1424 1636 1479 1687 iu
1512 1649 1719 1687 memo—

122 1736 269 1789 riam
292 1733 571 1789 Ciceronis
621 1750 811 1798 cusus,
840 1749 963 1787 cum
994 1730 1289 1800 proconsul
1316 1737 1459 1783 esset
1480 1728 1716 1793 Ciliciae;

1823 535 2078 607 εέστερον
2123 539 2254 607 ἡμῖν
2294 537 2677 608 καταληφθείη
2732 538 3139 610 ἐξεταζόμενον,
3187 541 3417 611 πότερον

1821 630 2012 701 κύριον
2039 629 2070 699 ἦ
2100 629 2311 682 ἐθνικὸν
2335 630 2503 699 ὄνομα
2528 631 2784 700 τυγχάνει
2810 631 2869 684 ὃν
2890 648 2902 661 ⁸
2929 631 3267 705 λέγεταιγὰρ
3293 634 3415 688 καθ’

1823 721 2084 790 ἑκατέρου
2127 721 2186 773 τὸ
2228 721 2477 791 Μάγνης
2519 721 2709 792 ὄνομα.
2746 724 2934 793 Ἰσμεν
2979 725 3086 796 γὰρ
3115 724 3285 795 δήπου
3322 726 3417 781 καί

1820 829 1945 866 τινα
1972 812 2078 866 τῶν
2109 813 2352 884 ἀρχαίων
2396 812 2634 885 ποιητῶν
2668 813 2810 867 οὕτω
2842 817 3379 888 προσαγορευόμενον
3398 835 3412 848 ·

1822 904 1921 975 ἤδη
1968 904 2025 957 δὲ
2059 905 2152 957 καὶ
2185 904 2371 974 ἕτερον
2404 906 2648 974 οἰκιστὴν
2679 906 2843 958 τόπου
2884 906 3026 970 τινὸς
3072 909 3237 962 πάλαι
3274 912 3417 963 ἱστο-

1826 996 1916 1067 ρού
1926 1013 2084 1066 μενον
2112 996 2376 1066 ἔγνωμεν,
2401 999 2493 1065 ἀφ’
2510 991 2571 1050 οὗ
2594 1000 2625 1068 ή
2654 1000 2773 1051 κατ’
2798 1000 2957 1052 αὑτὸν
2989 1017 3053 1052 πε
3065 1003 3253 1071 ριοικ“ις
3277 1002 3417 1059 κατὰ

1820 1090 1919 1159 τὴν
1961 1089 2293 1161 Θετταλικὴν
2322 1090 2507 1163 χώραν
2552 1094 2779 1165 κειμένη
2814 1096 3105 1165 Μαγνησία
3154 1096 3413 1167 παρωνύ-

1834 1198 1950 1251 μως
1978 1181 2318 1251 ὠνόμασταιο
2357 1184 2450 1237 καὶ
2483 1186 2775 1257 Μάγνητες
2815 1187 2923 1241 τῶν
2956 1188 3080 1258 τῇδε
3112 1189 3414 1259 ᾠκημένων

1826 1271 2088 1340 ἱθαγενῶν
2116 1274 2176 1325 τὸ
2209 1273 2358 1337 ἔθνος
2378 1275 2616 1344 λέγεταιο
2640 1271 2714 1330 ὧν
2743 1277 2873 1340 ἴσως
2901 1279 3106 1332 ἐκεῖθεν
3135 1280 3291 1351 τυχὸν
3316 1280 3415 1351 μὲν

1822 1365 1915 1417 καὶ
1947 1365 2211 1435 ἀλλαχόσε
2242 1384 2355 1429 ποι,
2383 1370 2443 1420 οὐ
2478 1369 2581 1439 μὴν
2616 1370 2672 1422 δέ
2700 1387 2761 1438 γε
2797 1371 2890 1423 καὶ
2923 1372 3056 1442 πρὸς
3093 1373 3189 1441 τὴν
3233 1374 3413 1427 Ἀσιά-

1822 1457 1943 1510 τιδα
1981 1460 2380 1530 μετῳκηκότων
2407 1461 2533 1530 γῆν,
2552 1462 2661 1513 τῶν
2688 1463 2873 1515 αὐτόθι
2908 1465 3312 1537 καθιδρυμένων
3331 1484 3414 1521 τιο

1820 1548 1908 1611 νὲς
1934 1550 2141 1603 πόλεων
2170 1553 2483 1621 Μαγνησίαι
2520 1553 2612 1604 ἀπ’
2650 1553 2828 1606 αὐτῶν
2852 1555 3259 1626 ὲπικὲκληνται.
3293 1556 3373 1613 Cu
3392 1586 3403 1599 -

1812 1640 2032 1709 jusnam
2061 1652 2238 1695 autem
2270 1643 2415 1696 urbis
2440 1646 2680 1713 pontifex
2710 1646 2894 1714 fuerit,
2928 1658 2977 1701 et
3001 1664 3129 1714 quos
3156 1650 3289 1703 cives
3321 1666 3409 1703 re-

1820 1734 1980 1795 xerit,
2016 1734 2070 1786 id
2109 1735 2321 1803 quidem
2366 1737 2598 1788 nondum
2645 1737 2948 1806 deﬁnimus.
2973 1742 3148 1809 quoad
3183 1741 3247 1794 de
3290 1758 3413 1796 voce

121 1843 291 1897 quem
324 1838 717 1884 commemorat
760 1826 939 1881 Lucas
977 1824 1293 1880 llolstenius
1325 1825 1359 1877 Ι.
1409 1838 1459 1878 c.
1492 1838 1545 1891 p.
1596 1822 1717 1876 195.
1752 1810 1795 1865 Β
1823 1822 2107 1878 moneris
2136 1826 2329 1877 certius
2359 1825 2509 1879 nobis
2552 1836 2773 1890 constet,
2821 1830 2953 1882 sitne
2996 1832 3269 1897 proprium
3307 1832 3409 1883 viri

123 1922 272 1987 Quin
310 1932 363 1976 et
394 1923 585 1976 Cicero
616 1921 682 1974 ad
713 1919 776 1986 ρ.
813 1919 1035 1972 fratrem
1070 1916 1290 1972 scribit:
1334 1914 1409 1968 De
1439 1925 1486 1967 te
1523 1931 1553 1966 a
1594 1915 1714 1971 Ma-

119 2013 368 2085 gnetibus
400 2014 463 2066 ab
504 2013 689 2081 Sipylo
730 2012 923 2063 mentio
951 2018 1029 2063 est
1061 2008 1359 2077 honoriﬁca
1389 2008 1554 2077 facta,
1592 2026 1713 2062 cum

123 2122 175 2159 te
223 2118 388 2159 unum
432 2107 663 2158 dicerent
695 2104 1045 2172 postulationi
1081 2101 1144 2155 L.
1194 2100 1385 2155 Pansa:
1432 2103 1706 2156 restitisse.

120 2194 395 2268 Deinceps
431 2202 609 2252 autem
657 2196 963 2266 Magnesios
998 2197 1085 2250 vel
1127 2194 1502 2265 Magnesianos
1535 2195 1712 2251 dictos

119 2305 248 2345 esse
284 2286 494 2343 incolas
516 2302 680 2357 supra
720 2288 988 2341 dictarum
1031 2286 1335 2347 civitatum,
1362 2287 1707 2355 perspicuum

115 2390 209 2435 est
239 2396 307 2435 ex
338 2382 581 2452 epistolis
620 2380 677 2434 S.
709 2379 899 2450 lgnatii
944 2390 1056 2433 tum
1108 2380 1360 2447 genuinis
1400 2390 1515 2434 tum
1547 2381 1713 2436 inter-

117 2474 345 2543 polatis,
374 2489 511 2542 quas
536 2473 603 2526 ad
632 2474 851 2527 eosdem
876 2473 1108 2542 scriptas
1137 2472 1389 2540 legimus.

370 2562 397 2633 ᾗ
432 2562 494 2617 ν.
530 2562 793 2632 Magnetis
834 2578 1019 2615 nomen
1050 2562 1321 2631 proprium
1353 2560 1472 2615 viri.

192 2652 490 2709 Enimvero
532 2654 815 2724 proprium
857 2653 1021 2708 etiam
1060 2653 1386 2723 quibusdam
1429 2652 1562 2705 viris
1604 2650 1709 2705 hoc

118 2762 326 2801 nomen
366 2746 555 2809 fuisse,
584 2760 692 2811 quo
722 2759 841 2799 sese
870 2744 939 2797 ab
962 2743 1084 2796 aliis
1111 2743 1427 2805 distinxere,
1455 2743 1706 2811 exempla

117 2840 391 2910 Magnetis
414 2838 541 2907 Argi
600 2837 714 2902 lilii,
746 2836 1045 2891 conditoris
1069 2834 1358 2905 Magnesiae
1387 2834 1705 2901 Thessalia,

113 2932 391 3002 Magnetis
417 2931 612 2987 comici
638 2928 988 2984 Atheniensis
1015 2944 1080 2983 ex
1116 2930 1247 2982 urbe
1274 2927 1467 2993 lcario,
1498 2927 1711 2998 Magne-

119 3027 196 3080 tis
236 3035 408 3097 poetze
442 3023 732 3094 Smyrnaei,
762 3021 1028 3091 Magnetis
1064 3019 1542 3090 llierosolymitani
1585 3036 1711 3090 pre-

114 3117 351 3188 sbyteri,
384 3115 746 3182 aliorumque,
776 3112 1190 3165 demonstrant:
1220 3124 1454 3179 quorum
1481 3111 1711 3165 nonnul-

1821 1929 2028 1982 nomen,
2059 1930 2127 1966 an
2150 1916 2359 1983 gentis:
2398 1916 2462 1969 de
2504 1925 2723 1987 utroque
2754 1920 2893 1971 enim
2932 1920 3131 1972 dicitur
3156 1936 3253 1973 vox
3296 1920 3414 1975 Mli-

1816 2022 1970 2061 cans.
2021 2004 2232 2061 Scimus
2266 2010 2456 2077 quippe
2497 2018 2545 2062 ct
2578 2020 2807 2063 ueterum
2837 2021 3112 2077 poetarum
3141 2028 3301 2064 unum
3330 2012 3410 2065 sic

1821 2109 2181 2167 nuncupatum
2237 2102 2400 2169 fuisse
2431 2116 2453 2155 :
2494 2102 2618 2155 item
2664 2102 2829 2155 alium
2879 2105 3120 2157 novimus
3172 2105 3410 2174 antiquis

1819 2192 2160 2258 celebratum,
2209 2195 2313 2247 loci
2360 2194 2638 2263 cujusdam
2685 2196 3032 2263 conditorem,
3071 2215 3103 2249 a
3148 2214 3250 2265 quo
3296 2199 3406 2251 cir-

1819 2283 2116 2350 eumjacens
2170 2283 2477 2339 Thessalica
2528 2288 2669 2356 regio
2728 2287 3001 2357 Magnesia
3060 2289 3409 2344 denominata

1816 2384 1929 2436 est;
1961 2375 2223 2442 indigena:
2267 2388 2444 2430 autem
2497 2375 2771 2446 Magnetes
2810 2379 2960 2441 dicti,
2994 2380 3084 2448 qui
3119 2382 3259 2449 quod
3292 2381 3409 2449 for-

1818 2472 1957 2515 tasse
1983 2465 2104 2517 inde
2132 2481 2247 2517 cum
2278 2467 2331 2519 in
2365 2467 2502 2520 alias
2536 2485 2659 2523 oras
2688 2470 2801 2539 (l9)
2848 2481 2955 2523 tum
3001 2472 3056 2523 in
3108 2473 3404 2525 Asiaticum

1818 2564 2013 2607 terram
2048 2559 2535 2627 transmigrassent,
2574 2577 2633 2613 eo
2678 2561 2880 2630 factum
2910 2571 3009 2624 est,
3058 2572 3112 2616 ut
3162 2566 3407 2632 qtuednm

1815 2646 1927 2700 illic
1961 2647 2197 2716 fundata!
2227 2651 2376 2704 urbes
2409 2648 2696 2722 Magnesia:
2737 2656 2801 2705 ab
2853 2653 2919 2706 iis
2969 2654 3249 2723 appellata:
3273 2655 3403 2710 sint.

1820 2762 1847 2834 §
1878 2761 1966 2817 VI.
2001 2764 2248 2833 Episcopi
2282 2765 2585 2833 Magnesite.
2625 2766 2935 2821 Ostenditur
2964 2768 3261 2822 Macarium
3289 2769 3404 2823 Ma-

1886 2844 2096 2957 gnetum
2130 2841 2448 2904 episcopum,
2476 2854 2508 2891 a
2535 2838 2729 2892 Photio
2758 2850 3124 2903 memoratum,
3156 2858 3189 2894 a
3219 2848 3404 2894 nostra

1926 2922 2149 2957 wersum
2181 2923 2313 2957 esse.

1926 2922 2149 2959 aversum
2181 2923 2313 2962 €888.

1885 3014 2267 3085 Magnesianos
2291 3017 2404 3086 jam
2437 3017 2563 3073 inde
2602 3019 2669 3073 ab
2703 3018 3100 3090 illo'tempore,
3142 3037 3253 3091 quo
3280 3023 3400 3092 epid

1816 3108 2010 3164 stolam
2038 3111 2103 3164 ad
2135 3126 2231 3163 eos
2253 3110 2472 3179 scripsit
2497 3109 2556 3164 S.
2582 3112 2825 3181 lgnatius
2856 3128 2986 3167 suos
3013 3114 3267 3169 habuisse
3289 3115 3404 3183 epi-

114 3211 205 3265 los
246 3214 645 3263 commemorat
689 3206 888 3259 Suidas
928 3204 981 3258 in
1031 3201 1227 3256 Lexico
1270 3217 1318 3255 s.
1371 3211 1411 3257 t.
1458 3204 1707 3273 Μάγνης,
1738 3180 1783 3241 C
1814 3216 2031 3271 scopos,
2069 3202 2155 3255 vix
2201 3202 2437 3255 dubitari
2485 3212 2680 3272 potest.
2732 3220 2853 3258 eum
2902 3205 3016 3266 ipse
3060 3203 3300 3271 lgnatius
3340 3208 3401 3261 in

114 3306 308 3375 plures
333 3317 464 3356 vero
490 3308 734 3354 recenset
761 3296 1046 3351 Fabricius
1071 3295 1275 3365 passim
1304 3295 1357 3349 in
1386 3294 1711 3350 Bibliotheca

115 3395 333 3452 Greca.
368 3394 579 3460 Quibus
625 3392 805 3446 adhuc
847 3390 974 3443 addi
1015 3396 1277 3452 meretur,
1313 3389 1456 3457 quod
1498 3388 1554 3441 in
1602 3404 1706 3444 ms.

113 3488 321 3543 Lex-ica
371 3485 552 3540 Graeco
598 3483 808 3538 codicis
846 3479 1165 3536 Coisliniani
1202 3495 1440 3544 CLxxvu,
1487 3495 1553 3533 ex
1599 3495 1709 3549 quo

114 3581 359 3653 plurima
412 3578 556 3648 apud
610 3576 837 3630 Suidam
901 3574 1018 3629 loca
1077 3562 1313 3635 restitui,
1369 3588 1477 3627 non
1534 3587 1708 3642 pauca

111 3674 291 3730 etiam
340 3669 580 3741 suppleri
634 3683 797 3739 posse
855 3667 1135 3722 existimat
1193 3666 1303 3720 cel.
1365 3665 1710 3721 Montlauco-

110 3767 249 3821 nius
296 3761 436 3832 (17),
482 3759 580 3813 fol.
622 3760 727 3813 247
773 3759 1123 3813 observatum
1174 3757 1408 3826 legitur:
1455 3758 1704 3828 Μάγνης,

108 3860 297 3929 ὄνομα
328 3857 535 3927 κύριον,
566 3854 802 3924 Magnes,
831 3867 1014 3905 nomen
1043 3850 1314 3919 proprium
1342 3849 1476 3920 (l8).
1512 3848 1591 3902 Ex
1620 3850 1707 3905 his

106 3954 309 4024 igitur,
346 3965 465 4020 qua:
501 3949 644 4004 dicta
691 3955 840 4007 sunt.
882 3945 1056 3999 lucem
1099 3941 1376 4011 accipiunt
1412 3942 1575 3996 verba
1612 3939 1707 3995 Ni-

105 4051 346 4123 cephori
378 4049 699 4119 patriarcha:
723 4044 828 4100 CP.
868 4043 1226 4115 indignantis,
1260 4056 1456 4095 nomen
1491 4040 1709 4110 Magne-

109 4148 186 4201 tis
224 4141 480 4199 consulto
532 4140 796 4194 omissum
839 4136 1009 4191 fuisse
1052 4135 1121 4188 ab
1149 4132 1547 4196 lconomachis,
1578 4147 1704 4186 cum

108 4234 497 4293 testimonium
536 4232 709 4303 ipsius
738 4239 927 4285 contra
954 4244 1141 4283 sacras
1177 4227 1443 4296 imagines
1470 4228 1707 4282 adduce-

103 4339 261 4394 rent,
295 4337 356 4384 ιιι
399 4327 606 4382 scilicet
637 4327 784 4381 hunc
826 4323 994 4377 alium
1028 4337 1147 4376 esse
1173 4330 1450 4375 auctorem
1480 4335 1706 4389 persua-

102 4428 339 4490 derent;
369 4422 511 4478 unde
534 4422 587 4475 in
616 4419 817 4488 judicio
848 4418 1152 4473 antistitum
1181 4417 1610 4471 orthodoxorum
1638 4415 1704 4468 de

99 4517 301 4573 verbis
351 4514 573 4570 Macarii
618 4506 904 4582 Magnetis,
948 4525 1071 4580 qua:
1112 4509 1456 4563 lconomachi
1508 4515 1699 4562 contra
1732 4522 1775 4576 ι)

101 4610 390 4679 imagines
420 4621 606 4661 sacras
639 4604 803 4674 impie
833 4610 1251 4670 usurpaverant,
1287 4617 1475 4654 verum
1506 4610 1698 4654 aucto-

99 4705 191 4760 ris
226 4715 432 4756 nomen
472 4698 730 4754 restituit.
771 4695 945 4760 Quam
992 4694 1047 4748 in
1090 4709 1204 4748 rem
1246 4695 1364 4762 ipsa
1409 4692 1698 4763 Nicephori

96 4795 283 4855 .verba
325 4808 391 4847 ex
431 4791 617 4846 codice
656 4805 759 4843 ms.
796 4788 1017 4853 inedito,
1052 4801 1161 4856 quo
1192 4786 1277 4841 usi
1325 4801 1537 4850 sumus,
1564 4786 1619 4837 h.
1658 4786 1694 4839 l.

100 4897 428 4957 apponam:
460 4875 567 4943 Ἦς
614 4878 669 4931 δὲ
716 4877 925 4941 πόλεως
975 4878 1171 4948 ἱερεὺς,
1215 4875 1307 4929 καὶ
1350 4869 1423 4929 ὧν
1470 4874 1697 4945 ἐπετρό-

104 5095 426 5153 Thessalica
460 5092 735 5161 Magnesia
765 5103 901 5155 orta,
927 5094 1070 5146 abest
1100 5092 1162 5144 ab
1195 5091 1396 5161 Epheso
1422 5107 1490 5145 xv
1526 5093 1696 5147 millia

104 5110 426 5153 't'hessatica
460 5110 549 5146 tua
589 5110 735 5147 nesia
765 5110 901 5155 orta,
927 5110 1070 5146 aocst
1100 5110 1162 5144 ao
1195 5110 1396 5161 upneso
1422 5110 1490 5145 xv
1526 5110 1695 5147 mima

100 5166 499 5241 passuum),_a_
523 5110 701 5217 ﬁalle
730 5178 862 5241 xm}
890 5164 955 5241 _iit_
998 5165 1211 5241 t_r_te_ritl.,
1243 5180 1417 5241 Lxxha
1466 5162 1695 5241 Smyrna

103 5232 163 5296 iu
207 5247 395 5290 ortum
428 5234 736 5288 hibernum.
772 5252 789 5285 ι
823 5234 985 5288 Addit
1009 5235 1241 5287 ibidem:
1283 5252 1302 5283 α
1345 5232 1531 5286 Possis
1570 5232 1696 5286 Ma-

104 5308 342 5380 gnesius
384 5320 474 5380 res
512 5303 936 5380 Magnesiorum
963 5304 1269 5380 composuit
1318 5303 1521 5380 Graece.
1582 5302 1699 5356 Ma-

106 5372 309 5449 gnesia
349 5375 483 5430 urbs
528 5372 710 5449 Lydia;
750 5374 805 5429 in
846 5373 973 5449 Asia
1013 5374 1248 5449 Minori;
1268 5390 1411 5429 nunc
1440 5372 1696 5441 Magnesa

110 5445 372 5513 Menisso,
424 5447 744 5517 episcopalis
787 5448 886 5501 sub
928 5447 1167 5517 archiep.
1216 5445 1460 5517 Smyrn.,
1501 5461 1689 5499 versus

109 5520 334 5581 Sardes,
371 5527 425 5573 et
460 5516 531 5572 ad
563 5518 799 5587 Sipylum
848 5527 1105 5579 montem,
1140 5516 1200 5587 in
1239 5517 1406 5569 limite
1448 5516 1687 5585 Phrygia:

111 5590 353 5655 Maioris,
390 5597 473 5641 est
500 5586 667 5654 caput
689 5587 941 5657 regionis,
976 5587 1076 5641 sub
1106 5586 1294 5657 Turcis
1323 5602 1444 5657 cum
1482 5601 1624 5639 arce.
1659 5605 1680 5637 ι

110 5659 249 5711 Vide
280 5658 582 5711 Baudrandi
616 5655 785 5711 Lexic.
827 5656 1003 5723 ϐροςι..
1034 5656 1134 5709 sub
1165 5672 1294 5709 voce
1324 5655 1613 5723 Magnesia.

188 5728 299 5799 (l7)
334 5728 389 5781 In
418 5727 729 5780 Bibliotheca
762 5724 1105 5790 Coisliniana,
1141 5743 1189 5795 p.
1221 5728 1324 5781 950
1347 5738 1397 5780 et
1425 5728 1551 5781 256.

1813 3293 2038 3363 epistola
2077 3293 2311 3363 genuina
2340 3292 2407 3346 ad
2439 3292 2747 3362 Magnesios
2774 3293 2974 3362 scripta
3009 3293 3232 3347 Damam
3260 3294 3400 3364 ipso-

1810 3400 1935 3438 rum
1977 3384 2295 3452 episr:0pum
2333 3384 2588 3445 celebret,
2630 3392 2683 3437 et
2714 3398 2743 3436 a
2775 3383 3103 3452 presbyteris
3146 3384 3313 3439 Basso
3344 3392 3399 3440 et

1810 3475 2097 3544 Apollonio
2125 3474 2447 3545 distinguat.
2479 3474 2633 3541 Quod
2678 3475 2855 3543 ipsum
2891 3484 2945 3528 et
2995 3474 3395 3537 Eusebiusﬂi—

1810 3580 1940 3623 stor.
1972 3568 2154 3621 cccles.
2185 3568 2277 3621 lib.
2309 3583 2391 3636 ιιι,
2420 3584 2540 3637 cap.
2570 3566 2659 3631 56,
2692 3567 2996 3633 confirmat,
3023 3568 3090 3621 de
3110 3568 3210 3621 hac
3240 3569 3397 3637 lgna-

1812 3658 1870 3713 tii
1909 3658 2142 3728 epistola
2185 3658 2257 3712 ita
2298 3658 2581 3713 scribens:
2629 3657 2853 3728 Ἑτέραν
2899 3657 2957 3709 δὲ
3002 3657 3146 3728 (scil.
3176 3657 3395 3710 ἐπιστοο

1809 3739 2028 3821 λὴνΥτῇ
2064 3751 2121 3804 ὲν
2160 3749 2452 3822 Μαγνησίᾳ
2482 3753 2548 3821 τῇ
2596 3750 2731 3821 πρὸς
2764 3748 3086 3820 Μαιάνδρῳ,
3122 3747 3249 3801 ἔνθα
3286 3748 3394 3802 πά-

1807 3840 1891 3897 λιν
1945 3842 2242 3896 ἐπισκόπου
2295 3843 2457 3913 Δὰμα
2518 3843 2738 3913 μνήμην
2791 3841 3108 3913 πεποίηται.
3155 3840 3396 3895 Alterum

1808 3951 2008 4004 quoque
2034 3936 2176 3987 dedit
2200 3936 2477 4003 epistolam
2506 3934 2574 3987 ad
2608 3932 2903 3987 Ecclesium
2938 3932 3229 4002 Magnesia:
3266 3932 3395 3985 civi-

1810 4029 1955 4091 tatis,
1993 4043 2110 4096 qua:
2135 4028 2203 4078 ad
2234 4024 2569 4081 Mwandrum
2595 4027 2701 4078 sita
2732 4036 2830 4087 est,
2861 4026 2914 4077 in
2952 4041 3054 4094 qua
3090 4025 3251 4078 etiam
3279 4023 3392 4077 Da-

1808 4133 1949 4170 mam
1978 4119 2278 4187 episcopum
2312 4118 2575 4169 nominat.
2606 4115 2951 4184 Quapropler
2989 4127 3043 4169 et
3070 4116 3122 4168 in
3152 4115 3392 4184 antiquis

1810 4208 2030 4265 Notitiis
2065 4209 2269 4264 Gt'zecis
2317 4219 2546 4277 utraque
2586 4207 2864 4277 Magnesia
2907 4214 3021 4259 tum
3070 4207 3137 4260 ad
3186 4205 3389 4262 Μωαιιο

1806 4302 1990 4367 drum,
2024 4310 2137 4355 tum
2167 4302 2232 4354 ad
2267 4298 2534 4369 Sipylum,
2577 4298 2630 4350 in
2667 4297 2946 4367 provincia
2978 4297 3121 4351 Asia:
3155 4313 3391 4367 procon-

1808 4396 1976 4449 sulari
2009 4394 2147 4447 inter
2174 4392 2333 4447 sedes
2354 4389 2694 4461 episcopales
2722 4389 2957 4444 refertur
2982 4390 3093 4461 (20)
3122 4406 3135 4441 :
3174 4390 3387 4458 specia-

1807 4485 2013 4554 timque
2040 4483 2278 4538 Eusemii
2312 4483 2552 4553 episcopi
2586 4498 2616 4535 a
2647 4481 2919 4551 Magnesia
2946 4482 3224 4551 (corrupte
3262 4483 3389 4551 legi-

1807 4582 1893 4628 tur
1936 4573 2259 4644 Magnentio)
2301 4573 2355 4626 in
2404 4572 2639 4628 concilio
2681 4572 2992 4627 Sat-dicensi
3023 4573 3087 4625 A.
3133 4572 3195 4631 (Σ.
3244 4572 3384 4640 54η

1802 4666 2022 4721 Macarii
2053 4666 2363 4737 Magnetum
2397 4667 2637 4736 episcopi
2681 4667 2734 4720 in
2767 4665 2978 4734 synodo
3010 4665 3075 4718 ad
3110 4668 3382 4729 Quercum

1801 4769 1989 4813 contra
2020 4758 2287 4813 Joannem
2316 4759 2768 4829 Chrysostomum
2804 4760 2867 4809 A.
2903 4757 2964 4812 C.
3012 4756 3119 4812 405
3161 4758 3383 4824 habita;

1802 4852 2012 4922 Daphni
2073 4852 2366 4923 Magnesia:
2414 4850 2674 4906 Maeandri
2730 4850 2970 4918 episcopi
3032 4850 3085 4905 in
3150 4850 3382 4905 concilio

1871 5095 1984 5167 (l8)
2026 5095 2116 5150 Sic
2147 5103 2202 5149 et
2244 5094 2584 5167 Porphyrius
2612 5094 2709 5149 lib.
2750 5110 2788 5148 ιι
2822 5094 2961 5161 Περὶ
3003 5094 3270 5167 ⁸ἀποχης,
3320 5111 3377 5164 p.

1798 5164 2001 5237 19:24,
2049 5175 2316 5237 memorat
2351 5164 2521 5236 ἄνδρα
2558 5168 2828 5237 Μάγνητα
2872 5168 2937 5218 ἐκ
2966 5164 3065 5233 τῆς
3110 5165 3310 5229 Ἀσίας,
3347 5182 3378 5220 a

1797 5236 2150 5304 Theopompo
2178 5235 2477 5289 laudatum.

1868 5306 1979 5374 (19)
2020 5304 2077 5375 lu
2112 5307 2329 5359 Cretam
2361 5306 2591 5371 scilicet,
2628 5306 2783 5375 juxta
2812 5304 3054 5360 Cononis
3100 5306 3372 5359 narratio-

1802 5392 1923 5430 nem
1966 5377 2018 5428 in
2049 5374 2225 5429 Photii
2274 5374 2774 5440 Bibliotheca,7cod.
2810 5393 3063 5441 CLXXXVI,
3095 5377 3253 5430 artic.
3284 5376 3374 5430 29.

1868 5447 1980 5514 (‘20)
2017 5445 2177 5500 Conf.
2209 5444 2473 5517 Harduini
2502 5448 2669 5500 Index
2706 5450 3367 5517 geographicus_episcopa-

1797 5524 1942 5569 tuum
1972 5517 2025 5569 in
2053 5526 2201 5569 tomo
2252 5516 2317 5568 ΧΙ
2350 5515 2731 5579 (λοησίίὶονιιιη,
2758 5515 2813 5585 p.
2841 5518 2963 5579 775,
2995 5527 3049 5571 et
3084 5515 3135 5569 J.
3166 5522 3229 5570 Λ.
3269 5516 3374 5570 Fa-

1794 5587 1951 5641 bricii
1996 5586 2169 5640 Index
2199 5590 2574 5657 geographicus
2602 5589 2996 5656 episcopatunm
3041 5587 3182 5639 orbis
3215 5587 3375 5657 Chri-

1794 5658 1978 5719 stiani,
2028 5674 2080 5725 ιι.
2130 5660 2266 5719 ιοσ,
2300 5656 2635 5723 subjunctus
2678 5658 2920 5727 ejusdem
2972 5657 3211 5711 Salutari
3262 5656 3374 5713 ιιιεὲ

1796 5727 2091 5796 Evangelii,
2126 5726 2321 5783 llamb.
2364 5729 2523 5791 1751,
2558 5731 2611 5783 4.
