  <div class='ocr_page' id='page_1' title='image "/cluster/home/n/w/nwhite01/storage/ocr_20150623/10/hvd.32044019207620/683.png"; bbox 0 0 3888 6476; ppageno 0'>
   <div class='ocr_carea' id='block_1_1' title="bbox 499 297 633 354">
    <p class='ocr_par' dir='ltr' id='par_1_1' title="bbox 499 297 633 354">
     <span class='ocr_line' id='line_1_1' title="bbox 499 297 633 354; baseline -0.015 -1"><span class='ocrx_word' id='word_1_1' title='bbox 499 297 633 354; x_wconf 70' lang='grc' dir='ltr'><strong>ιδοι</strong></span> 
     </span>
    </p>
   </div>
   <div class='ocr_carea' id='block_1_2' title="bbox 1774 297 2490 357">
    <p class='ocr_par' dir='ltr' id='par_1_2' title="bbox 1774 297 2490 357">
     <span class='ocr_line' id='line_1_2' title="bbox 1774 297 2490 357; baseline 0.003 -5"><span class='ocrx_word' id='word_1_2' title='bbox 1774 298 2131 357; x_wconf 79' lang='lat' dir='ltr'><strong>MACARIUS</strong></span> <span class='ocrx_word' id='word_1_3' title='bbox 2189 297 2490 355; x_wconf 74' lang='lat' dir='ltr'><strong>MAGNES.</strong></span> 
     </span>
    </p>
   </div>
   <div class='ocr_carea' id='block_1_3' title="bbox 3635 305 3780 359">
    <p class='ocr_par' dir='ltr' id='par_1_3' title="bbox 3635 305 3780 359">
     <span class='ocr_line' id='line_1_3' title="bbox 3635 305 3780 359; baseline 0 -1"><span class='ocrx_word' id='word_1_4' title='bbox 3635 305 3780 359; x_wconf 64' lang='grc' dir='ltr'><strong>Ιὸτῑξ</strong></span> 
     </span>
    </p>
   </div>
   <div class='ocr_carea' id='block_1_4' title="bbox 497 412 3782 489">
    <p class='ocr_par' dir='ltr' id='par_1_4' title="bbox 497 412 3782 489">
     <span class='ocr_line' id='line_1_4' title="bbox 497 412 3782 489; baseline 0.001 -20"><span class='ocrx_word' id='word_1_5' title='bbox 497 412 774 482; x_wconf 71' lang='lat' dir='ltr'><strong>Ephesio)</strong></span> <span class='ocrx_word' id='word_1_6' title='bbox 822 414 889 468; x_wconf 84' lang='lat' dir='ltr'><strong>A.</strong></span> <span class='ocrx_word' id='word_1_7' title='bbox 945 413 1007 468; x_wconf 92' lang='lat' dir='ltr'><strong>C.</strong></span> <span class='ocrx_word' id='word_1_8' title='bbox 1058 414 1200 480; x_wconf 70' lang='lat'><strong>451;</strong></span> <span class='ocrx_word' id='word_1_9' title='bbox 1238 414 1456 470; x_wconf 78' lang='lat' dir='ltr'><strong>Eusebii</strong></span> <span class='ocrx_word' id='word_1_10' title='bbox 1505 414 1743 487; x_wconf 71' lang='lat' dir='ltr'><strong>cpiscopi</strong></span> <span class='ocrx_word' id='word_1_11' title='bbox 1792 416 2082 488; x_wconf 66' lang='lat' dir='ltr'><strong>Magnesiae</strong></span> <span class='ocrx_word' id='word_1_12' title='bbox 2111 424 2153 478; x_wconf 75' lang='grc' dir='ltr'><strong>Α</strong></span> <span class='ocrx_word' id='word_1_13' title='bbox 2185 417 2353 473; x_wconf 84' lang='lat' dir='ltr'><strong>fuisse</strong></span> <span class='ocrx_word' id='word_1_14' title='bbox 2394 420 2646 489; x_wconf 89' lang='lat' dir='ltr'><strong>legimus,</strong></span> <span class='ocrx_word' id='word_1_15' title='bbox 2682 426 2969 489; x_wconf 74' lang='lat' dir='ltr'><strong>propterea</strong></span> <span class='ocrx_word' id='word_1_16' title='bbox 3006 418 3150 487; x_wconf 90' lang='lat' dir='ltr'><strong>quod</strong></span> <span class='ocrx_word' id='word_1_17' title='bbox 3196 417 3539 472; x_wconf 78' lang='lat' dir='ltr'><strong>Heraclidem</strong></span> <span class='ocrx_word' id='word_1_18' title='bbox 3590 417 3782 471; x_wconf 79' lang='lat' dir='ltr'><strong>diaco-</strong></span> 
     </span>
    </p>
   </div>
   <div class='ocr_carea' id='block_1_5' title="bbox 502 505 2073 577">
    <p class='ocr_par' dir='ltr' id='par_1_5' title="bbox 502 505 2073 577">
     <span class='ocr_line' id='line_1_5' title="bbox 502 505 2073 577; baseline -0.001 -15"><span class='ocrx_word' id='word_1_19' title='bbox 502 508 738 562; x_wconf 85' lang='lat' dir='ltr'><strong>civitatis</strong></span> <span class='ocrx_word' id='word_1_20' title='bbox 786 505 955 577; x_wconf 83' lang='lat' dir='ltr'><strong>Sipyli</strong></span> <span class='ocrx_word' id='word_1_21' title='bbox 1005 506 1058 560; x_wconf 93' lang='lat' dir='ltr'><strong>in</strong></span> <span class='ocrx_word' id='word_1_22' title='bbox 1107 508 1337 561; x_wconf 88' lang='lat' dir='ltr'><strong>concilio</strong></span> <span class='ocrx_word' id='word_1_23' title='bbox 1385 507 1658 577; x_wconf 81' lang='lat' dir='ltr'><strong>Ephesino</strong></span> <span class='ocrx_word' id='word_1_24' title='bbox 1707 510 1773 562; x_wconf 87' lang='lat' dir='ltr'><strong>A.</strong></span> <span class='ocrx_word' id='word_1_25' title='bbox 1815 509 1879 562; x_wconf 88' lang='lat' dir='ltr'><strong>C.</strong></span> <span class='ocrx_word' id='word_1_26' title='bbox 1938 509 2073 575; x_wconf 67' lang='lat'><strong>431;</strong></span> 
     </span>
    </p>
   </div>
   <div class='ocr_carea' id='block_1_6' title="bbox 498 599 2077 671">
    <p class='ocr_par' dir='ltr' id='par_1_6' title="bbox 498 599 2077 671">
     <span class='ocr_line' id='line_1_6' title="bbox 498 599 2077 671; baseline 0 -16"><span class='ocrx_word' id='word_1_27' title='bbox 498 599 710 655; x_wconf 79' lang='lat' dir='ltr'><strong>Leontii</strong></span> <span class='ocrx_word' id='word_1_28' title='bbox 765 600 1010 669; x_wconf 85' lang='lat' dir='ltr'><strong>episcopi</strong></span> <span class='ocrx_word' id='word_1_29' title='bbox 1076 599 1365 669; x_wconf 70' lang='lat' dir='ltr'><strong>Magnesia:</strong></span> <span class='ocrx_word' id='word_1_30' title='bbox 1428 599 1685 654; x_wconf 73' lang='lat' dir='ltr'><strong>Maaandri</strong></span> <span class='ocrx_word' id='word_1_31' title='bbox 1752 599 1806 653; x_wconf 91' lang='lat' dir='ltr'><strong>in</strong></span> <span class='ocrx_word' id='word_1_32' title='bbox 1870 601 2077 671; x_wconf 88' lang='lat' dir='ltr'><strong>synodo</strong></span> 
     </span>
    </p>
   </div>
   <div class='ocr_carea' id='block_1_7' title="bbox 497 688 2076 760">
    <p class='ocr_par' dir='ltr' id='par_1_7' title="bbox 497 688 2076 760">
     <span class='ocr_line' id='line_1_7' title="bbox 497 688 2076 760; baseline 0.001 -18"><span class='ocrx_word' id='word_1_33' title='bbox 497 688 771 760; x_wconf 80' lang='lat' dir='ltr'><strong>Ephesina</strong></span> <span class='ocrx_word' id='word_1_34' title='bbox 816 706 874 754; x_wconf 88' lang='grc' dir='ltr'><strong>ιι,</strong></span> <span class='ocrx_word' id='word_1_35' title='bbox 921 690 986 743; x_wconf 81' lang='grc' dir='ltr'><strong>Α.</strong></span> <span class='ocrx_word' id='word_1_36' title='bbox 1033 688 1095 744; x_wconf 89' lang='lat' dir='ltr'><strong>C.</strong></span> <span class='ocrx_word' id='word_1_37' title='bbox 1143 689 1267 753; x_wconf 69' lang='grc'><strong>449,</strong></span> <span class='ocrx_word' id='word_1_38' title='bbox 1316 689 1458 744; x_wconf 90' lang='lat' dir='ltr'><strong>etin</strong></span> <span class='ocrx_word' id='word_1_39' title='bbox 1499 690 1732 745; x_wconf 91' lang='lat' dir='ltr'><strong>concilio</strong></span> <span class='ocrx_word' id='word_1_40' title='bbox 1772 691 2076 745; x_wconf 80' lang='lat' dir='ltr'><strong>Chalcedo-</strong></span> 
     </span>
    </p>
   </div>
   <div class='ocr_carea' id='block_1_8' title="bbox 497 780 2079 854">
    <p class='ocr_par' dir='ltr' id='par_1_8' title="bbox 497 780 2079 854">
     <span class='ocr_line' id='line_1_8' title="bbox 497 780 2079 854; baseline -0.002 -16"><span class='ocrx_word' id='word_1_41' title='bbox 497 784 653 839; x_wconf 90' lang='lat' dir='ltr'><strong>nensi</strong></span> <span class='ocrx_word' id='word_1_42' title='bbox 685 784 749 836; x_wconf 84' lang='lat' dir='ltr'><strong>A.</strong></span> <span class='ocrx_word' id='word_1_43' title='bbox 781 783 907 845; x_wconf 75' lang='grc'><strong>451,</strong></span> <span class='ocrx_word' id='word_1_44' title='bbox 938 792 992 837; x_wconf 90' lang='lat' dir='ltr'><strong>et</strong></span> <span class='ocrx_word' id='word_1_45' title='bbox 1017 784 1071 837; x_wconf 87' lang='lat' dir='ltr'><strong>in</strong></span> <span class='ocrx_word' id='word_1_46' title='bbox 1114 783 1323 854; x_wconf 81' lang='lat' dir='ltr'><strong>synodo</strong></span> <span class='ocrx_word' id='word_1_47' title='bbox 1364 782 1607 837; x_wconf 86' lang='lat' dir='ltr'><strong>Romana</strong></span> <span class='ocrx_word' id='word_1_48' title='bbox 1646 784 1708 836; x_wconf 81' lang='grc' dir='ltr'><strong>Α.</strong></span> <span class='ocrx_word' id='word_1_49' title='bbox 1737 784 1873 847; x_wconf 79' lang='lat'><strong>503;</strong></span> <span class='ocrx_word' id='word_1_50' title='bbox 1912 780 2079 836; x_wconf 87' lang='lat' dir='ltr'><strong>Patri-</strong></span> 
     </span>
    </p>
   </div>
   <div class='ocr_carea' id='block_1_9' title="bbox 495 872 2074 943">
    <p class='ocr_par' dir='ltr' id='par_1_9' title="bbox 495 872 2074 943">
     <span class='ocr_line' id='line_1_9' title="bbox 495 872 2074 943; baseline -0.001 -14"><span class='ocrx_word' id='word_1_51' title='bbox 495 875 565 929; x_wconf 86' lang='lat' dir='ltr'><strong>cii</strong></span> <span class='ocrx_word' id='word_1_52' title='bbox 613 876 855 943; x_wconf 84' lang='lat' dir='ltr'><strong>episcopi</strong></span> <span class='ocrx_word' id='word_1_53' title='bbox 903 872 1197 943; x_wconf 66' lang='lat' dir='ltr'><strong>Magnesiaa</strong></span> <span class='ocrx_word' id='word_1_54' title='bbox 1253 874 1399 927; x_wconf 87' lang='lat' dir='ltr'><strong>circa</strong></span> <span class='ocrx_word' id='word_1_55' title='bbox 1449 872 1783 927; x_wconf 60' lang='lat' dir='ltr'><strong>Maeandrum</strong></span> <span class='ocrx_word' id='word_1_56' title='bbox 1840 874 2074 929; x_wconf 75' lang='lat' dir='ltr'><strong>civitatis</strong></span> 
     </span>
    </p>
   </div>
   <div class='ocr_carea' id='block_1_10' title="bbox 494 962 2075 1033">
    <p class='ocr_par' dir='ltr' id='par_1_10' title="bbox 494 962 2075 1033">
     <span class='ocr_line' id='line_1_10' title="bbox 494 962 2075 1033; baseline 0 -15"><span class='ocrx_word' id='word_1_57' title='bbox 494 964 712 1018; x_wconf 77' lang='lat' dir='ltr'><strong>Asiana:</strong></span> <span class='ocrx_word' id='word_1_58' title='bbox 752 964 1009 1033; x_wconf 79' lang='lat' dir='ltr'><strong>regionis,</strong></span> <span class='ocrx_word' id='word_1_59' title='bbox 1058 962 1113 1016; x_wconf 94' lang='lat' dir='ltr'><strong>in</strong></span> <span class='ocrx_word' id='word_1_60' title='bbox 1160 962 1392 1017; x_wconf 92' lang='lat' dir='ltr'><strong>concilio</strong></span> <span class='ocrx_word' id='word_1_61' title='bbox 1433 964 1773 1017; x_wconf 82' lang='lat' dir='ltr'><strong>(ecumenieo</strong></span> <span class='ocrx_word' id='word_1_62' title='bbox 1820 962 1910 1029; x_wconf 77' lang='lat' dir='ltr'><strong>V&#39;l,</strong></span> <span class='ocrx_word' id='word_1_63' title='bbox 1961 964 2075 1018; x_wconf 89' lang='lat' dir='ltr'><strong>sive</strong></span> 
     </span>
    </p>
   </div>
   <div class='ocr_carea' id='block_1_11' title="bbox 498 1050 2075 1127">
    <p class='ocr_par' dir='ltr' id='par_1_11' title="bbox 498 1050 2075 1127">
     <span class='ocr_line' id='line_1_11' title="bbox 498 1050 2075 1127; baseline 0.001 -18"><span class='ocrx_word' id='word_1_64' title='bbox 498 1050 1105 1123; x_wconf 81' lang='lat' dir='ltr'><strong>Constantinopolitano</strong></span> <span class='ocrx_word' id='word_1_65' title='bbox 1148 1070 1235 1118; x_wconf 91' lang='grc' dir='ltr'><strong>ιιι,</strong></span> <span class='ocrx_word' id='word_1_66' title='bbox 1281 1055 1345 1107; x_wconf 84' lang='grc' dir='ltr'><strong>Α.</strong></span> <span class='ocrx_word' id='word_1_67' title='bbox 1376 1054 1436 1109; x_wconf 93' lang='lat' dir='ltr'><strong>C.</strong></span> <span class='ocrx_word' id='word_1_68' title='bbox 1478 1055 1615 1120; x_wconf 84' lang='lat'><strong>681;</strong></span> <span class='ocrx_word' id='word_1_69' title='bbox 1653 1054 1913 1124; x_wconf 84' lang='lat' dir='ltr'><strong>Stephani</strong></span> <span class='ocrx_word' id='word_1_70' title='bbox 1961 1058 2075 1127; x_wconf 89' lang='lat' dir='ltr'><strong>epi-</strong></span> 
     </span>
    </p>
   </div>
   <div class='ocr_carea' id='block_1_12' title="bbox 496 1148 2077 1220">
    <p class='ocr_par' dir='ltr' id='par_1_12' title="bbox 496 1148 2077 1220">
     <span class='ocr_line' id='line_1_12' title="bbox 496 1148 2077 1220; baseline -0.001 -15"><span class='ocrx_word' id='word_1_71' title='bbox 496 1151 647 1220; x_wconf 89' lang='lat' dir='ltr'><strong>scopi</strong></span> <span class='ocrx_word' id='word_1_72' title='bbox 688 1149 976 1217; x_wconf 65' lang='lat' dir='ltr'><strong>Maguesiaa</strong></span> <span class='ocrx_word' id='word_1_73' title='bbox 1016 1148 1362 1205; x_wconf 65' lang='lat' dir='ltr'><strong>IEmiliorum</strong></span> <span class='ocrx_word' id='word_1_74' title='bbox 1411 1150 1696 1220; x_wconf 79' lang='grc' dir='ltr'><strong>(Αἰμιλίων</strong></span> <span class='ocrx_word' id='word_1_75' title='bbox 1744 1149 1939 1220; x_wconf 87' lang='lat' dir='ltr'><strong>legitur</strong></span> <span class='ocrx_word' id='word_1_76' title='bbox 1976 1165 2077 1219; x_wconf 92' lang='lat' dir='ltr'><strong>pro</strong></span> 
     </span>
    </p>
   </div>
   <div class='ocr_carea' id='block_1_13' title="bbox 495 1240 2071 1311">
    <p class='ocr_par' dir='ltr' id='par_1_13' title="bbox 495 1240 2071 1311">
     <span class='ocr_line' id='line_1_13' title="bbox 495 1240 2071 1311; baseline 0.001 -18"><span class='ocrx_word' id='word_1_77' title='bbox 495 1240 764 1311; x_wconf 82' lang='grc' dir='ltr'>Σιπύλων)</span> <span class='ocrx_word' id='word_1_78' title='bbox 790 1241 1103 1309; x_wconf 75' lang='lat' dir='ltr'><strong>provincire,</strong></span> <span class='ocrx_word' id='word_1_79' title='bbox 1134 1241 1187 1294; x_wconf 93' lang='lat' dir='ltr'><strong>in</strong></span> <span class='ocrx_word' id='word_1_80' title='bbox 1214 1250 1367 1295; x_wconf 77' lang='lat' dir='ltr'><strong>sexta</strong></span> <span class='ocrx_word' id='word_1_81' title='bbox 1395 1241 1604 1311; x_wconf 83' lang='lat' dir='ltr'><strong>synodo</strong></span> <span class='ocrx_word' id='word_1_82' title='bbox 1635 1240 1893 1295; x_wconf 90' lang='lat' dir='ltr'><strong>Trullana</strong></span> <span class='ocrx_word' id='word_1_83' title='bbox 1921 1240 1985 1294; x_wconf 83' lang='lat' dir='ltr'><strong>A.</strong></span> <span class='ocrx_word' id='word_1_84' title='bbox 2009 1242 2071 1294; x_wconf 90' lang='lat' dir='ltr'><strong>C.</strong></span> 
     </span>
    </p>
   </div>
   <div class='ocr_carea' id='block_1_14' title="bbox 496 1330 2076 1402">
    <p class='ocr_par' dir='ltr' id='par_1_14' title="bbox 496 1330 2076 1402">
     <span class='ocr_line' id='line_1_14' title="bbox 496 1330 2076 1402; baseline 0.001 -19"><span class='ocrx_word' id='word_1_85' title='bbox 496 1330 652 1402; x_wconf 81' lang='lat'><strong>706);</strong></span> <span class='ocrx_word' id='word_1_86' title='bbox 684 1331 869 1387; x_wconf 85' lang='lat' dir='ltr'><strong>Basilii</strong></span> <span class='ocrx_word' id='word_1_87' title='bbox 900 1332 1140 1401; x_wconf 88' lang='lat' dir='ltr'><strong>episcopi</strong></span> <span class='ocrx_word' id='word_1_88' title='bbox 1180 1330 1469 1399; x_wconf 67' lang='lat' dir='ltr'><strong>Magnesia:</strong></span> <span class='ocrx_word' id='word_1_89' title='bbox 1500 1331 1552 1384; x_wconf 90' lang='lat' dir='ltr'><strong>in</strong></span> <span class='ocrx_word' id='word_1_90' title='bbox 1584 1331 1816 1385; x_wconf 89' lang='lat' dir='ltr'><strong>concilio</strong></span> <span class='ocrx_word' id='word_1_91' title='bbox 1844 1346 2076 1385; x_wconf 76' lang='lat' dir='ltr'><strong>(ecumc-</strong></span> 
     </span>
    </p>
   </div>
   <div class='ocr_carea' id='block_1_15' title="bbox 493 1420 2075 1491">
    <p class='ocr_par' dir='ltr' id='par_1_15' title="bbox 493 1420 2075 1491">
     <span class='ocr_line' id='line_1_15' title="bbox 493 1420 2075 1491; baseline 0.001 -17"><span class='ocrx_word' id='word_1_92' title='bbox 493 1421 618 1476; x_wconf 87' lang='lat' dir='ltr'><strong>nico</strong></span> <span class='ocrx_word' id='word_1_93' title='bbox 655 1420 765 1488; x_wconf 85' lang='lat' dir='ltr'><strong>VII,</strong></span> <span class='ocrx_word' id='word_1_94' title='bbox 808 1422 923 1476; x_wconf 85' lang='lat' dir='ltr'><strong>sive</strong></span> <span class='ocrx_word' id='word_1_95' title='bbox 965 1420 1183 1475; x_wconf 82' lang='lat' dir='ltr'><strong>Nicaeno</strong></span> <span class='ocrx_word' id='word_1_96' title='bbox 1226 1436 1286 1483; x_wconf 90' lang='grc' dir='ltr'><strong>ιι,</strong></span> <span class='ocrx_word' id='word_1_97' title='bbox 1330 1422 1394 1473; x_wconf 82' lang='grc' dir='ltr'><strong>Α.</strong></span> <span class='ocrx_word' id='word_1_98' title='bbox 1442 1421 1505 1475; x_wconf 93' lang='lat' dir='ltr'><strong>C.</strong></span> <span class='ocrx_word' id='word_1_99' title='bbox 1549 1421 1684 1488; x_wconf 87' lang='lat'><strong>787;</strong></span> <span class='ocrx_word' id='word_1_100' title='bbox 1732 1422 2075 1491; x_wconf 89' lang='lat' dir='ltr'><strong>aliorumque</strong></span> 
     </span>
    </p>
   </div>
   <div class='ocr_carea' id='block_1_16' title="bbox 492 1511 2075 1583">
    <p class='ocr_par' dir='ltr' id='par_1_16' title="bbox 492 1511 2075 1583">
     <span class='ocr_line' id='line_1_16' title="bbox 492 1511 2075 1583; baseline -0.001 -17"><span class='ocrx_word' id='word_1_101' title='bbox 492 1513 727 1583; x_wconf 90' lang='lat' dir='ltr'><strong>plurium</strong></span> <span class='ocrx_word' id='word_1_102' title='bbox 777 1513 1047 1581; x_wconf 85' lang='lat' dir='ltr'><strong>sequioris</strong></span> <span class='ocrx_word' id='word_1_103' title='bbox 1085 1512 1260 1565; x_wconf 72' lang='lat' dir='ltr'><strong>relatis</strong></span> <span class='ocrx_word' id='word_1_104' title='bbox 1295 1511 1517 1564; x_wconf 90' lang='lat' dir='ltr'><strong>nomina</strong></span> <span class='ocrx_word' id='word_1_105' title='bbox 1560 1511 1613 1565; x_wconf 93' lang='lat' dir='ltr'><strong>in</strong></span> <span class='ocrx_word' id='word_1_106' title='bbox 1654 1512 2075 1581; x_wconf 18' lang='lat' dir='ltr'><strong>subscriptioni-r</strong></span> 
     </span>
    </p>
   </div>
   <div class='ocr_carea' id='block_1_17' title="bbox 490 1601 2073 1671">
    <p class='ocr_par' dir='ltr' id='par_1_17' title="bbox 490 1601 2073 1671">
     <span class='ocr_line' id='line_1_17' title="bbox 490 1601 2073 1671; baseline 0 -14"><span class='ocrx_word' id='word_1_107' title='bbox 490 1603 594 1657; x_wconf 87' lang='lat' dir='ltr'><strong>bus</strong></span> <span class='ocrx_word' id='word_1_108' title='bbox 633 1602 990 1657; x_wconf 88' lang='lat' dir='ltr'><strong>conciliorum</strong></span> <span class='ocrx_word' id='word_1_109' title='bbox 1032 1610 1351 1656; x_wconf 84' lang='lat' dir='ltr'><strong>conservata</strong></span> <span class='ocrx_word' id='word_1_110' title='bbox 1405 1601 1883 1671; x_wconf 88' lang='lat' dir='ltr'><strong>deprehendimus.</strong></span> <span class='ocrx_word' id='word_1_111' title='bbox 1931 1603 2073 1659; x_wconf 89' lang='lat' dir='ltr'><strong>Insi-</strong></span> 
     </span>
    </p>
   </div>
   <div class='ocr_carea' id='block_1_18' title="bbox 491 1693 2074 1765">
    <p class='ocr_par' dir='ltr' id='par_1_18' title="bbox 491 1693 2074 1765">
     <span class='ocr_line' id='line_1_18' title="bbox 491 1693 2074 1765; baseline 0.001 -17"><span class='ocrx_word' id='word_1_112' title='bbox 491 1694 614 1765; x_wconf 88' lang='lat' dir='ltr'><strong>gnis</strong></span> <span class='ocrx_word' id='word_1_113' title='bbox 658 1694 747 1747; x_wconf 92' lang='lat' dir='ltr'><strong>hic</strong></span> <span class='ocrx_word' id='word_1_114' title='bbox 788 1693 1027 1748; x_wconf 88' lang='lat' dir='ltr'><strong>occurrit</strong></span> <span class='ocrx_word' id='word_1_115' title='bbox 1076 1694 1230 1747; x_wconf 91' lang='lat' dir='ltr'><strong>locus</strong></span> <span class='ocrx_word' id='word_1_116' title='bbox 1284 1693 1487 1758; x_wconf 88' lang='lat' dir='ltr'><strong>Photii,</strong></span> <span class='ocrx_word' id='word_1_117' title='bbox 1528 1702 1582 1747; x_wconf 87' lang='lat' dir='ltr'><strong>et</strong></span> <span class='ocrx_word' id='word_1_118' title='bbox 1633 1694 2074 1750; x_wconf 85' lang='lat' dir='ltr'><strong>consideratione</strong></span> 
     </span>
    </p>
   </div>
   <div class='ocr_carea' id='block_1_19' title="bbox 2184 505 3773 577">
    <p class='ocr_par' dir='ltr' id='par_1_19' title="bbox 2184 505 3773 577">
     <span class='ocr_line' id='line_1_19' title="bbox 2184 505 3773 577; baseline -0.001 -17"><span class='ocrx_word' id='word_1_119' title='bbox 2184 524 2313 561; x_wconf 91' lang='lat' dir='ltr'><strong>num</strong></span> <span class='ocrx_word' id='word_1_120' title='bbox 2350 524 2510 562; x_wconf 91' lang='lat' dir='ltr'><strong>suum</strong></span> <span class='ocrx_word' id='word_1_121' title='bbox 2547 506 2833 577; x_wconf 70' lang='lat' dir='ltr'><strong>Ephesinaa</strong></span> <span class='ocrx_word' id='word_1_122' title='bbox 2864 505 3123 561; x_wconf 67' lang='lat' dir='ltr'><strong>Ecclesia:</strong></span> <span class='ocrx_word' id='word_1_123' title='bbox 3149 507 3534 561; x_wconf 81' lang='lat' dir='ltr'><strong>constituisset</strong></span> <span class='ocrx_word' id='word_1_124' title='bbox 3558 506 3773 574; x_wconf 81' lang='lat' dir='ltr'><strong>episeo-</strong></span> 
     </span>
    </p>
   </div>
   <div class='ocr_carea' id='block_1_20' title="bbox 2184 596 3769 668">
    <p class='ocr_par' dir='ltr' id='par_1_20' title="bbox 2184 596 3769 668">
     <span class='ocr_line' id='line_1_20' title="bbox 2184 596 3769 668; baseline 0 -17"><span class='ocrx_word' id='word_1_125' title='bbox 2184 614 2333 668; x_wconf 91' lang='lat' dir='ltr'><strong>pum.</strong></span> <span class='ocrx_word' id='word_1_126' title='bbox 2385 597 2596 653; x_wconf 75' lang='lat' dir='ltr'><strong>Exinde</strong></span> <span class='ocrx_word' id='word_1_127' title='bbox 2633 596 2799 667; x_wconf 79' lang='lat' dir='ltr'><strong>igitur</strong></span> <span class='ocrx_word' id='word_1_128' title='bbox 2830 614 2937 652; x_wconf 92' lang='lat' dir='ltr'><strong>non</strong></span> <span class='ocrx_word' id='word_1_129' title='bbox 2972 598 3091 652; x_wconf 91' lang='lat' dir='ltr'><strong>sine</strong></span> <span class='ocrx_word' id='word_1_130' title='bbox 3135 614 3335 668; x_wconf 90' lang='lat' dir='ltr'><strong>magna</strong></span> <span class='ocrx_word' id='word_1_131' title='bbox 3362 597 3769 668; x_wconf 77' lang='lat' dir='ltr'><strong>probabilitatis</strong></span> 
     </span>
    </p>
   </div>
   <div class='ocr_carea' id='block_1_21' title="bbox 2182 690 3775 761">
    <p class='ocr_par' dir='ltr' id='par_1_21' title="bbox 2182 690 3775 761">
     <span class='ocr_line' id='line_1_21' title="bbox 2182 690 3775 761; baseline -0.001 -17"><span class='ocrx_word' id='word_1_132' title='bbox 2182 690 2364 759; x_wconf 84' lang='lat' dir='ltr'><strong>specie</strong></span> <span class='ocrx_word' id='word_1_133' title='bbox 2412 691 2667 761; x_wconf 87' lang='lat' dir='ltr'><strong>colligere</strong></span> <span class='ocrx_word' id='word_1_134' title='bbox 2712 690 2859 754; x_wconf 88' lang='lat' dir='ltr'><strong>licet,</strong></span> <span class='ocrx_word' id='word_1_135' title='bbox 2903 690 3041 745; x_wconf 90' lang='lat' dir='ltr'><strong>duos</strong></span> <span class='ocrx_word' id='word_1_136' title='bbox 3078 691 3162 745; x_wconf 91' lang='lat' dir='ltr'><strong>vel</strong></span> <span class='ocrx_word' id='word_1_137' title='bbox 3206 691 3391 760; x_wconf 88' lang='lat' dir='ltr'><strong>plures</strong></span> <span class='ocrx_word' id='word_1_138' title='bbox 3433 691 3599 745; x_wconf 88' lang='lat' dir='ltr'><strong>istius</strong></span> <span class='ocrx_word' id='word_1_139' title='bbox 3630 690 3775 743; x_wconf 84' lang='lat' dir='ltr'><strong>urbis</strong></span> 
     </span>
    </p>
   </div>
   <div class='ocr_carea' id='block_1_22' title="bbox 2182 780 3773 852">
    <p class='ocr_par' dir='ltr' id='par_1_22' title="bbox 2182 780 3773 852">
     <span class='ocr_line' id='line_1_22' title="bbox 2182 780 3773 852; baseline 0.001 -18"><span class='ocrx_word' id='word_1_140' title='bbox 2182 780 2475 851; x_wconf 75' lang='lat' dir='ltr'><strong>Magnesia:</strong></span> <span class='ocrx_word' id='word_1_141' title='bbox 2504 783 2793 852; x_wconf 90' lang='lat' dir='ltr'><strong>episcopos</strong></span> <span class='ocrx_word' id='word_1_142' title='bbox 2830 783 2972 836; x_wconf 89' lang='lat' dir='ltr'><strong>idem</strong></span> <span class='ocrx_word' id='word_1_143' title='bbox 3002 798 3199 837; x_wconf 87' lang='lat' dir='ltr'><strong>nomen</strong></span> <span class='ocrx_word' id='word_1_144' title='bbox 3230 783 3455 837; x_wconf 80' lang='lat' dir='ltr'><strong>Macarii</strong></span> <span class='ocrx_word' id='word_1_145' title='bbox 3492 783 3773 845; x_wconf 80' lang='lat' dir='ltr'><strong>habuisse,</strong></span> 
     </span>
    </p>
   </div>
   <div class='ocr_carea' id='block_1_23' title="bbox 2182 873 3774 944">
    <p class='ocr_par' dir='ltr' id='par_1_23' title="bbox 2182 873 3774 944">
     <span class='ocr_line' id='line_1_23' title="bbox 2182 873 3774 944; baseline -0.001 -18"><span class='ocrx_word' id='word_1_146' title='bbox 2182 873 2237 927; x_wconf 91' lang='lat' dir='ltr'><strong>in</strong></span> <span class='ocrx_word' id='word_1_147' title='bbox 2283 875 2483 942; x_wconf 87' lang='lat' dir='ltr'><strong>quibus</strong></span> <span class='ocrx_word' id='word_1_148' title='bbox 2518 891 2649 929; x_wconf 88' lang='lat' dir='ltr'><strong>vero</strong></span> <span class='ocrx_word' id='word_1_149' title='bbox 2685 875 2872 943; x_wconf 89' lang='lat' dir='ltr'><strong>dispar</strong></span> <span class='ocrx_word' id='word_1_150' title='bbox 2909 876 3106 938; x_wconf 70' lang='lat' dir='ltr'><strong>anatis,</strong></span> <span class='ocrx_word' id='word_1_151' title='bbox 3138 890 3245 944; x_wconf 91' lang='lat' dir='ltr'><strong>qua</strong></span> <span class='ocrx_word' id='word_1_152' title='bbox 3273 875 3541 935; x_wconf 81' lang='lat' dir='ltr'><strong>ﬂoruere,</strong></span> <span class='ocrx_word' id='word_1_153' title='bbox 3579 884 3631 927; x_wconf 85' lang='lat' dir='ltr'><strong>et</strong></span> <span class='ocrx_word' id='word_1_154' title='bbox 3666 873 3774 941; x_wconf 81' lang='lat' dir='ltr'><strong>opi-</strong></span> 
     </span>
    </p>
   </div>
   <div class='ocr_carea' id='block_1_24' title="bbox 2182 965 3706 1035">
    <p class='ocr_par' dir='ltr' id='par_1_24' title="bbox 2182 965 3706 1035">
     <span class='ocr_line' id='line_1_24' title="bbox 2182 965 3706 1035; baseline -0.002 -16"><span class='ocrx_word' id='word_1_155' title='bbox 2182 966 2431 1030; x_wconf 80' lang='lat' dir='ltr'><strong>nionum,</strong></span> <span class='ocrx_word' id='word_1_156' title='bbox 2457 982 2594 1035; x_wconf 91' lang='lat' dir='ltr'><strong>quas</strong></span> <span class='ocrx_word' id='word_1_157' title='bbox 2622 965 2855 1033; x_wconf 83' lang='lat' dir='ltr'><strong>amplexi</strong></span> <span class='ocrx_word' id='word_1_158' title='bbox 2887 975 3035 1029; x_wconf 89' lang='lat' dir='ltr'><strong>sunt,</strong></span> <span class='ocrx_word' id='word_1_159' title='bbox 3061 965 3403 1020; x_wconf 82' lang='lat' dir='ltr'><strong>observanda</strong></span> <span class='ocrx_word' id='word_1_160' title='bbox 3426 973 3515 1019; x_wconf 88' lang='lat' dir='ltr'><strong>est</strong></span> <span class='ocrx_word' id='word_1_161' title='bbox 3542 965 3706 1018; x_wconf 80' lang='lat' dir='ltr'><strong>ratio.</strong></span> 
     </span>
    </p>
   </div>
   <div class='ocr_carea' id='block_1_25' title="bbox 2432 1055 3529 1128">
    <p class='ocr_par' dir='ltr' id='par_1_25' title="bbox 2432 1055 3529 1128">
     <span class='ocr_line' id='line_1_25' title="bbox 2432 1055 3529 1128; baseline -0.001 -19"><span class='ocrx_word' id='word_1_162' title='bbox 2432 1056 2459 1128; x_wconf 85' lang='lat'>§</span> <span class='ocrx_word' id='word_1_163' title='bbox 2493 1055 2606 1110; x_wconf 73' lang='lat' dir='ltr'><strong>VII.</strong></span> <span class='ocrx_word' id='word_1_164' title='bbox 2659 1056 2961 1110; x_wconf 81' lang='lat' dir='ltr'><strong>Macarium</strong></span> <span class='ocrx_word' id='word_1_165' title='bbox 2994 1058 3158 1125; x_wconf 81' lang='lat' dir='ltr'><strong>fuisse</strong></span> <span class='ocrx_word' id='word_1_166' title='bbox 3198 1058 3529 1125; x_wconf 74' lang='lat' dir='ltr'><strong>episcopum.</strong></span> 
     </span>
    </p>
   </div>
   <div class='ocr_carea' id='block_1_26' title="bbox 2254 1146 3771 1219">
    <p class='ocr_par' dir='ltr' id='par_1_26' title="bbox 2254 1146 3771 1219">
     <span class='ocr_line' id='line_1_26' title="bbox 2254 1146 3771 1219; baseline -0.001 -16"><span class='ocrx_word' id='word_1_167' title='bbox 2254 1148 2509 1205; x_wconf 84' lang='lat' dir='ltr'><strong>Nostrum</strong></span> <span class='ocrx_word' id='word_1_168' title='bbox 2542 1165 2703 1219; x_wconf 90' lang='lat' dir='ltr'><strong>porro</strong></span> <span class='ocrx_word' id='word_1_169' title='bbox 2726 1148 3354 1217; x_wconf 77' lang='lat' dir='ltr'><strong>MacariunrMagnetem</strong></span> <span class='ocrx_word' id='word_1_170' title='bbox 3380 1147 3578 1202; x_wconf 86' lang='lat' dir='ltr'><strong>itidem</strong></span> <span class='ocrx_word' id='word_1_171' title='bbox 3615 1146 3771 1203; x_wconf 75' lang='lat' dir='ltr'><strong>fuisse</strong></span> 
     </span>
    </p>
   </div>
   <div class='ocr_carea' id='block_1_27' title="bbox 2181 1239 3771 1311">
    <p class='ocr_par' dir='ltr' id='par_1_27' title="bbox 2181 1239 3771 1311">
     <span class='ocr_line' id='line_1_27' title="bbox 2181 1239 3771 1311; baseline -0.003 -16"><span class='ocrx_word' id='word_1_172' title='bbox 2181 1242 2533 1311; x_wconf 85' lang='lat' dir='ltr'><strong>episcopum,</strong></span> <span class='ocrx_word' id='word_1_173' title='bbox 2572 1242 2715 1294; x_wconf 92' lang='lat' dir='ltr'><strong>inter</strong></span> <span class='ocrx_word' id='word_1_174' title='bbox 2762 1241 2870 1294; x_wconf 93' lang='lat' dir='ltr'><strong>alia</strong></span> <span class='ocrx_word' id='word_1_175' title='bbox 2910 1241 2990 1293; x_wconf 81' lang='lat' dir='ltr'><strong>vel</strong></span> <span class='ocrx_word' id='word_1_176' title='bbox 3030 1239 3221 1294; x_wconf 90' lang='lat' dir='ltr'><strong>titulus</strong></span> <span class='ocrx_word' id='word_1_177' title='bbox 3265 1239 3524 1310; x_wconf 75' lang='grc' dir='ltr'>ἱερὰρχου</span> <span class='ocrx_word' id='word_1_178' title='bbox 3578 1240 3771 1301; x_wconf 87' lang='lat' dir='ltr'><strong>innuit,</strong></span> 
     </span>
    </p>
   </div>
   <div class='ocr_carea' id='block_1_28' title="bbox 2181 1330 3771 1400">
    <p class='ocr_par' dir='ltr' id='par_1_28' title="bbox 2181 1330 3771 1400">
     <span class='ocr_line' id='line_1_28' title="bbox 2181 1330 3771 1400; baseline -0.001 -15"><span class='ocrx_word' id='word_1_179' title='bbox 2181 1331 2274 1399; x_wconf 87' lang='lat' dir='ltr'><strong>qui</strong></span> <span class='ocrx_word' id='word_1_180' title='bbox 2311 1332 2484 1385; x_wconf 89' lang='lat' dir='ltr'><strong>eidem</strong></span> <span class='ocrx_word' id='word_1_181' title='bbox 2529 1331 2808 1396; x_wconf 84' lang='lat' dir='ltr'><strong>tribuitur,</strong></span> <span class='ocrx_word' id='word_1_182' title='bbox 2836 1339 2889 1385; x_wconf 87' lang='lat' dir='ltr'><strong>et</strong></span> <span class='ocrx_word' id='word_1_183' title='bbox 2910 1330 3310 1400; x_wconf 88' lang='lat' dir='ltr'><strong>antiquissimis</strong></span> <span class='ocrx_word' id='word_1_184' title='bbox 3334 1332 3467 1385; x_wconf 87' lang='lat' dir='ltr'><strong>olim</strong></span> <span class='ocrx_word' id='word_1_185' title='bbox 3507 1332 3771 1384; x_wconf 80' lang='lat' dir='ltr'><strong>antistiti-</strong></span> 
     </span>
    </p>
   </div>
   <div class='ocr_carea' id='block_1_29' title="bbox 2181 1422 3765 1492">
    <p class='ocr_par' dir='ltr' id='par_1_29' title="bbox 2181 1422 3765 1492">
     <span class='ocr_line' id='line_1_29' title="bbox 2181 1422 3765 1492; baseline -0.001 -16"><span class='ocrx_word' id='word_1_186' title='bbox 2181 1424 2284 1478; x_wconf 86' lang='lat' dir='ltr'><strong>bus</strong></span> <span class='ocrx_word' id='word_1_187' title='bbox 2310 1422 2411 1477; x_wconf 81' lang='lat' dir='ltr'><strong>fuit</strong></span> <span class='ocrx_word' id='word_1_188' title='bbox 2439 1424 2750 1478; x_wconf 86' lang='lat' dir='ltr'><strong>communis</strong></span> <span class='ocrx_word' id='word_1_189' title='bbox 2775 1440 2787 1475; x_wconf 94' lang='lat'>:</span> <span class='ocrx_word' id='word_1_190' title='bbox 2826 1438 2950 1478; x_wconf 89' lang='lat' dir='ltr'><strong>cum</strong></span> <span class='ocrx_word' id='word_1_191' title='bbox 2974 1423 3331 1478; x_wconf 83' lang='lat' dir='ltr'><strong>ecclesiastici</strong></span> <span class='ocrx_word' id='word_1_192' title='bbox 3362 1424 3676 1492; x_wconf 85' lang='lat' dir='ltr'><strong>scriptores</strong></span> <span class='ocrx_word' id='word_1_193' title='bbox 3702 1425 3765 1474; x_wconf 79' lang='grc' dir='ltr'><strong>ἱε-</strong></span> 
     </span>
    </p>
   </div>
   <div class='ocr_carea' id='block_1_30' title="bbox 2185 1515 3768 1587">
    <p class='ocr_par' dir='ltr' id='par_1_30' title="bbox 2185 1515 3768 1587">
     <span class='ocr_line' id='line_1_30' title="bbox 2185 1515 3768 1587; baseline -0.004 -19"><span class='ocrx_word' id='word_1_194' title='bbox 2185 1515 2314 1587; x_wconf 81' lang='grc' dir='ltr'><strong>ρέας</strong></span> <span class='ocrx_word' id='word_1_195' title='bbox 2355 1525 2409 1569; x_wconf 91' lang='lat' dir='ltr'><strong>et</strong></span> <span class='ocrx_word' id='word_1_196' title='bbox 2442 1515 2752 1570; x_wconf 85' lang='lat' dir='ltr'><strong>sacerdotes</strong></span> <span class='ocrx_word' id='word_1_197' title='bbox 2779 1515 3049 1584; x_wconf 91' lang='lat' dir='ltr'><strong>appellare</strong></span> <span class='ocrx_word' id='word_1_198' title='bbox 3078 1515 3290 1568; x_wconf 89' lang='lat' dir='ltr'><strong>soleant</strong></span> <span class='ocrx_word' id='word_1_199' title='bbox 3310 1515 3481 1568; x_wconf 87' lang='lat' dir='ltr'><strong>duces</strong></span> <span class='ocrx_word' id='word_1_200' title='bbox 3507 1523 3570 1566; x_wconf 85' lang='lat' dir='ltr'><strong>et</strong></span> <span class='ocrx_word' id='word_1_201' title='bbox 3600 1525 3768 1567; x_wconf 72' lang='lat' dir='ltr'><strong>recto-</strong></span> 
     </span>
    </p>
   </div>
   <div class='ocr_carea' id='block_1_31' title="bbox 2184 1606 3769 1679">
    <p class='ocr_par' dir='ltr' id='par_1_31' title="bbox 2184 1606 3769 1679">
     <span class='ocr_line' id='line_1_31' title="bbox 2184 1606 3769 1679; baseline -0.001 -19"><span class='ocrx_word' id='word_1_202' title='bbox 2184 1623 2273 1662; x_wconf 86' lang='lat' dir='ltr'><strong>res</strong></span> <span class='ocrx_word' id='word_1_203' title='bbox 2314 1609 2492 1679; x_wconf 85' lang='lat' dir='ltr'><strong>gregis</strong></span> <span class='ocrx_word' id='word_1_204' title='bbox 2538 1607 2856 1671; x_wconf 86' lang='lat' dir='ltr'><strong>Christiani,</strong></span> <span class='ocrx_word' id='word_1_205' title='bbox 2906 1606 3164 1677; x_wconf 80' lang='grc' dir='ltr'>ἱεράρχας</span> <span class='ocrx_word' id='word_1_206' title='bbox 3206 1621 3334 1660; x_wconf 88' lang='lat' dir='ltr'><strong>vero</strong></span> <span class='ocrx_word' id='word_1_207' title='bbox 3377 1614 3433 1658; x_wconf 83' lang='lat' dir='ltr'><strong>et</strong></span> <span class='ocrx_word' id='word_1_208' title='bbox 3474 1607 3769 1675; x_wconf 72' lang='grc' dir='ltr'><strong>ἀρχιερέας</strong></span> 
     </span>
    </p>
   </div>
   <div class='ocr_carea' id='block_1_32' title="bbox 2180 1698 3769 1769">
    <p class='ocr_par' dir='ltr' id='par_1_32' title="bbox 2180 1698 3769 1769">
     <span class='ocr_line' id='line_1_32' title="bbox 2180 1698 3769 1769; baseline -0.001 -16"><span class='ocrx_word' id='word_1_209' title='bbox 2180 1700 2467 1769; x_wconf 84' lang='lat' dir='ltr'><strong>pontiﬁces</strong></span> <span class='ocrx_word' id='word_1_210' title='bbox 2502 1708 2665 1768; x_wconf 88' lang='lat' dir='ltr'><strong>atque</strong></span> <span class='ocrx_word' id='word_1_211' title='bbox 2690 1700 2979 1769; x_wconf 87' lang='lat' dir='ltr'><strong>episcopos</strong></span> <span class='ocrx_word' id='word_1_212' title='bbox 3004 1699 3238 1765; x_wconf 71' lang='lat' dir='ltr'><strong>(22),vel</strong></span> <span class='ocrx_word' id='word_1_213' title='bbox 3264 1698 3391 1767; x_wconf 85' lang='lat' dir='ltr'><strong>quia</strong></span> <span class='ocrx_word' id='word_1_214' title='bbox 3428 1707 3559 1750; x_wconf 81' lang='lat' dir='ltr'><strong>ante</strong></span> <span class='ocrx_word' id='word_1_215' title='bbox 3585 1714 3769 1752; x_wconf 65' lang='lat' dir='ltr'><strong>suscr-</strong></span> 
     </span>
    </p>
   </div>
   <div class='ocr_carea' id='block_1_33' title="bbox 491 1784 3767 1862">
    <p class='ocr_par' dir='ltr' id='par_1_33' title="bbox 491 1784 3767 1862">
     <span class='ocr_line' id='line_1_33' title="bbox 491 1784 3767 1862; baseline 0.002 -27"><span class='ocrx_word' id='word_1_216' title='bbox 491 1794 677 1841; x_wconf 86' lang='lat' dir='ltr'><strong>nostra</strong></span> <span class='ocrx_word' id='word_1_217' title='bbox 704 1785 942 1839; x_wconf 80' lang='lat' dir='ltr'><strong>maxime</strong></span> <span class='ocrx_word' id='word_1_218' title='bbox 968 1784 1187 1855; x_wconf 87' lang='lat' dir='ltr'><strong>dignus,</strong></span> <span class='ocrx_word' id='word_1_219' title='bbox 1231 1784 1324 1853; x_wconf 89' lang='lat' dir='ltr'><strong>qui</strong></span> <span class='ocrx_word' id='word_1_220' title='bbox 1348 1784 1468 1838; x_wconf 91' lang='lat' dir='ltr'><strong>cod.</strong></span> <span class='ocrx_word' id='word_1_221' title='bbox 1508 1799 1618 1849; x_wconf 78' lang='lat' dir='ltr'><strong>th,</strong></span> <span class='ocrx_word' id='word_1_222' title='bbox 1661 1800 1713 1852; x_wconf 94' lang='lat' dir='ltr'><strong>p.</strong></span> <span class='ocrx_word' id='word_1_223' title='bbox 1751 1800 1823 1837; x_wconf 92' lang='grc' dir='ltr'><strong>ιιι.</strong></span> <span class='ocrx_word' id='word_1_224' title='bbox 1851 1785 1943 1847; x_wconf 76' lang='grc'><strong>55,</strong></span> <span class='ocrx_word' id='word_1_225' title='bbox 1977 1787 2068 1841; x_wconf 93' lang='lat' dir='ltr'><strong>ubi</strong></span> <span class='ocrx_word' id='word_1_226' title='bbox 2107 1785 2147 1839; x_wconf 80' lang='grc' dir='ltr'><strong>Β</strong></span> <span class='ocrx_word' id='word_1_227' title='bbox 2184 1803 2330 1862; x_wconf 89' lang='lat' dir='ltr'><strong>ptam</strong></span> <span class='ocrx_word' id='word_1_228' title='bbox 2373 1791 2741 1845; x_wconf 86' lang='lat' dir='ltr'><strong>Christianam</strong></span> <span class='ocrx_word' id='word_1_229' title='bbox 2780 1791 3097 1861; x_wconf 86' lang='lat' dir='ltr'><strong>religionem</strong></span> <span class='ocrx_word' id='word_1_230' title='bbox 3134 1791 3219 1844; x_wconf 89' lang='lat' dir='ltr'><strong>bis</strong></span> <span class='ocrx_word' id='word_1_231' title='bbox 3256 1790 3539 1844; x_wconf 74' lang='lat' dir='ltr'><strong>vocabulis</strong></span> <span class='ocrx_word' id='word_1_232' title='bbox 3574 1806 3767 1843; x_wconf 78' lang='lat' dir='ltr'><strong>assue-</strong></span> 
     </span>
    </p>
   </div>
   <div class='ocr_carea' id='block_1_34' title="bbox 489 1874 2070 1948">
    <p class='ocr_par' dir='ltr' id='par_1_34' title="bbox 489 1874 2070 1948">
     <span class='ocr_line' id='line_1_34' title="bbox 489 1874 2070 1948; baseline 0.001 -18"><span class='ocrx_word' id='word_1_233' title='bbox 489 1878 601 1948; x_wconf 87' lang='lat' dir='ltr'><strong>agit</strong></span> <span class='ocrx_word' id='word_1_234' title='bbox 637 1877 704 1931; x_wconf 92' lang='lat' dir='ltr'><strong>de</strong></span> <span class='ocrx_word' id='word_1_235' title='bbox 744 1876 954 1947; x_wconf 90' lang='lat' dir='ltr'><strong>synodo</strong></span> <span class='ocrx_word' id='word_1_236' title='bbox 995 1876 1060 1929; x_wconf 88' lang='lat' dir='ltr'><strong>ad</strong></span> <span class='ocrx_word' id='word_1_237' title='bbox 1095 1874 1391 1941; x_wconf 87' lang='lat' dir='ltr'><strong>Quercum,</strong></span> <span class='ocrx_word' id='word_1_238' title='bbox 1425 1890 1545 1943; x_wconf 69' lang='lat' dir='ltr'><strong>quae</strong></span> <span class='ocrx_word' id='word_1_239' title='bbox 1574 1886 1764 1929; x_wconf 88' lang='lat' dir='ltr'><strong>contra</strong></span> <span class='ocrx_word' id='word_1_240' title='bbox 1805 1877 1865 1928; x_wconf 85' lang='grc' dir='ltr'><strong>Β.</strong></span> <span class='ocrx_word' id='word_1_241' title='bbox 1902 1876 2070 1931; x_wconf 82' lang='lat' dir='ltr'><strong>Joan-</strong></span> 
     </span>
    </p>
   </div>
   <div class='ocr_carea' id='block_1_35' title="bbox 489 1965 2067 2037">
    <p class='ocr_par' dir='ltr' id='par_1_35' title="bbox 489 1965 2067 2037">
     <span class='ocr_line' id='line_1_35' title="bbox 489 1965 2067 2037; baseline -0.001 -16"><span class='ocrx_word' id='word_1_242' title='bbox 489 1983 613 2021; x_wconf 91' lang='lat' dir='ltr'><strong>nem</strong></span> <span class='ocrx_word' id='word_1_243' title='bbox 645 1967 1093 2037; x_wconf 85' lang='lat' dir='ltr'><strong>Chrysostomum</strong></span> <span class='ocrx_word' id='word_1_244' title='bbox 1135 1965 1411 2035; x_wconf 90' lang='lat' dir='ltr'><strong>illegitime</strong></span> <span class='ocrx_word' id='word_1_245' title='bbox 1448 1974 1634 2019; x_wconf 88' lang='lat' dir='ltr'><strong>coacta</strong></span> <span class='ocrx_word' id='word_1_246' title='bbox 1675 1974 1778 2031; x_wconf 87' lang='lat' dir='ltr'><strong>est,</strong></span> <span class='ocrx_word' id='word_1_247' title='bbox 1823 1983 2067 2021; x_wconf 82' lang='lat' dir='ltr'><strong>comme-</strong></span> 
     </span>
    </p>
   </div>
   <div class='ocr_carea' id='block_1_36' title="bbox 489 2055 2069 2127">
    <p class='ocr_par' dir='ltr' id='par_1_36' title="bbox 489 2055 2069 2127">
     <span class='ocr_line' id='line_1_36' title="bbox 489 2055 2069 2127; baseline 0 -16"><span class='ocrx_word' id='word_1_248' title='bbox 489 2066 685 2121; x_wconf 89' lang='lat' dir='ltr'><strong>morat,</strong></span> <span class='ocrx_word' id='word_1_249' title='bbox 722 2058 775 2110; x_wconf 91' lang='lat' dir='ltr'><strong>in</strong></span> <span class='ocrx_word' id='word_1_250' title='bbox 804 2057 991 2111; x_wconf 90' lang='lat' dir='ltr'><strong>eadem</strong></span> <span class='ocrx_word' id='word_1_251' title='bbox 1024 2056 1233 2127; x_wconf 87' lang='lat' dir='ltr'><strong>synodo</strong></span> <span class='ocrx_word' id='word_1_252' title='bbox 1261 2066 1575 2109; x_wconf 86' lang='lat' dir='ltr'><strong>accusatum</strong></span> <span class='ocrx_word' id='word_1_253' title='bbox 1618 2055 1787 2111; x_wconf 78' lang='lat' dir='ltr'><strong>fuisse</strong></span> <span class='ocrx_word' id='word_1_254' title='bbox 1826 2057 2069 2112; x_wconf 90' lang='lat' dir='ltr'><strong>lleracli-</strong></span> 
     </span>
    </p>
   </div>
   <div class='ocr_carea' id='block_1_37' title="bbox 485 2144 2067 2218">
    <p class='ocr_par' dir='ltr' id='par_1_37' title="bbox 485 2144 2067 2218">
     <span class='ocr_line' id='line_1_37' title="bbox 485 2144 2067 2218; baseline 0 -17"><span class='ocrx_word' id='word_1_255' title='bbox 485 2147 610 2201; x_wconf 91' lang='lat' dir='ltr'><strong>dem</strong></span> <span class='ocrx_word' id='word_1_256' title='bbox 650 2145 850 2216; x_wconf 91' lang='lat' dir='ltr'><strong>Ephesi</strong></span> <span class='ocrx_word' id='word_1_257' title='bbox 896 2146 1209 2215; x_wconf 90' lang='lat' dir='ltr'><strong>episcopum</strong></span> <span class='ocrx_word' id='word_1_258' title='bbox 1246 2162 1276 2200; x_wconf 93' lang='lat' dir='ltr'><strong>a</strong></span> <span class='ocrx_word' id='word_1_259' title='bbox 1319 2144 1557 2201; x_wconf 85' lang='lat' dir='ltr'><strong>Macario</strong></span> <span class='ocrx_word' id='word_1_260' title='bbox 1601 2148 1907 2216; x_wconf 82' lang='lat' dir='ltr'><strong>Magnetum</strong></span> <span class='ocrx_word' id='word_1_261' title='bbox 1950 2152 2067 2218; x_wconf 86' lang='lat' dir='ltr'><strong>epi-</strong></span> 
     </span>
    </p>
   </div>
   <div class='ocr_carea' id='block_1_38' title="bbox 485 2236 2065 2309">
    <p class='ocr_par' dir='ltr' id='par_1_38' title="bbox 485 2236 2065 2309">
     <span class='ocr_line' id='line_1_38' title="bbox 485 2236 2065 2309; baseline -0.001 -14"><span class='ocrx_word' id='word_1_262' title='bbox 485 2253 673 2308; x_wconf 91' lang='lat' dir='ltr'><strong>scopo.</strong></span> <span class='ocrx_word' id='word_1_263' title='bbox 709 2236 887 2292; x_wconf 88' lang='lat' dir='ltr'><strong>Verba</strong></span> <span class='ocrx_word' id='word_1_264' title='bbox 918 2237 1095 2292; x_wconf 89' lang='lat' dir='ltr'><strong>Photii</strong></span> <span class='ocrx_word' id='word_1_265' title='bbox 1132 2238 1251 2294; x_wconf 63' lang='lat' dir='ltr'><strong>haec</strong></span> <span class='ocrx_word' id='word_1_266' title='bbox 1287 2249 1447 2292; x_wconf 88' lang='lat' dir='ltr'><strong>sunt:</strong></span> <span class='ocrx_word' id='word_1_267' title='bbox 1498 2239 1585 2293; x_wconf 87' lang='grc' dir='ltr'>Ἐν</span> <span class='ocrx_word' id='word_1_268' title='bbox 1624 2241 1980 2309; x_wconf 79' lang='grc' dir='ltr'>ὑπομνήμασι</span> <span class='ocrx_word' id='word_1_269' title='bbox 2009 2240 2065 2293; x_wconf 81' lang='grc' dir='ltr'>δὲ</span> 
     </span>
    </p>
   </div>
   <div class='ocr_carea' id='block_1_39' title="bbox 482 2330 2066 2403">
    <p class='ocr_par' dir='ltr' id='par_1_39' title="bbox 482 2330 2066 2403">
     <span class='ocr_line' id='line_1_39' title="bbox 482 2330 2066 2403; baseline 0.001 -19"><span class='ocrx_word' id='word_1_270' title='bbox 482 2330 622 2384; x_wconf 75' lang='grc' dir='ltr'>αὐτὰ</span> <span class='ocrx_word' id='word_1_271' title='bbox 652 2330 900 2401; x_wconf 76' lang='grc' dir='ltr'><strong>ἐπράχθη</strong></span> <span class='ocrx_word' id='word_1_272' title='bbox 934 2331 1064 2383; x_wconf 83' lang='grc' dir='ltr'>δέκα</span> <span class='ocrx_word' id='word_1_273' title='bbox 1096 2331 1380 2402; x_wconf 68' lang='grc' dir='ltr'>πρὸςποῖς</span> <span class='ocrx_word' id='word_1_274' title='bbox 1427 2331 1607 2402; x_wconf 74' lang='grc' dir='ltr'>τρισίν</span> <span class='ocrx_word' id='word_1_275' title='bbox 1632 2349 1644 2361; x_wconf 87' lang='grc'><strong>·</strong></span> <span class='ocrx_word' id='word_1_276' title='bbox 1683 2332 1819 2384; x_wconf 79' lang='grc' dir='ltr'>ἀλλὰ</span> <span class='ocrx_word' id='word_1_277' title='bbox 1858 2332 1926 2386; x_wconf 78' lang='grc' dir='ltr'>τὰ</span> <span class='ocrx_word' id='word_1_278' title='bbox 1969 2334 2066 2403; x_wconf 81' lang='grc' dir='ltr'><strong>μὲν</strong></span> 
     </span>
    </p>
   </div>
   <div class='ocr_carea' id='block_1_40' title="bbox 481 2418 2064 2491">
    <p class='ocr_par' dir='ltr' id='par_1_40' title="bbox 481 2418 2064 2491">
     <span class='ocr_line' id='line_1_40' title="bbox 481 2418 2064 2491; baseline 0.002 -19"><span class='ocrx_word' id='word_1_279' title='bbox 481 2418 575 2472; x_wconf 81' lang='grc' dir='ltr'>δύο</span> <span class='ocrx_word' id='word_1_280' title='bbox 600 2422 693 2472; x_wconf 74' lang='grc' dir='ltr'><strong>καὶ</strong></span> <span class='ocrx_word' id='word_1_281' title='bbox 718 2419 867 2481; x_wconf 83' lang='grc' dir='ltr'>δέκα,</span> <span class='ocrx_word' id='word_1_282' title='bbox 896 2421 1036 2474; x_wconf 67' lang='grc' dir='ltr'>κατὰ</span> <span class='ocrx_word' id='word_1_283' title='bbox 1061 2421 1153 2474; x_wconf 77' lang='grc' dir='ltr'><strong>τοῦ</strong></span> <span class='ocrx_word' id='word_1_284' title='bbox 1184 2421 1336 2489; x_wconf 83' lang='grc' dir='ltr'>ἁγίου</span> <span class='ocrx_word' id='word_1_285' title='bbox 1358 2438 1370 2451; x_wconf 88' lang='grc'><strong>·</strong></span> <span class='ocrx_word' id='word_1_286' title='bbox 1409 2421 1467 2473; x_wconf 88' lang='grc' dir='ltr'><strong>τὸ</strong></span> <span class='ocrx_word' id='word_1_287' title='bbox 1496 2422 1553 2474; x_wconf 81' lang='grc' dir='ltr'><strong>δὲ</strong></span> <span class='ocrx_word' id='word_1_288' title='bbox 1578 2422 1697 2491; x_wconf 71' lang='grc' dir='ltr'>τρὶς</span> <span class='ocrx_word' id='word_1_289' title='bbox 1722 2422 1814 2474; x_wconf 75' lang='grc' dir='ltr'>καὶ</span> <span class='ocrx_word' id='word_1_290' title='bbox 1838 2422 2064 2476; x_wconf 79' lang='grc' dir='ltr'>δέκατον</span> 
     </span>
    </p>
   </div>
   <div class='ocr_carea' id='block_1_41' title="bbox 483 2510 2064 2582">
    <p class='ocr_par' dir='ltr' id='par_1_41' title="bbox 483 2510 2064 2582">
     <span class='ocr_line' id='line_1_41' title="bbox 483 2510 2064 2582; baseline 0.003 -20"><span class='ocrx_word' id='word_1_291' title='bbox 483 2510 729 2581; x_wconf 81' lang='grc' dir='ltr'><strong>περιέχει</strong></span> <span class='ocrx_word' id='word_1_292' title='bbox 756 2512 824 2563; x_wconf 76' lang='grc' dir='ltr'>τὰ</span> <span class='ocrx_word' id='word_1_293' title='bbox 854 2510 997 2564; x_wconf 83' lang='grc' dir='ltr'>κατὰ</span> <span class='ocrx_word' id='word_1_294' title='bbox 1032 2511 1402 2582; x_wconf 82' lang='grc' dir='ltr'>Ἡρακλείδου,</span> <span class='ocrx_word' id='word_1_295' title='bbox 1451 2511 1543 2564; x_wconf 83' lang='grc' dir='ltr'>τοῦ</span> <span class='ocrx_word' id='word_1_296' title='bbox 1588 2514 1667 2575; x_wconf 80' lang='grc' dir='ltr'>εἰς</span> <span class='ocrx_word' id='word_1_297' title='bbox 1705 2514 1934 2581; x_wconf 82' lang='grc' dir='ltr'>Ἔφεσον</span> <span class='ocrx_word' id='word_1_298' title='bbox 1973 2514 2064 2566; x_wconf 82' lang='grc' dir='ltr'><strong>ὑπ’</strong></span> 
     </span>
    </p>
   </div>
   <div class='ocr_carea' id='block_1_42' title="bbox 482 2599 2067 2675">
    <p class='ocr_par' dir='ltr' id='par_1_42' title="bbox 482 2599 2067 2675">
     <span class='ocr_line' id='line_1_42' title="bbox 482 2599 2067 2675; baseline 0.001 -20"><span class='ocrx_word' id='word_1_299' title='bbox 482 2601 650 2655; x_wconf 78' lang='grc' dir='ltr'>αὑτοῦ</span> <span class='ocrx_word' id='word_1_300' title='bbox 696 2603 1178 2674; x_wconf 77' lang='grc' dir='ltr'>χειροτονηθέντος,</span> <span class='ocrx_word' id='word_1_301' title='bbox 1219 2599 1388 2674; x_wconf 78' lang='grc' dir='ltr'>οὗπερ</span> <span class='ocrx_word' id='word_1_302' title='bbox 1435 2603 1554 2656; x_wconf 77' lang='grc' dir='ltr'>οὐδὲ</span> <span class='ocrx_word' id='word_1_303' title='bbox 1607 2604 1704 2673; x_wconf 81' lang='grc' dir='ltr'>τὴν</span> <span class='ocrx_word' id='word_1_304' title='bbox 1750 2604 2067 2675; x_wconf 73' lang='grc' dir='ltr'>καθαίρεσιν</span> 
     </span>
    </p>
   </div>
   <div class='ocr_carea' id='block_1_43' title="bbox 487 2692 2066 2765">
    <p class='ocr_par' dir='ltr' id='par_1_43' title="bbox 487 2692 2066 2765">
     <span class='ocr_line' id='line_1_43' title="bbox 487 2692 2066 2765; baseline 0.002 -22"><span class='ocrx_word' id='word_1_305' title='bbox 487 2693 709 2762; x_wconf 79' lang='grc' dir='ltr'>ἴσχυσαν</span> <span class='ocrx_word' id='word_1_306' title='bbox 743 2693 1049 2755; x_wconf 76' lang='grc' dir='ltr'><strong>τελειῶσαι,</strong></span> <span class='ocrx_word' id='word_1_307' title='bbox 1087 2694 1287 2765; x_wconf 76' lang='grc' dir='ltr'>ἑτέρων</span> <span class='ocrx_word' id='word_1_308' title='bbox 1313 2692 1472 2747; x_wconf 81' lang='grc' dir='ltr'>τινῶν</span> <span class='ocrx_word' id='word_1_309' title='bbox 1513 2694 1886 2747; x_wconf 82' lang='grc' dir='ltr'>κωλυσάντων.</span> <span class='ocrx_word' id='word_1_310' title='bbox 1927 2696 1983 2749; x_wconf 90' lang='lat'><strong>&#39;0</strong></span> <span class='ocrx_word' id='word_1_311' title='bbox 2009 2695 2066 2747; x_wconf 83' lang='grc' dir='ltr'><strong>δὲ</strong></span> 
     </span>
    </p>
   </div>
   <div class='ocr_carea' id='block_1_44' title="bbox 484 2784 2064 2857">
    <p class='ocr_par' dir='ltr' id='par_1_44' title="bbox 484 2784 2064 2857">
     <span class='ocr_line' id='line_1_44' title="bbox 484 2784 2064 2857; baseline 0.001 -20"><span class='ocrx_word' id='word_1_312' title='bbox 484 2786 791 2857; x_wconf 81' lang='grc' dir='ltr'>κατήγορος</span> <span class='ocrx_word' id='word_1_313' title='bbox 831 2785 1199 2856; x_wconf 75' lang='grc' dir='ltr'>Ἡρακλείδου,</span> <span class='ocrx_word' id='word_1_314' title='bbox 1227 2785 1326 2855; x_wconf 80' lang='grc' dir='ltr'><strong>τῆς</strong></span> <span class='ocrx_word' id='word_1_315' title='bbox 1358 2786 1665 2855; x_wconf 83' lang='grc' dir='ltr'><strong>Μαγνήτων</strong></span> <span class='ocrx_word' id='word_1_316' title='bbox 1708 2784 1913 2849; x_wconf 82' lang='grc' dir='ltr'>πόλεως</span> <span class='ocrx_word' id='word_1_317' title='bbox 1943 2786 2064 2838; x_wconf 63' lang='lat' dir='ltr'><strong>tati-</strong></span> 
     </span>
    </p>
   </div>
   <div class='ocr_carea' id='block_1_45' title="bbox 486 2871 2065 2947">
    <p class='ocr_par' dir='ltr' id='par_1_45' title="bbox 486 2871 2065 2947">
     <span class='ocr_line' id='line_1_45' title="bbox 486 2871 2065 2947; baseline 0.003 -19"><span class='ocrx_word' id='word_1_318' title='bbox 486 2890 685 2938; x_wconf 81' lang='grc' dir='ltr'>σκοπος</span> <span class='ocrx_word' id='word_1_319' title='bbox 721 2871 789 2945; x_wconf 83' lang='grc' dir='ltr'>ἦν</span> <span class='ocrx_word' id='word_1_320' title='bbox 825 2874 1050 2945; x_wconf 81' lang='grc' dir='ltr'>ὀνόματι</span> <span class='ocrx_word' id='word_1_321' title='bbox 1085 2876 1390 2947; x_wconf 82' lang='grc' dir='ltr'>Μακάριος.</span> <span class='ocrx_word' id='word_1_322' title='bbox 1429 2878 1470 2929; x_wconf 91' lang='lat' dir='ltr'><strong>l.</strong></span> <span class='ocrx_word' id='word_1_323' title='bbox 1505 2893 1591 2931; x_wconf 88' lang='lat' dir='ltr'><strong>e.:</strong></span> <span class='ocrx_word' id='word_1_324' title='bbox 1648 2876 1916 2931; x_wconf 87' lang='lat' dir='ltr'><strong>Tredecim</strong></span> <span class='ocrx_word' id='word_1_325' title='bbox 1954 2878 2065 2933; x_wconf 75' lang='lat' dir='ltr'><strong>lucc</strong></span> 
     </span>
    </p>
   </div>
   <div class='ocr_carea' id='block_1_46' title="bbox 485 2965 2066 3038">
    <p class='ocr_par' dir='ltr' id='par_1_46' title="bbox 485 2965 2066 3038">
     <span class='ocr_line' id='line_1_46' title="bbox 485 2965 2066 3038; baseline 0.004 -19"><span class='ocrx_word' id='word_1_326' title='bbox 485 2965 783 3036; x_wconf 85' lang='lat' dir='ltr'><strong>(Synodus)</strong></span> <span class='ocrx_word' id='word_1_327' title='bbox 818 2968 1114 3021; x_wconf 78' lang='lat' dir='ltr'><strong>actionibus</strong></span> <span class='ocrx_word' id='word_1_328' title='bbox 1146 2978 1378 3037; x_wconf 85' lang='lat' dir='ltr'><strong>peracta,</strong></span> <span class='ocrx_word' id='word_1_329' title='bbox 1405 2968 1682 3023; x_wconf 80' lang='lat' dir='ltr'><strong>duodecim</strong></span> <span class='ocrx_word' id='word_1_330' title='bbox 1706 2970 1916 3038; x_wconf 85' lang='lat' dir='ltr'><strong>quidem</strong></span> <span class='ocrx_word' id='word_1_331' title='bbox 1941 2986 2066 3025; x_wconf 71' lang='lat' dir='ltr'><strong>con-</strong></span> 
     </span>
    </p>
   </div>
   <div class='ocr_carea' id='block_1_47' title="bbox 483 3056 2065 3129">
    <p class='ocr_par' dir='ltr' id='par_1_47' title="bbox 483 3056 2065 3129">
     <span class='ocr_line' id='line_1_47' title="bbox 483 3056 2065 3129; baseline 0.001 -18"><span class='ocrx_word' id='word_1_332' title='bbox 483 3068 566 3111; x_wconf 90' lang='lat' dir='ltr'><strong>tra</strong></span> <span class='ocrx_word' id='word_1_333' title='bbox 594 3056 651 3112; x_wconf 92' lang='lat' dir='ltr'><strong>S.</strong></span> <span class='ocrx_word' id='word_1_334' title='bbox 699 3058 1151 3129; x_wconf 76' lang='lat' dir='ltr'><strong>Cltrysostomum,</strong></span> <span class='ocrx_word' id='word_1_335' title='bbox 1186 3061 1342 3113; x_wconf 87' lang='lat' dir='ltr'><strong>tertia</strong></span> <span class='ocrx_word' id='word_1_336' title='bbox 1370 3059 1571 3113; x_wconf 87' lang='lat' dir='ltr'><strong>decima</strong></span> <span class='ocrx_word' id='word_1_337' title='bbox 1599 3071 1785 3113; x_wconf 88' lang='lat' dir='ltr'><strong>contra</strong></span> <span class='ocrx_word' id='word_1_338' title='bbox 1820 3058 2065 3113; x_wconf 81' lang='lat' dir='ltr'><strong>Heracli-</strong></span> 
     </span>
    </p>
   </div>
   <div class='ocr_carea' id='block_1_48' title="bbox 2186 1882 3766 1953">
    <p class='ocr_par' dir='ltr' id='par_1_48' title="bbox 2186 1882 3766 1953">
     <span class='ocr_line' id='line_1_48' title="bbox 2186 1882 3766 1953; baseline -0.002 -15"><span class='ocrx_word' id='word_1_339' title='bbox 2186 1895 2397 1949; x_wconf 86' lang='lat' dir='ltr'><strong>verant,</strong></span> <span class='ocrx_word' id='word_1_340' title='bbox 2424 1886 2508 1938; x_wconf 89' lang='lat' dir='ltr'><strong>vel</strong></span> <span class='ocrx_word' id='word_1_341' title='bbox 2532 1885 2677 1953; x_wconf 90' lang='lat' dir='ltr'><strong>quod</strong></span> <span class='ocrx_word' id='word_1_342' title='bbox 2709 1882 2919 1939; x_wconf 75' lang='lat' dir='ltr'><strong>Veteris</strong></span> <span class='ocrx_word' id='word_1_343' title='bbox 2941 1882 3274 1937; x_wconf 87' lang='lat' dir='ltr'><strong>Testamenti</strong></span> <span class='ocrx_word' id='word_1_344' title='bbox 3304 1883 3502 1952; x_wconf 83' lang='lat' dir='ltr'><strong>stylurn</strong></span> <span class='ocrx_word' id='word_1_345' title='bbox 3545 1883 3603 1935; x_wconf 90' lang='lat' dir='ltr'><strong>in</strong></span> <span class='ocrx_word' id='word_1_346' title='bbox 3627 1898 3690 1936; x_wconf 88' lang='lat' dir='ltr'><strong>ea</strong></span> <span class='ocrx_word' id='word_1_347' title='bbox 3716 1898 3766 1935; x_wconf 86' lang='lat' dir='ltr'><strong>re</strong></span> 
     </span>
    </p>
   </div>
   <div class='ocr_carea' id='block_1_49' title="bbox 2182 1972 3767 2043">
    <p class='ocr_par' dir='ltr' id='par_1_49' title="bbox 2182 1972 3767 2043">
     <span class='ocr_line' id='line_1_49' title="bbox 2182 1972 3767 2043; baseline -0.003 -13"><span class='ocrx_word' id='word_1_348' title='bbox 2182 1977 2285 2030; x_wconf 91' lang='lat' dir='ltr'><strong>sibi</strong></span> <span class='ocrx_word' id='word_1_349' title='bbox 2320 1976 2645 2030; x_wconf 90' lang='lat' dir='ltr'><strong>imitandum</strong></span> <span class='ocrx_word' id='word_1_350' title='bbox 2683 1983 2966 2043; x_wconf 90' lang='lat' dir='ltr'><strong>putarent;</strong></span> <span class='ocrx_word' id='word_1_351' title='bbox 3008 1972 3091 2027; x_wconf 86' lang='lat' dir='ltr'><strong>vel</strong></span> <span class='ocrx_word' id='word_1_352' title='bbox 3134 1972 3277 2041; x_wconf 89' lang='lat' dir='ltr'><strong>quod</strong></span> <span class='ocrx_word' id='word_1_353' title='bbox 3324 1972 3581 2041; x_wconf 82' lang='lat' dir='ltr'><strong>generale</strong></span> <span class='ocrx_word' id='word_1_354' title='bbox 3607 1989 3767 2026; x_wconf 68' lang='lat' dir='ltr'><strong>voca-</strong></span> 
     </span>
    </p>
   </div>
   <div class='ocr_carea' id='block_1_50' title="bbox 2173 2064 3765 2135">
    <p class='ocr_par' dir='ltr' id='par_1_50' title="bbox 2173 2064 3765 2135">
     <span class='ocr_line' id='line_1_50' title="bbox 2173 2064 3765 2135; baseline -0.004 -12"><span class='ocrx_word' id='word_1_355' title='bbox 2173 2069 2362 2123; x_wconf 83' lang='lat' dir='ltr'><strong>bulum</strong></span> <span class='ocrx_word' id='word_1_356' title='bbox 2400 2069 2467 2123; x_wconf 87' lang='lat' dir='ltr'><strong>ad</strong></span> <span class='ocrx_word' id='word_1_357' title='bbox 2502 2067 2771 2122; x_wconf 90' lang='lat' dir='ltr'><strong>sermonis</strong></span> <span class='ocrx_word' id='word_1_358' title='bbox 2800 2065 3179 2135; x_wconf 85' lang='lat' dir='ltr'><strong>compendium</strong></span> <span class='ocrx_word' id='word_1_359' title='bbox 3221 2064 3325 2117; x_wconf 89' lang='lat' dir='ltr'><strong>&#39;sibi</strong></span> <span class='ocrx_word' id='word_1_360' title='bbox 3360 2064 3576 2116; x_wconf 88' lang='lat' dir='ltr'><strong>nullum</strong></span> <span class='ocrx_word' id='word_1_361' title='bbox 3617 2080 3765 2133; x_wconf 85' lang='lat' dir='ltr'><strong>repe-</strong></span> 
     </span>
    </p>
   </div>
   <div class='ocr_carea' id='block_1_51' title="bbox 2174 2154 3765 2229">
    <p class='ocr_par' dir='ltr' id='par_1_51' title="bbox 2174 2154 3765 2229">
     <span class='ocr_line' id='line_1_51' title="bbox 2174 2154 3765 2229; baseline -0.006 -15"><span class='ocrx_word' id='word_1_362' title='bbox 2174 2162 2349 2215; x_wconf 90' lang='lat' dir='ltr'><strong>rirent</strong></span> <span class='ocrx_word' id='word_1_363' title='bbox 2380 2160 2584 2229; x_wconf 90' lang='lat' dir='ltr'><strong>aptius.</strong></span> <span class='ocrx_word' id='word_1_364' title='bbox 2615 2158 2695 2211; x_wconf 82' lang='lat' dir='ltr'><strong>Ex</strong></span> <span class='ocrx_word' id='word_1_365' title='bbox 2734 2157 2921 2211; x_wconf 88' lang='lat' dir='ltr'><strong>multis</strong></span> <span class='ocrx_word' id='word_1_366' title='bbox 2953 2157 3171 2211; x_wconf 88' lang='lat' dir='ltr'><strong>unicum</strong></span> <span class='ocrx_word' id='word_1_367' title='bbox 3211 2156 3299 2209; x_wconf 91' lang='lat' dir='ltr'><strong>hic</strong></span> <span class='ocrx_word' id='word_1_368' title='bbox 3349 2154 3590 2208; x_wconf 75' lang='lat' dir='ltr'><strong>sutﬁciat</strong></span> <span class='ocrx_word' id='word_1_369' title='bbox 3623 2156 3765 2208; x_wconf 78' lang='lat' dir='ltr'><strong>testi-</strong></span> 
     </span>
    </p>
   </div>
   <div class='ocr_carea' id='block_1_52' title="bbox 2174 2245 3763 2321">
    <p class='ocr_par' dir='ltr' id='par_1_52' title="bbox 2174 2245 3763 2321">
     <span class='ocr_line' id='line_1_52' title="bbox 2174 2245 3763 2321; baseline -0.004 -16"><span class='ocrx_word' id='word_1_370' title='bbox 2174 2252 2418 2305; x_wconf 86' lang='lat' dir='ltr'><strong>monium</strong></span> <span class='ocrx_word' id='word_1_371' title='bbox 2461 2250 2761 2321; x_wconf 85' lang='lat' dir='ltr'><strong>Polycratis</strong></span> <span class='ocrx_word' id='word_1_372' title='bbox 2798 2248 3059 2318; x_wconf 82' lang='lat' dir='ltr'><strong>Ephesini</strong></span> <span class='ocrx_word' id='word_1_373' title='bbox 3101 2245 3342 2316; x_wconf 84' lang='lat' dir='ltr'><strong>episcopi</strong></span> <span class='ocrx_word' id='word_1_374' title='bbox 3394 2248 3541 2315; x_wconf 90' lang='lat' dir='ltr'><strong>apud</strong></span> <span class='ocrx_word' id='word_1_375' title='bbox 3598 2246 3763 2299; x_wconf 81' lang='lat' dir='ltr'><strong>Euse-</strong></span> 
     </span>
    </p>
   </div>
   <div class='ocr_carea' id='block_1_53' title="bbox 2173 2339 3762 2409">
    <p class='ocr_par' dir='ltr' id='par_1_53' title="bbox 2173 2339 3762 2409">
     <span class='ocr_line' id='line_1_53' title="bbox 2173 2339 3762 2409; baseline -0.004 -12"><span class='ocrx_word' id='word_1_376' title='bbox 2173 2344 2338 2409; x_wconf 90' lang='lat' dir='ltr'><strong>bium,</strong></span> <span class='ocrx_word' id='word_1_377' title='bbox 2353 2342 2499 2396; x_wconf 80' lang='lat' dir='ltr'><strong>Hist.</strong></span> <span class='ocrx_word' id='word_1_378' title='bbox 2521 2342 2649 2395; x_wconf 84' lang='lat' dir='ltr'><strong>eccl.</strong></span> <span class='ocrx_word' id='word_1_379' title='bbox 2686 2342 2779 2395; x_wconf 89' lang='lat' dir='ltr'><strong>lib.</strong></span> <span class='ocrx_word' id='word_1_380' title='bbox 2808 2358 2861 2406; x_wconf 86' lang='lat' dir='ltr'><strong>v,</strong></span> <span class='ocrx_word' id='word_1_381' title='bbox 2889 2356 2938 2395; x_wconf 91' lang='lat' dir='ltr'><strong>c.</strong></span> <span class='ocrx_word' id='word_1_382' title='bbox 2963 2341 3054 2403; x_wconf 64' lang='grc' dir='ltr'><strong>Ἡ,</strong></span> <span class='ocrx_word' id='word_1_383' title='bbox 3087 2340 3141 2393; x_wconf 91' lang='lat' dir='ltr'><strong>in</strong></span> <span class='ocrx_word' id='word_1_384' title='bbox 3169 2356 3278 2409; x_wconf 91' lang='lat' dir='ltr'><strong>quo</strong></span> <span class='ocrx_word' id='word_1_385' title='bbox 3300 2339 3575 2392; x_wconf 73' lang='lat' dir='ltr'><strong>Joannem</strong></span> <span class='ocrx_word' id='word_1_386' title='bbox 3602 2356 3762 2392; x_wconf 80' lang='lat' dir='ltr'><strong>evan-</strong></span> 
     </span>
    </p>
   </div>
   <div class='ocr_carea' id='block_1_54' title="bbox 2172 2431 3756 2506">
    <p class='ocr_par' dir='ltr' id='par_1_54' title="bbox 2172 2431 3756 2506">
     <span class='ocr_line' id='line_1_54' title="bbox 2172 2431 3756 2506; baseline -0.004 -18"><span class='ocrx_word' id='word_1_387' title='bbox 2172 2435 2421 2506; x_wconf 84' lang='lat' dir='ltr'><strong>gelistam</strong></span> <span class='ocrx_word' id='word_1_388' title='bbox 2455 2434 2797 2488; x_wconf 87' lang='lat' dir='ltr'><strong>hierarcham</strong></span> <span class='ocrx_word' id='word_1_389' title='bbox 2828 2442 2882 2486; x_wconf 88' lang='lat' dir='ltr'><strong>et</strong></span> <span class='ocrx_word' id='word_1_390' title='bbox 2916 2447 3192 2486; x_wconf 89' lang='lat' dir='ltr'><strong>summum</strong></span> <span class='ocrx_word' id='word_1_391' title='bbox 3229 2431 3546 2500; x_wconf 67' lang='lat' dir='ltr'><strong>pontiﬁcem</strong></span> <span class='ocrx_word' id='word_1_392' title='bbox 3582 2443 3756 2493; x_wconf 75' lang='lat' dir='ltr'><strong>vocat,</strong></span> 
     </span>
    </p>
   </div>
   <div class='ocr_carea' id='block_1_55' title="bbox 2172 2523 3759 2598">
    <p class='ocr_par' dir='ltr' id='par_1_55' title="bbox 2172 2523 3759 2598">
     <span class='ocr_line' id='line_1_55' title="bbox 2172 2523 3759 2598; baseline -0.003 -16"><span class='ocrx_word' id='word_1_393' title='bbox 2172 2530 2264 2598; x_wconf 88' lang='lat' dir='ltr'><strong>qui</strong></span> <span class='ocrx_word' id='word_1_394' title='bbox 2310 2529 2619 2598; x_wconf 85' lang='lat' dir='ltr'><strong>pontitieale</strong></span> <span class='ocrx_word' id='word_1_395' title='bbox 2654 2526 2885 2580; x_wconf 80' lang='grc' dir='ltr'>πέταλον</span> <span class='ocrx_word' id='word_1_396' title='bbox 2927 2525 3182 2597; x_wconf 76' lang='lat' dir='ltr'><strong>gestavit.</strong></span> <span class='ocrx_word' id='word_1_397' title='bbox 3236 2523 3389 2579; x_wconf 81' lang='lat' dir='ltr'><strong>Licet</strong></span> <span class='ocrx_word' id='word_1_398' title='bbox 3433 2526 3587 2580; x_wconf 89' lang='lat' dir='ltr'><strong>enim</strong></span> <span class='ocrx_word' id='word_1_399' title='bbox 3623 2526 3759 2578; x_wconf 79' lang='lat' dir='ltr'><strong>haud</strong></span> 
     </span>
    </p>
   </div>
   <div class='ocr_carea' id='block_1_56' title="bbox 2174 2616 3759 2691">
    <p class='ocr_par' dir='ltr' id='par_1_56' title="bbox 2174 2616 3759 2691">
     <span class='ocr_line' id='line_1_56' title="bbox 2174 2616 3759 2691; baseline -0.001 -17"><span class='ocrx_word' id='word_1_400' title='bbox 2174 2622 2441 2691; x_wconf 87' lang='lat' dir='ltr'><strong>ignorem,</strong></span> <span class='ocrx_word' id='word_1_401' title='bbox 2475 2620 2813 2690; x_wconf 84' lang='lat' dir='ltr'><strong>Stephanum</strong></span> <span class='ocrx_word' id='word_1_402' title='bbox 2846 2620 2897 2674; x_wconf 90' lang='lat' dir='ltr'><strong>1e</strong></span> <span class='ocrx_word' id='word_1_403' title='bbox 2925 2618 3121 2689; x_wconf 87' lang='lat' dir='ltr'><strong>Moyne</strong></span> <span class='ocrx_word' id='word_1_404' title='bbox 3158 2617 3269 2688; x_wconf 68' lang='lat'><strong>(23)</strong></span> <span class='ocrx_word' id='word_1_405' title='bbox 3300 2618 3470 2671; x_wconf 89' lang='lat' dir='ltr'><strong>tidem</strong></span> <span class='ocrx_word' id='word_1_406' title='bbox 3507 2616 3759 2688; x_wconf 80' lang='lat' dir='ltr'><strong>Polycra—</strong></span> 
     </span>
    </p>
   </div>
   <div class='ocr_carea' id='block_1_57' title="bbox 2174 2709 3759 2781">
    <p class='ocr_par' dir='ltr' id='par_1_57' title="bbox 2174 2709 3759 2781">
     <span class='ocr_line' id='line_1_57' title="bbox 2174 2709 3759 2781; baseline -0.003 -14"><span class='ocrx_word' id='word_1_407' title='bbox 2174 2713 2243 2767; x_wconf 88' lang='lat' dir='ltr'><strong>tis</strong></span> <span class='ocrx_word' id='word_1_408' title='bbox 2278 2713 2379 2766; x_wconf 90' lang='lat' dir='ltr'><strong>hac</strong></span> <span class='ocrx_word' id='word_1_409' title='bbox 2410 2712 2463 2765; x_wconf 93' lang='lat' dir='ltr'><strong>in</strong></span> <span class='ocrx_word' id='word_1_410' title='bbox 2501 2720 2653 2781; x_wconf 80' lang='lat' dir='ltr'><strong>parte.</strong></span> <span class='ocrx_word' id='word_1_411' title='bbox 2699 2721 2893 2779; x_wconf 62' lang='lat' dir='ltr'><strong>printer</strong></span> <span class='ocrx_word' id='word_1_412' title='bbox 2923 2726 3038 2764; x_wconf 90' lang='lat' dir='ltr'><strong>rem</strong></span> <span class='ocrx_word' id='word_1_413' title='bbox 3072 2710 3343 2772; x_wconf 78' lang='lat' dir='ltr'><strong>vellicare,</strong></span> <span class='ocrx_word' id='word_1_414' title='bbox 3377 2718 3441 2762; x_wconf 84' lang='lat' dir='ltr'><strong>ut</strong></span> <span class='ocrx_word' id='word_1_415' title='bbox 3478 2709 3759 2779; x_wconf 76' lang='lat' dir='ltr'><strong>bypothesi</strong></span> 
     </span>
    </p>
   </div>
   <div class='ocr_carea' id='block_1_58' title="bbox 2172 2800 3757 2871">
    <p class='ocr_par' dir='ltr' id='par_1_58' title="bbox 2172 2800 3757 2871">
     <span class='ocr_line' id='line_1_58' title="bbox 2172 2800 3757 2871; baseline -0.003 -14"><span class='ocrx_word' id='word_1_416' title='bbox 2172 2819 2284 2857; x_wconf 64' lang='lat' dir='ltr'><strong>sure</strong></span> <span class='ocrx_word' id='word_1_417' title='bbox 2314 2804 2591 2865; x_wconf 85' lang='lat' dir='ltr'><strong>inserviat,</strong></span> <span class='ocrx_word' id='word_1_418' title='bbox 2622 2803 2798 2871; x_wconf 86' lang='lat' dir='ltr'><strong>primo</strong></span> <span class='ocrx_word' id='word_1_419' title='bbox 2825 2810 2879 2856; x_wconf 87' lang='lat' dir='ltr'><strong>et</strong></span> <span class='ocrx_word' id='word_1_420' title='bbox 2904 2801 3148 2856; x_wconf 87' lang='lat' dir='ltr'><strong>secundo</strong></span> <span class='ocrx_word' id='word_1_421' title='bbox 3172 2800 3376 2854; x_wconf 64' lang='lat' dir='ltr'><strong>saaculo</strong></span> <span class='ocrx_word' id='word_1_422' title='bbox 3406 2814 3609 2854; x_wconf 80' lang='lat' dir='ltr'><strong>vocem</strong></span> <span class='ocrx_word' id='word_1_423' title='bbox 3635 2817 3757 2867; x_wconf 73' lang='lat' dir='ltr'><strong>pon-</strong></span> 
     </span>
    </p>
   </div>
   <div class='ocr_carea' id='block_1_59' title="bbox 2173 2892 3757 2963">
    <p class='ocr_par' dir='ltr' id='par_1_59' title="bbox 2173 2892 3757 2963">
     <span class='ocr_line' id='line_1_59' title="bbox 2173 2892 3757 2963; baseline -0.003 -15"><span class='ocrx_word' id='word_1_424' title='bbox 2173 2896 2332 2963; x_wconf 84' lang='lat' dir='ltr'><strong>tiﬁcis</strong></span> <span class='ocrx_word' id='word_1_425' title='bbox 2375 2903 2429 2947; x_wconf 90' lang='lat' dir='ltr'><strong>et</strong></span> <span class='ocrx_word' id='word_1_426' title='bbox 2482 2893 2772 2946; x_wconf 85' lang='lat' dir='ltr'><strong>sacerdotis</strong></span> <span class='ocrx_word' id='word_1_427' title='bbox 2814 2894 2957 2963; x_wconf 87' lang='lat' dir='ltr'><strong>apud</strong></span> <span class='ocrx_word' id='word_1_428' title='bbox 2988 2892 3191 2961; x_wconf 88' lang='lat' dir='ltr'><strong>probos</strong></span> <span class='ocrx_word' id='word_1_429' title='bbox 3227 2902 3491 2945; x_wconf 86' lang='lat' dir='ltr'><strong>auctores</strong></span> <span class='ocrx_word' id='word_1_430' title='bbox 3536 2892 3757 2946; x_wconf 84' lang='lat' dir='ltr'><strong>istorum</strong></span> 
     </span>
    </p>
   </div>
   <div class='ocr_carea' id='block_1_60' title="bbox 2171 2983 3761 3054">
    <p class='ocr_par' dir='ltr' id='par_1_60' title="bbox 2171 2983 3761 3054">
     <span class='ocr_line' id='line_1_60' title="bbox 2171 2983 3761 3054; baseline -0.005 -13"><span class='ocrx_word' id='word_1_431' title='bbox 2171 2986 2501 3041; x_wconf 64' lang='lat' dir='ltr'><strong>saeculorum</strong></span> <span class='ocrx_word' id='word_1_432' title='bbox 2537 3000 2816 3054; x_wconf 90' lang='lat' dir='ltr'><strong>nunquam</strong></span> <span class='ocrx_word' id='word_1_433' title='bbox 2858 2999 3190 3040; x_wconf 89' lang='lat' dir='ltr'><strong>occurrere:</strong></span> <span class='ocrx_word' id='word_1_434' title='bbox 3225 2984 3371 3037; x_wconf 89' lang='lat' dir='ltr'><strong>idem</strong></span> <span class='ocrx_word' id='word_1_435' title='bbox 3416 2992 3609 3037; x_wconf 88' lang='lat' dir='ltr'><strong>tamen</strong></span> <span class='ocrx_word' id='word_1_436' title='bbox 3642 2983 3761 3037; x_wconf 45' lang='lat' dir='ltr'><strong>tates</strong></span> 
     </span>
    </p>
   </div>
   <div class='ocr_carea' id='block_1_61' title="bbox 2170 3075 3755 3145">
    <p class='ocr_par' dir='ltr' id='par_1_61' title="bbox 2170 3075 3755 3145">
     <span class='ocr_line' id='line_1_61' title="bbox 2170 3075 3755 3145; baseline -0.003 -14"><span class='ocrx_word' id='word_1_437' title='bbox 2170 3085 2282 3143; x_wconf 89' lang='lat' dir='ltr'><strong>tur,</strong></span> <span class='ocrx_word' id='word_1_438' title='bbox 2320 3092 2372 3145; x_wconf 92' lang='lat' dir='ltr'><strong>p.</strong></span> <span class='ocrx_word' id='word_1_439' title='bbox 2410 3076 2478 3130; x_wconf 78' lang='lat'><strong>50</strong></span> <span class='ocrx_word' id='word_1_440' title='bbox 2529 3076 2628 3131; x_wconf 91' lang='lat' dir='ltr'><strong>has</strong></span> <span class='ocrx_word' id='word_1_441' title='bbox 2669 3092 2832 3131; x_wconf 86' lang='lat' dir='ltr'><strong>voces</strong></span> <span class='ocrx_word' id='word_1_442' title='bbox 2888 3076 2956 3130; x_wconf 91' lang='lat' dir='ltr'><strong>ab</strong></span> <span class='ocrx_word' id='word_1_443' title='bbox 2989 3076 3224 3130; x_wconf 90' lang='lat' dir='ltr'><strong>ethnicis</strong></span> <span class='ocrx_word' id='word_1_444' title='bbox 3275 3075 3609 3145; x_wconf 87' lang='lat' dir='ltr'><strong>dcsumptas</strong></span> <span class='ocrx_word' id='word_1_445' title='bbox 3657 3076 3755 3145; x_wconf 79' lang='lat' dir='ltr'><strong>jam</strong></span> 
     </span>
    </p>
   </div>
   <div class='ocr_carea' id='block_1_62' title="bbox 482 3141 2064 3233">
    <p class='ocr_par' dir='ltr' id='par_1_62' title="bbox 482 3149 2062 3221">
     <span class='ocr_line' id='line_1_62' title="bbox 482 3149 2062 3221; baseline 0.002 -17"><span class='ocrx_word' id='word_1_446' title='bbox 482 3149 621 3212; x_wconf 72' lang='lat' dir='ltr'><strong>deni,</strong></span> <span class='ocrx_word' id='word_1_447' title='bbox 653 3167 806 3219; x_wconf 83' lang='lat' dir='ltr'><strong>quem</strong></span> <span class='ocrx_word' id='word_1_448' title='bbox 836 3150 1073 3219; x_wconf 79' lang='lat' dir='ltr'><strong>Ephesiis</strong></span> <span class='ocrx_word' id='word_1_449' title='bbox 1114 3150 1202 3205; x_wconf 80' lang='lat' dir='ltr'><strong>ille</strong></span> <span class='ocrx_word' id='word_1_450' title='bbox 1232 3151 1508 3205; x_wconf 80' lang='lat' dir='ltr'><strong>ordinarat</strong></span> <span class='ocrx_word' id='word_1_451' title='bbox 1535 3153 1874 3221; x_wconf 74' lang='lat' dir='ltr'><strong>episcopum;</strong></span> <span class='ocrx_word' id='word_1_452' title='bbox 1907 3153 2062 3221; x_wconf 85' lang='lat' dir='ltr'><strong>hujus</strong></span> 
     </span>
    </p>
   </div>
   <div class='ocr_carea' id='block_1_63' title="bbox 2175 3141 3759 3233">
    <p class='ocr_par' dir='ltr' id='par_1_63' title="bbox 2175 3165 3759 3233">
     <span class='ocr_line' id='line_1_63' title="bbox 2175 3165 3759 3233; baseline -0.003 -11"><span class='ocrx_word' id='word_1_453' title='bbox 2175 3168 2395 3222; x_wconf 85' lang='lat' dir='ltr'><strong>ineunte</strong></span> <span class='ocrx_word' id='word_1_454' title='bbox 2424 3168 2624 3221; x_wconf 75' lang='lat' dir='ltr'><strong>szeculu</strong></span> <span class='ocrx_word' id='word_1_455' title='bbox 2655 3184 2736 3233; x_wconf 91' lang='grc' dir='ltr'><strong>ιιι,</strong></span> <span class='ocrx_word' id='word_1_456' title='bbox 2770 3170 2822 3221; x_wconf 91' lang='lat' dir='ltr'><strong>in</strong></span> <span class='ocrx_word' id='word_1_457' title='bbox 2857 3166 3157 3223; x_wconf 84' lang='lat' dir='ltr'><strong>Ecclesiam</strong></span> <span class='ocrx_word' id='word_1_458' title='bbox 3189 3165 3578 3220; x_wconf 76' lang='lat' dir='ltr'><strong>Christianam</strong></span> <span class='ocrx_word' id='word_1_459' title='bbox 3608 3168 3759 3220; x_wconf 82' lang='lat' dir='ltr'><strong>intro-</strong></span> 
     </span>
    </p>
   </div>
   <div class='ocr_carea' id='block_1_64' title="bbox 483 3243 2060 3312">
    <p class='ocr_par' dir='ltr' id='par_1_64' title="bbox 483 3243 2060 3312">
     <span class='ocr_line' id='line_1_64' title="bbox 483 3243 2060 3312; baseline 0.002 -17"><span class='ocrx_word' id='word_1_460' title='bbox 483 3250 661 3295; x_wconf 85' lang='lat' dir='ltr'><strong>tamen</strong></span> <span class='ocrx_word' id='word_1_461' title='bbox 686 3244 1066 3312; x_wconf 85' lang='lat' dir='ltr'><strong>depositionem</strong></span> <span class='ocrx_word' id='word_1_462' title='bbox 1095 3243 1331 3297; x_wconf 87' lang='lat' dir='ltr'><strong>validam</strong></span> <span class='ocrx_word' id='word_1_463' title='bbox 1362 3243 1594 3307; x_wconf 80' lang='lat' dir='ltr'><strong>reddere,</strong></span> <span class='ocrx_word' id='word_1_464' title='bbox 1634 3243 1757 3297; x_wconf 84' lang='lat' dir='ltr'><strong>aliis</strong></span> <span class='ocrx_word' id='word_1_465' title='bbox 1792 3246 2060 3298; x_wconf 85' lang='lat' dir='ltr'><strong>nonnullis</strong></span> 
     </span>
    </p>
   </div>
   <div class='ocr_carea' id='block_1_65' title="bbox 480 3334 2062 3404">
    <p class='ocr_par' dir='ltr' id='par_1_65' title="bbox 480 3334 2062 3404">
     <span class='ocr_line' id='line_1_65' title="bbox 480 3334 2062 3404; baseline 0 -17"><span class='ocrx_word' id='word_1_466' title='bbox 480 3334 897 3404; x_wconf 76' lang='lat' dir='ltr'><strong>prohibentibus,</strong></span> <span class='ocrx_word' id='word_1_467' title='bbox 928 3335 1143 3388; x_wconf 85' lang='lat' dir='ltr'><strong>minime</strong></span> <span class='ocrx_word' id='word_1_468' title='bbox 1166 3344 1469 3402; x_wconf 87' lang='lat' dir='ltr'><strong>potuerunt.</strong></span> <span class='ocrx_word' id='word_1_469' title='bbox 1505 3334 1808 3389; x_wconf 70' lang='lat' dir='ltr'><strong>Heraclida:</strong></span> <span class='ocrx_word' id='word_1_470' title='bbox 1842 3353 2062 3388; x_wconf 77' lang='lat' dir='ltr'><strong>accusa-</strong></span> 
     </span>
    </p>
   </div>
   <div class='ocr_carea' id='block_1_66' title="bbox 485 3426 2062 3497">
    <p class='ocr_par' dir='ltr' id='par_1_66' title="bbox 485 3426 2062 3497">
     <span class='ocr_line' id='line_1_66' title="bbox 485 3426 2062 3497; baseline 0.001 -18"><span class='ocrx_word' id='word_1_471' title='bbox 485 3436 570 3479; x_wconf 87' lang='lat' dir='ltr'><strong>tor</strong></span> <span class='ocrx_word' id='word_1_472' title='bbox 600 3426 867 3479; x_wconf 85' lang='lat' dir='ltr'><strong>Macarius</strong></span> <span class='ocrx_word' id='word_1_473' title='bbox 898 3426 1116 3496; x_wconf 89' lang='lat' dir='ltr'><strong>quidam</strong></span> <span class='ocrx_word' id='word_1_474' title='bbox 1140 3428 1345 3480; x_wconf 84' lang='lat' dir='ltr'><strong>nomine</strong></span> <span class='ocrx_word' id='word_1_475' title='bbox 1368 3428 1492 3495; x_wconf 75' lang='lat' dir='ltr'><strong>fuit,</strong></span> <span class='ocrx_word' id='word_1_476' title='bbox 1527 3427 1833 3497; x_wconf 83' lang='lat' dir='ltr'><strong>Magnetum</strong></span> <span class='ocrx_word' id='word_1_477' title='bbox 1862 3430 2062 3496; x_wconf 86' lang='lat' dir='ltr'><strong>episco-</strong></span> 
     </span>
    </p>
   </div>
   <div class='ocr_carea' id='block_1_67' title="bbox 482 3516 2059 3589">
    <p class='ocr_par' dir='ltr' id='par_1_67' title="bbox 482 3516 2059 3589">
     <span class='ocr_line' id='line_1_67' title="bbox 482 3516 2059 3589; baseline 0.003 -19"><span class='ocrx_word' id='word_1_478' title='bbox 482 3535 599 3589; x_wconf 87' lang='lat' dir='ltr'><strong>pus.</strong></span> <span class='ocrx_word' id='word_1_479' title='bbox 630 3516 785 3572; x_wconf 85' lang='lat' dir='ltr'><strong>Hunc</strong></span> <span class='ocrx_word' id='word_1_480' title='bbox 827 3527 1006 3572; x_wconf 88' lang='lat' dir='ltr'><strong>tamen</strong></span> <span class='ocrx_word' id='word_1_481' title='bbox 1046 3518 1343 3573; x_wconf 88' lang='lat' dir='ltr'><strong>Macarium</strong></span> <span class='ocrx_word' id='word_1_482' title='bbox 1395 3534 1424 3572; x_wconf 91' lang='lat' dir='ltr'><strong>a</strong></span> <span class='ocrx_word' id='word_1_483' title='bbox 1470 3518 1667 3574; x_wconf 89' lang='lat' dir='ltr'><strong>Photio</strong></span> <span class='ocrx_word' id='word_1_484' title='bbox 1695 3530 2059 3575; x_wconf 87' lang='lat' dir='ltr'><strong>memoratum</strong></span> 
     </span>
    </p>
   </div>
   <div class='ocr_carea' id='block_1_68' title="bbox 482 3629 2057 3702">
    <p class='ocr_par' dir='ltr' id='par_1_68' title="bbox 482 3629 2057 3702">
     <span class='ocr_line' id='line_1_68' title="bbox 482 3629 2057 3702; baseline -0.001 -16"><span class='ocrx_word' id='word_1_485' title='bbox 482 3631 757 3686; x_wconf 85' lang='lat' dir='ltr'><strong>diversum</strong></span> <span class='ocrx_word' id='word_1_486' title='bbox 800 3629 968 3684; x_wconf 81' lang='lat' dir='ltr'><strong>fuisse</strong></span> <span class='ocrx_word' id='word_1_487' title='bbox 996 3630 1190 3699; x_wconf 92' lang='lat' dir='ltr'><strong>opinor</strong></span> <span class='ocrx_word' id='word_1_488' title='bbox 1223 3646 1253 3685; x_wconf 88' lang='lat' dir='ltr'><strong>a</strong></span> <span class='ocrx_word' id='word_1_489' title='bbox 1286 3640 1474 3684; x_wconf 93' lang='lat' dir='ltr'><strong>nostro</strong></span> <span class='ocrx_word' id='word_1_490' title='bbox 1506 3629 1746 3685; x_wconf 88' lang='lat' dir='ltr'><strong>Macario</strong></span> <span class='ocrx_word' id='word_1_491' title='bbox 1793 3630 2057 3702; x_wconf 87' lang='lat' dir='ltr'><strong>Magnete,</strong></span> 
     </span>
    </p>
   </div>
   <div class='ocr_carea' id='block_1_69' title="bbox 481 3721 2059 3791">
    <p class='ocr_par' dir='ltr' id='par_1_69' title="bbox 481 3721 2059 3791">
     <span class='ocr_line' id='line_1_69' title="bbox 481 3721 2059 3791; baseline -0.001 -14"><span class='ocrx_word' id='word_1_492' title='bbox 481 3724 549 3777; x_wconf 90' lang='lat' dir='ltr'><strong>de</strong></span> <span class='ocrx_word' id='word_1_493' title='bbox 572 3738 679 3791; x_wconf 90' lang='lat' dir='ltr'><strong>quo</strong></span> <span class='ocrx_word' id='word_1_494' title='bbox 703 3738 848 3776; x_wconf 92' lang='lat' dir='ltr'><strong>nunc</strong></span> <span class='ocrx_word' id='word_1_495' title='bbox 874 3730 985 3774; x_wconf 89' lang='lat' dir='ltr'><strong>tota</strong></span> <span class='ocrx_word' id='word_1_496' title='bbox 1017 3722 1319 3777; x_wconf 86' lang='lat' dir='ltr'><strong>instituitur</strong></span> <span class='ocrx_word' id='word_1_497' title='bbox 1336 3721 1650 3791; x_wconf 88' lang='lat' dir='ltr'><strong>disputatio.</strong></span> <span class='ocrx_word' id='word_1_498' title='bbox 1672 3721 1869 3779; x_wconf 85' lang='lat' dir='ltr'><strong>Noster</strong></span> <span class='ocrx_word' id='word_1_499' title='bbox 1889 3723 2059 3789; x_wconf 91' lang='lat' dir='ltr'><strong>enim,</strong></span> 
     </span>
    </p>
   </div>
   <div class='ocr_carea' id='block_1_70' title="bbox 482 3813 2057 3885">
    <p class='ocr_par' dir='ltr' id='par_1_70' title="bbox 482 3813 2057 3885">
     <span class='ocr_line' id='line_1_70' title="bbox 482 3813 2057 3885; baseline -0.001 -16"><span class='ocrx_word' id='word_1_500' title='bbox 482 3824 620 3870; x_wconf 75' lang='lat' dir='ltr'><strong>teste</strong></span> <span class='ocrx_word' id='word_1_501' title='bbox 638 3813 940 3883; x_wconf 87' lang='lat' dir='ltr'><strong>Nicephoro</strong></span> <span class='ocrx_word' id='word_1_502' title='bbox 962 3831 1085 3869; x_wconf 91' lang='lat' dir='ltr'><strong>cum</strong></span> <span class='ocrx_word' id='word_1_503' title='bbox 1110 3816 1335 3885; x_wconf 87' lang='lat' dir='ltr'><strong>reliquis</strong></span> <span class='ocrx_word' id='word_1_504' title='bbox 1352 3816 1694 3870; x_wconf 80' lang='lat' dir='ltr'><strong>antistitibus</strong></span> <span class='ocrx_word' id='word_1_505' title='bbox 1716 3815 2057 3881; x_wconf 77' lang='lat' dir='ltr'><strong>orthodoxis,</strong></span> 
     </span>
    </p>
   </div>
   <div class='ocr_carea' id='block_1_71' title="bbox 481 3905 2061 3978">
    <p class='ocr_par' dir='ltr' id='par_1_71' title="bbox 481 3905 2061 3978">
     <span class='ocr_line' id='line_1_71' title="bbox 481 3905 2061 3978; baseline 0 -17"><span class='ocrx_word' id='word_1_506' title='bbox 481 3909 575 3978; x_wconf 90' lang='lat' dir='ltr'><strong>qui</strong></span> <span class='ocrx_word' id='word_1_507' title='bbox 608 3910 661 3962; x_wconf 92' lang='lat' dir='ltr'><strong>in</strong></span> <span class='ocrx_word' id='word_1_508' title='bbox 692 3908 1123 3977; x_wconf 87' lang='lat' dir='ltr'><strong>pervestigandis</strong></span> <span class='ocrx_word' id='word_1_509' title='bbox 1163 3908 1651 3977; x_wconf 83' lang='lat' dir='ltr'><strong>examinandisque</strong></span> <span class='ocrx_word' id='word_1_510' title='bbox 1684 3906 1904 3960; x_wconf 85' lang='lat' dir='ltr'><strong>Macarii</strong></span> <span class='ocrx_word' id='word_1_511' title='bbox 1945 3905 2061 3961; x_wconf 86' lang='lat' dir='ltr'><strong>Ma-</strong></span> 
     </span>
    </p>
   </div>
   <div class='ocr_carea' id='block_1_72' title="bbox 482 3996 2061 4069">
    <p class='ocr_par' dir='ltr' id='par_1_72' title="bbox 482 3996 2061 4069">
     <span class='ocr_line' id='line_1_72' title="bbox 482 3996 2061 4069; baseline -0.002 -16"><span class='ocrx_word' id='word_1_512' title='bbox 482 4000 660 4069; x_wconf 87' lang='lat' dir='ltr'><strong>gnetis</strong></span> <span class='ocrx_word' id='word_1_513' title='bbox 703 4000 923 4068; x_wconf 90' lang='lat' dir='ltr'><strong>scriptis</strong></span> <span class='ocrx_word' id='word_1_514' title='bbox 957 3999 1249 4053; x_wconf 88' lang='lat' dir='ltr'><strong>admodum</strong></span> <span class='ocrx_word' id='word_1_515' title='bbox 1284 3999 1502 4053; x_wconf 89' lang='lat' dir='ltr'><strong>solliciti</strong></span> <span class='ocrx_word' id='word_1_516' title='bbox 1538 3998 1708 4063; x_wconf 80' lang='lat' dir='ltr'><strong>fuere,</strong></span> <span class='ocrx_word' id='word_1_517' title='bbox 1750 3998 1803 4050; x_wconf 94' lang='lat' dir='ltr'><strong>in</strong></span> <span class='ocrx_word' id='word_1_518' title='bbox 1830 3996 2061 4065; x_wconf 88' lang='lat' dir='ltr'><strong>quibus-</strong></span> 
     </span>
    </p>
   </div>
   <div class='ocr_carea' id='block_1_73' title="bbox 481 4091 2059 4163">
    <p class='ocr_par' dir='ltr' id='par_1_73' title="bbox 481 4091 2059 4163">
     <span class='ocr_line' id='line_1_73' title="bbox 481 4091 2059 4163; baseline -0.001 -16"><span class='ocrx_word' id='word_1_519' title='bbox 481 4094 606 4147; x_wconf 89' lang='lat' dir='ltr'><strong>dam</strong></span> <span class='ocrx_word' id='word_1_520' title='bbox 653 4093 919 4147; x_wconf 91' lang='lat' dir='ltr'><strong>doctrinis</strong></span> <span class='ocrx_word' id='word_1_521' title='bbox 943 4091 1233 4159; x_wconf 86' lang='lat' dir='ltr'><strong>Origenem</strong></span> <span class='ocrx_word' id='word_1_522' title='bbox 1262 4100 1501 4154; x_wconf 88' lang='lat' dir='ltr'><strong>secutus,</strong></span> <span class='ocrx_word' id='word_1_523' title='bbox 1527 4107 1590 4146; x_wconf 88' lang='lat' dir='ltr'><strong>ac</strong></span> <span class='ocrx_word' id='word_1_524' title='bbox 1618 4092 1756 4145; x_wconf 88' lang='lat' dir='ltr'><strong>inter</strong></span> <span class='ocrx_word' id='word_1_525' title='bbox 1782 4091 1887 4145; x_wconf 88' lang='lat' dir='ltr'><strong>alia</strong></span> <span class='ocrx_word' id='word_1_526' title='bbox 1904 4091 2059 4163; x_wconf 80' lang='lat' dir='ltr'><strong>istud</strong></span> 
     </span>
    </p>
   </div>
   <div class='ocr_carea' id='block_1_74' title="bbox 481 4183 2059 4255">
    <p class='ocr_par' dir='ltr' id='par_1_74' title="bbox 481 4183 2059 4255">
     <span class='ocr_line' id='line_1_74' title="bbox 481 4183 2059 4255; baseline -0.002 -17"><span class='ocrx_word' id='word_1_527' title='bbox 481 4185 675 4255; x_wconf 84' lang='lat' dir='ltr'><strong>dogma</strong></span> <span class='ocrx_word' id='word_1_528' title='bbox 708 4186 989 4254; x_wconf 78' lang='lat' dir='ltr'><strong>amplexus</strong></span> <span class='ocrx_word' id='word_1_529' title='bbox 1018 4195 1120 4248; x_wconf 88' lang='lat' dir='ltr'><strong>est,</strong></span> <span class='ocrx_word' id='word_1_530' title='bbox 1143 4185 1218 4247; x_wconf 84' lang='grc' dir='ltr'><strong>ὡς</strong></span> <span class='ocrx_word' id='word_1_531' title='bbox 1245 4184 1392 4247; x_wconf 80' lang='grc' dir='ltr'><strong>τέλος</strong></span> <span class='ocrx_word' id='word_1_532' title='bbox 1418 4184 1526 4247; x_wconf 73' lang='grc' dir='ltr'>ἕξει</span> <span class='ocrx_word' id='word_1_533' title='bbox 1574 4185 1607 4254; x_wconf 81' lang='grc' dir='ltr'><strong>ἡ</strong></span> <span class='ocrx_word' id='word_1_534' title='bbox 1636 4183 1775 4237; x_wconf 82' lang='grc' dir='ltr'>κατᾶ</span> <span class='ocrx_word' id='word_1_535' title='bbox 1810 4184 1899 4236; x_wconf 81' lang='grc' dir='ltr'><strong>τὸν</strong></span> <span class='ocrx_word' id='word_1_536' title='bbox 1933 4183 2059 4253; x_wconf 79' lang='grc' dir='ltr'>μέλ-</span> 
     </span>
    </p>
   </div>
   <div class='ocr_carea' id='block_1_75' title="bbox 481 4272 2055 4345">
    <p class='ocr_par' dir='ltr' id='par_1_75' title="bbox 481 4272 2055 4345">
     <span class='ocr_line' id='line_1_75' title="bbox 481 4272 2055 4345; baseline -0.003 -18"><span class='ocrx_word' id='word_1_537' title='bbox 481 4274 640 4327; x_wconf 90' lang='grc' dir='ltr'>λοντα</span> <span class='ocrx_word' id='word_1_538' title='bbox 686 4276 875 4345; x_wconf 80' lang='grc' dir='ltr'>χρόνον</span> <span class='ocrx_word' id='word_1_539' title='bbox 915 4277 1025 4337; x_wconf 86' lang='grc' dir='ltr'>τοῖς</span> <span class='ocrx_word' id='word_1_540' title='bbox 1069 4273 1321 4326; x_wconf 79' lang='grc' dir='ltr'>ἀσεϐέσιν</span> <span class='ocrx_word' id='word_1_541' title='bbox 1363 4272 1669 4343; x_wconf 78' lang='grc' dir='ltr'>ἀνθρώποις</span> <span class='ocrx_word' id='word_1_542' title='bbox 1713 4272 2055 4342; x_wconf 71' lang='grc' dir='ltr'>ἡπειλημένη</span> 
     </span>
    </p>
   </div>
   <div class='ocr_carea' id='block_1_76' title="bbox 483 4362 2058 4437">
    <p class='ocr_par' dir='ltr' id='par_1_76' title="bbox 483 4362 2058 4437">
     <span class='ocr_line' id='line_1_76' title="bbox 483 4362 2058 4437; baseline -0.001 -19"><span class='ocrx_word' id='word_1_543' title='bbox 483 4366 578 4419; x_wconf 69' lang='grc' dir='ltr'><strong>καὶ</strong></span> <span class='ocrx_word' id='word_1_544' title='bbox 605 4365 980 4437; x_wconf 77' lang='grc' dir='ltr'>ἡτοιμασμένη</span> <span class='ocrx_word' id='word_1_545' title='bbox 1015 4364 1166 4435; x_wconf 76' lang='grc' dir='ltr'>παρὰ</span> <span class='ocrx_word' id='word_1_546' title='bbox 1193 4362 1327 4416; x_wconf 71' lang='grc' dir='ltr'>Θεοῦ</span> <span class='ocrx_word' id='word_1_547' title='bbox 1364 4364 1606 4426; x_wconf 86' lang='grc' dir='ltr'>κόλασις,</span> <span class='ocrx_word' id='word_1_548' title='bbox 1633 4363 1906 4416; x_wconf 83' lang='lat' dir='ltr'><strong>habituras</strong></span> <span class='ocrx_word' id='word_1_549' title='bbox 1930 4362 2058 4416; x_wconf 81' lang='lat' dir='ltr'><strong>olim</strong></span> 
     </span>
    </p>
   </div>
   <div class='ocr_carea' id='block_1_77' title="bbox 482 4455 2058 4529">
    <p class='ocr_par' dir='ltr' id='par_1_77' title="bbox 482 4455 2058 4529">
     <span class='ocr_line' id='line_1_77' title="bbox 482 4455 2058 4529; baseline -0.001 -18"><span class='ocrx_word' id='word_1_550' title='bbox 482 4460 639 4529; x_wconf 79' lang='lat' dir='ltr'><strong>ﬁnem</strong></span> <span class='ocrx_word' id='word_1_551' title='bbox 670 4476 758 4513; x_wconf 87' lang='lat' dir='ltr'><strong>eas</strong></span> <span class='ocrx_word' id='word_1_552' title='bbox 788 4475 983 4527; x_wconf 69' lang='lat' dir='ltr'><strong>poenas,</strong></span> <span class='ocrx_word' id='word_1_553' title='bbox 1016 4475 1146 4527; x_wconf 87' lang='lat' dir='ltr'><strong>quas</strong></span> <span class='ocrx_word' id='word_1_554' title='bbox 1173 4457 1352 4525; x_wconf 85' lang='lat' dir='ltr'><strong>impiis</strong></span> <span class='ocrx_word' id='word_1_555' title='bbox 1385 4455 1682 4509; x_wconf 84' lang='lat' dir='ltr'><strong>hominibus</strong></span> <span class='ocrx_word' id='word_1_556' title='bbox 1712 4457 1848 4509; x_wconf 85' lang='lat' dir='ltr'><strong>Deus</strong></span> <span class='ocrx_word' id='word_1_557' title='bbox 1885 4458 2058 4509; x_wconf 84' lang='lat' dir='ltr'><strong>mina-</strong></span> 
     </span>
    </p>
   </div>
   <div class='ocr_carea' id='block_1_78' title="bbox 483 4546 2058 4621">
    <p class='ocr_par' dir='ltr' id='par_1_78' title="bbox 483 4546 2058 4621">
     <span class='ocr_line' id='line_1_78' title="bbox 483 4546 2058 4621; baseline -0.001 -17"><span class='ocrx_word' id='word_1_558' title='bbox 483 4562 567 4605; x_wconf 87' lang='lat' dir='ltr'><strong>tus</strong></span> <span class='ocrx_word' id='word_1_559' title='bbox 596 4560 672 4606; x_wconf 89' lang='lat' dir='ltr'><strong>est</strong></span> <span class='ocrx_word' id='word_1_560' title='bbox 700 4566 761 4603; x_wconf 87' lang='lat' dir='ltr'><strong>ac</strong></span> <span class='ocrx_word' id='word_1_561' title='bbox 795 4549 1132 4621; x_wconf 68' lang='lat' dir='ltr'><strong>prtrparavit.</strong></span> <span class='ocrx_word' id='word_1_562' title='bbox 1168 4547 1271 4602; x_wconf 90' lang='lat' dir='ltr'><strong>Sed</strong></span> <span class='ocrx_word' id='word_1_563' title='bbox 1305 4547 1606 4602; x_wconf 89' lang='lat' dir='ltr'><strong>Photianus</strong></span> <span class='ocrx_word' id='word_1_564' title='bbox 1652 4548 1740 4601; x_wconf 89' lang='lat' dir='ltr'><strong>ille</strong></span> <span class='ocrx_word' id='word_1_565' title='bbox 1768 4546 2058 4611; x_wconf 87' lang='lat' dir='ltr'><strong>Macarius,</strong></span> 
     </span>
    </p>
   </div>
   <div class='ocr_carea' id='block_1_79' title="bbox 481 4638 2060 4713">
    <p class='ocr_par' dir='ltr' id='par_1_79' title="bbox 481 4638 2060 4713">
     <span class='ocr_line' id='line_1_79' title="bbox 481 4638 2060 4713; baseline -0.002 -16"><span class='ocrx_word' id='word_1_566' title='bbox 481 4642 789 4713; x_wconf 86' lang='lat' dir='ltr'><strong>Magnetum</strong></span> <span class='ocrx_word' id='word_1_567' title='bbox 836 4641 1145 4710; x_wconf 84' lang='lat' dir='ltr'><strong>episcOpus,</strong></span> <span class='ocrx_word' id='word_1_568' title='bbox 1184 4647 1394 4693; x_wconf 90' lang='lat' dir='ltr'><strong>tantum</strong></span> <span class='ocrx_word' id='word_1_569' title='bbox 1442 4638 1599 4692; x_wconf 86' lang='lat' dir='ltr'><strong>abest</strong></span> <span class='ocrx_word' id='word_1_570' title='bbox 1643 4646 1702 4691; x_wconf 92' lang='lat' dir='ltr'><strong>ut</strong></span> <span class='ocrx_word' id='word_1_571' title='bbox 1754 4638 2060 4707; x_wconf 88' lang='lat' dir='ltr'><strong>Origenista</strong></span> 
     </span>
    </p>
   </div>
   <div class='ocr_carea' id='block_1_80' title="bbox 482 4729 2063 4800">
    <p class='ocr_par' dir='ltr' id='par_1_80' title="bbox 482 4729 2063 4800">
     <span class='ocr_line' id='line_1_80' title="bbox 482 4729 2063 4800; baseline -0.003 -13"><span class='ocrx_word' id='word_1_572' title='bbox 482 4732 667 4796; x_wconf 81' lang='lat' dir='ltr'><strong>fuerit,</strong></span> <span class='ocrx_word' id='word_1_573' title='bbox 700 4741 760 4786; x_wconf 90' lang='lat' dir='ltr'><strong>ut</strong></span> <span class='ocrx_word' id='word_1_574' title='bbox 783 4730 1123 4786; x_wconf 79' lang='lat' dir='ltr'><strong>Heraclidem</strong></span> <span class='ocrx_word' id='word_1_575' title='bbox 1152 4729 1351 4800; x_wconf 84' lang='lat' dir='ltr'><strong>Ephesi</strong></span> <span class='ocrx_word' id='word_1_576' title='bbox 1382 4730 1697 4798; x_wconf 89' lang='lat' dir='ltr'><strong>episcopum</strong></span> <span class='ocrx_word' id='word_1_577' title='bbox 1729 4730 1913 4798; x_wconf 86' lang='lat' dir='ltr'><strong>potius</strong></span> <span class='ocrx_word' id='word_1_578' title='bbox 1942 4729 2063 4783; x_wconf 86' lang='lat' dir='ltr'><strong>Ori-</strong></span> 
     </span>
    </p>
   </div>
   <div class='ocr_carea' id='block_1_81' title="bbox 482 4821 2061 4895">
    <p class='ocr_par' dir='ltr' id='par_1_81' title="bbox 482 4821 2061 4895">
     <span class='ocr_line' id='line_1_81' title="bbox 482 4821 2061 4895; baseline -0.003 -16"><span class='ocrx_word' id='word_1_579' title='bbox 482 4824 805 4895; x_wconf 86' lang='lat' dir='ltr'><strong>genianismi</strong></span> <span class='ocrx_word' id='word_1_580' title='bbox 837 4823 1176 4878; x_wconf 87' lang='lat' dir='ltr'><strong>accusaverit</strong></span> <span class='ocrx_word' id='word_1_581' title='bbox 1206 4822 1319 4892; x_wconf 68' lang='lat'><strong>(21)</strong></span> <span class='ocrx_word' id='word_1_582' title='bbox 1344 4840 1357 4875; x_wconf 91' lang='lat'><strong>:</strong></span> <span class='ocrx_word' id='word_1_583' title='bbox 1392 4836 1456 4875; x_wconf 78' lang='lat' dir='ltr'><strong>ex</strong></span> <span class='ocrx_word' id='word_1_584' title='bbox 1489 4836 1598 4890; x_wconf 89' lang='lat' dir='ltr'><strong>quo</strong></span> <span class='ocrx_word' id='word_1_585' title='bbox 1626 4821 1805 4890; x_wconf 91' lang='lat' dir='ltr'><strong>capite</strong></span> <span class='ocrx_word' id='word_1_586' title='bbox 1832 4836 2061 4875; x_wconf 85' lang='lat' dir='ltr'><strong>accusa-</strong></span> 
     </span>
    </p>
   </div>
   <div class='ocr_carea' id='block_1_82' title="bbox 483 4913 2062 4985">
    <p class='ocr_par' dir='ltr' id='par_1_82' title="bbox 483 4913 2062 4985">
     <span class='ocr_line' id='line_1_82' title="bbox 483 4913 2062 4985; baseline -0.004 -14"><span class='ocrx_word' id='word_1_587' title='bbox 483 4917 647 4971; x_wconf 88' lang='lat' dir='ltr'><strong>tionis</strong></span> <span class='ocrx_word' id='word_1_588' title='bbox 688 4916 791 4985; x_wconf 91' lang='lat' dir='ltr'><strong>ipsi</strong></span> <span class='ocrx_word' id='word_1_589' title='bbox 833 4916 997 4969; x_wconf 90' lang='lat' dir='ltr'><strong>etiam</strong></span> <span class='ocrx_word' id='word_1_590' title='bbox 1034 4914 1429 4985; x_wconf 87' lang='lat' dir='ltr'><strong>Chrysostomo</strong></span> <span class='ocrx_word' id='word_1_591' title='bbox 1475 4913 1683 4966; x_wconf 88' lang='lat' dir='ltr'><strong>crimen</strong></span> <span class='ocrx_word' id='word_1_592' title='bbox 1734 4913 2062 4966; x_wconf 87' lang='lat' dir='ltr'><strong>intentatum</strong></span> 
     </span>
    </p>
   </div>
   <div class='ocr_carea' id='block_1_83' title="bbox 481 5055 2059 5190">
    <p class='ocr_par' dir='ltr' id='par_1_83' title="bbox 481 5055 2059 5190">
     <span class='ocr_line' id='line_1_83' title="bbox 555 5055 2056 5175; baseline 0.002 -69"><span class='ocrx_word' id='word_1_593' title='bbox 555 5055 666 5175; x_wconf 48' lang='lat'><strong>(21?</strong></span> <span class='ocrx_word' id='word_1_594' title='bbox 709 5055 828 5105; x_wconf 79' lang='lat' dir='ltr'><strong>Vid.</strong></span> <span class='ocrx_word' id='word_1_595' title='bbox 872 5055 1050 5133; x_wconf 73' lang='lat' dir='ltr'><strong>Photii</strong></span> <span class='ocrx_word' id='word_1_596' title='bbox 1083 5055 1430 5136; x_wconf 52' lang='lat' dir='ltr'><strong>Bibliottteca,</strong></span> <span class='ocrx_word' id='word_1_597' title='bbox 1462 5055 1497 5104; x_wconf 93' lang='lat' dir='ltr'><strong>l.</strong></span> <span class='ocrx_word' id='word_1_598' title='bbox 1527 5067 1575 5133; x_wconf 80' lang='lat' dir='ltr'><strong>c.</strong></span> <span class='ocrx_word' id='word_1_599' title='bbox 1621 5069 1671 5120; x_wconf 88' lang='lat' dir='ltr'><strong>p.</strong></span> <span class='ocrx_word' id='word_1_600' title='bbox 1710 5068 1783 5106; x_wconf 89' lang='grc' dir='ltr'><strong>ιιι.</strong></span> <span class='ocrx_word' id='word_1_601' title='bbox 1819 5055 1911 5116; x_wconf 84' lang='grc'><strong>55,</strong></span> <span class='ocrx_word' id='word_1_602' title='bbox 1941 5069 2056 5124; x_wconf 90' lang='lat' dir='ltr'><strong>seq.</strong></span> 
     </span>
     <span class='ocr_line' id='line_1_84' title="bbox 481 5120 2059 5190; baseline 0 -13"><span class='ocrx_word' id='word_1_603' title='bbox 481 5134 536 5177; x_wconf 89' lang='lat' dir='ltr'><strong>et</strong></span> <span class='ocrx_word' id='word_1_604' title='bbox 557 5138 639 5178; x_wconf 74' lang='grc' dir='ltr'><strong>οοι</strong></span> <span class='ocrx_word' id='word_1_605' title='bbox 666 5163 680 5176; x_wconf 92' lang='grc'><strong>.</strong></span> <span class='ocrx_word' id='word_1_606' title='bbox 712 5136 855 5186; x_wconf 77' lang='lat' dir='ltr'><strong>xcvr,</strong></span> <span class='ocrx_word' id='word_1_607' title='bbox 895 5138 948 5190; x_wconf 92' lang='lat' dir='ltr'><strong>p.</strong></span> <span class='ocrx_word' id='word_1_608' title='bbox 984 5121 1089 5174; x_wconf 71' lang='lat'><strong>257</strong></span> <span class='ocrx_word' id='word_1_609' title='bbox 1120 5131 1173 5174; x_wconf 90' lang='lat' dir='ltr'><strong>et</strong></span> <span class='ocrx_word' id='word_1_610' title='bbox 1204 5122 1327 5175; x_wconf 69' lang='lat'><strong>‘26:).</strong></span> <span class='ocrx_word' id='word_1_611' title='bbox 1361 5120 1466 5175; x_wconf 88' lang='lat' dir='ltr'><strong>Sed</strong></span> <span class='ocrx_word' id='word_1_612' title='bbox 1495 5122 1614 5175; x_wconf 83' lang='lat' dir='ltr'><strong>vnle</strong></span> <span class='ocrx_word' id='word_1_613' title='bbox 1645 5136 1905 5190; x_wconf 60' lang='lat' dir='ltr'><strong>praeterea</strong></span> <span class='ocrx_word' id='word_1_614' title='bbox 1930 5124 2059 5179; x_wconf 87' lang='lat' dir='ltr'><strong>Pal-</strong></span> 
     </span>
    </p>
   </div>
   <div class='ocr_carea' id='block_1_84' title="bbox 480 5190 2061 5261">
    <p class='ocr_par' dir='ltr' id='par_1_84' title="bbox 480 5190 2061 5261">
     <span class='ocr_line' id='line_1_85' title="bbox 480 5190 2061 5261; baseline 0.002 -15"><span class='ocrx_word' id='word_1_615' title='bbox 480 5193 704 5253; x_wconf 85' lang='lat' dir='ltr'><strong>ladiutn,</strong></span> <span class='ocrx_word' id='word_1_616' title='bbox 732 5202 922 5246; x_wconf 91' lang='lat' dir='ltr'><strong>testem</strong></span> <span class='ocrx_word' id='word_1_617' title='bbox 951 5191 1240 5261; x_wconf 77' lang='grc' dir='ltr'>αὐτόπτην,</span> <span class='ocrx_word' id='word_1_618' title='bbox 1264 5192 1318 5244; x_wconf 93' lang='lat' dir='ltr'><strong>in</strong></span> <span class='ocrx_word' id='word_1_619' title='bbox 1361 5190 1483 5245; x_wconf 85' lang='lat' dir='ltr'><strong>Vita</strong></span> <span class='ocrx_word' id='word_1_620' title='bbox 1527 5192 1920 5261; x_wconf 83' lang='lat' dir='ltr'><strong>Chrysostomi;</strong></span> <span class='ocrx_word' id='word_1_621' title='bbox 1960 5194 2061 5249; x_wconf 89' lang='lat' dir='ltr'><strong>So—</strong></span> 
     </span>
    </p>
   </div>
   <div class='ocr_carea' id='block_1_85' title="bbox 480 5261 2056 5329">
    <p class='ocr_par' dir='ltr' id='par_1_85' title="bbox 480 5261 2056 5329">
     <span class='ocr_line' id='line_1_86' title="bbox 480 5261 2056 5329; baseline 0 -12"><span class='ocrx_word' id='word_1_622' title='bbox 480 5261 858 5323; x_wconf 87' lang='lat' dir='ltr'><strong>cratem,llist.</strong></span> <span class='ocrx_word' id='word_1_623' title='bbox 886 5262 1012 5314; x_wconf 86' lang='lat' dir='ltr'><strong>ecct.</strong></span> <span class='ocrx_word' id='word_1_624' title='bbox 1042 5262 1137 5314; x_wconf 93' lang='lat' dir='ltr'><strong>lib.</strong></span> <span class='ocrx_word' id='word_1_625' title='bbox 1168 5276 1242 5325; x_wconf 83' lang='lat' dir='ltr'><strong>Vl,</strong></span> <span class='ocrx_word' id='word_1_626' title='bbox 1272 5277 1321 5315; x_wconf 91' lang='lat' dir='ltr'><strong>c.</strong></span> <span class='ocrx_word' id='word_1_627' title='bbox 1356 5261 1442 5325; x_wconf 85' lang='grc'><strong>17,</strong></span> <span class='ocrx_word' id='word_1_628' title='bbox 1480 5270 1534 5315; x_wconf 89' lang='lat' dir='ltr'><strong>et</strong></span> <span class='ocrx_word' id='word_1_629' title='bbox 1561 5261 2056 5329; x_wconf 85' lang='lat' dir='ltr'><strong>Sozomenum,lib.</strong></span> 
     </span>
    </p>
   </div>
   <div class='ocr_carea' id='block_1_86' title="bbox 480 5331 2061 5405">
    <p class='ocr_par' dir='ltr' id='par_1_86' title="bbox 480 5331 2061 5405">
     <span class='ocr_line' id='line_1_87' title="bbox 480 5331 2061 5405; baseline 0.002 -19"><span class='ocrx_word' id='word_1_630' title='bbox 480 5348 601 5399; x_wconf 83' lang='lat' dir='ltr'><strong>vnt,</strong></span> <span class='ocrx_word' id='word_1_631' title='bbox 628 5347 679 5385; x_wconf 91' lang='lat' dir='ltr'><strong>c.</strong></span> <span class='ocrx_word' id='word_1_632' title='bbox 723 5332 811 5396; x_wconf 76' lang='lat' dir='ltr'><strong>i9,</strong></span> <span class='ocrx_word' id='word_1_633' title='bbox 861 5346 1073 5385; x_wconf 92' lang='lat' dir='ltr'><strong>necnon</strong></span> <span class='ocrx_word' id='word_1_634' title='bbox 1105 5331 1391 5400; x_wconf 87' lang='lat' dir='ltr'><strong>epistolam</strong></span> <span class='ocrx_word' id='word_1_635' title='bbox 1429 5331 1810 5388; x_wconf 83' lang='lat' dir='ltr'><strong>Chrvsostomi</strong></span> <span class='ocrx_word' id='word_1_636' title='bbox 1842 5334 1911 5388; x_wconf 83' lang='lat' dir='ltr'><strong>ad</strong></span> <span class='ocrx_word' id='word_1_637' title='bbox 1954 5336 2061 5405; x_wconf 84' lang='lat' dir='ltr'><strong>Cy-</strong></span> 
     </span>
    </p>
   </div>
   <div class='ocr_carea' id='block_1_87' title="bbox 481 5413 843 5465">
    <p class='ocr_par' dir='ltr' id='par_1_87' title="bbox 481 5413 843 5465">
     <span class='ocr_line' id='line_1_88' title="bbox 481 5413 843 5465; baseline -0.003 -9"><span class='ocrx_word' id='word_1_638' title='bbox 481 5417 711 5465; x_wconf 80' lang='lat' dir='ltr'><strong>rtacum,</strong></span> <span class='ocrx_word' id='word_1_639' title='bbox 738 5413 843 5455; x_wconf 93' lang='lat' dir='ltr'><strong>etc.</strong></span> 
     </span>
    </p>
   </div>
   <div class='ocr_carea' id='block_1_88' title="bbox 556 5470 2059 5543">
    <p class='ocr_par' dir='ltr' id='par_1_88' title="bbox 556 5470 2059 5543">
     <span class='ocr_line' id='line_1_89' title="bbox 556 5470 2059 5543; baseline 0.002 -18"><span class='ocrx_word' id='word_1_640' title='bbox 556 5472 665 5543; x_wconf 70' lang='lat'><strong>(2‘2)</strong></span> <span class='ocrx_word' id='word_1_641' title='bbox 704 5470 783 5525; x_wconf 82' lang='lat' dir='ltr'><strong>Ex</strong></span> <span class='ocrx_word' id='word_1_642' title='bbox 800 5471 923 5543; x_wconf 65' lang='lat' dir='ltr'><strong>isto</strong></span> <span class='ocrx_word' id='word_1_643' title='bbox 950 5484 1101 5543; x_wconf 83' lang='lat' dir='ltr'><strong>more</strong></span> <span class='ocrx_word' id='word_1_644' title='bbox 1126 5470 1372 5543; x_wconf 77' lang='lat' dir='ltr'><strong>antiquo</strong></span> <span class='ocrx_word' id='word_1_645' title='bbox 1402 5470 1672 5543; x_wconf 85' lang='lat' dir='ltr'><strong>Eusebius</strong></span> <span class='ocrx_word' id='word_1_646' title='bbox 1703 5471 2059 5529; x_wconf 64' lang='lat' dir='ltr'><strong>Caesariensis</strong></span> 
     </span>
    </p>
   </div>
   <div class='ocr_carea' id='block_1_89' title="bbox 481 5530 2059 5613">
    <p class='ocr_par' dir='ltr' id='par_1_89' title="bbox 481 5530 2059 5613">
     <span class='ocr_line' id='line_1_90' title="bbox 481 5530 2059 5613; baseline 0.001 -18"><span class='ocrx_word' id='word_1_647' title='bbox 481 5530 770 5613; x_wconf 76' lang='lat' dir='ltr'><strong>episcopus</strong></span> <span class='ocrx_word' id='word_1_648' title='bbox 795 5530 1592 5613; x_wconf 46' lang='lat' dir='ltr'><strong>Nicephoroimdntirrbeticis</strong></span> <span class='ocrx_word' id='word_1_649' title='bbox 1634 5553 1863 5595; x_wconf 85' lang='lat' dir='ltr'><strong>vocatur</strong></span> <span class='ocrx_word' id='word_1_650' title='bbox 1897 5544 1925 5595; x_wconf 86' lang='grc' dir='ltr'>ὁ</span> <span class='ocrx_word' id='word_1_651' title='bbox 1959 5544 2059 5613; x_wconf 83' lang='grc' dir='ltr'><strong>τῆς</strong></span> 
     </span>
    </p>
   </div>
   <div class='ocr_carea' id='block_1_90' title="bbox 483 5609 2052 5683">
    <p class='ocr_par' dir='ltr' id='par_1_90' title="bbox 483 5609 2052 5683">
     <span class='ocr_line' id='line_1_91' title="bbox 483 5609 2052 5683; baseline 0.002 -21"><span class='ocrx_word' id='word_1_652' title='bbox 483 5609 801 5683; x_wconf 61' lang='grc' dir='ltr'>ξςαισαριων</span> <span class='ocrx_word' id='word_1_653' title='bbox 845 5609 941 5682; x_wconf 78' lang='grc' dir='ltr'><strong>τῆς</strong></span> <span class='ocrx_word' id='word_1_654' title='bbox 977 5609 1131 5683; x_wconf 67' lang='grc' dir='ltr'><strong>⁸κατᾷ</strong></span> <span class='ocrx_word' id='word_1_655' title='bbox 1164 5611 1538 5683; x_wconf 71' lang='grc' dir='ltr'>Παλαιστίνην</span> <span class='ocrx_word' id='word_1_656' title='bbox 1576 5613 1884 5683; x_wconf 63' lang='grc' dir='ltr'>ἀρχιερεὺς,</span> <span class='ocrx_word' id='word_1_657' title='bbox 1947 5609 2052 5667; x_wconf 80' lang='lat' dir='ltr'><strong>etc.</strong></span> 
     </span>
    </p>
   </div>
   <div class='ocr_carea' id='block_1_91' title="bbox 483 5676 2053 5751">
    <p class='ocr_par' dir='ltr' id='par_1_91' title="bbox 483 5676 2053 5751">
     <span class='ocr_line' id='line_1_92' title="bbox 483 5676 2053 5751; baseline 0.003 -20"><span class='ocrx_word' id='word_1_658' title='bbox 483 5679 601 5734; x_wconf 83' lang='lat' dir='ltr'><strong>Non</strong></span> <span class='ocrx_word' id='word_1_659' title='bbox 632 5676 725 5735; x_wconf 84' lang='lat' dir='ltr'><strong>diu</strong></span> <span class='ocrx_word' id='word_1_660' title='bbox 757 5689 878 5749; x_wconf 91' lang='lat' dir='ltr'><strong>post</strong></span> <span class='ocrx_word' id='word_1_661' title='bbox 899 5676 1136 5734; x_wconf 63' lang='lat' dir='ltr'><strong>&#39;Adriani</strong></span> <span class='ocrx_word' id='word_1_662' title='bbox 1170 5690 1411 5749; x_wconf 88' lang='lat' dir='ltr'><strong>tempora</strong></span> <span class='ocrx_word' id='word_1_663' title='bbox 1457 5676 1695 5751; x_wconf 77' lang='lat' dir='ltr'><strong>episcopi</strong></span> <span class='ocrx_word' id='word_1_664' title='bbox 1734 5676 1943 5736; x_wconf 82' lang='lat' dir='ltr'><strong>similes</strong></span> <span class='ocrx_word' id='word_1_665' title='bbox 1972 5683 2053 5735; x_wconf 92' lang='lat' dir='ltr'><strong>vi-</strong></span> 
     </span>
    </p>
   </div>
   <div class='ocr_carea' id='block_1_92' title="bbox 483 5751 2054 5822">
    <p class='ocr_par' dir='ltr' id='par_1_92' title="bbox 483 5751 2054 5822">
     <span class='ocr_line' id='line_1_93' title="bbox 483 5751 2054 5822; baseline 0.002 -17"><span class='ocrx_word' id='word_1_666' title='bbox 483 5752 599 5805; x_wconf 84' lang='lat' dir='ltr'><strong>deri</strong></span> <span class='ocrx_word' id='word_1_667' title='bbox 642 5751 892 5806; x_wconf 86' lang='lat' dir='ltr'><strong>volebant</strong></span> <span class='ocrx_word' id='word_1_668' title='bbox 940 5751 1212 5821; x_wconf 88' lang='lat' dir='ltr'><strong>pontiticis</strong></span> <span class='ocrx_word' id='word_1_669' title='bbox 1256 5752 1479 5806; x_wconf 75' lang='lat' dir='ltr'><strong>maximi</strong></span> <span class='ocrx_word' id='word_1_670' title='bbox 1530 5751 1878 5822; x_wconf 57' lang='lat' dir='ltr'><strong>ludat-orum;</strong></span> <span class='ocrx_word' id='word_1_671' title='bbox 1932 5768 2054 5822; x_wconf 88' lang='lat' dir='ltr'><strong>pre-</strong></span> 
     </span>
    </p>
   </div>
   <div class='ocr_carea' id='block_1_93' title="bbox 707 5050 2099 5132">
    <p class='ocr_par' dir='ltr' id='par_1_93' title="bbox 707 5050 2099 5132">
     <span class='ocr_line' id='line_1_94' title="bbox 707 5050 2099 5132; baseline 0.004 -29"><span class='ocrx_word' id='word_1_672' title='bbox 707 5050 828 5105; x_wconf 80' lang='lat' dir='ltr'><strong>Vid.</strong></span> <span class='ocrx_word' id='word_1_673' title='bbox 872 5050 1497 5132; x_wconf 45' lang='lat' dir='ltr'><strong>Photii_Bibli‘ot£tecna,_l.</strong></span> <span class='ocrx_word' id='word_1_674' title='bbox 1527 5067 1578 5132; x_wconf 60' lang='grc' dir='ltr'><strong>ρ.</strong></span> <span class='ocrx_word' id='word_1_675' title='bbox 1621 5069 1671 5120; x_wconf 88' lang='lat' dir='ltr'><strong>p.</strong></span> <span class='ocrx_word' id='word_1_676' title='bbox 1710 5068 1783 5106; x_wconf 88' lang='grc' dir='ltr'><strong>ιιι.</strong></span> <span class='ocrx_word' id='word_1_677' title='bbox 1819 5053 1911 5116; x_wconf 82' lang='lat'><strong>55,</strong></span> <span class='ocrx_word' id='word_1_678' title='bbox 1933 5069 2099 5132; x_wconf 44' lang='lat' dir='ltr'><strong>set}.</strong></span> 
     </span>
    </p>
   </div>
   <div class='ocr_carea' id='block_1_94' title="bbox 2169 3261 3753 3332">
    <p class='ocr_par' dir='ltr' id='par_1_94' title="bbox 2169 3261 3753 3332">
     <span class='ocr_line' id='line_1_95' title="bbox 2169 3261 3753 3332; baseline -0.004 -12"><span class='ocrx_word' id='word_1_679' title='bbox 2169 3265 2363 3320; x_wconf 75' lang='lat' dir='ltr'><strong>ductas</strong></span> <span class='ocrx_word' id='word_1_680' title='bbox 2388 3264 2577 3319; x_wconf 80' lang='lat' dir='ltr'><strong>fuisse.</strong></span> <span class='ocrx_word' id='word_1_681' title='bbox 2613 3263 2755 3329; x_wconf 86' lang='lat' dir='ltr'><strong>Quin</strong></span> <span class='ocrx_word' id='word_1_682' title='bbox 2794 3274 2847 3318; x_wconf 92' lang='lat' dir='ltr'><strong>et</strong></span> <span class='ocrx_word' id='word_1_683' title='bbox 2876 3263 3067 3332; x_wconf 89' lang='lat' dir='ltr'><strong>primis</strong></span> <span class='ocrx_word' id='word_1_684' title='bbox 3095 3261 3521 3316; x_wconf 84' lang='lat' dir='ltr'><strong>Christianismi</strong></span> <span class='ocrx_word' id='word_1_685' title='bbox 3550 3262 3753 3318; x_wconf 59' lang='lat' dir='ltr'><strong>sacculis</strong></span> 
     </span>
    </p>
   </div>
   <div class='ocr_carea' id='block_1_95' title="bbox 2172 3353 3758 3423">
    <p class='ocr_par' dir='ltr' id='par_1_95' title="bbox 2172 3353 3758 3423">
     <span class='ocr_line' id='line_1_96' title="bbox 2172 3353 3758 3423; baseline -0.003 -14"><span class='ocrx_word' id='word_1_686' title='bbox 2172 3356 2461 3423; x_wconf 86' lang='lat' dir='ltr'><strong>episcopos</strong></span> <span class='ocrx_word' id='word_1_687' title='bbox 2510 3355 2615 3408; x_wconf 90' lang='lat' dir='ltr'><strong>hoc</strong></span> <span class='ocrx_word' id='word_1_688' title='bbox 2662 3355 2881 3408; x_wconf 88' lang='lat' dir='ltr'><strong>nomine</strong></span> <span class='ocrx_word' id='word_1_689' title='bbox 2936 3353 3234 3409; x_wconf 82' lang='lat' dir='ltr'><strong>honoratos</strong></span> <span class='ocrx_word' id='word_1_690' title='bbox 3277 3353 3479 3418; x_wconf 72' lang='lat' dir='ltr'><strong>fuisse,</strong></span> <span class='ocrx_word' id='word_1_691' title='bbox 3541 3370 3609 3407; x_wconf 79' lang='lat' dir='ltr'><strong>ex</strong></span> <span class='ocrx_word' id='word_1_692' title='bbox 3656 3354 3758 3407; x_wconf 76' lang='lat' dir='ltr'><strong>solo</strong></span> 
     </span>
    </p>
   </div>
   <div class='ocr_carea' id='block_1_96' title="bbox 2170 3443 3754 3513">
    <p class='ocr_par' dir='ltr' id='par_1_96' title="bbox 2170 3443 3754 3513">
     <span class='ocr_line' id='line_1_97' title="bbox 2170 3443 3754 3513; baseline -0.004 -14"><span class='ocrx_word' id='word_1_693' title='bbox 2170 3445 2509 3500; x_wconf 85' lang='lat' dir='ltr'><strong>Tertulliauo</strong></span> <span class='ocrx_word' id='word_1_694' title='bbox 2534 3456 2788 3500; x_wconf 82' lang='lat' dir='ltr'><strong>constare</strong></span> <span class='ocrx_word' id='word_1_695' title='bbox 2812 3455 3006 3513; x_wconf 88' lang='lat' dir='ltr'><strong>potest,</strong></span> <span class='ocrx_word' id='word_1_696' title='bbox 3040 3445 3133 3513; x_wconf 90' lang='lat' dir='ltr'><strong>qui</strong></span> <span class='ocrx_word' id='word_1_697' title='bbox 3157 3444 3208 3496; x_wconf 91' lang='lat' dir='ltr'><strong>in</strong></span> <span class='ocrx_word' id='word_1_698' title='bbox 3236 3444 3334 3497; x_wconf 90' lang='lat' dir='ltr'><strong>lib.</strong></span> <span class='ocrx_word' id='word_1_699' title='bbox 3374 3443 3455 3498; x_wconf 82' lang='lat' dir='ltr'><strong>De</strong></span> <span class='ocrx_word' id='word_1_700' title='bbox 3483 3444 3754 3513; x_wconf 74' lang='lat' dir='ltr'><strong>baptismo,</strong></span> 
     </span>
    </p>
   </div>
   <div class='ocr_carea' id='block_1_97' title="bbox 2169 3536 3753 3606">
    <p class='ocr_par' dir='ltr' id='par_1_97' title="bbox 2169 3536 3753 3606">
     <span class='ocr_line' id='line_1_98' title="bbox 2169 3536 3753 3606; baseline -0.003 -14"><span class='ocrx_word' id='word_1_701' title='bbox 2169 3552 2290 3606; x_wconf 85' lang='lat' dir='ltr'><strong>cap.</strong></span> <span class='ocrx_word' id='word_1_702' title='bbox 2322 3537 2411 3602; x_wconf 81' lang='grc'><strong>17,</strong></span> <span class='ocrx_word' id='word_1_703' title='bbox 2445 3538 2633 3592; x_wconf 88' lang='lat' dir='ltr'><strong>scribit</strong></span> <span class='ocrx_word' id='word_1_704' title='bbox 2661 3540 2694 3588; x_wconf 87' lang='lat'><strong>:‘</strong></span> <span class='ocrx_word' id='word_1_705' title='bbox 2712 3537 2889 3590; x_wconf 85' lang='lat' dir='ltr'><strong>Dandi</strong></span> <span class='ocrx_word' id='word_1_706' title='bbox 2916 3537 3123 3599; x_wconf 87' lang='lat' dir='ltr'><strong>quidem</strong></span> <span class='ocrx_word' id='word_1_707' title='bbox 3151 3536 3465 3605; x_wconf 66' lang='lat' dir='ltr'><strong>(baptismi)</strong></span> <span class='ocrx_word' id='word_1_708' title='bbox 3507 3538 3661 3588; x_wconf 75' lang='lat' dir='ltr'><strong>habet</strong></span> <span class='ocrx_word' id='word_1_709' title='bbox 3675 3536 3753 3602; x_wconf 59' lang='lat' dir='ltr'><strong>jus</strong></span> 
     </span>
    </p>
   </div>
   <div class='ocr_carea' id='block_1_98' title="bbox 2167 3626 3755 3699">
    <p class='ocr_par' dir='ltr' id='par_1_98' title="bbox 2167 3626 3755 3699">
     <span class='ocr_line' id='line_1_99' title="bbox 2167 3626 3755 3699; baseline -0.001 -18"><span class='ocrx_word' id='word_1_710' title='bbox 2167 3644 2402 3681; x_wconf 80' lang='lat' dir='ltr'><strong>summus</strong></span> <span class='ocrx_word' id='word_1_711' title='bbox 2434 3630 2700 3690; x_wconf 81' lang='lat' dir='ltr'><strong>sacerdos,</strong></span> <span class='ocrx_word' id='word_1_712' title='bbox 2745 3630 2834 3699; x_wconf 84' lang='lat' dir='ltr'><strong>qui</strong></span> <span class='ocrx_word' id='word_1_713' title='bbox 2865 3638 2942 3680; x_wconf 84' lang='lat' dir='ltr'><strong>est</strong></span> <span class='ocrx_word' id='word_1_714' title='bbox 2979 3628 3272 3695; x_wconf 85' lang='lat' dir='ltr'><strong>episcopus,</strong></span> <span class='ocrx_word' id='word_1_715' title='bbox 3318 3626 3525 3679; x_wconf 81' lang='lat' dir='ltr'><strong>dehinc</strong></span> <span class='ocrx_word' id='word_1_716' title='bbox 3562 3628 3755 3695; x_wconf 59' lang='lat' dir='ltr'><strong>presby-</strong></span> 
     </span>
    </p>
   </div>
   <div class='ocr_carea' id='block_1_99' title="bbox 2168 3717 3750 3789">
    <p class='ocr_par' dir='ltr' id='par_1_99' title="bbox 2168 3717 3750 3789">
     <span class='ocr_line' id='line_1_100' title="bbox 2168 3717 3750 3789; baseline -0.004 -17"><span class='ocrx_word' id='word_1_717' title='bbox 2168 3722 2288 3785; x_wconf 85' lang='lat' dir='ltr'><strong>teri,</strong></span> <span class='ocrx_word' id='word_1_718' title='bbox 2317 3728 2422 3773; x_wconf 90' lang='lat' dir='ltr'><strong>etc.</strong></span> <span class='ocrx_word' id='word_1_719' title='bbox 2478 3717 2589 3774; x_wconf 90' lang='lat' dir='ltr'><strong>Nec</strong></span> <span class='ocrx_word' id='word_1_720' title='bbox 2635 3720 2795 3789; x_wconf 87' lang='lat' dir='ltr'><strong>longo</strong></span> <span class='ocrx_word' id='word_1_721' title='bbox 2842 3730 3082 3786; x_wconf 89' lang='lat' dir='ltr'><strong>tempore</strong></span> <span class='ocrx_word' id='word_1_722' title='bbox 3135 3726 3257 3786; x_wconf 79' lang='lat' dir='ltr'><strong>post</strong></span> <span class='ocrx_word' id='word_1_723' title='bbox 3305 3717 3363 3771; x_wconf 89' lang='lat' dir='ltr'><strong>in</strong></span> <span class='ocrx_word' id='word_1_724' title='bbox 3414 3719 3657 3773; x_wconf 81' lang='lat' dir='ltr'><strong>concilio</strong></span> <span class='ocrx_word' id='word_1_725' title='bbox 3702 3732 3750 3769; x_wconf 86' lang='grc' dir='ltr'><strong>ιιι</strong></span> 
     </span>
    </p>
   </div>
   <div class='ocr_carea' id='block_1_100' title="bbox 2167 3808 3751 3881">
    <p class='ocr_par' dir='ltr' id='par_1_100' title="bbox 2167 3808 3751 3881">
     <span class='ocr_line' id='line_1_101' title="bbox 2167 3808 3751 3881; baseline -0.002 -15"><span class='ocrx_word' id='word_1_726' title='bbox 2167 3811 2606 3881; x_wconf 82' lang='lat' dir='ltr'><strong>Carthaginiensi</strong></span> <span class='ocrx_word' id='word_1_727' title='bbox 2640 3811 2729 3865; x_wconf 91' lang='lat' dir='ltr'><strong>bic</strong></span> <span class='ocrx_word' id='word_1_728' title='bbox 2756 3827 2931 3865; x_wconf 89' lang='lat' dir='ltr'><strong>canon</strong></span> <span class='ocrx_word' id='word_1_729' title='bbox 2963 3824 3087 3863; x_wconf 76' lang='lat' dir='ltr'><strong>xxvi</strong></span> <span class='ocrx_word' id='word_1_730' title='bbox 3115 3808 3294 3862; x_wconf 80' lang='lat' dir='ltr'><strong>lactus</strong></span> <span class='ocrx_word' id='word_1_731' title='bbox 3321 3819 3447 3862; x_wconf 88' lang='lat' dir='ltr'><strong>est:</strong></span> <span class='ocrx_word' id='word_1_732' title='bbox 3484 3808 3559 3864; x_wconf 78' lang='lat' dir='ltr'><strong>L&#39;t</strong></span> <span class='ocrx_word' id='word_1_733' title='bbox 3583 3812 3751 3879; x_wconf 56' lang='lat' dir='ltr'><strong>prima</strong></span> 
     </span>
    </p>
   </div>
   <div class='ocr_carea' id='block_1_101' title="bbox 2167 3901 3749 3971">
    <p class='ocr_par' dir='ltr' id='par_1_101' title="bbox 2167 3901 3749 3971">
     <span class='ocr_line' id='line_1_102' title="bbox 2167 3901 3749 3971; baseline -0.006 -13"><span class='ocrx_word' id='word_1_734' title='bbox 2167 3904 2314 3959; x_wconf 89' lang='lat' dir='ltr'><strong>sedis</strong></span> <span class='ocrx_word' id='word_1_735' title='bbox 2345 3904 2639 3971; x_wconf 90' lang='lat' dir='ltr'><strong>episcopus</strong></span> <span class='ocrx_word' id='word_1_736' title='bbox 2671 3918 2779 3957; x_wconf 91' lang='lat' dir='ltr'><strong>non</strong></span> <span class='ocrx_word' id='word_1_737' title='bbox 2806 3902 3105 3971; x_wconf 91' lang='lat' dir='ltr'><strong>appelletur</strong></span> <span class='ocrx_word' id='word_1_738' title='bbox 3126 3901 3374 3969; x_wconf 80' lang='lat' dir='ltr'><strong>princeps</strong></span> <span class='ocrx_word' id='word_1_739' title='bbox 3406 3904 3749 3959; x_wconf 74' lang='lat' dir='ltr'><strong>sacerdotum,</strong></span> 
     </span>
    </p>
   </div>
   <div class='ocr_carea' id='block_1_102' title="bbox 2165 3991 3749 4061">
    <p class='ocr_par' dir='ltr' id='par_1_102' title="bbox 2165 3991 3749 4061">
     <span class='ocr_line' id='line_1_103' title="bbox 2165 3991 3749 4061; baseline -0.005 -10"><span class='ocrx_word' id='word_1_740' title='bbox 2165 4006 2262 4051; x_wconf 85' lang='lat' dir='ltr'><strong>aut</strong></span> <span class='ocrx_word' id='word_1_741' title='bbox 2298 4012 2535 4050; x_wconf 81' lang='lat' dir='ltr'><strong>summus</strong></span> <span class='ocrx_word' id='word_1_742' title='bbox 2580 3996 2848 4058; x_wconf 83' lang='lat' dir='ltr'><strong>sacerdos,</strong></span> <span class='ocrx_word' id='word_1_743' title='bbox 2896 4002 2990 4049; x_wconf 87' lang='lat' dir='ltr'><strong>aut</strong></span> <span class='ocrx_word' id='word_1_744' title='bbox 3033 3992 3235 4061; x_wconf 88' lang='lat' dir='ltr'><strong>aliquid</strong></span> <span class='ocrx_word' id='word_1_745' title='bbox 3287 3992 3638 4061; x_wconf 87' lang='lat' dir='ltr'><strong>hujusmodi,</strong></span> <span class='ocrx_word' id='word_1_746' title='bbox 3671 3991 3749 4045; x_wconf 66' lang='lat' dir='ltr'><strong>sal</strong></span> 
     </span>
    </p>
   </div>
   <div class='ocr_carea' id='block_1_103' title="bbox 2167 4083 3750 4157">
    <p class='ocr_par' dir='ltr' id='par_1_103' title="bbox 2167 4083 3750 4157">
     <span class='ocr_line' id='line_1_104' title="bbox 2167 4083 3750 4157; baseline -0.005 -13"><span class='ocrx_word' id='word_1_747' title='bbox 2167 4098 2377 4144; x_wconf 89' lang='lat' dir='ltr'><strong>tantum</strong></span> <span class='ocrx_word' id='word_1_748' title='bbox 2420 4089 2607 4157; x_wconf 73' lang='lat' dir='ltr'><strong>prima:</strong></span> <span class='ocrx_word' id='word_1_749' title='bbox 2644 4088 2782 4141; x_wconf 82' lang='lat' dir='ltr'><strong>sedis</strong></span> <span class='ocrx_word' id='word_1_750' title='bbox 2819 4088 3108 4155; x_wconf 85' lang='lat' dir='ltr'><strong>episcopus.</strong></span> <span class='ocrx_word' id='word_1_751' title='bbox 3144 4083 3488 4140; x_wconf 86' lang='lat' dir='ltr'><strong>Hierarchas</strong></span> <span class='ocrx_word' id='word_1_752' title='bbox 3520 4100 3646 4138; x_wconf 82' lang='lat' dir='ltr'><strong>vero</strong></span> <span class='ocrx_word' id='word_1_753' title='bbox 3677 4099 3750 4136; x_wconf 50' lang='lat' dir='ltr'><strong>se</strong></span> 
     </span>
    </p>
   </div>
   <div class='ocr_carea' id='block_1_104' title="bbox 2165 4176 3751 4251">
    <p class='ocr_par' dir='ltr' id='par_1_104' title="bbox 2165 4176 3751 4251">
     <span class='ocr_line' id='line_1_105' title="bbox 2165 4176 3751 4251; baseline -0.005 -16"><span class='ocrx_word' id='word_1_754' title='bbox 2165 4182 2343 4251; x_wconf 88' lang='lat' dir='ltr'><strong>quiori</strong></span> <span class='ocrx_word' id='word_1_755' title='bbox 2372 4184 2589 4236; x_wconf 89' lang='lat' dir='ltr'><strong>demum</strong></span> <span class='ocrx_word' id='word_1_756' title='bbox 2622 4190 2776 4235; x_wconf 65' lang='lat' dir='ltr'><strong>aatate</strong></span> <span class='ocrx_word' id='word_1_757' title='bbox 2809 4194 2998 4234; x_wconf 85' lang='lat' dir='ltr'><strong>omnes</strong></span> <span class='ocrx_word' id='word_1_758' title='bbox 3026 4178 3325 4247; x_wconf 86' lang='lat' dir='ltr'><strong>appellatos</strong></span> <span class='ocrx_word' id='word_1_759' title='bbox 3356 4176 3536 4230; x_wconf 82' lang='lat' dir='ltr'><strong>fuisse</strong></span> <span class='ocrx_word' id='word_1_760' title='bbox 3564 4176 3751 4245; x_wconf 69' lang='lat' dir='ltr'><strong>episco-</strong></span> 
     </span>
    </p>
   </div>
   <div class='ocr_carea' id='block_1_105' title="bbox 2166 4267 3748 4343">
    <p class='ocr_par' dir='ltr' id='par_1_105' title="bbox 2166 4267 3748 4343">
     <span class='ocr_line' id='line_1_106' title="bbox 2166 4267 3748 4343; baseline -0.006 -15"><span class='ocrx_word' id='word_1_761' title='bbox 2166 4290 2285 4343; x_wconf 89' lang='lat' dir='ltr'><strong>pos,</strong></span> <span class='ocrx_word' id='word_1_762' title='bbox 2321 4287 2751 4342; x_wconf 90' lang='lat' dir='ltr'><strong>communesque</strong></span> <span class='ocrx_word' id='word_1_763' title='bbox 2784 4286 2909 4326; x_wconf 89' lang='lat' dir='ltr'><strong>cum</strong></span> <span class='ocrx_word' id='word_1_764' title='bbox 2960 4270 3192 4325; x_wconf 86' lang='lat' dir='ltr'><strong>summis</strong></span> <span class='ocrx_word' id='word_1_765' title='bbox 3236 4269 3605 4339; x_wconf 85' lang='lat' dir='ltr'><strong>pontiticibus</strong></span> <span class='ocrx_word' id='word_1_766' title='bbox 3640 4267 3748 4321; x_wconf 58' lang='lat' dir='ltr'><strong>iure</strong></span> 
     </span>
    </p>
   </div>
   <div class='ocr_carea' id='block_1_106' title="bbox 2166 4363 3751 4433">
    <p class='ocr_par' dir='ltr' id='par_1_106' title="bbox 2166 4363 3751 4433">
     <span class='ocr_line' id='line_1_107' title="bbox 2166 4363 3751 4433; baseline -0.008 -8"><span class='ocrx_word' id='word_1_767' title='bbox 2166 4371 2377 4426; x_wconf 88' lang='lat' dir='ltr'><strong>ctiones</strong></span> <span class='ocrx_word' id='word_1_768' title='bbox 2403 4368 2682 4433; x_wconf 88' lang='lat' dir='ltr'><strong>habuisse,</strong></span> <span class='ocrx_word' id='word_1_769' title='bbox 2712 4382 2779 4421; x_wconf 82' lang='lat' dir='ltr'><strong>ex</strong></span> <span class='ocrx_word' id='word_1_770' title='bbox 2802 4366 2969 4420; x_wconf 83' lang='lat' dir='ltr'><strong>veteri</strong></span> <span class='ocrx_word' id='word_1_771' title='bbox 2998 4364 3105 4419; x_wconf 84' lang='lat' dir='ltr'><strong>ritu</strong></span> <span class='ocrx_word' id='word_1_772' title='bbox 3127 4363 3551 4417; x_wconf 89' lang='lat' dir='ltr'><strong>ordinationum</strong></span> <span class='ocrx_word' id='word_1_773' title='bbox 3583 4377 3751 4415; x_wconf 79' lang='lat' dir='ltr'><strong>sacra-</strong></span> 
     </span>
    </p>
   </div>
   <div class='ocr_carea' id='block_1_107' title="bbox 2168 4452 3743 4528">
    <p class='ocr_par' dir='ltr' id='par_1_107' title="bbox 2168 4452 3743 4528">
     <span class='ocr_line' id='line_1_108' title="bbox 2168 4452 3743 4528; baseline -0.008 -14"><span class='ocrx_word' id='word_1_774' title='bbox 2168 4476 2289 4514; x_wconf 89' lang='lat' dir='ltr'><strong>rum</strong></span> <span class='ocrx_word' id='word_1_775' title='bbox 2320 4459 2524 4528; x_wconf 89' lang='lat' dir='ltr'><strong>passim</strong></span> <span class='ocrx_word' id='word_1_776' title='bbox 2556 4459 2699 4511; x_wconf 87' lang='lat' dir='ltr'><strong>inter</strong></span> <span class='ocrx_word' id='word_1_777' title='bbox 2733 4457 2867 4511; x_wconf 84' lang='lat' dir='ltr'><strong>alios</strong></span> <span class='ocrx_word' id='word_1_778' title='bbox 2901 4454 3279 4524; x_wconf 86' lang='lat' dir='ltr'><strong>comprobavit</strong></span> <span class='ocrx_word' id='word_1_779' title='bbox 3302 4452 3535 4508; x_wconf 87' lang='lat' dir='ltr'><strong>lsaacus</strong></span> <span class='ocrx_word' id='word_1_780' title='bbox 3558 4452 3743 4506; x_wconf 78' lang='lat' dir='ltr'><strong>llabcr-</strong></span> 
     </span>
    </p>
   </div>
   <div class='ocr_carea' id='block_1_108' title="bbox 2165 4544 3742 4618">
    <p class='ocr_par' dir='ltr' id='par_1_108' title="bbox 2165 4544 3742 4618">
     <span class='ocr_line' id='line_1_109' title="bbox 2165 4544 3742 4618; baseline -0.009 -11"><span class='ocrx_word' id='word_1_781' title='bbox 2165 4563 2253 4607; x_wconf 90' lang='lat' dir='ltr'><strong>tus</strong></span> <span class='ocrx_word' id='word_1_782' title='bbox 2290 4552 2342 4604; x_wconf 91' lang='lat' dir='ltr'><strong>in</strong></span> <span class='ocrx_word' id='word_1_783' title='bbox 2377 4550 2688 4618; x_wconf 80' lang='lat' dir='ltr'><strong>Pontiﬁcali</strong></span> <span class='ocrx_word' id='word_1_784' title='bbox 2712 4548 2964 4601; x_wconf 75' lang='lat' dir='ltr'><strong>Ecclesia:</strong></span> <span class='ocrx_word' id='word_1_785' title='bbox 2991 4546 3208 4608; x_wconf 80' lang='lat' dir='ltr'><strong>Cra-cce,</strong></span> <span class='ocrx_word' id='word_1_786' title='bbox 3253 4561 3308 4614; x_wconf 90' lang='lat' dir='ltr'><strong>p.</strong></span> <span class='ocrx_word' id='word_1_787' title='bbox 3343 4545 3448 4598; x_wconf 71' lang='lat'><strong>&#39;5“</strong></span> <span class='ocrx_word' id='word_1_788' title='bbox 3486 4562 3630 4614; x_wconf 87' lang='lat' dir='ltr'><strong>seq.,</strong></span> <span class='ocrx_word' id='word_1_789' title='bbox 3665 4544 3742 4612; x_wconf 84' lang='lat' dir='ltr'><strong>qui</strong></span> 
     </span>
    </p>
   </div>
   <div class='ocr_carea' id='block_1_109' title="bbox 2163 4636 3745 4712">
    <p class='ocr_par' dir='ltr' id='par_1_109' title="bbox 2163 4636 3745 4712">
     <span class='ocr_line' id='line_1_110' title="bbox 2163 4636 3745 4712; baseline -0.006 -15"><span class='ocrx_word' id='word_1_790' title='bbox 2163 4654 2216 4697; x_wconf 91' lang='lat' dir='ltr'><strong>et</strong></span> <span class='ocrx_word' id='word_1_791' title='bbox 2247 4642 2502 4712; x_wconf 81' lang='lat' dir='ltr'><strong>peculiari</strong></span> <span class='ocrx_word' id='word_1_792' title='bbox 2538 4641 2919 4696; x_wconf 79' lang='lat' dir='ltr'><strong>observatione</strong></span> <span class='ocrx_word' id='word_1_793' title='bbox 2952 4655 3027 4702; x_wconf 81' lang='lat' dir='ltr'><strong>tv,</strong></span> <span class='ocrx_word' id='word_1_794' title='bbox 3065 4638 3131 4692; x_wconf 90' lang='lat' dir='ltr'><strong>de</strong></span> <span class='ocrx_word' id='word_1_795' title='bbox 3175 4637 3485 4691; x_wconf 70' lang='lat' dir='ltr'><strong>hierarcha:</strong></span> <span class='ocrx_word' id='word_1_796' title='bbox 3516 4653 3614 4691; x_wconf 89' lang='lat' dir='ltr'><strong>seu</strong></span> <span class='ocrx_word' id='word_1_797' title='bbox 3644 4636 3745 4703; x_wconf 53' lang='lat' dir='ltr'><strong>cpio</strong></span> 
     </span>
    </p>
   </div>
   <div class='ocr_carea' id='block_1_110' title="bbox 2164 4730 3745 4803">
    <p class='ocr_par' dir='ltr' id='par_1_110' title="bbox 2164 4730 3745 4803">
     <span class='ocr_line' id='line_1_111' title="bbox 2164 4730 3745 4803; baseline -0.005 -15"><span class='ocrx_word' id='word_1_798' title='bbox 2164 4735 2313 4803; x_wconf 90' lang='lat' dir='ltr'><strong>sc0pi</strong></span> <span class='ocrx_word' id='word_1_799' title='bbox 2341 4733 2641 4797; x_wconf 77' lang='lat' dir='ltr'><strong>iunctione,</strong></span> <span class='ocrx_word' id='word_1_800' title='bbox 2664 4748 2785 4801; x_wconf 65' lang='lat' dir='ltr'><strong>qua:</strong></span> <span class='ocrx_word' id='word_1_801' title='bbox 2826 4748 2854 4785; x_wconf 90' lang='lat' dir='ltr'><strong>a</strong></span> <span class='ocrx_word' id='word_1_802' title='bbox 2897 4730 2954 4785; x_wconf 91' lang='lat' dir='ltr'><strong>S.</strong></span> <span class='ocrx_word' id='word_1_803' title='bbox 2999 4730 3256 4800; x_wconf 84' lang='lat' dir='ltr'><strong>Dionysio</strong></span> <span class='ocrx_word' id='word_1_804' title='bbox 3286 4730 3599 4801; x_wconf 71' lang='grc' dir='ltr'>αὐτουργία</span> <span class='ocrx_word' id='word_1_805' title='bbox 3626 4731 3745 4783; x_wconf 78' lang='lat' dir='ltr'><strong>dici-</strong></span> 
     </span>
    </p>
   </div>
   <div class='ocr_carea' id='block_1_111' title="bbox 2163 4820 3743 4896">
    <p class='ocr_par' dir='ltr' id='par_1_111' title="bbox 2163 4820 3743 4896">
     <span class='ocr_line' id='line_1_112' title="bbox 2163 4820 3743 4896; baseline -0.004 -17"><span class='ocrx_word' id='word_1_806' title='bbox 2163 4835 2273 4887; x_wconf 89' lang='lat' dir='ltr'><strong>tur,</strong></span> <span class='ocrx_word' id='word_1_807' title='bbox 2318 4826 2426 4895; x_wconf 87' lang='lat' dir='ltr'><strong>egit</strong></span> <span class='ocrx_word' id='word_1_808' title='bbox 2459 4826 2595 4896; x_wconf 65' lang='grc'><strong>(24).</strong></span> <span class='ocrx_word' id='word_1_809' title='bbox 2650 4824 2723 4878; x_wconf 85' lang='lat' dir='ltr'><strong>De</strong></span> <span class='ocrx_word' id='word_1_810' title='bbox 2769 4834 2956 4879; x_wconf 88' lang='lat' dir='ltr'><strong>nostro</strong></span> <span class='ocrx_word' id='word_1_811' title='bbox 3006 4824 3169 4893; x_wconf 86' lang='lat' dir='ltr'><strong>igitur</strong></span> <span class='ocrx_word' id='word_1_812' title='bbox 3213 4820 3456 4876; x_wconf 86' lang='lat' dir='ltr'><strong>Macario</strong></span> <span class='ocrx_word' id='word_1_813' title='bbox 3507 4822 3743 4892; x_wconf 78' lang='lat' dir='ltr'><strong>Magnete</strong></span> 
     </span>
    </p>
   </div>
   <div class='ocr_carea' id='block_1_112' title="bbox 2164 4914 3743 4985">
    <p class='ocr_par' dir='ltr' id='par_1_112' title="bbox 2164 4914 3743 4985">
     <span class='ocr_line' id='line_1_113' title="bbox 2164 4914 3743 4985; baseline -0.004 -15"><span class='ocrx_word' id='word_1_814' title='bbox 2164 4917 2450 4971; x_wconf 79' lang='lat' dir='ltr'><strong>liierarcha</strong></span> <span class='ocrx_word' id='word_1_815' title='bbox 2483 4933 2529 4971; x_wconf 93' lang='lat' dir='ltr'><strong>s.</strong></span> <span class='ocrx_word' id='word_1_816' title='bbox 2562 4916 2821 4985; x_wconf 90' lang='lat' dir='ltr'><strong>episcopo</strong></span> <span class='ocrx_word' id='word_1_817' title='bbox 2857 4916 2927 4968; x_wconf 92' lang='lat' dir='ltr'><strong>ita</strong></span> <span class='ocrx_word' id='word_1_818' title='bbox 2962 4922 3230 4968; x_wconf 88' lang='lat' dir='ltr'><strong>testantur</strong></span> <span class='ocrx_word' id='word_1_819' title='bbox 3259 4914 3543 4967; x_wconf 81' lang='lat' dir='ltr'><strong>antistites</strong></span> <span class='ocrx_word' id='word_1_820' title='bbox 3571 4914 3743 4966; x_wconf 68' lang='lat' dir='ltr'><strong>ortho-</strong></span> 
     </span>
    </p>
   </div>
   <div class='ocr_carea' id='block_1_113' title="bbox 2162 5050 3742 5121">
    <p class='ocr_par' dir='ltr' id='par_1_113' title="bbox 2162 5050 3742 5121">
     <span class='ocr_line' id='line_1_114' title="bbox 2162 5050 3742 5121; baseline -0.001 -17"><span class='ocrx_word' id='word_1_821' title='bbox 2162 5050 2363 5121; x_wconf 85' lang='lat' dir='ltr'><strong>sbyteri</strong></span> <span class='ocrx_word' id='word_1_822' title='bbox 2401 5051 2612 5113; x_wconf 87' lang='lat' dir='ltr'><strong>eodem,</strong></span> <span class='ocrx_word' id='word_1_823' title='bbox 2657 5067 2767 5121; x_wconf 90' lang='lat' dir='ltr'><strong>quo</strong></span> <span class='ocrx_word' id='word_1_824' title='bbox 2810 5051 3142 5111; x_wconf 78' lang='lat' dir='ltr'><strong>sacerdotes,</strong></span> <span class='ocrx_word' id='word_1_825' title='bbox 3177 5050 3300 5103; x_wconf 89' lang='lat' dir='ltr'><strong>loco</strong></span> <span class='ocrx_word' id='word_1_826' title='bbox 3345 5050 3563 5121; x_wconf 79' lang='lat' dir='ltr'><strong>versari</strong></span> <span class='ocrx_word' id='word_1_827' title='bbox 3612 5051 3742 5103; x_wconf 76' lang='lat' dir='ltr'><strong>dice-</strong></span> 
     </span>
    </p>
   </div>
   <div class='ocr_carea' id='block_1_114' title="bbox 2162 5120 3741 5187">
    <p class='ocr_par' dir='ltr' id='par_1_114' title="bbox 2162 5120 3741 5187">
     <span class='ocr_line' id='line_1_115' title="bbox 2162 5120 3741 5187; baseline -0.002 -14"><span class='ocrx_word' id='word_1_828' title='bbox 2162 5120 2390 5187; x_wconf 77' lang='lat' dir='ltr'><strong>bantur;</strong></span> <span class='ocrx_word' id='word_1_829' title='bbox 2443 5120 2829 5175; x_wconf 27' lang='lat' dir='ltr'><strong>diaconi’cum</strong></span> <span class='ocrx_word' id='word_1_830' title='bbox 2887 5122 3061 5175; x_wconf 88' lang='lat' dir='ltr'><strong>lcvitis</strong></span> <span class='ocrx_word' id='word_1_831' title='bbox 3113 5120 3608 5187; x_wconf 85' lang='lat' dir='ltr'><strong>comparabantur,</strong></span> <span class='ocrx_word' id='word_1_832' title='bbox 3657 5138 3741 5171; x_wconf 82' lang='lat' dir='ltr'><strong>no-</strong></span> 
     </span>
    </p>
   </div>
   <div class='ocr_carea' id='block_1_115' title="bbox 2161 5189 3737 5251">
    <p class='ocr_par' dir='ltr' id='par_1_115' title="bbox 2161 5189 3737 5251">
     <span class='ocr_line' id='line_1_116' title="bbox 2161 5189 3737 5251; baseline -0.004 -7"><span class='ocrx_word' id='word_1_833' title='bbox 2161 5200 2313 5245; x_wconf 87' lang='lat' dir='ltr'><strong>tante</strong></span> <span class='ocrx_word' id='word_1_834' title='bbox 2338 5207 2465 5246; x_wconf 80' lang='lat' dir='ltr'><strong>ven.</strong></span> <span class='ocrx_word' id='word_1_835' title='bbox 2498 5191 2599 5247; x_wconf 88' lang='lat' dir='ltr'><strong>Dn.</strong></span> <span class='ocrx_word' id='word_1_836' title='bbox 2635 5190 2936 5247; x_wconf 88' lang='lat' dir='ltr'><strong>Moshemio</strong></span> <span class='ocrx_word' id='word_1_837' title='bbox 2979 5191 3033 5244; x_wconf 87' lang='lat' dir='ltr'><strong>in</strong></span> <span class='ocrx_word' id='word_1_838' title='bbox 3080 5189 3321 5242; x_wconf 83' lang='lat' dir='ltr'><strong>Historia</strong></span> <span class='ocrx_word' id='word_1_839' title='bbox 3364 5189 3522 5251; x_wconf 65' lang='grc' dir='ltr'>εδει..</span> <span class='ocrx_word' id='word_1_840' title='bbox 3568 5190 3737 5243; x_wconf 58' lang='lat' dir='ltr'><strong>simul.</strong></span> 
     </span>
    </p>
   </div>
   <div class='ocr_carea' id='block_1_116' title="bbox 2162 5259 3735 5332">
    <p class='ocr_par' dir='ltr' id='par_1_116' title="bbox 2162 5259 3735 5332">
     <span class='ocr_line' id='line_1_117' title="bbox 2162 5259 3735 5332; baseline -0.001 -19"><span class='ocrx_word' id='word_1_841' title='bbox 2162 5276 2223 5332; x_wconf 86' lang='lat' dir='ltr'><strong>l_l,</strong></span> <span class='ocrx_word' id='word_1_842' title='bbox 2274 5272 2411 5329; x_wconf 87' lang='lat' dir='ltr'><strong>part.</strong></span> <span class='ocrx_word' id='word_1_843' title='bbox 2469 5276 2529 5327; x_wconf 93' lang='grc' dir='ltr'><strong>ιι,</strong></span> <span class='ocrx_word' id='word_1_844' title='bbox 2574 5277 2691 5331; x_wconf 86' lang='lat' dir='ltr'><strong>cap.</strong></span> <span class='ocrx_word' id='word_1_845' title='bbox 2740 5262 2794 5324; x_wconf 79' lang='lat'><strong>2,</strong></span> <span class='ocrx_word' id='word_1_846' title='bbox 2848 5261 2876 5332; x_wconf 83' lang='lat'>§</span> <span class='ocrx_word' id='word_1_847' title='bbox 2923 5259 3417 5332; x_wconf 12' lang='lat' dir='ltr'><strong>6,7recentissimee</strong></span> <span class='ocrx_word' id='word_1_848' title='bbox 3465 5261 3735 5332; x_wconf 72' lang='lat' dir='ltr'><strong>editiopis.</strong></span> 
     </span>
    </p>
   </div>
   <div class='ocr_carea' id='block_1_117' title="bbox 2162 5327 3736 5402">
    <p class='ocr_par' dir='ltr' id='par_1_117' title="bbox 2162 5327 3736 5402">
     <span class='ocr_line' id='line_1_118' title="bbox 2162 5327 3736 5402; baseline -0.002 -18"><span class='ocrx_word' id='word_1_849' title='bbox 2162 5327 2292 5396; x_wconf 67' lang='lat' dir='ltr'><strong>Qua:</strong></span> <span class='ocrx_word' id='word_1_850' title='bbox 2315 5327 2653 5401; x_wconf 85' lang='lat' dir='ltr'><strong>comparatio</strong></span> <span class='ocrx_word' id='word_1_851' title='bbox 2667 5332 2780 5402; x_wconf 84' lang='lat' dir='ltr'><strong>jam</strong></span> <span class='ocrx_word' id='word_1_852' title='bbox 2803 5327 2928 5402; x_wconf 66' lang='lat' dir='ltr'><strong>tum</strong></span> <span class='ocrx_word' id='word_1_853' title='bbox 2958 5331 3147 5385; x_wconf 89' lang='lat' dir='ltr'><strong>nititur</strong></span> <span class='ocrx_word' id='word_1_854' title='bbox 3173 5329 3275 5383; x_wconf 90' lang='lat' dir='ltr'><strong>tide</strong></span> <span class='ocrx_word' id='word_1_855' title='bbox 3308 5327 3616 5402; x_wconf 81' lang='lat' dir='ltr'><strong>Clementis</strong></span> <span class='ocrx_word' id='word_1_856' title='bbox 3642 5328 3736 5381; x_wconf 80' lang='lat' dir='ltr'><strong>Ro-</strong></span> 
     </span>
    </p>
   </div>
   <div class='ocr_carea' id='block_1_118' title="bbox 2162 5398 3404 5471">
    <p class='ocr_par' dir='ltr' id='par_1_118' title="bbox 2162 5398 3404 5471">
     <span class='ocr_line' id='line_1_119' title="bbox 2162 5398 3404 5471; baseline -0.003 -18"><span class='ocrx_word' id='word_1_857' title='bbox 2162 5402 2306 5454; x_wconf 88' lang='lat' dir='ltr'><strong>mani</strong></span> <span class='ocrx_word' id='word_1_858' title='bbox 2338 5398 2578 5471; x_wconf 53' lang='lat' dir='ltr'><strong>ine&#39;piSt.</strong></span> <span class='ocrx_word' id='word_1_859' title='bbox 2620 5398 3129 5471; x_wconf 17' lang='lat' dir='ltr'><strong>liadACorinthios,</strong></span> <span class='ocrx_word' id='word_1_860' title='bbox 3162 5414 3287 5468; x_wconf 89' lang='lat' dir='ltr'><strong>cap.</strong></span> <span class='ocrx_word' id='word_1_861' title='bbox 3314 5398 3404 5471; x_wconf 57' lang='grc'><strong>40.</strong></span> 
     </span>
    </p>
   </div>
   <div class='ocr_carea' id='block_1_119' title="bbox 2236 5468 3735 5539">
    <p class='ocr_par' dir='ltr' id='par_1_119' title="bbox 2236 5468 3735 5539">
     <span class='ocr_line' id='line_1_120' title="bbox 2236 5468 3735 5539; baseline -0.002 -15"><span class='ocrx_word' id='word_1_862' title='bbox 2236 5472 2349 5539; x_wconf 70' lang='grc'><strong>(25)</strong></span> <span class='ocrx_word' id='word_1_863' title='bbox 2391 5468 2468 5524; x_wconf 31' lang='lat' dir='ltr'><strong>In-</strong></span> <span class='ocrx_word' id='word_1_864' title='bbox 2484 5472 2626 5525; x_wconf 84' lang='lat' dir='ltr'><strong>notis</strong></span> <span class='ocrx_word' id='word_1_865' title='bbox 2658 5471 2727 5525; x_wconf 89' lang='lat' dir='ltr'><strong>ad</strong></span> <span class='ocrx_word' id='word_1_866' title='bbox 2767 5469 2929 5523; x_wconf 84' lang='lat' dir='ltr'><strong>Varia</strong></span> <span class='ocrx_word' id='word_1_867' title='bbox 2951 5486 3128 5534; x_wconf 85' lang='lat' dir='ltr'><strong>sacra,</strong></span> <span class='ocrx_word' id='word_1_868' title='bbox 3154 5478 3289 5523; x_wconf 90' lang='lat' dir='ltr'><strong>tom.</strong></span> <span class='ocrx_word' id='word_1_869' title='bbox 3325 5470 3392 5529; x_wconf 85' lang='lat' dir='ltr'><strong>ll.</strong></span> <span class='ocrx_word' id='word_1_870' title='bbox 3430 5486 3481 5537; x_wconf 92' lang='lat' dir='ltr'><strong>p.</strong></span> <span class='ocrx_word' id='word_1_871' title='bbox 3529 5470 3627 5529; x_wconf 69' lang='lat'><strong>25,</strong></span> <span class='ocrx_word' id='word_1_872' title='bbox 3656 5468 3735 5521; x_wconf 72' lang='lat'><strong>33.</strong></span> 
     </span>
    </p>
   </div>
   <div class='ocr_carea' id='block_1_120' title="bbox 2232 5539 3736 5612">
    <p class='ocr_par' dir='ltr' id='par_1_120' title="bbox 2232 5539 3736 5612">
     <span class='ocr_line' id='line_1_121' title="bbox 2232 5539 3736 5612; baseline -0.003 -18"><span class='ocrx_word' id='word_1_873' title='bbox 2232 5542 2346 5612; x_wconf 65' lang='lat'><strong>(24)</strong></span> <span class='ocrx_word' id='word_1_874' title='bbox 2386 5540 2524 5612; x_wconf 77' lang='lat' dir='ltr'><strong>Nota</strong></span> <span class='ocrx_word' id='word_1_875' title='bbox 2554 5543 2719 5596; x_wconf 87' lang='lat' dir='ltr'><strong>etiam</strong></span> <span class='ocrx_word' id='word_1_876' title='bbox 2752 5552 2879 5595; x_wconf 90' lang='lat' dir='ltr'><strong>sunt</strong></span> <span class='ocrx_word' id='word_1_877' title='bbox 2919 5539 3147 5595; x_wconf 81' lang='lat' dir='ltr'><strong>Joannis</strong></span> <span class='ocrx_word' id='word_1_878' title='bbox 3179 5539 3580 5612; x_wconf 70' lang='lat' dir='ltr'><strong>Euchaitorum</strong></span> <span class='ocrx_word' id='word_1_879' title='bbox 3634 5556 3736 5592; x_wconf 81' lang='lat' dir='ltr'><strong>mc-</strong></span> 
     </span>
    </p>
   </div>
   <div class='ocr_carea' id='block_1_121' title="bbox 2160 5608 3737 5681">
    <p class='ocr_par' dir='ltr' id='par_1_121' title="bbox 2160 5608 3737 5681">
     <span class='ocr_line' id='line_1_122' title="bbox 2160 5608 3737 5681; baseline -0.005 -16"><span class='ocrx_word' id='word_1_880' title='bbox 2160 5608 2449 5681; x_wconf 47' lang='lat' dir='ltr'><strong>tro&#39;politze,</strong></span> <span class='ocrx_word' id='word_1_881' title='bbox 2502 5610 2769 5665; x_wconf 88' lang='lat' dir='ltr'><strong>Philothei</strong></span> <span class='ocrx_word' id='word_1_882' title='bbox 2812 5612 3134 5679; x_wconf 68' lang='lat' dir='ltr'><strong>patriarcha:</strong></span> <span class='ocrx_word' id='word_1_883' title='bbox 3181 5608 3344 5663; x_wconf 86' lang='lat' dir='ltr'><strong>CPol.</strong></span> <span class='ocrx_word' id='word_1_884' title='bbox 3400 5612 3737 5681; x_wconf 77' lang='lat' dir='ltr'><strong>aliorumque</strong></span> 
     </span>
    </p>
   </div>
   <div class='ocr_carea' id='block_1_122' title="bbox 2161 5679 3731 5751">
    <p class='ocr_par' dir='ltr' id='par_1_122' title="bbox 2161 5679 3731 5751">
     <span class='ocr_line' id='line_1_123' title="bbox 2161 5679 3731 5751; baseline -0.003 -16"><span class='ocrx_word' id='word_1_885' title='bbox 2161 5679 2361 5751; x_wconf 85' lang='lat' dir='ltr'><strong>scripta</strong></span> <span class='ocrx_word' id='word_1_886' title='bbox 2421 5682 2811 5751; x_wconf 80' lang='lat' dir='ltr'><strong>cncomiastica</strong></span> <span class='ocrx_word' id='word_1_887' title='bbox 2861 5683 2915 5734; x_wconf 90' lang='lat' dir='ltr'><strong>in</strong></span> <span class='ocrx_word' id='word_1_888' title='bbox 2959 5692 3067 5734; x_wconf 85' lang='lat' dir='ltr'><strong>tres</strong></span> <span class='ocrx_word' id='word_1_889' title='bbox 3106 5680 3445 5751; x_wconf 59' lang='lat' dir='ltr'><strong>liii-rarcllas.</strong></span> <span class='ocrx_word' id='word_1_890' title='bbox 3482 5679 3731 5731; x_wconf 63' lang='lat' dir='ltr'><strong>Basiliam</strong></span> 
     </span>
    </p>
   </div>
   <div class='ocr_carea' id='block_1_123' title="bbox 2160 5748 3735 5824">
    <p class='ocr_par' dir='ltr' id='par_1_123' title="bbox 2160 5748 3735 5824">
     <span class='ocr_line' id='line_1_124' title="bbox 2160 5748 3735 5824; baseline -0.003 -19"><span class='ocrx_word' id='word_1_891' title='bbox 2160 5748 2604 5824; x_wconf 40' lang='lat' dir='ltr'><strong>Dia—Gregorium</strong></span> <span class='ocrx_word' id='word_1_892' title='bbox 2638 5750 3057 5817; x_wconf 76' lang='lat' dir='ltr'><strong>Nazianzenum,</strong></span> <span class='ocrx_word' id='word_1_893' title='bbox 3104 5760 3155 5805; x_wconf 87' lang='lat' dir='ltr'><strong>et</strong></span> <span class='ocrx_word' id='word_1_894' title='bbox 3197 5748 3464 5805; x_wconf 80' lang='lat' dir='ltr'><strong>Joannem</strong></span> <span class='ocrx_word' id='word_1_895' title='bbox 3506 5750 3735 5818; x_wconf 64' lang='lat' dir='ltr'><strong>Chrysov</strong></span> 
     </span>
    </p>
   </div>
  </div>
