3888 6496
199 364 338 424 ιτεδ

1376 377 1653 434 ΝΟΤΙΤΙΔ
1693 381 1781 436 ΕΤ
1823 381 2273 442 FRAGMENTA.

3335 397 3474 454 1351

192 490 322 544 doxi
359 490 503 561 apud
539 489 906 565 Nicephorum
941 496 1044 552 (ΣΡ.
1085 499 1137 553 in
1173 500 1372 570 sacpius
1409 501 1643 557 laudatis
1673 505 1781 557 Αιι-
1810 511 1856 566 Α
1883 514 2093 560 aetatem
2143 508 2359 564 stetisse
2411 519 2664 577 testatur,
2701 511 2980 568 Christum
3043 514 3334 573 Dominum
3389 520 3440 573 δι

193 583 529 638 tirrheticis:
576 585 640 639 Ἦ
677 587 774 657 μὲν
806 583 898 641 οὖν
925 588 1104 658 βίϐλος
1132 591 1418 664 Μακαρίου
1451 593 1548 663 μὲν
1590 595 1782 663 ἐπιγέ-

190 689 462 745 γραπται,
499 677 752 750 ίεράρχου
792 679 848 733 δὲ
879 681 979 752 τὴν
1022 681 1218 747 ἀξίαν·
1263 685 1400 756 ὅπερ
1437 685 1540 755 οὐχ
1587 687 1619 757 ἡ
1666 689 1784 739 ἑπι-

190 765 382 837 γραφὴ
413 767 546 840 μόνη
569 770 861 838 δείκνυσιν,
899 773 1011 826 ἀλλ’
1036 775 1134 847 ἤδη
1171 776 1263 830 καὶ
1291 779 1323 848 ἡ
1352 777 1551 843 ἔξωθεν
1580 783 1638 834 ὲν
1665 785 1782 844 ταῖς

193 862 427 928 πτυχαῖς
473 861 574 931 τῆς
624 862 807 933 βίϐλου
855 865 1219 940 ἀρχαιοτάτης
1273 869 1440 942 οὔσης
1487 871 1783 943 φιλοτίμως

186 951 510 1023 τυπουμένη
537 953 631 1006 τοῦ
664 956 954 1027 Μακαρίου
985 959 1174 1012 τούτου
1207 960 1372 1015 εἰκὼν
1401 963 1780 1036 ὲκτυπώτερον

186 1043 510 1115 παρίστησι.
553 1047 751 1119 Στολὴν
781 1049 890 1120 γὰρ
934 1053 1126 1122 ἱερέως
1168 1053 1356 1108 τοῦτον
1399 1058 1782 1128 ἀμπεχόμενον

186 1133 500 1203 ὑποφαίνει,
531 1136 675 1189 καθὰ
701 1137 764 1209 δὴ
793 1138 1060 1212 πολλαχοῦ
1094 1143 1186 1196 καὶ
1223 1145 1280 1197 ὲν
1311 1145 1525 1217 ἑτέραις
1574 1147 1782 1212 δέλτοις

184 1227 643 1298 ἀνιατοροιῗμενον
671 1231 960 1304 εὐπρεπῶς
977 1234 1066 1288 τὸν
1089 1237 1286 1290 οἰκεῖον
1319 1240 1641 1311 συγγραφέα
1669 1241 1784 1312 βλέρ

185 1335 384 1390 πομεν.
413 1320 572 1374 Liber
591 1324 768 1396 itaque
795 1328 1112 1402 inscriptum
1134 1331 1286 1384 habet
1316 1330 1548 1387 Macarii
1571 1352 1781 1401 nomen,

181 1409 313 1464 item
335 1413 669 1482 dignitatem,
686 1432 865 1487 nempe
879 1421 1166 1489 pontiﬁcis.
1188 1421 1356 1493 quue
1375 1440 1476 1478 non
1497 1429 1682 1482 titulus
1703 1448 1784 1485 so-

181 1501 296 1556 lum
329 1503 554 1570 indicat,
585 1507 674 1559 sed
699 1509 815 1577 ipsa
847 1512 1010 1565 etiam
1035 1515 1362 1569 extrinsecus
1388 1516 1512 1571 libri
1535 1521 1782 1574 vetustis-

182 1595 307 1647 simi
337 1598 646 1665 tegumentis
668 1599 932 1669 eleganter
961 1603 1218 1674 impressa
1247 1605 1478 1662 Macarii
1499 1609 1655 1676 huius
1678 1613 1782 1679 efﬁ-

183 1686 292 1755 gies
314 1688 600 1744 evidentius
627 1691 833 1760 probat.
866 1693 1007 1748 Nam
1031 1697 1168 1751 hunc
1193 1701 1514 1756 sacerdotali
1538 1715 1674 1758 veste
1696 1706 1780 1758 in-

181 1777 372 1831 dutum
393 1783 620 1848 exhibet,
649 1787 1086 1854 quemadmodum
1112 1801 1160 1844 et
1185 1792 1238 1844 in
1257 1792 1389 1847 aliis
1416 1794 1566 1850 libris
1589 1807 1775 1851 aucto-

183 1882 292 1920 rem
308 1873 574 1941 eleganter
592 1875 857 1945 depictum
873 1883 1065 1948 saepius
1090 1882 1345 1940 videmus.
1367 1885 1447 1940 Ad
1471 1903 1593 1957 quae
1611 1889 1771 1944 verba
1805 1855 1846 1911 Β

183 1962 407 2029 quidem
441 1963 844 2036 Tillemontius,
876 1986 1000 2026 cum
1030 1989 1140 2044 quo
1169 1973 1451 2034 Boivinius
1491 1981 1619 2036 olim
1666 1983 1778 2038 fra-

180 2064 399 2122 gmenta
415 2055 677 2127 Magnetis
694 2065 1215 2132 communicaverat,
1231 2068 1285 2124 in
1303 2069 1544 2127 Historia
1559 2075 1784 2144 impera-

184 2153 384 2209 torum,
402 2157 455 2201 et
489 2150 705 2214 quidem
725 2152 780 2206 in
799 2151 920 2208 Vita
937 2154 1279 2213 Constantini
1305 2159 1482 2233 Magni
1499 2163 1612 2234 (25)
1631 2167 1776 2223 Ιιιιιιε

185 2235 239 2290 in
268 2239 490 2294 modum
523 2255 929 2302 commentatur
969 2267 982 2303 :
1019 2248 1147 2315 Car,
1179 2268 1315 2321 pour
1343 2270 1398 2308 ce
1430 2255 1590 2324 qu'ils
1619 2274 1775 2313 assu-

179 2339 316 2396 rent,
335 2349 431 2402 que
447 2333 493 2388 le
517 2341 808 2393 manuscrit
826 2343 983 2412 qu’ils
999 2360 1060 2398 en
1079 2345 1291 2418 avaient
1305 2351 1620 2404 trouvéétait
1642 2353 1772 2405 tres-

179 2428 391 2494 ancien,
419 2431 532 2484 cela
551 2435 712 2487 seruit
735 2435 853 2504 plus
881 2438 1265 2507 considerable,
1293 2441 1340 2494 si
1367 2457 1461 2495 son
1488 2444 1660 2513 image
1680 2446 1768 2515 n’y

179 2520 328 2572 avait
355 2538 449 2590 pas
475 2525 558 2576 été
583 2524 810 2582 Itabillée
845 2545 905 2583 ea
934 2531 1139 2600 éréque.
1174 2529 1283 2586 Car
1311 2536 1635 2588 assurément
1656 2537 1768 2592 cela

185 2611 321 2664 n'est
351 2629 449 2682 pas
477 2616 550 2668 du
589 2628 666 2672 ινε
696 2619 870 2685 δὶἑείρ,
918 2622 974 2674 ni
1021 2637 1412 2692 apparemment
1442 2625 1514 2678 du
1549 2637 1626 2681 v'.
1661 2628 1769 2684 Sed”

180 2711 548 2772 prmterquam
597 2709 742 2777 quod
792 2725 859 2765 ex
893 2710 1193 2768 involucris
1237 2713 1360 2768 libri
1402 2718 1766 2776 exterioribus

175 2803 232 2848 et
261 2796 555 2854 artificiose
595 2800 812 2871 depicta
859 2804 1098 2876 imagine
1129 2815 1293 2875 atque
1325 2807 1515 2864 habitu
1547 2812 1764 2881 episco-

177 2886 292 2956 pali
326 2887 592 2960 Magnetis
627 2893 770 2950 haud
798 2895 1032 2966 judicari
1079 2909 1258 2969 potest
1290 2901 1357 2958 de
1391 2906 1627 2972 genuina
1663 2922 1763 2961 an-

174 2981 431 3050 tiquitate
459 2985 661 3055 operis,
687 2989 770 3051 vel
809 2999 969 3045 aztate
997 2994 1274 3062 auctoris;
1311 3012 1435 3051 eum
1471 3000 1555 3053 vel
1581 3000 1760 3068 ipsum

175 3070 485 3140 Christum,
527 3077 808 3145 apostolos
837 3089 892 3134 et
921 3083 1177 3153 antiquos
1205 3085 1495 3156 plerosque
1525 3089 1756 3146 clericos

1889 599 2080 653 πλοῖδα
2129 602 2373 671 κοσμίως
2424 604 2906 676 περιϐεϐλημένον,
2938 607 3040 662 hoc
3066 619 3149 664 est
3188 611 3472 682 duplicata

1888 701 2054 756 veste,
2091 692 2270 746 tunica
2315 693 2434 747 scil.
2471 704 2526 748 et
2570 696 2754 764 pallio,
2788 697 3043 754 decenter
3075 700 3348 770 indutum,
3404 719 3472 757 ex

1886 785 2164 838 communi
2192 787 2372 842 .istius
2405 787 2581 842 artatis
2631 789 2889 857 opinione
2918 801 2972 846 et
3007 793 3274 847 vestiendi
3313 808 3473 849 more

1888 878 2358 944 repraesentaverit
2409 878 2519 948 (‘28)
2568 897 2580 933 :
2621 889 2679 932 ut
2727 880 2863 934 adeo
2895 882 3000 937 hoc
3029 884 3339 939 vestimenti
3378 902 3470 954 ge-

1887 982 1990 1022 nus
2021 983 2049 1021 a
2081 969 2271 1038 primis
2301 969 2558 1027 Ecclesiae
2579 971 2908 1029 Christiana:
2935 978 3152 1033 sarculis
3180 979 3472 1050 haudqua-

1884 1075 2047 1129 quam
2085 1061 2249 1115 fuerit
2282 1063 2544 1117 alienum.
2582 1064 2737 1122 Nulla
2768 1069 2998 1136 proinde
3033 1086 3076 1125 st
3103 1072 3270 1140 ppetit
3298 1075 3458 1140 ratio,

1885 1167 1984 1206 cur
2014 1151 2202 1221 longas
2232 1163 2412 1209 vestes
2439 1156 2797 1228 episCOpales,
2832 1159 2877 1213 si
2913 1176 2943 1214 a
2979 1160 3203 1232 reliquis
3229 1167 3459 1218 vestium

1884 1245 2221 1298 ornamentis
2253 1247 2511 1315 paulatim
2550 1249 2874 1305 introductis
2920 1251 3358 1319 discesserimus,
3393 1259 3460 1312 ad

1887 1344 2132 1405 tempora
2169 1339 2368 1393 saeculo
2400 1355 2452 1392 Iv
2488 1341 2569 1395 vel
2600 1358 2632 1395 v
2659 1342 2918 1399 inferiora
2967 1345 3184 1401 demum
3218 1349 3459 1405 referen-

1883 1421 1982 1476 das
2002 1437 2124 1477 esse
2143 1435 2364 1480 censeat
2386 1425 2784 1486 Tillemontius.
2812 1432 3158 1491 Contrarium
3184 1437 3323 1492 forte
3345 1439 3458 1509 jam

1887 1520 1999 1567 tum
2047 1515 2226 1587 colligi
2260 1529 2444 1586 posset
2486 1536 2549 1575 ex
2586 1520 2883 1592 Polycratis
2933 1525 3294 1596 Ephesiorum
3339 1533 3452 1602 epi—

1883 1606 2033 1674 scopi
2080 1608 2244 1663 modo
2271 1610 2502 1681 allegata
2535 1613 2764 1682 epistola
2799 1618 2942 1685 apud
2975 1618 3271 1676 Eusebium
3303 1621 3456 1677 Hist.

1881 1696 2034 1762 cccl.,
2067 1699 2161 1752 lib.
2204 1715 2256 1764 v,
2291 1715 2340 1754 ε.
2369 1701 2461 1766 21,
2494 1702 2547 1756 1η
2579 1720 2686 1773 qua
2735 1705 2793 1760 S.
2836 1706 3102 1766 Joannem
3145 1717 3456 1784 apostolum

1887 1799 2158 1845 memorat
2197 1791 2258 1844 τὸ
2291 1795 2543 1860 πέταλον,
2595 1797 2710 1852 sive
2739 1799 2998 1857 laminam
3037 1821 3294 1874 auream,
3341 1820 3458 1864 tan-

1880 1896 2046 1950 quam
2094 1883 2453 1940 sacerdotalis
2495 1886 2714 1944 habitus
2748 1891 2982 1960 insigne,
3018 1907 3261 1965 gestasse
3304 1900 3454 1972 (29),

1879 1975 2080 2045 quippe
2108 1978 2252 2044 quod
2285 1977 2513 2036 honoris
2544 1981 2757 2053 insigne
2786 1986 2994 2054 primos
3034 1990 3158 2046 illos
3187 1992 3458 2050 Christia-

1878 2081 2075 2122 norum
2111 2070 2395 2138 pontiﬁces
2440 2075 2690 2143 exemplo
2740 2073 3092 2135 Judaieorum
3131 2087 3454 2153 pontiﬁcum

1878 2157 2122 2215 imitatos
2162 2175 2284 2216 esse
2312 2163 2615 2219 arbitratur
2642 2164 2811 2221 llenr.
2846 2167 3098 2227 Valesius
3129 2175 3182 2228 in
3215 2178 3364 2233 notis
3385 2180 3456 2234 ad

1877 2247 2024 2304 hunc
2052 2250 2253 2306 locum.
2289 2251 2492 2308 Verum
2526 2271 2650 2310 eum
2688 2260 2938 2314 nonnulli
2967 2263 3077 2332 (50)
3117 2265 3232 2320 haec
3271 2271 3455 2338 potius

1875 2342 2249 2413 metaphorice
2279 2343 2508 2415 intelligi
2539 2349 2754 2416 malint,
2783 2361 2891 2406 non
2915 2355 3064 2423 quod
3096 2355 3336 2416 Joannes
3369 2378 3454 2416 re-

1874 2447 2002 2487 vera
2033 2436 2290 2491 sacerdos
2328 2436 2513 2503 fuerit,
2547 2443 2630 2496 vel
2659 2457 2784 2497 cum
2817 2448 3255 2506 sacerdotalibus
3281 2466 3452 2508 orna-

1873 2523 2071 2579 mentis
2102 2524 2354 2582 ineedere
2374 2529 2570 2587 solitus
2593 2542 2756 2600 esset,
2786 2535 2882 2590 sed
2917 2538 3046 2606 quia
3067 2539 3308 2610 dotibus,
3336 2559 3452 2598 me-

1870 2614 2015 2680 ritis,
2047 2617 2268 2684 virtute,
2297 2622 2608 2687 sanctitate,
2649 2628 2964 2684 sacerdotes
2989 2629 3263 2688 Leviticos
3288 2651 3452 2705 supe-

1869 2716 2039 2772 raret,
2074 2717 2129 2763 et
2157 2711 2488 2782 cognitionis
2521 2730 2634 2770 suae
2662 2718 2998 2776 sublimitate
3028 2723 3100 2778 ita
3138 2741 3199 2780 se
3233 2729 3449 2782 attolle-

1869 2809 1951 2856 ret
1979 2811 2035 2855 et
2059 2812 2393 2874 assurgeret,
2427 2814 2487 2860 ut
2517 2808 2686 2864 ctelos
2716 2811 2864 2879 ipsos
2891 2823 2943 2868 et
2979 2812 3177 2870 Sancta
3225 2829 3448 2875 sancto-

1867 2907 1986 2947 rum
2005 2909 2321 2963 penetrasse
2344 2897 2649 2955 videretur:
2677 2905 2844 2956 misso
2863 2905 3139 2976 paulisper
3161 2909 3265 2963 isto
3295 2913 3449 2966 testi-

1866 2987 2073 3054 monio,
2106 2987 2304 3046 fortius
2331 3006 2632 3060 provocare
2655 2994 2840 3052 licebit
2870 2997 2936 3051 ad
2968 2999 3188 3056 Eusebii
3220 3002 3450 3060 Cwsari-

1864 3080 2012 3136 ensis
2062 3082 2360 3137 orationem
2410 3088 2789 3156 panegyricum
2832 3090 2898 3144 de
2937 3093 3300 3151 aedificatione
3343 3097 3447 3152 Ee-

172 3165 453 3223 tunicatos
465 3178 516 3222 et
533 3171 782 3238 palliatos
799 3185 1008 3231 veteres
1028 3177 1254 3246 pictura:
1275 3189 1330 3235 et
1351 3181 1544 3237 littera:
1556 3183 1760 3244 referre

1868 3172 2158 3229 clesiarum
2202 3173 2434 3232 Paulino
2478 3176 2766 3248 Tyriorum
2820 3184 3079 3254 episc0po
3122 3187 3188 3241 A.
3240 3188 3303 3242 C.
3337 3191 3445 3246 515

174 3257 390 3313 Soleant
419 3277 433 3314 :
477 3261 612 3316 nihil
647 3274 825 3320 tamen
866 3267 1066 3337 obstat,
1112 3273 1411 3342 quominus
1440 3291 1537 3344 per
1567 3277 1758 3348 στολὴν

173 3345 372 3417 ἱερέως
407 3349 620 3421 longam
648 3361 813 3424 atque
841 3356 908 3410 ad
940 3358 1078 3414 talos
1108 3361 1402 3417 demissam
1436 3374 1640 3420 vestem
1677 3345 1760 3421 in-

170 3439 518 3509 telligamus,
567 3459 690 3513 quae
747 3461 872 3501 cum
919 3430 1065 3512 571’):
1102 3451 1219 3506 sive
1268 3454 1434 3522 pallio
1486 3457 1758 3524 pontilicis

170 3533 401 3586 maximi
442 3534 788 3591 Hebraeorum
825 3538 938 3594 fere
976 3543 1305 3609 conveniat,
1339 3545 1414 3600 ita
1452 3557 1509 3600 ut
1537 3548 1602 3602 ad
1638 3549 1758 3618 ejus

168 3623 589 3680 similitudinem
622 3628 803 3683 tunica
833 3631 1028 3687 deinde
1063 3634 1390 3705 episcopalis
1424 3637 1478 3692 in
1509 3638 1754 3697 Ecclesia

168 3713 492 3770 Christiana
534 3721 738 3774 sensim
779 3721 1089 3778 introducta
1128 3726 1199 3780 sit
1241 3727 1379 3791 (26).
1412 3728 1583 3794 Quale
1625 3734 1754 3803 ἰμά-

165 3822 286 3860 τιον
347 3808 521 3878 (quod
574 3812 870 3882 scriptores
912 3816 1271 3872 ecclesiastici
1317 3819 1454 3875 alias
1506 3821 1754 3877 διπλοΐδα

165 3900 468 3969 appellant,
515 3903 620 3959 hoc
647 3915 732 3960 est
775 3916 980 3962 vestem
1030 3909 1382 3979 duplicatum,
1425 3929 1547 3982 quae
1581 3925 1752 3970 totum

165 3992 342 4045 veluti
366 4008 566 4062 corpus
585 3994 920 4066 duplicando
949 3998 1363 4072 circumvolvit)
1390 4003 1564 4072 ipsum
1589 4006 1751 4060 etiam

167 4080 520 4139 Servatorem
553 4097 808 4142 nostrum
836 4099 1082 4159 gestasse
1110 4093 1224 4165 (27)
1244 4095 1388 4148 haud
1419 4097 1670 4152 dubitant
1693 4100 1751 4166 ii,

163 4174 264 4243 qui
299 4175 367 4228 de
395 4191 452 4230 re
484 4179 743 4233 vestiaria
769 4189 1011 4237 veterum
1041 4185 1378 4254 scripserunt
1406 4207 1418 4241 :
1450 4188 1590 4243 inter
1613 4205 1753 4260 quos

163 4266 445 4334 imprimis
476 4268 736 4338 legendus
763 4282 845 4327 est
868 4272 1026 4328 Joan.
1048 4274 1319 4334 Braunius
1353 4279 1431 4333 De
1463 4283 1646 4335 vestitu
1668 4299 1754 4336 sa-

160 4359 444 4412 cerdotum
494 4361 872 4431 Hebrazorum,
930 4368 1023 4423 lib.
1062 4386 1124 4435 ιι,
1157 4386 1278 4441 cap.
1314 4372 1382 4439 2,
1417 4390 1469 4443 p.
1525 4375 1660 4440 579,
1699 4386 1752 4431 ει

160 4465 290 4519 cap.
323 4451 375 4516 ‘5,
414 4467 466 4521 p.
501 4453 607 4508 445
640 4471 794 4526 seqq.
822 4457 962 4524 Quid
989 4462 1135 4530 quod
1169 4473 1223 4516 et
1259 4479 1396 4519 terea
1453 4467 1540 4520 illa
1570 4475 1748 4523 statua

1863 3263 2098 3331 dictam;
2153 3266 2210 3320 in
2259 3283 2366 3336 qua
2421 3266 2712 3324 Paulinum
2768 3281 3105 3344 caaterosque
3154 3279 3444 3350 episc0pas

1863 3366 2158 3425 praesentes
2189 3359 2374 3414 statim
2405 3362 2476 3414 ab
2509 3361 2667 3416 initio
2701 3362 2848 3418 hunc
2876 3365 2928 3418 in
2965 3368 3185 3422 modum
3209 3370 3444 3440 alloqui-

1862 3457 1951 3502 tur
1980 3469 1992 3502 :
2025 3443 2094 3501 Ὦ
2131 3449 2274 3518 φίλοι
2303 3451 2437 3505 Θεοῦ
2467 3453 2562 3506 καὶ
2595 3455 2780 3524 ἱερεῖς,
2809 3458 2856 3508 oi
2882 3457 2972 3511 τὸν
3007 3459 3158 3527 ἅγιον
3190 3462 3400 3535 ποδήρη
3425 3504 3442 3527 ,

1861 3541 1954 3592 καὶ
1983 3539 2072 3593 τὸν
2103 3542 2353 3614 οὐράνιον
2380 3544 2477 3615 τῆς
2509 3545 2666 3615 δόξης
2696 3548 2980 3617 στέφανον,
3014 3551 3077 3604 τό
3127 3570 3186 3606 τε
3235 3555 3442 3626 χρίσμα

1857 3631 1920 3684 τὸ
1950 3631 2151 3698 ἔνθεον,
2203 3636 2296 3687 καὶ
2333 3635 2430 3706 τὴν
2475 3638 2758 3710 ἱερατικὴν
2787 3640 2881 3693 τοῦ
2928 3642 3082 3710 ἁγίου
3122 3645 3441 3717 Πνεύματος

1859 3723 2051 3795 στολὴν
2079 3725 2554 3798 περιϐεϐλημένοι,
2591 3746 2644 3782 κ.
2677 3748 2730 3783 τ.
2761 3730 2809 3784 λ.
2848 3734 3022 3787 Amici
3052 3744 3100 3788 et
3139 3739 3439 3806 sacerdotes

1860 3813 1976 3882 Dei,
1999 3816 2091 3885 qui
2121 3832 2276 3869 sacra
2307 3820 2487 3871 tunica
2531 3820 2696 3873 talari
2719 3822 2916 3888 induti,
2953 3834 3001 3877 et
3033 3826 3228 3880 caelesti
3253 3830 3439 3899 gloria:

1857 3923 2048 3961 corona
2064 3910 2320 3977 decorati,
2341 3911 2622 3982 divinaque
2645 3916 2889 3969 unctione
2917 3917 3158 3985 delibuti,
3185 3930 3233 3974 et
3262 3939 3438 3976 sacer-

1856 4002 2027 4054 dotali
2071 4005 2242 4056 sancti
2297 4005 2533 4073 Spiritus
2588 4019 2724 4062 veste
2772 4011 2956 4063 amicti
3006 4013 3152 4077 estis,
3182 4024 3287 4069 etc.
3322 4017 3434 4085 (51)

1856 4090 1989 4158 Quae
2023 4095 2187 4149 verba
2222 4096 2268 4150 si
2299 4095 2496 4151 iterum
2544 4113 2609 4152 ex
2651 4101 2922 4156 sententia
2961 4101 3161 4174 Moynii
3197 4109 3436 4177 tropoloo

1855 4185 1975 4255 gice
2008 4193 2223 4240 tantum
2253 4195 2307 4242 et
2336 4204 2431 4256 per
2476 4188 2799 4244 allusionem
2835 4191 2901 4246 ad
2932 4193 3177 4249 habitum
3214 4199 3437 4266 pontili-

1854 4278 2028 4332 calem
2061 4275 2126 4332 γ.
2161 4277 2225 4333 Τ.
2255 4281 2521 4350 accipere,
2550 4297 2652 4336 nec
2682 4283 2847 4337 simul
2875 4285 2942 4339 ad
2974 4297 3297 4354 prasentem
3337 4306 3435 4347 ve-

1855 4371 2046 4425 stitum
2093 4372 2459 4442 episcopalem
2493 4375 2654 4431 istius
2683 4377 2946 4446 temporis
2997 4381 3272 4448 respicere
3301 4399 3365 4437 ve
3430 4413 3441 4428 ο

1855 4477 2002 4526 mus,
2033 4465 2326 4518 verendum
2377 4465 2499 4530 erit,
2549 4483 2617 4520 ne
2659 4468 2932 4538 integrum
2969 4469 3173 4526 factum
3210 4475 3435 4529 histor.-

159 4541 558 4605 Pancadensis.
581 4563 743 4615 quam
763 4547 1032 4606 Eusebius
1057 4553 1522 4612 luculentissimus
1541 4567 1595 4612 et
1617 4575 1747 4614 ocu-

1868 4569 1978 4608 :um
2011 4554 2077 4609 de
2109 4557 2310 4625 templo
2340 4557 2392 4610 in
2422 4557 2554 4612 urbe
2583 4557 2726 4631 Tyro
2759 4570 3038 4618 exstructo
3069 4565 3184 4633 pari
3219 4567 3433 4620 ratione

158 4635 313 4690 latus
338 4637 490 4691 testis
522 4640 662 4708 apud
689 4640 991 4705 Czesaream
1026 4644 1258 4714 Philippi
1289 4663 1461 4718 usque
1490 4650 1555 4704 ad
1585 4668 1742 4706 suam

155 4848 407 4913 atomum
441 4856 474 4913 εΔ
505 4840 571 4895 de
610 4841 808 4913 quibus
854 4843 956 4913 legi
1005 4846 1202 4912 poterit
1247 4847 1296 4900 J.
1343 4849 1404 4901 A.
1460 4849 1745 4908 Fabricius

157 4915 218 4966 in
252 4909 583 4990 Ifibliotlteca
619 4911 826 4980 Graeca,
857 4909 962 4969 vol.
1001 4909 1108 4982 Vll,
1137 4932 1188 4986 p.
1219 4918 1346 4984 558,
1376 4929 1430 4973 et
1456 4922 1565 4976 vol.
1607 4922 1742 4990 V'lll,

155 4999 216 5127 Ρ.
388 5051 544 5127 Tom.
575 5054 674 5127 ιν,
705 5069 756 5124 p.
782 5055 886 5110 487
916 5069 1025 5125 sq.,
1049 5059 1206 5127 cujus
1237 5061 1401 5115 verba
1433 5062 1619 5116 citavﬂ
1649 5063 1746 5118 Fa-

151 5125 370 5202 bricius
401 5123 453 5177 in
486 5123 1154 5202 Delectuargumentorum
1181 5139 1229 5182 et
1267 5131 1472 5202 syllabo
1518 5133 1742 5202 scril’w‘

152 5211 288 5271 runt
303 5194 627 5271 defer-itote
659 5194 926 5271 religionis
956 5196 1180 5271 Clarist.,
1212 5215 1264 5271 p7.
1295 5194 1392 5271 i576,
1422 5217 1571 5271 seqq.

234 5263 349 5341 (26)
385 5263 523 5341 llinc
555 5267 606 5319 in
654 5263 824 5341 missa
867 5266 1078 5341 liatoldi
1113 5263 1254 5338 apud
1303 5263 1584 5341 Hugonein
1631 5274 1740 5329 Me-

152 5336 395 5390 nardum
425 5337 476 5388 in
495 5339 789 5404 appendice
816 5337 881 5390 ad
904 5338 1104 5392 librum
1124 5336 1590 5395 Sacramentorum
1608 5344 1741 5398 Gre-

152 5406 302 5478 gorii
335 5405 537 5475 Magni,
564 5422 616 5475 p.
655 5423 728 5460 ιι).
760 5407 886 5473 261,
924 5420 1044 5476 post
1085 5419 1364 5478 acceptam
1404 5413 1601 5467 stolam
1640 5417 1739 5468 mi-

151 5477 427 5548 nistratur
449 5478 689 5544 episcopo
715 5479 891 5530 tunica
914 5481 1056 5548 gyris
1094 5481 1150 5532 in
1177 5477 1547 5535 tintinnabulis
1588 5487 1740 5538 miri-

149 5548 258 5615 ﬁce
285 5547 502 5614 refecta,
540 5548 604 5599 ad
634 5547 1041 5602 similitudinem
1075 5552 1376 5605 sacerdotis
1403 5556 1682 5608 Aarouiei.

233 5617 349 5686 (‘27)
386 5616 766 5689 ConlLMatth.
795 5635 870 5682 ιιι,
901 5621 991 5682 20,
1017 5621 1077 5672 21
1103 5628 1120 5682 ’ς
1151 5620 1319 5676 Marc.
1357 5639 1410 5685 γ,
1441 5623 1510 5676 27
1542 5635 1595 5678 et
1625 5629 1691 5678 50
1719 5644 1732 5689 ;

147 5685 320 5760 Joan.
358 5703 471 5748 xix,
502 5687 592 5748 25,
627 5705 694 5741 ex
735 5704 845 5758 quo
874 5691 1068 5743 ultimo
1108 5694 1298 5760 liquet,
1334 5693 1607 5747 Christum
1633 5685 1737 5748 dui-

148 5758 289 5834 plic_i
323 5773 483 5812 usum
532 5773 652 5811 esse
702 5761 864 5814 vestis
905 5777 1124 5830 genere,
1161 5758 1370 5818 scilicet
1407 5765 1640 5834 ἱματίοις
1681 5776 1734 5821 ει

147 5845 322 5902 χιτων
330 5847 345 5881 ι
352 5869 363 5881 ι

476 5925 745 5986 Parnm.
793 5927 907 5986 Gn.
944 5927 1023 5988 Χ.

1855 4648 1906 4702 1η
1933 4647 2133 4703 factum
2158 4648 2434 4719 quoddam
2465 4653 2896 4720 metaphoricum
2921 4665 3270 4710 convertatur
3292 4658 3428 4729 (52).

1922 4851 2032 4936 (ξξ)
2075 4851 2192 4936 για.
2234 4853 2450 4936 [Eusebii
2659 4855 2885 4936 εει-ΙᾸξι)ἶ
2924 4871 3017 4936 vn,
3045 4856 3280 4936 rapuit}.
3399 4926 3423 4936 ~

1921 4924 2032 4993 (‘29)
2082 4925 2200 4975 Ἔτι
2253 4924 2309 4975 δὲ
2356 4925 2450 4977 καὶ
2497 4925 2766 4993 Ἰωάννης,
2808 4927 2837 4977 ὁ
2869 4926 2963 4977 ἐπὶ
3013 4925 3073 4977 τὸ
3114 4926 3306 4994 στῆθος
3334 4926 3426 4980 τοῦ

1848 4993 2056 5063 Κυρίου
2107 4991 2426 5064 ἀναπεσὼν·
2486 4995 2542 5057 ὃς
2593 4994 2822 5064 ἐγενήθη
2872 4994 3050 5064 ἱερεὺς
3086 4995 3146 5048 τὸ
3194 4997 3425 5050 πέταλον

1849 5029 2056 5046 ιιυνιυυ
2107 5029 2392 5048 υυνψηςνυωι
2486 5029 2514 5046 Ἰ
2593 5029 2617 5045 εὖ
2661 5029 2807 5046 ς-νΙ-ἰι
2872 5029 3015 5047 δύυῦυ

1848 5041 2188 5134 πεῷορεκὼς,
2225 5066 2316 5117 καὶ
2349 5029 2556 5136 μάρτυέ
2591 5029 2683 5116 καὶ
2708 5029 3046 5129 δίδέσκαλοςῖ

1919 5134 2031 5189 (5ο)
2063 5133 2180 5187 Vid.
2217 5133 2405 5189 Steph.
2444 5137 2490 5188 le
2533 5134 2745 5189 Movne.
2776 5135 2810 5188 Ι.
2842 5152 2890 5189 ε.
2939 5151 2989 5189 ι).
3022 5136 3092 5189 28

1919 5133 2031 5202 (50)
2063 5133 2180 5187 Vid.
2217 5133 2405 5203 Steph.
2432 5133 2490 5188 'le
2533 5134 2745 5204 Moyne,
2776 5135 2812 5215 Ι.
2842 5152 2890 5189 c.
2939 5151 2989 5204 p.
3022 5136 3113 5200 '28,
3143 5148 3195 5191 et
3233 5153 3418 5221 vener.

2024 5203 2339 5309 ﬁeres":
2365 5206 2703 5309 "res!
2751 5205 3422 5309 ιξ.ιξτξ.ι,ιςξηιεξξτ..;ζξξςδεξι-

1843 5285 1982 5341 plor.
2022 5276 2176 5338 eccl.,
2223 5291 2341 5343 cap.
2378 5275 2468 5338 45,
2507 5291 2557 5343 p.
2613 5275 2735 5338 12!,
2779 5292 2841 5327 ex
2878 5275 3008 5330 edit.
3043 5277 3277 5330 Fabricii
3325 5279 3420 5331 Bi-

1845 5344 2120 5398 bliotheca:
2155 5346 2547 5398 ecclesiasticw.
2579 5345 2740 5399 Conl'.
2771 5347 2936 5399 etiam
2964 5345 3050 5400 Jo.
3085 5347 3252 5402 Gottl.
3303 5348 3420 5400 llci-

1844 5415 2015 5468 neccii
2046 5416 2181 5470 diss.
2215 5415 2291 5468 De
2319 5417 2498 5470 habitu
2526 5426 2574 5468 et
2615 5416 2907 5484 insignibus
2940 5419 3299 5486 apostolorum
3325 5437 3417 5473 sa-

1841 5485 2216 5539 cerdotalibus.
2974 5485 2980 5486 ⁷

2074 5555 2195 5611 Vid.
2242 5555 2461 5611 Eusebii
2515 5557 2655 5612 llist.
2697 5558 2850 5621 eccl.,
2883 5559 2976 5612 lib.
3016 5577 3068 5626 χ,
3102 5576 3222 5630 cap.
3259 5560 3314 5624 4,
3358 5575 3414 5629 p.

1840 5627 2236 5768 Tigilitonl.
2285 5695 2371 5768 ιιι).
2425 5697 2586 5753 Mich.
2647 5697 2920 5753 lleineccii
2974 5698 3275 5768 Abbildung
3320 5701 3414 5752 der

1841 5765 2208 5826 Griec/iisclien
2265 5767 2482 5834 liirclie,
2515 5779 2650 5837 patt.
2689 5786 2770 5836 ιιι,
2804 5786 2923 5839 cap.
2963 5769 3017 5832 1,
3057 5768 3084 5840 §
3113 5770 3206 5835 ‘25,
3235 5765 3287 5839 [3.
3319 5770 3410 5827 Ξῖ.

3019 5932 3098 5993 Ιρ3
