3888 6476
449 347 588 406 ἰῖἰεὲὃ

1730 346 2088 404 MACARIUS
2127 345 2432 402 MAGNISS.

3580 341 3606 394 Ι
3619 341 3730 395 556

445 467 520 523 De
549 467 775 522 lleracla
813 467 1194 522 Alexandrinae
1243 466 1499 552 Ecclesia:
1543 467 1884 538 presbytero,
1931 483 2022 534 qui
2059 473 2098 527 Α
2131 467 2274 520 baud
2309 474 2497 520 curate
2527 465 2796 535 expressit
2828 463 2973 520 Guil.
3009 463 3225 518 Caveus
3261 462 3318 516 in
3356 461 3608 516 Historia
3645 464 3736 514 (it-

445 567 632 629 postea
661 559 902 628 ejusdem
935 559 1042 612 loci
1074 559 1366 627 episcopus
1397 557 1515 622 luit,
1545 557 1656 626 jam
1694 567 1806 610 tum
1837 555 2026 624 Orige-

444 665 544 704 nes
593 651 732 718 apud
763 647 1084 710 Eusebium,
1125 647 1268 700 llist.
1304 648 1432 700 eccl.
1471 647 1563 700 lib.
1597 663 1674 712 vr,
1728 663 1776 701 c.
1821 647 1922 710 19,
1969 663 2024 715 p.

443 741 571 806 εει,
604 749 860 806 testatur,
896 740 1074 802 illum,
1109 755 1234 792 cum
1271 739 1482 808 vulgari
1516 749 1662 792 veste
1697 748 1856 792 antea
1893 755 2027 794 usus

445 833 662 898 fuisset,
714 849 776 888 ea
819 833 1068 900 deposita
1105 833 1538 902 pllllOSOIJthUlﬂ
1579 833 1824 886 induisse
1873 833 2028 886 habi-

445 935 560 980 tum
593 925 732 996 (hoc
753 933 836 979 est
859 923 1082 994 pallium
1109 940 1232 978 eum
1264 925 1500 990 tunica),
1526 923 1769 992 illudque
1801 924 2026 993 pallium

445 1027 634 1086 postea
663 1018 825 1072 etiam
861 1016 1156 1070 retinuisse
1188 1017 1322 1087 (55).
1353 1016 1570 1070 Pacatis
1597 1031 1726 1070 vero
1762 1015 2032 1070 Christiaa

447 1126 644 1165 norum
681 1111 866 1175 rebus,
909 1111 1084 1180 magis
1117 1110 1346 1164 invaluit
1377 1110 1608 1164 vestitus
1651 1109 2031 1164 sacerdotibus

447 1202 724 1272 proprius.
760 1201 968 1256 Stolam
1003 1203 1396 1258 sacerdotalem
1429 1219 1564 1256 auro
1595 1212 1908 1256 contextam
1940 1218 2033 1256 re-

451 1299 556 1352 fert
595 1297 974 1352 Thcodoretus
1006 1301 1115 1370 (54)
1160 1316 1190 1354 a
1219 1299 1584 1355 Constantino
1625 1299 1821 1370 Magno
1859 1300 2034 1358 .dona-

449 1401 557 1444 tam
590 1389 831 1450 Macario
859 1407 1114 1462 episcopo
1145 1391 1665 1464 llierosolymitano,
1699 1405 1758 1448 ut
1787 1409 1848 1448 ea
1877 1393 2034 1447 indu-

449 1493 536 1536 tus
563 1481 732 1537 divini
767 1485 1026 1553 baptismi
1062 1485 1428 1540 ministerium
1465 1493 1769 1556 perageret.
1803 1484 1880 1538 Ex
1923 1499 2034 1554 quo

457 1575 581 1629 loco
602 1586 826 1645 apparet
853 1591 1016 1645 quam
1049 1585 1260 1632 vetusta
1291 1579 1363 1632 sit
1392 1579 1731 1633 consuetudo
1753 1594 2032 1634 sacrarum

453 1667 686 1720 vestium
739 1667 792 1720 in
846 1667 1112 1732 Ecclesia,
1157 1669 1439 1738 judicante
1493 1669 1657 1726 Henr.
1715 1669 1935 1725 Valesio
1979 1671 2034 1723 in

443 1759 892 1816 adnotationibus
963 1761 1030 1816 ad
1077 1763 1132 1816 ιι.
1181 1763 1216 1816 l.
1269 1765 1639 1830 Eustathium,
1677 1764 1938 1818 Sebastite
1981 1765 2032 1818 in

2136 561 2336 612 teraria
2367 561 2550 628 script.
2585 557 2738 624 eccl.,
2777 574 2832 628 p.
2868 573 2941 610 m.
2979 557 3100 622 lli,
3148 555 3398 610 scribens
3437 574 3452 609 :
3489 553 3734 622 Magnes,

2131 655 2357 721 scriptor
2378 653 2814 716 raldeobscurus,
2839 653 2970 706 rixit
2999 652 3068 722 (si
3087 661 3300 704 (etatem
3323 651 3438 718 ejus
3463 660 3606 706 recte
3627 650 3738 702 rol-

2131 747 2296 800 locent
2340 746 2633 801 Turrianus
2702 757 2750 802 et
2791 747 3116 814 Scribonius)
3163 746 3308 798 circa
3349 763 3552 798 annum
3609 744 3734 798 550.

2132 839 2434 894 Turrianus
2480 841 2626 894 enim
2678 841 2808 894 totis
2855 838 3108 893 ducentis
3155 838 3316 892 annis
3349 835 3734 906 antiquiorem

2135 945 2260 984 eum
2295 927 2521 994 fecerat,
2553 938 2766 984 aetatem
2796 928 2916 998 ejus
2947 943 3054 981 non
3087 926 3154 980 ad
3187 927 3254 982 Α.
3284 925 3347 980 C.
3381 925 3510 992 550,
3541 927 3644 980 sed
3671 925 3734 978 ad

2133 1037 2338 1076 annum
2373 1022 2472 1076 l50
2497 1021 2760 1075 referens.
2788 1019 3060 1080 Antonius
3081 1017 3416 1073 Possevinus
3445 1019 3502 1072 in
3541 1019 3724 1086 Appa-

2135 1123 2256 1168 ratu
2281 1131 2436 1168 sacro
2469 1114 2606 1184 (58),
2637 1121 2768 1168 tom.
2801 1111 2864 1180 ll,
2899 1129 2952 1182 p.
2973 1101 3068 1166 Im.
3105 1112 3196 1176 50,
3219 1112 3536 1182 tMagnetem
3585 1111 3734 1166 circa

2135 1223 2342 1261 annum
2365 1207 2548 1262 C.508
2561 1205 2813 1260 ﬂoruisse
2827 1206 3125 1272 existimat,
3153 1206 3286 1260 dum
3311 1206 3572 1260 eumdem
3607 1222 3730 1274 per-

2135 1307 2396 1350 vetustum
2441 1307 2708 1350 auctorem
2769 1297 3047 1362 nominat,
3093 1298 3184 1368 qui
3209 1307 3332 1350 ante
3367 1297 3514 1351 mille
3537 1307 3596 1350 et
3635 1309 3738 1353 tre-

2135 1400 2310 1444 ceutos
2335 1407 2500 1444 annos
2529 1389 2855 1460 evangelicae
2885 1391 3148 1460 apologize
3181 1391 3352 1444 libros
3379 1389 3574 1446 Grzece
3601 1392 3736 1446 scri-

2134 1483 2304 1552 pserit
2331 1483 2398 1536 ad
2431 1481 2833 1537 Theostbenem
2867 1482 3131 1537 adversus
3165 1483 3396 1552 gentiles
3447 1483 3736 1555 Evangelii

2135 1575 2584 1630 calumniatores.
2635 1573 2876 1628 Thomas
2907 1574 3128 1630 ‘Bozius
3181 1575 3528 1644 Eugubinus,
3585 1577 3736 1630 Cou-

2137 1666 2466 1736 gregationis
2495 1667 2730 1720 Oratorii
2771 1667 3078 1738 presbyter,
3113 1669 3299 1722 sreculi
3333 1685 3362 1720 ν
3397 1670 3734 1739 scriptorem

2137 1759 2422 1812 constituit
2468 1773 2590 1813 cum
2639 1759 2694 1811 in
2739 1773 2902 1827 opere
2953 1758 3024 1812 De
3073 1760 3239 1826 signis
3293 1758 3548 1814 Ecclesia:
3613 1761 3734 1829 Dei,

447 1854 704 1906 Armenia
750 1853 1088 1923 episcopum,
1127 1871 1155 1908 a
1193 1866 1348 1924 patre
1393 1873 1494 1910 suo
1524 1823 1739 1910 Eulalia
1773 1857 2036 1912 Caesarea:
2067 1823 2110 1877 Β
2141 1852 2234 1906 lib.
2275 1867 2386 1914 xxv,
2419 1867 2472 1922 p.
2513 1851 2574 1906 5|
2609 1851 2746 1922 (59),
2778 1823 2966 1905 scribit
2997 1869 3010 1904 :
3041 1823 3184 1904 Audi
3217 1868 3356 1904 nunc
3399 1823 3734 1922 Magnetem,

445 1945 832 2013 Cappadocum
891 1946 1148 2016 episcopo
1203 1949 1508 2018 depositum
1575 1949 1781 2013 fuisse,
1841 1947 2034 2020 ἐπειδὴ

445 2036 784 2107 ἀνάρμοστον
833 2039 896 2108 τῇ
939 2040 1207 2113 ἱερωσύνῃ
1243 2041 1434 2112 στολὴν
1475 2041 1764 2112 ἠμφίεστο,
1802 2058 1860 2094 eo
1895 2041 2033 2112 quod

447 2135 634 2180 vestem
663 2127 926 2181 sacerdoti
971 2131 1185 2184 miniata
1220 2135 1604 2186 convenientem
1627 2143 1908 2203 gestasset,
1935 2149 2033 2186 au-

443 2228 558 2272 ctor
585 2227 670 2272 est
700 2217 955 2275 Socrates
983 2221 1036 2274 in
1073 2221 1216 2278 Hist.
1247 2225 1374 2278 eccl.
1407 2225 1500 2280 lib.
1533 2241 1593 2288 ll,
1627 2241 1748 2294 cap.
1800 2225 1890 2279 45.
1932 2223 2034 2278 So-

453 2325 716 2366 zomenus
761 2312 876 2382 (55)
911 2327 1026 2368 rem
1063 2314 1239 2382 magis
1269 2315 1540 2383 illustrat,
1567 2331 2029 2380 commemorans,

447 2403 833 2472 Eustathium,
889 2405 1078 2459 habito
1128 2408 1364 2462 concilio
1427 2407 1750 2478 Gangrensi,
1813 2409 1867 2462 in
1923 2423 2032 2476 quo

446 2495 836 2560 damnabatur,
869 2507 1112 2554 mutasse
1147 2509 1374 2564 vestem,
1418 2510 1473 2555 et
1511 2501 1869 2557 conformiter
1905 2502 2032 2556 reli-

445 2591 569 2660 quis
601 2591 976 2647 sacerdotibus
1017 2595 1374 2662 processisse.
1415 2595 1566 2651 Unde
1613 2595 1826 2666 liquido
1865 2610 2031 2664 appa-

445 2690 548 2746 ret,
585 2683 872 2753 episcopos
904 2685 1024 2753 ejus
1069 2689 1350 2756 temporis,
1391 2690 1604 2758 abjecto
1643 2690 1808 2759 pallio
1851 2689 2030 2758 philo-

447 2773 691 2841 sopbico,
717 2774 831 2843 jam
875 2783 990 2828 tum
1039 2778 1367 2846 peculiarem
1415 2781 1716 2851 sumpsisse
1751 2781 2021 2835 habitum.

448 2862 563 2916 lluc
591 2865 752 2918 etiam
796 2868 1028 2936 pertinet
1058 2869 1261 2937 tunica,
1292 2887 1398 2941 qua
1445 2875 1726 2945 presbyter
1759 2871 2024 2944 Nepotia-

446 2969 550 3010 nus
577 2955 630 3009 in
659 2957 964 3014 ministerio
993 2959 1196 3016 Christi
1231 2964 1516 3032 utebatur,
1553 2983 1718 3035 quam
1750 2971 1854 3026 sibi
1899 2977 2026 3031 reli-

445 3058 584 3102 ctam
623 3048 987 3124 Hieronymus
1030 3055 1222 3110 scribit
1251 3057 1306 3111 in
1336 3057 1566 3128 epistola
1600 3062 1668 3116 de
1704 3063 1823 3133 ejus
1850 3079 2026 3126 morte

2135 1946 2226 2016 qui
2251 1945 2450 1998 vivebat
2478 1955 2600 1998 ante
2629 1959 2796 1998 annos
2831 1944 2977 1998 mille
3003 1945 3258 1998 ducentos
3300 1955 3350 1998 et
3379 1945 3502 2014 ejus
3529 1947 3734 2014 scripta

2136 2044 2256 2088 sunt
2287 2035 2340 2087 in
2365 2033 2698 2088 Bibliotheca
2735 2033 2948 2090 Veneta.
2983 2033 3228 2089 Certiora
3257 2035 3519 2100 omnino,
3561 2051 3730 2105 quam

2143 2127 2364 2197 quidem
2411 2126 2676 2180 hactenus
2711 2127 3026 2192 habuimus,
3059 2127 3220 2182 nobis
3255 2128 3504 2196 praebent
3527 2128 3732 2184 indicia

2139 2219 2291 2274 Libri
2313 2221 2646 2274 antirrhetici
2671 2220 2964 2292 Nicephori
2993 2221 3318 2292 patriarcha:
3341 2222 3732 2279 Constantino-

2135 2313 2382 2382 politani,
2419 2313 2473 2367 in
2503 2314 2704 2384 quibus
2737 2315 3036 2383 disputatio
3082 2313 3422 2380 continetur,
3453 2331 3584 2384 qua:
3619 2325 3730 2370 tota

2135 2415 2384 2460 versatur
2411 2407 2556 2461 circa
2587 2405 2960 2462 testimonium
2985 2406 3205 2462 Macarii
3241 2405 3550 2474 Magnetis,
3583 2407 3730 2477 quod

2135 2509 2324 2553 contra
2356 2499 2654 2569 imaginum
2686 2499 2893 2556 cultum
2929 2499 2997 2552 ab
3025 2498 3413 2554 lconomacbis
3443 2509 3572 2553 erat
3603 2515 3732 2569 prn-

2134 2591 2357 2645 ductum
2403 2589 2554 2645 Illam
2581 2607 2708 2656 vero
2731 2590 3160 2662 disputationem
3187 2591 3394 2646 sarculo
3419 2607 3482 2645 ix
3507 2591 3728 2646 ineunte

2133 2691 2496 2738 constetesse
2523 2683 2722 2738 editam
2751 2683 2822 2738 ab
2851 2683 3190 2738 antistitibus
3223 2685 3582 2751 orthodoxis,
3615 2684 3704 2755 qui

2135 2774 2234 2829 bus
2263 2785 2492 2843 prazerat
2515 2773 2858 2845 Nicephorus
2883 2775 3215 2844 patriarcha.
3237 2775 3300 2830 ln
3321 2777 3492 2845 cujus
3515 2777 3728 2846 quidem

2132 2864 2290 2919 initio
2312 2875 2458 2920 certa
2487 2867 2736 2937 qutedam
2765 2869 2976 2922 auctori
3007 2877 3198 2922 nostro
3221 2869 3550 2938 assignatur
3577 2877 3724 2932 tetas,

2131 2955 2262 3010 dum
2301 2955 2558 3012 ﬂoruisse
2601 2957 2802 3018 ibidem
2835 2959 3039 3014 dicitur
3061 2959 3335 3014 Macarius
3373 2959 3614 3028 Magnes
3643 2974 3730 3012 an-

2133 3063 2234 3104 nos
2260 3049 2383 3118 plus
2409 3065 2571 3118 quam
2601 3057 2872 3105 trecentos
2896 3067 2926 3103 a
2951 3051 3124 3120 prima
3153 3049 3438 3120 Evangelii
3471 3051 3702 3120 [medica

443 3141 510 3194 ad
539 3139 910 3202 Heliodorum.
937 3147 1088 3203 Mitto
1109 3149 1340 3219 reliqua,
1373 3168 1496 3221 qua,
1523 3153 1590 3208 de
1621 3158 1862 3214 vestibus
1895 3177 2025 3231 ροη,
2053 3164 2094 3220 C
2132 3141 2298 3208 tione,
2333 3141 2436 3196 hoc
2467 3153 2569 3204 est,
2599 3151 2720 3212 post
2757 3157 2962 3196 annum
2999 3159 3030 3196 a
3061 3153 3236 3197 morte
3267 3141 3480 3196 Christi
3519 3152 3726 3196 trecen-

447 3231 736 3288 tilicalibus
768 3234 1109 3308 singulisque
1151 3241 1324 3296 sacris
1366 3243 1698 3302 indumentis
1738 3253 2026 3324 episcopo-

441 3340 562 3378 rum
596 3334 703 3380 tam
737 3333 1123 3388 communibus
1170 3351 1334 3404 quam
1387 3338 1773 3408 peculiaribus,
1815 3361 1880 3398 ex
1929 3361 2025 3401 an-

441 3417 694 3486 tiquitate
741 3422 1114 3480 ecclesiastica
1161 3428 1408 3483 studiose
1458 3432 1680 3502 collegit
1727 3437 2066 3496 cardinalis-

441 3507 588 3564 Bona
616 3509 812 3565 Rerum
856 3514 1228 3586 liturgicarum
1259 3519 1353 3574 lib.
1405 3537 1442 3584 ι,
1489 3538 1610 3592 cap.
1652 3524 1742 3590 24,
1773 3535 1826 3580 et
1873 3528 2024 3600 llugo

438 3605 732 3663 Menardus
767 3611 820 3664 in
859 3613 1003 3666 notis
1030 3613 1094 3668 ad
1125 3613 1372 3686 Gregorii
1405 3633 1556 3686 papa:
1581 3617 1800 3675 Librum
1836 3641 2023 3679 sacra-

439 3710 756 3768 nientorum,
793 3719 846 3772 p.
895 3705 990 3758 56l
1027 3721 1205 3776 seqq.,
1237 3707 1328 3762 ubi
1359 3710 1525 3764 simul
1569 3712 1782 3768 iconem
1811 3715 1869 3772 S.
1912 3717 2020 3772 Re-

438 3794 590 3864 migii
623 3795 882 3865 episcopi,
917 3799 1088 3852 sacris
1119 3801 1364 3855 vestibus
1405 3801 1600 3868 induti,
1633 3806 1852 3862 exhibet
1884 3809 2017 3882 (56).

436 3905 464 3978 §
514 3904 642 3960 Vlll.
677 3907 755 3962 De
799 3919 954 3964 wtate
1001 3909 1232 3964 Macarii
1287 3911 1568 3982 Magnetis.
1609 3913 1878 3971 Probatur
1902 3937 2018 3974 eum

963 3984 1157 4034 sa'culo
1189 3999 1247 4038 ιιι
1275 3985 1484 4038 vixisse.
1539 4033 1546 4040 .

509 4069 584 4125 De
610 4079 770 4125 aetate
798 4073 1039 4128 auctoris
1071 4075 1265 4138 nostri,
1300 4091 1406 4144 qua
1435 4075 1642 4144 ﬂoruit,
1673 4087 1726 4132 et
1753 4095 1860 4149 quo
1883 4091 2019 4136 tem-

433 4176 566 4230 pore
591 4163 777 4232 scripti
821 4165 930 4218 sint
965 4165 1136 4233 ipsius
1169 4167 1290 4220 libri
1321 4167 1767 4237 Ἀποκριτικῶν,
1802 4175 2016 4230 diversa

433 4251 686 4308 feruntur
735 4257 1075 4310 eruditorum
1105 4257 1334 4325 judicia.
1377 4259 1574 4316 Franc.
1609 4261 1914 4320 'I‘urrianus
1959 4266 2014 4319 in

431 4343 748 4414 Dogmatico
781 4347 845 4398 de
862 4347 1254 4414 justi/icatione
1286 4351 1469 4418 (quem
1507 4351 1694 4406 Romae
1721 4355 1862 4424 apud
1901 4357 2016 4410 An-

430 4435 644 4490 tonium
675 4435 902 4490 Bladum
936 4453 1081 4492 anno
1113 4438 1248 4492 153i
1285 4439 1552 4510 typis-(57)
1570 4439 1826 4512 subjecit)
1865 4446 2014 4502 hunc

2131 3234 2406 3288 Iesimum.
2453 3232 2530 3286 En
2567 3235 2684 3302 ipsa
2730 3233 2938 3288 codicis
2983 3249 3087 3288 ms.
3127 3233 3292 3288 verba
3339 3252 3352 3285 :
3395 3233 3636 3306 Χρόνοις
3673 3231 3726 3283 δὲ

2129 3325 2354 3396 ὕστερον
2383 3326 2523 3396 ὑπὲρ
2553 3327 2678 3389 τοὺς
2707 3325 3053 3397 τριακοσίους
3079 3325 3414 3396 ἀκμάσαντα
3443 3325 3542 3378 τὸν
3569 3325 3726 3394 ἄνδρα

2127 3417 2677 3489 καταλαμϐανόμεθα,
2727 3418 2788 3482 ἐξ
2830 3411 2890 3472 οὗ
2937 3421 2997 3470 τὸ
3033 3416 3396 3472 ἁποστολικὸν
3449 3419 3550 3470 καὶ
3593 3415 3726 3468 θεῖον

2126 3510 2397 3582 ἐξέλαμψε
2448 3505 2874 3584 κήρυγμαηἯς
2902 3510 2959 3562 δὲ
3006 3510 3215 3574 πόλεως
3261 3510 3469 3580 ἱερεὺς,
3533 3499 3724 3562 καὶῶν

2126 3601 2550 3672 ἐπετρόπευσεν,
2579 3601 2732 3656 οὔπω
2764 3603 3017 3674 λὲγομεν,
3044 3603 3150 3665 ἓως
3183 3602 3250 3655 ἂν
3286 3601 3346 3656 τὸ
3396 3601 3720 3668 Μάγνητος

2123 3693 2514 3766 ἀκριϐέστερον
2549 3697 2680 3766 ἡμῖν
2709 3695 3086 3766 καταληφθείη
3121 3693 3554 3763 ἐξεταζόμενον,
3587 3709 3638 3744 κ.
3671 3707 3718 3744 τ.

2123 3785 2170 3838 λ.
2216 3785 2400 3838 Virum
2435 3796 2611 3839 autem
2659 3787 2813 3839 illum
2861 3788 3212 3857 comperimus
3249 3787 3510 3854 floruisse
3559 3801 3716 3853 supra

2123 3894 2291 3930 annos
2335 3887 2609 3942 trecentos,
2653 3895 2718 3932 ea:
2761 3895 2860 3949 quo
2912 3881 3142 3948 primum
3191 3879 3477 3944 apostolici
3527 3879 3720 3930 divini-

2122 3985 2219 4038 que
2241 3970 2493 4036 prtccouii
2520 3969 2614 4022 lux
2639 3969 2859 4037 eﬂ'ulsit.
2888 3967 3182 4038 Cujusnam
3205 3977 3384 4022 autem
3411 3969 3566 4022 urbis
3589 3986 3716 4038 pen-

2122 4061 2254 4128 tifea:
2285 4060 2469 4128 fuerit,
2501 4070 2548 4113 et
2574 4079 2703 4131 quos
2730 4064 2865 4114 cives
2894 4063 3110 4126 rexerit,
3145 4061 3198 4112 id
3229 4061 3444 4130 quidem
3475 4063 3716 4114 nondum

2119 4153 2421 4220 deﬁnimus,
2477 4155 2654 4223 quoad
2709 4157 2772 4208 de
2823 4171 2942 4208 race
2987 4154 3269 4210 MAGSETIS
3319 4157 3522 4208 certius
3571 4157 3716 4208 nobis

2119 4253 2338 4311 constet,
2379 4253 2484 4300 etc.
2525 4245 2848 4317 MagnOpere
2875 4249 3074 4302 exinde
3097 4247 3207 4302 falli
3247 4248 3424 4317 liquet
3445 4263 3572 4312 eos,
3613 4249 3706 4318 qui

2118 4335 2419 4408 Magnetem
2463 4346 2716 4392 nostrum
2759 4347 2818 4392 nt
2848 4355 3040 4392 novum
3077 4339 3308 4408 aliquem
3352 4357 3419 4392 ac
3453 4357 3716 4408 nuperum

2119 4426 2420 4482 Crwculum
2438 4429 2866 4496 calumniantur,
2889 4445 3012 4484 cum
3037 4429 3400 4498 scriptoribus
3423 4433 3616 4486 sazculi
3641 4449 3712 4496 ix,

429 4525 732 4598 Magnetem
757 4537 1034 4583 auctorem
1063 4529 1445 4600 gravissimum
1473 4541 1525 4586 et
1548 4535 2009 4602 vetustissimum,

2130 4521 2257 4576 bene
2287 4521 2588 4590 exploratis
2619 4523 2876 4578 omnibus
2923 4524 3378 4589 circumstantiis,
3417 4525 3562 4578 satis
3597 4525 3710 4594 jam

427 4635 590 4688 quem
621 4629 744 4674 ante
769 4621 912 4675 mille
943 4631 994 4676 et
1027 4621 1436 4692 quadringentos
1467 4640 1630 4678 annos
1663 4625 1802 4694 (hoc
1831 4638 1914 4683 est
1940 4630 2006 4686 A.

425 4710 490 4766 C.
527 4711 652 4782 l50)
687 4713 889 4768 vixisse
915 4723 1088 4783 putat,
1115 4715 1390 4784 appellare
1420 4715 1562 4771 haud
1593 4727 1832 4774 veretur.
1859 4719 2010 4787 Qua-

427 4815 654 4874 propter
685 4814 740 4859 et
783 4805 1020 4862 Sandius
1051 4807 1108 4860 in
1141 4817 1299 4862 tract.
1339 4807 1416 4862 De
1447 4809 1704 4864 veteribus
1731 4815 2010 4882 scriptori-

428 4899 520 4948 bus
567 4897 774 4958 eccles.,
823 4913 876 4966 p.
925 4915 1000 4953 ιιι.
1048 4898 1136 4964 l9,
1182 4901 1284 4956 hac
1323 4917 1556 4956 censura
1605 4919 1730 4958 eum
1763 4907 2003 4976 excipit:

427 5007 439 5026 ι
469 4981 1096 5055 Quiauctorquanquam
1139 4993 1412 5048 Turriano
1455 4987 1540 5050 est
1571 4997 1806 5066 scriptor
1833 5002 2008 5055 eccle-

423 5077 676 5130 siasticus
708 5080 1026 5148 temporibus
1070 5085 1431 5152 apostolorum
1479 5088 1707 5154 vicinus,
1749 5090 1884 5144 mibi
1919 5102 2004 5146 ta-
2057 5133 2060 5136 λ

421 5183 542 5220 men
575 5179 658 5223 est
685 5181 868 5226 certus
909 5173 1518 5234 lmreticusn'l‘urrlani
1565 5181 1729 5252 igitur
1761 5195 2000 5238 mentem

491 5303 601 5389 (55)
629 5303 828 5389 Notum
859 5317 942 5363 est
973 5309 1104 5389 illud
1129 5310 1450 5389 Tertulliani
1485 5317 1538 5370 in
1571 5317 1666 5372 lib.
1705 5317 1777 5372 De
1802 5320 1994 5389 pallio,

419 5387 539 5443 cap.
569 5377 622 5442 6,
667 5378 758 5430 ubi
784 5393 842 5432 se
872 5381 1127 5435 omnibus
1173 5387 1512 5440 cumulatum
1563 5389 1724 5442 bonis
1770 5377 2000 5444 arbitra;

419 5451 530 5528 tur,
559 5447 962 5528 quodpalliurn
991 5451 1186 5528 divina:
1217 5455 1574 5528 pliilosOpbiac
1609 5469 1992 5528 argumentum

418 5517 824 5592 lnt‘luerit,tl_t_im‘
839 5520 1058 5592 scribit:
1077 5523 1145 5573 At
1161 5517 1254 5590 ego
1273 5524 1390 5592 jam
1415 5517 1493 5578 me
1511 5529 1594 5580 illi
1613 5517 1776 5582 etiam
1803 5531 1997 5584 (licium

415 5593 573 5670 sectio
607 5603 668 5638 ac
690 5587 987 5670 disciplina:
1032 5587 1341 5670 εοηιηξενὲἰο
1383 5597 1616 5670 confero.
1651 5599 1836 5652 Gaude
1879 5602 1998 5670 pal-

413 5652 567 5740 lium,
599 5667 648 5707 et
679 5652 938 5740 exsulta:
963 5661 1157 5740 _melior
1178 5663 1296 5740 jam
1331 5677 1380 5718 te
1407 5652 1738 5734 philosophia
1771 5652 1992 5740 digriata

415 5735 612 5806 “(Lee
639 5743 740 5806 quo
775 5729 1136 5806 Christianum
1171 5729 1354 5806 restire
1381 5729 1601 5806 carpisti.

488 5793 599 5866 (5i)
641 5793 780 5852 Hist.
814 5801 966 5864 eccl.,
1005 5802 1038 5854 Ι.
1079 5819 1138 5868 ιι,
1168 5820 1216 5858 c.
1246 5805 1330 5859 “.37.

2119 4623 2236 4668 tum
2265 4625 2610 4685 perspectum
2641 4617 2822 4684 fuerit,
2856 4627 3134 4690 auctorem
3167 4618 3332 4672 istum
3357 4627 3582 4672 tctatcrn
3609 4635 3708 4672 sx-

2117 4706 2224 4760 culi
2257 4722 2339 4773 ιιι,
2381 4708 2466 4760 vel
2493 4708 2802 4777 incipientis
2831 4709 3014 4762 szeculi
3045 4725 3117 4774 IV,
3151 4725 3264 4778 pra:
3292 4725 3351 4764 se
3381 4709 3552 4764 ferre.
3595 4709 3702 4765 Nec

2115 4805 2198 4852 est
2227 4799 2370 4868 quod
2423 4799 2754 4854 adversariis
2783 4809 3036 4869 suspecta
3069 4815 3192 4854 esse
3223 4811 3430 4870 queant
3459 4818 3548 4862 ea,
3583 4821 3707 4874 qua:

2113 4889 2180 4943 de
2208 4889 2370 4944 istius
2399 4893 2640 4946 auctoris
2673 4893 2998 4961 antiquitate
3037 4893 3092 4945 in
3127 4893 3292 4946 allata
3325 4894 3706 4962 disputatione

2115 4987 2450 5035 statuuntur.
2489 4981 2822 5052 Expediebat
2864 4985 3008 5037 cnim
3049 4985 3352 5054 imaginum
3393 4985 3706 5042 defensori-

2113 5070 2237 5136 bus,
2274 5073 2430 5126 Iidcm
2461 5073 2714 5128 vellicare
2745 5083 2797 5128 ct
2825 5075 3142 5146 infringere,
3174 5077 3564 5144 antiquitatem
3599 5097 3690 5148 pa-

2111 5165 2244 5218 riter
2273 5175 2436 5234 atque
2465 5167 2845 5222 auctoritatem
2886 5169 3215 5224 imminuere
3263 5171 3410 5224 illius
3461 5173 3694 5242 scripto.

2180 5321 2294 5390 (55)
2326 5319 2382 5390 In
2416 5319 2562 5374 llist.
2591 5321 2716 5373 εισι.
2751 5322 2785 5375 1.
2817 5338 2900 5384 Ill,
2929 5338 2978 5375 c.
3019 5321 3104 5374 Η.

2179 5391 2294 5465 (56)
2346 5389 2506 5465 Conl'.
2553 5400 2606 5465 et
2649 5391 2924 5465 Hcineccii
2955 5393 3266 5465 Abbiidung
3297 5395 3392 5449 der
3455 5395 3694 5452 Crie:hi-

2107 5460 2259 5513 schen
2301 5462 2528 5522 Kirche.
2558 5463 2592 5515 I.
2625 5477 2699 5523 c.,
2733 5479 2784 5530 p.
2817 5464 2904 5518 58.

2177 5529 2436 5655 (ggjiVid.
2467 5534 2594 5587 Ant.
2621 5529 2902 5588 PosSevini
2926 5536 3232 5603 Apparatus
3265 5552 3440 5604 sacer,
3465 5547 3606 5594 tom.
3653 5535 3688 5593 ι.

2147 5641 2159 5654 ο
2197 5623 2323 5655 ῧῗῘὶ).

2105 5617 2558 5740 ρ’(ἒὲῗὶῖοιοιιὶεο
2591 5675 2815 5744 Agripp.
2855 5673 2992 5728 1608
3020 5676 3186 5734 edito.

2175 5744 2286 5812 (59)
2319 5743 2460 5798 Edit.
2497 5743 2694 5802 Colon.
2726 5743 2952 5816 Agripp.
2985 5745 3144 5802 1626.
