3888 6488
202 395 339 449 1557

1351 401 1629 459 NOTITIA
1667 403 1754 457 ET
1794 402 2236 460 FRAGMENTA.

3287 400 3424 454 1558

193 513 293 578 ris,
337 513 429 582 qui
457 516 572 570 suis
614 517 961 586 opinionibus
994 535 1294 591 repugnare
1332 523 1649 588 videbatur,
1702 532 1754 576 et
1783 528 1828 583 Α
1857 538 1959 575 nus
2006 521 2302 589 imperator
2350 519 2404 572 in
2438 519 2755 590 fragmentis
2791 519 2992 573 nostris
3026 516 3350 572 Macarianis
3391 535 3419 573 a

191 622 356 676 quem
391 621 578 678 eorum
634 611 928 665 adversarii
965 611 1306 668 leonomachi
1356 617 1522 670 multo
1575 617 1756 672 labore

191 704 452 765 tanquam
486 706 675 753 testem
707 699 810 754 (ide
832 701 1209 772 dignissimum
1239 712 1427 758 contra
1462 705 1608 774 ipsos
1633 723 1756 776 pro-

190 787 484 842 duxerant.

191 901 221 972 §
249 900 338 957 IX.
376 903 533 960 ditas
567 905 1080 982 Macariillagnetis
1127 911 1396 982 colligitur
1425 928 1489 968 ex
1522 915 1752 968 criteriis

790 977 913 1030 libri
951 981 1190 1033 internis.
1255 977 1272 982 ’
1653 1036 1663 1043 .

261 1062 340 1118 Ne
386 1074 565 1120 autem
597 1065 800 1122 frustra
845 1070 1127 1124 videantur
1180 1074 1455 1129 antistites
1502 1074 1756 1130 Ecclesia:

185 1155 480 1212 orthodoxi
516 1167 720 1212 tantam
755 1159 988 1215 Macario
1017 1161 1247 1234 Magneti
1279 1166 1590 1235 assignasse
1625 1179 1754 1221 teta-

186 1255 321 1313 tem,
351 1260 546 1318 praeter
566 1260 787 1305 externa
813 1253 1118 1308 testimonia
1150 1257 1311 1311 etiam
1356 1273 1421 1312 ex
1455 1260 1643 1313 sedula
1673 1261 1752 1315 lc-

186 1340 369 1395 ctione
411 1341 738 1410 scriptorum
777 1344 947 1414 ipsius
992 1347 1356 1416 conquirenda
1400 1360 1559 1404 erunt
1590 1367 1753 1422 argu-

185 1439 368 1486 menta
399 1441 452 1487 et
494 1437 748 1506 κριτήρια
787 1436 1031 1505 quaedam
1079 1438 1314 1505 interna,
1358 1456 1422 1494 ex
1453 1442 1672 1512 quibus,
1708 1443 1754 1497 si

185 1541 295 1578 non
328 1527 610 1595 majorem,
641 1530 830 1584 saltem
880 1531 1157 1586 indubiam
1203 1535 1383 1588 szeculi
1428 1535 1494 1589 lll
1539 1545 1750 1591 aetatem

184 1617 492 1685 perspicere
522 1617 602 1675 fas
636 1621 726 1675 sit.
755 1619 929 1686 Quam
967 1623 1019 1675 in
1056 1640 1169 1677 rem
1199 1635 1324 1679 ante
1355 1627 1537 1681 omnia
1568 1628 1753 1683 obser-

184 1710 419 1763 vandum
482 1712 605 1775 erit,
659 1713 835 1767 locum
882 1717 1092 1769 auctori
1146 1726 1336 1772 nostro
1389 1719 1570 1774 deberi
1613 1721 1754 1774 inter

183 1799 321 1853 istos
350 1801 548 1856 veteris
586 1801 842 1858 Ecclesia:
885 1806 1197 1874 scriptorcs,
1245 1809 1336 1877 qui
1385 1819 1512 1863 ante
1562 1826 1749 1879 pacem

185 1888 440 1945 Ecclesiaz
468 1892 647 1947 datam
683 1897 1164 1962 praastantissimas
1208 1915 1307 1969 pro
1353 1902 1583 1956 veritate
1618 1905 1748 1958 reli-

182 1983 362 2051 g-ionis
413 1984 1052 2044 Christianmadversus
1109 1992 1388 2058 gentilium
1446 1995 1750 2050 calumnias

181 2076 558 2143 conscripsere
592 2079 870 2152 apologias
901 2079 1034 2152 (40).
1067 2081 1120 2137 ld
1150 2084 1292 2138 enim
1322 2094 1374 2138 et.
1403 2085 1592 2142 titulus
1627 2087 1749 2143 libri

195 2166 610 2235 Ἀποκριτικῶν
636 2172 784 2240 πρὸς
810 2173 1128 2242 Ἓλληνας,
1150 2177 1232 2230 vel
1276 2177 1618 2248 Ἀπολογίας
1644 2180 1750 2234 τοῦ

183 2260 576 2330 eoum-estw,
611 2272 664 2318 et
693 2275 932 2319 veterum
963 2268 1366 2338 apologetarum
1392 2274 1747 2340 consuetudo,

179 2354 509 2422 propriaque
541 2355 607 2410 de
641 2357 956 2411 monarchia
986 2359 1167 2412 divina
1208 2371 1394 2416 contra
1427 2372 1611 2431 gentes
1638 2366 1749 2420 dis-

178 2444 406 2510 putandi
456 2447 595 2500 ratio
641 2446 754 2519 (M)
804 2450 1087 2518 perspicue
1138 2453 1270 2508 satis
1316 2465 1745 2524 commonstrat;

179 2545 296 2589 tum
331 2545 384 2590 et
424 2539 730 2608 praecipuus
765 2541 933 2597 totius
976 2543 1156 2612 operis
1199 2559 1396 2614 scopus
1439 2547 1746 2615 confirmat,

177 2627 274 2695 qui
312 2627 570 2684 adversus
609 2631 872 2686 celebrem
900 2635 1187 2702 quemdam
1219 2637 1302 2689 sui
1341 2640 1599 2707 temporis
1629 2641 1749 2709 phi-

176 2716 468 2787 losophum
514 2719 654 2774 inter
710 2719 948 2785 Graacos,
995 2725 1410 2795 polytheismum
1465 2728 1746 2797 gentilium

177 2807 578 2874 defendentem,
613 2819 667 2866 et
710 2814 882 2868 multo
922 2817 1214 2884 supercilio
1245 2817 1579 2888 simplicitati
1622 2822 1743 2876 ﬁdei

175 2897 507 2954 Christianas
536 2900 873 2967 illudentem,
912 2904 1153 2960 directus
1183 2915 1300 2972 est;
1338 2909 1403 2962 de
1437 2911 1636 2978 quibus
1665 2913 1746 2965 ul-

175 2989 347 3044 terius
378 2989 633 3062 deinceps
668 2994 1044 3050 disserendum
1074 2998 1196 3052 erit.
1238 2997 1343 3053 Ista
1389 3016 1516 3056 vero
1563 3005 1745 3058 omnia

174 3080 383 3137 indicio
406 3083 566 3138 nobis
614 3094 760 3152 sunt,
792 3097 1068 3142 auctorem
1101 3100 1346 3144 nostrum
1385 3108 1448 3146 ea
1489 3095 1600 3163 jam
1633 3105 1744 3149 tum

175 3178 336 3226 aetate
383 3173 598 3237 vixisse,
656 3191 761 3242 qua
810 3179 1216 3245 persecutiones
1275 3179 1531 3236 Ecclesizc
1584 3185 1742 3238 Cbri-
1771 3217 1812 3273 ε

173 3264 372 3318 ειίειητε
402 3280 430 3317 a
465 3266 758 3334 gentilibus
803 3268 1048 3322 excitatae
1096 3270 1273 3324 adhuc
1322 3273 1598 3344 apol0gias
1646 3292 1743 3344 pro

171 3354 501 3409 vindicanda
531 3354 853 3412 Christianae
898 3359 1160 3414 doctrinm
1203 3361 1431 3417 veritate
1459 3374 1512 3418 et
1542 3369 1742 3421 sancti-

171 3454 288 3500 tate
330 3445 658 3517 ﬂagitarunt.
708 3447 781 3503 Ex
831 3466 940 3519 quo
990 3452 1133 3506 enim
1181 3455 1533 3522 paganismus
1579 3473 1740 3528 opera

167 3538 519 3594 Constantini
552 3540 620 3594 Μ.
655 3551 983 3610 prostratus,
1015 3553 1066 3597 et
1096 3542 1351 3599 Ecclesia:
1371 3545 1574 3602 Christi
1600 3548 1739 3603 inte-

169 3647 270 3700 gra
299 3641 505 3686 asserta
537 3631 637 3685 fuit
667 3634 908 3701 libertas,
939 3651 1037 3689 nec
1066 3637 1422 3707 philosophos
1454 3640 1612 3706 ullos,
1642 3658 1741 3698 nec

169 3724 504 3792 apologetas,
536 3725 639 3778 hoc
680 3738 1057 3795 argumentum
1095 3737 1242 3782 tanto
1289 3729 1467 3783 studio
1510 3733 1740 3801 amplius

167 3824 437 3869 tractasse
464 3815 997 3884 animadvertemus;
1025 3834 1147 3870 eum
1184 3833 1283 3871 nec
1326 3820 1524 3872 acriter
1563 3820 1740 3889 impu-

167 3921 343 3976 gnare
385 3916 437 3961 et
479 3908 768 3961 calumniis
799 3907 1056 3977 impetere
1102 3909 1307 3962 diutius
1353 3910 1538 3964 liceret
1585 3927 1739 3966 sacra

164 3998 606 4052 Christianorum
645 3999 824 4052 divina
860 4000 1058 4054 virtute
1091 4010 1406 4071 propagata,
1444 4018 1543 4057 nec
1588 4012 1739 4056 tanto

165 4100 614 4159 argumentorum
642 4091 843 4144 robore
866 4091 1141 4146 vindicare
1165 4101 1324 4161 atque
1354 4093 1487 4146 tueri
1519 4108 1740 4148 necesse

164 4190 319 4231 esset
379 4178 514 4248 (l2).
570 4180 822 4248 Inprimis
877 4197 997 4234 cum
1055 4183 1194 4236 inter
1237 4198 1366 4245 eos,
1411 4183 1609 4251 quibus
1652 4199 1738 4238 res

161 4270 493 4324 Christianae
523 4272 707 4325 saeculi
739 4288 790 4324 Iv
819 4280 872 4326 et
899 4289 927 4324 v
965 4289 1068 4326 non
1103 4273 1300 4342 ignotae
1333 4283 1478 4338 sunt,
1506 4289 1571 4327 ex
1609 4274 1740 4327 Am-

161 4363 338 4417 miani
386 4363 708 4430 Marcellini,
739 4363 1024 4428 Chalcidii,
1055 4363 1361 4428 Themistii,
1394 4367 1738 4437 aliorumque

161 4457 540 4509 monumentis
563 4457 696 4510 satis
717 4466 1059 4524 perspectum
1084 4457 1174 4520 sit,
1193 4458 1551 4525 sapientiores
1580 4458 1736 4514 istius

1858 611 2044 668 Graeco
2073 614 2398 682 philosopho
2425 613 2492 667 de
2521 612 2836 667 munarchia
2887 613 3069 666 divina
3108 612 3420 681 disputante

1858 706 1913 758 in
1949 705 2251 775 exemplum
2300 705 2682 774 disputationis
2725 704 3037 770 adducitur,
3075 713 3131 756 ut
3181 718 3210 756 a
3258 703 3421 757 modo

1857 797 2160 865 imperandi
2199 798 2438 850 humano
2473 796 2704 850 similem
2735 796 3065 850 monarchiae
3091 796 3288 851 divinae
3331 811 3420 849 ra-

1857 889 2061 942 tionem
2120 888 2602 957 colligeret?quod
2661 887 2990 958 conjecturas
3041 887 3223 941 locum
3269 886 3419 952 facit,

1855 978 2257 1047 philosophum,
2290 994 2413 1033 cum
2444 995 2552 1048 quo
2584 979 2861 1032 contendit
2890 976 3178 1039 Macarius,
3211 978 3280 1031 ab
3309 993 3422 1031 mvo

1857 1069 2078 1123 Adriani
2110 1085 2217 1131 non
2248 1070 2382 1124 adeo
2412 1071 2570 1140 longo
2603 1079 2864 1124 remotum
2905 1069 3073 1123 fuisse
3110 1068 3416 1123 intervallo.

1856 1163 2030 1231 Atque
2060 1163 2187 1217 huic
2226 1163 2504 1219 sententia:
2548 1162 2931 1232 astipulantcm
2973 1161 3130 1216 video
3159 1161 3418 1216 eximium

1856 1254 2194 1322 antiquitatis
2214 1255 2595 1309 ecclesiastica:
2612 1263 2966 1308 scrutatorem
2989 1253 3418 1318 Tillemontium,

1857 1343 2039 1413 qui-1.
2085 1359 2133 1398 c.
2185 1345 2488 1399 antistitum
2549 1346 2976 1398 urtbodoxorum
3029 1344 3294 1414 judicium
3353 1343 3420 1397 de

1856 1441 2010 1486 aetate
2041 1430 2263 1486 Macarii
2287 1434 2460 1487 nostri
2493 1435 2760 1503 prolatum
2807 1435 2878 1487 ita
2907 1433 3227 1503 comprobat
3259 1429 3420 1502 atque

1857 1520 2096 1574 sull‘ulcil.
2128 1541 2140 1574 :
2174 1520 2250 1574 Ils
2278 1539 2406 1575 nous
2441 1533 2759 1592 apprennent
2797 1541 2893 1594 que
2934 1524 2980 1576 le
3018 1524 3217 1577 dessein
3247 1523 3311 1575 de
3337 1531 3418 1576 cet

1857 1628 2078 1683 ouvrage
2117 1615 2246 1666 etait
2281 1614 2343 1667 de
2376 1615 2662 1668 combattre
2699 1614 2770 1668 les
2812 1618 3014 1685 paiens,
3049 1615 3416 1684 particuliére-

1857 1715 1995 1758 ment
2039 1722 2108 1758 an
2153 1705 2454 1776 philosophe
2485 1709 2857 1760 aristotélicien
2899 1707 2988 1776 qui
3037 1709 3414 1763 reconnaissait

1859 1812 1930 1849 un
1960 1796 2070 1849 senl
2105 1795 2238 1850 Dieu
2279 1799 2574 1862 souverain,
2608 1791 2740 1852 mais
2782 1800 2903 1869 chef
2939 1801 3000 1853 de
3026 1799 3286 1869 plusieurs
3320 1817 3418 1852 au-

1783 1867 1824 1924 Β
1853 1895 1955 1937 tres
1994 1885 2172 1952 dicax,
2201 1894 2249 1939 et
2287 1888 2376 1957 qui
2412 1888 2692 1956 employait
2729 1898 2840 1943 tout
2870 1867 2917 1944 le
2942 1867 3075 1959 fuste
3097 1891 3160 1942 de
3183 1907 3278 1943 son
3306 1892 3420 1944 élo-

1850 1993 2060 2045 quence,
2091 1986 2138 2030 et
2171 1988 2310 2031 toute
2338 1978 2391 2030 la
2428 1980 2666 2031 subtilité
2690 1980 2751 2032 de
2788 1997 2847 2032 sa
2881 1981 3211 2050 dialectique,
3239 1989 3417 2033 centre

1851 2065 1905 2118 la
1930 2066 2211 2135 simplicité
2240 2068 2302 2120 de
2333 2067 2386 2120 la
2427 2067 2642 2138 religion
2672 2069 2984 2124 chrétienne.
3019 2069 3142 2123 Cela
3167 2079 3244 2123 est
3267 2071 3414 2138 favo-

1852 2158 1996 2212 rable
2020 2175 2152 2228 pour
2189 2161 2325 2229 faire
2353 2173 2428 2216 cet
2462 2172 2648 2214 auteur
2683 2177 2864 2214 encorc
2893 2162 3009 2230 plus
3047 2163 3229 2215 ancien
3254 2160 3408 2231 qu'ils

1851 2269 1912 2306 ne
1936 2253 2126 2319 disent,
2155 2262 2202 2306 et
2231 2253 2277 2306 le
2310 2263 2492 2308 mettre
2524 2256 2610 2308 des
2649 2255 2695 2308 le
2727 2265 2886 2323 temps
2915 2256 3004 2308 des
3037 2255 3410 2323 persécutions,

1849 2346 2065 2416 puisque
2105 2346 2160 2398 ni
2201 2346 2272 2400 les
2307 2345 2668 2415 plrilosophes,
2718 2348 2774 2400 ni
2819 2349 2889 2400 les
2931 2347 3238 2417 apologistes
3271 2346 3412 2399 n'ont

1849 2432 1970 2501 plus
2003 2435 2157 2504 gnere
2213 2436 2373 2489 traite
2409 2447 2537 2490 cette
2567 2437 2782 2490 matiere
2817 2435 2998 2505 depuis
3030 2452 3125 2506 que
3154 2437 3414 2491 Constan-

1853 2529 1927 2581 tin
1968 2545 1998 2580 a
2023 2528 2205 2581 abattu
2237 2529 2283 2582 le
2321 2531 2622 2599 paganisme
2645 2541 2692 2584 et
2717 2547 2746 2582 a
2779 2529 2876 2595 {ait
2899 2530 3137 2583 dominer
3170 2528 3409 2600 l‘Eglise.

1849 2619 1919 2674 Ce
1944 2620 2263 2688 philosophe,
2295 2621 2505 2675 roulant
2536 2624 2731 2674 donner
2760 2638 2830 2674 un
2868 2622 3098 2691 exemple
3134 2621 3261 2675 d‘un
3299 2637 3412 2674 mc-

1849 2729 2064 2782 narque,
2093 2713 2253 2782 prend
2293 2713 2426 2766 celui
2456 2712 2724 2767 d‘Adrien.
2763 2713 2832 2766 Et
2879 2715 2986 2766 cela
3013 2721 3158 2774 porte
3185 2713 3414 2767 natur-el-

1848 2805 2035 2858 lement
2056 2808 2088 2859 ὰ
2109 2807 2278 2858 croire
2296 2805 2425 2874 qu‘il
2448 2804 2632 2858 n’était
2667 2823 2763 2874 pas
2791 2807 2897 2875 fort
2931 2805 3134 2875 éloigné
3155 2807 3225 2859 du
3249 2816 3408 2872 temps

1848 2900 1910 2952 de
1940 2917 1994 2953 ce
2021 2900 2218 2966 prince.

1852 3010 1986 3083 §X.
2048 3011 2177 3065 Htec
2217 3013 2281 3066 de
2329 3022 2483 3066 wtate
2537 3011 2764 3083 Macarii
2816 3011 3072 3083 Magnetis
3110 3010 3410 3083 conjectura

1917 3083 2263 3152 conﬁrmatur
2284 3099 2348 3136 ex
2374 3083 2675 3135 narratione
2697 3079 2758 3135 de
2782 3079 2960 3134 statua
2987 3081 3334 3134 Paneadensi.

1919 3174 2137 3228 Accedit
2194 3172 2528 3227 stabiliendae
2574 3172 2884 3242 antiquitati
2944 3171 3182 3225 auctoris
3237 3169 3410 3224 nostri

1845 3279 2045 3318 novum
2074 3263 2241 3317 robur
2265 3279 2328 3317 cx
2357 3262 2660 3333 fragmento
2687 3263 2896 3316 decimo
2928 3262 3106 3330 operis
3131 3260 3323 3328 ipsius,
3355 3261 3406 3311 in

1843 3370 1952 3424 quo
1985 3355 2051 3408 de
2079 3354 2331 3409 Berenice
2360 3355 2586 3409 muliere
2613 3353 2886 3408 Edessena
2928 3357 3042 3410 sive
3081 3355 3409 3412 Paneadensi

1839 3446 1993 3514 juxta
2023 3445 2315 3500 Eusebium
2351 3445 2494 3500 Hist.
2521 3445 2651 3499 eccl.
2687 3445 2781 3499 lih.
2806 3461 2903 3509 vn,
2938 3462 3058 3516 cap.
3097 3447 3186 3516 18,
3215 3464 3244 3502 a
3277 3464 3407 3518 pro-

1841 3538 2007 3592 fluvio
2035 3539 2321 3608 sanguinis
2349 3538 2577 3592 liberata
2621 3546 2674 3594 et
2721 3555 2815 3608 per
2851 3541 3142 3595 salutarem
3187 3542 3409 3596 ﬁmbriae

1841 3637 2046 3685 tactum
2078 3647 2108 3685 a
2137 3629 2425 3686 Servatore
2460 3641 2645 3685 sanata
2681 3632 2863 3699 refert,
2898 3634 3016 3703 ejus
3051 3633 3177 3689 facti
3219 3636 3409 3704 imagi-

1841 3738 1964 3777 nem
2001 3738 2105 3777 aere
2129 3739 2463 3792 expressam,
2491 3726 2605 3779 sive
2631 3734 2862 3778 statuam
2891 3727 2939 3778 in
2965 3738 3276 3796 perpetuam
3306 3727 3408 3779 mi-

1842 3815 2011 3870 raculi
2037 3816 2355 3870 memoriam
2385 3828 2646 3881 erectam,
2679 3833 2776 3873 suo
2800 3827 3037 3888 tempore
3053 3819 3230 3873 adhuc
3254 3819 3407 3874 inco-

1840 3905 2040 3958 lumem
2066 3904 2254 3972 fuisse,
2285 3907 2358 3969 ὡς
2383 3907 2505 3977 ἄρτι
2530 3902 2754 3978 τοῦργον
2780 3910 3086 3979 γενόμενον,
3119 3910 3177 3961 οὐ
3215 3909 3402 3974 πάλαι,

1839 4006 1898 4048 ut
1926 4013 2006 4050 res
2033 4014 2135 4050 non
2165 3999 2291 4050 olim
2316 3999 2479 4066 facta,
2507 4002 2596 4052 sed
2624 4002 2777 4054 hodie
2795 4003 2912 4069 ﬁeri
2937 4003 3197 4056 videatur.
3227 4002 3407 4058 Enim-

1840 4103 1967 4142 vero
1983 4095 2216 4143 statuam
2235 4090 2378 4144 illam
2393 4106 2422 4144 a
2440 4090 2733 4146 Maximino
2749 4093 3092 4162 tyranno,qui
3106 4094 3266 4162 paulo
3281 4105 3405 4149 ante

1839 4178 2259 4234 Constantinum
2291 4181 2362 4235 M.
2408 4183 2714 4252 imperavit,
2741 4185 2850 4253 jam
2895 4186 3161 4239 sublatam
3211 4185 3400 4245 fuisse.

1839 4271 1996 4326 docet
2039 4271 2284 4328 Asterius
2331 4274 2576 4336 Amaseaz
2620 4277 2924 4345 episcopus,
2970 4277 3063 4345 qui
3105 4293 3163 4332 se
3188 4275 3403 4331 Iuliano

1840 4378 2126 4432 supparem
2189 4364 2425 4418 ostendit
2485 4366 2540 4418 in
2607 4369 2852 4421 oratione
2909 4369 3156 4421 adversus
3228 4370 3404 4422 avari-

1841 4459 1968 4510 tiam
2000 4458 2134 4524 (45),
2163 4458 2254 4512 ubi
2286 4461 2606 4527 superstites
2637 4470 2788 4514 notat
2811 4462 3096 4530 plurimos,
3127 4465 3218 4534 qui
3247 4465 3313 4517 ab
3339 4479 3402 4517 co

158 4548 346 4603 aetatis
372 4549 745 4618 philosophos,
771 4548 1019 4614 exemplo
1043 4548 1318 4602 Ammonii
1347 4551 1590 4618 magistri
1624 4551 1731 4614 sui,
1767 4556 1810 4610 D
1840 4551 2047 4607 inducti
2078 4550 2312 4607 fuissent
2339 4554 2403 4607 ad
2435 4555 2590 4609 fidem
2643 4556 2963 4624 negandam.
2993 4554 3164 4612 Verba
3205 4556 3400 4608 Asterii

161 4640 585 4694 conciliator-um
619 4641 781 4695 veluti
817 4657 1018 4695 munus
1064 4641 1375 4709 suscepisse
1411 4644 1552 4696 inter
1582 4643 1738 4697 Cbri-'

161 4733 382 4787 stianos
409 4742 571 4800 atque
611 4734 856 4800 gentiles,
884 4741 935 4786 et
960 4741 1318 4798 utrorumque
1350 4735 1588 4788 rationes
1614 4751 1738 4789 con-

151 4827 394 4900 jungere
427 4828 828 4896 quodammodo
854 4845 1017 4883 ausos
1043 4844 1183 4883 esse.
1210 4828 1351 4893 Quid
1377 4833 1520 4898 quod
1543 4831 1737 4884 Adria-

239 5027 354 5102 (40)
384 5028 460 5102 De
493 5030 691 5097 quibus
732 5031 842 5085 vid.
888 5032 987 5084 Ad.
1040 5030 1431 5102 Rechenbergii
1476 5034 1610 5088 diss.
1665 5037 1736 5090 De

154 5100 424 5168 apologiis
483 5103 758 5153 doctorum
818 5103 999 5153 rete-ris
1071 5101 1321 5154 Ecclesia:
1367 5100 1732 5165 Christi/mm,

153 5183 286 5236 quae
328 5168 597 5235 reperitur
635 5169 688 5222 in
726 5169 1002 5223 volumine
1037 5171 1489 5227 Exercitationum
1520 5175 1576 5227 in
1603 5176 1740 5232 Novi

156 5238 483 5310 'I'estamenti
520 5239 798 5310 historiam
848 5241 1249 5293 ecclesiasticam
1294 5253 1340 5295 et
1391 5243 1737 5310 litterariam,

153 5323 216 5376 p.
258 5308 366 5388 {505
391 5323 566 5375 seqq.;
593 5309 788 5388 quibus
819 5310 1045 5377 proinde
1085 5311 1303 5365 Macarii
1336 5314 1506 5366 nostri
1541 5308 1739 5385 scripta

160 5386 370 5444 pariter
401 5386 676 5430 aceenseri
707 5389 1002 5432 merentur.

237 5447 355 5514 (41)
384 5447 463 5497 Ad
490 5444 675 5498 Irenazi
697 5448 1085 5515 QI)lSlUiall'l,(le
1113 5448 1450 5515 monarchia,
1468 5449 1533 5503 ad
1559 5449 1733 5504 Flori-

161 5513 344 5586 num,’
372 5531 468 5586 seu
515 5515 681 5586 quod,
707 5513 849 5568 Deus
890 5531 997 5568 non
1042 5517 1392 5586 siticonditor
1437 5513 1730 5586 malorum,

162 5585 336 5638 llenr.
377 5582 622 5654 Valesius
673 5584 726 5636 in
761 5586 945 5637 adnot.
997 5587 1063 5638 ad
1120 5585 1336 5640 Eusebii
1392 5587 1530 5642 Hist.
1579 5582 1727 5654 σεεμς

161 5656 202 5710 ι.
242 5671 294 5718 v,
327 5670 374 5707 c.
411 5653 500 5715 20,
529 5668 581 5721 p.
617 5669 688 5705 m.
717 5654 836 5718 101,
864 5665 1008 5708 recte
1033 5656 1253 5710 adnotat
1288 5676 1300 5710 :
1344 5656 1545 5711 Veteres
1571 5653 1729 5714 Chri—

160 5724 335 5780 stiani
367 5724 471 5796 hac
494 5740 608 5775 voce
637 5724 815 5776 crebro
855 5726 934 5776 uti
956 5724 1214 5788 solebant,
1245 5730 1443 5796 quoties
1485 5731 1729 5782 ttdversns

161 5796 387 5862 qentiles
421 5795 744 5862 disputarem
779 5809 796 5846 :
837 5810 993 5864 eoque
1039 5797 1192 5850 titulo
1234 5795 1522 5866 Complures
1566 5798 1726 5853 libros

1837 4659 1902 4697 ex
1952 4645 2174 4699 homilia
2223 4647 2277 4700 in
2326 4645 2532 4701 Jairum
2581 4657 2634 4702 et
2679 4648 2960 4701 mulierem
3005 4647 3401 4718 αἱμορῤοοῦσαν

1838 4735 2057 4788 exhibet
2100 4733 2326 4790 Photius
2370 4737 2419 4788 in
2457 4736 2802 4801 Bibliotheca,
2845 4736 2962 4789 cod.
2996 4749 3207 4799 cccxxx,
3242 4750 3294 4804 p.
3324 4751 3397 4788 m.

1840 4824 1976 4878 1507
2005 4835 2059 4879 et
2096 4825 2288 4880 Franc.
2340 4827 2696 4882 Combelisius
2739 4829 2790 4880 in
2834 4821 3084 4879 A'uctario
3136 4843 3265 4879 novo
3308 4827 3401 4880 Bi-

1837 5030 2130 5093 ediderunt,
2164 5041 2221 5082 ut
2269 5047 2428 5083 unum
2476 5030 2641 5083 Deum
2686 5032 2914 5083 omnium
2951 5047 3122 5083 rerum
3160 5031 3398 5083 condito-

1841 5119 1947 5156 rem
1971 5118 2030 5152 ac
2061 5116 2228 5168 regem
2251 5117 2362 5152 esse
2386 5103 2732 5168 ostenderent.

1911 5171 2020 5241 (In!)
2062 5171 2410 5241 Posteaquam
2442 5167 2817 5222 Constantinus
2849 5171 3052 5222 civitati
3079 5169 3400 5223 Christiana;

1837 5239 2014 5310 pacem
2041 5256 2102 5292 ac
2132 5239 2434 5306 felicitatem
2465 5250 2751 5292 extremam
2793 5250 3206 5308 comparaverat,
3238 5257 3397 5308 genus

1838 5313 1934 5363 hoc
1991 5310 2415 5379 philosophorum
2478 5311 2734 5379 plerisque
2794 5310 3108 5362 Christianis
3170 5311 3398 5363 invisum

1837 5389 1950 5435 erat
2005 5382 2322 5444 adn'todum,
2376 5395 2535 5447 neque
2575 5380 2727 5431 multi
2766 5380 3030 5432 antistites
3070 5379 3228 5448 facile
3265 5397 3297 5433 a
3344 5396 3399 5433 se
3457 5382 3460 5385 “

1838 5449 2209 5514 impetrabant,
2243 5459 2298 5500 ut
2344 5465 2525 5502 nomen
2570 5459 2619 5501 et
2671 5449 3009 5516 disciplinam
3064 5450 3400 5503 Platonicam

1838 5536 1983 5589 (equo
2029 5521 2222 5587 [errent
2265 5521 2460 5570 animo.
2504 5517 2637 5573 Ven.
2672 5522 3000 5577 Moshemius
3049 5521 3104 5573 in
3147 5521 3288 5573 notis
3329 5520 3394 5573 ad

1837 5590 2250 5653 Cudworthum,
2276 5605 2329 5656 p.
2358 5589 2480 5643 754.

1908 5659 2225 5732 (ΑίῇμΑριιςί
2274 5659 2466 5732 Franc.
2503 5656 2889 5732 Combelisium
2922 5667 3068 5714 tomo
3104 5658 3124 5712 l
3153 5658 3396 5714 Auctari.’

1838 5728 1952 5784 nari
1977 5728 2314 5783 Bibliotheca:
2348 5728 2590 5795 Patrum,
2621 5745 2674 5799 p.
2712 5729 2800 5783 55.
