3888 6510
439 432 465 485 1
477 433 580 488 559

1719 429 2078 487 MACARIUS
2118 429 2418 486 MAG‘SES.

3549 425 3692 481 I360

438 549 706 602 bliotltecw
746 545 993 610 Patrum,
1029 551 1159 598 tom.
1191 542 1237 609 l,
1270 560 1332 598 ex
1367 546 1568 615 quibus
1598 561 1650 615 p.
1680 530 1786 600 976
1809 561 1892 614 sq.
1922 561 2006 598 se-
2035 549 2078 604 Α
2108 545 2475 608 condecorati,
2517 543 2692 613 posita
2727 541 2944 608 fuisset,
2975 538 3374 612 indignissimis
3405 537 3544 592 adeo
3576 553 3694 591 mo-

439 640 660 711 quentia
688 637 1030 710 potissimum
1055 637 1160 692 huc
1183 645 1463 708 spectant:
1491 637 1602 690 Καὶ
1627 637 1778 691 οὐδὲν
1805 636 2008 690 ἐκώλυε

439 733 599 805 μέχρι
649 731 742 785 νῦν
789 729 1055 795 σώζεσθαι
1097 730 1194 784 τὸν
1249 730 1535 803 ἀνδριάντα
1561 772 1576 796 ,
1617 731 1710 784 καὶ
1749 730 2008 784 δεικνύειν

434 823 736 894 ἀμφότερα,
771 821 865 874 καὶ
900 819 992 873 τοῦ
1037 818 1172 872 Θεοῦ
1223 819 1284 872 τὸ
1333 819 1656 889 Θαυμάσιον,
1688 821 1779 872 καὶ
1814 819 1912 888 τῆς
1948 817 2007 872 εὖ

435 914 712 986 παθούσης
737 913 796 966 τὺ
820 913 1168 984 χαριστήριον
1187 930 1200 943 ·
1235 914 1281 965 εἰ
1321 913 1394 983 μὴ
1425 911 1724 982 Μαξιμῖνος
1753 913 1954 976 ἐκεῖνος
1982 914 2010 966 ὁ

437 1009 630 1082 μικρὸν
679 1007 790 1079 (44)
819 1008 923 1080 πρὸ
968 1007 1058 1061 τοῦ
1108 1007 1515 1061 Κωνσταντίνου
1561 1008 1661 1077 τῆς
1726 1006 2008 1078 Ῥωμαίων

434 1103 710 1174 βασιλείας
765 1099 1216 1173 προηγησάμενος
1252 1099 1384 1173 (xiii),
1437 1099 1574 1172 ἀνὴρ
1622 1100 2009 1172 εἰδωλολάτρης

432 1195 526 1249 καὶ
564 1193 848 1265 δυσσεϐὴς,
899 1192 993 1246 καὶ
1041 1191 1354 1264 ζηλοτυπῶν
1400 1192 1457 1245 ὲν
1499 1192 1574 1264 τῷ
1617 1193 1891 1264 ἀγάλματι
1920 1192 2008 1245 τὸν

429 1286 684 1358 Χριστὸν,
720 1286 960 1339 ἀνείλετο
999 1285 1096 1356 τῆς
1126 1285 1382 1356 πολίχνης
1453 1284 1544 1337 τὸν
1582 1285 1778 1355 χαλκὸν
1823 1285 2004 1356 μόνον,

431 1378 492 1429 οὐ
523 1377 621 1448 τὴν
656 1378 875 1448 μνήμην
900 1375 1005 1429 τῶν
1038 1376 1364 1446 γενομένων.
1404 1374 1514 1428 Nec
1539 1377 1827 1446 quidquam
1861 1384 2007 1429 veta-

433 1469 544 1534 bat,
595 1479 653 1524 ut
699 1485 760 1523 ne
811 1469 1065 1521 hactenus
1103 1479 1285 1522 statim
1326 1483 1500 1536 sospes
1555 1479 1710 1534 esset,
1757 1467 2008 1537 amboque

430 1561 528 1615 illa
576 1562 904 1625 ostenderet,
958 1572 1069 1614 tum
1107 1559 1203 1613 Dei
1231 1559 1567 1623 miraculum,
1611 1570 1721 1612 tum
1772 1560 2007 1613 mulieris

430 1655 677 1723 beneﬁcio
721 1654 925 1722 a/fcctae
973 1662 1180 1724 gratam
1235 1663 1492 1717 mentem;
1527 1653 1628 1706 nisi
1676 1651 2006 1706 Maximinus

429 1743 544 1809 ille,
581 1746 671 1814 qui
726 1744 886 1813 paulo
931 1753 1052 1796 ante
1084 1741 1490 1796 Constantinum
1531 1743 1755 1797 Romani
1803 1743 2006 1812 imperii

429 1845 635 1904 sceptra
667 1833 967 1888 moderatus
1004 1845 1103 1898 est,
1130 1836 1211 1888 vir
1250 1835 1537 1888 idololatra
1583 1844 1738 1905 atque
1771 1835 1963 1905 impius
1984 1877 2000 1901 ,

429 1945 493 1981 ac
519 1927 730 1982 Christo
754 1929 805 1980 in
829 1928 1056 1998 imagine
1081 1929 1334 1994 invidens,
1360 1936 1590 1981 statuant
1609 1945 1807 1983 teneam
1831 1929 2000 1997 ipsam

417 2019 598 2081 solam
653 2019 716 2073 ab
761 2019 950 2088 oppido
993 2019 1314 2086 sustulisset,
1361 2036 1463 2074 non
1516 2037 1690 2074 rerum
1736 2030 2002 2090 gestarum

429 2110 758 2164 memoriam.
795 2109 917 2163 Alio
951 2109 1070 2164 loco
1101 2109 1242 2165 idem
1282 2113 1477 2166 asserit
1509 2112 1790 2176 Asterius,
1826 2111 2002 2166 Maxi~

429 2201 559 2255 niini
591 2201 947 2271 impietatem,
970 2201 1062 2272 qui
1094 2202 1144 2256 in
1181 2203 1325 2257 istud
1355 2212 1768 2259 monumentum
1788 2202 2000 2259 Panea-

425 2295 592 2348 dense
620 2295 733 2364 jam
771 2303 883 2349 tum
916 2295 1171 2350 bacchari
1207 2304 1464 2366 cmperat,
1489 2311 1587 2366 sua
1617 2305 1772 2350 tetate
1799 2298 2002 2365 pariter

427 2385 702 2440 imitatum
752 2402 874 2442 esse
927 2385 1200 2442 lulianum
1257 2405 1270 2442 :
1333 2390 1426 2442 Ὃν
1477 2387 1724 2461 ζηλώσας
1765 2389 1858 2442 καὶ
1904 2389 2001 2461 τὴν

425 2476 680 2529 ἀσέϐειαν
730 2479 1108 2550 μιμησάμενος
1157 2480 1184 2532 ὁ
1235 2480 1320 2549 ἐφ’
1366 2479 1524 2550 ἡμῶν
1582 2479 1886 2543 Ἰουλιανὸς,
1934 2479 2002 2532 τὰ.

427 2568 782 2640 παραπλήσια
830 2569 921 2622 ἐπὶ
961 2572 1074 2633 τοῖς
1116 2570 1348 2640 Χριστοῦ
1396 2570 1736 2642 ὁμοιώμασιν
1785 2571 1996 2643 ἔδρασε.

427 2657 581 2714 Unde
611 2669 665 2716 et
713 2662 909 2716 merito
937 2661 1234 2733 Gregorius
1268 2662 1644 2718 Nazianzenus
1691 2664 1742 2716 in
1792 2664 1993 2719 oratnl

427 2750 688 2806 adversus
731 2751 1006 2807 Julianum
1050 2755 1457 2824 imperatorem,
1495 2755 1673 2824 quoad
1705 2765 1916 2811 Statuas
1947 2765 2000 2814 et

427 2843 695 2914 imagines
748 2845 988 2914 ipsorum
1023 2855 1348 2915 prostratas,
1377 2844 1650 2900 Julianum
1676 2862 1800 2902 eum
1829 2847 2001 2902 Maxi-

426 2935 576 2990 mino
601 2937 898 3005 componit.
926 2935 1185 3002 Quamvis
1215 2937 1396 3007 itaque
1418 2936 1818 3008 Philostorgius
1851 2938 1989 3010 (46),

425 3025 768 3082 Sozomenus
796 3027 908 3100 (47)
935 3029 1134 3099 aliique
1162 3029 1455 3098 scriptores
1480 3029 1638 3084 istius
1671 3038 1867 3085 stature
1898 3030 1997 3085 de-

424 3120 786 3176 structionem
811 3118 1027 3175 Juliano
1055 3122 1235 3190 petitis
1261 3121 1559 3190 Apostatae.
1595 3121 1680 3174 vel
1715 3121 1880 3175 etiam
1913 3122 1996 3192 ip-

2108 637 2193 692 dis
2226 636 2486 702 subverti,
2515 651 2611 705 per
2635 635 2826 690 urbem
2851 634 2991 689 trahi
3023 633 3424 704 confringique,
3450 643 3505 687 et
3528 649 3686 687 suam

2107 733 2228 802 ejus
2259 733 2378 786 loco
2409 732 2596 801 reponi
2625 731 2860 800 jussisse
2910 730 3235 800 imaginem;
3287 741 3451 797 quam
3503 735 3686 778 tamen

2108 822 2230 892 igne
2252 823 2466 877 caelitus
2495 822 2717 891 delapso
2755 821 2939 878 statim
2980 821 3238 884 dirutam,
3272 818 3538 887 reliquias
3563 829 3690 872 vero

2109 923 2300 968 statua:
2331 914 2554 968 Christo
2588 914 2777 982 posita:
2820 928 2850 967 a
2879 911 3210 966 Christianis
3243 911 3366 980 ejus
3409 910 3591 965 aetatis
3632 910 3686 963 in

2108 1005 2333 1061 ecclesia
2383 1019 2480 1059 sua
2533 1004 2789 1058 collectas
2849 1011 2902 1057 et
2949 1001 3264 1071 aliquandiu
3330 1008 3688 1054 conservatas

2109 1095 2280 1152 fuisse
2315 1097 2535 1151 tradunt
2575 1095 3007 1165 Philostorgius,
3046 1093 3411 1154 Sozomenus,
3465 1090 3687 1162 Clyt-as,

2110 1186 2490 1258 Theophanes,
2525 1185 2888 1256 Nicephorus,
2917 1184 3119 1254 aliique
3151 1185 3352 1254 plures.

2111 1300 2140 1373 §
2173 1301 2264 1358 XI.
2300 1300 2593 1355 Diluuntur
2635 1299 3316 1373 objectiones_Tillemontii
3351 1301 3403 1353 l°
3447 1301 3494 1353 Α
3547 1316 3695 1353 nteit-

2427 1375 2564 1426 tione
2585 1374 2894 1441 templorum
2913 1370 3360 1427 Christianorum.

2178 1467 2577 1522 Dissimulanda
2626 1475 2806 1520 tamen
2854 1481 2961 1519 non
3007 1475 3154 1528 sunt,
3207 1481 3330 1534 quae
3379 1463 3592 1534 pariter
3636 1464 3691 1518 in

2107 1561 2324 1630 scriptis
2363 1558 2626 1630 Magnetis
2671 1559 2845 1613 nostri
2893 1567 3189 1612 occurrunt
3223 1557 3411 1619 dubia,
3448 1570 3692 1625 quaeque

2107 1652 2383 1706 nonnullis
2449 1650 2832 1721 antiquitatem
2892 1649 3062 1720 ipsius
3120 1650 3384 1704 hactenus
3443 1650 3686 1702 evictam

2107 1745 2250 1800 haud
2277 1759 2470 1814 parum
2496 1743 2790 1814 infringere
2825 1743 3189 1808 videbuntur;
3222 1742 3402 1812 qualia
3441 1741 3532 1795 vel
3571 1742 3690 1808 ipse

2107 1837 2515 1892 laudatissimus
2563 1835 2945 1891 Tillemontius
2997 1837 3314 1890 observasse
3366 1835 3471 1888 sibi
3531 1835 3690 1887 visus

2101 1941 2205 1999 est,
2229 1947 2354 1986 cum
2398 1945 2464 1984 ex
2494 1927 2634 1983 facta
2669 1927 2992 1996 templorum
3034 1925 3481 1980 Christianorum
3527 1940 3690 1977 men—

2102 2023 2246 2078 tione
2275 2021 2348 2076 ita
2382 2017 2656 2076 concludit
2698 2036 2712 2072 :
2771 2015 3122 2085 Néanmains,
3159 2015 3412 2086 puisqu‘il
3458 2031 3688 2083 margine

2103 2131 2200 2185 que
2231 2114 2301 2168 les
2331 2113 2590 2167 chrétiens
2619 2111 2927 2164 bétissaient
2957 2109 3100 2163 alors
3122 2109 3185 2163 de
3214 2108 3439 2179 grandes
3464 2109 3688 2178 éinses,

2101 2206 2142 2260 il
2163 2223 2224 2260 ne
2252 2215 2373 2276 peut
2395 2205 2544 2259 auoir
2564 2206 2695 2258 ἐστὶι
2726 2221 2795 2257 au
2819 2203 2936 2273 plus
2963 2205 3036 2257 tot
3061 2219 3159 2273 que
3189 2219 3296 2256 vers
3319 2201 3364 2254 le
3385 2201 3580 2254 milies
3616 2204 3688 2255 ds

2104 2298 2365 2352 troisieme
2405 2297 2578 2352 siecle.
2621 2295 2822 2350 Nititur
2855 2296 2971 2350 haec
3023 2296 3255 2365 objectio
3305 2295 3426 2350 istis
3471 2297 3689 2362 verbis,

2102 2407 2226 2462 quae
2255 2391 2309 2450 in
2344 2389 2651 2460 philosophi
2682 2386 2856 2442 Gratci
2880 2387 3348 2457 argumentatione
3375 2402 3479 2456 pro
3509 2388 3691 2440 idolo-

2100 2483 2260 2536 latria
2293 2483 2561 2536 habentur
2596 2500 2608 2534 :
2647 2479 2806 2532 Ἀλλὰ
2840 2481 2935 2532 καὶ
2978 2481 3027 2532 οἱ
3060 2481 3373 2551 Χριστιανοὶ
3406 2480 3690 2551 μιμούμε-

2099 2591 2180 2627 νοι
2208 2573 2305 2638 τὰς
2331 2571 2672 2635 κατασκευὰς
2696 2571 2802 2625 τῶν
2823 2573 2988 2636 ναῶν,
3015 2573 3298 2643 μεγίστους
3319 2572 3506 2634 οἴκους
3537 2573 3689 2624 οἱκο-

2098 2665 2372 2738 δομοῦσιν,
2415 2669 2495 2730 είς
2515 2666 2608 2729 οὓς
2628 2665 2899 2730 συνιόντες
2930 2665 3198 2734 εὔχονται,
3222 2664 3313 2717 καί
3343 2682 3424 2716 τοι
3455 2664 3690 2735 μηδενὸς

2100 2758 2395 2823 κωλύοντος
2415 2761 2473 2814 ὲν
2495 2761 2614 2822 ταῖς
2636 2758 2834 2822 οἰκίαις
2860 2758 3017 2811 τοῦτο
3043 2757 3320 2828 πράττειν,
3347 2756 3447 2809 τοῦ
3477 2758 3686 2826 Κυρίου

2097 2852 2336 2924 δηλονότι
2365 2851 2702 2921 πανταχόθεν
2732 2849 3041 2914 ἀκούοντος.
3068 2852 3109 2904 1.
3151 2865 3199 2904 c.
3237 2869 3249 2903 :
3282 2848 3386 2903 Sed
3431 2859 3483 2901 et
3527 2849 3686 2903 Chri-

2098 2945 2260 2998 stiani
2294 2944 2603 3013 templorum
2633 2944 3074 2997 exstruendorunt
3107 2958 3300 2996 morem
3328 2942 3556 3006 imitati,
3593 2943 3686 2995 do-

2100 3056 2210 3092 mos
2244 3039 2504 3092 maximas
2535 3048 2871 3100 construunt,
2917 3038 2969 3091 in
3001 3055 3131 3108 quas
3170 3037 3539 3089 conuenientes
3574 3051 3687 3103 pre-

2099 3141 2310 3196 cantur,
2363 3131 2571 3184 tametsi
2624 3130 2744 3184 illos
2791 3145 2941 3182 nemo
2992 3127 3247 3197 impedit,
3289 3127 3585 3195 quominus
3632 3124 3687 3176 id

423 3212 503 3266 sis
529 3209 972 3267 Pancadensibus
1001 3213 1237 3268 tribuere
1271 3213 1437 3267 velint
1465 3232 1478 3267 :
1505 3213 1558 3268 id
1592 3223 1769 3268 tamen
1804 3223 1997 3284 sponte

2101 3225 2243 3278 domi
2299 3224 2524 3294 faciant,
2558 3223 2667 3276 Deo
2716 3223 2912 3276 scilicet
2956 3221 3144 3291 ubique
3189 3219 3467 3272 audiente.
3502 3218 3682 3271 Enim-

417 3317 491 3356 ex
534 3303 698 3358 allato
721 3303 918 3358 Asterii
954 3305 1263 3360 testimonio
1290 3305 1665 3374 consequitur,
1700 3304 1997 3360 Macarium

425 3403 670 3449 nostrum
721 3404 847 3450 ante
891 3394 1234 3450 Constantini
1279 3395 1350 3448 Μ.
1398 3406 1633 3461 aetatem,
1678 3406 1732 3452 et
1783 3412 1846 3451 ex
1896 3397 2000 3451 ﬁde

423 3485 758 3553 reliquorum
810 3485 1137 3555 scriptorum
1192 3496 1316 3540 ante
1367 3485 1569 3540 Juliani
1620 3495 1864 3557 tempora
1914 3488 1994 3542 vi-

424 3577 592 3638 xisse,
627 3591 866 3646 suosque
915 3577 1081 3631 libros
1129 3577 1543 3646 Ἀποκριτικῶν
1579 3579 1993 3649 conscripsisse.

425 3669 663 3723 lnstituti
709 3669 881 3723 nostri
913 3669 1050 3723 ratio
1083 3669 1225 3723 haud
1258 3671 1522 3740 permittit
1569 3671 1695 3726 huic
1739 3672 1999 3742 disquisi-

423 3760 562 3814 tioni
607 3761 672 3816 de
703 3751 826 3814 vera
859 3761 1066 3830 origine
1101 3763 1439 3818 monumenti
1473 3761 1840 3818 Paneadensis
1875 3765 1996 3818 lon-

423 3854 548 3923 gius
604 3854 908 3917 immorari,
969 3853 1290 3924 singulaque
1345 3863 1597 3910 excutere
1657 3868 1995 3926 argumenta,

423 3946 626 4015 quibus
649 3946 966 4001 Theodorus
994 3944 1239 4011 Hasaens,
1285 3947 1385 4013 vir,
1416 3948 1544 4006 dum
1578 3947 1800 4014 viveret,
1830 3949 1997 4002 πολυ-

428 4039 761 4104 μαθέστατος
791 4039 922 4111 (48),
957 4039 1100 4095 istud
1147 4054 1253 4094 non
1290 4040 1344 4093 in
1387 4041 1708 4096 memoriam
1743 4043 1994 4098 miraculi

426 4146 454 4182 a
488 4131 702 4184 Christo
736 4131 929 4200 patrati
971 4148 1001 4186 a
1036 4132 1262 4186 muliere
1295 4133 1701 4189 hatmnrrhousa
1729 4145 1993 4201 erectum,

427 4225 520 4278 sed
575 4223 642 4276 ab
693 4223 808 4292 ipsa
861 4224 994 4277 urbe
1027 4222 1362 4279 Paneadensi
1388 4225 1629 4280 Adriano
1681 4227 1995 4297 imperatori

427 4325 807 4370 consecratum
845 4314 1032 4383 fuisse,
1066 4332 1282 4372 summo
1308 4318 1485 4372 studio
1512 4319 1995 4376 demonstrandum

427 4405 681 4473 sumpsit.
710 4405 844 4460 Illud
875 4421 1002 4460 vero
1025 4415 1239 4460 constat
1267 4417 1379 4460 tum
1404 4423 1467 4461 ex
1499 4409 1729 4464 laudatis
1754 4411 1992 4480 Macarii,

425 4496 666 4562 Eusebii,
726 4497 942 4562 Asterii,
1002 4497 1180 4552 Photii
1245 4500 1586 4569 aliorumque
1643 4503 1992 4570 testimoniis,

427 4597 541 4641 tum
571 4602 637 4641 ex
688 4589 805 4656 ipso
843 4585 1046 4640 Juliani
1085 4589 1164 4641 vel
1214 4587 1649 4644 Paneadensium
1695 4591 1858 4658 facto,
1891 4594 1996 4648 illis

425 4679 762 4748 temporibus
803 4680 936 4734 satis
966 4679 1202 4749 antiquis
1241 4681 1433 4736 saltem
1466 4698 1531 4735 ex
1583 4685 1861 4738 communi
1893 4686 1994 4738 ho-

425 4771 634 4825 minum
667 4773 922 4841 opinione
952 4782 1186 4827 statuam
1221 4772 1626 4831 Paneadensem
1658 4791 1757 4846 pro
1785 4776 1991 4834 Christi

426 4865 661 4936 imagine
707 4866 944 4920 habitam
973 4867 1141 4922 fuisse
1169 4867 1301 4937 (49).
1336 4865 1406 4921 Ut
1431 4877 1660 4934 taceam,
1695 4871 1785 4922 vix
1820 4871 1996 4923 credi-

426 4955 532 5010 hile
578 4956 767 5020 videri,
800 4956 1080 5012 Iulianum
1130 4959 1511 5029 imperatorem
1565 4962 1834 5030 ejusmodi
1885 4974 1967 5017 sta

427 5057 595 5112 tuam,
634 5063 756 5118 quae
789 5050 980 5104 honori
1020 5052 1278 5121 principis
1329 5065 1436 5107 tam
1486 5053 1582 5123 pii,
1627 5053 1782 5123 justi,
1825 5055 1994 5109 bene-

425 5138 532 5207 tici,
557 5137 686 5194 Elii
711 5141 954 5206 Adriani,
979 5143 1257 5212 splendido
1269 5144 1606 5200 Restitutoris
1630 5146 1807 5216 elogio
1831 5147 1990 5200 toties

493 5300 608 5374 (μ)
637 5301 848 5374 Μικρὸν
877 5304 1028 5374 deest
1055 5307 1194 5374 apud
1227 5307 1498 5363 Photium.

648 5371 874 5446 Rhotius
906 5371 1400 5446 ἀρξαςᾙασιλείας.

638 5441 782 5516 (list.
811 5441 1058 5516 θεοί-ξω).
1097 5441 1190 5510 vit,
1220 5464 1339 5516 cap.
1365 5441 1425 5502 ⁷5.

521 5511 608 5581 Π)
647 5512 786 5568 Hist.
815 5514 940 5566 eccl.
979 5515 1070 5567 lib.
1101 5532 1152 5581 v,
1184 5533 1234 5570 c.
1271 5511 1361 5572 ‘21.

493 5376 514 5648 ἒ

455 5580 612 5666 ε(48).
635 5581 864 5666 Ιιιηιὶὶίξδ.
895 5584 1162 5666 ἀεῖ-ςιαιιιθ
1186 5589 1638 5666 ‘Inemorrhousre,
1674 5607 1795 5660 qua:
1826 5608 1982 5666 repe-

423 5652 910 5790 Li‘ttgqii;egglloge
927 5655 1357 5718 dissertationum
1401 5660 1570 5728 ipsius
1592 5652 1797 5716 Breinaz
1841 5652 1984 5716 edita

465 5758 477 5770 .
507 5734 610 5773 διο
640 5737 696 5773 se
778 5763 790 5775 .

424 5734 460 5788 Ρ
493 5790 609 5870 (ω)
643 5738 933 5870 “ﬁtfit-atem
968 5795 1134 5870 totius
1165 5796 1405 5870 historia:
1434 5803 1861 5870 exgnttstratibns
1889 5803 1983 5856 im-

425 5863 610 5930 primis
653 5863 993 5918 vindicarunt
1017 5866 1354 5922 Chemnitius
1386 5870 1437 5922 in
1475 5868 1731 5924 Examine
1768 5875 1981 5927 concilii

2102 3335 2230 3376 vero
2246 3336 2311 3375 ex
2333 3320 2513 3374 citatis
2532 3319 2818 3389 fragmenti
2844 3317 3022 3372 verbis
3043 3316 3250 3385 liquido
3267 3315 3407 3369 satis
3440 3325 3682 3384 apparet,

2102 3413 2247 3466 hunc
2283 3411 2486 3466 ethnici
2527 3409 2836 3480 philosophi
2865 3422 3168 3464 sermonem
3201 3422 3350 3469 esse,
3379 3407 3479 3475 qui
3513 3411 3682 3476 genti-

2099 3505 2231 3559 lium
2264 3521 2488 3560 suorum
2514 3503 2711 3572 templa
2739 3501 2867 3564 τοὺς
2887 3500 3536 3565 ναοὺς,(3ὴιίειὶοιιοιύιιι
3561 3512 3683 3549 vero

2099 3599 2242 3655 sedes
2272 3614 2460 3654 sacras
2498 3608 2708 3653 tantum
2749 3598 2876 3660 τοὺς
2913 3595 3091 3657 οἴκους
3127 3592 3388 3662 appellat,
3422 3603 3593 3658 atque
3633 3590 3682 3642 in

2101 3692 2203 3746 ista
2248 3692 2655 3761 comparatione
2696 3704 2953 3762 magnum
3007 3687 3185 3741 adhuc
3236 3685 3546 3740 discrimen
3595 3698 3684 3752 per

2099 3785 2461 3839 imitationem
2522 3784 2762 3853 aliquam
2833 3782 3035 3837 sensim
3103 3777 3410 3831 tollendum
3485 3776 3684 3832 conszi-

2099 3876 2221 3929 tnit.
2299 3873 2616 3927 Habuerunt
2706 3871 2853 3925 enim
2933 3867 3230 3923 Christiani
3287 3867 3458 3920 istius
3511 3864 3680 3918 sciatis

2100 3969 2326 4024 omnino
2352 3982 2538 4024 sacras
2566 3981 2696 4021 suas
2727 3965 2890 4029 cedes,
2922 3961 3176 4016 basilicas
3215 3970 3268 4014 et
3311 3961 3521 4028 templa
3564 3973 3679 4022 sua,

2099 4061 2192 4115 sed
2227 4076 2335 4114 non
2365 4073 2517 4113 more
2547 4058 2767 4113 ethnico
2817 4064 3164 4119 consecrata,
3199 4068 3301 4108 nec
3351 4051 3680 4106 sublimibus

2097 4153 2240 4207 elata
2302 4150 2579 4220 fastigiis:
2627 4147 3086 4218 quemadmodum
3137 4147 3320 4200 locum
3373 4144 3678 4200 istiusmodi

2098 4245 2398 4314 publicum,
2453 4242 2765 4296 Alexandro
2802 4240 3006 4294 Severo
3039 4239 3412 4304 concedente,
3460 4253 3491 4290 a
3530 4236 3679 4290 Chri-

2099 4335 2291 4390 stianis
2327 4342 2676 4404 occupatum,
2701 4342 2754 4386 et
2775 4331 2840 4385 ad
2865 4345 3023 4385 sacra
3049 4328 3413 4391 destinatum,
3452 4335 3680 4379 testatur

2098 4424 2444 4494 Lampridius
2480 4425 2534 4477 in
2560 4425 2680 4492 ejus
2706 4422 2827 4477 Vita
2850 4438 2864 4487 ;
2894 4430 2947 4475 et
2975 4419 3235 4489 templum
3261 4415 3678 4470 Niconiedieuse

2099 4518 2152 4570 in
2188 4517 2462 4588 Bithynia,
2495 4516 2640 4586 quod
2671 4515 2826 4568 initio
2848 4511 3246 4583 persecutionis
3271 4526 3300 4563 a
3337 4509 3677 4563 Diocletiano

2032 4581 2074 4636 θ
2099 4610 2346 4664 excitata:
2378 4609 2496 4664 solo
2529 4610 2873 4677 adtequatum
2905 4615 3008 4666 est,
3044 4615 3413 4658 memoratum
3449 4603 3676 4671 legimus

2099 4719 2128 4757 a
2165 4703 2446 4758 Lactantio
2473 4702 2547 4756 De
2574 4701 2830 4755 mortibus
2857 4708 3267 4768 persecutorum,
3293 4712 3420 4764 cap.
3446 4695 3517 4747 li
3549 4693 3673 4762 (50).

2099 4794 2273 4848 Nimis
2316 4807 2445 4864 ergo
2476 4793 2593 4847 leve
2649 4802 2731 4846 est
2782 4790 2925 4855 istud
2961 4798 3382 4859 argumentum,
3413 4786 3566 4856 quod
3612 4800 3674 4838 ex

2097 4886 2540 4942 denominatione
2580 4886 2777 4940 aedium
2821 4897 3099 4937 sacrarum
3149 4895 3179 4933 a
3212 4878 3557 4933 Christianis
3589 4893 3676 4931 cx-

2097 4985 2427 5032 structarum
2461 4974 2530 5028 ad
2563 4973 2989 5027 itnminuendam
3017 4968 3304 5037 scriptoris
3329 4968 3511 5023 nostri
3541 4968 3676 5021 anti-

2095 5070 2357 5138 quitatem
2381 5067 2690 5122 desumitur
2717 5105 2730 5118 .
2762 5065 2962 5135 quippe
2995 5078 3091 5132 per
3121 5060 3308 5123 οἴκους
3334 5075 3449 5113 non
3473 5058 3673 5128 templa

2095 5160 2164 5213 ad
2223 5174 2432 5214 morem
2480 5157 2760 5229 gentilium
2815 5155 3095 5226 splendide
3146 5161 3518 5217 constructa,
3583 5148 3673 5205 sed

2097 5314 2362 5381 Trident.,
2397 5326 2537 5386 part.
2573 5333 2646 5376 iv,
2681 5331 2738 5386 p.
2769 5314 2875 5377 45;
2907 5311 3212 5386 Dorsch_e_u_s
3245 5309 3298 5362 in
3325 5306 3666 5386 Commenta-

2093 5389 2170 5458 rio
2197 5387 2246 5458 in
2274 5379 2504 5458 quatuor
2530 5379 2904 5458 erattgelistas.
2920 5399 2973 5458 p.
3005 5399 3076 5436 In.
3101 5381 3199 5458 Hi7
3223 5395 3407 5458 seqq?
3431 5388 3486 5458 et
3514 5379 3665 5430 Gott-

2091 5456 2159 5510 fr.
2187 5447 2434 5511 Olearius
2463 5458 2517 5510 in
2545 5447 3004 5512 Observationitius
3028 5453 3194 5506 sacris
3239 5453 3298 5506 in
3326 5447 3660 5503 Matt/uetuit.

2131 5565 2144 5579 .
2178 5527 2284 5580 276
2310 5543 2464 5582 sena.

2091 5543 2144 5596 Ρ.
2161 5543 2284 5667 (ζῶ)
2307 5543 2840 5669 Eiqgitetereamalia
2871 5610 3092 5669 sacrarii
3102 5608 3150 5669 ιιι
3177 5591 3379 5669 aedium
3397 5604 3494 5658 per
3515 5586 3662 5669 illa}?!

2088 5655 2298 5722 atatem
2331 5655 2554 5736 vestigia
2581 5709 2595 5730 ,
2650 5667 2873 5722 collecta
2933 5683 2962 5719 a
3013 5655 3576 5736 Tillernontio__'totn..
3603 5655 3663 5708 ιιι

2093 5737 2348 5791 Historiae
2389 5727 2768 5804 imperatorum
2789 5777 2803 5799 ,
2834 5737 2900 5790 de
2928 5734 3308 5806 persecutione
3352 5727 3661 5804 Maximini,

2090 5808 2244 5862 artic.
2270 5808 2323 5867 6.
2353 5817 2405 5862 et
2429 5807 2571 5861 Guil.
2603 5804 2996 5877 Beveregio,_iu
3022 5804 3210 5859 Codice
3242 5815 3507 5854 canonum
3549 5813 3661 5850 asa-

2089 5877 2286 5944 dicato,
2318 5894 2439 5948 pag.
2472 5878 2577 5932 9.96
2605 5894 2755 5948 seqq.
