3888 6496
227 378 366 437 1561

1394 374 1672 431 ΝΟΤΙΤΙΑ
1711 372 1797 426 ΕΤ
1838 369 2286 427 FRAGMENTA.

3334 360 3354 413 l
3365 359 3476 415 362

226 499 526 568 ampliores
574 499 794 562 domus,
838 497 892 552 in
941 498 1143 568 quibus
1179 497 1612 555 Christianorum
1661 511 1793 551 con-
1827 499 1871 555 A
1901 493 1974 547 De
2020 492 2219 561 pallio,
2258 503 2380 557 cap.
2425 487 2499 540 5:
2548 483 2743 536 Tamen
2796 481 2990 550 inquis,
3036 479 3114 531 ita
3160 494 3190 530 a
3240 485 3360 547 toga
3399 482 3466 530 ad

227 599 426 645 ventus
467 589 722 660 precandi
768 604 935 644 causa
981 589 1437 650 instituebantur,
1471 587 1692 656 intelligi
1742 587 1794 638 in

228 683 519 752 propatulo
559 691 662 737 est.
700 679 900 748 Quales
927 682 1040 752 jam
1077 683 1275 736 saeculo
1303 697 1365 734 ιιι
1397 696 1425 732 a
1468 678 1796 734 Christianis

224 789 438 830 erectas
479 774 670 838 fuisse,
715 776 919 844 passim
961 784 1228 830 memorat
1272 774 1562 838 Eusebius,
1595 786 1796 840 easque

225 876 384 922 vocat
417 866 862 940 προσευκτηρεων
897 868 1023 930 τοὺς
1067 867 1248 930 οἴκους
1269 909 1284 931 ,
1332 882 1513 919 sacras
1547 863 1713 930 cedes,
1742 873 1796 918 et

223 956 547 1034 ἐκκλησζας,
595 957 865 1020 ecclesias,
909 957 1035 1012 alibi
1067 974 1194 1012 vero
1235 959 1361 1021 τοὺς
1402 957 1580 1020 οἴκους
1621 958 1678 1009 ἐν
1715 951 1794 1019 οἷς

224 1050 540 1119 συνήγοντο,
574 1049 710 1103 cedes
755 1064 900 1114 suas,
941 1049 994 1100 in
1035 1049 1221 1118 quibus
1262 1056 1538 1101 conventus
1581 1063 1795 1118 perage-

225 1139 373 1207 bant,
405 1155 470 1194 ac
509 1140 725 1194 tandem
760 1140 942 1204 οἴκους
984 1140 1319 1210 ὲκκλησίων,
1363 1139 1500 1194 aedes
1544 1139 1791 1193 ecclesia-

224 1247 346 1284 rum
382 1231 515 1301 (5i).
541 1231 683 1298 Quid
715 1233 858 1301 quod
905 1233 1046 1286 idem
1076 1232 1343 1287 Eusebius
1381 1232 1584 1286 Histor.
1609 1231 1789 1286 eccles.

222 1323 321 1377 lib.
355 1338 452 1390 vn,
503 1339 621 1393 cap.
657 1324 725 1378 50
763 1322 875 1394 (52)
930 1323 1131 1378 diserte
1171 1332 1387 1389 narrat,
1439 1323 1790 1377 Aurelianum

223 1413 608 1482 imperatorem
653 1429 684 1469 a
718 1415 1046 1469 Christianis
1089 1414 1490 1483 interpellatum
1534 1414 1789 1483 jussisse,

223 1515 286 1558 ut
311 1503 513 1561 Paulus
551 1504 942 1562 Samosatenus
972 1505 1261 1560 haereticus
1303 1507 1590 1574 pelleretur
1629 1506 1791 1560 domo

221 1597 465 1653 ecclesia:
490 1638 505 1662 ,
547 1598 648 1668 τῆς
672 1597 970 1670 ἐκκλησίας
1018 1598 1165 1651 οἴκου
1191 1639 1206 1663 ,
1247 1607 1300 1653 et
1340 1599 1455 1653 haec
1495 1597 1689 1654 domus
1723 1601 1792 1654 iis

224 1690 551 1754 traderetur,
587 1690 785 1760 quibus
825 1690 994 1746 Italici
1024 1691 1349 1760 Christiana:
1386 1691 1663 1762 religionis
1695 1709 1793 1748 an~

223 1780 422 1834 tistites
455 1789 508 1835 et
535 1778 810 1835 Romanus
839 1782 1127 1851 episcopus
1157 1782 1478 1837 scriberent.
1518 1780 1573 1836 Id
1607 1791 1788 1837 autem

1900 583 2169 653 pallium?
2205 579 2346 644 Quid
2381 577 2518 631 enim
2548 576 2594 627 si
2621 582 2670 627 et
2698 590 2729 625 a
2759 573 3057 626 diademate
3083 578 3129 622 et
3166 585 3196 622 a
3227 569 3468 636 sceptro?

1903 676 1985 730 An
2027 676 2184 729 aliter
2221 671 2443 726 mutavit
2485 666 2837 729 Anacharsis,
2876 679 2992 716 cum
3039 679 3196 732 regno
3241 660 3467 730 Scythiae

1900 767 2282 840 philosophiam
2311 759 2574 834 prwvertit
2603 760 2626 812 ?
2651 756 2790 823 Quid
2831 756 2976 826 quod
3009 763 3063 810 et
3097 755 3321 824 imperio
3361 752 3470 807 Ro-

1902 875 2065 916 mano
2099 861 2164 914 ad
2193 853 2571 912 monarchiam
2621 849 2875 914 deducto,
2904 847 3179 916 principes
3213 846 3337 915 ipsi,
3372 843 3466 913 qui

1900 954 2065 1010 etiam
2119 951 2478 1020 imperatores
2533 941 2891 1002 dicebantur,
2944 939 3201 1007 quoniam
3256 938 3464 1007 regium

1900 1060 2095 1101 nomen
2118 1041 2306 1096 Romae
2329 1037 2626 1092 infaustum
2649 1033 2992 1102 invisumque
3011 1039 3148 1094 erat,
3170 1044 3466 1100 purpuram

1900 1148 2078 1194 tamen
2110 1151 2209 1206 pro
2238 1132 2436 1202 insigni
2475 1127 2825 1198 imperatorio
2856 1125 3252 1180 servaverunt?
3279 1133 3336 1178 ut
3369 1140 3468 1179 au-

1898 1238 2020 1284 ctor
2070 1235 2152 1281 est
2196 1222 2534 1293 Capitolinus
2578 1219 2634 1272 in
2681 1215 2933 1271 Maximis
2967 1227 3017 1271 et
3067 1216 3120 1270 in
3165 1214 3466 1280 Gordiano,

1898 1334 2106 1374 necnon
2134 1315 2480 1386 Lampridius
2525 1311 2580 1365 in
2627 1309 2870 1364 Historia
2918 1308 3209 1364 Alexandri
3253 1307 3465 1373 Severi,

1897 1427 2018 1480 cap.
2042 1411 2130 1464 51.
2167 1408 2257 1462 Sic
2291 1405 2493 1476 pariter
2525 1401 2865 1458 llerodiauus
2901 1403 2967 1457 de
3008 1401 3268 1457 Gordiani
3306 1400 3465 1454 inauo

1898 1501 2183 1574 guratione
2207 1499 2272 1553 ad
2295 1496 2582 1567 imperium
2609 1494 2824 1550 locutus
2856 1495 2954 1549 lib.
2982 1510 3078 1559 v11,
3112 1508 3232 1563 cap.
3255 1493 3289 1547 5
3327 1492 3464 1563 (55),

1899 1591 2110 1654 scribit,
2161 1588 2536 1643 adolescentes
2561 1628 2575 1652 ,
2607 1585 2809 1653 impetu
2847 1585 2900 1637 in
2946 1583 3089 1639 aedes
3123 1581 3286 1647 facto,
3327 1579 3467 1634 Gor-

1897 1683 2120 1738 dianum
2147 1696 2309 1749 supra
2346 1678 2667 1748 grabbatum
2697 1675 3124 1744 requiescentem
3152 1672 3462 1735 ollendisse,

1899 1773 2370 1840 circumfusosque
2404 1785 2585 1826 senem
2612 1782 2851 1839 purpura
2895 1765 3136 1822 induisse
3165 1773 3327 1834 atque
3353 1763 3464 1816 Au-

221 1874 407 1942 negari
450 1875 651 1942 nequit,
692 1875 789 1944 τῆς
828 1873 1116 1945 ἐκκλησίας
1170 1870 1343 1936 οἶκον,
1403 1882 1457 1927 et
1491 1874 1699 1940 locum,
1736 1875 1781 1928 in

1898 1867 2199 1939 gustalibus
2223 1863 2523 1918 honoribus
2564 1860 2939 1915 consalutasse
2983 1856 3116 1928 (54).
3165 1854 3365 1909 Verum
3411 1863 3467 1908 et

222 1981 335 2036 quo
369 1966 667 2022 Christiani
714 1977 922 2024 veteres
963 1970 1142 2024 cultus
1179 1969 1348 2024 divini
1389 1971 1560 2040 gratia
1587 1985 1789 2026 convc-

224 2057 480 2123 niebant,
525 2067 648 2114 ante
691 2060 1033 2114 Constantini
1060 2060 1238 2129 Magni
1286 2072 1530 2130 tempora
1562 2062 1649 2114 vix
1686 2077 1788 2116 un-

219 2164 386 2218 quam
442 2152 620 2218 templi
669 2152 889 2205 nomine
933 2152 1250 2222 insignitum
1288 2150 1487 2217 fuisse;
1521 2153 1597 2208 uti
1645 2163 1789 2209 recte

201 2241 474 2298 .observat
499 2241 627 2296 Dav.
654 2242 966 2298 Blondellus
991 2242 1064 2297 De
1084 2244 1338 2313 episcopis
1376 2256 1424 2297 et
1451 2244 1785 2314 presbyteris,

218 2342 354 2387 sect.
387 2349 466 2397 ιιι,
504 2350 606 2404 pag
655 2335 762 2389 254
790 2350 908 2405 seq.

324 2459 352 2533 ᾖ
386 2461 500 2517 XII.
541 2462 596 2516 2°
629 2463 670 2517 Α
704 2464 1056 2534 descriptione
1085 2467 1341 2536 regiorum
1374 2468 1678 2538 insignium.

288 2594 462 2653 Aliam
493 2596 857 2652 difﬁcultatem
886 2606 1070 2653 movet
1093 2597 1474 2655 Tillemontius
1498 2615 1563 2655 ex
1591 2617 1788 2655 sermo-

213 2686 372 2741 nibus
409 2686 632 2742 Macarii
662 2689 926 2760 Magnetis
961 2693 1016 2743 in
1061 2690 1304 2757 Genesin,
1337 2692 1390 2746 in
1435 2694 1634 2761 quibus
1676 2695 1789 2762 pri-

214 2795 368 2833 mum
413 2781 685 2836 hominem
739 2782 807 2836 ad
848 2783 1141 2853 imaginem
1197 2783 1288 2839 Dei
1342 2795 1584 2840 creatum
1637 2788 1783 2858 regia

213 2871 384 2924 veluti
427 2870 686 2941 dignitate
725 2873 1081 2943 conspicuum
1118 2875 1433 2943 introducit,
1477 2877 1785 2948 ibidemque

213 2974 490 3028 purpurae,
530 2962 876 3027 diadematis,
919 2971 1084 3033 atque
1127 2965 1324 3033 sceptri
1361 2975 1612 3019 ornatum
1647 2966 1786 3035 regi-

215 3049 320 3104 bus
363 3052 616 3106 attribuit
647 3062 878 3108 auctor:
926 3069 1048 3122 quae
1092 3063 1271 3109 tamen
1318 3053 1581 3110 Romanis
1615 3055 1788 3124 impe-

215 3143 494 3198 ratoribus
527 3145 614 3199 vix
647 3153 774 3200 ante
803 3145 986 3200 saculi
1029 3162 1078 3198 ιν
1111 3155 1323 3200 :etatem
1361 3146 1414 3199 in
1449 3163 1548 3202 usu
1587 3145 1782 3210 fuisse,

210 3241 458 3288 veterum
503 3237 828 3306 scriptorum
862 3246 1212 3292 monumenta
1248 3245 1531 3293 testantur.
1577 3237 1782 3293 Audia-
1813 3210 1853 3266 Ο

210 3340 339 3380 mus
370 3325 485 3394 ipsa
522 3324 853 3383 Tillemontii
885 3329 1082 3384 verba:
1122 3327 1172 3382 Il
1201 3344 1233 3397 y
1264 3331 1553 3397 représente
1577 3329 1624 3382 le
1657 3345 1780 3398 pre-

212 3414 348 3466 mier
373 3415 576 3470 homme
616 3433 813 3471 comme
847 3434 917 3470 un
964 3418 1079 3484 rei,
1121 3418 1344 3487 quoique
1383 3434 1443 3471 sa
1476 3421 1694 3487 royauté
1718 3436 1782 3472 ne

211 3505 297 3574 [tit
319 3507 464 3574 point
505 3510 746 3577 marquée
778 3526 876 3578 par
900 3508 953 3562 la
977 3525 1221 3578 pourpre,
1249 3525 1347 3578 par
1372 3508 1418 3561 le
1440 3509 1697 3576 diadénte,
1725 3513 1781 3564 ni

207 3613 312 3666 par
347 3597 393 3650 le
432 3607 647 3668 sceptre.
697 3597 952 3654 C’étaient
999 3600 1131 3653 donc
1177 3599 1230 3652 ιὰ
1270 3600 1334 3653 de
1368 3617 1461 3654 son
1507 3609 1666 3671 temps
1709 3601 1781 3654 les

210 3704 454 3759 marques
491 3690 553 3744 de
596 3690 648 3744 la
684 3695 920 3762 royauté.
948 3691 1016 3745 Et
1054 3693 1270 3763 puisque
1304 3709 1432 3747 nous
1477 3711 1539 3748 ne
1588 3711 1780 3764 voyons

207 3775 358 3843 point
385 3792 482 3844 que
504 3775 576 3829 les
602 3794 895 3847 empereurs
922 3781 1154 3834 romains
1177 3797 1230 3834 se
1251 3783 1524 3836 servissent
1548 3799 1779 3838 commu-

209 3866 421 3918 nément
457 3867 528 3920 du
560 3868 798 3923 diadéme
837 3886 936 3940 que
977 3871 1159 3940 depuis
1214 3870 1536 3938 Dioclétien,
1577 3892 1644 3928 ou
1681 3892 1781 3944 peu

210 3968 373 4011 arant
406 3958 482 4013 lui
507 3976 525 4014 :
554 3978 608 4015 ce
640 3971 760 4031 peut
783 3962 890 4016 étre
915 3979 1014 4016 une
1040 3980 1225 4032 preuve
1251 3980 1348 4034 que
1369 3975 1446 4018 cet
1473 3976 1661 4019 auteur
1695 3968 1780 4021 n’a

208 4047 359 4119 point
391 4052 518 4105 écrit
544 4062 700 4105 avant
745 4069 800 4106 ce
829 4055 1099 4124 temps-la.
1137 4055 1276 4110 Mais
1312 4055 1368 4126 je
1393 4073 1456 4111 ne
1485 4058 1592 4110 vois
1634 4059 1780 4128 point

207 4158 312 4211 que
337 4142 391 4194 ni
417 4142 559 4197 alors
589 4144 642 4197 ni
663 4144 950 4214 longtemps
976 4145 1180 4216 depuis,
1205 4164 1269 4201 on
1290 4146 1436 4217 parte
1459 4149 1520 4202 de
1542 4160 1739 4218 sceptre
1760 4164 1779 4201 :

207 4245 257 4285 et
285 4231 519 4287 Macaire
541 4245 663 4303 peut
686 4237 832 4290 avoir
858 4236 1010 4290 voulu
1038 4254 1284 4308 marquer
1300 4256 1358 4293 re
1379 4241 1469 4309 qui
1494 4256 1546 4293 se
1572 4240 1778 4309 faisait,

204 4325 314 4377 soit
337 4327 509 4392 panni
535 4326 606 4379 les
630 4326 905 4391 Romains,
930 4329 1032 4382 soit
1059 4332 1231 4398 parmi
1252 4329 1328 4387 les
1349 4344 1525 4385 autres
1549 4333 1776 4402 peuples.

203 4414 406 4480 Liquet
431 4434 496 4472 ex
523 4417 605 4474 his
633 4419 832 4479 verbis.
866 4421 1290 4492 rectissimejam
1316 4433 1428 4476 tum
1460 4423 1586 4478 huic
1611 4423 1778 4478 dubio

204 4508 550 4564 satisfecisse
595 4511 774 4580 ipsum
823 4509 1262 4580 Tillemontium,
1305 4529 1429 4568 cum
1477 4513 1774 4570 Macarium

202 4614 320 4654 non
350 4600 415 4654 ad
454 4600 823 4657 Romanorum
859 4612 1088 4667 tantum,
1121 4605 1214 4659 sed
1247 4615 1299 4661 et
1331 4607 1561 4660 aliorum
1603 4623 1776 4677 popu-

199 4689 386 4742 lorum
413 4691 715 4759 respexisse
737 4706 940 4744 morem
972 4692 1265 4760 existimat,
1287 4695 1486 4764 quibus
1509 4711 1771 4766 purpura.

201 4781 487 4836 diadema
525 4792 688 4851 atque
739 4791 1012 4852 sceptrum
1076 4784 1218 4838 inter
1279 4786 1550 4856 praecipua
1613 4789 1770 4858 regiae

200 4873 486 4941 dignitatis
511 4876 938 4931 numerabantur
973 4875 1226 4946 insignia.
1258 4876 1382 4932 Pari
1419 4880 1581 4934 modo
1607 4881 1770 4935 etiam

201 4961 628 5029 Tertullianum,
660 4966 977 5035 scriptorem
1007 4967 1187 5020 saeculi
1209 4983 1268 5034 ιι,
1297 4968 1410 5039 jam
1443 4978 1555 5023 tum
1588 4970 1769 5025 diade-

200 5054 371 5109 matis
404 5065 568 5126 atque
601 5058 797 5126 sceptri
826 5056 958 5128 regii
987 5059 1301 5114 meminisse
1328 5060 1557 5133 legimus
1583 5062 1638 5115 in
1672 5061 1766 5118 lib.

273 5214 568 5292 (5Al‘)_Vid._
594 5215 995 5292 Eu_seb.,Hist._
1014 5219 1152 5292 _eccl.
1181 5219 1286 5292 lib.
1318 5237 1440 5292 vi",
1471 5237 1592 5292 cap.
1622 5223 1676 5288 2,
1711 5241 1763 5291 p.

194 5301 292 5372 In:
313 5286 437 5372 225,
469 5286 625 5372 Qui.“
649 5287 781 5342 Ibid.
814 5304 932 5358 cap.
976 5289 1074 5354 17,
1105 5306 1160 5361 p.
1191 5291 1315 5346 516.
1361 5286 1494 5347 Ibid.
1539 5286 1633 5349 lib.
1665 5286 1768 5363 rx,

193 5355 409 5496 “lissi
425 5372 492 5496 ιβξ
521 5356 752 5484 216.2282.

199 5493 489 5630 wﬁipst’.
519 5511 594 5551 ω.
642 5497 742 5554 501
795 5515 909 5571 seq.
955 5501 1086 5557 edit.
1133 5500 1487 5560 Bcecleriante
1539 5503 1760 5574 Argent.

272 5636 387 5711 (figi)
428 5636 592 5711 Plura
655 5639 902 5711 exempla
973 5640 1081 5696 huc
1140 5641 1389 5697 facientia
1455 5643 1763 5711 suppeditat

198 5705 409 5781 )Voll'g.
431 5705 712 5781 Laziusjn
741 5705 1094 5781 Cojnmentar.
1122 5715 1184 5765 de
1211 5713 1478 5781 republica
1502 5705 1761 5776 Romana,

196 5777 296 5853 lib.
348 5793 399 5829 Ix
424 5793 590 5853 ,“cap.
633 5779 907 5853 2,p..755
946 5795 1100 5853 seqq.
1146 5777 1290 5853 Idem
1332 5798 1550 5853 quoque
1592 5782 1763 5836 Ilero-

203 5846 407 5903 dianus
443 5847 533 5902 lib.
570 5862 643 5917 vt,
676 5846 733 5905 c.‘
763 5847 816 5918 8,
847 5852 913 5905 de
945 5846 1222 5908 Maiimini
1253 5846 1514 5910 electione
1556 5855 1758 5908 refert:

1895 1959 2164 2021 diadema,
2199 1956 2345 2024 quod
2377 1953 2575 2008 Suidas
2601 1953 2662 2005 τὸ
2698 1950 2971 2023 βασιλικὸν
2999 1947 3201 2019 ἔνδυμα
3221 1988 3235 2012 ,
3269 1956 3323 2000 et
3354 1945 3462 2000 Ile-

1895 2049 2117 2120 sychius
2150 2045 2366 2115 στέμμα
2399 2042 2662 2114 βασιλέως
2706 2043 3148 2112 interpretantur,
3196 2039 3337 2094 inter
3377 2055 3440 2092 or

1893 2150 2146 2196 nan'ienta
2184 2138 2485 2208 imperialia
2524 2147 2686 2207 atque
2732 2138 2877 2208 regia
2923 2136 3280 2206 plurimarum
3329 2147 3461 2202 gen—

1889 2233 2024 2285 tium
2071 2231 2194 2285 inde
2240 2230 2308 2282 ab
2342 2227 2742 2298 antiquissimis
2784 2227 3115 2296 temporibus
3160 2223 3471 2278 adhibitum-

1891 2325 2081 2389 fuisse,
2121 2321 2269 2378 omni
2317 2321 2486 2375 dubio
2530 2329 2709 2374 vacat.
2747 2318 2954 2389 Duplici
2985 2318 3128 2372 enim
3154 2316 3464 2371 diademate

1888 2415 2220 2469 Artabanum
2251 2411 2578 2466 Parthorum
2614 2426 2788 2480 regem
2818 2425 2973 2463 usum
3010 2407 3177 2463 fuisse
3198 2416 3466 2462 memorat

1888 2505 2229 2560 Ilerodianus
2283 2502 2489 2556 Ilistor.
2531 2501 2626 2556 lib.
2671 2517 2757 2566 γι,
2785 2515 2903 2569 cap.
2963 2499 3032 2563 2,
3079 2516 3133 2570 p.
3187 2515 3261 2553 m.
3312 2498 3461 2563 2551';

1888 2591 2348 2664 quemadmodum
2376 2589 2511 2644 etin
2565 2589 2736 2644 sacris
2769 2588 2978 2656 paginis
3024 2590 3162 2644 inter
3208 2598 3462 2643 ornatum

1889 2683 2200 2738 Mardcchai
2231 2681 2438 2750 regium
2475 2678 2710 2749 διάδημα
2740 2678 2986 2748 βύσσινον
3029 2679 3340 2752 πορφυροῦν
3375 2695 3466 2733 re-

1893 2778 2060 2830 latum
2091 2775 2324 2845 legimus
2359 2771 2574 2826 Esther.
2611 2787 2729 2833 vin,
2767 2771 2850 2824 l5.
2880 2770 3142 2842 Equidem
3175 2772 3227 2826 in
3260 2770 3466 2826 Ruina-

1890 2883 2083 2922 norum
2118 2869 2516 2934 monumentis,
2562 2867 2953 2936 speciatimque
2999 2864 3287 2917 Ammiano
3320 2862 3462 2916 Mar—

1888 2962 2115 3026 cellino,
2152 2975 2259 3014 non
2311 2961 2430 3016 sine
2502 2960 2735 3031 graviori
2771 2973 2936 3013 causa
2985 2956 3306 3012 adnotatum
3355 2964 3460 3020 est,

1888 3053 2104 3106 invidiae
2149 3049 2407 3122 Pompeio
2444 3052 2627 3105 datum
2673 3050 2842 3105 fuisse
2885 3049 2953 3102 ab
2983 3046 3458 3106 obtrectatoribus,

1890 3145 2033 3215 quod
2087 3143 2256 3199 fascia
2305 3144 2598 3214 obligatum
2651 3158 2779 3198 crus
2834 3139 3211 3196 circumferret
3259 3137 3462 3192 ulceris

1891 3252 2076 3303 causa,
2117 3237 2278 3290 veluti
2315 3251 2493 3289 rerum
2527 3249 2788 3289 novarum
2833 3231 3195 3287 all‘ectationis
3225 3231 3276 3284 id
3319 3229 3462 3283 foret

1891 3325 2158 3395 przesagio
2197 3323 2334 3394 (55).
2379 3323 2580 3377 Julium
2633 3323 2900 3378 Cmsarem
2945 3323 3109 3376 etiam
3158 3320 3262 3374 hoc
3307 3319 3460 3389 regni

1891 3416 2103 3484 insigne
2139 3416 2481 3485 arrogantius
2525 3415 2841 3478 adectasse,
2893 3425 2948 3469 et
2997 3428 3121 3469 cum
3173 3412 3393 3485 quidam
3429 3427 3459 3466 e

1891 3507 2049 3562 turba
2107 3515 2302 3562 statua:
2351 3506 2521 3576 ipsius
2594 3520 2854 3560 coronam
2913 3506 3155 3560 lauream
3227 3504 3456 3560 candida

1891 3598 2056 3654 fascia
2134 3599 2467 3668 praeligatum
2529 3598 2924 3668 imposuisset,
2987 3597 3236 3652 tribunos
3288 3596 3462 3666 plebis

1889 3691 2100 3746 detrahi
2133 3706 2350 3746 corona:
2387 3689 2636 3756 fasciam,
2675 3699 2728 3745 et
2754 3690 2880 3745 duci
2923 3691 2978 3745 in
3021 3690 3238 3745 vincula
3282 3689 3460 3760 homi-

1890 3798 2014 3836 nem
2056 3783 2328 3852 jussisse,
2372 3783 2520 3838 testis
2553 3792 2638 3838 est
2689 3782 2984 3838 Suetonius
3035 3781 3088 3836 in
3143 3782 3263 3852 ejus
3311 3781 3457 3848 Vita,

1890 3888 2009 3942 cap.
2046 3872 2132 3928 79.
2171 3871 2281 3928 Nec
2314 3874 2544 3929 multum
2576 3873 2780 3940 abfuit,
2814 3873 2946 3945 quin
2973 3873 3279 3927 diademate
3325 3889 3460 3928 usus

1887 3972 2032 4018 esset
2092 3962 2376 4034 Caligula,
2426 3965 2771 4034 speciemque
2818 3964 3154 4034 principatus
3198 3963 3253 4017 in
3303 3965 3457 4033 regni

1889 4055 2121 4110 formam
2160 4057 2540 4123 convertisset,
2588 4056 2694 4111 nisi
2735 4056 3062 4125 prudentum
3099 4054 3154 4107 in
3198 4053 3320 4108 aula
3351 4052 3458 4108 Ro-

1889 4163 2051 4202 mana
2080 4148 2220 4202 ratio
2250 4148 2564 4217 imperatori
2591 4148 2705 4201 haec
2737 4147 2969 4217 insignia
3003 4145 3149 4212 regia
3185 4145 3458 4200 affectanti

1891 4239 2272 4308 suggessisset,
2306 4254 2427 4293 eum
2459 4247 2506 4292 et
2538 4237 2842 4308 principum
2869 4248 2922 4292 et
2944 4254 3129 4308 regum
3159 4237 3459 4292 excessisse

1890 4330 2167 4402 fastigium
2213 4331 2344 4404 (56).
2393 4330 2651 4398 Quamvis
2712 4332 2912 4404 igitur,
2965 4341 3248 4402 propterea
3310 4333 3458 4402 quod

1891 4424 2098 4494 regium
2135 4439 2363 4490 nomen,
2399 4437 2462 4478 ac
2503 4421 2731 4492 proinde
2761 4425 3045 4492 pr0prium
3098 4438 3286 4493 regum
3334 4424 3458 4482 insi-

1889 4533 2030 4587 gne,
2065 4526 2446 4572 aversarentur
2497 4511 2765 4579 Romani,
2799 4516 3106 4570 diademate
3163 4523 3458 4568 caruerunt

1887 4622 1983 4676 per
2014 4606 2220 4677 aliquot
2253 4606 2448 4662 saecula
2492 4620 2682 4660 eorum
2726 4605 3112 4674 imperatores,
3152 4613 3246 4658 aut
3293 4604 3457 4656 raris-

1884 4699 2021 4752 sime
2064 4713 2132 4753 eo
2177 4699 2262 4752 usi
2300 4698 2522 4751 fuerunt
2563 4714 2576 4748 :
2629 4696 2802 4749 nihilo
2851 4705 3030 4750 tamen
3075 4695 3258 4750 minus
3309 4695 3456 4750 istud

1881 4789 2206 4844 diadematis
2243 4804 2450 4858 genus,
2498 4787 2644 4856 quod
2698 4786 2939 4841 lauream
2982 4787 3146 4841 modo
3189 4801 3452 4840 coronam

1883 4880 2052 4937 fascia
2086 4880 2315 4935 candida
2354 4879 2684 4949 prteligatam
2716 4877 2919 4944 refert,
2961 4878 3125 4932 etiam
3167 4878 3223 4932 in
3261 4878 3441 4932 numi-

1883 4971 2152 5026 smatibus
2177 4969 2450 5024 veteribus
2469 4968 2840 5038 Augustorum
2883 4969 3193 5039 incipientis
3238 4969 3450 5038 imperii

1882 5061 2209 5132 quandoque
2253 5059 2559 5114 adhibitum
2605 5059 2974 5127 conspicimus
3022 5058 3158 5128 (57).
3200 5056 3353 5114 Unde
3395 5067 3448 5112 et

1876 5222 2172 5308 Hoptgtipav
2201 5221 2545 5286 ἐπιϐαλόντες
2581 5221 2882 5294 βασιλικὴν,
2910 5222 3287 5295 αὐτοκράτορα
3314 5223 3457 5291 ἀναο,

1875 5310 2214 5362 γορευουσιν.

1945 5311 2619 5432 ῗέἕῖυδοᾮῐ.ΡιυιεινοΙιυε
2647 5364 2700 5418 in
2725 5363 2844 5416 Vita
2876 5363 2973 5417 Cn.
3006 5362 3271 5431 Pompeii.

1969 5431 2058 5502 56)
2100 5432 2236 5503 Vid._
2258 5431 2547 5489 Suetonius
2583 5434 2636 5503 in
2667 5432 2786 5486 Vita
2805 5433 3083 5503 Caligulae,
3104 5449 3223 5500 cap.
3247 5433 3336 5486 22.

1969 5437 2058 5502 56)
2103 5437 2219 5487 Vid.
2258 5437 2547 5489 Suetonius
2583 5437 2636 5486 in
2668 5437 2786 5486 Vita
2805 5437 3083 5503 Caligulae,
3104 5449 3223 5500 cap.
3247 5437 3336 5486 22.

1944 5437 2057 5572 l5?)
2098 5501 2256 5556 Conf.
2312 5503 2537 5556 Antonii
2582 5502 2872 5572 Augustini
2936 5504 3287 5572 Antiquitates
3334 5500 3446 5556 Ro-

1872 5589 2064 5636 manae,
2093 5587 2158 5626 ex
2187 5573 2425 5626 nummis
2482 5582 2744 5634 veterum,
2789 5573 3002 5641 dialogo
3031 5573 3084 5636 b',
3132 5589 3185 5641 p.
3221 5590 3294 5627 ιιι.
3330 5573 3391 5626 8t
3427 5591 3440 5625 :

1873 5643 2298 5697 Christianorum
2348 5659 2466 5696 vero
2515 5644 2891 5711 imperatorum
2941 5659 3069 5707 wvo,
3109 5645 3246 5712 quod
3292 5643 3443 5696 lauro

1871 5713 2114 5766 coronari
2144 5712 2370 5776 nollent,
2412 5721 2467 5764 ut
2503 5713 2736 5766 solebant
2771 5714 3001 5779 Augusti
3033 5723 3154 5766 ante
3183 5713 3444 5767 Constan-

1873 5785 1968 5834 tini
1997 5783 2224 5835 Cazsaris
2280 5793 2513 5854 tempora
2535 5824 2550 5854 ,
2576 5784 2742 5854 seria
2777 5782 2876 5854 tali
2910 5785 3039 5835 vitta
3079 5785 3438 5854 cingebantur,

1871 5854 2028 5906 rariis
2058 5855 2271 5922 gemmis
2304 5869 2364 5905 ac
2395 5853 2659 5921 lapidibus
2689 5853 2972 5918 distinctu;
3003 5863 3105 5908 ctc.
