3888 6520
451 381 589 437 i565

1743 384 2092 442 MACARIUS
2131 386 2428 443 MAGNES.

3564 383 3711 441 1364

450 500 706 557 ιιοτειιίιε
756 501 873 572 ipso
914 517 1027 558 :evo
1060 503 1289 574 Augusti
1337 503 1465 557 illud
1513 505 1759 559 diadema
1812 506 2017 575 regium
2049 516 2095 567 Α
2196 507 2222 577 §
2263 505 2399 561 Xlll.
2444 505 2498 558 5°
2536 503 2577 557 Α
2609 505 2818 560 silentio
2855 505 3067 560 Eusebii
3109 516 3266 576 atque
3292 502 3669 576 Hieronymi.'

355 620 363 634 -
449 594 552 650 hoc
581 595 742 649 modo
769 595 1027 650 describit
1059 595 1241 651 Carm.
1273 597 1364 651 lib.
1403 613 1461 659 ιι,
1494 597 1582 652 od.
1613 597 1683 652 Εἰς

692 747 926 817 Regnum
955 759 1002 803 et
1039 751 1283 804 diadema
1318 714 1488 805 tut’um

688 818 940 887 Deferens
968 822 1080 885 uni,
1109 824 1479 892 propriamque
1503 823 1733 876 laurum.

443 949 740 1006 luclinante
767 961 946 1008 autem
975 954 1188 1024 imperii
1219 963 1375 1011 aetate
1395 955 1750 1010 Aurelianum
1780 956 2013 1025 primum

440 1043 659 1112 publico
699 1060 762 1099 ac
801 1047 1033 1101 solemni
1061 1062 1212 1102 more
1243 1048 1347 1102 hoc
1379 1048 1686 1104 diademate
1716 1048 1900 1104 fuisse
1921 1063 2013 1100 or-

441 1147 666 1200 natum,
727 1139 973 1192 meminit
1038 1139 1289 1195 Aurelius
1340 1139 1525 1196 Victor
1573 1142 1626 1196 in
1668 1143 1838 1212 ipsius
1870 1143 2013 1210 Vita,

441 1242 562 1296 cap.
588 1227 674 1283 35.
707 1227 968 1294 Quamvis
1018 1230 1324 1287 Joinandes
1349 1233 1484 1304 ('58),
1533 1234 1809 1303 publicum
1849 1236 2012 1290 istum

443 1335 600 1373 usum
633 1320 970 1377 Diocletiano
1005 1324 1240 1392 primum
1288 1326 1568 1379 attribuat.
1603 1326 1843 1397 Denique
1884 1329 2012 1383 dum

441 1413 640 1480 sceptri
703 1428 862 1467 usum
926 1415 1136 1484 regium
1188 1417 1360 1470 multo
1415 1419 1595 1473 adhuc
1656 1421 2012 1474 recentiorem

439 1501 759 1557 Diocletiani
808 1519 923 1559 aevo
978 1507 1118 1560 inter
1193 1507 1469 1564 Romanos
1538 1509 1707 1564 fuisse
1767 1520 2015 1566 autumat

442 1593 846 1662 Tillemontius,
885 1599 936 1651 in
985 1615 1050 1653 eo
1081 1601 1222 1655 haud
1265 1617 1457 1670 parum
1502 1601 1617 1656 falli
1660 1603 1875 1658 videtur
1931 1606 2014 1658 vir

439 1689 789 1745 doctissimus
825 1700 878 1745 et
927 1691 981 1744 in
1032 1692 1386 1747 historiarum
1431 1695 1628 1748 veteris
1668 1695 1768 1748 aevi
1812 1711 2012 1749 monu-

440 1782 639 1836 mentis
668 1783 802 1836 alias
829 1785 1254 1838 versatissimus.
1295 1785 1368 1839 De
1392 1784 1764 1840 Romanorum
1796 1788 2014 1858 regibus

2201 665 2445 735 Magnam
2501 663 2730 717 fortasse
2777 663 3011 732 speciem
3067 665 3267 726 habet,
3321 663 3470 732 quod
3529 664 3706 720 adhuc

2127 758 2426 828 ohjicitur,
2475 772 2650 826 neque
2680 757 2995 818 Eusebium,
3037 756 3522 826 diligentissimum
3574 757 3708 810 srri-

2125 861 2341 920 plorum
2389 865 2501 904 sua:
2549 849 2722 903 zetatis
2767 849 3205 917 investigatorem
3232 889 3248 913 ,
3295 863 3478 917 neque
3515 845 3708 901 Hiero-

2126 958 2349 1013 nymum
2400 942 2453 995 in
2497 939 2751 1011 Catalogo
2805 941 3121 1009 scriptorum
3185 941 3702 1006 ecclesiasticarum,

2126 1033 2431 1104 reliquosve
2463 1034 2626 1102 hujus
2661 1035 2874 1103 generis
2914 1033 3229 1102 scriptores,
3264 1033 3435 1086 ultam
3463 1048 3703 1100 unquam

2127 1125 2352 1181 Macarii
2407 1125 2669 1196 Magnetis
2728 1125 2920 1180 fecisse
2972 1125 3325 1189 mentionem,
3375 1126 3476 1179 sed
3541 1126 3703 1178 altum

2129 1219 2333 1288 ubique
2363 1218 2508 1272 illius
2539 1218 2765 1287 reperiri
2795 1217 3094 1271 silentium.
3119 1215 3498 1285 Praeterquam
3528 1227 3704 1270 autem

2123 1311 2267 1378 quod
2318 1325 2425 1364 non
2477 1311 2660 1363 omnia
2689 1311 2884 1364 veteris
2919 1308 3174 1364 Ecclesie
3222 1317 3592 1363 monumenta
3635 1306 3704 1361 ad

2126 1402 2343 1456 Eusebii
2410 1410 2465 1456 ct
2525 1400 2838 1471 Hieronymi
2885 1417 3082 1456 manus
3125 1409 3538 1470 pervenerunt,
3594 1410 3702 1452 tum

2125 1496 2332 1549 multos
2362 1495 2499 1550 alios
2528 1509 2745 1563 quoque
2780 1494 3072 1562 scriptores
3106 1494 3301 1562 prisca:
3336 1494 3524 1546 atatis
3561 1491 3707 1546 ﬁdei-

2123 1603 2230 1656 que
2274 1587 2497 1640 minime
2536 1585 2734 1649 dubiae,
2769 1600 2819 1640 e.
2874 1600 2924 1638 c.
2977 1583 3328 1656 Hymenaeum
3361 1593 3419 1638 et
3462 1583 3705 1636 Athena-

2122 1693 2332 1750 goram,
2350 1678 2564 1733 silentio
2587 1678 2655 1732 ab
2684 1677 2874 1732 iisdem
2896 1676 3287 1746 prmtermissos
3311 1690 3457 1740 esse,
3482 1674 3707 1729 cuilitet

2123 1771 2434 1826 accuratius
2454 1771 2646 1840 legenti
2665 1769 3233 1839 patebit.Quapropter
3247 1777 3299 1822 et
3313 1767 3705 1833 Bellarminus,

439 1888 500 1926 ex
551 1871 788 1946 Dionysii
827 1873 1326 1931 l-lalicarnassensis
1376 1877 1486 1948 (59)
1533 1879 1846 1934 testimonio
1884 1896 2015 1935 con-

2127 1863 2200 1917 De
2231 1862 2574 1932 scriptoribus
2613 1862 3014 1925 ecclesiasticis,
3051 1860 3117 1914 ad
3153 1860 3568 1930 Athenagoram
3615 1860 3707 1912 ob-

440 1974 567 2030 stat,
613 1966 756 2036 quod
793 1965 1124 2036 Tarquinius
1155 1969 1479 2024 transmissa
1514 1971 1617 2026 sibi
1662 1971 1729 2026 ab
1769 1971 2014 2028 Etruscis

441 2055 670 2126 insignia
710 2056 877 2126 regia,
915 2073 1177 2112 coronam
1219 2059 1340 2115 scil.
1375 2074 1622 2122 auream,
1655 2069 1708 2114 et
1737 2069 2013 2130 sceptrum

437 2146 736 2202 eburneum
789 2149 841 2202 in
889 2151 1202 2204 summitate
1232 2153 1472 2221 aquilam
1526 2153 1768 2216 habens,
1812 2155 2015 2224 pariter

437 2244 600 2306 atque
631 2239 804 2308 ipsius
831 2257 1198 2308 successores,
1229 2252 1442 2313 gestare
1475 2245 1885 2300 consueverint.
1921 2245 2015 2300 Sic

359 2321 364 2326 ’
436 2330 599 2384 etiam
645 2333 710 2386 de
769 2335 972 2403 populo
1030 2336 1277 2392 Romano
1325 2338 1466 2392 idem
1517 2339 1747 2408 scriptor
1793 2339 2016 2394 insimul

437 2423 719 2478 memoriae
767 2425 1031 2493 prodidit,
1077 2428 1224 2497 quod
1276 2437 1589 2484 exter-orum
1629 2446 1818 2502 regum
1862 2442 2014 2501 pote-

437 2522 632 2568 statem
667 2516 1080 2584 conﬁrmaturi,
1128 2528 1342 2589 sceptra
1389 2530 1442 2576 et
1475 2521 1782 2577 diademata
1823 2524 2014 2578 iisdem

437 2606 690 2672 mittere,
723 2608 777 2662 in
823 2625 974 2665 more
1020 2612 1332 2667 habuerint.
1366 2613 1584 2668 Scilicet
1616 2625 1877 2685 potestas,
1906 2615 2017 2671 for-

436 2709 592 2763 tuna,
629 2712 683 2754 et
712 2701 951 2756 ellicacia
1005 2705 1238 2772 auspicii
1285 2706 1615 2776 consiliique
1649 2707 1805 2776 regii,
1842 2723 1870 2761 ει
1908 2708 2017 2764 Deo

438 2792 719 2862 profecta,
768 2797 967 2864 sceptri
1032 2797 1280 2867 symbolo
1334 2798 1522 2852 debuit
1577 2799 1752 2854 notari
1803 2819 1816 2856 :
1861 2800 2017 2870 cujus

439 2894 702 2956 tanquam
767 2888 899 2958 regii
943 2890 1250 2944 ornamenti
1305 2905 1414 2944 non
1475 2891 1659 2946 minus
1724 2893 2019 2948 meminere

441 2979 738 3050 scriptores
791 2996 960 3035 aureo
1014 2981 1242 3050 Augusti
1287 2998 1403 3037 ωηο
1435 2984 1698 3039 celebres.
1752 2984 1828 3042 lta
1872 2987 2017 3040 enim

440 3067 582 3123 inter
624 3067 846 3134 Priami,
885 3070 1248 3141 Trojanorum
1293 3072 1458 3144 regis,
1504 3073 1769 3142 insignia,
1820 3075 2020 3146 quibus

440 3160 744 3219 instructus
787 3163 911 3232 jura
964 3165 1172 3220 vocatis
1221 3163 1387 3219 dabat
1441 3165 1693 3236 populis,
1744 3176 2016 3239 sceptrum

441 3269 526 3330 pan
544 3255 646 3309 iter
672 3255 930 3328 Virgilius
962 3258 1076 3328 (60)
1104 3269 1388 3314 enumerat
1413 3277 1425 3312 :

478 3391 595 3463 I_I_oc
621 3391 828 3446 Priami
855 3403 1119 3462 gestamen
1150 3405 1284 3460 erat,
1320 3411 1436 3447 cum
1453 3395 1581 3463 jura
1613 3399 1806 3463 uocatis

477 3459 627 3536 ore
651 3469 799 3517 duret
831 3459 1061 3536 populis,
1091 3459 1469 3534 sceptrumque,
1491 3459 1943 3536 sacerquetiaras,

479 3530 1015 3603 Iliadumque—labor,
1053 3530 1329 3590 πεώδη...

444 3689 510 3745 Et
541 3692 673 3762 quid
727 3694 900 3766 magis
945 3693 1272 3749 confirmant
1320 3697 1529 3750 nummi
1581 3696 1850 3761 Adriani,
1889 3697 2015 3750 item

444 3785 707 3839 Antonini
737 3785 845 3850 Pii,
873 3798 926 3841 et
966 3786 1261 3843 Alexandri
1304 3788 1487 3844 Severi
1524 3785 2016 3860 Augustorum,'in

446 3878 648 3946 quibus
680 3877 899 3934 Justitia
931 3880 1172 3936 sedentis
1211 3891 1295 3936 est
1327 3881 1536 3946 habitu,
1565 3882 1787 3936 sinistra
1808 3882 2016 3952 virgam

445 3978 672 4034 tenens,
709 3972 896 4026 dextra
950 3989 1079 4028 vero
1133 3985 1378 4044 pateram
1426 3975 1686 4043 gestans?
1734 3973 2019 4044 Sceptrum

445 4063 653 4118 scilicet
673 4064 922 4135 designat
965 4067 1254 4137 imperium
1308 4068 1494 4122 mundi
1537 4083 1600 4123 ac
1628 4068 1763 4139 reip.
1790 4069 2020 4122 admini-

447 4156 801 4226 strationem;
847 4162 1202 4228 quamobrem
1246 4170 1298 4215 et
1336 4162 1542 4232 virgam
1575 4169 1792 4232 gestat:
1836 4171 2019 4232 patera

447 4264 576 4302 vero
607 4248 954 4305 Divinitatcm
1001 4254 1293 4322 significat,
1327 4255 1621 4324 interprete
1651 4254 1888 4309 Antonio
1910 4254 2020 4307 Au-

449 4339 667 4407 gustino
706 4341 761 4394 in
791 4343 1003 4414 dialogo
1041 4345 1076 4396 2
1103 4345 1495 4414 Antiquitatum
1537 4346 1928 4409 Romanarum,
1965 4347 2019 4399 in

448 4429 690 4484 nummis
720 4440 1055 4502 veterum,p.
1086 4449 1160 4488 m.
1199 4435 1284 4489 19.
1325 4434 1555 4490 Unicum
1598 4438 1776 4491 adhuc
1823 4437 2017 4491 addam

447 4522 756 4590 exemplum
789 4522 1070 4588 Gordiani,
1106 4541 1302 4580 nomen
1331 4528 1675 4596 imperatoris
1705 4529 2020 4597 cultumque

449 4615 724 4684 gerentis,
771 4616 824 4669 in
879 4617 1038 4686 cujus
1092 4634 1288 4688 pompa
1343 4629 1506 4688 atque
1560 4619 1819 4672 comitatu
1871 4621 2021 4689 regio

449 4707 630 4776 virgas
665 4709 956 4765 identidem
1013 4711 1288 4766 laureatas
1322 4719 1719 4765 commemorat
1758 4709 2020 4766 llerodia—

450 4816 554 4855 nus
582 4801 724 4869 ('61);
779 4804 978 4872 quippe
1009 4819 1121 4874 quo
1167 4805 1366 4873 insigni
1414 4803 1687 4873 principes
1719 4819 1747 4857 a
1797 4804 2021 4873 privatis

450 4892 862 4960 dignoscantur.
922 4895 1000 4948 Ex
1054 4885 1254 4966 quibus
1295 4897 1551 4952 omnibus
1601 4897 1838 4952 dilucide
1887 4897 2023 4952 satis

449 4987 766 5051 coullcitur,
835 4989 1253 5059 descriptionem
1290 4992 1494 5061 regiam
1541 5006 1571 5044 a
1617 4989 1856 5044 Macario
1903 4989 2018 5044 Ma—

451 5087 610 5146 gnete
663 5095 828 5148 supra
868 5064 1088 5135 allatam
1142 5097 1172 5135 a
1227 5083 1620 5138 consuetudine
1659 5099 1723 5137 ac
1775 5083 2022 5137 moribus

450 5169 537 5226 sui
587 5170 770 5223 saeculi
825 5171 1245 5242 haudquaquam
1309 5189 1430 5229 esse
1485 5174 1756 5240 alienam;
1810 5188 1934 5227 cum
1968 5174 2021 5228 id

454 5260 612 5314 nobis
643 5261 901 5327 sufficiat,
935 5262 1102 5318 fuisse
1132 5280 1192 5317 ea
1227 5275 1382 5320 relate
1421 5281 1574 5337 reges
1612 5281 1875 5334 purpura,
1905 5266 2022 5320 dia-

453 5353 665 5406 demate
703 5363 864 5422 atque
907 5366 1119 5428 sceptro
1168 5365 1426 5426 tanquam
1469 5358 1632 5427 regiis
1685 5359 2021 5412 ornamentis

456 5445 797 5515 conspicuos.

492 5651 638 5731 .(58)
678 5651 733 5706 lu
781 5655 877 5731 li_l_)_.
923 5655 996 5708 De
1036 5673 1310 5727 regnorum
1373 5675 1433 5712 ac
1484 5668 1770 5729 temporum
1817 5676 2020 5714 succes-

459 5725 623 5780 sione,
660 5738 778 5790 cap.
810 5725 898 5778 87.

527 5791 637 5866 (ὃρι
680 5795 937 5866 Alitiquit.
971 5794 1224 5866 Roman,
1256 5798 1349 5850 lii).
1379 5815 1460 5866 tu,
1493 5815 1611 5864 cap.
1652 5799 1736 5852 ll.

529 5861 640 5932 ((39)
680 5861 900 5918 .Eneid.
926 5865 1019 5920 lib.
1053 5883 1148 5934 vn,
1190 5884 1236 5922 v.
1267 5868 1392 5924 9.17.
1430 5861 1589 5925 Couf.
1629 5869 1761 5925 ibid.
1795 5869 1886 5924 lib.
1921 5886 2015 5938 xu,

2121 1965 2339 2013 servat:
2387 1954 2586 2008 Mirum
2631 1963 2806 2008 autem
2832 1962 2930 2020 est,
2977 1970 3072 2007 cur
3112 1951 3368 2006 Eusebius
3404 1951 3707 2018 diligentis-

2121 2054 2285 2111 Simus
2332 2058 2647 2126 scriptorum
2693 2057 3068 2125 investigator,
3119 2054 3272 2122 huius
3321 2053 3565 2106 auctoris
3611 2067 3708 2104 non

2123 2139 2434 2202 meminerit.
2464 2148 2616 2212 Quod
2661 2157 2838 2202 autem
2885 2145 2943 2201 S.
2996 2146 3346 2217 Hieronymus
3397 2146 3547 2198 hunc
3580 2147 3706 2198 scri-

2122 2252 2321 2310 ptorem
2381 2241 2637 2304 omiserit,
2685 2257 2787 2293 non
2841 2243 3082 2294 estadeo
3131 2240 3340 2306 mirum,
3395 2253 3520 2290 cum
3579 2240 3706 2289 satis

2124 2341 2344 2397 constet,
2373 2332 2676 2402 catalogum
2709 2330 2766 2386 S.
2805 2331 3116 2400 Hieronymi
3143 2346 3206 2386 ex
3237 2329 3461 2382 historia
3491 2329 3708 2382 Eusebii

2123 2441 2230 2479 esse
2252 2425 2603 2493 desumptum,
2632 2424 2805 2494 quoad
2828 2425 2948 2478 illos
2972 2423 3269 2492 scriptores,
3296 2423 3386 2492 qui
3412 2423 3706 2475 Eusebium

2123 2525 2522 2586 praeesserunt.
2565 2515 2767 2571 Eadem
2820 2517 2984 2588 igitur
3033 2517 3173 2571 ratio
3225 2517 3387 2569 etiam
3438 2516 3548 2569 lmc
3592 2516 3707 2569 loco

2125 2610 2342 2673 valcbit,
2379 2619 2434 2664 et
2481 2609 2628 2663 haud
2665 2609 2864 2663 mirum
2889 2651 2903 2672 ,
2953 2609 2997 2664 si
3031 2624 3129 2663 nec
3172 2607 3395 2662 Macarii
3438 2606 3706 2677 Magnetis

2127 2701 2233 2754 ulla
2261 2702 2326 2755 ab
2354 2701 2587 2756 Eusebio
2614 2711 2778 2770 atque
2809 2700 3142 2773 Hieronymo
3185 2701 3325 2755 facta
3354 2701 3431 2755 sit
3460 2704 3704 2765 mentio;

2126 2809 2250 2848 cum
2284 2794 2365 2848 vel
2399 2794 2514 2862 ipse
2551 2791 2820 2849 Eusebius
2857 2793 2966 2866 (6‘2)
3000 2793 3252 2859 fateatur,
3285 2808 3344 2847 se
3379 2809 3493 2847 non
3523 2795 3705 2846 omnia

2126 2901 2320 2953 nosse,
2370 2902 2492 2956 quae
2546 2902 2610 2941 ex
2647 2895 2891 2941 veterum
2940 2886 3440 2941 ecclesiasticorum
3493 2885 3708 2954 scriptis

2127 2995 2228 3035 suo
2261 2979 2441 3033 adhuc
2484 2989 2726 3049 tempore
2753 2980 2896 3049 apud
2940 2981 3138 3034 multos
3171 2980 3543 3035 servabantur
3592 2980 3708 3033 lau-

2127 3073 2323 3127 dabilis
2367 3073 2663 3142 diligentia:
2705 3084 3098 3139 monumenta;
3137 3073 3445 3127 multorum
3498 3089 3708 3143 quoque

2128 3164 2531 3219 lucubrationes
2558 3165 2623 3219 ad
2649 3181 2706 3220 se
2729 3165 2949 3236 quidem
2977 3165 3210 3231 venisse,
3240 3181 3487 3235 quorum
3533 3176 3705 3221 tamen

2126 3272 2194 3311 ne
2251 3257 2368 3327 ipsa
2426 3257 2646 3326 quidem
2701 3258 2924 3312 nomina
2976 3273 3260 3313 recensere
3309 3261 3607 3328 potuerit,
3659 3267 3708 3311 et

2125 3364 2359 3418 quorum
2387 3358 2662 3415 auctores,
2685 3349 2936 3418 quamvis
2957 3349 3246 3404 orthodoxi
3271 3360 3326 3404 et
3348 3351 3706 3405 ecclesiastici

2126 3442 2312 3506 fuere,
2349 3442 2568 3497 obscuri
2619 3451 2799 3495 tamen
2860 3441 3139 3512 ignotique
3197 3440 3407 3496 fuerint
3452 3441 3703 3505 Eusebio,

2125 3543 2408 3604 propterea
2441 3533 2586 3603 quod
2621 3535 2720 3602 ipsi
2771 3533 2895 3587 libri
2938 3543 3224 3588 auctorum
3261 3549 3377 3587 non
3419 3532 3707 3604 praeferant

2125 3630 2367 3683 nomina.
2400 3628 2544 3694 Quin
2570 3637 2623 3682 et
2659 3626 2948 3698 Nicephori
2991 3627 3096 3683 (ΞΡ.
3128 3637 3285 3683 relate
3325 3629 3481 3685 hunc
3531 3642 3707 3684 aucto-

2126 3736 2240 3774 rem
2287 3720 2514 3790 ejusque
2565 3720 2866 3775 doctrinam
2920 3722 3229 3799 et_scripta
3289 3723 3548 3776 nondum
3586 3723 3706 3775 satis

2128 3811 2298 3867 fuisse
2347 3813 2602 3882 cognita,
2652 3811 2980 3881 perspicitur
3015 3827 3081 3865 ex
3139 3811 3528 3882 indignatione
3572 3814 3703 3866 anti-

2127 3905 2314 3960 stitum
2349 3905 2780 3959 orthodoxorum
2819 3904 2873 3957 in
2921 3919 3069 3968 eum,
3104 3903 3194 3972 qui
3235 3904 3560 3958 testimonia
3603 3903 3706 3956 Ma-

2127 4000 2302 4070 gnetis
2347 3999 2593 4052 mutilata
2634 4007 3018 4068 excerpserat:
3067 3998 3180 4050 Οὐκ
3229 3995 3460 4066 εἴχομεν
3506 3996 3582 4056 δὲ,
3625 3996 3698 4047 in-

2126 4093 2341 4163 quiunt,
2363 4093 2391 4146 ὅ
2442 4110 2491 4144 τι
2513 4089 2814 4161 δράσαιμεν
2839 4090 2945 4142 τῶν
2970 4089 3063 4142 νῦν
3095 4087 3485 4160 προελϐουσῶν
3514 4089 3705 4139 εἵνεκεν

2127 4186 2374 4256 χρήσεων
2395 4199 2408 4211 ⁸
2444 4183 2562 4235 λίαν
2591 4183 2698 4253 γὰρ
2733 4181 3083 4252 θαυμάζομεν
3126 4180 3218 4233 καὶ
3253 4177 3702 4250 ἐκπεπλήγμεθα.

2126 4277 2274 4338 ὅστις
2308 4275 2438 4328 ποτὲ
2473 4278 2556 4344 εἰη
2597 4276 2625 4326 ὁ
2666 4273 2868 4337 ταύτας
2907 4272 3340 4342 ἀναλεξάμενος,
3386 4273 3464 4338 ὡς
3499 4273 3595 4336 τὰς
3629 4272 3702 4342 βε-

2128 4368 2286 4430 ϐλους
2322 4367 2490 4432 αὐτὰς
2523 4367 2621 4419 οὐκ
2669 4365 2964 4436 ἐξέπεμψε.
3009 4366 3244 4435 Πότερον
3270 4365 3371 4434 τῆς
3405 4367 3705 4434 ἐπιστήμης

2127 4463 2220 4514 καὶ
2241 4462 2339 4532 τῆς
2365 4459 2709 4523 διδασκαλίας
2732 4459 2827 4512 τοῦ
2854 4458 3209 4530 συγγραφέως
3245 4457 3530 4528 φθονήσας
3561 4460 3701 4526 ἡμῖν,

2127 4557 2238 4616 τοῖς
2293 4553 2495 4623 ταύτης
2543 4552 2849 4622 ἐφιεμένοις
2897 4552 2990 4603 καὶ
3045 4549 3430 4619 γλιχομένοις
3495 4551 3566 4601 Ἣ
3623 4548 3704 4600 τὸν

2131 4645 2330 4699 σκοπὸν
2373 4647 2465 4698 καὶ
2499 4645 2594 4714 τὴν
2625 4644 2880 4696 ὑπόθεσιν
2912 4639 3328 4712 ἀποκρύψασθαι
3367 4640 3702 4711 {hold-1.x.qu,

2127 4738 2202 4801 ὡς
2225 4738 2288 4807 δὴ
2325 4737 2484 4800 εὐθύς
2522 4755 2579 4790 τε
2626 4737 2716 4790 καὶ
2751 4739 2813 4790 ὲκ
2856 4729 3078 4806 πρώτης
3127 4733 3388 4804 ἐπιϐολῆς
3437 4732 3705 4803 ὲμςςανσῦς

2130 4831 2222 4883 κα).
2253 4828 2417 4900 δήλης
2448 4831 2558 4892 τοῖς
2583 4827 2991 4901 ἐπευξαμένοις
3029 4825 3544 4895 καταστησομένης,
3579 4825 3702 4875 χᾶν-

2129 4920 2316 4974 rei")st
2343 4921 2626 4993 διαδρᾶσαι
2665 4920 2772 4973 τῶν
2812 4916 3408 4991 δραματουργηϐἐντων
3444 4918 3536 4968 τὸν
3566 4917 3704 4984 ἕλετ-

2131 5031 2240 5085 χον.
2279 5012 2333 5067 Id
2355 5021 2474 5066 est:
2507 5013 2588 5065 Ad
2625 5011 2833 5081 prolata
2867 5010 3163 5064 testimonia
3191 5009 3331 5078 quod
3363 5011 3582 5072 attinet,
3609 5026 3701 5061 non

2129 5106 2262 5159 satis
2296 5105 2532 5160 constitit
2567 5105 2738 5168 nobis,
2768 5103 2892 5175 quid
2925 5105 3230 5172 faceremus.
3261 5101 3534 5154 Miramur
3571 5102 3700 5154 enim

2131 5195 2279 5248 valde
2305 5204 2352 5247 et
2393 5194 2804 5262 obstupescimus
2825 5235 2839 5258 ,
2885 5193 3122 5262 quisquis
3163 5191 3252 5243 ille
3286 5203 3361 5243 est
3396 5191 3488 5259 qui
3519 5208 3583 5243 ea
3611 5206 3697 5242 rx-

2129 5289 2341 5357 cerpsit,
2374 5303 2469 5340 cur
2501 5287 2639 5356 ipsos
2670 5287 2829 5339 libros
2862 5301 2964 5338 non
2990 5285 3211 5337 miserit.
3243 5285 3327 5334 An
3358 5285 3489 5351 quia
3529 5283 3693 5334 scien-

2131 5380 2259 5431 tiam
2279 5379 2678 5446 doctrinamque
2700 5377 2842 5429 illius
2865 5374 3072 5428 laudati
3101 5374 3374 5442 scriptoris
3393 5371 3692 5440 optantibus

2130 5473 2276 5525 nobis
2319 5471 2838 5539 desiderantibusque
2887 5468 3117 5521 invidit?
3163 5470 3241 5521 Au
3294 5467 3421 5537 quia
3472 5476 3693 5520 mentem

2130 5656 2560 5792 ν’(Ξῆῗοιῖἱδῑοικ
2594 5725 2690 5779 lib.
2723 5741 2820 5787 vn,
2846 5739 2895 5779 c.
2926 5723 2978 5784 6,
3008 5737 3160 5792 μιη.
3190 5717 3334 5776 505:

2223 5728 2312 5792 61)
2356 5728 2560 5780 Hister.
2594 5728 2690 5779 lib.
2723 5741 2820 5787 vn,
2846 5739 2895 5779 c.
2926 5728 2978 5784 ti,
3008 5737 3061 5790 p.
3087 5737 3138 5773 m

2201 5728 2315 5868 i6?)
2358 5796 2500 5850 Hist.
2535 5795 2661 5850 εισι.
2697 5795 2790 5849 lib.
2818 5811 2870 5860 v,
2904 5809 3020 5862 cap.
3056 5791 3146 5846 ‘27.

3495 5773 3520 5792 I‘
