3888 6532
262 389 410 443 {365

1422 391 1702 449 NOTITIA
1743 390 1831 445 ET
1872 389 2324 448 FRAGMENTA.

3382 397 3522 452 13ϋὸ

262 510 503 564 auctoris
533 523 996 584 argumentumque
1022 516 1212 582 operis,
1237 517 1375 586 quod
1413 519 1475 569 ab
1512 518 1623 586 ipso
1651 515 1829 568 statim

1941 530 2162 586 γραμμα
2222 518 2528 588 εὑρίσκεται
2583 520 2638 573 ἐν
2701 519 2859 572 πέντε
2915 517 3135 589 βιϐλίοις
3195 519 3519 590 διῃρημένον

259 605 484 658 exordio
513 603 718 660 evidens
749 607 1186 678 manifestumque
1219 609 1499 663 lectoribus
1529 609 1836 673 exstitisset,

261 697 554 764 occultare,
584 708 756 770 atque
788 701 863 754 ita
914 702 1212 770 facinorum
1254 719 1468 755 suorum
1508 703 1760 754 indicium
1789 710 1839 754 et

262 790 643 844 convictionem
679 793 850 846 vitare
878 794 1045 846 voluit
1071 795 1092 848 ?
1119 803 1224 847 etc.
1256 793 1412 860 Quod
1450 794 1494 848 si
1522 794 1755 862 denique
1784 793 1838 845 in

261 882 534 953 originem
571 884 798 938 istorum
832 900 1078 940 errorum
1105 887 1266 955 paulo
1291 886 1533 940 curatius
1563 887 1839 955 inquirere

261 975 517 1040 velimus,
560 976 652 1062 (ηιί
691 975 926 1031 Macario
969 977 1201 1047 Magncti
1239 988 1425 1032 nostro
1469 978 1831 1048 imputantur,

263 1075 319 1119 et
341 1065 409 1119 de
433 1065 633 1135 quibus
654 1067 911 1138 deinceps
937 1069 1236 1123 disserendi
1267 1069 1420 1124 locus
1447 1071 1582 1136 erit;
1619 1071 1838 1140 majoris

262 1155 404 1212 forte
437 1158 617 1213 adhuc
674 1160 1041 1230 antiquitatis,
1088 1179 1250 1231 quam
1300 1163 1517 1232 quidem
1549 1163 1731 1216 saeculi
1780 1178 1837 1214 tu

262 1248 330 1302 ad
362 1248 522 1302 ﬁnem
556 1252 825 1319 vergentis
870 1253 1007 1306 ratio
1035 1255 1259 1323 patitur,
1305 1254 1451 1308 varia
1497 1253 1674 1322 colligi
1715 1268 1839 1321 pos-

262 1353 387 1396 sent
435 1342 670 1408 indicia,
722 1359 843 1413 qua:
899 1346 1273 1412 superioribus
1318 1347 1650 1414 argumentis
1691 1343 1836 1398 haud

261 1449 457 1503 parum
502 1434 760 1490 adderent
815 1437 1051 1492 roboris.
1083 1437 1248 1492 Jubet
1279 1447 1457 1492 autem
1509 1437 1836 1501 necessitas,

263 1534 324 1580 ut
373 1525 516 1580 hanc
564 1526 1000 1595 disquisitionem
1050 1528 1116 1582 de
1177 1537 1333 1582 aetate
1383 1528 1623 1583 auctoris
1667 1527 1838 1582 nostri

260 1620 522 1676 ﬁniamus
572 1621 890 1690 aequissimo
945 1622 1184 1692 satisque
1221 1623 1450 1691 probato
1495 1620 1576 1675 Cl.
1612 1619 1837 1674 Joannis

261 1715 494 1770 Boivinii
525 1715 753 1784 judicio,
783 1716 930 1786 quod
964 1732 1030 1770 ex
1055 1716 1393 1786 autographo
1420 1715 1522 1770 viri
1565 1723 1687 1783 post
1728 1711 1834 1766 fata

261 1811 576 1881 superstitis
604 1811 708 1865 hoc
741 1811 861 1865 loco
904 1811 1234 1882 subjungere
1280 1810 1425 1864 haud
1474 1811 1828 1881 injucundum

263 1904 379 1958 fore
407 1905 822 1959 existimamus:
866 1918 996 1957 sane
1039 1903 1081 1958 si
1118 1912 1347 1966 constet,
1375 1901 1671 1974 Magnetem
1708 1912 1831 1957 ante

261 1995 512 2066 Origenis
571 2005 812 2064 tempora
862 1995 1146 2061 floruisse,
1183 2004 1242 2048 ut
1285 1997 1503 2064 quidam
1554 1995 1832 2049 existinm-

262 2097 389 2142 runt
422 2088 554 2156 (63),
589 2087 839 2142 floruisse
880 2104 1002 2141 cum
1038 2103 1262 2143 necesse
1293 2097 1375 2143 est
1419 2104 1481 2141 ea
1509 2088 1624 2156 ipsa
1652 2097 1827 2152 tetate,

262 2193 368 2248 qua
412 2178 695 2232 erroribus
751 2178 858 2233 illis
912 2195 1020 2233 non
1074 2180 1292 2234 defuere
1336 2179 1514 2248 magni
1555 2189 1826 2235 auctores.

265 2270 369 2324 Sed
398 2269 611 2324 interim
645 2271 774 2325 dttm
809 2281 970 2326 tanta:
995 2273 1279 2326 vetustatis
1329 2284 1644 2342 argumenta
1675 2273 1830 2328 nobis

262 2369 410 2416 certa
435 2371 744 2432 suppetant,
774 2365 943 2418 tutius
982 2365 1141 2418 fuerit
1163 2381 1284 2419 cum
1328 2364 1634 2434 Nicephoro
1663 2366 1830 2433 patri—

261 2455 431 2508 archa
470 2465 523 2509 et
575 2456 697 2509 aliis
750 2454 1232 2509 lconomacborum
1277 2457 1604 2512 adversariis
1651 2456 1830 2510 Maca-

261 2544 406 2597 rium
452 2542 751 2615 Magnetem
783 2546 981 2600 saeculo
1012 2546 1224 2615 integro
1257 2554 1492 2601 statuere
1529 2547 1826 2616 juniorem,

266 2645 327 2690 ut
353 2634 584 2708 Origene
614 2637 833 2708 quidem
877 2647 928 2692 et
969 2637 1303 2693 Tertulliano
1337 2639 1624 2705 recentior,
1659 2638 1828 2692 Alba»

266 2727 423 2780 nasio
467 2736 645 2782 autem
685 2737 735 2781 et
783 2727 998 2781 concilii
1043 2726 1244 2782 Nicreni
1299 2726 1554 2783 Patribus
1602 2728 1829 2797 aequalis

264 2819 547 2874 habeatur.

553 2910 579 2980 §
620 2909 757 2964 XIV.
796 2909 1021 2964 Macarii
1051 2910 1308 2980 Magnetis
1338 2912 1555 2981 scripta.

333 3004 659 3059 Accedimus
686 3021 832 3059 nunc
854 3005 918 3058 ad
954 3005 1324 3059 recensionem
1361 3004 1686 3073 scriptorum
1721 3003 1831 3058 Ma-

263 3097 397 3152 carii
433 3094 720 3164 Magnetis,
751 3111 986 3166 quorum
1014 3096 1274 3150 hactenus
1299 3097 1438 3150 inter
1469 3097 1711 3152 eruditos
1741 3098 1829 3150 vix

263 3189 372 3243 ulla
402 3188 605 3243 exstitit
631 3187 915 3248 memoria,
943 3186 1140 3241 nedum
1166 3195 1309 3240 certa
1333 3187 1577 3256 quaedam
1609 3188 1827 3253 notitia;
1862 3183 1906 3256 ,τί

263 3281 462 3352 quippe
491 3281 630 3335 inter
659 3279 1150 3335 vetustissimorum
1177 3286 1456 3332 auctorum
1480 3288 1828 3333 monumenta

261 3370 543 3440 deperdita
588 3370 700 3441 (64)
753 3371 1034 3440 hucusque
1089 3371 1285 3440 injuria
1341 3379 1646 3441 temporum
1699 3371 1832 3425 deli-

261 3463 432 3518 tuisse
473 3463 586 3531 jam
639 3478 802 3532 supra
851 3462 1233 3516 indicavimus.
1271 3461 1335 3516 Et
1361 3462 1610 3532 quamvis
1642 3462 1828 3516 hodie-

264 3569 395 3607 num
424 3553 601 3607 adhuc
637 3553 842 3622 integra
878 3553 1049 3622 ipsius
1096 3568 1257 3622 opera
1292 3553 1356 3608 ad
1386 3569 1583 3609 manus
1615 3559 1831 3608 nostras

261 3645 406 3699 haud
459 3646 843 3714 pervenerint,
887 3647 1124 3715 pretiosa
1177 3655 1356 3701 tamen
1405 3645 1830 3715 ἀποσπασμάτια

262 3738 690 3808 quamplurima,
718 3739 930 3809 aliaque
949 3739 1192 3808 ejusdem
1220 3741 1499 3810 scriptoris
1528 3739 1828 3812 [fragmenta

260 3831 330 3884 ad
363 3829 665 3884 doctrinam
692 3831 1112 3885 ecclesiasticam
1146 3847 1403 3902 perquam
1446 3833 1615 3893 util'ra,
1644 3841 1830 3886 nostro

259 3921 478 3975 tandem
518 3922 717 3976 saaculo
759 3921 812 3975 in
849 3923 1312 3991 pra‘stantissimis
1336 3923 1680 3978 bibliothecis
1713 3918 1837 3978 felié

259 4011 397 4066 citer
438 4012 690 4079 inventa,
741 4029 770 4067 e
818 4023 897 4068 tot
945 4016 1266 4070 sazculorum
1319 4016 1554 4070 tenebris
1609 4017 1824 4071 demum

257 4099 548 4154 emersisse
581 4101 948 4171 maximopere
983 4105 1299 4174 gaudemus.
1331 4103 1478 4174 Opus
1510 4106 1684 4175 ipsum
1722 4107 1825 4161 hu-

253 4190 348 4260 jus
371 4193 665 4260 pervetusti
695 4195 931 4249 auctoris
956 4197 1112 4250 titulo
1134 4196 1403 4267 Apologia:
1425 4198 1732 4268 evangelica:
1760 4201 1828 4252 ad

263 4281 638 4338 Theostltenem
677 4285 924 4339 adversus
971 4289 1188 4356 gentiles
1232 4287 1504 4359 Evangelii
1533 4289 1826 4344 calumnia-

259 4383 398 4428 tores
443 4374 760 4446 insignitum
792 4377 1009 4446 quidem
1046 4379 1272 4448 legimus
1323 4396 1352 4435 a
1397 4380 1658 4435 Zacharia
1696 4381 1827 4435 Cre-

260 4466 426 4531 tensi,
457 4464 747 4534 Turriano,
777 4467 1093 4536 Posseviuo,
1131 4471 1358 4540 aliisque
1383 4473 1776 4529 recentioribus
1811 4494 1822 4526 :

1861 1875 1905 1931 Β
1937 1867 2026 1952 usus

1947 607 2081 678 πρὸς
2115 609 2375 681 ’Έλληνας
2410 611 2476 664 πὲ
2511 649 2571 667 ...
2599 613 2654 664 ἐν
2689 615 2804 676 ταῖς
2841 614 2984 684 ρἡι.
3007 651 3021 665 .
3049 652 3061 664 .
3106 628 3170 681 με
3209 652 3220 664 .
3244 651 3256 664 .
3281 652 3294 664 .
3333 611 3361 663 λ
3393 654 3404 665 .
3426 651 3441 665 .
3466 653 3477 664 .
3501 653 3515 666 .

1945 695 2002 749 In
2038 696 2327 768 Nicepltori
2375 700 2479 755 ΕΡ.
2534 703 2927 767 Antirrltcticis,
2962 718 3026 755 ex
3057 703 3255 771 quibus
3299 703 3519 771 potissi-

1946 807 2094 844 mum
2125 795 2364 848 auctoris
2390 795 2561 849 nostri
2597 794 2896 864 fragmenta
2923 795 3378 863 deprompsimus,
3407 795 3520 848 lucc

1946 885 2172 940 habetur
2201 887 2533 958 inscriptio:
2566 887 2671 940 Τοῦ
2703 888 2856 956 ἁγίου
2885 888 3169 960 Μακαρίου
3209 891 3273 941 ἐκ
3302 889 3399 957 τῆς
3430 907 3518 941 τε-

1944 978 2146 1049 τάρτης
2180 979 2361 1049 βίϐλου
2390 981 2497 1034 τῶν
2537 983 2950 1054 Ἀποκριτικῶν,
2983 985 3155 1037 sancti
3197 983 3425 1035 .lIacarii
3455 998 3520 1037 ex

1945 1083 2131 1141 quarto
2161 1073 2294 1126 libro
2321 1075 2763 1144 Apocriticorum.
2809 1079 2864 1130 In
2897 1077 3018 1131 aliis
3063 1076 3343 1131 codicibus
3381 1091 3515 1129 mss.

1945 1166 2180 1219 citantur
2215 1166 2431 1220 Macarii
2479 1168 2857 1240 Ἀποκρίσεις;
2903 1169 3361 1239 quemadmodum
3413 1168 3516 1222 hoc

1946 1273 2083 1327 opus
2112 1259 2508 1328 apologoticum
2542 1275 2589 1314 e.
2618 1276 2667 1314 e.
2697 1260 2750 1313 in
2773 1261 2893 1315 cod.
2929 1259 3057 1329 Reg.
3086 1261 3240 1326 1986,
3268 1259 3361 1313 fol.
3387 1259 3513 1323 237,

1946 1365 2155 1402 necnon
2191 1351 2242 1402 in
2271 1351 2390 1404 cod.
2417 1351 2580 1416 9.955,
2608 1354 2850 1422 sequenti
2876 1355 3072 1420 gaudet
3098 1354 3253 1407 titulo
3283 1371 3294 1404 :
3325 1354 3518 1406 Μακα-

1948 1442 2060 1512 ρίου
2104 1440 2386 1512 Μάγνητος
2435 1445 2497 1496 ἐκ
2541 1443 2647 1497 τῶν
2683 1446 2818 1515 πρὸς
2849 1445 3113 1516 Ἕλληνας
3145 1445 3306 1498 αὑτοῦ
3353 1447 3514 1497 Ἀπο-

1945 1533 2198 1604 κρίςεων,
2231 1535 2280 1588 id
2312 1543 2392 1590 est
2424 1534 2648 1588 Macarii
2683 1536 2940 1606 Magnetis
2973 1554 3036 1592 ex
3060 1538 3170 1607 ejus
3203 1538 3272 1592 ad
3302 1535 3510 1593 Crcccos

1943 1625 2246 1696 Responsis.
2279 1625 2353 1681 De
2391 1643 2500 1698 quo
2539 1630 2696 1684 titulo
2732 1631 2919 1684 audire
2966 1631 3112 1684 lubet
3145 1632 3320 1700 ipsum
3354 1630 3514 1685 Nice-

1946 1717 2179 1786 phorum
2217 1718 2289 1771 ita
2318 1719 2622 1788 loquentem
2666 1737 2676 1771 :
2705 1721 2776 1773 Τὸ
2803 1721 2856 1773 δὲ
2889 1721 2996 1774 τῶν
3036 1722 3424 1792 Ἀποκριτικῶν
3449 1724 3513 1776 ὲν

1945 1812 2008 1880 τῇ
2053 1811 2329 1882 ἐπιγραφῇ
2375 1813 2748 1883 προκείμενον,
2777 1813 2959 1884 ἐπειδὴ
3004 1813 3144 1867 κατὰ
3180 1815 3446 1886 διαφόρων
3478 1819 3508 1886 ἡ

2001 1903 2080 1967 ﬁt;
2126 1903 2539 1973 σημαινομένων
2590 1904 2848 1976 φέρεται,
2905 1903 3103 1968 ἱκανῶς
3148 1906 3513 1976 ἐπετάραττεν

1938 1993 2045 2046 τῶν
2090 1993 2394 2046 ἀκουόντων
2444 1995 2539 2066 τὴν
2592 1995 2874 2066 αἴσθησιν,
2921 1997 3126 2051 ἔννοιαν
3169 1998 3213 2050 δ’
3243 1992 3334 2050 ὧν
3365 1999 3513 2067 ὅμως

1938 2085 2166 2137 ἐνταῦθα
2212 2087 2467 2157 παρεῖχεν
2494 2086 2570 2157 τῷ
2604 2089 3003 2158 ἐντυγχάνοντι,
3042 2089 3116 2152 ὡς
3148 2090 3239 2142 ἐπὶ
3271 2106 3512 2160 προηπο-

1940 2177 2190 2247 ρημένων
2216 2178 2248 2248 ῆ
2275 2178 2639 2250 προτεθέντων
2680 2182 2758 2243 εἰς
2801 2180 3021 2251 ζήτησιν
3066 2181 3326 2252 πρότερον
3352 2181 3512 2233 τινῶν

1938 2269 2109 2337 λόγων
2141 2270 2425 2338 ἐπάγεται,
2460 2269 2556 2341 τὴν
2593 2270 2744 2323 λύσιν
2791 2271 2822 2341 ἢ
2868 2272 2964 2342 τὴν
3009 2271 3280 2343 ἐπίκρισιν
3310 2273 3512 2326 τούτων

1937 2363 2370 2435 ὑπαγορεύουσα,
2406 2382 2457 2416 κ.
2501 2382 2550 2417 τ.
2591 2364 2640 2415 λ.
2679 2363 3117 2420 Arocnrriconun
3145 2376 3319 2419 autem
3353 2382 3509 2419 voca.-

1939 2455 2138 2517 bulum,
2171 2456 2307 2525 quod
2333 2457 2384 2508 in
2416 2455 2572 2508 titulo
2611 2458 2864 2519 occurrit,
2894 2457 3016 2525 quia
3044 2458 3114 2510 ad
3144 2459 3314 2510 varias
3344 2459 3512 2527 signi-

1937 2545 2208 2612 ﬁcationes
2252 2547 2582 2614 producitur,
2632 2557 2853 2600 mentem
2899 2548 3226 2601 audientium
3270 2565 3370 2601 non
3408 2565 3509 2618 pa-

1938 2652 2054 2687 rum
2091 2637 2362 2705 torquebat
2395 2653 2411 2689 :
2439 2638 2601 2691 dabat
2631 2650 2805 2692 tamen
2851 2638 3032 2692 lectori
3076 2639 3209 2692 hanc
3254 2641 3512 2708 suspicio—

1938 2743 2076 2791 nem,
2113 2729 2370 2796 quasdam
2415 2729 2578 2796 fuisse
2619 2731 2932 2799 quwstiones
2973 2744 3093 2784 ante
3130 2741 3510 2797 controversas,

1937 2817 2012 2870 vel
2044 2818 2114 2870 ad
2141 2818 2541 2887 disceptandum
2580 2822 2899 2889 propositas,
2938 2821 3006 2873 ad
3040 2837 3169 2890 quas
3207 2822 3508 2875 vocabulum

1939 2908 2074 2961 illud
2103 2910 2401 2977 pertineret,
2437 2922 2484 2963 et
2512 2927 2735 2980 quarunt
2779 2913 2882 2965 sive
2913 2911 3222 2965 solutiOnem
3252 2913 3356 2966 sive
3384 2927 3510 2966 etca-

1940 3016 2053 3053 men
2088 2999 2364 3066 indicaret,
2388 3011 2493 3055 etc.
2525 3001 2656 3072 (65).

2031 3093 2058 3163 §
2089 3092 2205 3146 XV.
2239 3093 2449 3147 Notitia
2479 3095 2718 3148 codicum
2749 3112 2872 3148 mss.
2903 3097 3072 3165 operis
3102 3095 3422 3149 Macariani.

2010 3186 2228 3241 Exstitit
2262 3187 2389 3241 olim
2422 3188 2690 3258 integrum
2719 3204 2855 3258 opus
2879 3189 3271 3260 apologeticum
3301 3188 3511 3257 Magne.

1942 3279 2030 3343 tis,
2059 3279 2298 3348 quinque
2341 3279 2496 3334 libris
2542 3291 2818 3343 constans,
2849 3281 2990 3335 inter
3018 3295 3150 3334 mss.
3184 3279 3398 3334 codices
3424 3279 3509 3331 bi-

1939 3371 2223 3425 bliotheca:
2253 3369 2491 3436 Veneta},
2527 3387 2637 3440 quo
2671 3371 2854 3425 codice
2887 3387 2945 3426 se
2974 3387 3132 3426 usum
3161 3386 3280 3426 esse
3304 3372 3506 3439 passim

1940 3463 2224 3530 profitetur
2250 3461 2574 3525 Tun-ianus,
2621 3463 2748 3516 dum
2782 3462 2934 3516 varia
2983 3462 3178 3516 exinde
3205 3460 3511 3532 publicavit

1939 3564 2188 3623 excerpta
2218 3556 2411 3624 partim
2434 3553 2650 3619 ‘Grmce,
2693 3559 2891 3624 partim
2929 3554 3119 3610 Latine
3153 3563 3362 3609 tantum
3390 3553 3508 3606 edi-

1938 3656 2014 3699 ta.
2044 3643 2275 3699 Unicum
2321 3651 2529 3699 tantum
2562 3643 2735 3712 ipsius
2769 3644 2945 3698 locum
2975 3644 3155 3698 citabo
3177 3658 3241 3697 ex
3275 3650 3506 3697 tractatu

1937 3751 2036 3806 pro
2065 3735 2366 3792 canonibus
2410 3735 2640 3805 apostol.
2689 3744 2876 3790 contra
2909 3735 3316 3790 Centuriatores
3357 3733 3508 3803 Mag-

1937 3827 2082 3892 deb.,
2117 3825 2211 3879 lib.
2247 3841 2319 3889 tv,
2360 3840 2411 3894 p.
2443 3841 2512 3879 In.
2546 3826 2650 3878 517
2688 3825 2798 3895 (66)
2831 3844 2842 3878 :
2881 3824 3001 3878 Non
3031 3826 3219 3896 pigebit
3251 3827 3334 3878 hic
3369 3842 3512 3892 repe-

1937 3929 2061 3982 tere,
2091 3918 2286 3986 inquit,
2318 3933 2433 3984 qure
2477 3934 2540 3970 ea:
2580 3918 2712 3970 libro
2742 3933 2773 3968 ν
2819 3917 3079 3987 Magnetis
3127 3929 3309 3970 contra
3344 3915 3509 3970 Theo—

1937 4010 2165 4062 stlienem
2198 4011 2251 4061 in
2279 4009 2588 4078 Dogmatieo
2613 4019 2790 4062 nostro
2815 4009 2877 4062 de
2905 4009 3293 4077 justi/iratione
3319 4006 3510 4060 Latino

1935 4105 2308 4169 interpretatus
2352 4118 2488 4164 sum,
2524 4117 2640 4153 cum
2668 4101 2731 4154 de
2772 4101 2875 4170 ﬁde
2919 4101 3144 4155 Abrahae
3178 4096 3502 4153 dissererem.

1937 4194 1996 4249 Si
2031 4195 2146 4264 quis
2173 4193 2355 4247 erca
2389 4194 2623 4262 conferre
2665 4194 2905 4260 voluerit,
2936 4194 3054 4246 inde
3089 4201 3248 4261 petat.
3279 4191 3508 4260 Scripsit

1935 4291 2018 4343 ln'c
2052 4298 2239 4342 auctor
2261 4296 2380 4340 ante
2419 4287 2561 4339 mille
2603 4295 2648 4340 et
2689 4287 3096 4356 quadringentos
3147 4304 3310 4340 annos
3342 4286 3504 4340 libros

1934 4386 2160 4454 quinque
2185 4382 2532 4451 apologeticos
2561 4398 2655 4450 pro
2682 4380 2987 4449 Evangelia,
3012 4381 3103 4450 qui
3147 4397 3306 4450 usque
3340 4381 3390 4433 in
3415 4380 3508 4431 lto-

1933 4477 2171 4529 diernum
2203 4477 2341 4528 diem
2375 4476 2427 4527 in
2453 4475 2757 4528 bibliotheca
2794 4473 2982 4527 Veneta
3022 4484 3310 4527 servantur.
3337 4473 3508 4541 Cujus

259 4567 318 4612 et
361 4573 428 4612 ex
479 4559 750 4614 Turriano
807 4561 1083 4629 speciatim
1120 4572 1352 4630 constat,
1399 4566 1622 4635 quinque
1658 4565 1828 4620 fuisse
1863 4583 1904 4636 ι)
1934 4568 2306 4621 testimonium
2344 4568 2388 4622 si
2415 4569 2508 4636 qui
2545 4578 2603 4622 ut
2634 4569 2748 4622 leve
2788 4584 2850 4621 ac
2883 4574 3196 4636 suspectum
3229 4566 3501 4634 rejiciunt,

256 4647 423 4703 libros
470 4649 880 4719 Ἃποκριτικῶν
922 4654 1035 4708 sive
1080 4652 1491 4723 Responsionum
1529 4656 1762 4726 scriptos
1795 4672 1825 4710 a

255 4738 507 4811 Magnete
539 4743 842 4798 hierarcha.
874 4742 1030 4810 Quod
1058 4753 1111 4799 et
1141 4745 1345 4800 diserto
1372 4748 1526 4818 longe
1557 4749 1829 4818 antiquio-

252 4833 337 4887 ris
369 4834 653 4902 scriptoris
688 4836 1043 4890 contirmatur
1077 4838 1383 4891 testimonio
1414 4839 1467 4892 in
1500 4840 1686 4893 codice
1722 4857 1824 4894 ms.

253 4923 600 4980 bibliotheca:
629 4924 808 4994 Regia:
835 4925 1160 4983 Parisiensis
1193 4930 1409 4998 optimae
1435 4940 1575 4985 notae
1603 4941 1655 4985 et
1688 4933 1827 4985 anti-

253 5017 486 5084 quitatis
513 5033 742 5072 numero
771 5018 930 5084 5509.,
959 5018 1051 5072 fol.
1096 5020 1224 5084 205,
1271 5021 1324 5074 in
1367 5036 1477 5090 quo
1517 5022 1582 5076 de
1611 5021 1766 5077 libris
1797 5039 1826 5076 a

252 5106 498 5162 Macario
551 5109 798 5180 Magnete
847 5111 1061 5179 scriptis
1112 5112 1226 5165 haec
1279 5114 1508 5181 paucula
1561 5113 1628 5168 ad
1674 5130 1824 5169 oram

257 5199 468 5255 codicis
495 5203 664 5256 minio
712 5211 899 5256 notata
929 5204 1200 5273 leguntur,
1245 5221 1365 5273 quae
1405 5207 1584 5275 quoad
1638 5207 1826 5261 ultima

251 5290 422 5344 verba
455 5292 740 5347 vetustatis
768 5293 899 5347 vitio
928 5295 1142 5362 penitus
1170 5292 1279 5348 fere
1307 5287 1588 5350 obliterata
1619 5285 1819 5350 inveni-

253 5397 384 5437 mus
428 5399 440 5434 :
479 5383 585 5436 Τοῦ
638 5385 922 5456 Μακαρίου
973 5385 1261 5458 Μάγνητος
1312 5388 1406 5439 καὶ
1456 5386 1640 5458 ἕτερον
1694 5389 1823 5456 σύγ-

332 5536 444 5610 (65)
473 5536 683 5610 Confer
718 5539 983 5610 jqdicinm
1031 5539 1355 5595 Tillemontii
1392 5556 1456 5593 ex
1500 5541 1536 5592 l.
1574 5556 1621 5593 c.
1668 5555 1823 5610 repe-

255 5605 436 5681 titum
471 5605 609 5681 ind.
641 5605 982 5681 :A‘fiFabricii
1033 5610 1243 5681 Delectu
1297 5605 1742 5681 argumentornm‘
1765 5613 1825 5665 de

255 5679 411 5733 verit.
445 5676 592 5748 relig.
627 5678 845 5745 Cltrist.,
876 5695 997 5748 pag.
1034 5680 1120 5733 70.

1026 5723 1408 5828 abricius
1445 5754 1600 5828 hunc
1633 5761 1823 5828 aucto-

254 5834 373 5875 rem
425 5821 561 5872 inter
608 5821 900 5888 scriptores
953 5821 1260 5890 deperditus
1297 5823 1478 5878 SLCL‘llll
1531 5838 1588 5874 Ill
1631 5823 1824 5879 merito

1932 4658 2154 4712 credant
2197 4658 2384 4711 saltem
2433 4657 2670 4726 antiquis
2719 4657 3057 4709 bibliothecae
3099 4654 3314 4708 Venetae
3354 4665 3506 4707 cata-

1932 4749 2088 4817 logis,
2123 4763 2186 4801 ex
2220 4748 2418 4814 quibus
2453 4747 2797 4815 perspicitur,
2830 4746 3000 4799 libros
3044 4745 3167 4798 illos
3211 4745 3262 4797 in
3309 4745 3503 4797 biblio-

1929 4839 2084 4894 theca
2117 4836 2177 4890 ι).
2211 4836 2372 4890 Marci
2419 4836 2604 4904 utique
2647 4845 2956 4889 asservatos
3002 4833 3204 4899 fuisse,
3255 4840 3502 4887 notatos-

1929 4945 2034 4999 que
2063 4944 2291 4983 numero
2326 4929 2387 4981 Α.
2424 4929 2509 4991 14,
2544 4928 2706 4996 idque
2738 4929 2794 4979 in
2835 4942 3033 4996 papyro
3060 4937 3106 4980 et
3145 4928 3256 4979 sine
3283 4926 3498 4989 tabulis,

1930 5022 1982 5074 i-d
2020 5030 2121 5084 est,
2165 5003 2282 5074 sine
2328 5020 2584 5088 tegmine.
2621 5018 2836 5072 Similes
2885 5018 3158 5087 catalogos
3196 5019 3299 5071 hoc
3325 5018 3499 5086 ipsum

1929 5115 2334 5176 confirmantes,
2365 5126 2534 5165 unum
2569 5111 2624 5164 in
2676 5110 2809 5164 bibl.
2846 5108 3010 5179 Regia
3039 5107 3238 5174 Paris,
3270 5109 3497 5161 alterum

1929 5205 1983 5257 in
2027 5204 2361 5268 Colbertina,
2414 5218 2473 5256 se
2520 5201 2722 5256 vidisse
2769 5209 3002 5254 testatur
3059 5200 3128 5253 cl.
3185 5198 3496 5259 Boivinius;

1927 5295 2261 5366 proindeque
2302 5295 2445 5348 haud
2478 5292 2709 5355 dubitat,
2735 5292 2866 5361 quin
2894 5291 2931 5344 ii
2962 5291 3106 5352 libri,
3138 5290 3184 5344 si
3211 5288 3368 5343 hodie
3387 5303 3496 5342 non

1928 5387 2292 5456 reperiuntur,
2322 5385 2407 5438 vel
2451 5384 2593 5438 furto
2621 5383 2882 5452 perierint
2906 5424 2920 5447 ,
2949 5393 3007 5437 ut
3036 5383 3127 5436 alii
3167 5382 3494 5451 complures,

1927 5545 2107 5601 retulit
2149 5546 2202 5597 in
2252 5543 2576 5598 Bibliotheca
2603 5542 2808 5604 Gra’ca,
2841 5541 2946 5592 vol.
2987 5538 3051 5600 V,
3094 5554 3143 5593 c.
3188 5539 3248 5602 l,
3276 5553 3329 5606 p.
3366 5539 3492 5593 276.

1999 5617 2108 5686 (65)
2136 5614 2335 5670 Confer
2359 5615 2522 5669 etiam
2549 5629 2668 5682 quae
2701 5628 2860 5680 supra
2900 5611 3010 5679 jam
3046 5619 3157 5663 tum
3190 5609 3244 5662 iu
3277 5607 3303 5679 §
3339 5609 3496 5666 8αά-

1924 5687 2084 5739 ducta
2114 5694 2261 5740 sunt.

1998 5755 2106 5825 res)
2141 5755 2282 5811 Edit.
2316 5755 2541 5810 Lutetiae
2581 5754 2732 5820 1573,
2763 5752 2921 5807 ius».
