3888 6520
402 313 540 369 1567

1697 317 2054 375 MACARlUS
2091 319 2391 377 MAGNES.

3528 326 3665 382 i368

400 434 485 488 vel
531 434 638 489 situ
674 435 980 505 consumpti
1016 435 1146 500 sint,
1193 437 1327 492 viles
1378 437 1586 493 scilicet
1617 439 1806 505 habiti,
1831 449 1881 492 et
1912 443 1979 493 ab
2012 447 2051 500 Λ
2089 440 2376 510 Magnetis)
2419 459 2536 512 qua:
2581 459 2680 498 non
2729 445 2932 499 sincere
2979 456 3165 500 contra
3203 463 3386 502 sacras
3415 447 3672 516 imagines

401 527 538 596 ipsis
566 526 993 583 bibliothecariis
1033 529 1282 599 neglecti,
1321 541 1602 601 propterea
1637 531 1781 601 quod
1815 534 1975 587 char—

403 617 546 672 taeei
583 625 637 672 et
686 618 826 671 male
873 620 1163 689 compacti,
1201 630 1254 674 et
1303 620 1536 676 fortasse
1583 623 1757 677 mutili
1803 639 1866 679 ac
1900 625 1965 678 h-

399 709 512 764 ceri
551 721 726 764 erant.
760 709 1002 782 Eamque
1049 714 1218 782 ipsam
1251 731 1374 769 cum
1412 715 1657 770 Boivinio
1691 717 1978 785 opinamur

400 815 622 854 causam
666 799 856 866 fuisse,
893 817 992 857 cur
1043 804 1094 857 in
1129 820 1224 860 eos
1266 807 1565 877 catalogos,
1607 809 1700 878 qui
1749 826 1892 865 nunc
1924 811 1976 864 in

396 891 724 947 bibliotheca
775 891 977 948 Veneta
1030 906 1188 963 sunt,
1245 914 1351 951 non
1403 899 1556 953 relati
1610 899 1876 956 fuerunt:
1922 902 1976 955 in

396 983 597 1050 quibus
631 986 835 1040 nullam
867 998 1081 1045 exstare
1110 989 1372 1060 Magnetis
1405 993 1762 1057 mentionem,
1792 994 1976 1050 Boivi-

396 1075 548 1128 nium
584 1077 712 1130 olim
764 1077 1028 1133 docuerat
1072 1081 1186 1147 ipse
1233 1082 1679 1140 bibliothecarius
1718 1085 1975 1153 Venetus,

394 1166 805 1222 eruditissimus
851 1168 1037 1225 Letus.
1077 1169 1233 1238 Quod
1281 1173 1422 1228 idem
1461 1176 1773 1244 nuperrime
1799 1179 1979 1235 adhuc

395 1272 459 1310 ex
487 1257 683 1314 litteris
729 1260 1034 1316 doctissimi
1076 1264 1361 1334 cujusdam
1411 1267 1594 1331 amici,
1632 1267 1873 1325 Venetiis
1899 1271 1981 1325 vi-

397 1357 506 1402 tatn
542 1351 773 1420 agentis,
799 1369 900 1422 ope
931 1358 1259 1424 promotoris
1295 1365 1456 1426 atque
1495 1359 1714 1430 collega:
1749 1362 1978 1432 conjun-

395 1439 625 1494 ctissimi
679 1441 741 1496 Ι).
796 1443 1064 1499 Feuerlini
1132 1452 1529 1518 perspeximus.
1584 1450 1786 1507 Praeter
1832 1455 1979 1510 hunc

395 1533 636 1588 codicem
675 1533 962 1604 Venetum,
996 1541 1086 1608 qui
1119 1555 1310 1596 omnes
1343 1543 1583 1610 quinque
1613 1545 1780 1601 libros
1819 1549 1977 1602 Ἀπο-

396 1624 660 1694 κριτικῶν
695 1629 980 1698 complecti
1006 1630 1228 1697 dicitur,
1275 1634 1328 1686 in
1373 1633 1624 1706 Catalogo
1657 1654 1782 1691 mss.
1814 1639 1977 1694 libro-

395 1733 513 1769 rum
566 1717 890 1774 bibliothch
947 1721 1238 1790 γαίη-απαξ,
1279 1724 1368 1793 qui
1403 1727 1530 1780 olitn
1573 1744 1738 1798 penes
1764 1731 1977 1801 episco-

395 1823 524 1876 pum
559 1807 946 1867 Norviecnsem
977 1815 1027 1868 in
1056 1815 1246 1887 Anglia
1284 1816 1400 1882 fuit,
1433 1819 1679 1874 similiter
1707 1823 1977 1891 reperitur

397 1900 486 1954 ltic
543 1902 734 1957 titulus
772 1905 892 1958 libri
925 1908 1254 1980 εΜάγνητος
1299 1913 1362 1964 ἐκ
1408 1911 1515 1965 τῶν
1544 1912 1680 1986 πρὸς
1711 1915 1977 1987 ’Έλληνας

396 1995 775 2068 ἀποκρίσεων,
819 2016 978 2069 quem
1023 2019 1088 2056 ex
1137 2003 1238 2057 fide
1287 2017 1666 2076 excerptorum
1711 2007 1796 2063 Jo.
1842 2008 1972 2066 Ern.

396 2086 580 2143 Grabii
610 2090 716 2144 huc
748 2092 1094 2150 referendum
1144 2096 1424 2166 duximus,
1453 2109 1513 2155 ut
1553 2103 1796 2158 curatius
1823 2104 1973 2158 illum

395 2181 634 2238 codicem
680 2173 1038 2258 investigandi
1080 2190 1524 2249 subministretur
1559 2198 1798 2252 occasio.
1837 2196 1974 2252 Dum

395 2270 562 2342 igitur
601 2275 756 2343 plura
793 2293 856 2332 ac
891 2281 1123 2336 certiora
1155 2285 1221 2339 de
1255 2285 1467 2357 integro
1509 2303 1670 2357 opere
1713 2287 1976 2358 Magnetis

395 2365 688 2434 aliquando
743 2371 1043 2436 tradantur,
1091 2376 1360 2445 jacturam
1418 2379 1576 2434 istam
1630 2381 1976 2452 aliquatenus

394 2462 662 2516 resarcire
713 2462 948 2532 juvabit,
997 2467 1042 2522 si
1098 2470 1394 2538 pleniorem
1431 2471 1857 2545 fragmentorum
1908 2491 1974 2530 ex

396 2549 499 2604 hoc
533 2552 790 2609 thesauro
819 2556 1098 2627 deperdito
1133 2571 1512 2632 excerptorum
1565 2566 1810 2620 notitiam
1848 2582 1972 2622 cum

291 2654 310 2677 ι
393 2642 611 2696 erudito
659 2645 792 2698 orbe
841 2649 1467 2720 conuuunicaverimus,
1531 2653 1848 2726 fontesque,
1905 2674 1972 2714 ex

391 2732 594 2800 quibus
621 2736 725 2790 ista
767 2737 985 2794 haurire
1024 2741 1199 2810 licuit,
1234 2744 1678 2802 indicaverimus.
1709 2749 1975 2807 Latebant

388 2825 600 2892 scilicet
646 2829 699 2882 in
736 2830 1081 2890 bibliothecis
1129 2851 1290 2906 opera
1328 2836 1385 2892 S.
1421 2837 1707 2910 Nicephori
1742 2844 1974 2912 patriar-

393 2919 511 2974 chae
539 2920 645 2977 (ΞΡ.
681 2925 1010 2996 dogmatica,
1039 2936 1154 2985 slve
1183 2930 1333 2986 Libri
1360 2935 1692 2990 antirrhetici
1725 2953 1826 3008 pro
1868 2939 1973 2996 ﬁde

389 3013 690 3070 orthodoxa
715 3017 978 3076 adversus
1007 3019 1496 3082 lconomachorum
1525 3027 1692 3084 falsas
1715 3031 1972 3086 crimina-

2083 548 2334 603 usurpata
2363 547 2504 590 sunt.

2335 628 2361 699 §
2391 628 2530 684 XVI.
2567 629 2764 701 Scopas
2790 633 3106 701 scriptorum
3132 632 3418 704 Magnetis.

2161 717 2396 790 Scopum
2431 724 2596 778 totius
2624 725 2803 794 operis
2835 725 3056 780 Macarii
3093 727 3288 793 nostri,
3333 728 3404 782 de
3437 743 3552 798 quo
3579 744 3667 784 su-

2081 826 2178 879 pra
2207 811 2321 880 jam
2365 821 2477 866 tum
2516 812 2542 884 §
2589 814 2622 868 9
2657 815 2918 869 nonnulla
2951 817 3208 870 adnotata
3258 831 3386 871 esse
3419 820 3665 879 memini.

2082 903 2284 971 optime
2326 903 2738 973 dijudicandum
2786 920 2909 960 esse
2956 906 3192 961 arbitror
3221 922 3290 962 ex
3332 907 3426 960 illa
3460 906 3666 961 descri-

2084 994 2290 1064 ptione,
2322 1011 2486 1065 quam
2541 994 2882 1066 Niceph‘orus
2929 998 3238 1067 patriarcha
3282 1014 3412 1053 cum
3447 999 3670 1069 reliquis

2087 1087 2446 1153 antistitibus,
2466 1088 2558 1157 qui
2579 1105 2792 1143 summa
2817 1106 2945 1145 cura
2977 1092 3078 1145 hoc
3107 1092 3377 1162 scriptum
3407 1091 3672 1162 Magnetis

2083 1180 2390 1249 perlegendi
2453 1191 2614 1251 atque
2674 1183 2816 1237 haud
2880 1181 3248 1252 perfunctorie
3304 1187 3667 1240 examinandi

2081 1288 2305 1328 causam
2334 1275 2595 1338 habuere,
2621 1285 2934 1345 sequentem
2971 1276 3023 1330 in
3058 1277 3281 1331 modum
3312 1277 3371 1331 in
3397 1280 3677 1332 Λυκίη-ἠε-

2081 1366 2201 1419 ticis
2254 1365 2368 1420 suis
2415 1368 2712 1436 exposuit:
2763 1366 3043 1420 Θεοσοένει
3088 1367 3146 1420 δέ
3196 1386 3301 1421 τινι
3361 1373 3679 1440 προστρωνεῐ

2077 1461 2186 1513 τῶν
2215 1461 2353 1529 ἄγαν
2383 1459 2750 1514 εὐνουστάτων
2783 1460 2931 1532 αὐτῷ
2969 1460 3063 1513 καὶ
3111 1460 3312 1530 φίλων,
3347 1463 3451 1514 καὶ
3491 1461 3676 1533 ὥσπερ

2078 1553 2188 1606 τῶν
2216 1553 2390 1622 λόγων
2416 1553 2681 1625 διορθωτῇ
2722 1555 2816 1607 καὶ
2861 1557 3022 1626 κριτῇ
3057 1553 3380 1626 ὑπάρχοντι·
3412 1556 3443 1607 ὁ
3472 1555 3534 1608 δὲ
3563 1573 3678 1608 σκο-

2081 1647 2180 1709 πὸς
2207 1646 2353 1717 αὐτῷ
2392 1647 2495 1717 τῆς
2537 1647 2919 1720 πραγματείας
2953 1647 3096 1700 κατὰ
3134 1647 3409 1719 Ἑλλήνων
3440 1643 3678 1718 enabit:-

2079 1758 2190 1803 ται,
2219 1741 2312 1793 καὶ
2346 1739 2551 1793 τούτων
2585 1739 2817 1811 μάλιστα
2844 1741 2979 1811 πρός
3010 1758 3130 1794 τινα
3161 1740 3270 1794 τῶν
3303 1743 3368 1794 ἐκ
3397 1741 3507 1810 τῆς
3535 1743 3674 1812 Ἀρι-

2084 1831 2363 1896 στοτέλους
2392 1831 2672 1905 διατριϐῆς
2715 1834 2844 1886 ὄντα
2878 1833 3124 1905 ἐπιφέρει
3167 1832 3267 1898 τὰς
3296 1835 3672 1905 ἁντιρῤήσεκ,

2079 1925 2235 1995 δόξης
2270 1927 2367 1996 μὲν
2410 1925 2519 1980 τῶν
2565 1926 2862 1998 μοναρχίαν
2893 1927 3303 1999 πρεσϐευόντων
3329 1927 3671 1998 ὑπάρχοντα,

2084 2018 2225 2089 μέγα
2256 2018 2311 2070 δὲ
2351 2018 2443 2071 ἐπὶ
2483 2017 2641 2090 σοφξᾳ
2687 2021 2751 2090 τῇ
2799 2017 3030 2091 Θύραθεν
3074 2019 3419 2090 κεκτημένον
3452 2019 3515 2071 τὸ
3551 2019 3675 2089 φρό-

2079 2128 2248 2184 νημα,
2281 2111 2374 2165 καὶ
2421 2111 2610 2174 δεινῶς
2655 2111 2755 2184 τὴν
2797 2111 2970 2184 ὀφρὺν
3000 2111 3142 2165 κατὰ
3178 2111 3290 2164 τῶν
3337 2112 3513 2183 ἱερῶν
3544 2113 3670 2164 ἀνα-

2081 2203 2301 2257 σπῶντα
2345 2203 2650 2272 δογμάτων,
2697 2203 2925 2267 καὶτοῖς
2975 2205 3040 2258 ὲκ
3078 2205 3178 2275 τῆς
3219 2204 3434 2268 οἰκείας
3478 2204 3670 2273 τέχνης

2080 2295 2377 2365 σοφίσμασί
2406 2311 2465 2347 τε
2497 2296 2590 2348 καὶ
2617 2295 2937 2366 πιθανότησι
2968 2296 3068 2366 τῆς
3103 2295 3410 2366 ἁπλότητος
3441 2296 3542 2349 τοῦ
3580 2315 3674 2367 μυ-

2079 2387 2301 2458 στηρίου
2350 2387 2442 2440 τοῦ
2487 2387 2608 2441 καθ’
2642 2388 2792 2459 ἡμᾶς
2834 2387 3413 2473 κατακοεὲψευόμενον.
3452 2387 3513 2441 ld
3547 2399 3668 2442 est:

2078 2481 2351 2550 Scriptum
2395 2497 2545 2533 suum
2581 2489 2847 2549 nuncupat
2881 2479 3176 2552 (Macarius
3217 2479 3468 2551 Magnes)
3510 2479 3670 2534 Theo-

2076 2574 2246 2627 stlteni
2285 2573 2497 2626 cuidam
2541 2573 2910 2627 amantissimo
2938 2572 3374 2642 charissimogue,
3419 2583 3472 2627 et
3521 2575 3669 2640 quasi

2075 2666 2335 2720 librorum
2385 2682 2600 2720 suorum
2644 2665 2971 2719 emendatori
3037 2680 3101 2718 ac
3160 2662 3361 2732 judici.
3417 2660 3668 2717 Instituti

2076 2775 2193 2812 vero
2225 2759 2395 2828 operis
2445 2773 2631 2826 scapus
2683 2768 2869 2809 contra
2905 2753 3114 2809 Grazcos
3167 2754 3456 2824 dirigitur,
3507 2766 3560 2809 et
3606 2772 3665 2807 ex

2075 2851 2316 2906 omnibus
2348 2867 2510 2904 unum
2539 2849 2769 2902 maxime
2796 2847 3138 2902 Aristotelica
3168 2846 3467 2916 disciplina
3495 2848 3662 2900 imbu-

2078 2953 2188 2998 tum
2223 2942 2456 3013 refellere
2495 2942 2784 3004 contendit,
2816 2940 2964 2993 illius
2993 2941 3202 3010 quidem
3237 2939 3512 3009 opinionis
3547 2940 3664 3008 {au-

2077 3044 2276 3103 torem,
2332 3050 2448 3105 qua:
2495 3033 2856 3086 monarcltiam
2905 3032 3132 3096 statuit,
3181 3031 3438 3084 doctrina
3493 3041 3691 3104 autem.

389 3106 566 3161 tiones
595 3117 648 3162 et
671 3124 926 3178 perversa
957 3114 1212 3184 dogmata
1229 3117 1364 3187 (67),
1385 3120 1437 3174 in
1468 3121 1669 3190 quibus
1694 3124 1834 3178 inter
1866 3125 1969 3180 alia
1999 3127 2039 3184 C
2075 3127 2303 3196 profana
2338 3125 2623 3192 tumidum,
2656 3133 2704 3177 et
2743 3123 2798 3178 iu
2825 3139 2980 3176 sacra
3014 3123 3264 3192 dogmata
3299 3122 3546 3176 terribile
3574 3139 3662 3175 su-

386 3199 656 3268 reperitur
682 3201 988 3274 Disputatio
1031 3209 1095 3262 de
1140 3209 1370 3266 Macarii
1420 3213 1686 3286 Magnetis
1733 3219 1970 3273 testimo-

387 3293 512 3360 niis,
546 3310 710 3363 quam
743 3312 806 3353 ex
843 3299 1016 3355 tribus
1057 3301 1342 3360 codicibus
1378 3321 1508 3362 mss.
1551 3309 1769 3378 optimm
1803 3319 1964 3376 notae,

386 3385 556 3458 Regio
584 3389 901 3460 Parisiensi,
933 3393 1250 3454 Colbertino
1293 3407 1347 3453 et
1376 3398 1712 3458 Coisliniano
1756 3403 1963 3459 descri-

385 3489 531 3550 ptam
581 3497 647 3539 ac
695 3486 1012 3542 ﬁdelissima
1068 3505 1199 3544 cura
1254 3492 1506 3546 collatam
1563 3496 1962 3553 exhibebimus.

382 3570 733 3632 Colbertinus
785 3579 956 3634 codex
1010 3583 1497 3652 membranaceus,
1547 3588 1707 3656 cujus
1760 3589 1967 3644 descri-

382 3663 545 3720 bendi
591 3669 804 3737 cepiam
856 3669 1068 3728 cl..Jo'.
1120 3672 1369 3729 Boivinio
1419 3677 1534 3746 jam
1594 3687 1708 3734 tum
1766 3680 1965 3736 fecerat

384 3753 576 3826 Steph.
609 3759 887 3830 Baluzius,
911 3776 1258 3835 pervetustus
1299 3778 1402 3834 est,
1438 3786 1732 3836 annorum,
1760 3783 1818 3828 ut
1847 3775 1964 3844 epi-

382 3849 616 3906 nahatur
662 3853 968 3924 Boivinius,
999 3861 1389 3929 sagacissimus
1435 3865 1778 3934 antiquitatis
1822 3866 1963 3922 litte-

381 3941 544 3997 rarim
589 3958 994 4016 perscrutator,
1045 3952 1216 4008 ferme
1268 3957 1727 4027 octingentorum.
1761 3960 1962 4030 Regius

381 4036 838 4097 membranaceus
889 4043 1063 4099 eidem
1096 4048 1268 4104 multo
1308 4051 1586 4106 recentior
1607 4061 1821 4108 aetatem
1857 4054 1962 4109 500

379 4138 651 4184 annorum
689 4148 798 4202 pra:
847 4149 906 4191 se
940 4136 1100 4202 ferre,
1132 4148 1185 4192 et
1209 4156 1274 4194 ex
1306 4142 1476 4211 priori
1511 4143 1816 4216 descriptus
1838 4162 1961 4203 esse

378 4217 611 4274 videtur.
648 4222 1020 4283 Coislinianus
1050 4230 1408 4302 bombycinus
1452 4236 1693 4304 quidem,
1722 4239 1816 4294 sed
1845 4242 1960 4295 exi-

379 4311 504 4366 miae
550 4314 907 4375 nihilominus
958 4330 1120 4384 notae,
1165 4334 1218 4376 et
1262 4325 1544 4395 antiquus,
1594 4330 1844 4388 videlicet
1902 4351 1955 4389 x1

379 4402 597 4458 circiter
648 4410 854 4475 sazculi,
886 4410 1072 4479 judice
1118 4415 1286 4470 celeb.
1333 4415 1396 4472 D.
1451 4417 1857 4478 Montl‘auconio
1899 4427 1952 4480 in

375 4494 709 4553 Bibliotheca
735 4499 1085 4567 Coisliniana,
1116 4506 1236 4560 cod.
1272 4524 1424 4570 xcnt,
1453 4526 1574 4580 pag.
1608 4513 1729 4566 145.
1757 4513 1814 4568 1η
1852 4517 1955 4573 hac

375 4587 750 4660 Disputatione
779 4595 928 4650 varia
968 4597 1220 4667 leguntur
1251 4611 1501 4670 excerpta
1531 4618 1592 4657 ex
1626 4605 1780 4661 libris
1812 4609 1957 4677 Apo-

374 4685 578 4739 criticis
622 4686 844 4743 Macarii
882 4691 995 4745 sive
1042 4707 1108 4748 ex
1157 4695 1277 4763 ejus
1322 4697 1553 4768 dialogis
1599 4715 1724 4754 cum
1766 4701 1955 4760 Graeco

373 4777 490 4830 sive
539 4778 758 4834 ethnico
808 4783 1159 4855 philosopho,
1212 4789 1414 4857 quibus
1456 4796 1736 4862 praemissa
1787 4805 1872 4850 est
1922 4814 1952 4852 a

371 4867 678 4940 Nicephoro
718 4876 1022 4947 Ἑπίκρισις
1057 4880 1175 4951 ἦτοι
1208 4881 1535 4956 διασάφησις
1562 4886 1670 4940 τῶν
1703 4889 1800 4942 οὐκ
1830 4890 1954 4944 εὐα-

371 4962 481 5030 γῶς
513 4964 880 5038 ὲκληφθεισῶν
913 4973 1053 5025 κατὰ
1078 4974 1185 5043 τῷν
1217 4975 1376 5047 ἱερῶν
1423 4979 1648 5033 εἰκόνων
1682 4983 1949 5054 χρήσεων,

369 5059 636 5128 γενομένη
662 5061 812 5130 παρὰ
839 5062 946 5115 τῶν
981 5065 1340 5135 προεστώτων
1373 5070 1466 5123 τοῦ
1493 5070 1654 5143 ὀρθοῦ
1692 5075 1790 5144 τῆς
1833 5076 1953 5128 Ἐκ-

368 5147 596 5218 κλησὶας
627 5151 918 5221 δόγματος,
946 5155 998 5208 id
1035 5168 1118 5211 est
1145 5177 1157 5211 :
1185 5160 1500 5215 Antistitum
1539 5165 1951 5221 ortltodoxorum

367 5240 628 5306 iudicium
659 5245 764 5298 sive
795 5246 1088 5302 declaratio
1119 5252 1184 5304 de
1209 5255 1520 5310 testimoniis
1551 5256 1696 5326 (scil.
1729 5258 1948 5314 Macarii

437 5488 548 5575 (67)
568 5490 756 5575 Euius.
782 5496 964 5564 operis
1004 5498 1190 5575 inediti
1232 5514 1582 5575 conspectum
1612 5514 1776 5575 atque
1798 5509 1946 5563 elen-

363 5558 528 5638 c‘hum
564 5559 792 5638 Parisiis
819 5558 972 5638 anno
1001 5569 1141 5622 1705
1179 5558 1416 5638 vulgavit
1448 5573 1512 5627 li.
1554 5574 1615 5630 Ρ.
1653 5558 1947 5633 Ᾰηέρίέιῖὖς

363 5625 690 5708 lliandurius,
737 5650 903 5708 quem
950 5637 1011 5692 Β.
1063 5638 1111 5691 J.
1155 5640 1220 5693 A.
1271 5625 1573 5698 Fabricius

365 5697 562 5780 Graia,
594 5702 821 5780 voLHVI,
846 5721 967 5780 pag.
1003 5708 1108 5762 640
1137 5725 1313 5780 seqq..
1344 5697 1592 5771 inseruit.

430 5767 545 5838 {68)
594 5769 647 5825 ln
680 5767 976 5832 Excrc'itat.
1009 5781 1185 5835 sclect.
1217 5767 1361 5851 part.
1397 5767 1625 5852 posteri,
1658 5802 1777 5857 pag.
1818 5788 1941 5844 253.

2071 3218 2348 3289 percilium
2398 3215 2746 3279 attollentem,
2777 3232 2987 3285 sumque
3015 3215 3149 3268 artis
3193 3213 3494 3283 fallacibus
3541 3231 3660 3267 con-

2071 3309 2418 3364 clusiunculis
2447 3307 2909 3378 probabilibusque
2947 3307 3507 3378 argumentationibus
3535 3309 3659 3361 sim-

2068 3405 2302 3474 plicitati
2337 3404 2458 3465 ﬁdei
2505 3412 2701 3458 nostra:
2734 3403 3062 3456 illudentem.
3095 3400 3307 3456 Exinde
3343 3400 3521 3471 igitur
3549 3400 3658 3472 pri-

2069 3513 2218 3550 mum
2268 3496 2320 3550 in
2352 3509 2608 3566 promptu
2658 3504 2742 3549 est
2773 3493 3170 3549 Theostbenem
3207 3508 3321 3547 non
3358 3491 3540 3548 fuisse
3569 3494 3658 3547 ad-

2066 3588 2366 3642 versarium
2414 3586 2634 3642 Macarii
2684 3585 2948 3657 Magnetis
2980 3601 3104 3640 cum
3154 3600 3264 3656 quo
3304 3585 3363 3639 in
3405 3585 3656 3656 disputa-

2069 3680 2216 3735 tione
2268 3695 2368 3735 sua
2404 3680 2768 3745 contenderit,
2809 3678 2904 3734 sed
2952 3678 3186 3733 amicum
3238 3677 3657 3741 charissimam,

2065 3772 2131 3826 ad
2167 3787 2329 3841 quem
2382 3786 2479 3826 ceu
2537 3770 2805 3842 optimum
2837 3769 3076 3840 judicem
3124 3768 3446 3840 Apologiam
3500 3785 3650 3824 suam

2065 3880 2164 3934 pro
2196 3863 2444 3918 doctrina
2475 3862 2789 3918 Christiana
2839 3870 3027 3918 contra
3078 3860 3307 3931 gentiles
3359 3859 3652 3930 Evangelia

2063 3956 2465 4011 calumniantes
2500 3956 2852 4026 conscripsit,
2907 3955 3138 4027 ejusque
3181 3953 3397 4008 nomini
3429 3954 3647 4009 dicavit.

2064 4050 2292 4105 Fallitur
2322 4061 2610 4120 propterea
2645 4050 2949 4106 Turrianus
2994 4060 3106 4106 tum
3143 4051 3197 4105 in
3231 4050 3558 4121 praefatione
3584 4052 3648 4105 ad

2063 4143 2478 4198 Constitutiones
2513 4143 2855 4214 apostolicos,
2892 4153 3004 4198 tum
3037 4143 3088 4197 in
3119 4143 3286 4197 lib..ll
3313 4159 3421 4212 pro
3446 4146 3646 4214 episto-

2061 4237 2128 4291 lis
2161 4235 2500 4307 pontiticum,
2528 4253 2647 4307 cap.
2675 4237 2730 4300 5,
2756 4253 2810 4307 p.
2855 4253 2929 4291 ιιι.
2972 4236 3075 4290 120
3125 4236 3181 4303 b,
3211 4239 3306 4306 qui
3344 4235 3647 4291 Theostbc—

2061 4347 2184 4386 nem
2243 4331 2397 4385 illum
2456 4339 2714 4400 tanquam
2769 4330 3154 4400 philosophum
3221 4327 3641 4398 Peripateticum

2061 4424 2255 4488 Celso,
2291 4421 2594 4493 Porphyrio
2648 4431 2702 4477 et
2749 4421 2999 4490 Juliano,
3045 4419 3350 4476 Christiani
3409 4423 3646 4475 nominis

2063 4515 2330 4579 hostibus,
2385 4529 2668 4585 perperam
2717 4513 2898 4584 jungit
2932 4531 2944 4568 :
2981 4513 3253 4582 simulque
3293 4513 3349 4566 in
3393 4513 3642 4567 eumdem

2060 4623 2303 4662 errorem
2335 4623 2364 4661 a
2399 4606 2672 4661 Turriano
2696 4605 2905 4662 inducti
2929 4614 3056 4660 sunt
3083 4604 3427 4670 Blondellus,
3457 4606 3643 4659 Alber-

2058 4700 2241 4764 tinus,
2275 4699 2524 4766 Caveus,
2560 4698 2827 4765 Sandius,
2861 4708 2916 4753 et
2959 4697 3128 4752 With.
3172 4695 3307 4752 Ern.
3353 4696 3644 4752 Tenzelius

2059 4791 2196 4862 (68),
2243 4800 2554 4846 asserentes
2592 4790 2896 4861 Magnetem
2936 4789 3314 4845 Christianum
3353 4791 3641 4860 scripsisse

2056 4884 2318 4938 adversus
2385 4882 2787 4938 Thcosthenem
2854 4883 3147 4953 gentilem,
3205 4882 3636 4952 discrepantiam

2053 4977 2512 5047 evangelistarum
2589 4985 2643 5030 et
2713 4977 2817 5030 alia
2884 4977 2938 5029 in
2989 4974 3302 5044 Evangeliis
3359 4985 3636 5030 notantem

2055 5069 2495 5137 Christianisque
2538 5069 2909 5138 objicientcm.
2941 5069 3164 5124 Rectius
3212 5078 3397 5123 autem
3430 5067 3636 5120 Zacha-

2054 5161 2166 5215 rias
2191 5161 2468 5216 Cretensis
2494 5162 2623 5216 citat
2655 5162 2918 5232 Magnetis
2963 5159 3280 5229 Ἀπολογίαν
3323 5160 3422 5214 τοῦ
3469 5161 3636 5228 Εῠατο

2054 5252 2235 5320 γελίου
2285 5254 2421 5326 πρὸς
2463 5255 2763 5326 Θεοοθένη,
2816 5271 2976 5325 quem
3021 5263 3243 5310 secutus
3290 5263 3377 5309 est
3431 5253 3628 5307 Anton.

2053 5505 2377 5561 Conferatur
2399 5508 2560 5562 etiam
2587 5507 2638 5562 J.
2667 5508 2730 5563 A.
2757 5507 2990 5563 Fabricii
3038 5507 3310 5564 Salutaris
3332 5508 3431 5564 lux
3457 5507 3630 5563 Eun-

2053 5579 2192 5646 gelii,
2241 5593 2364 5648 pag.
2400 5579 2522 5641 154,
2569 5589 2624 5633 et
2653 5596 2774 5634 ven.
2829 5579 2890 5634 D.
2935 5579 3221 5634 Moshemii
3257 5579 3626 5635 Institution:

2053 5649 2662 5723 bigat‘iw‘ﬂltristiame
2707 5651 3046 5719 antiquioris,
3099 5667 3225 5707 saec.
3278 5667 3362 5720 tu,
3411 5662 3549 5723 part.
3583 5667 3622 5717 ι,

2057 5717 2083 5787 §
2119 5717 2168 5785 7,
2197 5735 2248 5788 p.
2288 5718 2386 5773 2H
2422 5721 2681 5776 editionis
2714 5717 3058 5791 nttperrimte.
