3888 6536
220 347 369 404 1369

1416 347 1700 404 ΝΟΤΙΤΙΑ
1735 348 1822 403 ΕΤ
1862 349 2304 407 FRAGMENTA.

3352 351 3493 406 1370

214 457 558 516 Possevinus
594 459 896 532 Apparatus
926 464 1065 517 sacri
1097 472 1228 520 tom.
1259 465 1326 530 ll,
1361 482 1414 537 p.
1442 481 1518 521 ιιι.
1557 467 1644 532 50,
1671 467 1806 522 scri-
1835 470 1878 528 Α
1911 468 2000 523 isti
2026 467 2239 523 Platoni
2270 483 2380 539 pm
2419 468 2630 523 caeteris
2678 467 2952 530 faverent,
2984 476 3038 522 et
3069 466 3150 521 vel
3179 463 3491 520 Platonico-

212 551 360 607 hens
393 552 460 606 de
486 551 764 621 Magnete:
786 552 1109 626 Evangelica:
1140 558 1408 630 Apologia?
1438 559 1600 614 libros
1627 559 1806 614 Crwce

211 644 436 712 scripsit
476 645 546 698 ad
582 643 951 701 Theosthenem
991 649 1238 704 adversus
1274 651 1490 721 gentiles
1533 651 1804 723 Evangelii

210 735 666 790 calumniatores.
700 735 872 793 Porro
901 755 1100 810 sc0pus
1133 742 1315 812 operis
1345 741 1576 797 refertur
1613 745 1677 799 ad
1704 761 1802 816 op-

211 828 546 896 pugnandos
578 827 817 896 Graecos,
866 833 1256 903 speciatimque
1301 834 1366 888 ad
1412 836 1803 892 confutandum

211 919 489 974 celebrem
525 922 812 991 quemdam
844 923 963 992 ejus
1005 925 1179 979 artatis
1215 925 1617 996 philosophum,
1642 945 1801 998 quem

211 1008 564 1085 Nieephorus
597 1023 882 1083 propterea
926 1013 1268 1071 Aristotelica
1299 1018 1585 1088 disciplina
1626 1019 1803 1074 imbu-

208 1111 334 1159 tum
361 1106 630 1168 nominat,
667 1107 810 1176 quod
847 1108 1098 1161 insanum
1139 1109 1436 1164 dialecticae
1463 1111 1704 1165 studium
1736 1127 1800 1166 ex

212 1195 514 1252 Aristotele
560 1197 830 1262 hauserit,
866 1200 1159 1270 multisque
1190 1201 1585 1258 subtilitatibus
1612 1202 1802 1273 logicis

213 1287 624 1358 simplicitatem
659 1289 986 1346 Christianae
1028 1291 1148 1347 fidei
1182 1293 1254 1347 sit
1294 1294 1614 1349 insectatus.
1648 1294 1804 1351 llunc

210 1396 349 1434 vero
380 1382 762 1452 philosophum
789 1382 966 1452 ipsum
992 1383 1163 1438 fuisse
1185 1383 1550 1456 Porphyrium
1579 1384 1799 1457 Syrum,

210 1487 313 1527 seu
354 1472 603 1544 Tyrium,
650 1475 982 1530 acerrimum
1016 1476 1453 1531 Christianorum
1494 1477 1798 1547 inimicum,

208 1573 418 1636 praeter
452 1576 697 1621 exactam
733 1568 908 1622 relatis
937 1567 1092 1638 juxta
1123 1577 1285 1638 atque
1315 1568 1577 1625 doctrina:
1601 1585 1801 1626 conve-

210 1656 501 1723 nientiam,
538 1660 766 1713 suadent
790 1660 1047 1729 plurima,
1079 1676 1200 1730 quae
1233 1661 1287 1714 in
1319 1660 1636 1732 fragmentis
1664 1663 1801 1717 scri-

208 1757 433 1819 ptorum
487 1748 708 1804 Macarii
764 1750 1031 1821 Magnetis
1088 1763 1418 1821 occurrunt,
1468 1755 1612 1809 haud
1666 1771 1799 1810 sane

210 1842 518 1910 spernenda
575 1842 789 1898 indicia.
856 1843 1012 1909 Quod
1039 1842 1084 1898 si
1121 1844 1265 1898 enim
1309 1846 1484 1900 atatis
1533 1847 1798 1902 rationem

209 1934 587 1997 attendamus.
616 1951 778 2006 supra
806 1936 918 2006 jam
964 1944 1076 1990 tum
1109 1937 1545 1993 demonstratum
1576 1948 1681 2004 est,
1720 1939 1798 1992 ri-

211 2029 367 2084 xisse
395 2028 702 2100 Magnetem
740 2041 988 2084 nostrum
1033 2030 1180 2084 circa
1226 2031 1462 2085 medium
1491 2033 1573 2087 vel
1607 2034 1798 2087 saltem

210 2118 379 2172 ﬁnem
426 2120 608 2174 saz-culi
639 2135 760 2174 aera:
793 2119 1114 2176 Christiana:
1164 2121 1327 2176 tertii.
1361 2122 1538 2192 Atque
1568 2123 1634 2176 de
1671 2121 1802 2178 Por-

207 2210 411 2282 phyrio
462 2212 662 2280 pariter
711 2221 948 2278 constat,
994 2227 1118 2268 eum
1151 2211 1220 2266 50
1264 2229 1438 2268 annos
1487 2223 1676 2266 natum
1733 2213 1800 2268 ab

207 2311 361 2356 anno
409 2301 613 2358 Christi
645 2303 750 2357 265
793 2303 983 2360 Roma
1040 2303 1212 2359 fuisse
1254 2303 1452 2359 Plotini
1486 2305 1797 2374 philosophi

207 2391 480 2448 Platonici
523 2394 826 2448 auditorem
847 2433 861 2454 ,
896 2393 1205 2464 ibidemque
1236 2394 1654 2464 septuagenario
1679 2410 1798 2448 ma~

201 2484 384 2553 jorem
417 2499 561 2540 anno
590 2484 792 2540 Christi
832 2486 938 2540 503
971 2486 1110 2540 diem
1141 2484 1340 2541 ohiisse
1368 2485 1501 2556 (69).
1538 2485 1800 2552 Quamvis

209 2576 384 2646 igitur
413 2575 752 2649 Porphyrius
802 2593 948 2631 anno
999 2587 1120 2648 post
1165 2578 1390 2632 Adriani
1439 2578 1648 2632 obitum
1696 2577 1799 2632 120

212 2667 422 2735 ﬂoruit,
473 2669 639 2724 istum
693 2678 875 2738 tamen
931 2670 1313 2741 imperatorem
1361 2671 1708 2741 potissimum
1743 2671 1797 2725 in

121 2747 130 2756 ’
210 2759 586 2830 disputatione
617 2778 718 2816 sua
749 2761 823 2816 De
851 2763 1159 2816 manare/tia
1186 2763 1366 2817 divina
1400 2763 1452 2816 in
1488 2763 1797 2833 exemplum

209 2851 537 2920 imperantis
585 2854 895 2910 monarchte
951 2856 1172 2910 adducit
1237 2871 1362 2910 cum
1430 2870 1494 2910 eo
1559 2865 1799 2925 tempore

207 2942 442 2998 Adriani
470 2946 732 3000 memoria
766 2946 945 3002 adhuc
975 2946 1196 3017 vigeret,
1238 2948 1474 3002 maxime
1503 2947 1645 3016 apud
1679 2947 1798 3017 phi-

208 3033 492 3103 losophos,
545 3052 683 3105 quos
726 3037 815 3091 ille
858 3037 914 3091 in
968 3039 1149 3094 aulam
1210 3038 1419 3108 primus
1478 3037 1796 3102 introduxit,

208 3135 264 3180 et
302 3124 766 3184 familiarissimos
817 3129 1026 3183 habuit.
1075 3131 1222 3184 Inter
1270 3131 1612 3186 characteres
1642 3131 1798 3185 istius
1826 3168 1868 3223 ϐ

208 3218 562 3288 philosophi,
634 3236 757 3276 cum
842 3238 949 3291 quo
991 3221 1223 3292 Magneti
1292 3232 1478 3277 nostro
1539 3239 1628 3278 res
1671 3232 1792 3290 est,

205 3305 553 3379 Nicephorus
584 3311 803 3380 quidem
843 3313 1118 3379 observat,
1143 3328 1268 3367 eum
1300 3313 1646 3369 Aristotelica
1674 3314 1796 3384 phi-

209 3398 462 3470 losophia
512 3399 782 3455 imbutum
833 3400 1039 3471 fuisse;
1073 3405 1218 3474 quod
1264 3414 1443 3459 tamen
1494 3403 1797 3476 Porphyrio

211 3493 540 3563 phiIOSOpho
583 3491 865 3551 Platonico
916 3497 1340 3568 haudquaquam
1369 3493 1682 3553 'convenire
1711 3500 1796 3553 vi~

211 3585 428 3640 deatur.
479 3583 678 3642 Verum
729 3597 881 3642 tanto
926 3590 1172 3646 veritatis
1220 3591 1403 3646 studio
1460 3590 1800 3664 Porphyrius

216 3677 496 3743 excelluit,
528 3687 588 3733 ut
631 3694 740 3734 non
773 3689 976 3736 temere
1007 3681 1075 3736 ad
1121 3697 1285 3736 unam
1319 3682 1560 3752 aliquam
1595 3694 1798 3738 sectam

217 3771 370 3826 velut
392 3772 457 3826 ad
486 3773 770 3843 scOpulum
819 3773 1128 3840 adhaeserit,
1164 3789 1264 3828 nec
1293 3774 1560 3844 juraverit
1601 3775 1654 3829 in
1700 3790 1800 3829 cu-

210 3862 473 3933 jusquam
506 3865 751 3934 magistri
782 3865 968 3920 verba.
1012 3865 1232 3918 Interim
1267 3865 1405 3920 duos
1434 3865 1539 3920 sibi
1584 3867 1801 3936 potissi-

217 3970 370 4008 mum
415 3955 651 4025 elegerat
701 3955 901 4022 duces,
950 3969 1185 4025 quorum
1234 3955 1462 4026 vestigia
1511 3965 1799 4024 premeret,

216 4045 498 4118 Platonem
528 4053 692 4116 atque
719 4046 1089 4112 Aristotelem,
1121 4060 1260 4116 quos
1289 4047 1341 4100 in
1388 4046 1676 4116 praecipuis
1706 4046 1803 4100 do-

218 4139 410 4196 ctrina:
451 4140 723 4209 capitibus
753 4140 894 4193 inter
940 4153 1000 4194 se
1041 4138 1355 4194 consentire
1391 4139 1604 4208 prolixo
1641 4152 1802 4206 opere

219 4233 563 4305 probandum
580 4240 892 4302 susceperat
916 4232 1148 4301 (70-71).
1166 4233 1241 4286 lla
1259 4246 1492 4300 namque
1509 4229 1673 4286 refert
1687 4228 1805 4284 Sui-

218 4326 352 4390 das,
401 4325 762 4396 Porphyrium
813 4322 1142 4390 defendisse,
1194 4339 1360 4377 unam
1397 4337 1519 4377 esse
1562 4321 1804 4378 Platonis

217 4429 276 4476 et
306 4419 614 4474 Aristotelis
642 4427 847 4474 sectam
885 4436 899 4473 :
928 4418 1072 4472 unde
1102 4433 1224 4471 cum
1251 4416 1537 4485 utriusque
1567 4416 1806 4486 philoso—

1908 576 2028 614 rum
2078 562 2161 615 vel
2209 559 2674 633 Pythagoreorum
2723 559 3139 628 appellationem
3175 558 3488 613 aﬂ‘eetarent

1909 651 2042 723 (72).
2073 650 2210 706 Cum
2259 667 2424 720 porro
2475 649 2815 720 Nicephorus
2862 649 3024 704 istum
3068 650 3486 718 philosophum,

1907 754 2094 798 contra
2131 760 2290 814 quem
2326 743 2595 798 Macarius
2625 742 2864 812 scripsit,
2908 743 3012 797 hoc
3043 744 3356 797 charactere
3386 742 3484 794 de-

1907 834 2104 904 signat,
2137 834 2279 904 quod
2327 834 2489 888 fuerit
2532 834 2777 887 doctrina
2814 834 3042 902 profana
3086 834 3316 886 tumidus
3345 842 3392 886 et
3429 833 3484 885 in

1904 943 2058 980 sacra
2085 926 2335 996 dogmata
2365 925 2597 978 terribile
2633 925 2974 992 supercilium
3019 923 3265 976 attollens
3299 937 3316 975 :
3344 921 3482 975 For--

1905 1021 2099 1092 phyrio
2130 1021 2317 1090 utique
2357 1034 2467 1084 non
2513 1019 2746 1073 sublime
2774 1019 2948 1072 solum
2982 1033 3045 1070 ac
3073 1017 3309 1070 validum
3337 1016 3486 1085 inge-

1906 1112 2055 1164 nium
2093 1109 2284 1174 fuisse,
2317 1109 2410 1165 sed
2442 1117 2496 1163 et
2537 1109 2832 1164 vehemens
2881 1118 3044 1177 atque
3073 1108 3268 1176 'aliquo
3301 1105 3485 1158 furore

1905 1202 2224 1268 admistum,
2251 1217 2316 1256 ex
2353 1203 2573 1273 scriptis
2606 1203 2779 1272 ipsius
2810 1200 3195 1269 snperstitibus
3229 1199 3360 1253 satis
3390 1212 3486 1267 ap-

1907 1306 2080 1364 paret.
2110 1295 2454 1365 Quapropter
2480 1305 2532 1350 et
2560 1294 2796 1350 Eusebio
2821 1293 2933 1364 (75)
2965 1293 3188 1346 τοιαῦτα
3214 1308 3488 1362 κατακομ-

1904 1389 2086 1460 πήσας
2109 1389 2331 1452 dicitur,
2360 1389 2408 1443 id
2443 1398 2546 1452 est,
2575 1387 2719 1458 quod
2748 1389 2814 1442 ad
2849 1387 3052 1441 fastum
3080 1395 3132 1441 et
3165 1386 3486 1439 ostentatio-

1903 1498 2026 1537 nem
2067 1482 2230 1536 verba
2265 1497 2362 1536 sua
2386 1482 2757 1551 composuerit
2787 1502 2800 1536 :
2832 1489 2885 1536 et
2923 1480 2979 1535 S.
3006 1480 3207 1551 Cyrillo
3239 1478 3349 1547 (74)
3381 1493 3481 1532 au-

1903 1573 1983 1629 dit
2031 1576 2060 1628 ὁ
2102 1573 2308 1646 θρασὺς
2356 1573 2478 1627 καθ’
2507 1572 2664 1644 ἡμῶν
2713 1573 3042 1645 Πορφύριος.
3093 1570 3276 1640 Neque
3321 1571 3481 1623 aliam

1902 1682 2004 1736 ego
2034 1682 2256 1720 causam
2294 1664 2464 1720 fuisse
2497 1665 2726 1720 dixerim
2763 1666 3006 1734 (perapte
3053 1663 3237 1717 scribit
3272 1660 3485 1716 llolste-

1903 1760 2028 1814 nius
2061 1759 2098 1812 l.
2129 1774 2178 1813 e.
2207 1774 2261 1828 p.
2292 1757 2443 1826 254),
2488 1757 2661 1811 rabidi
2711 1757 2857 1811 illius
2887 1756 3029 1820 odii,
3071 1770 3179 1824 quo
3220 1755 3484 1808 adversus

1903 1850 2268 1906 Christianam
2297 1849 2613 1917 religionem
2660 1863 2772 1918 pra:
2810 1847 3018 1902 caeteris
3057 1845 3290 1911 furebat,
3319 1862 3480 1915 quam

1902 1942 2046 2013 quod
2077 1941 2294 1995 animus
2337 1948 2466 1993 atra),
2501 1939 2624 1992 bilis
2657 1938 2924 1992 fermento
2967 1945 3212 2006 turgens,
3235 1944 3287 1990 et
3316 1936 3482 1989 nimia

1901 2032 2223 2086 eruditionis
2276 2028 2429 2098 copia
2482 2027 2704 2082 inflatus
2770 2027 3124 2094 semetipsum
3205 2040 3312 2079 non
3385 2041 3478 2078 ra-

1900 2134 2070 2196 peret.
2123 2122 2444 2192 Opinionem
2533 2129 2774 2174 nostram
2850 2119 3131 2172 confirmat
3182 2117 3479 2181 doctrinae,

1901 2232 2064 2284 quam
2098 2216 2322 2270 tradidit
2362 2214 2733 2286 Porphyrius,
2772 2229 2896 2268 cum
2929 2210 3144 2282 placitis
3174 2209 3482 2278 philosophi

1901 2306 2195 2363 Macariani
2245 2308 2604 2377 comparatio.
2667 2305 2840 2375 llujus
2907 2305 3052 2357 enim
3116 2301 3363 2357 doctrina
3421 2301 3484 2354 de

1901 2401 2210 2456 monarchia
2258 2401 2474 2466 divina,
2517 2415 2680 2469 quam
2730 2397 3000 2452 Macarius
3041 2395 3261 2466 Magnes
3309 2394 3486 2462 impu-

1901 2503 2049 2564 gnat,
2085 2493 2140 2546 in
2187 2508 2252 2547 eo
2301 2492 2554 2547 consistit
2589 2513 2601 2544 :
2643 2491 2813 2547 Deum
2867 2492 3086 2561 proprie
3128 2487 3482 2541 monarcham

1903 2583 2044 2637 haud
2090 2582 2196 2636 dici
2244 2596 2439 2652 posse,
2480 2581 2585 2637 nisi
2621 2582 2914 2650 imperaret
2959 2580 3092 2645 diis;
3141 2576 3284 2632 istud
3339 2576 3482 2629 enim

1900 2672 2239 2741 majestatem
2277 2671 2516 2725 divinam
2564 2670 2954 2740 caelestemque
2997 2684 3060 2723 ac
3102 2682 3370 2721 summam
3401 2663 3486 2718 di-

1901 2763 2160 2833 gnitatem
2195 2763 2390 2816 decere
2419 2777 2433 2813 :
2465 2777 2605 2831 quos
2635 2777 2762 2815 vero
2793 2759 3091 2824 Christiani
3135 2756 3356 2825 angelos
3384 2771 3484 2808 vo-

1900 2865 2044 2922 cant,
2075 2857 2168 2926 qui
2200 2872 2301 2910 nec
2332 2856 2466 2926 pati,
2505 2872 2604 2910 nec
2632 2856 2792 2919 mori,
2840 2871 2939 2910 nec
2979 2853 3255 2924 corrumpi
3293 2861 3484 2906 natura

1901 2965 1999 3004 sua
2026 2957 2278 3019 possunt,
2304 2965 2419 3015 eos,
2446 2948 2574 3018 quia
2622 2947 2898 3002 Divinitati
2942 2947 3227 3018 pmpiores
3268 2953 3416 3008 sunt,
3452 2959 3483 2998 a

1901 3041 2192 3112 gentilibus
2219 3041 2350 3096 deos
2380 3041 2662 3111 appellari.
2694 3039 2872 3109 Atque
2917 3041 3031 3094 haec
3061 3047 3252 3093 exacte
3283 3051 3484 3090 conve-

1903 3134 2203 3188 niuntcum
2235 3132 2521 3204 Porphyrii
2552 3132 2844 3195 sententia,
2881 3131 2972 3201 qui
3010 3132 3164 3200 juxta
3197 3145 3320 3183 cum
3361 3127 3484 3182 aliis

1901 3223 2241 3296 philosophis
2282 3223 2552 3292 ejusmodi
2603 3222 2891 3276 πολυοεῖαν
2930 3223 3312 3285 venerabatur,
3341 3223 3481 3291 qua,

1899 3327 1958 3372 ut
1984 3316 2202 3370 Maximi
2232 3315 2378 3388 Tyrii
2409 3315 2590 3370 verbis
2630 3324 2754 3370 utar
2799 3317 2944 3384 (75),
2978 3315 3138 3368 Deum
3168 3331 3277 3369 esse
3320 3329 3482 3367 unum

1899 3410 2192 3473 statuebat,
2224 3426 2389 3480 regem
2414 3411 2645 3464 omnium
2677 3422 2722 3464 et
2750 3409 2989 3470 Patrem,
3021 3407 3214 3460 multos
3242 3422 3358 3460 vero
3393 3406 3491 3458 ad-

1898 3500 2039 3554 ditos
2072 3516 2182 3554 esse
2211 3500 2332 3553 deos
2365 3500 2519 3567 alios,
2556 3502 2645 3571 qui
2677 3501 2907 3571 supremi
2952 3499 3099 3554 illius
3146 3498 3247 3568 ﬁlii
3275 3499 3402 3562 sint,
3431 3500 3481 3551 et

1899 3592 2050 3661 quasi
2084 3592 2139 3644 in
2163 3592 2381 3661 imperio
2421 3591 2655 3664 collegae.
2691 3593 2968 3664 Legantur
2997 3590 3282 3662 Porphyrii
3319 3589 3483 3643 verba

1899 3697 1965 3735 ex
2003 3682 2097 3737 lib.
2150 3698 2188 3737 ιι
2235 3681 2313 3736 De
2347 3682 2689 3748 abstinentia,
2734 3699 2790 3753 p.
2840 3699 2914 3737 ιιι.
2966 3681 3068 3749 50,
3124 3682 3250 3736 edit.
3284 3680 3484 3735 Grmca:

1900 3773 2231 3829 Florentinze
2279 3783 2332 3829 et
2389 3773 2661 3830 Eusebius
2710 3775 2787 3829 De
2833 3774 3224 3845 praeparatione
3274 3788 3481 3842 evang,

1902 3868 1998 3922 lib.
2031 3884 2104 3932 ιν,
2135 3883 2254 3937 cap.
2285 3867 2372 3935 19,
2415 3885 2472 3938 p.
2504 3885 2579 3922 m.
2627 3867 2766 3932 166;
2815 3883 2938 3921 cum
2986 3866 3188 3936 quibus
3235 3867 3484 3921 conferre

1898 3959 2073 4030 juvat,
2106 3976 2229 4029 quae
2259 3976 2324 4015 ex
2376 3960 2602 4030 reliquis
2652 3959 2939 4030 Porphyrii
2989 3958 3206 4028 scriptis
3240 3959 3385 4012 hanc
3429 3958 3480 4011 in

1900 4065 2015 4104 rem
2058 4051 2286 4105 adduxit
2342 4049 2570 4106 Huetius
2613 4052 2666 4104 in
2724 4051 3116 4116 Quaestionibus
3166 4049 3481 4117 Alnetanis,

1900 4158 1955 4213 ι).
1983 4159 2058 4198 m.
2097 4143 2198 4197 108
2222 4159 2376 4213 seqq.
2404 4142 2535 4210 Quae
2565 4143 2825 4215 peculiari
2861 4158 3026 4212 opera
3068 4141 3243 4198 fusius
3273 4151 3482 4212 pertra-

1901 4234 2095 4288 ctanda
2139 4244 2334 4301 erunt,
2381 4250 2505 4289 cum
2553 4235 2672 4305 ipsa
2724 4235 3170 4305 Θεολογούμενα
3218 4233 3484 4304 Magnetis

1901 4325 2373 4394 perlustrabimus.
2404 4325 2648 4381 Similem
2677 4341 3006 4381 consensum
3033 4326 3322 4380 verborum
3350 4323 3482 4379 Por-

1905 4416 2081 4487 phyrii
2109 4415 2186 4470 De
2216 4417 2535 4487 imaginibus
2570 4419 2790 4472 deorum
2822 4418 2957 4489 (76),
2989 4419 3169 4488 qualia
3199 4419 3266 4473 ex
3291 4433 3357 4472 eo
3387 4417 3484 4472 ad-

219 4513 366 4585 phiaa
393 4527 548 4580 aeque
579 4513 787 4581 peritus
816 4519 980 4578 esset,
1008 4510 1352 4564 Aristotelica
1383 4509 1584 4578 ubique
1613 4506 1797 4561 Plato-
1830 4512 1873 4566 D
1902 4508 2059 4562 duxit
2083 4508 2353 4564 Eusebius
2386 4510 2521 4581 (77),
2543 4512 2833 4566 observare
2863 4512 3047 4566 licebit
3076 4527 3199 4564 cum
3242 4511 3329 4575 iis,
3361 4526 3484 4579 qua:

220 4603 361 4658 nicis
395 4603 706 4657 admiscuit.
738 4601 895 4668 Quod
923 4612 976 4656 et
1011 4602 1237 4659 Proclus
1264 4601 1357 4654 lib.
1391 4601 1484 4655 lin
1520 4599 1797 4664 Timamm,

218 4713 276 4768 p.
317 4696 403 4760 18,
435 4703 687 4762 testatur,
724 4695 816 4748 ubi
853 4695 928 4750 ait
963 4693 1320 4765 Porphyrium
1361 4690 1801 4765 Περιπατητικὰς

219 4787 505 4852 ἀποδόσεις
528 4787 942 4860 παρεσφέροντα
967 4786 1114 4840 λύειν
1157 4785 1254 4850 τὰς
1284 4785 1634 4850 Πλατωνικὰς
1669 4786 1798 4838 ἀπο-

223 4881 368 4954 ρίας.
403 4880 579 4948 Atque
627 4879 733 4934 hoc
777 4878 1112 4933 liberrimum
1147 4877 1563 4947 philosophandi
1604 4892 1799 4946 genus,

220 4970 368 5045 quod
402 4970 568 5040 paulo
599 4980 724 5024 ante
778 4969 846 5023 ab
883 4967 1174 5022 Ammonio
1221 4967 1593 5021 Alexandrino
1625 4966 1801 5022 fuerat

223 5062 619 5126 introductum,
645 5063 884 5115 maxime
913 5063 1235 5129 probaverat
1259 5058 1614 5130 Porphyrius,
1645 5058 1803 5113 adeo-

225 5171 335 5229 que
366 5156 435 5212 ad
482 5156 714 5212 classem
747 5153 1142 5209 Eclecticorum
1179 5151 1370 5207 referri
1422 5151 1641 5217 maluit,
1676 5151 1803 5206 licet

298 5384 410 5455 (69)
447 5384 566 5439 Vid.
603 5383 764 5440 Luca-
791 5383 1075 5455 Holsteniig
1100 5383 1234 5438 diss.
1269 5382 1352 5455 ρεν
1377 5384 1488 5455 vita
1510 5391 1560 5436 et
1588 5382 1800 5455 scriptis

227 5452 535 5526 Porphyrii,
580 5472 702 5523 cap.
753 5455 822 5522 Ξ,
867 5456 920 5509 in
973 5453 1216 5508 Fabricii
1266 5453 1522 5508 Bibliotlt.
1574 5452 1797 5520 Grazca,

227 5525 347 5584 vol.
369 5525 456 5587 IV,
484 5542 536 5595 p.
559 5525 664 5579 217
694 5541 808 5595 seq.

301 5593 514 5664 (70-71)
544 5593 786 5650 Notante'
801 5594 932 5650 Luc.
956 5593 1236 5650 Holslenio
1268 5595 1304 5649 l.
1332 5609 1382 5650 c.
1409 5609 1464 5664 p.
1495 5594 1622 5649 235.

302 5663 413 5736 (72)
443 5663 600 5721 COnf.
634 5665 812 5736 Celeb.
849 5665 914 5719 1).
959 5665 1240 5736 Moshemii
1290 5663 1426 5736 diss.
1475 5663 1800 5736 Deiturbata

229 5735 324 5823 per
353 5738 662 5823 recentigqes
683 5735 984 5823 Platonico:
1014 5735 1271 5818 Ecclesia,
1299 5735 1391 5823 ᾗ,
1415 5744 1469 5823 et
1488 5735 1540 5823 ξ’)2
1564 5735 1801 5823 itemque

232 5804 287 5866 in
322 5808 467 5863 notis
502 5806 568 5862 ad
593 5806 907 5862 Cudworthi
939 5804 1182 5877 Systema
1214 5804 1588 5874 intéllectuate,
1616 5822 1670 5876 p.
1697 5805 1801 5860 642

1903 4603 1955 4656 in
1983 4603 2156 4658 Graeci
2183 4604 2490 4674 phil050phi
2521 4605 2994 4674 argumentatione
3037 4619 3136 4672 pro
3176 4603 3480 4657 idololatria

1904 4696 1957 4749 in
1996 4696 2366 4766 disputatione
2422 4694 2643 4750 Macarii
2701 4696 2873 4749 nostri
2939 4695 3305 4763 reperiuntur.
3368 4691 3480 4748 Nec

1903 4785 2085 4840 minus
2117 4801 2204 4845 ea.
2235 4802 2356 4856 qua":
2385 4785 2655 4840 Macarius
2696 4785 2917 4854 Magnes
2950 4785 3086 4838 libro
3120 4800 3180 4837 ιιι
3222 4784 3482 4850 Ἀποκρι-

1913 4873 2093 4928 τικῶν
2123 4875 2189 4930 de
2207 4876 2488 4930 sacrificiis
2512 4883 2563 4928 et
2597 4874 2662 4948 de
2697 4874 3036 4928 dmmonihus
3065 4874 3322 4943 disputat,
3353 4889 3476 4928 cum

1902 4968 2126 5022 oraculo
2151 4967 2434 5036 Apollinis,
2460 4968 2604 5035 quod
2637 4967 2906 5021 Eusebius
2929 4983 2993 5021 ex
3021 4966 3304 5038 Porphyrii
3339 4967 3478 5022 libro

1901 5059 2096 5128 λογίων
2131 5059 2448 5129 φιλοσοφίας
2477 5057 2659 5112 retulit
2702 5057 2834 5128 (78),
2871 5057 3105 5128 perfecte
3137 5057 3473 5127 conspirant.

1901 5151 2047 5207 Nihil
2099 5152 2376 5222 apertius,
2427 5164 2590 5219 quam
2637 5149 2785 5219 quod
2832 5149 2900 5204 ad
2946 5149 3233 5221 Porphyrii
3279 5147 3477 5220 placita

1901 5393 1954 5440 et
1976 5381 2099 5438 682.

1998 5455 2084 5520 73)
2117 5453 2362 5522 Prwpar.
2392 5469 2573 5520 evang.
2600 5452 2694 5506 lib.
2733 5467 2816 5513 ιιι,
2842 5466 2963 5521 cap.
2987 5451 3050 5522 77.

1999 5525 2084 5594 74)
2117 5521 2276 5579 Ιλὶιιζι
2315 5533 2498 5594 contra
2523 5522 2822 5594 lulianum,
2851 5537 2903 5594 p.
2939 5521 3027 5594 ’2_8.

1972 5591 2086 5662 (75⁷)
2119 5595 2195 5648 Ex
2231 5594 2449 5647 dissert.
2479 5593 2530 5653 l,
2561 5609 2612 5661 p.
2643 5609 2716 5646 ιιι.
2749 5592 2781 5644 6
2804 5591 2933 5644 edit.
2964 5591 3187 5645 Davisii.

1972 5666 2086 5735 (76)
2111 5663 2270 5719 Conf.
2305 5663 2438 5720 Luc.
2467 5662 2782 5735 Holstenius
2815 5662 2850 5714 l.
2881 5676 2930 5714 c.
2959 5677 3026 5735 p._
3048 5663 3168 5735 268.

1973 5729 2086 5800 (77)
2124 5735 2365 5802 Ρτωραν.
2401 5750 2578 5803 evang.
2605 5733 2698 5785 lib.
2731 5749 2811 5796 ιιι,
2838 5729 2971 5800 ρίψζ
2996 5732 3027 5803 7
3055 5733 3122 5788 ab
3153 5729 3331 5788 initio.

1974 5804 2086 5875 (78)
2119 5803 2356 5862 Prwvar.
2393 5802 2574 5873 evang.
2611 5803 2705 5859 lib.
2739 5818 2810 5869 tv,
2847 5816 2966 5872 cap.
2998 5802 3048 5856 7.
