3888 6508
446 355 589 410 ’1571

1732 329 2089 425 manuus
2129 369 2429 427 MAGNES.

3567 379 3702 430 15ῑὲ

453 475 768 550 respiciant,
804 479 896 547 qui
938 481 1090 536 solus
1119 481 1231 538 fere
1265 499 1330 538 ex
1367 487 1646 555 gentilium
1687 489 2022 559 philosophis
2051 497 2096 550 Α
2125 490 2234 544 tius
2259 491 2625 562 polyarchiam
2657 493 2882 547 deorum
2918 493 3360 564 gcntilium,cum
3387 495 3698 548 monarchia

450 567 843 623 sacrificiorum
891 573 1185 642 primordia
1232 576 1558 646 investigare
1593 596 1882 650 aggressus
1915 592 2016 646 est,

442 666 502 713 Et
531 657 648 727 ipse
680 659 898 715 demum
929 665 1304 734 pervulgatum
1341 668 1621 738 gentilium
1655 685 1896 726 errorem
1931 672 2022 740 ju-

449 750 674 820 gulavit,
713 752 842 807 dum
889 756 1156 812 sacrificia
1195 767 1248 812 et
1290 761 1646 816 mactationes
1687 778 1715 815 a
1745 779 1870 816 vera
1907 766 2020 834 pie-

448 847 557 896 tate
582 842 754 896 aliena
785 859 926 911 esse,
959 862 1285 918 crassusque
1317 866 1380 905 ac
1413 853 1722 909 materiales
1746 855 2017 913 ilzemones

446 949 567 990 esse
589 939 979 1006 pronuntiavit,
1011 941 1102 1010 qui
1134 943 1436 997 hostiarum
1461 961 1712 1015 vaporem
1751 947 2018 1004 fmtidum-

443 1041 550 1094 que
603 1026 845 1082 nidorem
901 1040 1188 1100 expetant;
1239 1035 1316 1088 uti
1367 1047 1594 1091 testatur
1645 1037 2016 1097 Theodoretus

446 1114 758 1187 Tlierapeut.
801 1135 966 1177 serm.
1021 1124 1066 1174 7.
1123 1125 1342 1180 Accedit
1377 1143 1560 1198 porro,
1634 1132 1780 1200 quod
1839 1133 2016 1202 philo-

442 1210 648 1278 sophus
699 1211 808 1274 ille,
845 1229 970 1268 cum
1023 1231 1127 1285 quo
1177 1219 1515 1275 conflictatur
1547 1221 1843 1289 Macarius,
1889 1227 2014 1281 reli-

441 1299 620 1368 gionis
652 1301 976 1360 Christiana:
1019 1317 1070 1361 et
1119 1307 1412 1378 Scripturze
1443 1328 1612 1368 sacra:
1657 1325 1768 1370 tum
1805 1318 2011 1375 Veteris

438 1401 552 1444 tum
608 1391 740 1448 Novi
799 1397 1127 1452 Testamenti
1176 1403 1343 1471 probe
1395 1421 1598 1474 gnarus
1644 1407 1825 1464 fuerit.
1875 1411 2000 1466 Fre-

439 1495 667 1553 quenter
695 1503 820 1542 eum
853 1491 918 1544 ad
949 1491 1245 1562 Scriptura:
1277 1512 1446 1552 sacra:
1477 1501 1783 1557 testimonia
1815 1520 2010 1573 provo-

439 1594 564 1633 care
594 1580 873 1650 videmus,
907 1585 1156 1655 interque
1202 1589 1308 1642 alia
1361 1593 1640 1658 speciatim
1696 1595 1762 1648 ad
1817 1595 2003 1651 Matth.

439 1679 575 1756 xxii,
603 1669 694 1733 ‘29,
724 1670 824 1736 30;
863 1672 1033 1728 Exod.
1065 1691 1213 1740 xxxr,
1249 1677 1347 1744 18;
1381 1679 1515 1735 Gen.
1549 1699 1702 1751 xvm,
1737 1685 1802 1738 16
1828 1701 2002 1756 seqq.;

439 1753 610 1814 Exod.
665 1778 808 1828 xxu,
851 1763 955 1832 28;
1002 1767 1201 1836 quibus
1253 1773 1531 1838 gentilium
1572 1753 2006 1834 idololatrimfué

437 1863 562 1902 cum
611 1851 775 1907 veluti
811 1856 1080 1914 obducere
1129 1866 1371 1920 tentavit.
1413 1867 1611 1936 Ecquis
1643 1886 1770 1925 vero
1809 1872 2002 1939 nescit,

435 1939 792 2014 Porphyrium
831 1949 972 2004 inter
1018 1968 1131 2008 sua:
1172 1959 1346 2012 aetatis
1375 1939 1722 2029 philosophos
1751 1963 1805 2016 in
1834 1966 2003 2021 sacris

434 2030 627 2088 litteris
657 2039 1085 2097 vcrsatissimum
1117 2043 1324 2102 fuisse?
1356 2065 1514 2117 quem
1547 2066 1652 2104 non
1684 2050 1884 2106 Mosern
1912 2071 2002 2108 so-

433 2123 566 2190 lum,
605 2128 695 2182 sed
729 2131 1036 2188 universam
1073 2135 1128 2190 S.
1161 2136 1494 2208 Scripturam
1523 2144 1739 2198 assidua
1777 2145 2002 2202 lectione

429 2217 667 2283 trivisse,
717 2231 768 2275 ct
818 2224 870 2276 in
921 2227 1301 2285 subvertendis
1333 2233 1530 2288 divinis
1571 2236 1806 2291 oraculis
1837 2239 1998 2292 vehe-

428 2319 636 2376 menter
664 2317 973 2371 exercuisse
1002 2320 1300 2390 ingenium,
1320 2339 1426 2378 non
1458 2341 1567 2381 uno
1587 2327 1706 2383 loco
1734 2341 2000 2386 testantur

427 2397 693 2459 Eusebius
741 2405 874 2476 ('79),
914 2407 1286 2468 Theodoretus
1332 2415 1466 2486 (80),
1514 2427 1678 2488 atque
1727 2419 1994 2495 Hierony-

427 2507 549 2547 mus
583 2494 714 2565 (Sl).
753 2495 858 2553 Nec
890 2500 1025 2556 adeo
1063 2503 1281 2570 mirum,
1317 2507 1460 2575 quod
1494 2516 1546 2562 et
1578 2525 1788 2564 sacram
1825 2494 1996 2568 Evan-

426 2582 684 2648 geliorum
721 2587 1002 2643 historiam
1035 2591 1309 2660 falsitatis,
1342 2597 1719 2654 inconstantiae
1739 2640 1752 2664 ,
1783 2610 1836 2655 et
1864 2617 1996 2657 con-

426 2674 761 2731 tradictionis
796 2683 1150 2747 accusaverit,
1183 2700 1412 2755 eamque
1443 2703 1550 2741 non
1575 2703 1604 2741 a
1637 2688 1764 2756 Deo,
1797 2692 1888 2746 sed
1926 2692 1994 2748 ab

425 2763 736 2822 hominibus
761 2769 1054 2838 profectam
1082 2789 1200 2830 esse
1228 2777 1590 2834 calumniatus
1621 2781 1688 2835 sit
1722 2798 1735 2834 :
1768 2781 1820 2836 id
1847 2783 1990 2852 quod

423 2867 592 2920 pauca
641 2855 729 2909 illa
783 2857 1083 2931 fragmenta
1118 2879 1182 2917 ex
1229 2865 1383 2921 libris
1413 2868 1584 2936 ipsius
1614 2881 1800 2924 contra
1830 2871 1991 2925 Chri-

423 2942 629 3000 stianos
657 2949 872 3020 scriptis
903 2953 1245 3018 confirmant,
1278 2972 1398 3025 qua:
1425 2959 1638 3030 collegit
1663 2947 1837 3017 Lucas
1864 2961 1990 3018 Hol-

422 3035 627 3092 stenius
661 3039 696 3093 l.
729 3057 778 3096 c.
815 3059 934 3113 cap.
983 3045 1068 3112 11,
1117 3063 1236 3116 pag.
1273 3047 1376 3102 274
1416 3065 1567 3120 seqq.
1607 3050 1759 3108 Unde
1805 3055 1987 3112 nullus

419 3126 626 3196 dubito,
657 3130 747 3186 illa
789 3135 974 3203 etiam,
1017 3153 1138 3207 qua:
1176 3139 1394 3210 Magnes
1423 3141 1561 3197 libro
1593 3160 1630 3198 ιι
1670 3155 1723 3200 et
1755 3161 1782 3198 v
1827 3147 1987 3201 Ἀπο-
2012 3179 2052 3237 C

417 3219 692 3286 κριτικῶν
723 3234 912 3282 contra
960 3230 1233 3298 gentilem,
1264 3231 1681 3302 discrepantiam
1713 3237 1985 3307 evangeli-

417 3319 624 3366 starum
650 3323 703 3368 et
729 3317 836 3370 alia
865 3319 1024 3375 nobis
1053 3321 1190 3378 falso
1215 3323 1268 3376 in
1295 3322 1584 3395 Evangelio
1612 3327 1980 3398 objicieutem,

415 3403 652 3472 scripsit,
683 3407 807 3462 huic
833 3409 933 3479 ipsi
967 3411 1265 3484 Porphyrio
1297 3415 1467 3472 fuisse
1501 3419 1767 3487 Opposita.

523 3494 548 3565 §
581 3495 741 3551 XVII.
786 3501 1035 3572 Analysis
1079 3506 1492 3578 fragmentorum
1530 3511 1868 3566 inedilorum.

481 3585 616 3642 Cum
651 3589 716 3642 R.
748 3591 808 3647 P.
845 3594 1132 3652 Anselmus
1159 3599 1464 3656 Bandurius
1493 3603 1592 3656 levi
1617 3605 1872 3673 penicillo
1895 3621 1983 3676 ge-

413 3679 612 3732 neralia
643 3689 846 3738 tantum
877 3688 1051 3756 capita
1079 3690 1241 3760 hujus
1271 3701 1531 3758 tractatus
1567 3695 1754 3750 inediti
1787 3697 1981 3768 attige-

413 3770 482 3824 rit
515 3771 648 3841 (82),
674 3774 816 3831 haud
839 3778 934 3834 abs
959 3795 1018 3835 re
1039 3782 1160 3848 erit,
1191 3783 1234 3837 si
1260 3785 1588 3840 succinctam
1614 3771 1772 3842 istius
1795 3789 1982 3857 dispu-

411 3864 648 3932 tationis,
667 3883 787 3936 qua:
803 3869 1101 3940 fragmenta
1115 3873 1375 3945 Magnetis
1397 3879 1566 3932 nostri
1583 3881 1978 3952 complectitur,

409 3955 798 4028 subjungamus
830 3965 1094 4035 analysin,
1133 3975 1190 4022 ut
1219 3977 1330 4022 tum
1361 3971 1474 4038 ipsa
1500 3973 1737 4028 auctoris
1771 3976 1979 4027 Θεολο-

407 4048 683 4116 τούμενα,
710 4061 822 4106 tum
853 4071 918 4109 ex
948 4056 1146 4124 quibus
1173 4059 1326 4115 libris
1360 4061 1770 4132 Ἀποκριτικῶν
1799 4081 1860 4120 ea
1889 4067 1978 4122 de-

405 4149 623 4210 sumpta
654 4144 783 4210 sint,
820 4147 1100 4216 aliquanto
1129 4153 1353 4220 prOpius
1379 4153 1644 4223 dispicere
1672 4157 1971 4225 possimus.

403 4227 461 4283 In
492 4235 756 4300 prommio
799 4249 1070 4307 monetur,
1107 4259 1211 4296 non
1246 4260 1368 4298 esse
1403 4255 1604 4300 temere
1627 4248 1846 4303 cuilibet
1877 4250 1975 4304 do-

403 4321 590 4375 ctrina:
623 4325 968 4392 credendum,
1017 4330 1112 4382 sed
1141 4332 1191 4384 ei
1227 4337 1433 4386 tantum
1473 4351 1593 4402 quae
1621 4337 1792 4392 sacris
1823 4338 1972 4392 Scri-

341 4453 348 4460 .
403 4411 575 4478 putris
609 4427 847 4482 congrua
885 4417 974 4471 sit.
1010 4417 1112 4472 Ubi
1161 4421 1322 4474 simul
1349 4423 1416 4476 de
1446 4425 1584 4478 mala
1637 4425 1972 4482 ﬁde‘lcono-

2124 583 2366 650 supremi
2395 581 2648 638 Numinis
2671 584 2772 637 hac
2802 584 3012 637 ratione
3037 585 3332 639 conciliare
3352 584 3584 638 annisus
3605 595 3696 646 est,

2122 673 2268 742 quod
2309 675 2606 728 monarcha
2635 691 2742 728 non
2772 677 2860 738 sit,
2899 679 2991 745 qui
3021 677 3169 730 solus
3212 685 3317 742 est,
3351 677 3446 730 sed
3475 679 3570 744 qui
3607 677 3698 730 im-

2119 773 2270 834 perat
2322 766 2506 832 solus;
2543 783 2642 821 nec
2675 767 2818 821 Deus
2847 769 3062 838 proprie
3099 769 3403 822 monarcha
3441 769 3696 824 dicendus

2120 857 2208 920 sit,
2258 858 2363 912 nisi
2401 859 2692 928 imperaret
2723 860 2847 924 diis,
2879 861 2972 930 qui
3007 861 3252 914 eamdem
3284 877 3414 915 cum
3449 877 3518 913 eo
3547 861 3698 914 habe-

2118 959 2238 1002 rent
2273 958 2542 1004 naturam.
2575 951 2707 1020 Cap.
2742 953 2774 1006 ’5
2799 952 3175 1021 complectitur
3219 951 3596 1022 fragmentum
3641 969 3692 1018 ιι,

2117 1037 2231 1091 sive
2259 1041 2670 1108 responsionem
2703 1039 2924 1096 Macarii
2957 1043 3022 1096 ad
3068 1057 3130 1096 ea
3166 1058 3287 1111 quae
3317 1043 3556 1097 Gnaeus
3589 1045 3694 1112 phi-

2115 1125 2378 1196 1050phus
2423 1129 2489 1183 de
2543 1131 2857 1184 mouarchia
2906 1131 3086 1186 divina
3130 1133 3516 1202 disputaverat
3543 1152 3556 1186 :
3587 1135 3694 1187 scil.

2114 1234 2225 1272 non
2271 1220 2348 1274 rei
2395 1237 2460 1275 ex
2505 1221 2744 1288 nomine,
2783 1224 2873 1277 sed
2923 1225 3160 1280 nominis
3199 1241 3266 1279 ex
3307 1243 3370 1280 re
3419 1227 3698 1280 veritatem

2112 1312 2371 1379 pendere,
2409 1323 2573 1383 atque
2617 1316 2918 1384 apostolum
2965 1317 3194 1371 Paulum
3245 1317 3428 1372 lCor.
3463 1335 3570 1373 vm
3619 1337 3698 1374 ve-

2111 1415 2226 1453 ram
2286 1402 2623 1457 divinitatem
2680 1403 2746 1458 ab
2798 1405 3148 1478 homonymia
3201 1423 3524 1471 secernere,
3575 1411 3696 1464 dum

2109 1507 2297 1546 verum
2330 1493 2497 1548 Deum
2521 1499 2755 1552 essentia
2789 1498 2953 1552 Deum
2982 1515 3104 1554 esse
3127 1503 3344 1570 preprie
3371 1499 3693 1566 Dominum,

2108 1585 2245 1638 alios
2278 1597 2456 1640 autem
2489 1587 2781 1658 impr-eprie
2811 1599 2864 1644 et
2893 1591 3110 1645 nomine
3147 1601 3360 1650 tantum
3411 1594 3554 1647 deos
3599 1595 3696 1649 dici

2107 1677 2318 1731 asserit.
2340 1677 2469 1748 Cap.
2497 1680 2530 1733 4
2557 1681 2772 1734 exhibet
2803 1679 3163 1752 fragmentum
3195 1699 3281 1750 ιιι,
3313 1683 3370 1738 in
3401 1701 3522 1753 quo
3555 1687 3694 1740 sisti-

2109 1779 2196 1821 tur
2223 1767 2396 1824 Grzzeci
2429 1770 2734 1840 philosophi
2762 1774 3158 1842 argumentatio
3206 1789 3306 1843 pro
3355 1775 3690 1840 idololatria,

2039 1838 2077 1892 Β
2107 1859 2272 1928 petita
2297 1875 2362 1913 ex
2393 1838 2718 1918 testimoniis
2748 1838 3042 1930 Scriptura:
3066 1877 3254 1926 sacrm,
3290 1863 3692 1933 speciatimque

2107 1951 2228 2007 loco
2263 1951 2496 2008 Matthtei
2527 1969 2644 2022 cap.
2675 1969 2812 2018 xm,
2841 1953 2932 2016 9.9,
2976 1953 3066 2018 50,
3115 1966 3164 2009 et
3205 1954 3386 2010 Exod.
3417 1973 3578 2021 xxxi,
3611 1959 3686 2022 l8,

2103 2057 2168 2095 ex
2200 2042 2399 2112 quibus
2443 2044 2663 2114 angelos
2696 2044 2808 2097 sive
2838 2043 2968 2097 deos
3015 2053 3262 2098 naturam
3309 2046 3523 2101 habere
3557 2048 3694 2101 divi«

2103 2149 2250 2201 nam,
2281 2134 2450 2189 Deum
2499 2149 2626 2189 vero
2669 2135 2868 2189 habere
2896 2134 3097 2205 digitos
3137 2137 3452 2207 colligebat.
3488 2137 3622 2206 Cap.
3657 2139 3686 2192 5

2100 2225 2450 2295 subjungitur
2484 2225 2844 2296 fragmentum
2877 2243 2949 2293 tv,
2999 2225 3053 2284 in
3085 2243 3195 2296 quo
3223 2227 3506 2283 Macarius
3539 2230 3686 2298 obje-

2099 2325 2184 2371 cta
2213 2317 2332 2372 loca
2372 2317 2668 2388 Scriptura:
2696 2318 2953 2382 vindicat,
2987 2329 3039 2373 et
3067 2327 3319 2374 naturam
3347 2321 3686 2390 incorrupti-

2099 2407 2335 2463 bilitatis!
2371 2416 2532 2478 atque
2576 2409 3000 2463 immortalitatis
3053 2409 3396 2479 angelorum.
3461 2413 3596 2481 quin
3633 2423 3682 2468 et

2097 2498 2504 2554 similitudinem
2529 2515 2652 2554 cum
2685 2516 2939 2568 supremo
2967 2499 3202 2555 Numine
3229 2503 3484 2570 exponit.
3509 2505 3682 2574 Atque

2095 2589 2150 2643 in
2210 2591 2314 2646 hoc
2365 2591 2674 2646 testimonio
2725 2590 2947 2646 Macarii
2997 2591 3286 2663 Magnetis‘
3315 2597 3680 2664 pervertendo

2097 2683 2845 2754 fraudemtlconomachorum
2869 2689 3214 2758 potissimum
3231 2702 3516 2746 versatam
3541 2709 3676 2757 esse,

2093 2777 2302 2845 prolixe
2325 2787 2720 2832 commemorat
2749 2777 3106 2849 Nicephorus.
3143 2781 3275 2850 Cap.
3309 2783 3344 2836 6
3383 2783 3678 2838 adducitur

2092 2867 2453 2937 fragmentum
2487 2885 2540 2932 ν,
2574 2869 2628 2923 in
2661 2885 2769 2940 quo
2801 2871 3210 2927 laudatissimus
3243 2885 3445 2928 auctor
3497 2885 3676 2930 noster

2089 2957 2364 3014 irridendo
2389 2960 2834 3031 explodendoque
2857 2961 3266 3018 idololatrarum
3297 2967 3672 3032 stoliditatem,

2088 3059 2237 3105 muto
2273 3053 2527 3122 ﬁgmento
2581 3069 2767 3124 preces
2818 3054 3246 3121 admoventium,
3277 3059 3418 3127 quin
3463 3075 3600 3114 saxo
3625 3069 3673 3114 et

2088 3143 2235 3212 ligno
2280 3143 2490 3200 Numen
2526 3147 2785 3202 incubare
2814 3149 3191 3211 statuentium,
3222 3149 3670 3206 Christianorum

2087 3233 2248 3288 fidem
2297 3251 2487 3304 puram
2535 3235 2774 3291 declarat
2825 3253 2878 3293 et
2925 3239 2993 3292 ab
3035 3242 3184 3293 omni
3217 3251 3498 3297 creatura:
3529 3245 3670 3298 cultu

2084 3325 2420 3392 immunem;
2451 3337 2505 3381 et
2537 3327 2877 3383 Christianos
2910 3330 3092 3398 potius
3139 3332 3192 3383 in
3241 3331 3296 3385 id
3351 3333 3672 3388 incumbere

2081 3417 2299 3483 asserit,
2333 3427 2393 3472 ut
2439 3419 2736 3488 angelicam
2783 3421 2948 3474 vitam
2992 3423 3292 3486 imitentur,
3325 3440 3440 3479 non
3495 3438 3670 3481 autem

2093 3509 2252 3579 lignis
2285 3521 2340 3565 et
2372 3513 2519 3566 saxis
2551 3511 2767 3582 aliaque
2815 3513 3040 3570 materia
3088 3513 3277 3569 edictis
3331 3518 3670 3588 imaginibus

2082 3610 2316 3656 mentem
2349 3603 2582 3657 habeant
2621 3604 2864 3658 infixam.
2901 3604 2976 3659 Ex
3009 3606 3209 3675 quibus
3239 3609 3426 3664 verbis
3455 3611 3668 3664 antisti.

2083 3705 2161 3748 tes
2217 3695 2503 3751 orthodoxi
2561 3712 2667 3751 una
2721 3713 2844 3752 cum
2906 3695 3208 3767 Nicephoro
3271 3698 3666 3763 lcpnomachos

2080 3796 2402 3856 coarguunt,
2435 3803 2741 3842 sermonem
2790 3787 3000 3842 auctori
3055 3796 3244 3862 nostro
3279 3803 3394 3841 non
3425 3805 3552 3843 esse
3595 3791 3658 3843 de

2079 3877 2408 3948 imaginibus
2437 3880 2626 3944 sacris,
2657 3895 2842 3934 verum
2873 3881 2940 3935 de
2967 3880 3244 3949 gentilium
3275 3881 3462 3936 idolis.
3491 3882 3660 3948 Quam

2077 3971 2132 4023 in
2159 3987 2272 4025 rem
2306 3987 2423 4041 cap.
2452 3973 2485 4028 8
2517 3973 2694 4028 adhuc
2717 3975 2878 4028 aliam
2910 3975 3157 4032 fraudem
3189 3978 3316 4032 huic
3348 3979 3660 4033 testimonio

2075 4061 2336 4132 Magnetis
2359 4066 2427 4118 ab
2450 4066 2761 4122 adversario
2789 4067 2993 4122 illatam
3025 4069 3340 4134 observant,
3373 4073 3526 4140 quod
3555 4073 3656 4126 sci-

2074 4155 2200 4209 licet
2233 4165 2354 4224 post
2385 4158 2476 4210 illa
2505 4159 2784 4227 scriptoris
2805 4160 2967 4214 verba
2999 4179 3012 4214 :
3047 4159 3169 4214 Non
3193 4171 3374 4214 autem
3403 4164 3654 4234 imagines

2073 4245 2284 4299 illorum
2315 4248 2572 4318 efﬁngens,
2601 4265 2794 4304 rursus
2838 4267 2903 4304 ex
2947 4252 3190 4306 oratione
3233 4253 3570 4309 subtraxerit
3595 4256 3656 4309 ιι.

2071 4338 2177 4391 lam
2213 4338 2521 4406 formulam,
2559 4342 2633 4406 ὡς
2667 4343 2772 4414 φὴς
2800 4343 2982 4410 αὑτός,
3015 4357 3069 4398 ut
3099 4347 3207 4414 ipse
3237 4347 3356 4408 ais;
3389 4363 3502 4416 qua
3533 4349 3651 4417 qui-

2072 4430 2193 4483 dem
2228 4441 2334 4484 non
2391 4434 2740 4503 semetipsum
2795 4435 3092 4491 introducit
3151 4439 3508 4507 loquentem,
3563 4439 3648 4493 sed

401 4504 718 4558 machorum
746 4506 1054 4574 disseritur,
1081 4511 1172 4580 qui
1201 4513 1508 4568 testimonia
1540 4525 1731 4571 trunca
1757 4533 1820 4572 ac
1849 4535 1969 4572 mu-
1999 4529 2043 4582 D
2073 4521 2244 4576 Grtcci
2275 4523 2580 4594 philosophi
2613 4527 2893 4597 impugnat
2931 4529 3266 4598 opinionem.
3303 4529 3652 4586 leonomachi

400 4593 512 4659 tila,
557 4595 643 4648 vix
697 4597 949 4654 indicatis
1003 4603 1339 4666 auctoribus,
1397 4607 1756 4663 examinanda
1809 4609 1965 4665 Nice-

395 4683 566 4751 phoro
604 4687 882 4742 miserant.
919 4690 1050 4760 Cap.
1086 4692 1110 4746 1
1149 4695 1259 4763 agit
1308 4696 1588 4765 speciatim
1631 4698 1697 4752 de
1745 4697 1964 4753 Macarii

397 4773 728 4842 Apocrilicis,
764 4781 1196 4854 testimoniisque
1247 4786 1370 4840 inde
1419 4790 1670 4858 sumptis.
1705 4789 1806 4844 Ubi
1853 4792 1966 4860 pri-

395 4881 542 4919 mum
586 4867 910 4938 disquiritur
938 4873 1003 4928 de
1033 4878 1402 4947 manuscripto
1447 4881 1632 4934 codice
1661 4884 1963 4938 vetustissi-

393 4970 502 5020 mo,
539 4957 594 5010 in
623 4975 732 5027 quo
765 4961 1178 5019 continebantur
1207 4969 1509 5036 Apocritica
1538 4971 1778 5038 Macarii,
1816 4975 1964 5028 dein-

392 5049 456 5102 de
511 5049 579 5104 de
626 5051 744 5119 ipso
793 5063 1034 5122 auctore,
1068 5059 1220 5127 cujas
1257 5060 1438 5124 fuerit,
1466 5071 1518 5115 et
1569 5079 1678 5131 quo
1721 5073 1960 5134 tempore

391 5137 606 5203 vixerit,
627 5155 837 5194 necnon
866 5142 932 5196 de
963 5160 1126 5214 scopo
1159 5148 1328 5216 ipsius
1347 5151 1526 5219 Operis
1551 5155 1615 5205 ad
1643 5168 1958 5224 oppugnan-

388 5222 487 5276 dos
513 5222 730 5280 Graecos
762 5227 974 5282 directi.
1012 5232 1146 5302 Cap.
1177 5234 1212 5286 2
1249 5240 1568 5306 proponitur
1597 5222 1955 5311 fragmentum

385 5315 617 5383 primum
648 5334 714 5372 ex
740 5317 1055 5388 Apocriticis
1087 5326 1327 5396 Macarii,
1361 5334 1504 5401 quod
1539 5336 1778 5391 continet
1811 5337 1959 5394 Cra:-

371 5407 430 5460 ~ci
465 5409 770 5479 philosophi
819 5421 872 5466 et
917 5413 1218 5472 idololatrze
1247 5423 1409 5476 verba
1459 5425 1526 5479 ad
1565 5425 1859 5482 Macarium
1893 5431 1957 5485 de

384 5505 699 5560 monarchia
727 5507 929 5576 divina,
961 5511 1158 5581 quippe
1192 5515 1284 5582 qui
1317 5519 1716 5584 monarchiam,
1751 5522 1830 5576 vel
1863 5539 1956 5592 po—

597 5651 836 5736 E'fa-‘Par.
865 5677 1042 5731 evang.
1080 5665 1254 5736 lihzx,
1282 5683 1396 5736 cap.
1427 5669 1476 5724 9.

602 5721 938 5793 Tlreiwpeut.,
973 5721 1136 5786 sin-tn.
1175 5735 1222 5788 7.

453 5789 563 5865 (8i)
603 5789 658 5844 In
683 5789 906 5859 cpiStola
928 5789 1034 5854 ’101
1075 5805 1139 5857 ad
1171 5805 1601 5864 Pamnmchium.
1629 5810 1784 5868 Conf.
1814 5813 1952 5870 Ten-

2066 4615 2211 4668 enim
2264 4617 2516 4672 mutilum
2564 4634 2629 4673 ac
2681 4628 2992 4676 truncatum
3043 4623 3386 4691 protulerant
3431 4623 3650 4678 Macarii

2065 4708 2461 4775 testimonium,
2495 4712 2894 4782 supprimentes
2924 4713 3186 4784 quidquid
3223 4729 3420 4770 eortun
3457 4733 3650 4787 propo-

2065 4799 2168 4853 sito
2217 4817 2382 4871 scopo
2429 4803 2569 4858 haud
2623 4806 2924 4860 conducere
2953 4807 3126 4861 visum
3163 4806 3266 4862 fuit
3303 4827 3316 4862 :
3347 4809 3481 4864 hinc
3505 4826 3648 4879 quieo

2063 4888 2187 4942 dam
2231 4889 2284 4942 in
2317 4891 2779 4961 medio,qu2edam
2809 4895 2862 4948 in
2902 4895 3008 4949 fine
3033 4895 3298 4952 orationis
3327 4900 3642 4962 omiserant,

2063 4993 2183 5044 quae
2215 4978 2511 5050 imaginum
2557 4999 2834 5037 sacrarum
2866 4986 3179 5040 defensores
3227 4989 3468 5044 sollicita
3517 5007 3644 5046 cura

2063 5070 2358 5137 supplenda
2393 5071 2684 5128 duxerunt.
2709 5075 2842 5145 Cap.
2867 5076 2898 5129 8
2924 5076 3200 5146 profertur
3223 5077 3594 5150 fragmentum
3611 5083 3644 5136 6

2060 5169 2114 5211 et
2143 5159 2195 5228 7,
2227 5161 2279 5212 in
2309 5177 2418 5230 quo
2444 5163 2510 5216 de
2538 5163 2849 5221 Abrahamo
2873 5177 2925 5221 et
2953 5169 3157 5238 angelis
3183 5170 3253 5223 ab
3271 5185 3339 5224 eo
3367 5174 3507 5229 visis
3529 5177 3640 5244 agi-

2059 5255 2206 5302 tatur
2254 5253 2504 5320 quaestio.
2537 5251 2650 5308 Etsi
2683 5255 2738 5308 in
2767 5256 3002 5311 humana
3039 5267 3098 5312 ut
3130 5260 3430 5328 plurimum
3465 5265 3640 5334 specie

2059 5339 2186 5392 olim
2243 5342 2418 5410 angeli
2469 5357 2858 5414 apparuerunt,
2907 5357 3146 5404 attamen
3201 5367 3314 5404 non
3367 5353 3426 5406 id
3465 5355 3636 5423 ipsum

2056 5444 2229 5500 erant,
2264 5433 2410 5502 quod
2443 5438 2770 5506 apparebat;
2821 5441 2912 5494 sed
2949 5441 3100 5510 quod
3126 5453 3302 5504 erant,
3337 5445 3392 5499 id
3427 5447 3630 5501 visibiie

2059 5539 2163 5576 non
2235 5535 2368 5580 erat.
2422 5527 2754 5599 Quapmpter
2823 5533 3162 5589 Abrahamus
3239 5551 3474 5605 eorum,
3539 5541 3628 5608 qui

2057 5679 2491 5762 zeli'ifExercitat.
2535 5683 2755 5750 Sclect.,
2793 5698 2932 5757 part.
2958 5669 3207 5762 :poster.,
3253 5709 3308 5762 p.
3341 5694 3450 5749 235
3479 5710 3626 5762 seqq.

2128 5750 2240 5820 (8’2)
2284 5753 2658 5834 ln_cpaispectu
2692 5750 2914 5828 apri-um
2951 5750 3008 5816 ς.
3043 5750 3334 5832 Nicephori
3361 5781 3524 5834 supra
3549 5750 3628 5818 ἱ-ἶ-

2055 5827 2186 5889 tato,
2219 5837 2271 5894 p.
2309 5823 2411 5877 670
2445 5823 2558 5896 seq.
