3888 6536
300 388 442 446 1375

1478 392 1757 449 NOTITIA
1797 395 1884 448 ΕΤ
1926 395 2364 450 FRAGMENTA.

3391 394 3523 446 1574

294 507 402 562 visi
435 515 608 573 erant,
642 522 741 562 nec
797 509 1029 578 speciem
1084 511 1355 580 exprimit,
1385 528 1484 567 nec
1513 515 1866 569 simulacrum
1900 524 1941 576 Α
1975 515 2130 584 plane
2162 515 2420 587 Magnetis
2450 514 2619 567 nostri
2657 513 3023 568 testimonium
3066 526 3152 566 me
3189 510 3381 581 legisse
3414 528 3525 563 mc-

295 598 516 668 sculpit,
554 614 652 653 nec
687 599 973 671 imaginem
1007 604 1062 656 iu
1096 602 1289 656 tabella
1332 605 1533 672 pingit;
1579 621 1700 658 cum
1753 623 1860 660 non

294 691 513 745 deceret
543 692 928 760 patriarcham,
966 694 1072 748 Deo
1098 696 1355 761 amicum,
1389 696 1668 750 hominum
1705 698 1862 752 istius

295 784 473 838 astatis
512 784 1014 852 superstitiosorum
1061 787 1232 840 errori
1265 786 1538 840 addictqu
1588 802 1728 854 esse,
1779 788 1861 841 in-

294 884 462 928 eunte
507 874 618 929 fere
652 875 978 930 idololatria.
1036 875 1290 932 Succedit
1337 879 1402 932 de
1451 879 1638 932 codem
1694 895 1859 948 argu-

294 975 482 1019 mento
529 965 888 1038 fragmentum
931 983 1049 1034 vnt,
1096 970 1149 1023 in
1197 985 1306 1038 quo
1351 969 1616 1024 Macarius
1663 970 1860 1026 Graecis

293 1057 589 1126 exprobrat
614 1059 1079 1128 impudentissima
1107 1061 1330 1116 deorum
1359 1077 1582 1117 suorum
1611 1061 1750 1117 facta
1777 1072 1858 1117 at-

297 1164 404 1216 que
456 1149 740 1205 simulacra
775 1169 788 1204 :
823 1153 1274 1221 quemadmodum
1318 1170 1436 1223 cap.
1468 1154 1500 1206 3
1545 1155 1861 1222 producitur

299 1239 657 1309 fragmentum
695 1258 769 1309 ix,
808 1244 861 1296 in
913 1258 1022 1312 quo
1067 1253 1257 1299 auctor
1301 1249 1511 1313 probat,
1549 1261 1646 1301 nec
1674 1247 1858 1300 mundi

293 1330 582 1396 elementa,
611 1341 830 1398 terram,
865 1349 1086 1404 aquam.
1120 1351 1320 1403 acrem,
1356 1337 1487 1393 deos
1516 1337 1695 1391 vocari
1729 1351 1858 1406 pos-

295 1436 394 1488 se;
439 1438 538 1478 nec
579 1425 761 1490 astris,
792 1424 885 1479 sed
917 1424 1046 1491 Deo,
1079 1427 1173 1495 qui
1209 1427 1299 1480 illa
1321 1442 1350 1481 e
1374 1428 1510 1483 coelo
1556 1426 1856 1496 suspendit,

293 1527 456 1566 suum
496 1513 697 1568 cultum
729 1515 994 1584 integrum
1029 1531 1149 1571 esse
1175 1518 1529 1581 servandum;
1561 1518 1732 1571 multo
1759 1518 1860 1570 tui-

294 1620 401 1658 nus
427 1613 606 1658 autem
654 1605 960 1664 simulacris
992 1609 1072 1662 vel
1104 1610 1297 1664 statuis
1319 1608 1563 1663 divinum
1599 1609 1858 1662 honorem

292 1711 416 1750 esse
447 1698 832 1764 przestandum,
867 1713 988 1752 cum
1020 1715 1105 1754 res
1143 1700 1454 1754 inanimatm
1485 1715 1585 1754 nec
1614 1699 1857 1763 honoris,

295 1801 397 1840 nec
427 1788 768 1842 contumelia:
797 1804 1015 1844 sensum
1053 1790 1218 1843 ullum
1253 1790 1497 1859 accipere
1516 1787 1855 1860 possint.Ubi

295 1877 458 1932 simul
510 1879 673 1932 verba
717 1878 881 1935 Mosis
920 1899 932 1932 :
971 1881 1087 1935 Diis
1133 1898 1234 1934 non
1269 1881 1566 1944 maledicos,
1602 1881 1858 1944 vindicat,

294 1964 439 2033 quod
469 1965 534 2020 de
566 1967 672 2022 diis
711 1983 872 2022 sensu
913 1970 1222 2024 carentibus
1269 1985 1374 2022 non
1423 1970 1629 2038 possint
1669 1969 1857 2038 accipi.

296 2056 374 2110 Ex
424 2059 623 2127 quibus
679 2061 934 2117 omnibus
989 2059 1326 2131 Nicephorus
1384 2060 1640 2127 ostendit,
1692 2071 1860 2116 totam

294 2149 517 2205 Macarii
545 2153 713 2206 nostri
741 2153 1159 2222 disputationem
1189 2169 1295 2207 non
1326 2153 1595 2223 pertinere
1625 2155 1690 2207 ad
1726 2154 1861 2208 ima-

225 2248 228 2249 '
295 2242 449 2311 gines
475 2243 677 2298 Christi
706 2245 788 2298 vel
815 2254 1149 2312 sanctorum,
1185 2245 1277 2299 sed
1313 2244 1377 2299 ad
1406 2245 1662 2314 profanas
1691 2245 1864 2314 genti-

295 2333 429 2387 lium
459 2333 683 2389 deorum
717 2335 1000 2404 imagines.
1034 2334 1165 2404 Cap.
1197 2335 1261 2388 IO
1307 2337 1483 2390 adhuc
1513 2335 1860 2406 subjungitur

296 2423 547 2478 ultimum
573 2424 790 2479 Macarii
815 2424 1196 2495 fragmentum,
1221 2440 1288 2480 ex
1316 2425 1490 2495 primo
1518 2426 1759 2494 ejusdem
1793 2425 1860 2479 li-

296 2513 382 2568 hti
412 2515 825 2584 Apocriticorum
858 2532 1104 2571 sermone
1134 2517 1308 2586 capite
1346 2525 1498 2571 sexto
1528 2517 1772 2586 petitum,
1805 2518 1860 2570 in

295 2621 406 2674 quo
451 2621 574 2660 eum
601 2607 667 2661 de
701 2608 994 2673 miraculis,
1039 2624 1159 2678 qua:
1207 2625 1238 2662 a
1282 2609 1500 2663 Christo
1532 2609 1671 2664 facta
1711 2619 1858 2675 sunt,

297 2712 456 2766 agere
488 2697 650 2753 refert
680 2697 1045 2768 Nicephorus;
1079 2702 1466 2772 speciatimque
1498 2703 1669 2772 ipsius
1707 2703 1859 2758 testi-

299 2786 542 2840 monium
591 2788 657 2842 de
695 2787 951 2844 Berenice
983 2790 1262 2845 immundo
1287 2792 1568 2860 sanguinis
1597 2791 1861 2860 profluvio

295 2876 614 2940 laborante,
650 2885 703 2932 et
744 2893 774 2930 a
825 2877 1109 2934 Servatore
1159 2895 1254 2950 per
1293 2881 1586 2936 salutarem
1637 2882 1861 2937 fimbria:

296 2967 473 3037 ipsius
499 2975 702 3023 tactum
728 2969 1054 3026 miraculose
1079 2981 1265 3025 sanata
1291 2973 1528 3040 adducit,
1555 2973 1712 3042 cujus
1734 2973 1860 3029 facti

299 3058 591 3128 imaginem
627 3061 822 3114 mulier
869 3078 975 3116 aere
1023 3077 1334 3132 expressam
1365 3065 1597 3136 posteris
1628 3066 1861 3120 tradide-

296 3151 366 3204 rit
392 3149 524 3224 (83).
555 3151 686 3224 Cap.
719 3154 774 3208 11
814 3154 1116 3208 antistitum
1165 3153 1420 3210 Ecclesia:
1450 3157 1648 3226 quibus
1693 3172 1852 3226 praetr

297 3251 382 3295 rat
418 3241 774 3312 Nicephorus,
808 3245 1059 3314 panditur
1080 3244 1342 3314 judicium
1374 3249 1439 3303 de
1465 3249 1716 3304 doctrina
1749 3249 1859 3303 Ma-

297 3331 451 3396 carii,
480 3348 606 3388 eum
636 3334 844 3389 scilicet
886 3350 992 3404 non
1040 3335 1376 3397 in,oninibus
1410 3338 1582 3395 sacris
1608 3338 1864 3396 Ecclesia:

296 3420 642 3490 dogmatibus
675 3423 842 3480 fuisse
891 3425 1272 3492 orthodoxam,
1327 3428 1420 3482 sed
1469 3444 1680 3487 errores
1726 3446 1864 3486 nou-

299 3510 479 3565 nullos
507 3526 632 3566 cum
658 3510 990 3580 Manichazis,
1025 3513 1241 3570 Arianis
1265 3525 1318 3571 et
1346 3515 1576 3587 Origene
1606 3519 1864 3575 habuisse

298 3617 640 3666 communes,
678 3604 1066 3674 speciatimque
1111 3606 1295 3673 istum,
1325 3609 1468 3678 quod
1504 3625 1694 3680 paenae,
1727 3626 1864 3680 quas

301 3693 482 3764 impiis
516 3694 829 3751 hominibus
858 3697 998 3755 Deus
1047 3700 1286 3754 minatus
1315 3711 1397 3754 est
1426 3716 1490 3755 ac
1520 3703 1860 3772 praeparavit,

297 3785 457 3839 linem
489 3784 618 3839 olim
647 3785 913 3842 habitura:
939 3792 1066 3848 sint.
1095 3789 1226 3858 Cap.
1287 3793 1355 3846 12
1380 3791 1686 3849 coutiuctur
1745 3793 1861 3862 epi-

297 3877 454 3947 logus
518 3876 938 3947 disputationis,
996 3880 1051 3934 in
1111 3897 1220 3952 quo
1268 3880 1535 3936 antistites
1579 3883 1862 3937 orthodoxi

297 3969 734 4024 Christianorum
794 3974 1038 4038 cultum,
1103 3991 1264 4044 quem
1316 3976 1641 4046 imaginibus
1694 3979 1864 4033 sacris

299 4072 579 4132 praestant,
614 4077 641 4116 a
677 4063 905 4132 profano
936 4067 1213 4134 gentilium
1240 4068 1386 4123 cultu
1413 4067 1773 4138 distinguunt,
1799 4086 1862 4125 ea

299 4157 519 4225 quidem
573 4157 806 4222 ratione,
843 4167 900 4210 ut
948 4158 1017 4212 ab
1063 4157 1390 4228 imaginibus
1436 4159 1501 4213 ad
1547 4159 1864 4231 archetypos

298 4265 397 4318 per
441 4250 705 4305 infinitam
753 4250 907 4320 quasi
954 4251 1226 4306 notionem
1277 4267 1444 4305 manu
1497 4251 1785 4319 ducantur,
1810 4261 1864 4308 et

301 4342 563 4397 memoria
608 4343 851 4413 ipsorum
896 4358 961 4398 eo
1009 4343 1340 4413 splendidius
1390 4345 1673 4412 excitetur,
1705 4353 1864 4414 atque

299 4448 510 4500 eorum,
541 4436 634 4504 qui
667 4436 916 4490 ardenter
941 4445 1126 4490 amant
1157 4445 1211 4490 et
1242 4438 1452 4493 sincera
1483 4438 1585 4493 ﬁde
1615 4438 1860 4506 credunt,

304 4525 504 4580 animis
533 4535 687 4580 tanto
718 4527 880 4582 altius
911 4527 1184 4597 inligatur.

334 4638 365 4711 ς
394 4638 578 4695 XVIII.
619 4639 834 4696 Summa
867 4641 1278 4713 fragmentorum
1308 4655 1371 4694 ea:
1399 4657 1545 4710 opere
1577 4641 1833 4713 Magnetis

961 4711 1240 4769 editorum.
1671 4711 1685 4713 ⁷
1835 4769 1844 4788 κ

373 4799 532 4856 Hisce
559 4799 878 4872 fragmentis
909 4802 1326 4870 Apocriticorum
1353 4801 1571 4857 Macarii
1601 4802 1864 4873 Magnetis

303 4889 818 4955 hactenusincditis,
842 4907 1070 4960 quorum
1089 4892 1302 4946 brevem
1328 4892 1490 4946 modo
1515 4892 1863 4945 exhibuimus

305 4983 576 5054 aualysin,
617 5000 762 5040 nunc
795 4984 994 5054 pariter
1025 4983 1430 5038 annumeranda
1460 4991 1618 5038 erunt
1653 4982 1863 5053 reliqua

303 5074 460 5130 istius
485 5077 664 5144 operis
697 5075 960 5146 deperditi
984 5074 1430 5146 ἀποσπασμάτια,
1462 5089 1583 5143 quae
1603 5089 1632 5127 a
1665 5073 1860 5129 Franc.

301 5165 588 5234 Turriauo,
617 5166 821 5223 Thoma
844 5167 1023 5233 Bozio,
1041 5166 1160 5223 Jod.
1193 5167 1408 5232 Coccio,
1434 5169 1621 5224 etaliis
1643 5168 1865 5238 quibus-

302 5257 428 5312 dam
460 5259 850 5314 recentioribus
891 5259 1266 5327 scriptoribus,
1300 5261 1493 5329 partim
1532 5259 1722 5314 Latine
1748 5267 1866 5313 tau-

302 5357 440 5413 tum,
463 5348 658 5416 partim
696 5357 921 5417 utraque
947 5348 1126 5414 lingua
1156 5348 1297 5401 edita
1326 5356 1472 5411 sunt,
1500 5357 1552 5401 et
1581 5348 1706 5401 hinc
1737 5347 1864 5401 inde

303 5440 548 5509 dispersa
579 5440 847 5510 leguntur.
880 5439 958 5493 Ex
986 5441 1124 5494 libro
1159 5458 1171 5494 ι
1203 5440 1619 5507 Apocriticorum
1654 5440 1858 5495 nullum

403 5587 495 5663 ἓξ)
522 5587 668 5663 _Vi_de
697 5606 859 5663 supra
884 5592 948 5646 ad
984 5591 1012 5663 §
1043 5593 1126 5647 10.

402 5657 730 5735 §{)nLib.__u,
764 5657 1132 5735 Ijroepistolis
1166 5666 1505 5735 pontiﬁcum,
1549 5681 1669 5735 cap.
1702 5667 1755 5728 5,
1807 5682 1857 5733 p.

312 5727 550 5853 22721322);
579 5731 723 5854 8edit.
776 5727 971 5804 Paris.,
1020 5748 1082 5788 ex
1105 5727 1339 5796 piﬁcina
1391 5727 1861 5791 brbastfl‘iivcllii

1964 607 2134 671 mini;
2173 608 2272 661 nisi
2314 606 2458 676 quod
2485 608 2623 659 inter
2644 604 2903 659 ἀνέκδοτα
2942 602 3104 658 modo
3135 602 3364 656 iudicata
3411 601 3523 655 fra-

1963 709 2236 768 gmcntum
2286 713 2316 750 Χ
2372 714 2436 752 ex
2483 698 2654 767 primo
2681 697 2919 765 ejusdem
2952 695 3073 748 libri
3121 691 3527 760 Ἀποκριτικῶν

1963 803 2212 842 sermone
2242 788 2470 856 ejusque
2511 786 2683 855 capite
2724 795 2875 838 sexto
2915 785 3290 852 depromptum
3323 781 3524 836 refera-

1962 888 2066 932 tur.
2087 879 2165 932 Ex
2188 878 2324 932 libro
2343 894 2378 930 ll
2403 884 2452 930 ct
2473 893 2503 929 v
2520 873 2924 942 Ἀποκριτικῶν
2945 875 3074 928 citat
3093 873 3392 928 Turrianus
3411 873 3522 942 (84)

1960 986 2023 1024 ea
2055 969 2316 1040 Magnetis
2341 969 2525 1032 verba,
2576 967 2772 1036 quibus
2816 966 3090 1020 ethnicum
3117 965 3520 1034 philosophum,

1961 1061 2383 1129 discrepantiam
2431 1059 2884 1128 evangelistarum
2916 1056 3237 1110 Christianis
3267 1055 3526 1123 objicien-

1961 1161 2090 1214 tem,
2117 1151 2382 1214 confutat,
2431 1151 2818 1219 speciatimque
2858 1150 3000 1203 dicta
3041 1147 3332 1217 Scriptura:
3354 1145 3420 1200 N.
3457 1145 3518 1200 T.

1961 1242 2150 1296 Matth.
2203 1258 2371 1306 xxv",
2424 1241 2524 1308 48;
2562 1241 2723 1296 Marc.
2759 1258 2847 1305 xv,
2896 1241 2996 1306 9.5;
3029 1239 3158 1296 Luc.
3212 1257 3368 1302 xxut,
3415 1239 3521 1304 '56;

1960 1336 2117 1391 Joan.
2151 1351 2265 1401 XIX,
2289 1336 2378 1399 29,
2405 1335 2676 1401 conciliat,
2701 1335 3016 1388 existimans
3044 1334 3325 1387 historiam
3357 1347 3521 1386 cvan—

1961 1431 2186 1502 gelicam
2231 1428 2381 1483 omni
2419 1427 2728 1497 suspicione
2763 1428 3053 1481 carituram
3081 1441 3234 1492 esse,
3267 1426 3310 1480 si
3347 1425 3522 1478 littera

1961 1522 2203 1577 historia:
2233 1536 2338 1574 non
2368 1520 2604 1584 curiosa,
2635 1519 2727 1573 sed
2769 1519 2995 1587 simplex
3041 1517 3386 1587 reperiretur.
3445 1515 3522 1569 Ex

1961 1609 2101 1664 libro
2132 1623 2190 1662 ut
2236 1607 2408 1673 varia,
2457 1622 2628 1676 eaque
2683 1608 2917 1660 maxime
2949 1607 3319 1662 memorabilia
3364 1606 3524 1662 nobis

1961 1707 2280 1753 conservata
2311 1707 2437 1752 sunt
2463 1696 2682 1751 Macarii
2710 1694 2968 1766 Magnetis
2988 1705 3356 1762 monumenta,
3386 1695 3524 1750 inter

1962 1805 2082 1859 quzc
2121 1789 2463 1858 potissimum
2487 1786 2685 1842 eminet
2706 1787 3195 1842 Iuculcntissimum
3238 1787 3408 1854 ipsius
3445 1794 3524 1839 te-

1966 1882 2280 1936 stimonium
2311 1881 2377 1935 de
2405 1895 2532 1934 vera
2558 1879 2842 1949 praesentia
2865 1878 3112 1947 corporis
3151 1887 3206 1932 et
3245 1877 3523 1946 sanguinis

1963 1971 2166 2026 Christi
2198 1973 2250 2025 iu
2279 1971 2336 2026 S.
2365 1971 2736 2025 Eucharistia:
2775 1971 2886 2024 Οὐκ
2912 1971 3026 2022 ἔστι
3052 1970 3384 2042 Εὐχαριστία
3429 1970 3523 2023 τύ-

1965 2082 2062 2126 πος
2095 2063 2187 2116 τοῦ
2227 2061 2476 2132 σώματος
2505 2063 2598 2114 καὶ
2621 2061 2714 2114 τοῦ
2746 2063 2992 2132 αἵματος,
3024 2063 3158 2133 ὅπερ
3181 2061 3321 2125 τινὲς
3361 2064 3525 2134 ὲρῤα..

1961 2155 2214 2226 ψῴδησαν
2240 2152 2622 2223 πεπηρωμένοι
2650 2153 2738 2206 τὸν
2769 2152 2912 2216 νοῦν,
2947 2152 3144 2222 μᾶλλον
3173 2153 3228 2205 δὲ
3257 2153 3412 2224 σῶμα
3429 2158 3524 2208 καὶ

1961 2239 2124 2314 αἷμα·
2156 2243 2258 2297 hoc
2285 2251 2365 2296 est
2389 2259 2402 2294 :
2431 2240 2770 2294 Eucltaristia
2793 2258 2897 2294 non
2920 2250 2997 2295 est
3023 2253 3174 2312 typus
3203 2242 3307 2310 (vel
3328 2244 3522 2313 figura)

1961 2339 2192 2405 corporis
2242 2345 2290 2388 et
2342 2334 2633 2404 sanguinis,
2686 2335 2825 2403 quod
2861 2335 3076 2404 quidam
3125 2335 3354 2404 fabulati
3399 2347 3522 2388 sunt

1962 2438 2128 2481 mente
2157 2426 2320 2496 capti,
2353 2427 2441 2481 sed
2467 2427 2638 2495 potius
2662 2443 2846 2494 corpus
2878 2434 2929 2479 et
2965 2428 3199 2495 sanguis.
3250 2427 3520 2496 Iutegrum

1962 2529 2142 2572 autem
2175 2519 2337 2587 hujus
2362 2519 2463 2573 loci
2505 2526 2834 2588 contextum
2855 2532 2961 2571 non
2985 2515 3284 2572 Turrianus
3314 2526 3522 2571 tantum

1961 2627 2025 2665 ex
2044 2611 2227 2666 codice
2249 2609 2588 2665 bibliothecam
2611 2607 2828 2662 Veneta:
2851 2609 2902 2660 iu
2934 2609 3162 2662 diversis
3194 2609 3344 2663 libris
3372 2610 3525 2663 exhi-

1961 2703 2099 2770 buit,
2135 2718 2323 2756 verum
2358 2712 2410 2756 et
2449 2700 2687 2755 Thomas
2714 2699 2909 2755 Bozius
2929 2699 3266 2770 Eugubinus,
3299 2717 3524 2772 congre-

1961 2795 2192 2865 gationis
2219 2793 2456 2849 Oratorii
2490 2793 2786 2864 presbyter,
2823 2792 2898 2845 De
2935 2793 3096 2862 signis
3129 2792 3378 2847 Ecclesiae
3403 2793 3521 2857 Dei,

1960 2897 2107 2943 tomo
2133 2886 2197 2954 II,
2228 2887 2321 2941 lib.
2346 2903 2456 2950 xw,
2483 2901 2536 2955 p.
2577 2886 2637 2939 71
2665 2885 3061 2958 (85),eumdem
3094 2885 3296 2952 locum,
3343 2897 3523 2940 muta-

1965 2979 2032 3033 tis
2063 2979 2189 3032 hinc
2216 2977 2340 3032 inde
2379 2977 2702 3046 quibusdam
2750 2977 2994 3043 vocibus,
3029 2992 3094 3032 ex
3137 2977 3242 3031 alio
3291 2977 3522 3046 quodam

1962 3072 2109 3126 fonte
2134 3066 2470 3125 bibliotheca:
2501 3069 2724 3124 Achillis
2752 3068 2906 3122 Statii
2935 3068 3226 3137 produxit;
3265 3084 3425 3137 quem
3473 3079 3526 3122 et

1961 3161 2199 3216 Jodocus
2224 3158 2452 3213 (Ioccius
2481 3159 2534 3211 iu
2564 3157 2829 3212 Thesauro
2861 3157 3138 3222 catholico,
3174 3158 3268 3211 lib.
3301 3174 3374 3220 vt,
3402 3174 3526 3212 uec-

1963 3267 2068 3305 non
2102 3250 2278 3305 Julius
2306 3249 2490 3304 Caesar
2513 3249 2844 3319 Bulcngerus
2873 3249 2926 3302 in
2951 3247 3188 3303 Diatribe
3213 3249 3246 3302 5
3272 3249 3337 3302 ad
3359 3249 3525 3302 Exer-

1963 3345 2238 3398 citationes
2266 3341 2335 3398 Is.
2378 3341 2683 3396 Casauboni
2715 3342 2972 3396 adversus
2996 3340 3307 3405 Baronium,
3327 3341 3526 3409 aliique

1964 3435 2134 3489 secuti
2167 3444 2310 3490 sunt.
2341 3432 2417 3486 Ex
2446 3433 2634 3486 eodem
2670 3431 2809 3485 libro
2848 3446 2908 3485 ιιι
2957 3430 3377 3499 Apocriticorum
3425 3447 3523 3483 uo-

1963 3525 2144 3581 tahilis
2172 3533 2256 3579 est
2274 3525 2427 3579 locus
2453 3524 2520 3577 de
2550 3523 2832 3578 sacrificiis
2863 3521 3200 3576 daamonibus
3244 3521 3523 3590 gentilium

1965 3617 2252 3681 mactatis;
2283 3615 2350 3670 ad
2376 3631 2538 3686 quem
2572 3615 2714 3668 idem
2741 3612 3042 3667 Turrianus
3074 3612 3127 3664 in
3157 3611 3252 3665 lib.
3289 3626 3385 3680 pro
3423 3609 3526 3663 (ἶρις

1962 3709 2200 3763 nonibus
2226 3717 2400 3777 apost.
2436 3717 2623 3761 contra
2647 3706 2868 3760 Centur.
2896 3705 3140 3776 Magdeb.
3163 3745 3176 3770 ,
3205 3705 3296 3759 lib.
3334 3721 3370 3768 ι,
3403 3719 3519 3773 cap.

1963 3804 2017 3867 5,
2044 3819 2093 3872 p.
2123 3820 2194 3858 m.
2228 3804 2314 3865 15,
2338 3810 2614 3872 provocat,
2645 3803 2868 3871 ipsaque
2898 3801 3163 3872 Magnetis
3188 3801 3370 3867 verba,
3398 3800 3523 3869 qui-

1967 3895 2362 3962 bus-decretum
2395 3891 2752 3960 apostolicum
2785 3891 2905 3945 Act.
2930 3907 3019 3954 xv,
3050 3891 3142 3956 ‘20,
3166 3891 3232 3944 de
3262 3891 3525 3960 sanguine

1963 3993 2016 4038 et
2044 3983 2308 4037 sull'ocato
2336 3981 2680 4036 immolatitio
2709 3981 2962 4050 explicat,
2991 3980 3179 4034 Latine
3202 3990 3406 4034 tantum
3429 3979 3526 4033 ad-

1963 4075 2132 4129 ducit.
2169 4073 2379 4140 Quibus
2426 4085 2685 4144 przetcrea
2708 4073 2951 4127 addenda
2983 4081 3110 4126 sunt
3165 4087 3228 4126 ea
3262 4070 3524 4140 Magnetis

1967 4165 2296 4228 testimonia,
2329 4165 2646 4234 quaeGrazce
2666 4164 2908 4233 vulgavit
2938 4161 3239 4216 Turrianus
3265 4157 3322 4214 in
3362 4161 3525 4214 scho-

1963 4255 2050 4309 liis
2075 4253 2423 4324 apologcticis
2453 4252 2654 4308 Graecis
2677 4254 2744 4307 ad
2769 4252 3181 4308 Constitutiones
3207 4250 3523 4321 apostolicos

1963 4347 2254 4404 Clementis
2289 4348 2516 4404 Romani
2563 4347 2746 4403 Grazce
2783 4349 2956 4404 editas
2992 4346 3231 4402 Venetiis
3267 4347 3427 4413 1565,
3467 4362 3522 4415 p.

1963 4457 2039 4496 m.
2076 4439 2199 4496 182.
2242 4439 2321 4494 Ex
2353 4441 2490 4494 libro
2542 4455 2596 4495 tv
2622 4439 2996 4511 Apologiarum
3027 4439 3290 4509 Magnetis
3343 4438 3523 4492 itidem

1890 4541 1935 4596 Ι)
1963 4532 2410 4602 ἀποσπασμάτιον
2439 4533 2655 4601 aliquod
2694 4531 3032 4588 conservavit
3072 4531 3374 4586 Turrianus
3417 4527 3525 4581 Pro

1965 4625 2115 4692 epist.
2163 4624 2499 4692 ponti/ﬁcum,
2537 4624 2627 4677 lib.
2665 4639 2724 4690 ll,
2754 4639 2802 4678 c.
2839 4624 2925 4687 15,
2961 4639 3015 4692 p.
3045 4637 3118 4675 m.
3151 4621 3282 4682 154,
3318 4620 3408 4673 ubi
3439 4636 3527 4673 ra-

1965 4712 2167 4768 tionem
2205 4715 2382 4768 reddit
2429 4712 2696 4768 Macarius
2725 4728 2822 4766 cur
2873 4711 3072 4766 Paulus
3104 4725 3162 4764 se
3193 4709 3395 4777 alioqui
3441 4707 3525 4760 vi-

1964 4812 2178 4858 ventem
2196 4804 2427 4858 mortuis
2453 4804 2570 4872 (vel
2596 4805 2795 4873 potius,
2825 4803 2912 4867 iis,
2955 4802 3042 4870 qui
3075 4800 3260 4858 victuri
3311 4810 3430 4852 sunt
3473 4799 3526 4851 in

1964 4897 2047 4948 die
2060 4894 2274 4965 judicii)
2296 4894 2407 4965 (86)
2429 4895 2863 4949 annumeravcrit
2886 4893 2906 4946 Ι
2929 4892 3117 4946 Thess.
3148 4907 3222 4957 tv,
3247 4892 3309 4944 l7
3333 4907 3346 4942 :
3373 4889 3528 4944 Οὕτω

1965 4986 2091 5056 γὰρ,
2133 4985 2330 5054 inquit,
2363 4985 2428 5038 ἄν
2448 5001 2530 5047 τις
2559 4983 2886 5052 φιλέταιρος,
2911 4982 3005 5035 καὶ
3038 4981 3147 5037 τῶν
3195 4979 3526 5050 ὁμοῦ-τοίχων

1965 5074 2190 5143 ἀγαπῶν
2218 5074 2316 5145 τὴν
2360 5071 2674 5140 συγγένειαν
2698 5072 2872 5123 δοκεῖ·
2923 5071 2974 5124 id
2999 5079 3116 5124 est:
3150 5069 3239 5123 Sic
3261 5069 3399 5122 enim
3442 5067 3524 5134 ﬁt,

1965 5177 2021 5215 ut
2085 5164 2326 5218 videatur
2370 5163 2562 5232 aliquis
2603 5163 2820 5226 anticus,
2876 5160 3059 5231 quibus
3089 5178 3142 5215 se
3193 5167 3523 5220 annumerat,

1966 5273 2171 5327 eosque,
2201 5257 2290 5327 qui
2314 5257 2395 5309 sui
2423 5255 2622 5308 ordinis
2643 5266 2785 5318 sunt,
2815 5255 3050 5324 diligere.
3075 5251 3193 5318 Quo
3223 5249 3528 5307 testimonio

1965 5365 2088 5404 cum
2123 5349 2435 5402 abuteretur
2464 5347 2762 5402 Turrianus
2800 5347 2866 5401 ad
2898 5343 3274 5400 vindicandam
3311 5343 3525 5412 γνησιόο

1965 5456 2102 5508 τητα
2138 5439 2380 5508 epistola:
2404 5437 2928 5509 pseudo-Clementis
2955 5438 3018 5491 ad
3037 5434 3294 5491 Jacobum
3316 5434 3526 5502 episco-

2038 5595 2152 5664 (85)
2184 5594 2323 5664 ﬁdit.
2349 5595 2541 5650 Colon.
2569 5595 2789 5664 Agripp.
2824 5592 2981 5664 1.626.
3005 5593 3056 5644 4.

3137 5669 3183 5715 et
3231 5659 3523 5716 Turrianus

1967 5735 2272 5805 copulantes
2300 5776 2313 5791 .
2339 5735 2561 5806 p."53.'
