3888 6512
403 341 541 395 1575

1677 342 2032 399 MACAIUUS
2069 342 2370 400 MAGNES.

3505 343 3606 400 137

404 475 530 530 pum
587 456 1108 528 iierosolymitanum
1139 459 1252 528 jam
1283 467 1396 512 tum
1427 469 1700 516 mortuum
1727 463 1970 516 conscri-
2000 466 2046 522 Α
2073 473 2198 518 ante
2249 462 2636 518 deliberatione
2689 461 2928 531 supremi
2993 459 3290 522 Creatoris,
3355 475 3470 513 non
3529 459 3640 513 solo

403 562 525 621 ptm,
571 551 728 620 quasi
781 549 917 604 nihil
969 549 1272 616 interesset,
1304 553 1652 606 annumerari
1703 555 1968 607 viventem

401 643 652 708 mortuis,
690 657 756 694 an
795 652 1068 695 mortuum
1095 643 1432 708 viventibus;
1463 641 1627 697 David
1665 643 1972 700 Blondellus

403 749 456 788 In
491 729 944 786 I’scudo-Isidoro
971 743 1018 786 et
1053 732 1312 788 Turriano
1343 736 1740 804 vapulantibus,
1789 753 1840 808 p.
1877 738 1967 798 55,

401 825 606 878 adluec
635 825 798 878 verba
831 823 1051 878 Macarii
1097 824 1357 894 Magnetis
1409 828 1736 896 respondet:
1795 825 1972 895 Ignoti

401 915 650 968 hactenus
681 916 914 968 auctoris
943 917 1256 968 sententiam
1285 933 1386 968 non
1431 917 1809 985 improbamus,
1840 914 1973 970 nihil

403 1009 520 1061 inde
570 1006 834 1059 Turriano
867 1008 1142 1076 pra'sidii;
1199 1005 1396 1060 Paulus
1431 1009 1570 1060 enim
1597 1016 1860 1060 mortuum
1899 1009 1976 1061 ci-

402 1099 634 1152 ventibus
683 1115 786 1150 non
832 1100 1221 1164 annumeravit,
1276 1115 1365 1152 nec
1424 1100 1675 1153 viventem
1722 1099 1972 1166 mortuis,

401 1189 541 1258 quod
577 1189 628 1240 in
658 1189 1153 1256 pseudo-Clemente
1183 1191 1536 1260 coarguimus.

473 1277 548 1332 Ex
587 1279 723 1332 libro
746 1297 779 1334 v
807 1280 1038 1349 denique
1071 1280 1296 1350 ejusque
1331 1283 1434 1336 line
1479 1281 1747 1349 prolixum
1795 1280 1976 1335 Maca-

403 1370 470 1424 rii
494 1370 757 1441 Magnetis
795 1371 1160 1442 fragmentum
1193 1371 1268 1426 De
1295 1373 1399 1442 ﬁde
1437 1372 1665 1424 Abrahw
1689 1414 1704 1436 ,
1762 1371 1818 1426 in
1869 1387 1978 1442 quo

403 1465 471 1520 de
503 1466 812 1520 arctissimo
845 1465 1063 1520 vinculo
1087 1465 1207 1519 ﬁdei
1240 1475 1404 1534 atque
1453 1479 1677 1534 operum
1728 1463 1972 1532 disserit,

405 1555 590 1612 Graece
605 1567 658 1612 et
681 1557 872 1614 Latine
897 1558 1126 1612 inseruit
1148 1557 1450 1614 Turrianus
1475 1558 1624 1628 operi
1643 1573 1743 1614 suo
1763 1559 1984 1628 dogma-

405 1649 514 1704 tico
547 1649 622 1704 De
645 1651 1051 1719 justi/icatione,
1079 1649 1264 1705 Romae
1291 1651 1418 1704 1551
1455 1651 1620 1706 edito.
1653 1651 1806 1716 Quod
1827 1651 1981 1704 dein—

407 1757 535 1810 ceps
567 1741 706 1795 inter
739 1741 1184 1810 Θεολογούμενα
1206 1741 1445 1796 auctoris
1477 1742 1648 1796 nostri
1680 1742 1746 1796 ad
1777 1741 1981 1795 articu-

2070 555 2255 618 verbo,
2279 555 2354 608 uti
2381 567 2586 610 cartera:
2609 565 2891 618 creaturae,
2917 552 3094 608 factus
3119 553 3208 606 sit.
3235 549 3436 604 Filium
3467 561 3640 604 autem

2073 643 2166 698 Dei
2203 645 2570 716 unigenitum,
2613 661 2776 714 quem
2823 643 2974 698 Patri
3031 643 3354 712 ἰσοδύναμον
3397 641 3646 708 ειΛὰγον

2074 735 2433 792 ὑποστατικὸν
2462 752 2582 792 esse
2613 735 2830 798 asserit,
2849 735 3224 790 consiliarium
3261 734 3418 786 illum
3485 731 3652 786 fuisse

2074 829 2388 898 pronuntiat
2429 844 2536 898 quo
2565 827 2725 882 Pater
2759 827 2812 880 in
2847 825 3176 880 formatione
3221 824 3472 880 hominis
3525 837 3654 876 usus

2075 923 2164 978 sit.
2195 920 2424 987 Quando
2473 934 2637 989 porro
2691 919 2922 988 primum
2961 917 3240 972 hominem
3283 917 3340 970 in
3387 915 3654 968 nmndum

2077 1025 2333 1082 tanquam
2365 1027 2542 1082 regem
2575 1011 2965 1074 introductum,
2997 1019 3050 1064 et
3095 1010 3161 1064 ad
3209 1007 3306 1062 Dei
3363 1007 3654 1074 imaginem

2079 1105 2280 1159 factum
2335 1120 2455 1159 esse
2497 1104 2708 1166 scribit,
2739 1104 2878 1156 hanc
2901 1101 3318 1156 similitudinem
3377 1097 3534 1166 regis
3559 1112 3656 1148 nnn

2079 1197 2132 1250 in
2167 1211 2406 1267 purpura
2437 1205 2490 1250 et
2522 1205 2734 1264 sceptro
2779 1204 2832 1249 et
2860 1193 3164 1248 diademate
3200 1191 3400 1260 quaerit
3429 1231 3444 1252 ,
3485 1187 3580 1242 sed
3613 1187 3658 1238 in

2080 1299 2276 1342 ornatu
2308 1285 2862 1356 incorruptihilitatis,
2895 1282 3324 1338 immortalitatis
3353 1297 3420 1334 ac
3451 1277 3660 1332 virtutis

2081 1380 2344 1443 collocat;
2379 1388 2437 1432 ut
2475 1379 2754 1432 brevitatis
2785 1390 2952 1431 causa
2999 1385 3194 1428 caetera
3247 1389 3400 1427 nunc
3449 1369 3662 1424 silentio

2081 1479 2419 1540 praeteream.
2467 1469 2546 1522 Ex
2579 1485 2830 1524 sermone
2873 1467 2941 1522 Π
2991 1469 3046 1520 in
3093 1465 3332 1520 Genesin
3371 1459 3663 1532 singularis

2083 1561 2300 1618 Macarii
2329 1561 2499 1616 nostri
2527 1562 2579 1614 in
2611 1575 2836 1616 censum
2871 1559 3020 1614 venit
3047 1555 3342 1626 explicatio
3365 1555 3436 1608 de
3473 1551 3664 1607 tunicis

2082 1651 2340 1724 pelliceis,
2375 1651 2577 1722 quibus
2605 1651 2852 1705 Adamus
2877 1659 2932 1704 et
2953 1647 3062 1702 Eva
3092 1659 3218 1717 post
3239 1648 3468 1716 lapsum
3503 1643 3662 1698 induti

2087 1743 2268 1798 fuere:
2298 1758 2419 1813 qua:
2444 1743 2610 1798 verba
2645 1755 2754 1794 non
2787 1741 3102 1795 historicam
3125 1779 3138 1802 ,
3175 1738 3268 1792 sed
3313 1735 3664 1806 allegoricam

407 1833 518 1886 lum
549 1833 616 1888 de
647 1833 750 1888 tide
777 1841 830 1888 et
853 1831 1244 1902 justilicatione
1289 1833 1430 1886 haud
1473 1831 1722 1887 infimum
1752 1847 1984 1901 occnpa-
2019 1822 2056 1874 Β
2089 1837 2355 1892 rationem
2393 1835 2620 1890 innuere
2643 1833 2798 1903 juxta
2825 1848 2949 1888 cum
2975 1832 3098 1886 aliis
3123 1827 3550 1898 antiquioribus
3587 1841 3666 1880 ar-

407 1923 488 1978 bit
517 1924 728 1978 locum:
785 1925 874 1978 ubi
911 1925 1074 1978 simul
1103 1925 1336 1996 singula,
1383 1940 1504 1994 qua:
1555 1923 1718 1978 modo
1751 1924 1982 1996 allegata

408 2023 555 2076 sunt,
588 2013 886 2084 fragmenta
917 2015 968 2069 in
1000 2016 1204 2071 classes
1227 2032 1354 2071 suas
1383 2017 1694 2086 redigenda,
1718 2026 1772 2072 et
1800 2017 1866 2072 ab
1891 2032 1986 2072 ex-

407 2106 749 2175 ceptionibus
781 2107 1216 2162 adversariorum
1248 2108 1568 2164 vindicanda
1610 2117 1789 2163 erunt.

485 2217 512 2288 ς
551 2215 693 2273 XIX.
727 2217 960 2274 Macarii
1005 2219 1266 2289 Magnetis
1300 2237 1562 2275 sermones
1603 2223 1656 2274 in
1693 2219 1916 2275 Gcnesin

1108 2291 1317 2343 incditi.

481 2375 680 2436 Praztcr
739 2381 980 2452 quinque
1041 2383 1176 2436 istos
1225 2382 1392 2437 libros
1460 2381 1868 2450 Ἀποκριτικῶν
1919 2381 1986 2436 ad

407 2469 808 2528 Theostbenem
845 2481 1032 2529 contra
1059 2473 1286 2544 gentiles
1321 2473 1596 2544 Evangelii
1623 2474 1986 2530 calumniato-

408 2580 521 2628 res,
567 2580 802 2636 quorum
851 2565 1115 2618 hactenus
1145 2577 1400 2634 excerpta
1426 2565 1672 2634 quaedam
1714 2564 1986 2630 dedimus,

410 2654 709 2724 scripserat
762 2655 924 2708 etiam
965 2653 1235 2709 Macarius
1281 2654 1502 2726 Magnes
1555 2656 1986 2718 commentarios,

409 2761 530 2808 seu,
563 2753 622 2800 ut
651 2745 985 2810 ferttitulus,
1021 2764 1284 2802 sermones
1319 2750 1374 2802 in
1405 2747 1650 2814 Genesin,
1681 2748 1774 2817 qui
1809 2757 1862 2800 et
1885 2747 1989 2816 ipsi

410 2839 478 2891 ad
509 2837 613 2892 hoc
643 2853 818 2908 usque
837 2848 1050 2909 tempus
1072 2841 1300 2896 eruditis
1330 2839 1498 2908 ignoti
1529 2837 1988 2894 fueruntJiorum

413 2945 729 2984 sermonum
759 2929 1062 3002 fragmenta
1107 2949 1174 2988 ex
1227 2931 1648 2988 eminentissimi
1697 2933 1991 2988 cardinalis

411 3019 672 3076 Ottoboni
699 3027 1069 3094 manuscripto
1091 3025 1278 3080 codice
1301 3025 1620 3094 deprompta
1651 3022 1716 3077 [ἰ.
1743 3023 1805 3079 Ρ.
1835 3023 1986 3078 Dom.

415 3111 804 3182 Stephanotius
831 3115 895 3170 ad
919 3115 1360 3172 laudatissimum
1391 3115 1490 3168 Dn.
1519 3113 1826 3168 Boivinium
1857 3130 1989 3168 mss.

413 3204 594 3274 Regize
623 3207 964 3262 bibliotheca:
1015 3207 1343 3264 Parisiensis
1378 3207 1656 3262 custodem
1697 3207 1991 3262 transmitti

393 3299 657 3382 ‘curavit:
701 3299 795 3368 qui
840 3301 1029 3354 eadem
1081 3299 1270 3355 Latine
1309 3315 1462 3355 versa
1496 3310 1658 3370 atque
1709 3298 1992 3353 emendata

415 3405 542 3444 cum
598 3390 720 3445 aliis
781 3389 1098 3459 fragmentis
1151 3390 1396 3462 ejusdem
1441 3387 1682 3444 auctoris
1711 3388 1768 3442 in
1815 3387 1990 3442 lucem

415 3481 576 3538 edere
605 3484 982 3550 constituerat,
1011 3485 1116 3540 nisi
1145 3491 1472 3554 praematura
1509 3495 1656 3536 mors
1685 3479 1810 3534 huic
1833 3479 1992 3533 insti-

422 3583 540 3629 tuto
576 3575 788 3630 obicem
819 3576 1110 3646 posuisset.
1147 3574 1302 3630 Haud
1343 3576 1486 3630 ultra
1533 3573 1818 3628 historiam
1848 3585 2000 3625 crea-

422 3665 588 3720 tionis
633 3673 686 3718 et
716 3666 900 3734 lapsus
933 3665 1216 3720 hominum
1267 3680 1326 3720 se
1370 3662 1668 3718 extendunt
1706 3661 1824 3716 istae
1851 3675 2000 3734 com-

422 3755 787 3810 mentationes
819 3755 1114 3827 Magnetis,
1162 3755 1216 3808 in
1249 3755 1450 3824 quibus
1481 3754 1624 3809 inter
1667 3751 1772 3807 alia
1818 3749 2000 3806 excel-

420 3847 646 3904 lentiam
691 3847 929 3904 hominis
981 3849 1108 3904 inde
1165 3848 1536 3914 demonstrat,
1594 3845 1739 3918 quod
1807 3843 1993 3900 habita

433 4095 862 4107 μ-η--θ--η--ι-

2090 1931 2321 1986 bitratus
2349 1939 2464 1998 est;
2488 1931 2552 1984 de
2573 1943 2682 1998 qua
2709 1925 2964 1997 opinione
2987 1925 3216 1980 inferius
3247 1922 3416 1992 plura
3445 1919 3668 1976 dicenda

2089 2029 2269 2078 erunt.

2409 2113 2437 2184 §
2467 2111 2582 2166 XX.
2609 2111 2894 2168 Conclusio
2923 2107 3338 2162 dissertationis.

2161 2205 2528 2262 Constitutum
2550 2205 2766 2275 quidem
2799 2201 2994 2265 fuerat,
3019 2200 3134 2269 ipsa
3217 2193 3674 2264 Θεολογούμεω

2093 2298 2312 2354 Macarii
2339 2297 2624 2366 Magnetis,
2667 2311 2790 2366 qua:
2835 2309 2900 2350 ex
2955 2290 3276 2362 fragmentis
3307 2289 3568 2357 ejusdem
3611 2285 3672 2338 ab

2093 2392 2314 2446 interitu
2343 2388 2632 2444 vindicatis
2661 2385 2840 2457 colligi
2881 2391 3154 2456 poterant,
3177 2381 3372 2438 eadem
3429 2379 3538 2432 hac
3571 2377 3672 2432 dis-

2096 2483 2392 2541 sertatione
2425 2479 2732 2551 inaugurali
2771 2479 3030 2533 exhibere
3069 2477 3122 2530 in
3169 2489 3299 2530 suas
3333 2473 3556 2528 classes
3595 2485 3674 2522 re-

2095 2573 2272 2638 dacta,
2307 2582 2366 2626 ut
2405 2587 2470 2626 ex
2525 2571 2591 2626 iis
2629 2583 2830 2624 nexum
2861 2567 3100 2636 aliquem
3151 2564 3424 2619 doctrinae
3463 2560 3674 2614 theolo-

2097 2664 2230 2736 gicae
2264 2662 2428 2731 hujus
2466 2662 2706 2716 auctoris
2755 2660 3066 2731 perspicere
3115 2657 3324 2712 liceret.
3357 2655 3506 2708 Cum
3553 2667 3675 2706 vero

2095 2761 2292 2824 praeter
2322 2753 2632 2822 Opinionem
2675 2761 2824 2807 tanta
2869 2751 3006 2806 mihi
3051 2749 3282 2804 subnata
3313 2747 3388 2800 sit
3419 2742 3676 2798 dicendo-

2095 2863 2216 2902 rum
2249 2847 2426 2914 copia,
2455 2861 2576 2915 qua:
2613 2854 2874 2914 angustos
2895 2840 3296 2898 dissertationis
3329 2837 3542 2890 limites
3567 2837 3672 2903 jam

2097 2947 2210 2992 tum
2247 2947 2634 3008 prretergressa
2673 2935 2916 3002 videtur;
2943 2943 2998 2990 et
3019 2935 3072 2988 in
3105 2939 3438 3002 argumento
3469 2943 3502 2980 ι
3533 2928 3677 2981 nullo

2097 3031 2436 3086 eruditorum
2463 3031 2726 3085 hactenus
2753 3038 3020 3098 occupato
3061 3025 3288 3094 singulae
3317 3023 3680 3076 circumstan-

2097 3123 2186 3176 tiae
2211 3121 2372 3176 altius
2417 3121 2755 3190 aliquantum
2811 3119 3142 3189 repetendae,
3171 3129 3388 3186 suoque
3439 3113 3676 3184 pondere

2096 3211 2427 3266 aestimanda:
2442 3219 2656 3266 essent:
2683 3209 2972 3280 specialem
2997 3208 3312 3278 dogmatum
3339 3217 3514 3274 atque
3534 3217 3680 3258 erro-

2097 3319 2218 3358 rum
2245 3303 2488 3358 auctoris
2533 3303 2708 3358 nostri
2756 3301 3232 3372 pertractationem
3271 3299 3448 3351 altera
3495 3297 3680 3364 dispu-

2099 3398 2299 3452 tatione
2343 3397 2666 3466 complecti,
2695 3397 2778 3450 vel
2809 3395 2856 3450 si
2907 3392 3316 3449 conveniendus
3385 3390 3464 3444 ita
3503 3391 3677 3442 visum

2101 3487 2284 3554 fuerit,
2315 3505 2422 3544 una
2454 3505 2578 3544 cum
2621 3488 2756 3559 ipsis
2797 3486 2980 3556 operis
3023 3483 3286 3554 deperditi
3331 3483 3678 3552 lragmentis,

2105 3593 2362 3651 tanquam
2393 3581 2596 3636 relictis
2627 3597 2690 3635 ex
2717 3577 3004 3648 naufragio
3033 3575 3231 3630 tabulis
3251 3614 3265 3638 ,
3307 3573 3538 3643 publico
3561 3587 3682 3624 eru-

2103 3673 2340 3728 diturum
2385 3671 2658 3728 desiderio
2691 3668 3109 3734 satisfacturus,
3157 3665 3349 3720 Graece
3383 3679 3452 3719 ac
3495 3661 3682 3717 Latine

2101 3783 2374 3838 exponere
2407 3765 2552 3821 haud
2579 3764 2916 3836 refragahor.

863 4073 3232 4102 Μ

1561 4241 2356 4339 DISSERTATIO
2459 4241 2588 4336 ΙΙ,

1063 4443 1194 4509 Qua!
1245 4439 1640 4511 Θεολογούμενα
1665 4435 1897 4492 aucfbris
1923 4453 1988 4492 ea:

2094 4435 2248 4507 opriis
2277 4433 2442 4505 ipsius
2471 4433 2686 4504 scriptis
2715 4432 2945 4502 exponit.

1013 4737 1404 4800 ΡΗΑΞῈΑΤΙΟ.

497 4841 786 4912 interrupti
843 4839 1084 4902 laboris,
1141 4837 1234 4908 qui
1295 4839 1349 4892 in
1395 4837 1732 4909 explicandis
1775 4835 2000 4892 Macarii

429 4939 692 5011 Magnetis
737 4935 1178 5008 θεολογουμένοις
1205 4945 1475 5000 versatur,
1509 4936 1552 4991 si
1585 4951 1781 4990 causas
1809 4936 1997 5004 requi-

431 5031 528 5094 ris,
563 5029 755 5084 Lector
784 5027 1062 5090 benevole,
1099 5027 1212 5081 hzec
1246 5027 1360 5080 sola
1393 5027 1531 5082 forte
1563 5025 1818 5090 suﬂiciet,
1853 5025 2000 5096 quod

431 5121 660 5176 certiora
691 5119 936 5189 qnzndam
969 5119 1036 5172 de
1061 5119 1428 5173 monumentis
1451 5117 1614 5186 hujus
1635 5119 1876 5172 auctoris
1901 5117 1998 5172 de-

433 5213 626 5284 pcrditi
675 5213 940 5266 hactenus
975 5227 1043 5265 ex
1091 5211 1258 5265 italiae
1287 5210 1602 5276 regionibus
1643 5221 1997 5278 exspectave-

431 5304 535 5358 rim
556 5344 572 5368 ,
602 5301 714 5372 jam
743 5317 870 5356 vero
905 5311 1017 5356 tum
1051 5317 1082 5356 a
1113 5301 1463 5356 celeberrimo
1517 5301 1564 5355 J.
1605 5300 1794 5355 Lamio
1823 5302 1876 5354 in
1907 5301 2004 5354 De-

433 5393 572 5450 liciis
624 5393 948 5447 eruditorum
1011 5391 1296 5448 Florcntiae
1343 5391 1479 5446 i758
1523 5391 1715 5459 editis,
1777 5399 1888 5446 tum
1934 5405 2000 5444 ex

435 5485 717 5555 splendido
745 5485 1001 5555 Catalogo
1035 5485 1377 5540 bibliothecae
1424 5482 1639 5538 Venetae
1685 5483 1747 5536 D.
1797 5481 1999 5548 Marci,

438 5577 532 5649 qui
560 5593 721 5648 opera
761 5577 832 5632 M.
880 5583 1006 5632 Ant.
1038 5575 1267 5630 Zanettii
1293 5585 1346 5629 et
1373 5574 1592 5629 Antonii
1629 5573 2000 5644 Bonojoannis

435 5668 593 5744 jussu
635 5677 859 5724 senatus
887 5657 1076 5724 Veneti
1125 5675 1410 5723 contextus
1455 5665 1763 5735 nuperrime
1803 5665 2002 5735 prodiit

441 5759 600 5823 1740.
630 5761 761 5817 satis
789 5760 1010 5817 edoctus
1042 5759 1144 5816 sim
1166 5799 1181 5828 ,
1216 5757 1348 5813 nihil
1377 5755 1672 5827 quidquam
1696 5755 1761 5812 de
1795 5756 2002 5826 integro

2033 4747 2078 4802 D
2108 4755 2270 4812 opere
2299 4736 2562 4810 Magnetis
2587 4733 2826 4790 Venetiis
2869 4732 3102 4802 amplius
3127 4731 3378 4800 reperiri,
3413 4731 3510 4786 sed
3541 4729 3678 4785 codi-

2100 4849 2218 4888 cem
2253 4831 2402 4885 illum
2429 4869 2443 4894 ,
2496 4844 2605 4898 quo
2645 4827 2840 4880 Franc.
2881 4823 3182 4878 Turrianus
3211 4821 3343 4876 olim
3381 4837 3522 4876 usus
3565 4831 3680 4882 est,

2103 4925 2368 4998 probabili
2401 4922 2720 4991 conjectura
2751 4919 2804 4972 in
2829 4913 3144 4986 Hispaniam
3181 4913 3514 4968 translatum
3539 4927 3680 4966 e5sc.

2101 5019 2177 5074 ita
2202 5017 2346 5072 enim
2387 5015 2642 5068 laudatus
2669 5009 2924 5074 Lamias,
2959 5015 3244 5078 postquam
3277 5006 3331 5058 in
3365 5003 3682 5073 prasfatione

2101 5109 2231 5164 tomi
2261 5107 2325 5162 IV
2351 5105 2674 5159 Deliciarum
2707 5115 2930 5158 suarum
2975 5113 3026 5168 p.
3054 5098 3120 5152 i9
3141 5139 3156 5164 ,
3193 5095 3530 5149 Tun-ianum
3563 5093 3682 5160 qui-

2104 5203 2226 5258 dem
2274 5197 2424 5254 nulla
2477 5197 2626 5250 venia
2663 5196 2882 5266 dignum
2925 5208 3046 5248 esse
3075 5191 3316 5252 dixerat,
3349 5189 3502 5256 quod
3545 5201 3680 5256 opus

2104 5294 2368 5366 Magnetis
2397 5308 2428 5348 a
2455 5306 2514 5346 se
2547 5290 2744 5344 lectum
2779 5301 2888 5340 non
2923 5283 3173 5347 ediderit,
3203 5295 3304 5334 nec
3331 5280 3550 5343 locum,
3589 5279 3680 5334 ubi

2104 5393 2378 5452 exstaret,
2420 5381 2756 5445 indicaverit,
2787 5375 3106 5434 sententiam
3143 5387 3297 5428 suam
3325 5380 3518 5441 postea
3553 5383 3676 5424 mu-

2103 5479 2234 5533 tavit
2261 5478 2313 5530 in
2343 5473 2659 5546 praefatione
2695 5470 2826 5527 tomi
2853 5467 2922 5522 IX
2955 5467 3032 5536 (in
3070 5461 3178 5536 quo
3208 5462 3432 5516 Maximi
3463 5461 3680 5530 Marga-

2107 5569 2182 5622 nii
2212 5564 2454 5636 epistola:
2483 5561 2768 5628 habentur)
2795 5575 2849 5628 p.
2881 5557 2952 5612 29
2979 5557 3052 5610 ita
3083 5555 3328 5610 scribens
3360 5569 3373 5603 :
3409 5549 3514 5606 Sed
3551 5566 3676 5602 nam

2105 5657 2312 5712 Jcsuita
2353 5653 2645 5708 Turriamts
2691 5649 2960 5704 mendax?
2999 5645 3169 5700 Absit.
3222 5641 3324 5699 Sed
3365 5643 3414 5696 si
3449 5641 3678 5696 mendax

2110 5759 2329 5818 nonest,
2355 5757 2491 5803 certe
2521 5746 2721 5801 codices
2749 5742 2964 5814 quidam
2988 5738 3311 5796 bibliotheca:
3351 5735 3556 5792 Veneta!
3583 5733 3678 5786 ci.-
