3888 6500
165 389 306 444 1377

1351 384 1628 443 ΝΟΤΙΤΙΑ
1667 385 1756 441 ΕΤ
1792 385 2240 444 FRAGMENTA.

3284 389 3423 451 i378

160 509 365 579 perditi
399 517 543 564 sunt.
587 507 690 563 Ille
737 509 897 563 etiam
931 508 1082 563 venia
1115 507 1340 579 dignus;
1369 526 1492 562 nam
1534 511 1581 563 si
1624 509 1746 562 Μα-
1772 513 1818 572 Α
1845 509 2204 579 expediundis
2249 510 2480 582 singulis
2524 511 2866 582 argumentis
2909 511 3231 582 dogmaticis
3279 512 3424 568 lmnd

161 603 337 672 gnetis
376 618 503 671 opus
553 619 584 654 a
626 619 679 656 se
719 601 911 657 lectum
965 604 1178 656 minime
1218 601 1423 670 edidit,
1465 614 1640 656 tamen
1685 604 1742 656 in

176 692 376 748 Veneta
406 693 719 749 bibliotheca
751 705 960 749 exstare
996 695 1167 760 dixit,
1216 703 1400 747 contra
1432 710 1590 764 quam
1635 695 1742 762 ipse

157 784 294 839 olim
322 785 769 840 existimaveram.
825 785 1010 840 Verum
1044 801 1182 839 nunc
1215 795 1417 839 tantum
1457 786 1631 837 dicam
1661 801 1740 838 me

159 879 467 948 suspicari,
517 894 646 946 opus
689 877 822 936 illud
865 877 1128 948 Magnetis
1165 879 1673 933 desideratissimam
1711 895 1739 933 ε

160 971 480 1024 bibliotheca
525 969 718 1024 Veneta
769 972 824 1023 in
869 970 1165 1041 Hispanam
1199 971 1258 1026 S.
1289 971 1565 1026 Laurentii
1609 970 1740 1025 Sco-

161 1059 412 1116 rialensis
454 1062 824 1117 bibliothecam
866 1063 1187 1116 translatum
1240 1063 1404 1132 fuisse
1449 1080 1568 1116 cum
1613 1064 1738 1118 aliis

158 1155 456 1220 codicibus,
487 1171 615 1225 quos
642 1154 770 1208 illuc
794 1155 924 1208 olim
958 1157 1297 1209 transmissos
1327 1157 1488 1225 fuisse
1530 1157 1735 1210 rescivi.

160 1246 440 1303 Fortassis
487 1248 624 1302 inter
664 1263 758 1302 eos
791 1248 1002 1304 codices
1051 1248 1203 1304 l‘uere
1243 1249 1297 1303 hi
1338 1247 1462 1302 libri
1515 1247 1736 1303 Macarii

160 1339 449 1411 Magnetis,
475 1355 613 1409 quos
642 1337 913 1408 Hispania:
933 1341 1143 1411 legatus
1171 1342 1278 1396 don
1305 1341 1470 1412 Diego
1494 1341 1736 1398 llurtado

158 1434 214 1487 di
249 1433 540 1486 Mendozza
563 1448 627 1487 ex
654 1435 981 1490 bibliotheca
1007 1433 1210 1490 Veneta
1241 1435 1498 1502 abstulit;
1531 1435 1596 1488 de
1625 1450 1736 1504 quo

155 1527 399 1594 graviter
427 1527 788 1595 conqueritur
817 1527 1146 1584 Domenicus
1180 1527 1382 1583 lilolino
1419 1528 1474 1582 in
1507 1528 1734 1597 epistola

159 1617 404 1674 Venetiis
435 1619 502 1674 ad
531 1619 796 1675 Joannem
831 1620 1127 1676 Meursium
1160 1620 1298 1674 1622
1343 1622 1544 1690 scripta
1567 1663 1580 1684 ,
1614 1635 1736 1690 qua:

154 1710 431 1778 reperitur
471 1710 612 1765 inter
653 1711 914 1781 epistolas
951 1711 1261 1782 Marquardi
1304 1711 1464 1767 Gudii
1496 1728 1526 1765 a
1563 1712 1732 1767 celeb.

155 1801 319 1857 Petro
353 1801 666 1857 Burmanno
690 1804 865 1860 editas
924 1821 978 1875 p.
1019 1806 1143 1871 150,
1175 1805 1296 1859 151.
1333 1803 1589 1874 Spectant
1630 1804 1735 1860 huc

155 1896 505 1967 potissitnum
569 1897 847 1966 sequentia
904 1897 1066 1951 verba
1117 1915 1131 1951 :
1194 1895 1341 1950 Farb
1397 1897 1488 1950 che
1539 1907 1736 1967 quanto

153 1993 334 2060 prima
364 1992 412 2044 vi
438 1991 602 2059 capiti
637 1989 676 2042 il
703 1989 947 2060 catalogo
988 1989 1066 2042 de‘
1090 1989 1212 2042 libri
1248 1989 1432 2052 Greci,
1467 1990 1556 2042 che
1596 1988 1736 2042 uella

154 2080 404 2150 pubblica
436 2080 748 2134 bibliotheca
789 2081 836 2134 si
873 2081 1174 2145 ritrovano;
1217 2081 1257 2133 li
1305 2079 1454 2151 quali
1479 2082 1602 2150 perit
1633 2095 1735 2134 non

154 2190 286 2228 sono
331 2175 456 2226 tutti
487 2174 648 2244 quelli
668 2215 682 2239 ,
709 2173 800 2227 clte
828 2172 920 2226 dal
949 2173 1190 2228 cardinal
1250 2173 1516 2227 Benevone
1545 2175 1734 2244 furono

153 2265 373 2320 lasciati
418 2267 558 2319 nella
593 2266 931 2321 serenissima
957 2266 1294 2336 repubblica,
1330 2283 1422 2336 per
1460 2267 1551 2320 ché
1584 2268 1734 2321 molli

154 2358 298 2428 dein
338 2356 572 2427 migliozi
593 2358 638 2411 si
669 2359 934 2411 ritrovano
969 2358 1279 2427 trasportati
1316 2359 1366 2411 in
1397 2357 1611 2428 Spagna
1656 2361 1732 2412 ri-

153 2451 294 2519 posti
321 2451 461 2504 nella
488 2447 704 2504 libreria
729 2451 870 2520 regia
896 2450 990 2504 all‘
1018 2449 1318 2517 Escuriale,
1363 2452 1540 2504 rubati
1563 2452 1632 2504 da
1665 2469 1734 2505 un

153 2544 410 2595 scelerato
441 2543 667 2610 infante,
711 2543 1079 2596 ambassiador
1108 2541 1414 2614 Spagnuolo
1456 2547 1735 2598 nominato

155 2637 265 2690 don
306 2635 470 2705 Diego
514 2633 764 2689 Ilurtado
787 2636 844 2690 di
878 2636 1191 2704 Mendozza,
1237 2637 1278 2690 il
1319 2638 1478 2708 quale
1505 2637 1734 2692 harendo

154 2729 358 2781 havuta
394 2737 590 2781 ccrtese
621 2727 822 2781 licensa
846 2729 1143 2799 da‘signori
1191 2746 1223 2783 a
1247 2729 1394 2800 qua'li
1421 2746 1510 2783 era
1554 2747 1736 2784 racco—

153 2823 416 2875 mandata
462 2821 516 2875 la
551 2839 678 2876 cura
708 2822 851 2876 della
883 2823 1226 2891 bibliotheca,
1265 2826 1320 2879 di
1352 2835 1501 2894 pater
1529 2837 1712 2880 entrar

148 2916 215 2969 ed
238 2916 384 2968 nscir
403 2933 434 2968 a
457 2913 787 2985 suo‘piacere
818 2933 910 2986 per
946 2917 1146 2988 leggere
1167 2935 1193 2971 e
1217 2919 1474 2985 studiare,
1503 2936 1607 2973 non
1647 2937 1734 2974 es-

150 3009 315 3061 sendo
358 3008 429 3060 da
467 3009 700 3061 ministri
734 3009 971 3062 assistito
991 3049 1005 3071 ,
1032 3027 1123 3079 per
1149 3010 1239 3063 cite
1260 3027 1360 3064 non
1389 3012 1434 3064 si
1455 3028 1736 3082 presuppo-

149 3116 282 3152 neva
320 3099 372 3152 in
411 3115 564 3152 uomo
593 3099 648 3151 di
674 3117 773 3153 sua
815 3101 1122 3156 condicione
1172 3118 1278 3155 una
1309 3103 1559 3157 bassezza
1588 3105 1694 3157 tale
1715 3145 1730 3170 ,

1849 600 2162 655 sullecerint
2223 600 2623 672 circumscripti
2661 602 3046 672 disputationis
3091 603 3328 665 limites.
3373 611 3426 657 et

1847 692 2095 760 quasdam
2125 692 2302 747 adhuc
2335 693 2612 762 supersint
2634 691 2853 746 Macarii
2875 691 3138 762 Magnetis
3163 693 3426 747 doctrinas

1847 783 1914 838 de
1935 784 2040 852 ﬁde
2056 785 2521 854 etiusti/icatione,
2540 786 2607 839 de
2623 785 2987 851 Eucharistia,
3004 786 3068 840 ad
3087 802 3312 839 examen
3341 801 3427 839 re-

1845 877 2122 943 vocanda,
2159 877 2226 931 de
2261 879 2639 932 resurrectione
2676 888 2725 931 et
2751 878 2855 930 tita
2880 887 3075 931 (eterna
3103 879 3311 947 primus
3342 879 3427 933 his

1845 965 2062 1021 dabitur
2095 969 2247 1023 locus
2279 968 2330 1026 in
2366 969 2726 1023 subsecutura
2759 967 3152 1022 Dissertatione
3182 968 3277 1036 ΙΙΙ,
3306 985 3427 1038 quae

1845 1057 2141 1113 Macarium
2197 1061 2262 1114 de
2307 1061 2585 1115 erroribus
2643 1076 2708 1116 ac
2775 1061 2944 1115 nimis
2999 1059 3425 1126 lilan‘chaeismi,

1844 1149 2164 1214 Arianismi,
2191 1149 2614 1222 Origenianismi
2645 1162 2698 1208 et
2735 1153 3172 1218 Nestorianismi,
3193 1170 3426 1223 quorum

1845 1241 2194 1297 insimulatus
2220 1242 2340 1310 fuit,
2372 1245 2616 1300 absolvet
2649 1245 2784 1315 (88).

1847 1376 1874 1448 ᾗ
1912 1377 1953 1431 1.
2001 1376 2121 1430 Non
2154 1389 2384 1450 systcma
2414 1380 2659 1449 aliquod,
2686 1384 2774 1433 sed
2806 1377 3209 1450 Θεολογούμενα
3239 1381 3424 1433 sallcm

1911 1450 2318 1520 engragmentis
2362 1449 2595 1520 Macarii
2615 1449 2888 1520 Magnetis
2926 1449 3311 1519 proponuntur.
3359 1481 3415 1490 —-

1917 1517 1944 1588 §
1975 1518 2036 1573 ll.
2078 1517 2326 1590 Tlteologi
2355 1522 2542 1574 titulus
2573 1517 2808 1590 Magneti
2843 1517 3142 1574 vin-dicatus
3192 1538 3223 1574 a
3263 1520 3416 1576 Nice-

1911 1591 2076 1658 pltoro
2112 1589 2224 1643 ΕΡ.
2266 1591 2598 1659 patriarclta.
2627 1589 2694 1630 4
2724 1590 2750 1660 §
2777 1589 2866 1644 111.
2911 1591 3171 1644 Doctrina
3221 1592 3284 1644 de
3325 1609 3425 1644 auo

1914 1662 2164 1713 ctoritate
2175 1662 2355 1716 divina
2373 1660 2666 1730 Scriptura:
2681 1677 2847 1716 sacra:
2868 1671 3055 1715 contra
3073 1662 3426 1731 Porphyrium

1913 1731 2204 1786 vindicata.

1913 1841 2130 1898 Initium
2165 1844 2362 1900 merito
2397 1843 2634 1901 facimus
2663 1844 2734 1899 ab
2766 1844 3096 1902 auctoritate
3138 1853 3190 1900 et
3233 1844 3418 1899 divini-

1846 1942 1956 1990 tate
2006 1935 2302 2006 Scripturaa
2359 1952 2568 2002 sacrat,
2630 1951 2796 2008 quam
2847 1936 3083 2006 scriptor
3136 1945 3322 1992 noster
3373 1936 3428 1990 in

1843 2028 2268 2098 quamplurimis
2335 2026 2631 2099 Scriptura:
2696 2027 2983 2082 divinioris
3035 2027 3172 2082 locis
3249 2027 3429 2082 citatis

1841 2122 2089 2190 agnoscit
2139 2119 2289 2191 (89),
2334 2122 2694 2191 eamdemque
2722 2120 2922 2174 diserte
2966 2118 3064 2190 τὴν
3107 2118 3258 2171 Θείαν
3290 2119 3429 2190 Γρα-

1842 2213 1948 2283 cpi):
1979 2211 2090 2284 (90)
2139 2222 2192 2268 et
2229 2213 2387 2283 λόγον
2427 2212 2563 2268 Θεοῦ
2595 2212 2706 2287 (91)
2751 2211 3018 2282 appellat,
3051 2220 3216 2280 atque
3244 2209 3428 2264 divina

1841 2303 2013 2374 ipsius
2047 2305 2269 2360 oracula
2303 2305 2568 2361 adversus
2633 2305 2917 2374 gentilium
2971 2302 3428 2373 philosophorum

1841 2396 2147 2452 calumnias
2170 2397 2386 2467 egregie
2416 2395 2676 2450 vindicat.
2702 2395 3046 2464 QuaprOpter
3076 2393 3274 2462 etjure
3308 2408 3428 2447 me-

1841 2488 2056 2556 ritoque
2105 2503 2135 2542 a
2190 2485 2495 2557 Nicephoro
2547 2485 2860 2557 patriarcha
2925 2484 3032 2539 Cl’.
3095 2483 3431 2554 reliquisque

1841 2578 2173 2633 antistitibus
2212 2578 2529 2636 orthodoxis
2571 2575 2820 2634 laudatur
2846 2585 3108 2646 tanquam
3157 2575 3428 2644 scriptor,

1841 2670 1935 2740 qui
1981 2669 2288 2723 doctrinam
2342 2668 2716 2739 evangelicam
2760 2676 3054 2724 veneretur
3101 2677 3266 2738 atque
3322 2667 3431 2721 im-

1841 2760 2066 2830 pensius
2097 2760 2308 2826 iuvent;
2359 2761 2470 2814 imo
2496 2759 2589 2830 qui
2639 2760 2886 2831 magistri
2921 2775 3150 2815 munere
3195 2759 3432 2830 fungens

1842 2848 2045 2902 fastum
2093 2865 2157 2903 ac
2203 2859 2482 2919 stuporem
2523 2865 2753 2914 eorum,
2793 2850 2889 2920 qui
2925 2861 3120 2905 contra
3179 2851 3428 2904 divinum

1841 2939 2192 3011 Evangelium
2266 2943 2621 3012 pronuntiare
2685 2941 2920 3009 audent,
2980 2942 3227 2997 mascula
3300 2956 3431 3009 prn-

1841 3033 2096 3102 scripsit,
2128 3042 2289 3103 atque
2327 3034 2565 3088 infamiae
2598 3034 2853 3103 exposuit
2881 3053 2893 3088 :
2928 3033 3118 3104 Πολλῷ
3146 3033 3203 3086 δὲ
3237 3031 3427 3096 πλέον,

1842 3123 2048 3193 inquit,
2096 3124 2124 3176 ὁ
2171 3126 2524 3196 συγγραφεὺς
2567 3117 2752 3188 οὗτος,
2799 3126 2958 3196 εἴπερ
3009 3127 3067 3178 ἐν
3108 3123 3430 3177 διδασκάλου

147 3193 206 3244 in
233 3193 435 3246 diverse
465 3193 598 3246 volte
620 3193 838 3248 levando
869 3194 1009 3249 dalle
1048 3195 1214 3249 tavolc
1236 3198 1532 3250 incutenate
1562 3196 1610 3250 le
1641 3214 1730 3250 co-

1849 3213 1991 3278 εάξει
2057 3214 2563 3286 προκαθεζόμενος,
2616 3215 2724 3269 τῶν
2773 3213 3095 3286 τολμώντων
3149 3215 3289 3267 κατὰ
3335 3213 3430 3267 τοῦ

146 3287 282 3348 dici,
303 3302 330 3338 e
355 3287 692 3355 riponendovi
716 3299 865 3342 carta
881 3288 952 3341 da
973 3291 1220 3354 straccio,
1241 3291 1287 3343 si
1309 3291 1460 3360 porto
1489 3290 1528 3342 il
1558 3289 1728 3342 buono

144 3377 195 3432 el
246 3379 518 3449 migliore;
551 3396 708 3434 senza
735 3379 823 3433 c/te
849 3397 942 3448 per
976 3380 1069 3433 all‘
1107 3381 1238 3434 hora
1266 3423 1280 3445 ,
1323 3397 1349 3435 e
1398 3397 1490 3451 per
1512 3380 1730 3450 quale/te

154 3481 325 3538 'empo
359 3471 492 3537 dopo
535 3471 724 3525 alcuno
749 3489 804 3527 se
826 3490 887 3526 ne
910 3473 1201 3537 avvedesse,
1245 3471 1305 3525 ne
1329 3473 1376 3526 si
1399 3472 1612 3527 sarebbe
1640 3489 1732 3541 per

148 3571 436 3616 arventura
461 3563 676 3618 creduto
723 3565 762 3617 il
803 3566 947 3634 furto
980 3566 1115 3634 [atto
1159 3565 1230 3618 da
1259 3565 1373 3630 lui,
1417 3582 1472 3619 se
1514 3564 1554 3617 il
1595 3565 1730 3633 [atto

147 3666 320 3708 stesso
347 3672 446 3708 non
473 3656 524 3709 lo
551 3657 821 3727 palcsara,
848 3675 874 3712 e
904 3675 1008 3712 non
1039 3658 1088 3712 lo
1111 3659 1278 3728 palesi
1309 3667 1447 3712 tutta
1470 3660 1620 3724 via,e
1641 3675 1733 3728 per

151 3747 342 3800 adesso
372 3763 400 3802 ε
440 3765 533 3817 per
571 3765 772 3818 sempre
806 3766 901 3804 con
925 3761 1104 3804 eterna
1131 3768 1229 3804 sua
1250 3751 1505 3820 infamia,
1535 3763 1733 3805 mentre

150 3841 196 3894 si
227 3841 422 3894 vedono
453 3839 501 3894 le
544 3842 714 3894 codici
744 3858 838 3894 con
867 3842 906 3894 il
935 3858 1084 3896 nonte
1114 3853 1163 3897 et
1202 3860 1360 3914 segno
1383 3845 1436 3897 di
1465 3844 1732 3899 Benevone

151 3934 292 3988 nella
327 3934 544 3988 libraria
576 3935 700 3989 dell'
728 3935 1008 3991 Escuriale
1033 3937 1167 4008 (87).

223 4028 674 4095 Quandoquidem
708 4031 871 4100 igitur
899 4033 1103 4085 nullam
1141 4048 1289 4101 spem
1329 4033 1460 4085 mihi
1489 4032 1731 4087 relictam

148 4136 276 4176 esse
315 4122 565 4176 videbam
602 4126 872 4192 integrum
919 4139 1058 4193 opus
1105 4124 1519 4192 ’Λποκριτικῶν
1551 4141 1616 4180 ex
1651 4135 1730 4181 te-

152 4211 338 4268 nebris
359 4214 606 4275 eruendi,
635 4214 700 4267 ad
732 4213 1029 4284 fragmenta
1055 4215 1200 4270 illius
1231 4215 1367 4270 bene
1395 4216 1587 4281 multa,
1609 4231 1733 4285 qua:

150 4323 221 4361 ex
255 4306 428 4360 tribus
457 4305 739 4361 codicibus
761 4323 892 4362 mss.
918 4306 1208 4376 Nicephori
1238 4309 1561 4378 patriarchae
1588 4309 1735 4362 Con-

151 4400 656 4469 stantinopolitani,
706 4401 922 4470 alioque
971 4402 1098 4456 item
1149 4403 1336 4456 codice
1387 4417 1490 4454 ms.
1552 4400 1735 4455 Italico

151 4493 449 4546 cardinalis
495 4493 756 4548 Ottoboni
794 4493 921 4547 hinc
953 4493 1075 4547 inde
1100 4493 1344 4562 diSpet'sa
1388 4494 1732 4562 collegerant,

1839 3305 1983 3358 Θείου
2026 3305 2359 3374 Εὐαγγελίου
2390 3308 2660 3360 ποιεῖσθαι
2689 3307 2786 3378 τὴν
2821 3307 3161 3379 κατάῤῥησιν
3181 3347 3195 3370 ,
3249 3305 3432 3377 στηλι-

1836 3395 2046 3449 τεύσειε
2074 3397 2134 3449 τὸ
2163 3397 2392 3468 σοϐαρὸν
2433 3415 2492 3450 τε
2531 3399 2622 3450 καὶ
2665 3397 2978 3469 ἔμπληκτον
3009 3397 3140 3468 (9‘2).
3169 3395 3429 3462 Quando-

1839 3489 2062 3559 quidem
2093 3489 2258 3543 etiam
2290 3490 2518 3559 gentiles
2549 3491 2861 3560 philosophi
2908 3490 3067 3544 istius
3115 3489 3293 3542 aetatis
3323 3527 3338 3552 ,
3375 3497 3432 3541 et

1834 3595 1901 3635 ex
1949 3596 2140 3634 eorum
2188 3597 2418 3636 numero
2451 3583 2732 3652 speciatim
2771 3581 3141 3652 Porphyrius,
3172 3583 3238 3635 ad
3270 3596 3427 3634 ever-

1835 3672 2052 3726 tendam
2110 3671 2406 3744 Scriptura:
2458 3689 2628 3728 sacrae
2673 3674 3051 3728 auctoritatem
3125 3671 3429 3742 saepissime

1834 3779 2048 3818 sacram
2101 3763 2516 3834 Evangeliorum
2553 3763 2842 3818 historiant
2897 3761 3156 3817 falsitatis
3199 3770 3253 3815 et
3295 3777 3429 3815 con-

1835 3855 2180 3910 tradictionis
2205 3871 2436 3927 arguere
2463 3856 2708 3911 solebant
2739 3870 2753 3906 :
2790 3854 3090 3909 Macarium
3117 3851 3424 3923 Magnetem

1835 3946 2142 4016 apologiam
2179 3945 2457 4017 Evangelii
2509 3948 2774 4000 adversus
2807 3946 3090 4016 gentilium
3123 3944 3429 3998 calumnias

1835 4039 2228 4108 conscripsisse
2259 4047 2489 4092 testatur
2517 4039 2632 4108 ipsa
2666 4038 2950 4107 inscriptio
2984 4031 3426 4102 Ἀποκριτικῶν,

1835 4129 2102 4199 siquidem
2147 4129 2344 4184 Frane.
2376 4127 2683 4184 Turrianus
2712 4128 2962 4184 Graecum
3000 4127 3219 4181 titulum
3261 4125 3428 4196 hujus

1836 4219 2019 4290 operis
2067 4222 2142 4275 ita
2190 4221 2448 4290 exprimit
2490 4221 2644 4286 (95):
2689 4220 2775 4283 Ὠς
2807 4217 2948 4290 φησι
2975 4217 3206 4289 Μάγνης
3254 4218 3281 4269 ὁ
3317 4234 3428 4268 πα-

1835 4310 2115 4373 λαιότατος
2150 4311 2501 4380 συγγραφεὺς
2532 4310 2588 4362 ἐν
2615 4307 2692 4380 τῷ
2726 4309 2898 4381 τρίτῳ
2934 4307 3126 4377 βιϐλίῳ
3162 4303 3270 4358 τῶν
3300 4305 3429 4376 περὶ

1838 4403 2171 4470 Εὑαγγελίου
2216 4400 2524 4470 ἀπολογιῶν
2559 4400 2695 4473 πρὸς
2725 4399 3016 4471 Θεοσθένη.
3063 4399 3141 4453 Ac
3175 4397 3428 4452 eumdem

1841 4494 2062 4563 quidem
2114 4494 2256 4548 inter
2310 4492 2417 4545 alia
2462 4492 2624 4546 etiam
2673 4491 2983 4546 istiusmodi
3031 4488 3430 4559 discrepantias

149 4599 239 4638 me
273 4584 475 4646 iterum
499 4585 711 4640 accinxi
735 4625 750 4648 ,
780 4595 838 4638 ut
871 4600 1106 4654 quorum
1141 4586 1390 4638 notitiam
1417 4585 1731 4640 historicum
1769 4600 1812 4654 ι)
1841 4587 2296 4657 evangelistarum
2326 4585 2395 4640 ab
2430 4585 2684 4639 hostibus
2707 4582 2983 4653 Evangelii
3016 4583 3261 4652 objectas
3291 4581 3425 4635 sub«

148 4686 205 4730 et
237 4676 485 4731 criticam
535 4678 587 4730 in
624 4677 792 4747 priori
822 4677 1215 4732 Dissertatione
1254 4677 1509 4732 dederam
1536 4718 1552 4745 ,
1589 4692 1736 4731 nunc

148 4766 316 4820 etiam
349 4765 706 4833 theologicam
739 4776 902 4836 atque
944 4768 1264 4836 polemicam
1294 4767 1512 4822 duabus
1540 4768 1737 4822 sectio-

147 4860 317 4915 nibus
369 4861 752 4928 pertexendam
803 4875 1088 4926 curarem;
1147 4876 1378 4929 quarum
1441 4861 1615 4929 prima
1670 4861 1740 4913 de

147 4951 487 5022 dogmatibus
513 4967 544 5005 a
576 4950 813 5006 Maca-rio
838 4949 1085 5022 Magnete
1114 4951 1412 5019 propositis
1442 4951 1526 5004 vel
1555 4950 1739 5004 defen-

149 5045 264 5109 sis,
308 5043 478 5098 altera
509 5043 577 5098 de
608 5043 878 5096 erroribus
915 5059 978 5096 ac
1009 5043 1168 5094 nwvis
1201 5041 1446 5110 ejusdem
1487 5041 1570 5095 vel
1611 5057 1738 5096 vere

151 5139 237 5191 vel
271 5134 412 5190 falso
441 5135 722 5204 imputatis
762 5134 1022 5188 distincta
1051 5147 1216 5202 opera
1244 5142 1386 5202 aget.
1421 5131 1559 5186 Cum
1601 5147 1731 5186 vero

219 5363 342 5440 (87)
381 5359 895 5440 Conferatur‘etiam
942 5358 1110 5412 Andr.
1146 5359 1360 5414 Schotti
1409 5359 1737 5414 Bibliotheca

147 5431 459 5505 Hispanae,
492 5449 542 5501 p.
568 5448 661 5505 Am.
692 5431 798 5484 Ξὲάὸ
832 5445 947 5499 seq.

218 5499 344 5575 (S8)
396 5499 695 5557 Promissis
741 5518 848 5555 non
897 5500 1046 5555 stetit
1090 5509 1280 5575 auctor
1301 5520 1324 5575 ;_
1383 5500 1476 5554 sed
1519 5516 1626 5570 qua
1670 5499 1741 5555 de

174 5572 355 5640 mss,
399 5590 468 5628 an
508 5583 686 5628 morte
717 5581 1064 5642 przeventus,
1107 5574 1265 5628 nobis
1314 5572 1736 5640 incompertum.

189 5668 215 5700 υ
239 5665 316 5701 ιτ.
359 5645 530 5698 Pun.

226 5720 343 5784 (δυ)
388 5716 485 5767 Ex.
533 5727 760 5784 causa_:
811 5708 986 5784 [Cora
1026 5726 1157 5774 vm,
1192 5711 1261 5784 _5;
1303 5708 1472 5784 Marc.
1515 5726 1582 5775 ν,
1633 5710 1738 5784 '50;

152 5780 349 5839 Matth.
382 5801 517 5847 xxii,
543 5784 638 5847 29,
675 5782 775 5846 50;
810 5780 980 5834 Exod.
1013 5782 1289 5845 xxx1,ll$;
1327 5782 1462 5836 Gen.
1493 5782 1741 5845 “111,16

154 5870 319 5926 help;
349 5853 521 5910 Exod.
555 5869 690 5922 nn,
719 5853 831 5920 ‘28;
864 5848 970 5907 Joh
1004 5867 1060 5921 ι,
1092 5851 1190 5920 ll;
1221 5851 1356 5908 Gen.
1397 5869 1462 5923 ¹ι,
1500 5868 1537 5907 ιι
1567 5862 1620 5907 et
1653 5867 1734 5905 ιιι.

1839 4675 1968 4730 inde
2015 4678 2068 4728 in
2104 4675 2209 4730 isto
2255 4690 2419 4744 opere
2465 4673 2820 4737 conciliasse,
2863 4670 3146 4738 nodosque
3187 4667 3427 4724 maxime

1840 4767 2172 4837 impeditos,
2203 4767 2300 4838 qui
2335 4766 2630 4820 hodienum
2684 4765 2864 4819 adhuc
2897 4763 3238 4817 eruditorum
3273 4764 3428 4831 inge-

1842 4857 1931 4911 nia
1959 4866 2254 4926 torquent,
2298 4855 2442 4908 haud
2485 4853 2776 4909 infeliciter
2804 4853 3034 4908 solvisse
3064 4848 3427 4920 deprehendi-

1845 4965 1988 5002 mus.
2016 4948 2188 5017 Cujus
2231 4948 2307 5001 rei
2333 4948 2640 5017 exemplum
2674 4946 2916 5015 priebent
2947 4960 3032 5009 ea,
3064 4958 3186 5013 quas
3220 4942 3421 4998 Franc.

1849 5039 2154 5095 Turrianus
2183 5037 2236 5091 in
2269 5037 2584 5107 Defensione
2624 5054 2718 5106 pro
2749 5034 3037 5090 canonibus
3069 5034 3436 5104 apostolorum

1840 5143 1889 5187 et
1928 5131 2161 5202 epistolis
2191 5131 2502 5200 pontiﬁcum
2525 5173 2540 5198 ,
2570 5130 2664 5184 lib.
2698 5145 2735 5183 ιι
2761 5170 2776 5196 ,
2807 5144 2858 5183 e.
2891 5128 2946 5190 '5,
2975 5143 3027 5199 p.
3061 5143 3136 5181 m.
3162 5125 3265 5181 120
3298 5131 3428 5200 (9i).

1914 5359 2026 5431 (90)
2071 5358 2128 5414 In
2163 5373 2366 5413 comm.
2400 5356 2468 5410 ad
2502 5355 2638 5411 Gen.
2677 5371 2718 5409 1.

1917 5445 2030 5515 (91)
2072 5443 2127 5496 ln
2168 5442 2474 5510 fragmento
2502 5438 2595 5492 1X.

1916 5529 2028 5600 (tt-2)
2074 5526 2190 5580 νίιΙ.
2221 5541 2343 5596 cap.
2377 5526 2409 5579 6
2440 5523 2730 5593 fragment.
2759 5519 2828 5576 γ.

1917 5613 2029 5682 (95)
2091 5610 2148 5662 In
2198 5609 2425 5682 scholiis
2483 5601 3433 5682 apologeitieisuad‘“genuituﬁones

1845 5671 2204 5749 apostolorum
2241 5680 2429 5734 Graece
2468 5671 2918 5733 editas'V'enetiis
2950 5673 3124 5740 1565,
3167 5671 3314 5741 ιμν.
3356 5689 3430 5727 ιιι.

1847 5754 1970 5809 ibi

1919 5851 2032 5922 (93s)
2074 5847 2216 5904 Edit.
2249 5846 2428 5903 Lutet.
2462 5844 2603 5917 apud
2632 5842 2760 5901 Sch.
2795 5840 3084 5898 Nivcllium
3125 5839 3284 5906 1575,
3314 5837 3370 5896 8.
