3888 6532
401 393 537 450 1579

1684 388 2036 445 MACARIUS
2073 388 2377 445 MAGNES.

3515 387 3659 444 1380

399 521 452 565 et.
485 525 550 564 ex
580 523 646 564 eo
671 507 732 564 B.
776 507 826 562 J.
861 508 979 562 Alb.
1023 507 1304 564 Fabricius
1337 511 1390 564 in
1433 510 1646 564 Delectu
1679 527 1960 582 argumen-
1990 523 2034 578 Α
2063 511 2152 566 hic
2205 511 2369 579 igitur
2433 508 2632 578 injuria
2689 507 2928 564 Macario
2979 506 3217 578 Magncti
3267 520 3298 558 a
3367 504 3654 560 Turriano

401 611 574 654 torum
623 608 673 654 et
713 599 916 670 syllaba
967 603 1282 669 scriptorum
1321 603 1385 656 de
1423 605 1638 656 veritate
1689 605 1960 673 religionis

399 693 746 758 Christiana,
777 707 831 762 p.
861 691 964 756 65,
1003 708 1066 748 ex
1105 693 1342 748 Macario
1371 693 1616 765 Magnete
1642 705 1830 750 nostro
1862 705 1962 764 pro

399 783 757 839 conciliandis
809 785 1264 854 cvangelistarum
1327 787 1670 842 sermonibus
1722 788 1964 856 protule-

401 885 565 928 runt:
603 873 719 928 Imo
751 875 950 929 accedit
981 878 1140 929 etiam
1164 877 1263 930 huc
1291 877 1582 945 exemplum
1617 878 1964 948 evangelista-

401 983 518 1019 runt
551 968 569 1037 (
587 973 716 1020 sunt
743 968 906 1021 verba
945 967 1196 1022 Turriani
1215 970 1231 1037 )
1253 1012 1267 1035 ,
1295 986 1422 1040 quos
1451 970 1736 1040 aliquando
1767 987 1870 1024 non
1904 985 1968 1023 ea:

400 1061 515 1128 ipsa
543 1061 758 1113 veritate
784 1059 879 1126 rei,
902 1060 990 1114 sed
1015 1077 1078 1115 ea:
1102 1061 1242 1131 vulgi
1261 1063 1637 1116 consuetudine
1657 1071 1704 1116 et
1725 1063 1969 1131 opinione

401 1169 584 1206 nomen
611 1153 894 1220 sumpsisse
915 1192 928 1216 ,
965 1161 1148 1206 auctor
1177 1163 1252 1206 est
1286 1153 1549 1224 Magnetes
1585 1155 1968 1208 vetustissimus

401 1245 627 1312 scriptor
655 1243 1066 1310 ecclesiasticus,
1101 1243 1192 1298 lib.
1223 1259 1260 1297 ιι
1283 1253 1332 1297 et
1363 1261 1393 1297 v
1428 1261 1556 1314 quos
1581 1255 1764 1298 contra
1806 1243 1970 1298 Theo-

400 1333 632 1387 sthenem
660 1333 900 1404 gentilem
946 1335 1057 1406 (95)
1091 1337 1498 1407 discrepantiam
1529 1339 1970 1408 evangelistarum

401 1435 448 1478 et
478 1424 586 1478 alia
616 1425 760 1478 nobis
793 1425 930 1495 [also
958 1427 1010 1480 in
1039 1425 1323 1496 Evangelia
1361 1427 1689 1494 objicientem
1739 1429 1968 1495 scripsit.

402 1519 492 1570 Ait
521 1519 690 1582 enim,
714 1535 808 1588 pro
835 1535 892 1572 eo
912 1561 926 1584 ,
951 1520 1086 1589 quod
1135 1536 1268 1572 unus
1307 1519 1624 1588 evangelista
1654 1519 1792 1573 dixit
1825 1519 1934 1589 (96)
1957 1558 1970 1577 .

407 1611 641 1663 «calamo
664 1613 936 1680 spongiam
961 1613 1642 1682 σίιτιιηιροηεηιεε»άὶωἱδεε
1656 1613 1820 1666 alium
1838 1613 1994 1694 (97);

401 1708 612 1768 propter
663 1701 1066 1754 similitudinem
1127 1702 1368 1764 arbusti,
1429 1701 1698 1772 chyssopo
1752 1702 1977 1754 circum-

402 1801 668 1859 ponentes,
697 1811 713 1843 ι
743 1809 860 1845 cum
890 1791 1978 1861 dicendum,inquit,essettcalamoJItvm

2064 602 2208 656 illata
2244 600 2318 666 (i)

2064 714 2090 786 §
2119 713 2206 767 Ν.
2228 713 2301 766 De
2327 712 2480 766 modo
2513 711 2892 786 interpretandi
2917 709 3262 786 _Scriptnram
3289 724 3528 772 sacram,
3555 708 3658 760 ad-

2429 799 2605 837 versus
2635 783 2872 836 eumdem
2911 781 3290 850 Porphyrium.

2136 881 2419 951 Proposito
2464 896 2608 935 nunc
2641 880 2936 950 specimine
2985 879 3170 949 aliquo
3213 879 3506 947 exegetico
3541 875 3660 930 Ma-

2067 974 2200 1028 carii
2249 972 2544 1042 Magnetis,
2586 973 2639 1025 in
2691 987 2801 1042 quo
2836 972 3145 1027 dissensum
3182 969 3654 1039 evangelistarum

2067 1080 2097 1118 a
2133 1064 2434 1134 Porphyrio
2463 1063 2738 1133 objectum
2775 1063 2920 1117 haud
2965 1061 3164 1116 infelici
3195 1076 3366 1131 opera
3397 1077 3432 1114 a
3467 1061 3660 1114 divino

2074 1171 2244 1210 sacra:
2293 1154 2589 1224 Scriptum
2645 1155 2784 1209 libro
2851 1155 3064 1208 amoliri
3129 1152 3398 1218 tentavit;
3457 1152 3662 1222 paucis

2069 1244 2246 1298 adhuc
2273 1244 2658 1307 observamus,
2687 1241 3046 1312 Porphyrium
3079 1241 3526 1298 infensissimum
3565 1241 3654 1294 di-

2071 1335 2312 1404 sciplina:
2336 1334 2661 1390 Christiana:
2693 1335 2937 1398 hostem,
2976 1349 3100 1388 cum
3143 1334 3294 1402 ipsas
3343 1348 3542 1388 sacras
3581 1333 3666 1385 lit-

2072 1433 2218 1478 teras
2235 1423 2538 1479 convellere
2557 1438 2666 1477 non
2689 1432 2892 1493 posset,
2913 1423 3146 1477 subinde
3169 1423 3334 1476 etiam
3353 1423 3662 1476 damnasse

2073 1517 2294 1570 modum
2326 1515 2716 1585 interpretandi
2751 1513 3079 1568 Christianis
3137 1513 3509 1583 scriptoribus
3545 1513 3662 1565 usi-

2075 1617 2244 1661 tatum
2265 1649 2279 1672 ,
2309 1622 2422 1676 quo
2447 1607 2597 1660 varia
2634 1605 2932 1675 Scriptura:
2960 1606 3206 1670 oracula,
3245 1605 3472 1660 arcanis
3503 1605 3662 1673 plena

2073 1699 2379 1766 mysteriis,
2417 1713 2581 1753 sensu
2609 1698 2934 1767 quandoque
2982 1697 3216 1767 mystico
3258 1706 3314 1750 et
3363 1696 3662 1766 allegorice

2076 1785 2346 1852 explicare
2391 1785 2652 1840 solebant.
2705 1783 2851 1840 Istud
2893 1786 3296 1840 commentandi
3353 1801 3536 1854 genus
3571 1800 3664 1854 per

403 1883 541 1950 quod
570 1900 702 1936 unus
743 1883 1062 1954 evangelista
1099 1884 1210 1955 (98)
1239 1885 1406 1951 dixit,
1444 1904 1462 1935 ι
1499 1885 1706 1952 vinum,
1739 1905 1756 1936 ι
1791 1903 1972 1939 rursus

2082 1877 2443 1945 expositiones
2471 1879 2674 1948 typicas
2704 1889 2758 1931 et
2790 1878 3110 1948 allegoricas
3139 1877 3520 1948 Porphyrium
3543 1891 3662 1946 gra-

403 1971 602 2024 dictum
632 1988 740 2025 esse
773 1990 790 2022 ‹
818 1985 1022 2026 acetum
1046 1975 1178 2047 (99),
1212 1993 1230 2026 ι
1271 1977 1326 2028 in
1352 1993 1502 2028 cruce
1526 1978 1609 2044 (ea:
1637 1976 1815 2030 eodem
1837 1979 1974 2030 enim

404 2079 523 2116 vase
551 2065 718 2132 posito
747 2065 1064 2132 hauserunt,
1104 2084 1222 2120 cum
1251 2078 1550 2137 perventum
1585 2081 1658 2122 est
1690 2069 1758 2122 ad
1781 2069 1975 2124 Calva—

404 2151 540 2204 riam
573 2165 620 2205 et
653 2154 706 2205 in
737 2157 920 2222 cruce)
950 2159 1271 2224 prtesertim,
1297 2159 1502 2228 inquit,
1546 2177 1664 2213 cum
1697 2160 1857 2230 legem
1895 2161 1976 2214 lti-

402 2245 582 2298 storiaz
620 2247 948 2316 evangelista:
987 2259 1270 2316 servarent,
1316 2251 1544 2321 nihilque
1590 2253 1736 2306 ultra
1783 2252 1978 2307 scribe-

404 2347 552 2404 rent,
599 2355 756 2407 quam
783 2341 920 2410 quod
964 2351 1086 2394 tunc
1128 2342 1401 2397 dicebatur
1441 2347 1494 2398 in
1521 2345 1615 2399 illo
1647 2345 1876 2399 tumultu
1915 2363 1976 2400 ac

404 2427 605 2496 furore.
641 2427 727 2482 Sic
757 2433 894 2484 enim
925 2433 1300 2486 existimarunt
1332 2436 1462 2504 fore,
1503 2445 1558 2488 ut
1587 2439 1812 2490 historia
1837 2441 1978 2493 omni

404 2522 702 2588 suspicione
725 2535 946 2588 careret,
972 2525 1018 2575 εἰ
1047 2524 1119 2594 μὴ
1138 2525 1556 2597 περιεργότερον
1571 2527 1685 2580 ἀλλ’
1709 2529 1978 2586 ἄπλαστον

403 2612 652 2684 εὑρεθείη
675 2613 774 2683 τῆς
802 2615 1042 2685 ἱστορίας
1064 2617 1126 2666 τὸ
1154 2617 1389 2687 γράμμα
1410 2657 1423 2682 ,
1471 2618 1527 2670 id
1573 2629 1680 2684 est,
1722 2621 1768 2673 si
1801 2621 1980 2677 littera

405 2705 642 2758 historite
675 2721 776 2757 non
812 2707 1043 2772 curiosa,
1067 2706 1156 2759 sed
1191 2707 1412 2775 simplex
1447 2709 1780 2777 reperiretur.

477 2793 737 2860 Quamvis
778 2811 908 2866 ergo
955 2797 1299 2866 evangelista:
1333 2815 1400 2852 ex
1443 2803 1709 2856 sententia
1759 2801 1978 2858 Macarii

405 2882 670 2954 Magnetis
713 2885 887 2956 legem
944 2887 1188 2942 historia:
1232 2879 1602 2953 servaverint,
1649 2893 1980 2964 simplicitati

407 2975 699 3043 factorum,
727 2993 836 3032 non
866 2979 1166 3034 curiositati
1191 2980 1816 3054 indulgentes,nihilque
1838 2987 1978 3042 ultra

405 3070 758 3138 scripserint,
789 3087 954 3141 quam
985 3074 1131 3142 quod
1178 3075 1279 3130 ista
1307 3085 1465 3131 astate
1503 3079 1866 3133 communiter
1898 3079 1980 3133 di-

406 3165 633 3218 cebatur
657 3163 712 3218 in
745 3164 838 3219 illo
867 3167 1101 3220 tumultu
1134 3166 1409 3223 acfurore
1439 3171 1659 3238 populi;
1695 3171 1858 3224 nimis
1884 3188 1980 3224 au-

405 3255 590 3309 dacter
617 3263 795 3310 tamen
822 3257 1015 3313 exinde
1048 3259 1251 3330 colligit
1279 3259 1605 3325 Turrianus,
1631 3277 1820 3316 sacros
1846 3263 1980 3317 scri-
2008 3229 2048 3287 Ο

405 3357 587 3416 plores
627 3350 921 3419 aliquando
960 3367 1068 3405 non
1105 3339 1328 3422 ex'ipsa
1361 3355 1589 3410 veritate
1619 3355 1733 3422 rei,
1778 3356 1871 3420 sed
1914 3371 1980 3410 ex

405 3441 550 3509 vulgi
593 3443 992 3496 consuetudine
1025 3452 1078 3498 ct
1109 3445 1367 3514 opinione
1411 3463 1610 3502 nomen
1657 3448 1977 3516 sumpsisse.

409 3530 583 3596 Quam
636 3535 1192 3590 accommodationem
1246 3537 1540 3608 Scriptura:
1598 3539 1666 3593 ad
1727 3555 1981 3595 erroncas

410 3625 693 3693 opiniones
727 3635 782 3680 et
817 3629 1239 3684 consuetudines
1275 3631 1455 3700 vulgi,
1491 3648 1616 3686 cum
1643 3634 1870 3688 veritate
1903 3636 1984 3690 rei

411 3725 718 3786 pugnantes
744 3761 756 3778 ,
789 3719 1105 3787 neutiquam
1138 3735 1260 3774 cum
1291 3724 1540 3790 superius
1569 3724 1730 3778 allata
1761 3723 1979 3795 Magne-

412 3809 482 3862 tis
513 3809 681 3861 nostri
725 3808 1167 3877 interpretatione
1221 3822 1383 3882 atque
1426 3816 1804 3870 conciliatione
1851 3833 1982 3873 con~

409 3901 616 3967 venire,
634 3900 806 3956 cuivis
829 3902 945 3957 haec
972 3903 1207 3971 pcnitius
1238 3907 1600 3961 consideranti
1635 3911 1979 3978 perspicuum

412 4002 495 4046 est
525 4009 536 4044 :
573 3993 843 4062 siquidem
871 3995 974 4048 alia
1008 3997 1231 4052 omnino
1261 4000 1526 4053 censenda
1561 4011 1644 4054 est
1675 4017 1982 4057 accommo-

411 4084 557 4138 datio
582 4084 650 4138 ad
679 4087 996 4156 popularem
1028 4105 1242 4158 usuque
1272 4101 1544 4160 receptam
1575 4094 1830 4163 loquendi
1871 4093 1982 4148 for-

413 4189 556 4228 mam
578 4215 592 4238 ,
630 4176 732 4230 alia
761 4193 889 4232 vero
941 4179 1006 4233 ad
1045 4180 1248 4236 indocti
1280 4183 1426 4251 vulgi
1474 4183 1787 4252 prtrjudicia
1820 4193 1982 4254 atque

413 4281 656 4334 errores,
689 4269 802 4323 sive
833 4270 886 4322 in
921 4271 1084 4326 rebus
1116 4274 1486 4337 naturalibus,
1524 4275 1638 4329 sive
1681 4275 1980 4344 hist0ricis,

415 4358 530 4413 sive
573 4361 909 4428 moralibus,
956 4362 1070 4417 sive
1117 4364 1438 4436 theologicis
1471 4377 1777 4422 versentur.
1826 4369 1984 4424 Absit

2076 1969 2214 2022 viter
2241 1970 2294 2022 in
2321 1968 2647 2025 Christianis
2681 1969 2953 2039 culpasse,
2997 1972 3151 2026 testis
3180 1981 3262 2024 est
3292 1969 3576 2024 Eusebius
3609 1969 3660 2022 in

2075 2061 2506 2116 luculentissimo
2537 2062 2630 2116 illo
2655 2062 2802 2124 loco,
2827 2078 2989 2133 quem
3017 2079 3080 2117 ex
3099 2062 3392 2134 Porphyrii
3425 2061 3570 2114 libro
3603 2075 3662 2113 ιιι

2076 2159 2263 2205 contra
2291 2151 2634 2208 Christianos
2664 2154 2892 2208 adduxit
2923 2154 2976 2208 in
3007 2153 3250 2208 Historia
3275 2153 3664 2214 ecclesiastica,

2075 2239 2169 2292 lib.
2201 2255 2284 2302 vi,
2323 2255 2442 2309 cap.
2490 2241 2577 2295 19.
2643 2239 2863 2296 Nullum
2903 2242 3060 2312 plane
3101 2252 3184 2298 est
3215 2243 3450 2298 dubium
3477 2281 3494 2306 ,
3535 2243 3666 2311 quin

2076 2329 2346 2386 Macarius
2395 2341 2584 2388 noster
2631 2333 2684 2386 in
2757 2335 2968 2405 integro
3026 2349 3188 2404 opere
3247 2330 3666 2402 Ἀποκριτικὼν

2077 2423 2237 2477 etiam
2270 2423 2412 2478 hanc
2453 2424 2815 2494 ignorantiam
2851 2439 3032 2478 rerum
3075 2439 3362 2479 sacrarum
3417 2423 3666 2478 callidis-

2080 2515 2220 2569 simo
2247 2515 2562 2570 adversario
2588 2515 2863 2580 retexerit,
2889 2531 3050 2586 quem
3075 2516 3313 2585 alioquin
3353 2532 3466 2571 non
3499 2517 3668 2570 latere

2077 2615 2328 2676 poterat,
2369 2607 2485 2676 ipsa
2513 2608 2794 2678 gentilium
2829 2624 2985 2662 sacra
3029 2609 3297 2664 abstrusis
3333 2609 3666 2679 plerumque

2079 2697 2332 2753 sensibus
2379 2699 2584 2768 repleta
2627 2714 2748 2754 esse
2776 2699 2889 2770 (‘2);
2924 2699 3050 2754 licet
3085 2701 3136 2754 in
3189 2699 3516 2771 fragmentis
3549 2701 3668 2770 ejus

2079 2789 2462 2858 superstitibus
2495 2791 2630 2844 nihil
2661 2792 2958 2861 quidquam
2990 2792 3208 2847 obvium
3239 2795 3344 2856 sit,
3409 2793 3562 2862 quod
3597 2793 3664 2847 ad

2079 2880 2244 2951 hujus
2267 2882 2570 2952 argumenti
2595 2884 3072 2952 pertractationem
3097 2883 3286 2938 referri
3309 2895 3480 2954 queat
3511 2898 3528 2936 :
3563 2885 3666 2938 nisi

2086 2977 2232 3048 quod
2284 2987 2474 3033 auctor
2517 2987 2704 3032 noster
2755 2979 2808 3032 in
2839 2979 3086 3032 oratione
3119 2993 3228 3031 xvu
3283 2979 3336 3032 in
3383 2977 3666 3038 Genesin,

2081 3085 2205 3126 cum
2243 3071 2308 3124 de
2355 3069 2554 3124 tunicis
2581 3069 2820 3138 pelliceis
2848 3070 3150 3138 primorum
3189 3078 3474 3138 parentum
3517 3069 3668 3138 agit.

2084 3163 2223 3216 haud
2270 3161 2502 3216 obscure
2553 3169 2800 3223 asserat,
2836 3160 3063 3229 reperiri
3109 3161 3352 3230 quaedam
3405 3159 3460 3213 in
3517 3158 3668 3213 Scri-

2083 3263 2241 3323 ptura
2273 3269 2461 3316 sacra,
2498 3269 2615 3322 qua:
2672 3269 2772 3304 non
2805 3252 3090 3304 admittant
3134 3251 3442 3303 historicum
3495 3253 3660 3304 inter-

2083 3345 2469 3412 pretationem,
2535 3349 2624 3396 sed
2685 3343 3023 3412 allegoricam
3088 3345 3342 3396 rationem
3389 3343 3666 3413 exigant:

2093 3435 2346 3505 Ἐπειδὴ,
2380 3435 2574 3504 inquit,
2605 3435 2666 3488 τὸ
2687 3435 2815 3506 περ).
2845 3435 2951 3488 τῶν
2977 3434 3218 3506 χιτώνων
3245 3437 3344 3506 τὴν
3375 3437 3668 3508 ἱστορικὴν

2083 3527 2338 3596 ἐκφεύγει
2365 3527 2618 3591 διάνοιαν,
2644 3527 2736 3580 καὶ
2765 3529 3058 3599 ἀναγωγῆς
3089 3529 3242 3598 λόγον
3275 3530 3518 3592 ἀπαιτεῖ,
3559 3540 3664 3584 etc.

2085 3637 2111 3707 §
2141 3635 2202 3690 V.
2237 3636 2489 3689 Doctrina
2519 3637 2582 3690 de
2612 3636 2738 3700 Deo,
2773 3647 2820 3689 et
2854 3655 2972 3691 vera
3005 3640 3319 3692 monarchia:
3341 3641 3542 3693 dit-init
3589 3641 3668 3694 in-

2277 3707 2412 3769 dole,
2445 3708 2692 3760 adversus
2721 3709 3125 3776 polytheismum
3153 3712 3450 3778 gentitium.

2152 3798 2208 3850 ln
2283 3797 2583 3868 fragmento
2641 3797 2686 3850 II
2753 3800 2930 3869 operis
3005 3799 3419 3868 Ἀποκριτιχῶν
3481 3800 3656 3854 Deum

2081 3891 2386 3944 rectissime
2418 3892 2492 3944 ita
2522 3892 2802 3956 describit,
2828 3892 2974 3960 quod
3006 3893 3157 3946 solus
3177 3893 3245 3945 sit
3272 3891 3540 3964 ἁγένῃτπ
3575 3895 3666 3946 καὶ

2080 3981 2351 4046 δεσπόζων
2379 3980 2488 4034 τῶν
2515 3981 2779 4054 γενητῶν,
2801 3998 2906 4036 non
2934 3984 3139 4052 genitus
3170 3992 3218 4034 et
3247 3985 3302 4035 in
3323 4000 3435 4048 eos,
3457 3989 3548 4054 qui
3573 4003 3660 4055 ge—

2083 4075 2180 4127 niti
2204 4083 2344 4136 sunt,
2370 4075 2644 4143 imperium
2673 4076 2900 4139 habens;
2931 4084 3280 4145 mentemque
3308 4091 3466 4130 suam
3495 4079 3662 4146 paulo

2081 4176 2203 4236 post
2227 4165 2486 4220 disertius
2511 4167 2788 4235 explicans
2819 4165 2968 4219 addit
2998 4185 3010 4218 :
3043 4165 3172 4230 Θεὸς
3195 4167 3252 4218 δὲ
3287 4167 3450 4238 μόνος
3477 4171 3662 4240 ἄρχων

2081 4259 2176 4311 uel.
2212 4257 2505 4330 μοναρχίαν
2531 4257 2669 4328 ἔχων
2695 4257 2835 4310 κατὰ
2867 4258 3124 4329 ἀλήθειαν
3154 4260 3400 4330 κυριεύει
3427 4261 3536 4312 τῶν
3571 4279 3666 4328 γε·

2082 4350 2278 4420 νητῶν,
2315 4350 2575 4421 ὑπάρχων
2609 4350 2866 4420 ἀγένητος
2888 4367 2900 4378 ·
2949 4353 3140 4420 κρατεί
3181 4349 3288 4402 τῶν
3321 4352 3660 4422 κτισμάτων,

399 4555 777 4640 ’,ηφδὶηιοεθ
796 4561 999 4640 potius.
1024 4561 1092 4640 and
1109 4560 1482 4640 Theosthenem
1500 4575 1694 4640 _contra
1712 4567 1974 4640 gentilem.

2082 4587 2177 4626 one
2199 4571 2336 4624 enim
2361 4571 2497 4640 quod
2529 4569 2782 4638 scriptum
2807 4579 2906 4634 est,
2929 4579 3085 4638 atque
3117 4570 3170 4620 in
3197 4569 3374 4636 prima
3403 4579 3486 4622 est
3517 4572 3660 4636 posi-

416 4625 540 4704 Yid.
561 4625 1011 4704 _'Diss.'no_stra_rl,
1045 4631 1072 4703 §
1102 4633 1188 4686 lli.
1225 4633 1339 4688 Sub
1367 4634 1586 4689 nomine
1619 4625 1825 4704 geniilis
1851 4651 1979 4692 vero

413 4697 771 4773 Porphyrium
830 4697 1069 4769 intelligi
1105 4711 1219 4755 tum
1268 4719 1333 4757 ex
1375 4705 1586 4758 ratione
1619 4697 1834 4768 artatis,
1874 4723 1978 4773 qua

416 4769 672 4845 scripsit2
708 4777 939 4845 tum___cx
983 4773 1103 4827 aliis
1151 4773 1285 4828 locis
1331 4773 1759 4842 fragmentorum
1808 4769 1981 4845 ipsius

413 4839 708 4892 verisimile
737 4840 998 4894 redditur.

484 4907 596 4978 (96)
637 4909 822 4978 Matth.
857 4927 1024 4972 xxv",
1055 4913 1152 4974 48;
1183 4913 1349 4974 Marc.
1379 4930 1468 4978 xv,
1505 4915 1594 4969 56.

485 4977 596 5050 (tl?)
634 4977 767 5050 huc.
805 4997 957 5044 χχιιι,
992 4982 1277 5042 56:10:11).
1311 5001 1425 5050 ιιιιί,
1459 4977 1552 5040 7‘29.

483 5047 594 5120 (98)
633 5047 822 5120 Matth.
851 5066 1027 5110 xxv",
1061 5053 1150 5120 54,
1177 5057 1280 5119 48;
1314 5047 1480 5110 Marc.
1517 5072 1606 5120 xv,
1645 5055 1732 5110 25.

484 5118 595 5186 (99)
633 5117 792 5172 Joan.
825 5135 934 5184 XIX,
965 5121 1059 5176 ‘29.

486 5187 562 5266 (ﬁl)
603 5188 948 5266 Contraripm
989 5191 1172 5266 potius
1213 5195 1409 5266 asserit
1455 5193 1726 5266 Macarius
1762 5195 1982 5266 Magnes

413 5255 477 5331 in_
500 5256 802 5331 fragmento
835 5259 876 5331 ll
899 5255 1170 5331 cit—libris
1213 5263 1646 5331 Ἀποκριτικῶν,
1694 5269 1822 5318 dum
1851 5255 1929 5318 ait
1965 5285 1978 5320 :

412 5327 487 5408 0b
521 5325 624 5396 μὴν
655 5327 796 5406 tegi;
821 5329 1084 5408 ονοματος
1121 5331 1327 5408 βεϐαιοῖ
1352 5325 1770 5408 τδ-λεγόμενον,
1805 5337 1916 5388 ἀλλ’
1945 5339 1976 5408 ἡ

411 5397 571 5475 φύσις
602 5397 694 5475 τεοῦ
729 5397 1048 5475 πρᾴγμστος
1083 5397 1238 5472 κὺροῖ
1267 5403 1365 5473 τὴν
1393 5397 1666 5475 ἁλήθειόιν.
1717 5405 1836 5458 Non
1865 5397 1982 5459 vero

413 5469 639 5544 nominis
678 5470 961 5544 appellatio
988 5469 1168 5544 verum
1194 5469 1340 5541 efﬁcit
1369 5475 1444 5534 id,
1469 5469 1605 5544 quod
1635 5477 1854 5540 dicitur,
1889 5477 1980 5530 sed

410 5537 637 5614 ipsane}
676 5549 870 5614 natura
896 5541 1145 5614 dictionis
1175 5537 1444 5596 veritatem
1479 5537 1779 5614 conﬁrmat.

483 5605 560 5674 (εἰ)
600 5605 716 5680 Qua
755 5610 821 5662 de
865 5624 922 5662 re
957 5611 1214 5679 legendus
1259 5615 1311 5666 in
1367 5605 1676 5680 primis'cst
1707 5615 1981 5672 Arnobius

409 5675 506 5752 lib.
534 5691 568 5728 ν
591 5677 854 5752 Adversus
883 5675 1089 5747 gentes,
1123 5699 1175 5750 p.
1213 5698 1286 5736 ιιι.
1325 5675 1427 5737 179
1457 5699 1608 5752 seqq.
1658 5683 1848 5748 Erras,
1895 5687 1980 5739 in—

412 5746 552 5814 quit,
568 5757 630 5821 et
647 5747 838 5821 laberis
854 5789 868 5811 ,
889 5746 1137 5819 satisque
1159 5763 1204 5805 te
1231 5769 1339 5806 esse
1363 5746 1686 5821 imperii-um,
1711 5746 1979 5808 indoctum

401 5831 475 5896 ac
500 5817 752 5870 rusticum
784 5819 897 5887 ipsa
930 5817 1101 5874 rerum
1133 5817 1472 5878 insectatione
1499 5826 1848 5880 demonstras.
1869 5825 1979 5880 Ne-

2086 4655 2192 4695 tum
2223 4641 2494 4694 verborum
2523 4641 2722 4708 fronte,
2754 4641 2808 4690 id
2836 4641 3170 4707 signiﬁcatur
3192 4650 3238 4690 et
3291 4640 3530 4705 dicitur,
3573 4642 3660 4694 sed

2085 4711 2384 4779 allegoricis
2420 4711 2653 4779 sensibus
2684 4721 2730 4761 et
2760 4709 3037 4779 subditivis
3079 4709 3448 4777 intelliguntur
3483 4713 3656 4764 omnia

2085 4783 2178 4834 illa
2199 4778 2432 4833 secretis.
2460 4778 2650 4847 Itaque
2670 4779 2758 4848 qui
2777 4778 3098 4843 d:cit,¢Cum
3127 4795 3222 4830 sua
3246 4779 3534 4832 concubuit
3559 4781 3658 4833 Ju-

2084 4853 2222 4920 piter
2249 4860 2437 4914 matre,
2461 4869 2478 4899 )
2515 4865 2614 4900 non
2645 4851 2867 4920 incestas
2891 4850 3152 4920 signiﬁcat
3179 4858 3268 4920 aut
3308 4851 3655 4918 pwpudiosas

2097 4921 2305 4974 Veneris
2341 4921 2744 4988 complexiones,
2768 4919 2853 4971 sed
2878 4917 3178 4988 Joccrnpro
3205 4917 3417 4984 pluvia,
3439 4935 3535 4986 pro
3561 4929 3654 4973 te:-

2085 4991 2198 5043 lure
2240 4990 2477 5042 Cererem
2505 4990 2774 5054 nominat,
2800 4999 2903 5042 etc.
2937 4987 3094 5040 Conf.
3125 4987 3503 5044 ThCOtIOI‘CIUS
3537 5008 3654 5043 can-

2085 5071 2169 5112 tra
2197 5060 2404 5114 Cra-cos
2429 5073 2592 5112 serui.
2629 5075 2710 5118 ιιι.
2743 5074 2794 5126 p.
2827 5059 2897 5111 44
2939 5073 3052 5126 seq.
3079 5076 3092 5123 ;
3125 5057 3230 5110 Jul.
3267 5057 3543 5112 Firmieus
3581 5059 3654 5112 De

2083 5147 2259 5183 errore
2305 5129 2514 5198 profan.
2547 5127 2896 5199 religionum,
2928 5129 3145 5199 aliique.
3181 5127 3326 5199 Quin
3369 5137 3426 5183 et
3475 5132 3650 5199 ipsum

2081 5197 2440 5268 Porphyrium
2477 5214 2585 5251 non
2623 5213 2732 5250 uno
2757 5198 2896 5250 libro
2934 5197 3146 5251 llouteri
3177 5198 3393 5252 tabulas
3443 5197 3650 5267 integu-

2089 5279 2266 5322 menta
2299 5269 2734 5336 prmstautiorum
2765 5283 2886 5321 esse
2935 5283 3114 5320 rerum
3137 5306 3152 5328 ,
3200 5268 3254 5320 in
3289 5269 3492 5335 quibus
3519 5271 3648 5335 dog-

2084 5349 2227 5393 mata
2251 5339 2318 5392 de
2339 5337 2448 5392 Deo
2473 5339 2745 5406 rebusque
2783 5337 3096 5392 coelestibus
3123 5337 3346 5396 lateant.
3378 5339 3646 5400 docuissr.

2083 5411 2376 5462 ostendunt
2419 5409 2743 5471 Quwstiones
2774 5409 2891 5476 ejus
2934 5406 3264 5468 Homericar,
3319 5409 3536 5463 libellus
3575 5409 3646 5460 De

2082 5489 2234 5531 antro
2263 5481 2608 5548 nympharum
2649 5489 2701 5531 et
2743 5477 2965 5530 liloralis
3001 5479 3368 5546 interpretatio
3415 5493 3648 5531 errorum

2088 5549 2324 5616 L’lyssis,
2384 5550 2494 5619 into
2545 5549 2815 5619 peculiare
2862 5549 2982 5615 ejus
3039 5549 3294 5619 volumen
3349 5549 3496 5619 Περὶ
3541 5549 3648 5619 *τῆς

2080 5617 2549 5689 ἀλληγορουμὲνης
2582 5617 2846 5688 Ἑλλήνων
2875 5619 2968 5689 ιμεοι)ἶ
2995 5616 3306 5684 Αἰγυπτῖων
3341 5616 3644 5684 Θεολογίειςή.

2081 5689 2159 5758 De
2185 5686 2468 5754 allegorica
2495 5686 2796 5740 (im-corum
2817 5697 2866 5740 et
2896 5687 3270 5758 Aigyptiorum
3299 5689 3578 5758 theoloyia,
3603 5703 3646 5738 st

2083 5757 2217 5812 ﬁdes
2263 5758 2494 5811 Eusebio
2541 5759 2784 5810 habenda
2832 5767 2932 5810 est.
2982 5759 3139 5810 Cotti.
3192 5757 3554 5814 CudwortltUs
3595 5761 3646 5810 in

2084 5829 2377 5898 Systemate
2405 5828 2770 5894 intellectuali,
2795 5843 2844 5898 p.
2878 5844 2952 5883 in.
2979 5827 3102 5882 57L
