3888 6488
152 348 288 401 1581

1317 352 1600 408 NOTITIA
1638 352 1727 406 ET
1765 351 2214 408 FRAGMENTA.

3265 349 3406 402 {582

149 466 408 528 ἆκτιστος
434 464 507 517 ὢν
537 467 630 519 καὶ
662 467 895 538 ἄναρχος
917 508 930 531 ,
967 465 1025 522 οὑ
1058 469 1165 524 τῶν
1203 457 1424 540 ὁμοίων,
1449 470 1582 524 ἀλλὰ
1614 467 1722 522 τῶν

1835 467 1931 520 lius
1980 467 2311 533 monarchte,
2345 475 2496 522 tanto
2544 466 2874 522 luculentius
2906 483 2937 521 a
2963 465 3112 522 falsis
3147 467 3396 538 tlctisque

147 555 424 626 ἀνομοίων
452 557 776 629 ἡγεμονεύει
799 560 1114 630 κηδόμενος.
1150 559 1263 615 Hoc
1297 573 1378 616 est
1413 582 1425 615 :
1464 561 1602 616 Deus
1639 579 1731 614 au-

149 657 257 699 tem
285 646 428 699 solus
462 649 737 717 imperium
779 668 840 702 ac
879 653 1236 706 monarchiam
1263 655 1478 714 habens,
1507 655 1605 717 iis,
1639 654 1727 721 qui

145 738 314 804 geniti
355 747 512 804 sunt,
546 755 647 791 non
669 742 869 809 genitus
905 752 1128 810 pra’est,
1173 753 1442 797 creaturas
1467 744 1728 796 increatus

143 836 199 878 et
225 829 488 897 principio
519 846 699 883 carens
725 833 780 883 in
806 840 1060 900 potestate
1088 833 1258 898 habet,
1293 850 1354 886 ac
1381 850 1480 886 non
1505 834 1723 894 similes,

142 919 241 971 sed
272 921 557 974 dissimiles
580 923 825 988 providus
851 925 1003 992 regit.
1025 921 1364 993 Quapropter
1381 933 1434 978 et
1453 924 1724 988 eumdem,

143 1019 400 1080 respectu
432 1012 619 1066 habito
654 1014 720 1066 ad
751 1015 1169 1084 polytheismum
1206 1015 1484 1084 gentilium
1511 1055 1525 1075 ,
1567 1014 1726 1086 μόνον

141 1102 402 1172 ἀληθινὸν
442 1105 678 1175 ἄρχοντα
706 1102 872 1172 Θεόν,
916 1107 1088 1161 solum
1133 1124 1308 1161 verum
1343 1109 1725 1161 dominatorem

143 1192 320 1246 Deum
366 1207 680 1264 nuncupat:
723 1213 888 1266 quam
932 1199 1154 1267 phrasin
1203 1208 1365 1268 atque
1409 1199 1583 1252 ideam
1633 1213 1726 1251 su-

144 1285 322 1350 premi
351 1283 604 1339 Numinis
633 1301 698 1340 ex
726 1286 846 1355 ipso
875 1287 935 1340 D.
976 1285 1144 1340 Paulo
1169 1286 1385 1356 repetiit
1414 1284 1434 1338 ῐ
1461 1284 1604 1338 Tim.
1644 1300 1721 1348 γι,

143 1375 253 1438 13,
310 1377 402 1439 16,
453 1378 545 1431 ubi
592 1377 734 1433 Deus
775 1377 975 1432 dicitur
1047 1381 1074 1432 ὁ
1113 1379 1378 1449 μακάριος
1420 1378 1515 1430 καὶ
1568 1376 1723 1446 μόνος

141 1467 418 1539 δυνάστης
438 1508 453 1531 ,
485 1468 686 1538 quibus
719 1467 900 1522 verbis
928 1468 986 1522 S.
1014 1467 1311 1536 Apostolus
1343 1476 1720 1537 argumentum

137 1575 294 1614 verm
332 1559 582 1625 deitatis,
631 1560 1038 1629 omnipotentiae
1071 1569 1234 1628 atque
1277 1558 1610 1612 monarchire
1642 1557 1723 1610 di-

137 1653 291 1706 vinm
321 1650 647 1720 suppeditat.
694 1652 868 1721 Atque
904 1651 954 1704 id
986 1652 1160 1720 ipsum
1192 1656 1310 1715 est,
1354 1649 1498 1718 quod
1545 1645 1723 1701 Maca-

141 1743 266 1796 rius
301 1753 482 1796 noster
509 1741 663 1810 juxta
699 1757 820 1796 eum
853 1742 976 1797 aliis
1010 1739 1263 1795 Pati-ibus
1301 1739 1588 1809 primitivm
1619 1737 1722 1792 Ee-

141 1834 330 1888 c‘esize
378 1833 737 1887 monarchiam
785 1833 881 1887 Dei
913 1843 1108 1899 vocat,
1161 1832 1417 1886 nimirum
1457 1831 1719 1886 unitatem

141 1937 315 1995 atque
340 1924 702 1994 principatum
734 1927 844 1981 veri
873 1936 925 1981 et
957 1925 1264 1980 cssentialis
1301 1923 1417 1984 Dei,
1456 1923 1508 1977 in
1553 1937 1725 1992 oppo-

142 2017 354 2070 sitione
381 2015 447 2068 ad
481 2015 770 2069 πολυθεῖαν
797 2031 888 2071 seu
931 2015 1336 2070 multitudinem
1368 2014 1595 2068 deorum
1625 2012 1727 2067 fal-

135 2120 339 2164 sarum
375 2104 517 2177 apud
546 2104 797 2174 gentiles.

221 2219 250 2289 ᾗ
284 2217 372 2273 Ἦ.
413 2215 757 2274 Continuatio
780 2215 1013 2289 ejusdem
1051 2213 1366 2289 argumenti,
1395 2228 1460 2267 ex
1483 2212 1653 2267 verbis

548 2291 614 2343 Η.
651 2285 809 2342 Pauli
842 2283 870 2337 Ι
899 2284 1022 2338 Cor.
1055 2300 1173 2348 vut,
1206 2283 1259 2344 5,
1289 2284 1340 2336 6.

223 2381 678 2452 Quandoquidem
730 2381 899 2451 igitur-
943 2376 1164 2433 Graecus
1208 2375 1310 2433 istc
1368 2374 1728 2448 philosophus

143 2491 279 2530 cum
332 2474 571 2529 Macario
623 2483 813 2528 nostro
859 2473 1148 2542 disputans
1196 2486 1264 2524 ex
1320 2471 1729 2538 comparatione

143 2567 376 2620 Adriani
410 2567 722 2620 monarchze
752 2581 874 2620 cum
910 2564 1022 2618 Deo
1065 2562 1357 2617 nionarcha
1406 2563 1728 2625 allirmabat,

144 2658 321 2712 Deum
363 2675 463 2710 non
497 2657 705 2726 proprie
743 2656 1079 2709 monarcham
1109 2664 1345 2708 vocatum
1375 2653 1466 2718 iri,
1495 2653 1597 2706 nisi
1629 2654 1730 2706 diis

144 2751 452 2818 imperaret,
481 2751 571 2819 qui
614 2748 848 2817 ejusdem
878 2764 994 2800 cum
1023 2748 1135 2815 ipso
1168 2755 1337 2800 essent
1366 2753 1608 2808 uaturce;
1638 2758 1732 2798 eos
1755 2743 1766 2760 “

146 2857 303 2906 vero,
349 2855 490 2909 quos
523 2837 818 2893 Christiani
859 2837 1081 2907 angelos
1120 2845 1336 2900 vocant,
1366 2851 1393 2889 a
1444 2834 1735 2906 gentilibus

145 2931 286 2986 deos
317 2932 443 2997 dici,
468 2947 530 2985 ac
554 2940 763 2985 natura:
795 2929 988 2983 divinae
1017 2936 1298 2983 consortes
1326 2941 1447 2982 esse
1482 2926 1558 2997 (5)
1596 2945 1609 2980 :
1643 2941 1735 2980 ve—

146 3039 270 3076 ram
313 3020 864 3077 monarchiaa'divina:
899 3019 1131 3073 indolem
1181 3025 1372 3072 contra
1419 3015 1734 3085 philosophi

146 3115 320 3184 hujus
371 3113 707 3183 sophismata
754 3111 992 3165 vindicat
1038 3108 1308 3164 Macarius
1354 3107 1597 3178 Magnes,
1630 3120 1797 3199 neec

145 3209 229 3262 rei
260 3223 326 3261 ex
354 3207 592 3271 nomine,
624 3206 716 3261 sed
742 3206 980 3261 nominis
1011 3221 1075 3258 ex
1105 3221 1163 3259 rc
1191 3204 1469 3258 veritatem
1496 3201 1730 3272 pendere

144 3303 512 3355 demonstrat.
547 3297 623 3353 lta
651 3300 796 3354 enim
846 3299 900 3352 in
945 3297 1246 3369 fragmento
1274 3296 1318 3352 ll
1349 3297 1527 3367 operis
1568 3297 1732 3350 Ἀπο-

147 3390 434 3461 κριτικῶν
471 3391 759 3459 respondet
795 3409 808 3444 :
845 3389 953 3443 Καὶ
1003 3389 1062 3442 οὑ
1112 3390 1326 3453 πάντως
1357 3391 1421 3443 ἐκ
1454 3388 1553 3458 τῆς
1584 3392 1730 3460 ὁμω-

146 3504 214 3537 νυ
226 3484 354 3555 μίας
382 3483 506 3555 μίαν
541 3484 670 3554 ἡμῖν
705 3482 800 3553 τὴν
834 3481 992 3550 φύσιν
1015 3481 1042 3532 ὁ
1065 3481 1220 3549 λόγος
1248 3481 1537 3554 ἐδήλωσεν.
1565 3521 1578 3533 .
1607 3520 1619 3532 .
1657 3481 1730 3534 Of:

151 3575 256 3645 μὲν
291 3573 436 3640 λέξις
463 3573 723 3644 ὀνόματος
761 3571 965 3642 βεϐαιοῖ
992 3570 1050 3623 τὸ
1076 3570 1386 3640 λεγόμενον,
1417 3569 1530 3623 ἀλλ’
1565 3570 1598 3639 ἡ
1629 3570 1730 3638 φύ-

147 3683 239 3728 σις
270 3665 364 3717 τοῦ
403 3664 726 3735 πράγματος
773 3663 929 3733 κυροῖ
965 3660 1063 3732 τὴν
1092 3659 1571 3731 ἁλήθειαν.¹Ἀρχει
1603 3659 1732 3728 γοῦν

145 3759 216 3830 δὴ
269 3756 381 3810 τῶν
427 3756 585 3819 θεῶν,
621 3756 713 3809 καὶ
742 3753 1012 3818 δεσπόζει,
1040 3753 1133 3806 καὶ
1161 3755 1370 3824 κρατεῖ,
1408 3753 1506 3822 οὑχ
1552 3752 1626 3815 ὡς
1653 3748 1732 3817 εἷς

143 3847 336 3900 αὐτῶν
370 3847 627 3917 ὑπάρχων
664 3847 728 3898 ὲκ
759 3845 856 3914 τῆς
880 3844 1214 3915 ὁμωνυμίας,
1245 3842 1377 3896 ἀλλὰ
1416 3843 1572 3913 μόνος
1602 3843 1732 3911 ἀγέ-

147 3956 315 4010 νητος
345 3937 439 4002 ὢν,
469 3939 562 3990 καὶ
585 3934 859 3999 δεσπόζων
885 3934 992 3986 τῶν
1021 3932 1286 4004 γενητῶν,
1317 3949 1367 3985 κ.
1403 3949 1453 3984 τ.
1482 3932 1531 3984 λ.
1554 3932 1733 4004 Neque

149 4047 378 4101 prorsus
412 4029 473 4082 ob
505 4027 732 4082 nominis
765 4026 1178 4078 communionem
1221 4025 1456 4076 eamdem
1499 4041 1608 4077 esse
1655 4041 1734 4078 re-

151 4139 277 4176 rum
304 4121 668 4190 cognominum
701 4126 947 4170 naturam
992 4118 1129 4170 ratio
1157 4117 1306 4169 nobis
1337 4115 1730 4170 demonstrat...

154 4213 345 4284 Neque
369 4229 486 4266 vero
521 4211 749 4265 nominis
784 4208 1068 4277 appellatio
1099 4225 1274 4261 verum
1301 4207 1451 4276 efﬁcit
1483 4207 1559 4272 id,
1597 4207 1733 4276 quod

158 4309 387 4372 dicitur,
417 4305 504 4358 sed
535 4305 650 4374 ipsa
695 4304 766 4355 rei
813 4315 1006 4355 natura
1050 4301 1273 4353 nominis
1306 4301 1578 4352 veritatem
1607 4317 1732 4369 cpn-

153 4399 364 4468 fzrmat.
402 4393 636 4463 Imperat
666 4396 842 4458 itaque
876 4393 977 4444 diis
1010 4401 1057 4443 et
1087 4390 1412 4455 dominatur,
1442 4398 1492 4442 et
1519 4405 1604 4442 eos
1634 4389 1734 4443 sibi

1832 558 2114 627 gentilium
2155 559 2262 612 diis
2294 557 2669 624 distingueret,
2713 556 2994 624 ipsamque
3043 554 3402 611 substantiam

1831 650 1899 702 ab
1955 647 2301 718 homonymia
2351 654 2696 710 secerneret,
2754 645 3189 700 Christianorum
3238 661 3405 703 causa

1831 741 2111 808 subjungit
2156 739 2527 793 testimonium
2563 736 2621 794 S.
2655 736 2809 790 Pauli
2843 752 2908 791 ex
2955 735 2975 788 ι
3016 735 3144 790 Cor.
3183 754 3298 802 vni,
3349 739 3404 802 5,

1829 829 1884 893 6,
1915 830 2141 898 petitum
2171 848 2184 884 :
2215 828 2398 892 Οὕτως
2421 829 2449 881 ὁ
2493 829 2814 898 Ἀτῖὸστολος
2837 828 2924 881 ἴνα
2947 827 3044 898 τὴν
3076 827 3241 892 ὅντως
3270 828 3408 883 διδά-

1830 919 1894 992 ξῃ
1917 919 2181 991 Θεότητα,
2205 922 2299 974 καὶ
2325 920 2421 991 τὴν
2445 920 2632 974 οὑσίαν
2661 921 2724 972 ὲκ
2750 919 2850 988 τῆς
2874 919 3189 988 ὁμωνυμίας
3211 919 3414 992 διακρί-

1826 1026 1922 1074 νας
1972 1009 2186 1082 ὲλέγξῃ,
2236 1012 2330 1064 καὶ
2361 1013 2450 1063 τὸν
2486 1009 2583 1080 μὲν
2633 1009 2750 1062 κατ’
2778 1008 2966 1062 οὑσίαν
2999 1008 3150 1072 Θεὸν,
3187 1010 3280 1062 καὶ
3316 1027 3412 1064 κυ-

1830 1098 1960 1170 ρίως
1991 1099 2214 1169 Κύριον,
2257 1100 2381 1162 τοὺς
2413 1099 2468 1152 δὲ
2500 1101 2564 1170 τῇ
2607 1098 2751 1152 θέσει
2796 1099 2950 1162 θεοὺς
2983 1099 3076 1151 καὶ
3115 1099 3176 1152 οὑ
3209 1100 3411 1170 κυρίως

1826 1190 1891 1258 τῇ
1925 1187 2113 1258 κλήσει
2144 1187 2357 1260 μηνύσῃ
2387 1191 2498 1251 τοῖς
2531 1188 2818 1259 μαθηταῖς,
2851 1186 2984 1258 φησί
3006 1205 3018 1217 ·
3049 1189 3156 1242 Καὶ
3185 1189 3296 1259 γὰρ
3322 1192 3408 1242 εῖ-

1826 1291 1939 1343 περ
1970 1275 2088 1329 εἰσὶ
2123 1276 2269 1338 θεοὶ,
2299 1275 2500 1345 ὥσπερ
2537 1273 2649 1330 οὖν
2681 1277 2797 1330 εἰσὶ
2828 1277 2927 1330 καὶ
2950 1279 3139 1346 κύριοι
3169 1279 3408 1358 πολλοὶ,

1825 1367 1960 1420 ἀλλ’
1995 1367 2136 1434 ἡμῖν
2165 1362 2252 1432 εἷς
2280 1367 2442 1432 Θεὸς,
2473 1367 2542 1432 ἐξ
2569 1363 2639 1422 οὗ
2686 1367 2755 1420 τὰ
2794 1367 3010 1432 πάντα,
3044 1369 3141 1421 καὶ
3172 1365 3260 1435 εἷς
3290 1371 3410 1423 Κύ-

1816 1475 1949 1525 ριος
1997 1457 2248 1525 Ἰησοῦς,
2295 1452 2463 1512 δι’οὗ
2512 1462 2583 1512 τὰ
2624 1458 2838 1511 πάντα.
2859 1450 3021 1531 Ὁρᾷς
3051 1462 3198 1522 ὅπως
3238 1460 3406 1528 λέγει,

1823 1549 1923 1602 καὶ
1957 1547 2064 1619 γὰρ
2101 1550 2268 1617 εἴπερ
2289 1550 2408 1603 εἰσὶ
2435 1550 2552 1604 θεοὶ
2586 1548 2727 1618 (ἀντὶ
2754 1548 2870 1612 τοῦ,
2918 1553 2983 1620 τῇ
3029 1551 3212 1621 κλήσει
3249 1551 3412 1621 μόνον

1831 1639 1967 1700 θεοὶ,
1996 1639 2056 1692 οὑ
2089 1639 2192 1710 μὴν
2229 1640 2431 1712 κυρίως
2459 1639 2616 1710 θεοὶ),
2635 1641 2771 1694 ἀλλ’
2789 1640 2933 1710 ἡμῖν
2957 1635 3046 1709 εἷς
3070 1643 3231 1708 Θείνς,
3257 1661 3411 1696 τουτυ

1825 1729 1971 1784 ἐστιν
2012 1731 2039 1783 ὁ
2073 1731 2242 1795 ὅντως
2268 1732 2422 1799 Θεὸς,
2449 1723 2509 1784 οὗ
2548 1732 2646 1802 τῆς
2684 1731 2919 1795 οὑσίαςὸ
2945 1732 3100 1802 λόγος
3143 1735 3411 1804 μαρτυρεῖ

1825 1823 1890 1892 τῇ
1916 1821 2158 1892 Θεότητι.
2189 1820 2300 1876 Hoc
2329 1831 2413 1876 est
2444 1841 2457 1875 ε
2487 1821 2576 1876 Sic
2605 1823 2908 1890 Apostolus,
2959 1833 3013 1877 ut
3053 1840 3226 1878 veram
3259 1823 3408 1879 Divi-

1826 1914 2048 1966 nitatem
2091 1913 2401 1977 ostenderet,
2457 1912 2911 1984 substantiamque
2955 1914 3018 1967 ab
3069 1915 3404 1984 homonymia

1827 2020 2092 2057 secernens
2121 2003 2435 2065 declararet,
2465 2019 2526 2054 ac
2553 2002 2716 2056 Deum
2751 2005 2959 2073 quidem
2986 2005 3154 2074 ipsum
3180 2005 3403 2058 essentia

1828 2093 1997 2148 Deum
2047 2111 2156 2148 esse
2185 2105 2233 2148 et
2267 2096 2474 2164 proprie
2505 2094 2822 2160 Dominum;
2877 2095 3011 2148 alios
3058 2107 3235 2149 autem
3283 2095 3399 2148 ado-

1825 2188 2002 2257 ptione
2027 2188 2171 2254 deos,
2211 2205 2300 2240 nec
2325 2189 2537 2257 proprio
2564 2189 2768 2240 nomine
2805 2188 3096 2257 appellatos
3137 2188 3397 2248 innueret,

1829 2279 2104 2348 discipulis
2149 2281 2260 2332 suis
2289 2281 2364 2332 ait
2403 2295 2420 2332 :
2453 2295 2472 2329 ι
2503 2277 2710 2332 Etenim
2755 2280 2801 2332 si
2844 2280 2921 2332 dii
2954 2289 3072 2331 sunt
3116 2295 3177 2331 ac
3204 2277 3406 2332 domini

1829 2370 2006 2440 multi,
2036 2381 2092 2426 ul
2142 2386 2195 2427 re
2243 2371 2356 2444 ipsa
2403 2377 2548 2439 sunt,
2581 2381 2634 2422 at
2675 2369 2820 2422 nobis
2865 2386 2997 2422 unus
3028 2369 3164 2422 Deus
3196 2379 3296 2430 est,
3342 2386 3407 2423 ea:

1828 2483 1929 2536 quo
1962 2467 2162 2530 omnia,
2189 2475 2236 2519 et
2259 2483 2390 2520 unus
2416 2465 2670 2519 Dominus
2687 2465 2860 2530 Iesus,
2887 2479 2978 2534 per
2998 2479 3148 2535 quem
3171 2463 3399 2518 Gnatia.)

1842 2557 2020 2620 Vides,
2065 2567 2123 2609 ut
2155 2558 2320 2620 dicat,
2373 2575 2391 2607 ι
2423 2558 2612 2609 etenim
2659 2557 2704 2609 si
2745 2556 2821 2608 dii
2855 2565 2975 2608 sunt
3015 2554 3171 2626 (pro,
3197 2558 3404 2609 nomine

1832 2655 2036 2702 tantum
2064 2647 2159 2711 dii,
2189 2663 2280 2701 nec
2307 2649 2514 2716 proprie
2539 2645 2730 2716 dii),at
2764 2647 2914 2700 nobis
2945 2663 3078 2700 unus
3111 2646 3271 2710 Deus,
3303 2666 3321 2697 ι
3350 2647 3406 2698 id

1830 2748 1930 2806 est,
1958 2757 2071 2794 vere
2103 2739 2264 2805 Deus,
2293 2740 2442 2809 cujus
2471 2739 2739 2792 divinitati
2770 2739 2885 2809 ipsa
2910 2739 3227 2794 substantiae
3264 2741 3403 2794 ratio

1831 2833 2161 2903 suffragatur

1973 2962 2001 3034 ς
2036 2961 2143 3018 νη.
2185 2963 2498 3034 Applicatio_
2526 2963 2927 3032 prrccedentium
2960 2965 3028 3015 ad
3060 2964 3258 3032 placita

2467 3032 2771 3102 Porphyrii.

1905 3185 2018 3240 Nec
2053 3198 2483 3240 commemorare
2527 3193 2684 3239 vacat
2727 3183 3015 3255 Porphyrii
3063 3183 3406 3239 distributio-

1834 3293 1955 3331 ncm
1982 3278 2204 3332 deorum
2237 3277 2291 3329 in
2321 3275 2602 3340 caelestes,
2642 3284 2946 3339 terrestres,
2985 3277 3183 3340 aerios,
3232 3293 3405 3345 aqua-

1833 3373 1991 3432 ticos,
2021 3380 2074 3424 et
2121 3369 2506 3425 subterraneos
2541 3369 2654 3437 (4);
2705 3367 2904 3437 quibus
2948 3367 3147 3422 diversi
3193 3369 3406 3438 generis

1833 3462 2120 3517 mactanda
2159 3471 2313 3517 erant
2357 3460 2646 3517 sacriﬁcia.
2678 3458 2802 3512 Alia
2830 3459 2988 3523 enim,
3021 3459 3197 3528 inquit
3227 3459 3405 3513 Maca-

1834 3555 1950 3609 rius
1981 3553 2197 3624 Magnes
2226 3553 2364 3607 libro
2392 3567 2453 3605 tu
2490 3548 2900 3618 Ἀποκριτικῶν
2924 3549 3020 3620 (5'),
3042 3549 3408 3602 nmctabantur

1834 3648 2107 3717 spiritibus
2145 3646 2324 3709 aeriis,
2346 3645 2458 3697 alia
2488 3643 2725 3704 terrenis,
2752 3641 2862 3694 alia
2889 3641 3263 3695 subterraneis.
3286 3641 3408 3711 Spi-

1836 3741 2024 3794 ritibus
2055 3740 2190 3792 aeris
2225 3735 2638 3791 immolabantur
2668 3734 2901 3788 volucres
2929 3750 2946 3787 :
2979 3733 3325 3804 ἐπιχθονίοις,
3354 3735 3405 3787 id

1834 3841 1917 3889 est
1957 3828 2566 3902 terrenis,quadrupedes
2604 3827 2761 3897 nigri,
2793 3827 2918 3896 quia
2946 3827 3012 3878 sit
3044 3837 3183 3879 terra
3213 3839 3406 3878 natura

1836 3924 1988 3994 nigra
2024 3939 2041 3976 :
2073 3919 2427 3991 ὑποχθονίοις,
2460 3917 2508 3970 id
2534 3924 2614 3969 est
2642 3914 3147 3977 subterraneis,item
3173 3912 3406 3981 quadruo

1833 4015 1987 4086 pedes
2029 4014 2165 4081 nigri
2211 4012 2264 4063 in
2304 4007 2594 4069 scrobibus,
2623 4009 2726 4060 sive
2771 4006 2952 4074 foveis.
2986 4003 3197 4068 Quibus
3229 4003 3409 4057 verbis

1835 4106 2024 4177 procul
2055 4104 2202 4159 omni
2237 4100 2402 4156 dubio
2434 4097 2655 4167 respicit
2685 4095 2749 4149 ad
2774 4097 2952 4150 locum
2987 4094 3134 4147 illum
3167 4091 3409 4162 Porphy-

1837 4199 1903 4252 rii
1941 4196 2011 4251 De
2039 4205 2190 4248 antro
2222 4193 2592 4263 nympharum,
2627 4190 2718 4243 fol.
2750 4189 2771 4240 1
2805 4188 2927 4249 εὨς
2950 4187 3060 4247 τοῖς
3086 4183 3184 4255 μὲν
3217 4184 3408 4252 Ὀλυμ-

1837 4288 1979 4349 πίοις
2011 4285 2151 4347 θεοῖς
2181 4281 2340 4346 ναούς
2372 4299 2430 4334 τε
2479 4281 2573 4332 καὶ
2609 4277 2820 4348 βωμοὺς
2849 4275 3149 4346 ἱδρύσαντο,
3179 4271 3407 4342 χθονίοις

1836 4379 1893 4432 δὲ
1924 4378 2016 4430 καὶ
2046 4378 2251 4447 ⁴ἥρωσιν
2281 4374 2536 4444 ἐσχάρας,
2571 4368 2909 4441 ὑποχθονίοις
2949 4367 3004 4420 δὲ
3053 4365 3274 4436 βόθρους
3315 4363 3407 4417 καὶ

154 4456 486 4554 mancipatos
517 4481 688 4546 habet,
722 4496 821 4532 non
857 4490 1104 4547 tanquam
1149 4493 1328 4529 eorum
1379 4493 1512 4529 unus
1563 4476 1630 4529 sit
1671 4474 1732 4528 ob
1768 4493 1809 4546 ι)
1843 4469 2075 4541 μέγαρα.
2117 4467 2168 4519 Id
2201 4476 2283 4519 est
2310 4483 2323 4520 :
2349 4461 2802 4528 Quemadmodum
2829 4457 3120 4512 cwlestibus
3147 4456 3247 4508 diis
3279 4466 3405 4507 tem-

152 4578 574 4634 communionem
606 4573 853 4635 nominis,
885 4571 972 4622 sed
1005 4569 1129 4638 quia
1158 4567 1299 4620 solus
1341 4566 1386 4619 is
1412 4577 1487 4620 est
1515 4583 1618 4621 non
1648 4583 1734 4634 ge-

154 4673 328 4734 nitus,
352 4677 400 4720 et
429 4667 479 4718 in
510 4682 616 4728 eos,
647 4663 736 4733 qui
756 4662 916 4732 geniti
944 4669 1085 4722 sunt,
1118 4657 1396 4726 imperium
1425 4656 1601 4722 habet,
1627 4666 1730 4712 etc.

154 4763 339 4830 Atque
365 4766 424 4812 ut
448 4755 737 4811 essentiam
764 4753 876 4808 veri
906 4751 1022 4814 Dei,
1054 4748 1379 4820 proprioque
1404 4749 1623 4803 nomine
1651 4765 1735 4802 so-

233 4914 314 4985 (5)
356 4910 690 4985 Porphyrius
714 4908 766 4962 in
795 4905 1132 4985 Epistola_qd
1158 4901 1452 4985 Anebonem
1475 4901 1616 4985 hanc
1638 4901 1738 4954 du-

156 4971 310 5042 hian'i
343 4971 697 5052 quae-stionem
729 4971 993 5052 sacerdoti
1023 4972 1277 5052 @gyptig
1308 4971 1580 5052 proponit,
1616 4986 1737 5052 quas

156 5041 230 5112 ab
266 5041 377 5109 ista
409 5051 626 5105 notione
655 5047 983 5102 monarchize
1015 5041 1211 5097 divina:
1231 5041 1398 5096 Graeci
1432 5041 1737 5112 philosophi

155 5108 338 5181 nostri
398 5120 540 5175 haud
594 5121 821 5171 multum
864 5115 1088 5170 abludit.
1124 5112 1328 5178 Quaerit
1358 5114 1499 5164 enim
1535 5110 1648 5181 :rTi
1678 5108 1737 5161 τὸ

157 5180 385 5267 πρῶτον
433 5192 603 5244 αἴτιον
656 5187 911 5267 ἡγοῦνται
958 5182 1094 5267 εξναι
1142 5181 1462 5267 dirui-ci:th
1506 5180 1738 5266 Πόιξερον

155 5248 310 5330 tam,
359 5263 392 5333 ἢ
437 5261 576 5332 ὑπὲρ
605 5248 912 5333 vesana».
946 5256 1122 5333 μόνον,
1162 5248 1348 5333 ἤρετ’
1377 5249 1556 5333 alii)?
1586 5248 1739 5333 ἢέλ-

338 5373 352 5386 .
381 5317 394 5385 ί
422 5373 434 5384 .
465 5317 574 5383 Καὶ
601 5331 648 5381 εἰ
670 5317 884 5400 esse;
908 5317 973 5378 τὰ
994 5317 1195 5400 πάντα,
1274 5324 1338 5373 ὲκ
1359 5319 1562 5372 πολλῶν
1583 5317 1740 5382 ,Hoc

156 5417 250 5463 est
282 5396 304 5458 ε’
329 5402 594 5469 Quidnam
637 5397 879 5465 Afgyptii
923 5396 1145 5469 primam
1177 5406 1410 5469 causam
1459 5405 1570 5442 esse
1620 5405 1738 5469 ceu:

159 5459 370 5532 iam?
400 5471 586 5526 Utrum
632 5459 874 5530 mentem,
912 5459 979 5517 an
1024 5463 1226 5532 aliquid
1270 5476 1430 5532 supra
1478 5459 1741 5532 mentem?

161 5527 394 5607 Deinde,
428 5557 495 5593 an
540 5539 838 5592 solitarium
863 5527 989 5604 quid
1021 5527 1122 5595 sit,
1147 5549 1214 5584 an
1249 5527 1413 5607 simul
1463 5545 1578 5607 cum
1608 5527 1736 5607 alio,

164 5598 260 5668 aut
295 5598 578 5682 pluribus?
613 5608 680 5660 Et
729 5622 855 5682 nunt
877 5598 950 5682 ἀς)
986 5621 1088 5682 uno
1119 5603 1316 5664 omnia,
1346 5615 1467 5682 anne
1498 5598 1738 5682 pluribus

167 5667 506 5754 producant?
541 5679 620 5731 Ad
649 5667 1737 5754 quas_dubitatiqueycqundit‘d'ambli-

170 5736 311 5810 ἱιιὶίε
361 5753 462 5807 sub
494 5736 721 5819 persona
753 5744 1108 5800 Abammonis
1143 5736 1379 5812 Egyptii
1409 5740 1463 5792 in
1493 5738 1632 5792 libro
1664 5736 1740 5789 De

1836 4562 1926 4631 pla
1960 4568 2008 4613 et
2057 4557 2310 4612 aediculas
2344 4565 2389 4608 et
2427 4553 2621 4607 altaria
2677 4550 3022 4609 collocarunt,
3077 4545 3406 4599 terrestribus

1837 4669 1955 4707 vero
1986 4660 2034 4705 et
2065 4649 2306 4702 heroibus
2342 4647 2504 4715 focos,
2543 4642 2728 4711 inferis
2760 4650 2933 4693 autem
2963 4637 3167 4690 scrobes
3202 4643 3251 4688 et
3288 4650 3406 4702 cry-

1835 4756 1974 4813 ptas.

1838 4896 2101 4967 mysteriis
2156 4890 2549 4967 1Egyptiorum,
2596 4895 2726 4967 sect.
2755 4893 3026 4967 vm,nca.p.
3065 4879 3103 4967 lli?
3127 4886 3180 4930 et
3224 4891 3404 4967 seqq...

2062 4947 2370 5036 iseqq'evdit.
2405 4947 2584 5036 Oxon.
2617 4954 2839 5006 Thoma:
2881 4949 3027 5036 (ξοιοῖ
3063 4947 3406 5036 Ειιιιιιιειηιιὶε

1838 5017 2083 5104 δὲιῖἰξιιιο
2127 5017 2500 5104 Ᾱῖεςρῐίοιέιιη
2528 5026 2784 5104 nieorum.
2829 5019 3108 5104 ordinibus
3133 5017 3298 5104 .llru‘uc
3330 5018 3404 5104 Ain

1840 5087 2058 5160 modiim
2096 5087 2371 5154 concludit
2402 5094 2737 5149 Jamhlichus
2773 5092 2873 5144 loc.
2915 5087 3004 5160 cit.
3027 5087 3228 5160 p.159
3259 5104 3272 5139 :
3311 5087 3407 5138 At-

1838 5155 2049 5245 ita
2088 5165 2734 5245 (Egyptiorumidoctrinla
2772 5161 2835 5212 de
2865 5159 3140 5245 principiis
3172 5155 3408 5245 desuper

1959 5225 2241 5310 inferiord'
2266 5235 2621 5310 progrediens,
2655 5235 2718 5310 ab
2749 5225 2873 5310 uno;
2889 5229 3094 5310 incipit,
3136 5234 3186 5280 et
3201 5225 3408 5310 desinit

1841 5318 1896 5368 in
1925 5300 2316 5366 multitudinem
2345 5300 2501 5358 unius
2529 5303 2747 5370 imperio
2779 5300 3139 5368 guberuatam,
3165 5303 3271 5348 etc.

1913 5362 2184 5451 (libent.
2211 5375 2546 5432 Jamblichus
2580 5362 2654 5425 De
2677 5362 2960 5439 mysteriis,
2986 5378 3117 5421 sect.
3144 5381 3182 5432 ι,
3209 5378 3326 5432 cap.
3347 5362 3404 5427 9,

1841 5455 1998 5591 ρ’
2028 5466 2570 5591 ragmentum
2600 5509 2859 5589 Magnetis
2866 5505 3066 5591 Inopstri.
3086 5504 3153 5556 ab
3182 5498 3407 5591 interitu

1840 5577 2134 5647 vindicavit
2179 5577 2373 5640 lii-anc.
2407 5585 2448 5636 Τ
2455 5577 2709 5636 uri-ianus
2754 5581 2807 5630 in
2856 5577 3165 5645 Defensione
3195 5586 3288 5649 pro
3318 5585 3441 5649 Cll-AX

1845 5640 2450 5728 novi-tibusiapostolorum
2484 5655 2728 5728 adversus
2761 5640 3152 5728 (Ien‘turiatores
3196 5640 3405 5712 Magde-

1845 5719 2144 5802 burgenses,
2179 5729 2271 5782 lib.
2305 5742 2342 5795 ι,
2370 5740 2489 5793 cap.
2525 5722 2659 5790 5,1).
2698 5735 2769 5773 ιη.
2804 5719 2888 5772 15.
