  <div class='ocr_page' id='page_1' title='image "/cluster/home/n/w/nwhite01/storage/ocr_20150623/10/hvd.32044019207620/699.png"; bbox 0 0 3888 6518; ppageno 0'>
   <div class='ocr_carea' id='block_1_1' title="bbox 421 357 566 411">
    <p class='ocr_par' dir='ltr' id='par_1_1' title="bbox 421 357 566 411">
     <span class='ocr_line' id='line_1_1' title="bbox 421 357 566 411; baseline 0 0"><span class='ocrx_word' id='word_1_1' title='bbox 421 357 451 411; x_wconf 60' lang='grc' dir='ltr'><strong>ί</strong></span> <span class='ocrx_word' id='word_1_2' title='bbox 462 357 566 411; x_wconf 73' lang='lat'><strong><em>585</em></strong></span> 
     </span>
    </p>
   </div>
   <div class='ocr_carea' id='block_1_2' title="bbox 1665 368 2364 430">
    <p class='ocr_par' dir='ltr' id='par_1_2' title="bbox 1665 368 2364 430">
     <span class='ocr_line' id='line_1_2' title="bbox 1665 368 2364 430; baseline 0.01 -7"><span class='ocrx_word' id='word_1_3' title='bbox 1665 368 2021 429; x_wconf 71' lang='lat' dir='ltr'><strong><em>MACARIUS</em></strong></span> <span class='ocrx_word' id='word_1_4' title='bbox 2059 373 2364 430; x_wconf 79' lang='lat' dir='ltr'><strong><em>MAGNES.</em></strong></span> 
     </span>
    </p>
   </div>
   <div class='ocr_carea' id='block_1_3' title="bbox 3564 379 3704 434">
    <p class='ocr_par' dir='ltr' id='par_1_3' title="bbox 3564 379 3704 434">
     <span class='ocr_line' id='line_1_3' title="bbox 3564 379 3704 434; baseline 0 0"><span class='ocrx_word' id='word_1_5' title='bbox 3564 379 3704 434; x_wconf 67' lang='grc' dir='ltr'>(σει</span> 
     </span>
    </p>
   </div>
   <div class='ocr_carea' id='block_1_4' title="bbox 412 475 3701 575">
    <p class='ocr_par' dir='ltr' id='par_1_4' title="bbox 412 475 3701 575">
     <span class='ocr_line' id='line_1_4' title="bbox 412 475 3701 575; baseline 0.006 -45"><span class='ocrx_word' id='word_1_6' title='bbox 412 477 446 552; x_wconf 77' lang='lat'>§</span> <span class='ocrx_word' id='word_1_7' title='bbox 483 475 614 532; x_wconf 83' lang='lat' dir='ltr'><strong><em>Vlll.</em></strong></span> <span class='ocrx_word' id='word_1_8' title='bbox 657 477 735 534; x_wconf 89' lang='lat' dir='ltr'><strong><em>De</em></strong></span> <span class='ocrx_word' id='word_1_9' title='bbox 781 480 924 550; x_wconf 82' lang='lat' dir='ltr'><strong><em>falsa</em></strong></span> <span class='ocrx_word' id='word_1_10' title='bbox 967 479 1248 538; x_wconf 72' lang='lat' dir='ltr'><strong><em>divinitate</em></strong></span> <span class='ocrx_word' id='word_1_11' title='bbox 1271 484 1420 551; x_wconf 85' lang='lat' dir='ltr'><strong><em>solis,</em></strong></span> <span class='ocrx_word' id='word_1_12' title='bbox 1454 485 1612 554; x_wconf 78' lang='lat' dir='ltr'><strong><em>lance,</em></strong></span> <span class='ocrx_word' id='word_1_13' title='bbox 1639 489 1916 545; x_wconf 87' lang='lat' dir='ltr'><strong><em>stellarum</em></strong></span> <span class='ocrx_word' id='word_1_14' title='bbox 1947 503 1996 546; x_wconf 87' lang='lat' dir='ltr'><strong><em>ct</em></strong></span> <span class='ocrx_word' id='word_1_15' title='bbox 2026 501 2345 575; x_wconf 43' lang='lat' dir='ltr'><strong><em>A&#39;versans;</em></strong></span> <span class='ocrx_word' id='word_1_16' title='bbox 2388 503 2717 551; x_wconf 87' lang='lat' dir='ltr'><strong><em>mortuorum</em></strong></span> <span class='ocrx_word' id='word_1_17' title='bbox 2765 494 3204 549; x_wconf 78' lang='lat' dir='ltr'><strong><em>lineamentorum</em></strong></span> <span class='ocrx_word' id='word_1_18' title='bbox 3248 506 3462 566; x_wconf 85' lang='lat' dir='ltr'><strong><em>aspectu</em></strong></span> <span class='ocrx_word' id='word_1_19' title='bbox 3513 498 3701 550; x_wconf 78' lang='lat' dir='ltr'><strong><em>oculo.</em></strong></span> 
     </span>
    </p>
   </div>
   <div class='ocr_carea' id='block_1_5' title="bbox 475 569 1945 648">
    <p class='ocr_par' dir='ltr' id='par_1_5' title="bbox 475 569 1945 648">
     <span class='ocr_line' id='line_1_5' title="bbox 475 569 1945 648; baseline 0.01 -24"><span class='ocrx_word' id='word_1_20' title='bbox 475 569 847 624; x_wconf 80' lang='lat' dir='ltr'><strong><em>elementorum</em></strong></span> <span class='ocrx_word' id='word_1_21' title='bbox 881 573 1088 636; x_wconf 86' lang='lat' dir='ltr'><strong><em>mundi,</em></strong></span> <span class='ocrx_word' id='word_1_22' title='bbox 1121 573 1352 629; x_wconf 78' lang='lat' dir='ltr'><strong><em>Macarii</em></strong></span> <span class='ocrx_word' id='word_1_23' title='bbox 1379 575 1640 648; x_wconf 74' lang='lat' dir='ltr'><strong><em>Magnetis</em></strong></span> <span class='ocrx_word' id='word_1_24' title='bbox 1665 581 1945 644; x_wconf 83' lang='lat' dir='ltr'><strong><em>iudicium.</em></strong></span> 
     </span>
    </p>
   </div>
   <div class='ocr_carea' id='block_1_6' title="bbox 486 660 2002 742">
    <p class='ocr_par' dir='ltr' id='par_1_6' title="bbox 486 660 2002 742">
     <span class='ocr_line' id='line_1_6' title="bbox 486 660 2002 742; baseline 0.011 -27"><span class='ocrx_word' id='word_1_25' title='bbox 486 660 649 716; x_wconf 87' lang='lat' dir='ltr'><strong><em>Falso</em></strong></span> <span class='ocrx_word' id='word_1_26' title='bbox 682 663 943 732; x_wconf 83' lang='lat' dir='ltr'><strong><em>jactatam</em></strong></span> <span class='ocrx_word' id='word_1_27' title='bbox 970 680 1136 734; x_wconf 90' lang='lat' dir='ltr'><strong><em>porro</em></strong></span> <span class='ocrx_word' id='word_1_28' title='bbox 1169 667 1320 732; x_wconf 90' lang='lat' dir='ltr'><strong><em>solis,</em></strong></span> <span class='ocrx_word' id='word_1_29' title='bbox 1354 668 1514 736; x_wconf 58' lang='lat' dir='ltr'><strong><em>lunai,</em></strong></span> <span class='ocrx_word' id='word_1_30' title='bbox 1547 673 1850 742; x_wconf 89' lang='lat' dir='ltr'><strong><em>stellarum,</em></strong></span> <span class='ocrx_word' id='word_1_31' title='bbox 1890 677 2002 730; x_wconf 88' lang='lat' dir='ltr'><strong><em>imo</em></strong></span> 
     </span>
    </p>
   </div>
   <div class='ocr_carea' id='block_1_7' title="bbox 409 757 2005 832">
    <p class='ocr_par' dir='ltr' id='par_1_7' title="bbox 409 757 2005 832">
     <span class='ocr_line' id='line_1_7' title="bbox 409 757 2005 832; baseline 0.009 -26"><span class='ocrx_word' id='word_1_32' title='bbox 409 763 814 808; x_wconf 63' lang='lat' dir='ltr'><strong><em>elementorum</em></strong></span> <span class='ocrx_word' id='word_1_33' title='bbox 846 757 1037 810; x_wconf 88' lang='lat' dir='ltr'><strong><em>mundi</em></strong></span> <span class='ocrx_word' id='word_1_34' title='bbox 1080 757 1418 814; x_wconf 79' lang='lat' dir='ltr'><strong><em>divinitatem</em></strong></span> <span class='ocrx_word' id='word_1_35' title='bbox 1449 763 1687 832; x_wconf 82' lang='lat' dir='ltr'><strong><em>graviter</em></strong></span> <span class='ocrx_word' id='word_1_36' title='bbox 1715 764 1788 819; x_wconf 88' lang='lat' dir='ltr'><strong><em>ita</em></strong></span> <span class='ocrx_word' id='word_1_37' title='bbox 1825 777 2005 820; x_wconf 84' lang='lat' dir='ltr'><strong><em>retun-</em></strong></span> 
     </span>
    </p>
   </div>
   <div class='ocr_carea' id='block_1_8' title="bbox 413 844 1998 925">
    <p class='ocr_par' dir='ltr' id='par_1_8' title="bbox 413 844 1998 925">
     <span class='ocr_line' id='line_1_8' title="bbox 413 844 1998 925; baseline 0.01 -29"><span class='ocrx_word' id='word_1_38' title='bbox 413 845 494 897; x_wconf 90' lang='lat' dir='ltr'><strong><em>dit</em></strong></span> <span class='ocrx_word' id='word_1_39' title='bbox 523 844 792 901; x_wconf 81' lang='lat' dir='ltr'><strong><em>Macarius</em></strong></span> <span class='ocrx_word' id='word_1_40' title='bbox 825 858 1010 902; x_wconf 85' lang='lat' dir='ltr'><strong><em>noster</em></strong></span> <span class='ocrx_word' id='word_1_41' title='bbox 1037 849 1090 903; x_wconf 93' lang='lat' dir='ltr'><strong><em>in</em></strong></span> <span class='ocrx_word' id='word_1_42' title='bbox 1120 849 1424 922; x_wconf 83' lang='lat' dir='ltr'><strong><em>fragmento</em></strong></span> <span class='ocrx_word' id='word_1_43' title='bbox 1453 870 1506 908; x_wconf 80' lang='lat' dir='ltr'><strong><em>ix</em></strong></span> <span class='ocrx_word' id='word_1_44' title='bbox 1554 855 1998 925; x_wconf 80' lang='grc' dir='ltr'>Ἀποκριτικῶν’</span> 
     </span>
    </p>
   </div>
   <div class='ocr_carea' id='block_1_9' title="bbox 389 928 2000 1022">
    <p class='ocr_par' dir='ltr' id='par_1_9' title="bbox 389 928 2000 1022">
     <span class='ocr_line' id='line_1_9' title="bbox 389 928 2000 1022; baseline 0.009 -33"><span class='ocrx_word' id='word_1_45' title='bbox 389 928 569 1007; x_wconf 62' lang='grc' dir='ltr'>⁸Μῃδὲ</span> <span class='ocrx_word' id='word_1_46' title='bbox 595 935 750 1000; x_wconf 73' lang='grc' dir='ltr'>θεοὺς</span> <span class='ocrx_word' id='word_1_47' title='bbox 791 937 1108 1010; x_wconf 82' lang='grc' dir='ltr'>καλέσωμεν</span> <span class='ocrx_word' id='word_1_48' title='bbox 1135 941 1203 994; x_wconf 76' lang='grc' dir='ltr'>τὰ</span> <span class='ocrx_word' id='word_1_49' title='bbox 1237 948 1474 1015; x_wconf 88' lang='grc' dir='ltr'>στοιχεῖα</span> <span class='ocrx_word' id='word_1_50' title='bbox 1499 945 1592 999; x_wconf 87' lang='grc' dir='ltr'><strong><em>τοῦ</em></strong></span> <span class='ocrx_word' id='word_1_51' title='bbox 1625 949 1850 1019; x_wconf 83' lang='grc' dir='ltr'><strong><em>κόσμου,</em></strong></span> <span class='ocrx_word' id='word_1_52' title='bbox 1875 952 2000 1022; x_wconf 76' lang='grc' dir='ltr'>γῆν,</span> 
     </span>
    </p>
   </div>
   <div class='ocr_carea' id='block_1_10' title="bbox 418 1025 2004 1112">
    <p class='ocr_par' dir='ltr' id='par_1_10' title="bbox 418 1025 2004 1112">
     <span class='ocr_line' id='line_1_10' title="bbox 418 1025 2004 1112; baseline 0.011 -33"><span class='ocrx_word' id='word_1_53' title='bbox 418 1025 581 1112; x_wconf 63' lang='grc' dir='ltr'>ὕδωρ,</span> <span class='ocrx_word' id='word_1_54' title='bbox 614 1028 772 1099; x_wconf 90' lang='grc' dir='ltr'>ἀέρα,</span> <span class='ocrx_word' id='word_1_55' title='bbox 801 1029 904 1083; x_wconf 79' lang='grc' dir='ltr'><strong><em>κᾶν</em></strong></span> <span class='ocrx_word' id='word_1_56' title='bbox 935 1029 1131 1085; x_wconf 87' lang='grc' dir='ltr'>θέωσιν</span> <span class='ocrx_word' id='word_1_57' title='bbox 1169 1034 1397 1109; x_wconf 83' lang='grc' dir='ltr'><strong><em>ἀστέρες</em></strong></span> <span class='ocrx_word' id='word_1_58' title='bbox 1431 1039 1524 1092; x_wconf 75' lang='grc' dir='ltr'><strong><em>καὶ</em></strong></span> <span class='ocrx_word' id='word_1_59' title='bbox 1554 1040 1817 1112; x_wconf 88' lang='grc' dir='ltr'>τρέχωσιν</span> <span class='ocrx_word' id='word_1_60' title='bbox 1849 1042 2004 1095; x_wconf 84' lang='grc' dir='ltr'>ἄπει-</span> 
     </span>
    </p>
   </div>
   <div class='ocr_carea' id='block_1_11' title="bbox 417 1118 2000 1202">
    <p class='ocr_par' dir='ltr' id='par_1_11' title="bbox 417 1118 2000 1202">
     <span class='ocr_line' id='line_1_11' title="bbox 417 1118 2000 1202; baseline 0.013 -34"><span class='ocrx_word' id='word_1_61' title='bbox 417 1133 508 1189; x_wconf 90' lang='grc' dir='ltr'><strong><em>ρα,</em></strong></span> <span class='ocrx_word' id='word_1_62' title='bbox 534 1118 755 1183; x_wconf 80' lang='grc' dir='ltr'>τούτους</span> <span class='ocrx_word' id='word_1_63' title='bbox 779 1121 853 1192; x_wconf 81' lang='grc' dir='ltr'>μὴ</span> <span class='ocrx_word' id='word_1_64' title='bbox 878 1120 1200 1194; x_wconf 77' lang='grc' dir='ltr'>θειάζωμεν.</span> <span class='ocrx_word' id='word_1_65' title='bbox 1220 1126 1306 1191; x_wconf 85' lang='grc' dir='ltr'>Ὠς</span> <span class='ocrx_word' id='word_1_66' title='bbox 1339 1127 1446 1200; x_wconf 85' lang='grc' dir='ltr'>γὰρ</span> <span class='ocrx_word' id='word_1_67' title='bbox 1483 1131 1773 1202; x_wconf 82' lang='grc' dir='ltr'><strong><em>τρέχοντας</em></strong></span> <span class='ocrx_word' id='word_1_68' title='bbox 1803 1134 2000 1199; x_wconf 80' lang='grc' dir='ltr'>ἵππους</span> 
     </span>
    </p>
   </div>
   <div class='ocr_carea' id='block_1_12' title="bbox 415 1209 2000 1292">
    <p class='ocr_par' dir='ltr' id='par_1_12' title="bbox 415 1209 2000 1292">
     <span class='ocr_line' id='line_1_12' title="bbox 415 1209 2000 1292; baseline 0.012 -33"><span class='ocrx_word' id='word_1_69' title='bbox 415 1209 593 1272; x_wconf 74' lang='grc' dir='ltr'>οὐδεὶς</span> <span class='ocrx_word' id='word_1_70' title='bbox 637 1211 1034 1279; x_wconf 71' lang='grc' dir='ltr'>ἐστεφάνωσεν,</span> <span class='ocrx_word' id='word_1_71' title='bbox 1065 1215 1200 1268; x_wconf 86' lang='grc' dir='ltr'>ἀλλὰ</span> <span class='ocrx_word' id='word_1_72' title='bbox 1247 1217 1339 1270; x_wconf 80' lang='grc' dir='ltr'><strong><em>τὸν</em></strong></span> <span class='ocrx_word' id='word_1_73' title='bbox 1385 1219 1624 1292; x_wconf 81' lang='grc' dir='ltr'><strong><em>ἐλατῆρα</em></strong></span> <span class='ocrx_word' id='word_1_74' title='bbox 1653 1223 1856 1276; x_wconf 90' lang='grc' dir='ltr'>τούτων</span> <span class='ocrx_word' id='word_1_75' title='bbox 1905 1227 2000 1278; x_wconf 77' lang='grc' dir='ltr'><strong><em>καὶ</em></strong></span> 
     </span>
    </p>
   </div>
   <div class='ocr_carea' id='block_1_13' title="bbox 413 1300 1998 1385">
    <p class='ocr_par' dir='ltr' id='par_1_13' title="bbox 413 1300 1998 1385">
     <span class='ocr_line' id='line_1_13' title="bbox 413 1300 1998 1385; baseline 0.011 -34"><span class='ocrx_word' id='word_1_76' title='bbox 413 1300 834 1371; x_wconf 71' lang='grc' dir='ltr'>ἡνίοχον,ξοῦτως</span> <span class='ocrx_word' id='word_1_77' title='bbox 850 1303 949 1356; x_wconf 83' lang='grc' dir='ltr'><strong><em>οὐκ</em></strong></span> <span class='ocrx_word' id='word_1_78' title='bbox 963 1303 1201 1376; x_wconf 78' lang='grc' dir='ltr'>ἄστροις,</span> <span class='ocrx_word' id='word_1_79' title='bbox 1217 1307 1352 1362; x_wconf 82' lang='grc' dir='ltr'>ἀλλὰ</span> <span class='ocrx_word' id='word_1_80' title='bbox 1368 1310 1574 1380; x_wconf 79' lang='grc' dir='ltr'>Θεῷ,τὸ</span> <span class='ocrx_word' id='word_1_81' title='bbox 1587 1313 1748 1378; x_wconf 78' lang='grc' dir='ltr'>σέϐας</span> <span class='ocrx_word' id='word_1_82' title='bbox 1763 1315 1998 1385; x_wconf 80' lang='grc' dir='ltr'>γνησίως</span> 
     </span>
    </p>
   </div>
   <div class='ocr_carea' id='block_1_14' title="bbox 412 1393 1998 1468">
    <p class='ocr_par' dir='ltr' id='par_1_14' title="bbox 412 1393 1998 1468">
     <span class='ocr_line' id='line_1_14' title="bbox 412 1393 1998 1468; baseline 0.01 -26"><span class='ocrx_word' id='word_1_83' title='bbox 412 1394 740 1464; x_wconf 73' lang='grc' dir='ltr'>τηρήσωμεν</span> <span class='ocrx_word' id='word_1_84' title='bbox 765 1393 840 1464; x_wconf 82' lang='grc' dir='ltr'>τῷ</span> <span class='ocrx_word' id='word_1_85' title='bbox 867 1393 1088 1459; x_wconf 79' lang='grc' dir='ltr'>τούτους</span> <span class='ocrx_word' id='word_1_86' title='bbox 1118 1397 1396 1468; x_wconf 66' lang='grc' dir='ltr'>ἐξάψαντι.</span> <span class='ocrx_word' id='word_1_87' title='bbox 1437 1401 1489 1455; x_wconf 89' lang='lat' dir='ltr'><strong><em>Id</em></strong></span> <span class='ocrx_word' id='word_1_88' title='bbox 1522 1413 1604 1458; x_wconf 85' lang='lat' dir='ltr'><strong><em>est</em></strong></span> <span class='ocrx_word' id='word_1_89' title='bbox 1636 1423 1649 1457; x_wconf 93' lang='lat'><strong>:</strong></span> <span class='ocrx_word' id='word_1_90' title='bbox 1683 1403 1794 1458; x_wconf 82' lang='lat' dir='ltr'><strong><em>Nec</em></strong></span> <span class='ocrx_word' id='word_1_91' title='bbox 1817 1406 1998 1458; x_wconf 85' lang='lat' dir='ltr'><strong><em>mundi</em></strong></span> 
     </span>
    </p>
   </div>
   <div class='ocr_carea' id='block_1_15' title="bbox 413 1484 1996 1560">
    <p class='ocr_par' dir='ltr' id='par_1_15' title="bbox 413 1484 1996 1560">
     <span class='ocr_line' id='line_1_15' title="bbox 413 1484 1996 1560; baseline 0.009 -23"><span class='ocrx_word' id='word_1_92' title='bbox 413 1484 688 1551; x_wconf 88' lang='lat' dir='ltr'><strong><em>elementa,</em></strong></span> <span class='ocrx_word' id='word_1_93' title='bbox 718 1496 936 1554; x_wconf 88' lang='lat' dir='ltr'><strong><em>terram,</em></strong></span> <span class='ocrx_word' id='word_1_94' title='bbox 967 1506 1179 1559; x_wconf 88' lang='lat' dir='ltr'><strong><em>aquam,</em></strong></span> <span class='ocrx_word' id='word_1_95' title='bbox 1213 1509 1406 1558; x_wconf 89' lang='lat' dir='ltr'><strong><em>aerem,</em></strong></span> <span class='ocrx_word' id='word_1_96' title='bbox 1434 1495 1556 1547; x_wconf 92' lang='lat' dir='ltr'><strong><em>deos</em></strong></span> <span class='ocrx_word' id='word_1_97' title='bbox 1603 1512 1874 1560; x_wconf 88' lang='lat' dir='ltr'><strong><em>vocemus;</em></strong></span> <span class='ocrx_word' id='word_1_98' title='bbox 1906 1499 1996 1551; x_wconf 90' lang='lat' dir='ltr'><strong><em>sed</em></strong></span> 
     </span>
    </p>
   </div>
   <div class='ocr_carea' id='block_1_16' title="bbox 413 1577 1994 1649">
    <p class='ocr_par' dir='ltr' id='par_1_16' title="bbox 413 1577 1994 1649">
     <span class='ocr_line' id='line_1_16' title="bbox 413 1577 1994 1649; baseline 0.008 -18"><span class='ocrx_word' id='word_1_99' title='bbox 413 1592 506 1631; x_wconf 84' lang='lat' dir='ltr'><strong><em>nec</em></strong></span> <span class='ocrx_word' id='word_1_100' title='bbox 536 1577 716 1632; x_wconf 82' lang='lat' dir='ltr'><strong><em>stellas</em></strong></span> <span class='ocrx_word' id='word_1_101' title='bbox 766 1580 930 1648; x_wconf 88' lang='lat' dir='ltr'><strong><em>ipsas,</em></strong></span> <span class='ocrx_word' id='word_1_102' title='bbox 965 1583 1064 1634; x_wconf 85' lang='lat' dir='ltr'><strong><em>etsi</em></strong></span> <span class='ocrx_word' id='word_1_103' title='bbox 1098 1582 1208 1636; x_wconf 81' lang='lat' dir='ltr'><strong><em>illte</em></strong></span> <span class='ocrx_word' id='word_1_104' title='bbox 1243 1593 1485 1649; x_wconf 85' lang='lat' dir='ltr'><strong><em>currunt,</em></strong></span> <span class='ocrx_word' id='word_1_105' title='bbox 1519 1594 1567 1639; x_wconf 89' lang='lat' dir='ltr'><strong><em>et</em></strong></span> <span class='ocrx_word' id='word_1_106' title='bbox 1597 1596 1852 1641; x_wconf 67' lang='lat' dir='ltr'><strong><em>internum</em></strong></span> <span class='ocrx_word' id='word_1_107' title='bbox 1881 1589 1994 1643; x_wconf 87' lang='lat' dir='ltr'><strong><em>vol-</em></strong></span> 
     </span>
    </p>
   </div>
   <div class='ocr_carea' id='block_1_17' title="bbox 412 1672 1996 1748">
    <p class='ocr_par' dir='ltr' id='par_1_17' title="bbox 412 1672 1996 1748">
     <span class='ocr_line' id='line_1_17' title="bbox 412 1672 1996 1748; baseline 0.007 -27"><span class='ocrx_word' id='word_1_108' title='bbox 412 1677 624 1733; x_wconf 83' lang='lat' dir='ltr'><strong><em>vuntur,</em></strong></span> <span class='ocrx_word' id='word_1_109' title='bbox 658 1678 909 1740; x_wconf 84' lang='lat' dir='ltr'><strong><em>tanquam</em></strong></span> <span class='ocrx_word' id='word_1_110' title='bbox 943 1672 1066 1725; x_wconf 85' lang='lat' dir='ltr'><strong><em>deos</em></strong></span> <span class='ocrx_word' id='word_1_111' title='bbox 1111 1691 1431 1730; x_wconf 81' lang='lat' dir='ltr'><strong><em>veneremur.</em></strong></span> <span class='ocrx_word' id='word_1_112' title='bbox 1463 1675 1603 1730; x_wconf 87' lang='lat' dir='ltr'><strong><em>Nam</em></strong></span> <span class='ocrx_word' id='word_1_113' title='bbox 1650 1679 1996 1748; x_wconf 85' lang='lat' dir='ltr'><strong><em>quemadmo-</em></strong></span> 
     </span>
    </p>
   </div>
   <div class='ocr_carea' id='block_1_18' title="bbox 411 1758 1996 1838">
    <p class='ocr_par' dir='ltr' id='par_1_18' title="bbox 411 1758 1996 1838">
     <span class='ocr_line' id='line_1_18' title="bbox 411 1758 1996 1838; baseline 0.009 -27"><span class='ocrx_word' id='word_1_114' title='bbox 411 1758 538 1812; x_wconf 85' lang='lat' dir='ltr'><strong><em>dum</em></strong></span> <span class='ocrx_word' id='word_1_115' title='bbox 566 1777 723 1830; x_wconf 87' lang='lat' dir='ltr'><strong><em>equos</em></strong></span> <span class='ocrx_word' id='word_1_116' title='bbox 754 1773 1018 1817; x_wconf 85' lang='lat' dir='ltr'><strong><em>currentes</em></strong></span> <span class='ocrx_word' id='word_1_117' title='bbox 1048 1781 1196 1819; x_wconf 89' lang='lat' dir='ltr'><strong><em>nemo</em></strong></span> <span class='ocrx_word' id='word_1_118' title='bbox 1219 1783 1450 1838; x_wconf 83' lang='lat' dir='ltr'><strong><em>unquam</em></strong></span> <span class='ocrx_word' id='word_1_119' title='bbox 1474 1772 1764 1837; x_wconf 84' lang='lat' dir='ltr'><strong><em>coronavit,</em></strong></span> <span class='ocrx_word' id='word_1_120' title='bbox 1796 1773 1885 1826; x_wconf 90' lang='lat' dir='ltr'><strong><em>sed</em></strong></span> <span class='ocrx_word' id='word_1_121' title='bbox 1909 1790 1996 1827; x_wconf 89' lang='lat' dir='ltr'><strong><em>eo-</em></strong></span> 
     </span>
    </p>
   </div>
   <div class='ocr_carea' id='block_1_19' title="bbox 2107 586 3703 656">
    <p class='ocr_par' dir='ltr' id='par_1_19' title="bbox 2107 586 3703 656">
     <span class='ocr_line' id='line_1_19' title="bbox 2107 586 3703 656; baseline 0.001 -17"><span class='ocrx_word' id='word_1_122' title='bbox 2107 603 2361 655; x_wconf 87' lang='lat' dir='ltr'><strong><em>pascens;</em></strong></span> <span class='ocrx_word' id='word_1_123' title='bbox 2409 595 2553 639; x_wconf 89' lang='lat' dir='ltr'><strong><em>muto</em></strong></span> <span class='ocrx_word' id='word_1_124' title='bbox 2602 587 2848 656; x_wconf 85' lang='lat' dir='ltr'><strong><em>ﬁgmento</em></strong></span> <span class='ocrx_word' id='word_1_125' title='bbox 2889 602 3064 654; x_wconf 87' lang='lat' dir='ltr'><strong><em>preces</em></strong></span> <span class='ocrx_word' id='word_1_126' title='bbox 3100 586 3422 650; x_wconf 76' lang='lat' dir='ltr'><strong><em>admovens:</em></strong></span> <span class='ocrx_word' id='word_1_127' title='bbox 3460 603 3614 640; x_wconf 74' lang='lat' dir='ltr'><strong><em>saxo</em></strong></span> <span class='ocrx_word' id='word_1_128' title='bbox 3655 599 3703 641; x_wconf 84' lang='lat' dir='ltr'><strong><em>et</em></strong></span> 
     </span>
    </p>
   </div>
   <div class='ocr_carea' id='block_1_20' title="bbox 2107 676 3704 746">
    <p class='ocr_par' dir='ltr' id='par_1_20' title="bbox 2107 676 3704 746">
     <span class='ocr_line' id='line_1_20' title="bbox 2107 676 3704 746; baseline 0.001 -18"><span class='ocrx_word' id='word_1_129' title='bbox 2107 677 2249 746; x_wconf 89' lang='lat' dir='ltr'><strong><em>ligno</em></strong></span> <span class='ocrx_word' id='word_1_130' title='bbox 2292 676 2504 731; x_wconf 87' lang='lat' dir='ltr'><strong><em>Numen</em></strong></span> <span class='ocrx_word' id='word_1_131' title='bbox 2547 677 2797 730; x_wconf 79' lang='lat' dir='ltr'><strong><em>incubare</em></strong></span> <span class='ocrx_word' id='word_1_132' title='bbox 2836 686 3107 740; x_wconf 85' lang='lat' dir='ltr'><strong><em>statuens;</em></strong></span> <span class='ocrx_word' id='word_1_133' title='bbox 3149 693 3252 731; x_wconf 75' lang='lat' dir='ltr'><strong><em>tere</em></strong></span> <span class='ocrx_word' id='word_1_134' title='bbox 3294 691 3340 731; x_wconf 87' lang='lat' dir='ltr'><strong><em>et</em></strong></span> <span class='ocrx_word' id='word_1_135' title='bbox 3385 679 3537 746; x_wconf 76' lang='lat' dir='ltr'><strong><em>{erro</em></strong></span> <span class='ocrx_word' id='word_1_136' title='bbox 3583 696 3704 732; x_wconf 69' lang='lat' dir='ltr'><strong><em>con-</em></strong></span> 
     </span>
    </p>
   </div>
   <div class='ocr_carea' id='block_1_21' title="bbox 2107 767 3700 839">
    <p class='ocr_par' dir='ltr' id='par_1_21' title="bbox 2107 767 3700 839">
     <span class='ocr_line' id='line_1_21' title="bbox 2107 767 3700 839; baseline 0.001 -18"><span class='ocrx_word' id='word_1_137' title='bbox 2107 769 2296 839; x_wconf 81' lang='lat' dir='ltr'><strong><em>stringi</em></strong></span> <span class='ocrx_word' id='word_1_138' title='bbox 2347 767 2699 822; x_wconf 81' lang='lat' dir='ltr'><strong><em>substantiam</em></strong></span> <span class='ocrx_word' id='word_1_139' title='bbox 2752 768 3322 838; x_wconf 85' lang='lat' dir='ltr'><strong><em>incomprehensibilem</em></strong></span> <span class='ocrx_word' id='word_1_140' title='bbox 3371 772 3700 832; x_wconf 82' lang='lat' dir='ltr'><strong><em>somnians;</em></strong></span> 
     </span>
    </p>
   </div>
   <div class='ocr_carea' id='block_1_22' title="bbox 2105 861 3700 932">
    <p class='ocr_par' dir='ltr' id='par_1_22' title="bbox 2105 861 3700 932">
     <span class='ocr_line' id='line_1_22' title="bbox 2105 861 3700 932; baseline 0.003 -19"><span class='ocrx_word' id='word_1_141' title='bbox 2105 861 2542 931; x_wconf 87' lang='lat' dir='ltr'><strong><em>deprehensurum</em></strong></span> <span class='ocrx_word' id='word_1_142' title='bbox 2577 861 2796 930; x_wconf 87' lang='lat' dir='ltr'><strong><em>denique</em></strong></span> <span class='ocrx_word' id='word_1_143' title='bbox 2820 877 2873 914; x_wconf 90' lang='lat' dir='ltr'><strong><em>se</em></strong></span> <span class='ocrx_word' id='word_1_144' title='bbox 2902 863 2977 914; x_wconf 80' lang='lat' dir='ltr'><strong><em>rei</em></strong></span> <span class='ocrx_word' id='word_1_145' title='bbox 3000 874 3221 916; x_wconf 70' lang='lat' dir='ltr'><strong><em>mortuae</em></strong></span> <span class='ocrx_word' id='word_1_146' title='bbox 3244 864 3700 932; x_wconf 75' lang='lat' dir='ltr'><strong><em>contemplatione</em></strong></span> 
     </span>
    </p>
   </div>
   <div class='ocr_carea' id='block_1_23' title="bbox 2107 951 3238 1021">
    <p class='ocr_par' dir='ltr' id='par_1_23' title="bbox 2107 951 3238 1021">
     <span class='ocr_line' id='line_1_23' title="bbox 2107 951 3238 1021; baseline 0.004 -17"><span class='ocrx_word' id='word_1_147' title='bbox 2107 967 2346 1020; x_wconf 79' lang='lat' dir='ltr'><strong><em>sperans,</em></strong></span> <span class='ocrx_word' id='word_1_148' title='bbox 2377 951 2434 1004; x_wconf 89' lang='lat' dir='ltr'><strong><em>id</em></strong></span> <span class='ocrx_word' id='word_1_149' title='bbox 2469 951 2606 1020; x_wconf 88' lang='lat' dir='ltr'><strong><em>quod</em></strong></span> <span class='ocrx_word' id='word_1_150' title='bbox 2632 952 2776 1004; x_wconf 87' lang='lat' dir='ltr'><strong><em>cerni</em></strong></span> <span class='ocrx_word' id='word_1_151' title='bbox 2807 953 3021 1004; x_wconf 89' lang='lat' dir='ltr'><strong><em>minime</em></strong></span> <span class='ocrx_word' id='word_1_152' title='bbox 3047 962 3238 1021; x_wconf 81' lang='lat' dir='ltr'><strong><em>potest.</em></strong></span> 
     </span>
    </p>
   </div>
   <div class='ocr_carea' id='block_1_24' title="bbox 2174 1038 3698 1114">
    <p class='ocr_par' dir='ltr' id='par_1_24' title="bbox 2174 1038 3698 1114">
     <span class='ocr_line' id='line_1_24' title="bbox 2174 1038 3698 1114; baseline 0.003 -21"><span class='ocrx_word' id='word_1_153' title='bbox 2174 1038 2428 1094; x_wconf 84' lang='lat' dir='ltr'><strong><em>Nonnulli</em></strong></span> <span class='ocrx_word' id='word_1_154' title='bbox 2461 1056 2524 1095; x_wconf 82' lang='lat' dir='ltr'><strong><em>ex</em></strong></span> <span class='ocrx_word' id='word_1_155' title='bbox 2568 1040 2858 1095; x_wconf 68' lang='lat' dir='ltr'><strong><em>Platonica:</em></strong></span> <span class='ocrx_word' id='word_1_156' title='bbox 2897 1041 3255 1112; x_wconf 56' lang='lat' dir='ltr'><strong><em>philosoiihize</em></strong></span> <span class='ocrx_word' id='word_1_157' title='bbox 3282 1044 3582 1114; x_wconf 83' lang='lat' dir='ltr'><strong><em>principiis</em></strong></span> <span class='ocrx_word' id='word_1_158' title='bbox 3610 1063 3698 1098; x_wconf 74' lang='lat' dir='ltr'><strong><em>vc-</em></strong></span> 
     </span>
    </p>
   </div>
   <div class='ocr_carea' id='block_1_25' title="bbox 2105 1131 3698 1206">
    <p class='ocr_par' dir='ltr' id='par_1_25' title="bbox 2105 1131 3698 1206">
     <span class='ocr_line' id='line_1_25' title="bbox 2105 1131 3698 1206; baseline 0.005 -22"><span class='ocrx_word' id='word_1_159' title='bbox 2105 1147 2222 1185; x_wconf 88' lang='lat' dir='ltr'><strong><em>ram</em></strong></span> <span class='ocrx_word' id='word_1_160' title='bbox 2251 1131 2410 1187; x_wconf 84' lang='lat' dir='ltr'><strong><em>istius</em></strong></span> <span class='ocrx_word' id='word_1_161' title='bbox 2434 1133 2612 1188; x_wconf 90' lang='lat' dir='ltr'><strong><em>cultus</em></strong></span> <span class='ocrx_word' id='word_1_162' title='bbox 2638 1133 3052 1189; x_wconf 83' lang='lat' dir='ltr'><strong><em>simulacrorum</em></strong></span> <span class='ocrx_word' id='word_1_163' title='bbox 3081 1135 3347 1204; x_wconf 74' lang='lat' dir='ltr'><strong><em>originem</em></strong></span> <span class='ocrx_word' id='word_1_164' title='bbox 3373 1147 3546 1206; x_wconf 89' lang='lat' dir='ltr'><strong><em>atque</em></strong></span> <span class='ocrx_word' id='word_1_165' title='bbox 3571 1155 3698 1206; x_wconf 88' lang='lat' dir='ltr'><strong><em>pro-</em></strong></span> 
     </span>
    </p>
   </div>
   <div class='ocr_carea' id='block_1_26' title="bbox 2102 1222 3695 1294">
    <p class='ocr_par' dir='ltr' id='par_1_26' title="bbox 2102 1222 3695 1294">
     <span class='ocr_line' id='line_1_26' title="bbox 2102 1222 3695 1294; baseline 0.007 -21"><span class='ocrx_word' id='word_1_166' title='bbox 2102 1222 2274 1290; x_wconf 89' lang='lat' dir='ltr'><strong><em>priam</em></strong></span> <span class='ocrx_word' id='word_1_167' title='bbox 2305 1223 2541 1277; x_wconf 86' lang='lat' dir='ltr'><strong><em>indolem</em></strong></span> <span class='ocrx_word' id='word_1_168' title='bbox 2566 1224 2833 1289; x_wconf 88' lang='lat' dir='ltr'><strong><em>derivant,</em></strong></span> <span class='ocrx_word' id='word_1_169' title='bbox 2853 1226 2944 1294; x_wconf 89' lang='lat' dir='ltr'><strong><em>qui</em></strong></span> <span class='ocrx_word' id='word_1_170' title='bbox 2972 1241 3038 1279; x_wconf 82' lang='lat' dir='ltr'><strong><em>ex</em></strong></span> <span class='ocrx_word' id='word_1_171' title='bbox 3061 1237 3240 1281; x_wconf 84' lang='lat' dir='ltr'><strong><em>mente</em></strong></span> <span class='ocrx_word' id='word_1_172' title='bbox 3265 1226 3515 1283; x_wconf 80' lang='lat' dir='ltr'><strong><em>Platonis</em></strong></span> <span class='ocrx_word' id='word_1_173' title='bbox 3546 1230 3695 1284; x_wconf 71' lang='lat' dir='ltr'><strong><em>hunc</em></strong></span> 
     </span>
    </p>
   </div>
   <div class='ocr_carea' id='block_1_27' title="bbox 2101 1316 3691 1375">
    <p class='ocr_par' dir='ltr' id='par_1_27' title="bbox 2101 1316 3691 1375">
     <span class='ocr_line' id='line_1_27' title="bbox 2101 1316 3691 1375; baseline 0.004 -7"><span class='ocrx_word' id='word_1_174' title='bbox 2101 1316 2364 1370; x_wconf 89' lang='lat' dir='ltr'><strong><em>mundum</em></strong></span> <span class='ocrx_word' id='word_1_175' title='bbox 2410 1317 2762 1371; x_wconf 89' lang='lat' dir='ltr'><strong><em>simulacrum</em></strong></span> <span class='ocrx_word' id='word_1_176' title='bbox 2800 1333 2920 1372; x_wconf 89' lang='lat' dir='ltr'><strong><em>esse</em></strong></span> <span class='ocrx_word' id='word_1_177' title='bbox 2947 1318 3174 1372; x_wconf 86' lang='lat' dir='ltr'><strong><em>deorum</em></strong></span> <span class='ocrx_word' id='word_1_178' title='bbox 3221 1322 3476 1375; x_wconf 72' lang='lat' dir='ltr'><strong><em>arbitrati</em></strong></span> <span class='ocrx_word' id='word_1_179' title='bbox 3511 1333 3648 1375; x_wconf 81' lang='lat' dir='ltr'><strong><em>sunt</em></strong></span> <span class='ocrx_word' id='word_1_180' title='bbox 3679 1342 3691 1375; x_wconf 91' lang='lat'>:</span> 
     </span>
    </p>
   </div>
   <div class='ocr_carea' id='block_1_28' title="bbox 2101 1405 3690 1479">
    <p class='ocr_par' dir='ltr' id='par_1_28' title="bbox 2101 1405 3690 1479">
     <span class='ocr_line' id='line_1_28' title="bbox 2101 1405 3690 1479; baseline 0.004 -22"><span class='ocrx_word' id='word_1_181' title='bbox 2101 1405 2153 1457; x_wconf 88' lang='lat' dir='ltr'><strong><em>id</em></strong></span> <span class='ocrx_word' id='word_1_182' title='bbox 2182 1405 2325 1474; x_wconf 74' lang='lat' dir='ltr'><strong><em>qliod</em></strong></span> <span class='ocrx_word' id='word_1_183' title='bbox 2363 1407 2415 1459; x_wconf 90' lang='lat' dir='ltr'><strong><em>in</em></strong></span> <span class='ocrx_word' id='word_1_184' title='bbox 2445 1407 2636 1474; x_wconf 87' lang='lat' dir='ltr'><strong><em>primis</em></strong></span> <span class='ocrx_word' id='word_1_185' title='bbox 2658 1423 2723 1460; x_wconf 78' lang='lat' dir='ltr'><strong><em>ex</em></strong></span> <span class='ocrx_word' id='word_1_186' title='bbox 2752 1407 2996 1461; x_wconf 85' lang='lat' dir='ltr'><strong><em>Platonis</em></strong></span> <span class='ocrx_word' id='word_1_187' title='bbox 3046 1406 3242 1461; x_wconf 64' lang='lat' dir='ltr'><strong><em>Timaeo</em></strong></span> <span class='ocrx_word' id='word_1_188' title='bbox 3269 1410 3566 1479; x_wconf 81' lang='lat' dir='ltr'><strong><em>colligunt,</em></strong></span> <span class='ocrx_word' id='word_1_189' title='bbox 3603 1412 3690 1463; x_wconf 83' lang='lat' dir='ltr'><strong><em>ubi</em></strong></span> 
     </span>
    </p>
   </div>
   <div class='ocr_carea' id='block_1_29' title="bbox 2100 1497 3695 1556">
    <p class='ocr_par' dir='ltr' id='par_1_29' title="bbox 2100 1497 3695 1556">
     <span class='ocr_line' id='line_1_29' title="bbox 2100 1497 3695 1556; baseline 0.004 -7"><span class='ocrx_word' id='word_1_190' title='bbox 2100 1498 2363 1551; x_wconf 91' lang='lat' dir='ltr'><strong><em>mundum</em></strong></span> <span class='ocrx_word' id='word_1_191' title='bbox 2409 1499 2542 1552; x_wconf 91' lang='lat' dir='ltr'><strong><em>illud</em></strong></span> <span class='ocrx_word' id='word_1_192' title='bbox 2585 1497 2885 1554; x_wconf 77' lang='lat' dir='ltr'><strong><em>divinitatis</em></strong></span> <span class='ocrx_word' id='word_1_193' title='bbox 2929 1502 3285 1556; x_wconf 88' lang='lat' dir='ltr'><strong><em>simulacrum</em></strong></span> <span class='ocrx_word' id='word_1_194' title='bbox 3331 1517 3459 1556; x_wconf 69' lang='lat' dir='ltr'><strong><em>esse</em></strong></span> <span class='ocrx_word' id='word_1_195' title='bbox 3502 1512 3695 1555; x_wconf 73' lang='lat' dir='ltr'><strong><em>narrat</em></strong></span> 
     </span>
    </p>
   </div>
   <div class='ocr_carea' id='block_1_30' title="bbox 2098 1586 3694 1663">
    <p class='ocr_par' dir='ltr' id='par_1_30' title="bbox 2098 1586 3694 1663">
     <span class='ocr_line' id='line_1_30' title="bbox 2098 1586 3694 1663; baseline 0.002 -22"><span class='ocrx_word' id='word_1_196' title='bbox 2098 1586 2272 1654; x_wconf 85' lang='lat' dir='ltr'><strong><em>Plato,</em></strong></span> <span class='ocrx_word' id='word_1_197' title='bbox 2309 1590 2467 1659; x_wconf 91' lang='lat' dir='ltr'><strong><em>cujus</em></strong></span> <span class='ocrx_word' id='word_1_198' title='bbox 2499 1600 2648 1644; x_wconf 81' lang='lat' dir='ltr'><strong><em>motu</em></strong></span> <span class='ocrx_word' id='word_1_199' title='bbox 2675 1590 2816 1645; x_wconf 86' lang='lat' dir='ltr'><strong><em>Deus</em></strong></span> <span class='ocrx_word' id='word_1_200' title='bbox 2849 1591 3148 1647; x_wconf 83' lang='lat' dir='ltr'><strong><em>delectatus</em></strong></span> <span class='ocrx_word' id='word_1_201' title='bbox 3184 1593 3254 1647; x_wconf 89' lang='lat' dir='ltr'><strong><em>sit</em></strong></span> <span class='ocrx_word' id='word_1_202' title='bbox 3285 1610 3300 1646; x_wconf 93' lang='lat'><strong>:</strong></span> <span class='ocrx_word' id='word_1_203' title='bbox 3341 1592 3512 1656; x_wconf 69' lang='grc' dir='ltr'>Ὡςζδὲ</span> <span class='ocrx_word' id='word_1_204' title='bbox 3536 1610 3694 1663; x_wconf 70' lang='grc' dir='ltr'>κινη-</span> 
     </span>
    </p>
   </div>
   <div class='ocr_carea' id='block_1_31' title="bbox 2099 1681 3690 1755">
    <p class='ocr_par' dir='ltr' id='par_1_31' title="bbox 2099 1681 3690 1755">
     <span class='ocr_line' id='line_1_31' title="bbox 2099 1681 3690 1755; baseline 0.003 -21"><span class='ocrx_word' id='word_1_205' title='bbox 2099 1681 2188 1734; x_wconf 85' lang='grc' dir='ltr'><strong><em>θέν</em></strong></span> <span class='ocrx_word' id='word_1_206' title='bbox 2213 1699 2272 1735; x_wconf 88' lang='grc' dir='ltr'><strong><em>τε</em></strong></span> <span class='ocrx_word' id='word_1_207' title='bbox 2305 1683 2436 1735; x_wconf 87' lang='grc' dir='ltr'>αύτὸ</span> <span class='ocrx_word' id='word_1_208' title='bbox 2469 1683 2563 1736; x_wconf 74' lang='grc' dir='ltr'><strong><em>καὶ</em></strong></span> <span class='ocrx_word' id='word_1_209' title='bbox 2588 1681 2696 1747; x_wconf 79' lang='grc' dir='ltr'><strong><em>ζῶν</em></strong></span> <span class='ocrx_word' id='word_1_210' title='bbox 2720 1683 2968 1755; x_wconf 81' lang='grc' dir='ltr'>ἐνενόησε</span> <span class='ocrx_word' id='word_1_211' title='bbox 2998 1685 3104 1737; x_wconf 85' lang='grc' dir='ltr'>τῶν</span> <span class='ocrx_word' id='word_1_212' title='bbox 3131 1684 3319 1736; x_wconf 80' lang='grc' dir='ltr'>ἀϊδίων</span> <span class='ocrx_word' id='word_1_213' title='bbox 3349 1685 3495 1737; x_wconf 73' lang='grc' dir='ltr'>θεῶν</span> <span class='ocrx_word' id='word_1_214' title='bbox 3527 1703 3690 1755; x_wconf 79' lang='grc' dir='ltr'>γεγο-</span> 
     </span>
    </p>
   </div>
   <div class='ocr_carea' id='block_1_32' title="bbox 2096 1772 3692 1846">
    <p class='ocr_par' dir='ltr' id='par_1_32' title="bbox 2096 1772 3692 1846">
     <span class='ocr_line' id='line_1_32' title="bbox 2096 1772 3692 1846; baseline 0.003 -21"><span class='ocrx_word' id='word_1_215' title='bbox 2096 1773 2184 1837; x_wconf 82' lang='grc' dir='ltr'><strong><em>νὸς</em></strong></span> <span class='ocrx_word' id='word_1_216' title='bbox 2236 1772 2457 1842; x_wconf 81' lang='grc' dir='ltr'>ἄγαλμα</span> <span class='ocrx_word' id='word_1_217' title='bbox 2501 1774 2529 1825; x_wconf 82' lang='grc' dir='ltr'><strong><em>ό</em></strong></span> <span class='ocrx_word' id='word_1_218' title='bbox 2570 1774 2835 1844; x_wconf 80' lang='grc' dir='ltr'>γεννήσας</span> <span class='ocrx_word' id='word_1_219' title='bbox 2878 1773 3085 1845; x_wconf 76' lang='grc' dir='ltr'>Πατὴρ,</span> <span class='ocrx_word' id='word_1_220' title='bbox 3118 1775 3332 1846; x_wconf 75' lang='grc' dir='ltr'>ἠγάσθη</span> <span class='ocrx_word' id='word_1_221' title='bbox 3369 1793 3430 1828; x_wconf 86' lang='grc' dir='ltr'><strong><em>τε</em></strong></span> <span class='ocrx_word' id='word_1_222' title='bbox 3467 1777 3563 1827; x_wconf 77' lang='grc' dir='ltr'><strong><em>καὶ</em></strong></span> <span class='ocrx_word' id='word_1_223' title='bbox 3613 1778 3692 1830; x_wconf 78' lang='grc' dir='ltr'>εύ-</span> 
     </span>
    </p>
   </div>
   <div class='ocr_carea' id='block_1_33' title="bbox 413 1849 3689 1934">
    <p class='ocr_par' dir='ltr' id='par_1_33' title="bbox 413 1849 3689 1934">
     <span class='ocr_line' id='line_1_33' title="bbox 413 1849 3689 1934; baseline 0.006 -31"><span class='ocrx_word' id='word_1_224' title='bbox 413 1867 531 1904; x_wconf 83' lang='lat' dir='ltr'><strong><em>rum</em></strong></span> <span class='ocrx_word' id='word_1_225' title='bbox 570 1854 881 1923; x_wconf 88' lang='lat' dir='ltr'><strong><em>agitatorent</em></strong></span> <span class='ocrx_word' id='word_1_226' title='bbox 907 1865 956 1909; x_wconf 90' lang='lat' dir='ltr'><strong><em>et</em></strong></span> <span class='ocrx_word' id='word_1_227' title='bbox 988 1857 1230 1927; x_wconf 85' lang='lat' dir='ltr'><strong><em>aurigam</em></strong></span> <span class='ocrx_word' id='word_1_228' title='bbox 1261 1873 1279 1912; x_wconf 92' lang='lat'><strong><em>:</em></strong></span> <span class='ocrx_word' id='word_1_229' title='bbox 1312 1861 1387 1914; x_wconf 91' lang='lat' dir='ltr'><strong><em>ita</em></strong></span> <span class='ocrx_word' id='word_1_230' title='bbox 1426 1877 1519 1916; x_wconf 89' lang='lat' dir='ltr'><strong><em>nos</em></strong></span> <span class='ocrx_word' id='word_1_231' title='bbox 1554 1879 1655 1915; x_wconf 90' lang='lat' dir='ltr'><strong><em>non</em></strong></span> <span class='ocrx_word' id='word_1_232' title='bbox 1686 1865 1870 1931; x_wconf 86' lang='lat' dir='ltr'><strong><em>astris,</em></strong></span> <span class='ocrx_word' id='word_1_233' title='bbox 1904 1867 1994 1920; x_wconf 89' lang='lat' dir='ltr'><strong><em>sed</em></strong></span> <span class='ocrx_word' id='word_1_234' title='bbox 2026 1849 2068 1904; x_wconf 79' lang='grc' dir='ltr'>Β</span> <span class='ocrx_word' id='word_1_235' title='bbox 2099 1862 2377 1934; x_wconf 88' lang='grc' dir='ltr'>φρανθείς.</span> <span class='ocrx_word' id='word_1_236' title='bbox 2409 1863 2541 1916; x_wconf 86' lang='lat' dir='ltr'><strong><em>Cum</em></strong></span> <span class='ocrx_word' id='word_1_237' title='bbox 2580 1863 2675 1916; x_wconf 92' lang='lat' dir='ltr'><strong><em>hoc</em></strong></span> <span class='ocrx_word' id='word_1_238' title='bbox 2704 1881 2736 1916; x_wconf 92' lang='lat' dir='ltr'><strong><em>a</em></strong></span> <span class='ocrx_word' id='word_1_239' title='bbox 2768 1880 2822 1916; x_wconf 88' lang='lat' dir='ltr'><strong><em>se</em></strong></span> <span class='ocrx_word' id='word_1_240' title='bbox 2847 1865 3048 1932; x_wconf 79' lang='lat' dir='ltr'><strong><em>factum</em></strong></span> <span class='ocrx_word' id='word_1_241' title='bbox 3081 1874 3531 1934; x_wconf 76' lang='lat' dir='ltr'><strong><em>sempiternorum</em></strong></span> <span class='ocrx_word' id='word_1_242' title='bbox 3561 1871 3689 1922; x_wconf 78' lang='lat' dir='ltr'><strong><em>dco-</em></strong></span> 
     </span>
    </p>
   </div>
   <div class='ocr_carea' id='block_1_34' title="bbox 417 1942 1993 2022">
    <p class='ocr_par' dir='ltr' id='par_1_34' title="bbox 417 1942 1993 2022">
     <span class='ocr_line' id='line_1_34' title="bbox 417 1942 1993 2022; baseline 0.011 -26"><span class='ocrx_word' id='word_1_243' title='bbox 417 1942 542 2010; x_wconf 86' lang='lat' dir='ltr'><strong><em>Deo,</em></strong></span> <span class='ocrx_word' id='word_1_244' title='bbox 581 1947 670 2015; x_wconf 88' lang='lat' dir='ltr'><strong><em>qui</em></strong></span> <span class='ocrx_word' id='word_1_245' title='bbox 706 1946 804 1999; x_wconf 89' lang='lat' dir='ltr'><strong><em>illa</em></strong></span> <span class='ocrx_word' id='word_1_246' title='bbox 850 1964 877 2002; x_wconf 86' lang='lat' dir='ltr'><strong><em>e</em></strong></span> <span class='ocrx_word' id='word_1_247' title='bbox 923 1948 1048 2002; x_wconf 76' lang='lat' dir='ltr'><strong><em>caelo</em></strong></span> <span class='ocrx_word' id='word_1_248' title='bbox 1085 1952 1378 2022; x_wconf 83' lang='lat' dir='ltr'><strong><em>suspendit,</em></strong></span> <span class='ocrx_word' id='word_1_249' title='bbox 1419 1970 1574 2008; x_wconf 88' lang='lat' dir='ltr'><strong><em>suum</em></strong></span> <span class='ocrx_word' id='word_1_250' title='bbox 1615 1957 1819 2012; x_wconf 87' lang='lat' dir='ltr'><strong><em>cultum</em></strong></span> <span class='ocrx_word' id='word_1_251' title='bbox 1856 1959 1993 2014; x_wconf 91' lang='lat' dir='ltr'><strong><em>inte-</em></strong></span> 
     </span>
    </p>
   </div>
   <div class='ocr_carea' id='block_1_35' title="bbox 409 2053 868 2106">
    <p class='ocr_par' dir='ltr' id='par_1_35' title="bbox 409 2053 868 2106">
     <span class='ocr_line' id='line_1_35' title="bbox 409 2053 868 2106; baseline 0.009 -17"><span class='ocrx_word' id='word_1_252' title='bbox 409 2053 559 2106; x_wconf 83' lang='lat' dir='ltr'><strong><em>grant</em></strong></span> <span class='ocrx_word' id='word_1_253' title='bbox 591 2055 868 2094; x_wconf 84' lang='lat' dir='ltr'><strong><em>servemus.</em></strong></span> 
     </span>
    </p>
   </div>
   <div class='ocr_carea' id='block_1_36' title="bbox 574 2148 1847 2232">
    <p class='ocr_par' dir='ltr' id='par_1_36' title="bbox 574 2148 1847 2232">
     <span class='ocr_line' id='line_1_36' title="bbox 574 2148 1847 2232; baseline 0.012 -30"><span class='ocrx_word' id='word_1_254' title='bbox 574 2148 601 2221; x_wconf 84' lang='lat'>§</span> <span class='ocrx_word' id='word_1_255' title='bbox 635 2149 725 2205; x_wconf 74' lang='lat' dir='ltr'><strong><em>IX.</em></strong></span> <span class='ocrx_word' id='word_1_256' title='bbox 769 2151 1030 2232; x_wconf 75' lang='lat' dir='ltr'><strong><em>Magnetis</em></strong></span> <span class='ocrx_word' id='word_1_257' title='bbox 1063 2157 1321 2232; x_wconf 76' lang='lat' dir='ltr'><strong><em>sententia</em></strong></span> <span class='ocrx_word' id='word_1_258' title='bbox 1351 2158 1415 2212; x_wconf 89' lang='lat' dir='ltr'><strong><em>de</em></strong></span> <span class='ocrx_word' id='word_1_259' title='bbox 1444 2159 1765 2232; x_wconf 85' lang='lat' dir='ltr'><strong><em>imaginibus</em></strong></span> <span class='ocrx_word' id='word_1_260' title='bbox 1794 2171 1847 2216; x_wconf 90' lang='lat' dir='ltr'><strong><em>et</em></strong></span> 
     </span>
    </p>
   </div>
   <div class='ocr_carea' id='block_1_37' title="bbox 911 2225 1481 2283">
    <p class='ocr_par' dir='ltr' id='par_1_37' title="bbox 911 2225 1481 2283">
     <span class='ocr_line' id='line_1_37' title="bbox 911 2225 1481 2283; baseline 0.014 -8"><span class='ocrx_word' id='word_1_261' title='bbox 911 2225 1214 2280; x_wconf 84' lang='lat' dir='ltr'><strong><em>simulacris</em></strong></span> <span class='ocrx_word' id='word_1_262' title='bbox 1243 2228 1481 2283; x_wconf 85' lang='lat' dir='ltr'><strong><em>deorum.</em></strong></span> 
     </span>
    </p>
   </div>
   <div class='ocr_carea' id='block_1_38' title="bbox 479 2309 1990 2396">
    <p class='ocr_par' dir='ltr' id='par_1_38' title="bbox 479 2309 1990 2396">
     <span class='ocr_line' id='line_1_38' title="bbox 479 2309 1990 2396; baseline 0.01 -32"><span class='ocrx_word' id='word_1_263' title='bbox 479 2309 836 2383; x_wconf 80' lang='lat' dir='ltr'><strong><em>PrOgreditur</em></strong></span> <span class='ocrx_word' id='word_1_264' title='bbox 869 2315 1139 2372; x_wconf 85' lang='lat' dir='ltr'><strong><em>Macarius</em></strong></span> <span class='ocrx_word' id='word_1_265' title='bbox 1167 2329 1353 2375; x_wconf 89' lang='lat' dir='ltr'><strong><em>noster</em></strong></span> <span class='ocrx_word' id='word_1_266' title='bbox 1381 2322 1446 2375; x_wconf 89' lang='lat' dir='ltr'><strong><em>ad</em></strong></span> <span class='ocrx_word' id='word_1_267' title='bbox 1471 2313 1990 2396; x_wconf 49' lang='lat' dir='ltr'><strong><em>idololatriam&#39;gen.</em></strong></span> 
     </span>
    </p>
   </div>
   <div class='ocr_carea' id='block_1_39' title="bbox 408 2404 1991 2484">
    <p class='ocr_par' dir='ltr' id='par_1_39' title="bbox 408 2404 1991 2484">
     <span class='ocr_line' id='line_1_39' title="bbox 408 2404 1991 2484; baseline 0.011 -27"><span class='ocrx_word' id='word_1_268' title='bbox 408 2404 582 2458; x_wconf 91' lang='lat' dir='ltr'><strong><em>tilium</em></strong></span> <span class='ocrx_word' id='word_1_269' title='bbox 621 2407 687 2460; x_wconf 90' lang='lat' dir='ltr'><strong><em>de</em></strong></span> <span class='ocrx_word' id='word_1_270' title='bbox 723 2407 1050 2479; x_wconf 80' lang='lat' dir='ltr'><strong><em>imaginibus</em></strong></span> <span class='ocrx_word' id='word_1_271' title='bbox 1099 2421 1261 2482; x_wconf 89' lang='lat' dir='ltr'><strong><em>atque</em></strong></span> <span class='ocrx_word' id='word_1_272' title='bbox 1302 2413 1613 2470; x_wconf 85' lang='lat' dir='ltr'><strong><em>simulacris</em></strong></span> <span class='ocrx_word' id='word_1_273' title='bbox 1643 2416 1893 2484; x_wconf 90' lang='lat' dir='ltr'><strong><em>deorum,</em></strong></span> <span class='ocrx_word' id='word_1_274' title='bbox 1923 2419 1991 2474; x_wconf 90' lang='lat' dir='ltr'><strong><em>de</em></strong></span> 
     </span>
    </p>
   </div>
   <div class='ocr_carea' id='block_1_40' title="bbox 407 2497 1991 2575">
    <p class='ocr_par' dir='ltr' id='par_1_40' title="bbox 407 2497 1991 2575">
     <span class='ocr_line' id='line_1_40' title="bbox 407 2497 1991 2575; baseline 0.009 -27"><span class='ocrx_word' id='word_1_275' title='bbox 407 2497 606 2566; x_wconf 87' lang='lat' dir='ltr'><strong><em>quibus</em></strong></span> <span class='ocrx_word' id='word_1_276' title='bbox 635 2498 706 2551; x_wconf 90' lang='lat' dir='ltr'><strong><em>ita</em></strong></span> <span class='ocrx_word' id='word_1_277' title='bbox 731 2513 1034 2554; x_wconf 83' lang='lat' dir='ltr'><strong><em>sermonem</em></strong></span> <span class='ocrx_word' id='word_1_278' title='bbox 1065 2502 1298 2556; x_wconf 86' lang='lat' dir='ltr'><strong><em>instituit</em></strong></span> <span class='ocrx_word' id='word_1_279' title='bbox 1322 2504 1375 2556; x_wconf 93' lang='lat' dir='ltr'><strong><em>in</em></strong></span> <span class='ocrx_word' id='word_1_280' title='bbox 1401 2503 1704 2575; x_wconf 82' lang='lat' dir='ltr'><strong><em>fragmento</em></strong></span> <span class='ocrx_word' id='word_1_281' title='bbox 1733 2507 1802 2561; x_wconf 82' lang='lat' dir='ltr'><strong><em>IX</em></strong></span> <span class='ocrx_word' id='word_1_282' title='bbox 1831 2509 1991 2563; x_wconf 81' lang='grc' dir='ltr'>Ἀπο-</span> 
     </span>
    </p>
   </div>
   <div class='ocr_carea' id='block_1_41' title="bbox 407 2586 1991 2667">
    <p class='ocr_par' dir='ltr' id='par_1_41' title="bbox 407 2586 1991 2667">
     <span class='ocr_line' id='line_1_41' title="bbox 407 2586 1991 2667; baseline 0.01 -29"><span class='ocrx_word' id='word_1_283' title='bbox 407 2586 699 2655; x_wconf 78' lang='grc' dir='ltr'>κριτικῶν,</span> <span class='ocrx_word' id='word_1_284' title='bbox 730 2597 791 2643; x_wconf 90' lang='lat' dir='ltr'><strong><em>ut</em></strong></span> <span class='ocrx_word' id='word_1_285' title='bbox 820 2606 1034 2645; x_wconf 89' lang='lat' dir='ltr'><strong><em>omnem</em></strong></span> <span class='ocrx_word' id='word_1_286' title='bbox 1064 2594 1172 2648; x_wconf 90' lang='lat' dir='ltr'><strong><em>illis</em></strong></span> <span class='ocrx_word' id='word_1_287' title='bbox 1205 2595 1503 2651; x_wconf 89' lang='lat' dir='ltr'><strong><em>divinitatis</em></strong></span> <span class='ocrx_word' id='word_1_288' title='bbox 1542 2600 1778 2667; x_wconf 87' lang='lat' dir='ltr'><strong><em>speciem</em></strong></span> <span class='ocrx_word' id='word_1_289' title='bbox 1808 2601 1991 2656; x_wconf 89' lang='lat' dir='ltr'><strong><em>detra-</em></strong></span> 
     </span>
    </p>
   </div>
   <div class='ocr_carea' id='block_1_42' title="bbox 411 2679 1988 2756">
    <p class='ocr_par' dir='ltr' id='par_1_42' title="bbox 411 2679 1988 2756">
     <span class='ocr_line' id='line_1_42' title="bbox 411 2679 1988 2756; baseline 0.009 -26"><span class='ocrx_word' id='word_1_290' title='bbox 411 2679 523 2742; x_wconf 89' lang='lat' dir='ltr'><strong><em>hat,</em></strong></span> <span class='ocrx_word' id='word_1_291' title='bbox 566 2681 936 2750; x_wconf 88' lang='lat' dir='ltr'><strong><em>stolidumque</em></strong></span> <span class='ocrx_word' id='word_1_292' title='bbox 989 2699 1180 2738; x_wconf 90' lang='lat' dir='ltr'><strong><em>eorum</em></strong></span> <span class='ocrx_word' id='word_1_293' title='bbox 1241 2686 1445 2739; x_wconf 91' lang='lat' dir='ltr'><strong><em>cultum</em></strong></span> <span class='ocrx_word' id='word_1_294' title='bbox 1499 2689 1752 2756; x_wconf 79' lang='lat' dir='ltr'><strong><em>eXplodat</em></strong></span> <span class='ocrx_word' id='word_1_295' title='bbox 1804 2710 1816 2745; x_wconf 89' lang='lat'><strong>:</strong></span> <span class='ocrx_word' id='word_1_296' title='bbox 1865 2693 1988 2746; x_wconf 75' lang='grc' dir='ltr'><strong><em>Κᾶν</em></strong></span> 
     </span>
    </p>
   </div>
   <div class='ocr_carea' id='block_1_43' title="bbox 409 2767 1988 2852">
    <p class='ocr_par' dir='ltr' id='par_1_43' title="bbox 409 2767 1988 2852">
     <span class='ocr_line' id='line_1_43' title="bbox 409 2767 1988 2852; baseline 0.01 -32"><span class='ocrx_word' id='word_1_297' title='bbox 409 2767 720 2838; x_wconf 83' lang='grc' dir='ltr'>ἀγάλματα,</span> <span class='ocrx_word' id='word_1_298' title='bbox 753 2771 948 2840; x_wconf 85' lang='lat' dir='ltr'><strong><em>inquit,</em></strong></span> <span class='ocrx_word' id='word_1_299' title='bbox 989 2776 1137 2845; x_wconf 83' lang='grc' dir='ltr'>φωνῇ</span> <span class='ocrx_word' id='word_1_300' title='bbox 1173 2775 1266 2828; x_wconf 73' lang='grc' dir='ltr'><strong><em>καὶ</em></strong></span> <span class='ocrx_word' id='word_1_301' title='bbox 1301 2775 1429 2847; x_wconf 84' lang='grc' dir='ltr'>δοκῇ</span> <span class='ocrx_word' id='word_1_302' title='bbox 1457 2777 1819 2847; x_wconf 83' lang='grc' dir='ltr'>διαλέγεσθαι,</span> <span class='ocrx_word' id='word_1_303' title='bbox 1853 2783 1988 2852; x_wconf 82' lang='grc' dir='ltr'>μηδὲ</span> 
     </span>
    </p>
   </div>
   <div class='ocr_carea' id='block_1_44' title="bbox 407 2854 1988 2940">
    <p class='ocr_par' dir='ltr' id='par_1_44' title="bbox 407 2854 1988 2940">
     <span class='ocr_line' id='line_1_44' title="bbox 407 2854 1988 2940; baseline 0.013 -34"><span class='ocrx_word' id='word_1_304' title='bbox 407 2854 618 2920; x_wconf 83' lang='grc' dir='ltr'>τούτοις</span> <span class='ocrx_word' id='word_1_305' title='bbox 648 2859 813 2929; x_wconf 83' lang='grc' dir='ltr'>τιμὴν</span> <span class='ocrx_word' id='word_1_306' title='bbox 839 2858 994 2924; x_wconf 82' lang='grc' dir='ltr'>ἀξίαν</span> <span class='ocrx_word' id='word_1_307' title='bbox 1023 2865 1726 2940; x_wconf 80' lang='grc' dir='ltr'>προπίωμεν...”Ανθρωποι</span> <span class='ocrx_word' id='word_1_308' title='bbox 1751 2871 1807 2924; x_wconf 83' lang='grc' dir='ltr'>δὲ</span> <span class='ocrx_word' id='word_1_309' title='bbox 1834 2889 1988 2926; x_wconf 89' lang='grc' dir='ltr'>κενο-</span> 
     </span>
    </p>
   </div>
   <div class='ocr_carea' id='block_1_45' title="bbox 409 2951 1991 3033">
    <p class='ocr_par' dir='ltr' id='par_1_45' title="bbox 409 2951 1991 3033">
     <span class='ocr_line' id='line_1_45' title="bbox 409 2951 1991 3033; baseline 0.011 -30"><span class='ocrx_word' id='word_1_310' title='bbox 409 2951 730 3023; x_wconf 79' lang='grc' dir='ltr'>φρονοῦντες</span> <span class='ocrx_word' id='word_1_311' title='bbox 755 2955 954 3026; x_wconf 79' lang='grc' dir='ltr'>χρυσὸν</span> <span class='ocrx_word' id='word_1_312' title='bbox 981 2957 1372 3026; x_wconf 87' lang='grc' dir='ltr'>χωνεύσαντες,</span> <span class='ocrx_word' id='word_1_313' title='bbox 1402 2962 1496 3014; x_wconf 74' lang='grc' dir='ltr'>καὶ</span> <span class='ocrx_word' id='word_1_314' title='bbox 1531 2961 1727 3033; x_wconf 82' lang='grc' dir='ltr'>χαλκὸν</span> <span class='ocrx_word' id='word_1_315' title='bbox 1763 2964 1991 3020; x_wconf 78' lang='grc' dir='ltr'>διαπλά-</span> 
     </span>
    </p>
   </div>
   <div class='ocr_carea' id='block_1_46' title="bbox 314 3048 1989 3131">
    <p class='ocr_par' dir='ltr' id='par_1_46' title="bbox 314 3048 1989 3131">
     <span class='ocr_line' id='line_1_46' title="bbox 314 3048 1989 3131; baseline 0.01 -36"><span class='ocrx_word' id='word_1_316' title='bbox 314 3057 322 3067; x_wconf 86' lang='lat'><em>’</em></span> <span class='ocrx_word' id='word_1_317' title='bbox 406 3062 595 3108; x_wconf 86' lang='grc' dir='ltr'>σαντες</span> <span class='ocrx_word' id='word_1_318' title='bbox 624 3049 906 3118; x_wconf 81' lang='grc' dir='ltr'>χρησμοὺς</span> <span class='ocrx_word' id='word_1_319' title='bbox 935 3048 993 3115; x_wconf 85' lang='grc' dir='ltr'><strong><em>ἐξ</em></strong></span> <span class='ocrx_word' id='word_1_320' title='bbox 1015 3050 1193 3103; x_wconf 80' lang='grc' dir='ltr'>αὐτῶν</span> <span class='ocrx_word' id='word_1_321' title='bbox 1223 3051 1283 3128; x_wconf 64' lang='grc' dir='ltr'><strong><em>το</em></strong></span> <span class='ocrx_word' id='word_1_322' title='bbox 1309 3052 1460 3106; x_wconf 82' lang='grc' dir='ltr'>Θεῖον</span> <span class='ocrx_word' id='word_1_323' title='bbox 1486 3055 1793 3126; x_wconf 76' lang='grc' dir='ltr'>ἀπῄτησαν,</span> <span class='ocrx_word' id='word_1_324' title='bbox 1822 3060 1989 3131; x_wconf 74' lang='grc' dir='ltr'>πηροὶ</span> 
     </span>
    </p>
   </div>
   <div class='ocr_carea' id='block_1_47' title="bbox 403 3137 2054 3259">
    <p class='ocr_par' dir='ltr' id='par_1_47' title="bbox 403 3137 2054 3259">
     <span class='ocr_line' id='line_1_47' title="bbox 403 3137 2054 3259; baseline 0.01 -70"><span class='ocrx_word' id='word_1_325' title='bbox 403 3137 465 3190; x_wconf 84' lang='grc' dir='ltr'><strong><em>τὸ</em></strong></span> <span class='ocrx_word' id='word_1_326' title='bbox 511 3139 786 3210; x_wconf 83' lang='grc' dir='ltr'>φρόνημα,</span> <span class='ocrx_word' id='word_1_327' title='bbox 818 3141 910 3194; x_wconf 81' lang='grc' dir='ltr'><strong><em>καὶ</em></strong></span> <span class='ocrx_word' id='word_1_328' title='bbox 957 3143 1148 3212; x_wconf 76' lang='grc' dir='ltr'>τυφλοὶ</span> <span class='ocrx_word' id='word_1_329' title='bbox 1180 3143 1277 3215; x_wconf 78' lang='grc' dir='ltr'>τὴν</span> <span class='ocrx_word' id='word_1_330' title='bbox 1315 3145 1543 3200; x_wconf 76' lang='grc' dir='ltr'>ἔννοιαν.</span> <span class='ocrx_word' id='word_1_331' title='bbox 1581 3150 1732 3222; x_wconf 85' lang='grc' dir='ltr'>Μηδὲ</span> <span class='ocrx_word' id='word_1_332' title='bbox 1779 3153 1843 3204; x_wconf 83' lang='grc' dir='ltr'><strong><em>ἐκ</em></strong></span> <span class='ocrx_word' id='word_1_333' title='bbox 1884 3152 1986 3221; x_wconf 78' lang='grc' dir='ltr'>τῆς</span> <span class='ocrx_word' id='word_1_334' title='bbox 2015 3203 2054 3259; x_wconf 76' lang='lat' dir='ltr'>C</span> 
     </span>
     <span class='ocr_line' id='line_1_48' title="bbox 410 3229 1954 3259; baseline 0 0"><span class='ocrx_word' id='word_1_335' title='bbox 410 3229 760 3259; x_wconf 66' lang='grc' dir='ltr'><strong><em>ιιι-.-Ωυη-ἵ..-</em></strong></span> <span class='ocrx_word' id='word_1_336' title='bbox 793 3233 899 3259; x_wconf 79' lang='grc'><strong><em>-.”’⁸...</em></strong></span> <span class='ocrx_word' id='word_1_337' title='bbox 924 3233 1138 3259; x_wconf 71' lang='lat' dir='ltr'><strong><em>\.n!..-.-.</em></strong></span> <span class='ocrx_word' id='word_1_338' title='bbox 1175 3235 1223 3259; x_wconf 68' lang='grc' dir='ltr'>ε-</span> <span class='ocrx_word' id='word_1_339' title='bbox 1240 3238 1311 3259; x_wconf 78' lang='lat'><strong><em>1.-..</em></strong></span> <span class='ocrx_word' id='word_1_340' title='bbox 1403 3238 1456 3259; x_wconf 69' lang='lat'><strong><em>__\_</em></strong></span> <span class='ocrx_word' id='word_1_341' title='bbox 1487 3258 1491 3259; x_wconf 36' lang='grc' dir='ltr'><strong><em>ν</em></strong></span> <span class='ocrx_word' id='word_1_342' title='bbox 1521 3240 1542 3259; x_wconf 66' lang='lat' dir='ltr'><strong><em>,I</em></strong></span> <span class='ocrx_word' id='word_1_343' title='bbox 1631 3243 1642 3259; x_wconf 61' lang='grc' dir='ltr'><strong><em>ε</em></strong></span> <span class='ocrx_word' id='word_1_344' title='bbox 1715 3244 1738 3259; x_wconf 69' lang='grc' dir='ltr'>ιι</span> <span class='ocrx_word' id='word_1_345' title='bbox 1943 3246 1954 3259; x_wconf 76' lang='grc' dir='ltr'><strong><em>ο</em></strong></span> 
     </span>
    </p>
   </div>
   <div class='ocr_carea' id='block_1_48' title="bbox 404 3229 1987 3314">
    <p class='ocr_par' dir='ltr' id='par_1_48' title="bbox 404 3229 1987 3314">
     <span class='ocr_line' id='line_1_49' title="bbox 404 3229 1987 3314; baseline 0.011 -33"><span class='ocrx_word' id='word_1_346' title='bbox 404 3229 760 3302; x_wconf 78' lang='grc' dir='ltr'>ἀναισθησίας</span> <span class='ocrx_word' id='word_1_347' title='bbox 792 3233 899 3286; x_wconf 82' lang='grc' dir='ltr'><strong><em>τῶν</em></strong></span> <span class='ocrx_word' id='word_1_348' title='bbox 924 3233 1139 3288; x_wconf 82' lang='grc' dir='ltr'>λιθίνων</span> <span class='ocrx_word' id='word_1_349' title='bbox 1172 3235 1373 3300; x_wconf 83' lang='grc' dir='ltr'>ξοάνων</span> <span class='ocrx_word' id='word_1_350' title='bbox 1397 3238 1493 3311; x_wconf 83' lang='grc' dir='ltr'><strong><em>τὴν</em></strong></span> <span class='ocrx_word' id='word_1_351' title='bbox 1516 3240 1691 3314; x_wconf 69' lang='grc' dir='ltr'>ψυχὴν</span> <span class='ocrx_word' id='word_1_352' title='bbox 1710 3244 1987 3298; x_wconf 88' lang='grc' dir='ltr'>δυσωπού-</span> 
     </span>
    </p>
   </div>
   <div class='ocr_carea' id='block_1_49' title="bbox 405 3323 1982 3406">
    <p class='ocr_par' dir='ltr' id='par_1_49' title="bbox 405 3323 1982 3406">
     <span class='ocr_line' id='line_1_50' title="bbox 405 3323 1982 3406; baseline 0.014 -37"><span class='ocrx_word' id='word_1_353' title='bbox 405 3333 575 3387; x_wconf 81' lang='grc' dir='ltr'>μενοι,</span> <span class='ocrx_word' id='word_1_354' title='bbox 605 3323 699 3374; x_wconf 76' lang='grc' dir='ltr'><strong><em>καὶ</em></strong></span> <span class='ocrx_word' id='word_1_355' title='bbox 731 3323 1006 3394; x_wconf 84' lang='grc' dir='ltr'>κρίνοντες</span> <span class='ocrx_word' id='word_1_356' title='bbox 1031 3327 1207 3380; x_wconf 84' lang='grc' dir='ltr'>ἐκεῖνο</span> <span class='ocrx_word' id='word_1_357' title='bbox 1248 3329 1340 3381; x_wconf 73' lang='grc' dir='ltr'><strong><em>καὶ</em></strong></span> <span class='ocrx_word' id='word_1_358' title='bbox 1369 3331 1552 3397; x_wconf 87' lang='grc' dir='ltr'>καλῶς</span> <span class='ocrx_word' id='word_1_359' title='bbox 1579 3334 1982 3406; x_wconf 79' lang='grc' dir='ltr'>δοκιμάζοντες,</span> 
     </span>
    </p>
   </div>
   <div class='ocr_carea' id='block_1_50' title="bbox 400 3405 1986 3496">
    <p class='ocr_par' dir='ltr' id='par_1_50' title="bbox 400 3405 1986 3496">
     <span class='ocr_line' id='line_1_51' title="bbox 400 3405 1986 3496; baseline 0.013 -37"><span class='ocrx_word' id='word_1_360' title='bbox 400 3405 476 3469; x_wconf 78' lang='grc' dir='ltr'>ὡς</span> <span class='ocrx_word' id='word_1_361' title='bbox 517 3407 638 3461; x_wconf 78' lang='grc' dir='ltr'>οὐδὲ</span> <span class='ocrx_word' id='word_1_362' title='bbox 669 3410 838 3481; x_wconf 78' lang='grc' dir='ltr'>τιμῆς</span> <span class='ocrx_word' id='word_1_363' title='bbox 865 3411 1142 3483; x_wconf 85' lang='grc' dir='ltr'>αἴσθησιν,</span> <span class='ocrx_word' id='word_1_364' title='bbox 1170 3415 1278 3468; x_wconf 76' lang='grc' dir='ltr'>οὐδ’</span> <span class='ocrx_word' id='word_1_365' title='bbox 1311 3412 1377 3471; x_wconf 80' lang='grc' dir='ltr'><strong><em>αὖ</em></strong></span> <span class='ocrx_word' id='word_1_366' title='bbox 1409 3419 1570 3474; x_wconf 87' lang='grc' dir='ltr'>πάλιν</span> <span class='ocrx_word' id='word_1_367' title='bbox 1605 3421 1815 3494; x_wconf 75' lang='grc' dir='ltr'>ὕϐρεως</span> <span class='ocrx_word' id='word_1_368' title='bbox 1846 3425 1986 3496; x_wconf 88' lang='grc' dir='ltr'>λαμ-</span> 
     </span>
    </p>
   </div>
   <div class='ocr_carea' id='block_1_51' title="bbox 401 3498 1984 3584">
    <p class='ocr_par' dir='ltr' id='par_1_51' title="bbox 401 3498 1984 3584">
     <span class='ocr_line' id='line_1_52' title="bbox 401 3498 1984 3584; baseline 0.014 -35"><span class='ocrx_word' id='word_1_369' title='bbox 401 3498 553 3551; x_wconf 79' lang='grc' dir='ltr'>6άνει</span> <span class='ocrx_word' id='word_1_370' title='bbox 605 3500 666 3553; x_wconf 77' lang='grc' dir='ltr'>τὸ</span> <span class='ocrx_word' id='word_1_371' title='bbox 711 3501 915 3572; x_wconf 72' lang='grc' dir='ltr'>ἄψυχον</span> <span class='ocrx_word' id='word_1_372' title='bbox 939 3521 950 3533; x_wconf 72' lang='grc' dir='ltr'><strong>ο</strong></span> <span class='ocrx_word' id='word_1_373' title='bbox 988 3505 1048 3557; x_wconf 84' lang='grc' dir='ltr'><strong><em>ού</em></strong></span> <span class='ocrx_word' id='word_1_374' title='bbox 1074 3505 1164 3558; x_wconf 85' lang='grc' dir='ltr'><strong><em>τὸν</em></strong></span> <span class='ocrx_word' id='word_1_375' title='bbox 1197 3507 1518 3576; x_wconf 74' lang='grc' dir='ltr'>εὐλογοῦντα</span> <span class='ocrx_word' id='word_1_376' title='bbox 1550 3516 1704 3584; x_wconf 81' lang='grc' dir='ltr'>τιμᾷ,</span> <span class='ocrx_word' id='word_1_377' title='bbox 1733 3516 1852 3569; x_wconf 82' lang='grc' dir='ltr'>οὐδὲ</span> <span class='ocrx_word' id='word_1_378' title='bbox 1893 3517 1984 3572; x_wconf 84' lang='grc' dir='ltr'><strong><em>τὸν</em></strong></span> 
     </span>
    </p>
   </div>
   <div class='ocr_carea' id='block_1_52' title="bbox 400 3589 1983 3668">
    <p class='ocr_par' dir='ltr' id='par_1_52' title="bbox 400 3589 1983 3668">
     <span class='ocr_line' id='line_1_53' title="bbox 400 3589 1983 3668; baseline 0.015 -28"><span class='ocrx_word' id='word_1_379' title='bbox 400 3589 804 3658; x_wconf 85' lang='grc' dir='ltr'>κακολογοῦντα</span> <span class='ocrx_word' id='word_1_380' title='bbox 831 3595 1122 3665; x_wconf 86' lang='grc' dir='ltr'>τιμωρίαις</span> <span class='ocrx_word' id='word_1_381' title='bbox 1149 3589 1433 3668; x_wconf 82' lang='grc' dir='ltr'>ἀμύνεται.</span> <span class='ocrx_word' id='word_1_382' title='bbox 1460 3600 1775 3658; x_wconf 85' lang='lat' dir='ltr'><strong><em>Simulacris</em></strong></span> <span class='ocrx_word' id='word_1_383' title='bbox 1807 3619 1983 3662; x_wconf 85' lang='lat' dir='ltr'><strong><em>autem</em></strong></span> 
     </span>
    </p>
   </div>
   <div class='ocr_carea' id='block_1_53' title="bbox 399 3681 1978 3769">
    <p class='ocr_par' dir='ltr' id='par_1_53' title="bbox 399 3681 1978 3769">
     <span class='ocr_line' id='line_1_54' title="bbox 399 3681 1978 3769; baseline 0.015 -39"><span class='ocrx_word' id='word_1_384' title='bbox 399 3693 461 3730; x_wconf 83' lang='lat' dir='ltr'><strong><em>ne</em></strong></span> <span class='ocrx_word' id='word_1_385' title='bbox 490 3681 721 3749; x_wconf 87' lang='lat' dir='ltr'><strong><em>quidem,</em></strong></span> <span class='ocrx_word' id='word_1_386' title='bbox 752 3683 798 3734; x_wconf 92' lang='lat' dir='ltr'><strong><em>si</em></strong></span> <span class='ocrx_word' id='word_1_387' title='bbox 829 3684 1032 3738; x_wconf 86' lang='lat' dir='ltr'><strong><em>vocalia</em></strong></span> <span class='ocrx_word' id='word_1_388' title='bbox 1063 3688 1194 3753; x_wconf 88' lang='lat' dir='ltr'><strong><em>sint,</em></strong></span> <span class='ocrx_word' id='word_1_389' title='bbox 1225 3707 1286 3742; x_wconf 92' lang='lat' dir='ltr'><strong><em>ac</em></strong></span> <span class='ocrx_word' id='word_1_390' title='bbox 1313 3694 1628 3748; x_wconf 89' lang='lat' dir='ltr'><strong><em>ratiocinari</em></strong></span> <span class='ocrx_word' id='word_1_391' title='bbox 1674 3697 1978 3769; x_wconf 82' lang='lat' dir='ltr'><strong><em>videantur,</em></strong></span> 
     </span>
    </p>
   </div>
   <div class='ocr_carea' id='block_1_54' title="bbox 400 3771 1980 3847">
    <p class='ocr_par' dir='ltr' id='par_1_54' title="bbox 400 3771 1980 3847">
     <span class='ocr_line' id='line_1_55' title="bbox 400 3771 1980 3847; baseline 0.015 -25"><span class='ocrx_word' id='word_1_392' title='bbox 400 3772 646 3824; x_wconf 79' lang='lat' dir='ltr'><strong><em>honorem</em></strong></span> <span class='ocrx_word' id='word_1_393' title='bbox 683 3771 849 3825; x_wconf 87' lang='lat' dir='ltr'><strong><em>ullum</em></strong></span> <span class='ocrx_word' id='word_1_394' title='bbox 881 3791 1055 3829; x_wconf 77' lang='lat' dir='ltr'><strong><em>verum</em></strong></span> <span class='ocrx_word' id='word_1_395' title='bbox 1083 3779 1451 3847; x_wconf 77' lang='lat' dir='ltr'><strong><em>deferamus...</em></strong></span> <span class='ocrx_word' id='word_1_396' title='bbox 1484 3785 1553 3837; x_wconf 85' lang='lat' dir='ltr'><strong><em>At</em></strong></span> <span class='ocrx_word' id='word_1_397' title='bbox 1587 3786 1820 3842; x_wconf 86' lang='lat' dir='ltr'><strong><em>homines</em></strong></span> <span class='ocrx_word' id='word_1_398' title='bbox 1845 3807 1980 3846; x_wconf 75' lang='lat' dir='ltr'><strong><em>vana</em></strong></span> 
     </span>
    </p>
   </div>
   <div class='ocr_carea' id='block_1_55' title="bbox 401 3860 1982 3941">
    <p class='ocr_par' dir='ltr' id='par_1_55' title="bbox 401 3860 1982 3941">
     <span class='ocr_line' id='line_1_56' title="bbox 401 3860 1982 3941; baseline 0.015 -30"><span class='ocrx_word' id='word_1_399' title='bbox 401 3860 710 3929; x_wconf 86' lang='lat' dir='ltr'><strong><em>cogitantes,</em></strong></span> <span class='ocrx_word' id='word_1_400' title='bbox 746 3861 864 3931; x_wconf 84' lang='lat' dir='ltr'><strong><em>fuso</em></strong></span> <span class='ocrx_word' id='word_1_401' title='bbox 889 3881 1017 3918; x_wconf 85' lang='lat' dir='ltr'><strong><em>auro</em></strong></span> <span class='ocrx_word' id='word_1_402' title='bbox 1040 3867 1404 3941; x_wconf 76' lang='lat' dir='ltr'><strong><em>fabricataque</em></strong></span> <span class='ocrx_word' id='word_1_403' title='bbox 1451 3889 1572 3941; x_wconf 74' lang='lat' dir='ltr'><strong><em>tere,</em></strong></span> <span class='ocrx_word' id='word_1_404' title='bbox 1609 3879 1829 3932; x_wconf 90' lang='lat' dir='ltr'><strong><em>oracula</em></strong></span> <span class='ocrx_word' id='word_1_405' title='bbox 1860 3881 1982 3935; x_wconf 86' lang='lat' dir='ltr'><strong><em>inde</em></strong></span> 
     </span>
    </p>
   </div>
   <div class='ocr_carea' id='block_1_56' title="bbox 400 3950 1977 4033">
    <p class='ocr_par' dir='ltr' id='par_1_56' title="bbox 400 3950 1977 4033">
     <span class='ocr_line' id='line_1_57' title="bbox 400 3950 1977 4033; baseline 0.014 -29"><span class='ocrx_word' id='word_1_406' title='bbox 400 3968 432 4004; x_wconf 94' lang='lat' dir='ltr'><strong><em>a</em></strong></span> <span class='ocrx_word' id='word_1_407' title='bbox 465 3950 698 4005; x_wconf 70' lang='lat' dir='ltr'><strong><em>Numine</em></strong></span> <span class='ocrx_word' id='word_1_408' title='bbox 735 3967 1102 4024; x_wconf 80' lang='lat' dir='ltr'><strong><em>poposcerunt,</em></strong></span> <span class='ocrx_word' id='word_1_409' title='bbox 1136 3976 1289 4014; x_wconf 85' lang='lat' dir='ltr'><strong><em>sensu</em></strong></span> <span class='ocrx_word' id='word_1_410' title='bbox 1326 3965 1519 4033; x_wconf 87' lang='lat' dir='ltr'><strong><em>orbati,</em></strong></span> <span class='ocrx_word' id='word_1_411' title='bbox 1550 3979 1600 4020; x_wconf 89' lang='lat' dir='ltr'><strong><em>et</em></strong></span> <span class='ocrx_word' id='word_1_412' title='bbox 1635 3979 1857 4024; x_wconf 86' lang='lat' dir='ltr'><strong><em>mentem</em></strong></span> <span class='ocrx_word' id='word_1_413' title='bbox 1889 3988 1977 4025; x_wconf 88' lang='lat' dir='ltr'><strong><em>oc-</em></strong></span> 
     </span>
    </p>
   </div>
   <div class='ocr_carea' id='block_1_57' title="bbox 397 4044 1977 4123">
    <p class='ocr_par' dir='ltr' id='par_1_57' title="bbox 397 4044 1977 4123">
     <span class='ocr_line' id='line_1_58' title="bbox 397 4044 1977 4123; baseline 0.013 -27"><span class='ocrx_word' id='word_1_414' title='bbox 397 4045 600 4098; x_wconf 67' lang='lat' dir='ltr'><strong><em>caecati.</em></strong></span> <span class='ocrx_word' id='word_1_415' title='bbox 648 4044 759 4099; x_wconf 86' lang='lat' dir='ltr'><strong><em>Nec</em></strong></span> <span class='ocrx_word' id='word_1_416' title='bbox 784 4047 894 4116; x_wconf 88' lang='lat' dir='ltr'><strong><em>ipse</em></strong></span> <span class='ocrx_word' id='word_1_417' title='bbox 915 4050 1127 4104; x_wconf 74' lang='lat' dir='ltr'><strong><em>quidem</em></strong></span> <span class='ocrx_word' id='word_1_418' title='bbox 1163 4052 1490 4123; x_wconf 86' lang='lat' dir='ltr'><strong><em>lapidearum</em></strong></span> <span class='ocrx_word' id='word_1_419' title='bbox 1519 4067 1820 4115; x_wconf 89' lang='lat' dir='ltr'><strong><em>statuarum</em></strong></span> <span class='ocrx_word' id='word_1_420' title='bbox 1861 4073 1977 4117; x_wconf 88' lang='lat' dir='ltr'><strong><em>stu-</em></strong></span> 
     </span>
    </p>
   </div>
   <div class='ocr_carea' id='block_1_58' title="bbox 395 4141 1978 4225">
    <p class='ocr_par' dir='ltr' id='par_1_58' title="bbox 395 4141 1978 4225">
     <span class='ocr_line' id='line_1_59' title="bbox 395 4141 1978 4225; baseline 0.016 -38"><span class='ocrx_word' id='word_1_421' title='bbox 395 4153 491 4203; x_wconf 87' lang='lat' dir='ltr'><strong><em>por</em></strong></span> <span class='ocrx_word' id='word_1_422' title='bbox 523 4155 703 4191; x_wconf 87' lang='lat' dir='ltr'><strong><em>eorum</em></strong></span> <span class='ocrx_word' id='word_1_423' title='bbox 733 4141 925 4194; x_wconf 87' lang='lat' dir='ltr'><strong><em>animis</em></strong></span> <span class='ocrx_word' id='word_1_424' title='bbox 954 4143 1204 4208; x_wconf 87' lang='lat' dir='ltr'><strong><em>pudorem</em></strong></span> <span class='ocrx_word' id='word_1_425' title='bbox 1235 4147 1453 4213; x_wconf 86' lang='lat' dir='ltr'><strong><em>attulit;</em></strong></span> <span class='ocrx_word' id='word_1_426' title='bbox 1483 4168 1573 4206; x_wconf 90' lang='lat' dir='ltr'><strong><em>nec</em></strong></span> <span class='ocrx_word' id='word_1_427' title='bbox 1610 4152 1745 4208; x_wconf 88' lang='lat' dir='ltr'><strong><em>illud</em></strong></span> <span class='ocrx_word' id='word_1_428' title='bbox 1766 4156 1978 4225; x_wconf 82' lang='lat' dir='ltr'><strong><em>judica-</em></strong></span> 
     </span>
    </p>
   </div>
   <div class='ocr_carea' id='block_1_59' title="bbox 397 4229 1976 4312">
    <p class='ocr_par' dir='ltr' id='par_1_59' title="bbox 397 4229 1976 4312">
     <span class='ocr_line' id='line_1_60' title="bbox 397 4229 1976 4312; baseline 0.014 -35"><span class='ocrx_word' id='word_1_429' title='bbox 397 4237 520 4279; x_wconf 90' lang='lat' dir='ltr'><strong><em>runt</em></strong></span> <span class='ocrx_word' id='word_1_430' title='bbox 559 4237 752 4281; x_wconf 81' lang='lat' dir='ltr'><strong><em>recteve</em></strong></span> <span class='ocrx_word' id='word_1_431' title='bbox 783 4229 1147 4298; x_wconf 80' lang='lat' dir='ltr'><strong><em>observarunt,</em></strong></span> <span class='ocrx_word' id='word_1_432' title='bbox 1175 4251 1293 4304; x_wconf 68' lang='lat' dir='ltr'><strong><em>quae</em></strong></span> <span class='ocrx_word' id='word_1_433' title='bbox 1323 4254 1403 4291; x_wconf 88' lang='lat' dir='ltr'><strong><em>res</em></strong></span> <span class='ocrx_word' id='word_1_434' title='bbox 1428 4239 1722 4296; x_wconf 89' lang='lat' dir='ltr'><strong><em>inanimata</em></strong></span> <span class='ocrx_word' id='word_1_435' title='bbox 1743 4253 1976 4312; x_wconf 90' lang='lat' dir='ltr'><strong><em>est,eam</em></strong></span> 
     </span>
    </p>
   </div>
   <div class='ocr_carea' id='block_1_60' title="bbox 394 4318 1975 4408">
    <p class='ocr_par' dir='ltr' id='par_1_60' title="bbox 394 4318 1975 4408">
     <span class='ocr_line' id='line_1_61' title="bbox 394 4318 1975 4408; baseline 0.015 -40"><span class='ocrx_word' id='word_1_436' title='bbox 394 4332 488 4369; x_wconf 85' lang='lat' dir='ltr'><strong><em>nec</em></strong></span> <span class='ocrx_word' id='word_1_437' title='bbox 524 4318 760 4385; x_wconf 83' lang='lat' dir='ltr'><strong><em>honoris,</em></strong></span> <span class='ocrx_word' id='word_1_438' title='bbox 791 4337 882 4374; x_wconf 88' lang='lat' dir='ltr'><strong><em>nec</em></strong></span> <span class='ocrx_word' id='word_1_439' title='bbox 905 4325 1236 4379; x_wconf 78' lang='lat' dir='ltr'><strong><em>contumelia:</em></strong></span> <span class='ocrx_word' id='word_1_440' title='bbox 1271 4345 1478 4383; x_wconf 85' lang='lat' dir='ltr'><strong><em>sensum</em></strong></span> <span class='ocrx_word' id='word_1_441' title='bbox 1503 4333 1671 4387; x_wconf 89' lang='lat' dir='ltr'><strong><em>ullum</em></strong></span> <span class='ocrx_word' id='word_1_442' title='bbox 1697 4339 1930 4408; x_wconf 89' lang='lat' dir='ltr'><strong><em>accipere</em></strong></span> <span class='ocrx_word' id='word_1_443' title='bbox 1957 4355 1975 4392; x_wconf 92' lang='lat'><strong><em>:</em></strong></span> 
     </span>
    </p>
   </div>
   <div class='ocr_carea' id='block_1_61' title="bbox 392 4408 1977 4483">
    <p class='ocr_par' dir='ltr' id='par_1_61' title="bbox 392 4408 1977 4483">
     <span class='ocr_line' id='line_1_62' title="bbox 392 4408 1977 4483; baseline 0.015 -23"><span class='ocrx_word' id='word_1_444' title='bbox 392 4408 776 4464; x_wconf 89' lang='lat' dir='ltr'><strong><em>benedicentem</em></strong></span> <span class='ocrx_word' id='word_1_445' title='bbox 806 4428 909 4465; x_wconf 88' lang='lat' dir='ltr'><strong><em>non</em></strong></span> <span class='ocrx_word' id='word_1_446' title='bbox 941 4413 1186 4479; x_wconf 80' lang='lat' dir='ltr'><strong><em>honorat,</em></strong></span> <span class='ocrx_word' id='word_1_447' title='bbox 1217 4419 1611 4477; x_wconf 87' lang='lat' dir='ltr'><strong><em>maledicentem</em></strong></span> <span class='ocrx_word' id='word_1_448' title='bbox 1635 4441 1738 4480; x_wconf 90' lang='lat' dir='ltr'><strong><em>non</em></strong></span> <span class='ocrx_word' id='word_1_449' title='bbox 1761 4429 1948 4483; x_wconf 85' lang='lat' dir='ltr'><strong><em>ulcisci</em></strong></span> <span class='ocrx_word' id='word_1_450' title='bbox 1959 4460 1977 4471; x_wconf 89' lang='lat'><strong>-</strong></span> 
     </span>
    </p>
   </div>
   <div class='ocr_carea' id='block_1_62' title="bbox 394 4498 1972 4584">
    <p class='ocr_par' dir='ltr' id='par_1_62' title="bbox 394 4498 1972 4584">
     <span class='ocr_line' id='line_1_63' title="bbox 394 4498 1972 4584; baseline 0.016 -33"><span class='ocrx_word' id='word_1_451' title='bbox 394 4507 502 4554; x_wconf 90' lang='lat' dir='ltr'><strong><em>tur.</em></strong></span> <span class='ocrx_word' id='word_1_452' title='bbox 541 4498 798 4566; x_wconf 88' lang='lat' dir='ltr'><strong><em>Quinimo</em></strong></span> <span class='ocrx_word' id='word_1_453' title='bbox 819 4502 1130 4560; x_wconf 88' lang='lat' dir='ltr'><strong><em>istiusmodi</em></strong></span> <span class='ocrx_word' id='word_1_454' title='bbox 1156 4508 1523 4577; x_wconf 88' lang='lat' dir='ltr'><strong><em>idololatram,</em></strong></span> <span class='ocrx_word' id='word_1_455' title='bbox 1548 4516 1640 4584; x_wconf 92' lang='lat' dir='ltr'><strong><em>qui</em></strong></span> <span class='ocrx_word' id='word_1_456' title='bbox 1665 4518 1972 4576; x_wconf 82' lang='lat' dir='ltr'><strong><em>simulacris</em></strong></span> 
     </span>
    </p>
   </div>
   <div class='ocr_carea' id='block_1_63' title="bbox 391 4592 1972 4682">
    <p class='ocr_par' dir='ltr' id='par_1_63' title="bbox 391 4592 1972 4682">
     <span class='ocr_line' id='line_1_64' title="bbox 391 4592 1972 4682; baseline 0.013 -36"><span class='ocrx_word' id='word_1_457' title='bbox 391 4592 616 4647; x_wconf 91' lang='lat' dir='ltr'><strong><em>deorum</em></strong></span> <span class='ocrx_word' id='word_1_458' title='bbox 649 4593 858 4648; x_wconf 89' lang='lat' dir='ltr'><strong><em>cultum</em></strong></span> <span class='ocrx_word' id='word_1_459' title='bbox 892 4605 1132 4665; x_wconf 69' lang='lat' dir='ltr'><strong><em>praestat,</em></strong></span> <span class='ocrx_word' id='word_1_460' title='bbox 1169 4602 1424 4671; x_wconf 78' lang='lat' dir='ltr'><strong><em>graphice</em></strong></span> <span class='ocrx_word' id='word_1_461' title='bbox 1458 4606 1750 4662; x_wconf 87' lang='lat' dir='ltr'><strong><em>admodum</em></strong></span> <span class='ocrx_word' id='word_1_462' title='bbox 1785 4611 1972 4682; x_wconf 91' lang='lat' dir='ltr'><strong><em>depin-</em></strong></span> 
     </span>
    </p>
   </div>
   <div class='ocr_carea' id='block_1_64' title="bbox 391 4684 1971 4773">
    <p class='ocr_par' dir='ltr' id='par_1_64' title="bbox 391 4684 1971 4773">
     <span class='ocr_line' id='line_1_65' title="bbox 391 4684 1971 4773; baseline 0.014 -38"><span class='ocrx_word' id='word_1_463' title='bbox 391 4684 468 4754; x_wconf 80' lang='lat' dir='ltr'><strong><em>git</em></strong></span> <span class='ocrx_word' id='word_1_464' title='bbox 500 4686 852 4754; x_wconf 77' lang='lat' dir='ltr'><strong><em>sequentibus</em></strong></span> <span class='ocrx_word' id='word_1_465' title='bbox 883 4689 1058 4746; x_wconf 81' lang='lat' dir='ltr'><strong><em>verbis</em></strong></span> <span class='ocrx_word' id='word_1_466' title='bbox 1087 4689 1374 4762; x_wconf 80' lang='lat' dir='ltr'><strong><em>fragmenti</em></strong></span> <span class='ocrx_word' id='word_1_467' title='bbox 1408 4697 1452 4752; x_wconf 70' lang='grc' dir='ltr'><strong><em>ν</em></strong></span> <span class='ocrx_word' id='word_1_468' title='bbox 1485 4716 1498 4752; x_wconf 86' lang='lat'><strong>:</strong></span> <span class='ocrx_word' id='word_1_469' title='bbox 1536 4699 1612 4772; x_wconf 81' lang='grc' dir='ltr'>Τῇ</span> <span class='ocrx_word' id='word_1_470' title='bbox 1649 4704 1776 4773; x_wconf 82' lang='grc' dir='ltr'>σκιᾷ</span> <span class='ocrx_word' id='word_1_471' title='bbox 1804 4703 1971 4773; x_wconf 84' lang='grc' dir='ltr'>φθέγ-</span> 
     </span>
    </p>
   </div>
   <div class='ocr_carea' id='block_1_65' title="bbox 388 4777 1972 4862">
    <p class='ocr_par' dir='ltr' id='par_1_65' title="bbox 388 4777 1972 4862">
     <span class='ocr_line' id='line_1_66' title="bbox 388 4777 1972 4862; baseline 0.013 -35"><span class='ocrx_word' id='word_1_472' title='bbox 388 4793 562 4844; x_wconf 89' lang='grc' dir='ltr'>γεται,</span> <span class='ocrx_word' id='word_1_473' title='bbox 592 4778 686 4830; x_wconf 77' lang='grc' dir='ltr'><strong><em>καὶ</em></strong></span> <span class='ocrx_word' id='word_1_474' title='bbox 726 4777 804 4848; x_wconf 80' lang='grc' dir='ltr'><strong><em>τῷ</em></strong></span> <span class='ocrx_word' id='word_1_475' title='bbox 852 4780 1096 4852; x_wconf 87' lang='grc' dir='ltr'>φάσματι</span> <span class='ocrx_word' id='word_1_476' title='bbox 1130 4785 1410 4857; x_wconf 82' lang='grc' dir='ltr'>τέρπεται,</span> <span class='ocrx_word' id='word_1_477' title='bbox 1442 4790 1670 4862; x_wconf 78' lang='grc' dir='ltr'>ἀψύχοις</span> <span class='ocrx_word' id='word_1_478' title='bbox 1705 4792 1857 4858; x_wconf 79' lang='grc' dir='ltr'>ὕλαις</span> <span class='ocrx_word' id='word_1_479' title='bbox 1898 4796 1972 4861; x_wconf 82' lang='grc' dir='ltr'>ὡς</span> 
     </span>
    </p>
   </div>
   <div class='ocr_carea' id='block_1_66' title="bbox 387 4866 1969 4954">
    <p class='ocr_par' dir='ltr' id='par_1_66' title="bbox 387 4866 1969 4954">
     <span class='ocr_line' id='line_1_67' title="bbox 387 4866 1969 4954; baseline 0.014 -36"><span class='ocrx_word' id='word_1_480' title='bbox 387 4866 652 4937; x_wconf 69' lang='grc' dir='ltr'>ἐμψύχοις</span> <span class='ocrx_word' id='word_1_481' title='bbox 676 4870 956 4940; x_wconf 81' lang='grc' dir='ltr'>ὲνομιλῶν,</span> <span class='ocrx_word' id='word_1_482' title='bbox 988 4875 1197 4947; x_wconf 82' lang='grc' dir='ltr'>νεκρῶν</span> <span class='ocrx_word' id='word_1_483' title='bbox 1229 4884 1592 4953; x_wconf 77' lang='grc' dir='ltr'>χαρακτήρων</span> <span class='ocrx_word' id='word_1_484' title='bbox 1619 4884 1803 4954; x_wconf 63' lang='grc' dir='ltr'>ὄψεσιν</span> <span class='ocrx_word' id='word_1_485' title='bbox 1831 4887 1969 4940; x_wconf 75' lang='grc' dir='ltr'>εὐω-</span> 
     </span>
    </p>
   </div>
   <div class='ocr_carea' id='block_1_67' title="bbox 388 4957 1964 5046">
    <p class='ocr_par' dir='ltr' id='par_1_67' title="bbox 388 4957 1964 5046">
     <span class='ocr_line' id='line_1_68' title="bbox 388 4957 1964 5046; baseline 0.016 -38"><span class='ocrx_word' id='word_1_486' title='bbox 388 4957 670 5028; x_wconf 81' lang='grc' dir='ltr'>χούμενος,</span> <span class='ocrx_word' id='word_1_487' title='bbox 714 4960 913 5033; x_wconf 83' lang='grc' dir='ltr'>ἀφώνῳ</span> <span class='ocrx_word' id='word_1_488' title='bbox 947 4965 1222 5038; x_wconf 86' lang='grc' dir='ltr'>πλάσματι</span> <span class='ocrx_word' id='word_1_489' title='bbox 1250 4973 1540 5042; x_wconf 88' lang='grc' dir='ltr'>προσάγων</span> <span class='ocrx_word' id='word_1_490' title='bbox 1565 4975 1662 5046; x_wconf 82' lang='grc' dir='ltr'>τὴν</span> <span class='ocrx_word' id='word_1_491' title='bbox 1692 4976 1927 5045; x_wconf 80' lang='grc' dir='ltr'>ἔντευξιν</span> <span class='ocrx_word' id='word_1_492' title='bbox 1951 4998 1964 5010; x_wconf 86' lang='grc'><strong>·</strong></span> 
     </span>
    </p>
   </div>
   <div class='ocr_carea' id='block_1_68' title="bbox 388 5048 1968 5143">
    <p class='ocr_par' dir='ltr' id='par_1_68' title="bbox 388 5048 1968 5143">
     <span class='ocr_line' id='line_1_69' title="bbox 388 5048 1968 5143; baseline 0.016 -44"><span class='ocrx_word' id='word_1_493' title='bbox 388 5048 520 5120; x_wconf 85' lang='grc' dir='ltr'>λίθῳ</span> <span class='ocrx_word' id='word_1_494' title='bbox 548 5051 642 5103; x_wconf 68' lang='grc' dir='ltr'>καὶ</span> <span class='ocrx_word' id='word_1_495' title='bbox 669 5050 809 5123; x_wconf 84' lang='grc' dir='ltr'>ξύλῳ</span> <span class='ocrx_word' id='word_1_496' title='bbox 837 5055 1097 5123; x_wconf 75' lang='grc' dir='ltr'>φωλεύειν</span> <span class='ocrx_word' id='word_1_497' title='bbox 1130 5061 1192 5113; x_wconf 85' lang='grc' dir='ltr'><strong><em>τὸ</em></strong></span> <span class='ocrx_word' id='word_1_498' title='bbox 1232 5062 1384 5118; x_wconf 87' lang='grc' dir='ltr'>Θεῖον</span> <span class='ocrx_word' id='word_1_499' title='bbox 1428 5066 1755 5138; x_wconf 84' lang='grc' dir='ltr'>νομοθετῶν,</span> <span class='ocrx_word' id='word_1_500' title='bbox 1782 5071 1968 5143; x_wconf 82' lang='grc' dir='ltr'>χαλκῷ</span> 
     </span>
    </p>
   </div>
   <div class='ocr_carea' id='block_1_69' title="bbox 311 5141 1970 5230">
    <p class='ocr_par' dir='ltr' id='par_1_69' title="bbox 311 5141 1970 5230">
     <span class='ocr_line' id='line_1_70' title="bbox 311 5141 1970 5230; baseline 0.016 -39"><span class='ocrx_word' id='word_1_501' title='bbox 311 5205 314 5208; x_wconf 25' lang='grc'><strong><em>,</em></strong></span> <span class='ocrx_word' id='word_1_502' title='bbox 389 5141 482 5193; x_wconf 77' lang='grc' dir='ltr'>καὶ</span> <span class='ocrx_word' id='word_1_503' title='bbox 519 5142 718 5215; x_wconf 84' lang='grc' dir='ltr'>σιδήρῳ</span> <span class='ocrx_word' id='word_1_504' title='bbox 747 5149 1062 5216; x_wconf 84' lang='grc' dir='ltr'>κρατεῖσθαι</span> <span class='ocrx_word' id='word_1_505' title='bbox 1087 5152 1185 5222; x_wconf 80' lang='grc' dir='ltr'><strong><em>τὴν</em></strong></span> <span class='ocrx_word' id='word_1_506' title='bbox 1209 5155 1519 5228; x_wconf 85' lang='grc' dir='ltr'>ἀκράτητον</span> <span class='ocrx_word' id='word_1_507' title='bbox 1552 5158 1686 5230; x_wconf 79' lang='grc' dir='ltr'>ὓλην</span> <span class='ocrx_word' id='word_1_508' title='bbox 1715 5141 1970 5229; x_wconf 76' lang='grc' dir='ltr'>φανταζό-</span> 
     </span>
    </p>
   </div>
   <div class='ocr_carea' id='block_1_70' title="bbox 391 5231 1967 5324">
    <p class='ocr_par' dir='ltr' id='par_1_70' title="bbox 391 5231 1967 5324">
     <span class='ocr_line' id='line_1_71' title="bbox 391 5231 1967 5324; baseline 0.016 -43"><span class='ocrx_word' id='word_1_509' title='bbox 391 5248 575 5300; x_wconf 75' lang='grc' dir='ltr'>μενος-⁸</span> <span class='ocrx_word' id='word_1_510' title='bbox 621 5231 795 5324; x_wconf 73' lang='grc' dir='ltr'>θηρᾷν</span> <span class='ocrx_word' id='word_1_511' title='bbox 837 5237 895 5289; x_wconf 82' lang='grc' dir='ltr'><strong><em>τὸ</em></strong></span> <span class='ocrx_word' id='word_1_512' title='bbox 930 5237 1153 5294; x_wconf 85' lang='grc' dir='ltr'>ἀθέατον</span> <span class='ocrx_word' id='word_1_513' title='bbox 1199 5245 1257 5296; x_wconf 89' lang='grc' dir='ltr'><strong><em>ἐν</em></strong></span> <span class='ocrx_word' id='word_1_514' title='bbox 1298 5245 1500 5320; x_wconf 68' lang='grc' dir='ltr'>θεωρίᾳ.</span> <span class='ocrx_word' id='word_1_515' title='bbox 1544 5253 1714 5324; x_wconf 77' lang='grc' dir='ltr'>νεκρᾷ</span> <span class='ocrx_word' id='word_1_516' title='bbox 1756 5254 1967 5324; x_wconf 88' lang='grc' dir='ltr'>ἀλόγως</span> 
     </span>
    </p>
   </div>
   <div class='ocr_carea' id='block_1_71' title="bbox 386 5323 1963 5416">
    <p class='ocr_par' dir='ltr' id='par_1_71' title="bbox 386 5323 1963 5416">
     <span class='ocr_line' id='line_1_72' title="bbox 386 5323 1963 5416; baseline 0.016 -41"><span class='ocrx_word' id='word_1_517' title='bbox 386 5323 688 5378; x_wconf 80' lang='grc' dir='ltr'>ύττοτοπὼν.</span> <span class='ocrx_word' id='word_1_518' title='bbox 713 5325 965 5382; x_wconf 89' lang='lat' dir='ltr'><strong><em>Umbram</em></strong></span> <span class='ocrx_word' id='word_1_519' title='bbox 997 5333 1291 5405; x_wconf 88' lang='lat' dir='ltr'><strong><em>alloquens,</em></strong></span> <span class='ocrx_word' id='word_1_520' title='bbox 1319 5356 1380 5392; x_wconf 90' lang='lat' dir='ltr'><strong><em>ac</em></strong></span> <span class='ocrx_word' id='word_1_521' title='bbox 1398 5343 1684 5398; x_wconf 86' lang='lat' dir='ltr'><strong><em>simulacro</em></strong></span> <span class='ocrx_word' id='word_1_522' title='bbox 1707 5348 1963 5416; x_wconf 87' lang='lat' dir='ltr'><strong><em>gaudens,</em></strong></span> 
     </span>
    </p>
   </div>
   <div class='ocr_carea' id='block_1_72' title="bbox 382 5418 1965 5494">
    <p class='ocr_par' dir='ltr' id='par_1_72' title="bbox 382 5418 1965 5494">
     <span class='ocr_line' id='line_1_73' title="bbox 382 5418 1965 5494; baseline 0.016 -27"><span class='ocrx_word' id='word_1_523' title='bbox 382 5433 503 5468; x_wconf 88' lang='lat' dir='ltr'><strong><em>cum</em></strong></span> <span class='ocrx_word' id='word_1_524' title='bbox 534 5418 845 5474; x_wconf 84' lang='lat' dir='ltr'><strong><em>inanimatis</em></strong></span> <span class='ocrx_word' id='word_1_525' title='bbox 877 5425 1181 5494; x_wconf 81' lang='lat' dir='ltr'><strong><em>corporibus</em></strong></span> <span class='ocrx_word' id='word_1_526' title='bbox 1230 5431 1385 5484; x_wconf 80' lang='lat' dir='ltr'><strong><em>veluti</em></strong></span> <span class='ocrx_word' id='word_1_527' title='bbox 1412 5450 1530 5487; x_wconf 89' lang='lat' dir='ltr'><strong><em>cum</em></strong></span> <span class='ocrx_word' id='word_1_528' title='bbox 1559 5438 1810 5492; x_wconf 87' lang='lat' dir='ltr'><strong><em>animatis</em></strong></span> <span class='ocrx_word' id='word_1_529' title='bbox 1841 5457 1965 5493; x_wconf 86' lang='lat' dir='ltr'><strong><em>con-</em></strong></span> 
     </span>
    </p>
   </div>
   <div class='ocr_carea' id='block_1_73' title="bbox 455 5571 1956 5660">
    <p class='ocr_par' dir='ltr' id='par_1_73' title="bbox 455 5571 1956 5660">
     <span class='ocr_line' id='line_1_74' title="bbox 455 5571 1956 5660; baseline 0.015 -34"><span class='ocrx_word' id='word_1_530' title='bbox 686 5574 940 5660; x_wconf 41' lang='lat' dir='ltr'><strong><em>S_tobtteus</em></strong></span> <span class='ocrx_word' id='word_1_531' title='bbox 990 5579 1082 5660; x_wconf 77' lang='lat' dir='ltr'><strong><em>lib.</em></strong></span> <span class='ocrx_word' id='word_1_532' title='bbox 1113 5601 1176 5660; x_wconf 84' lang='lat'><strong><em>_|_</em></strong></span> <span class='ocrx_word' id='word_1_533' title='bbox 1211 5584 1540 5660; x_wconf 34' lang='lat' dir='ltr'><strong><em>‘Eclogarum</em></strong></span> <span class='ocrx_word' id='word_1_534' title='bbox 1593 5591 1956 5660; x_wconf 78' lang='lat' dir='ltr'><strong><em>physicorum.</em></strong></span> 
     </span>
    </p>
   </div>
   <div class='ocr_carea' id='block_1_74' title="bbox 383 5644 1960 5733">
    <p class='ocr_par' dir='ltr' id='par_1_74' title="bbox 383 5644 1960 5733">
     <span class='ocr_line' id='line_1_75' title="bbox 383 5644 1960 5733; baseline 0.014 -38"><span class='ocrx_word' id='word_1_535' title='bbox 650 5648 782 5733; x_wconf 75' lang='lat' dir='ltr'><strong><em>edit.</em></strong></span> <span class='ocrx_word' id='word_1_536' title='bbox 813 5649 1027 5733; x_wconf 52' lang='lat' dir='ltr'><strong><em>genteri</em></strong></span> <span class='ocrx_word' id='word_1_537' title='bbox 1067 5671 1080 5706; x_wconf 85' lang='lat'><strong>:</strong></span> <span class='ocrx_word' id='word_1_538' title='bbox 1113 5655 1337 5733; x_wconf 71' lang='grc' dir='ltr'>Πλάτων</span> <span class='ocrx_word' id='word_1_539' title='bbox 1353 5644 1467 5733; x_wconf 46' lang='grc' dir='ltr'>υτον</span> <span class='ocrx_word' id='word_1_540' title='bbox 1516 5644 1711 5733; x_wconf 68' lang='grc' dir='ltr'>όρᾶτξίν</span> 
     </span>
    </p>
   </div>
   <div class='ocr_carea' id='block_1_75' title="bbox 381 5715 1959 5804">
    <p class='ocr_par' dir='ltr' id='par_1_75' title="bbox 381 5715 1959 5804">
     <span class='ocr_line' id='line_1_76' title="bbox 381 5715 1959 5804; baseline 0.015 -41"><span class='ocrx_word' id='word_1_541' title='bbox 381 5715 672 5804; x_wconf 56' lang='grc' dir='ltr'>γεγονέναι</span> <span class='ocrx_word' id='word_1_542' title='bbox 701 5719 1053 5804; x_wconf 67' lang='grc' dir='ltr'>παράδειγμα</span> <span class='ocrx_word' id='word_1_543' title='bbox 1099 5725 1191 5778; x_wconf 87' lang='grc' dir='ltr'><strong><em>τοῦ</em></strong></span> <span class='ocrx_word' id='word_1_544' title='bbox 1248 5727 1442 5804; x_wconf 71' lang='grc' dir='ltr'>νοητοῦ</span> <span class='ocrx_word' id='word_1_545' title='bbox 1474 5715 1805 5804; x_wconf 16' lang='grc' dir='ltr'>κόσμουῇὲξ</span> <span class='ocrx_word' id='word_1_546' title='bbox 1828 5715 1959 5804; x_wconf 56' lang='grc' dir='ltr'>ὁραὲ</span> 
     </span>
    </p>
   </div>
   <div class='ocr_carea' id='block_1_76' title="bbox 379 5782 1956 5872">
    <p class='ocr_par' dir='ltr' id='par_1_76' title="bbox 379 5782 1956 5872">
     <span class='ocr_line' id='line_1_77' title="bbox 379 5782 1956 5872; baseline 0.013 -36"><span class='ocrx_word' id='word_1_547' title='bbox 379 5782 490 5836; x_wconf 84' lang='grc' dir='ltr'>τοῦ.</span> <span class='ocrx_word' id='word_1_548' title='bbox 521 5782 679 5840; x_wconf 86' lang='lat' dir='ltr'><strong><em>Plato</em></strong></span> <span class='ocrx_word' id='word_1_549' title='bbox 730 5782 987 5843; x_wconf 72' lang='lat' dir='ltr'><strong><em>mandaui</em></strong></span> <span class='ocrx_word' id='word_1_550' title='bbox 1027 5782 1396 5863; x_wconf 79' lang='lat' dir='ltr'><strong><em>aspectabilém</em></strong></span> <span class='ocrx_word' id='word_1_551' title='bbox 1423 5782 1530 5872; x_wconf 13' lang='lat' dir='ltr'><strong><em>.adi</em></strong></span> <span class='ocrx_word' id='word_1_552' title='bbox 1554 5782 1956 5858; x_wconf 54' lang='lat' dir='ltr'><strong><em>similitudinem</em></strong></span> 
     </span>
    </p>
   </div>
   <div class='ocr_carea' id='block_1_77' title="bbox 2099 1945 3688 2022">
    <p class='ocr_par' dir='ltr' id='par_1_77' title="bbox 2099 1945 3688 2022">
     <span class='ocr_line' id='line_1_78' title="bbox 2099 1945 3688 2022; baseline 0.003 -17"><span class='ocrx_word' id='word_1_553' title='bbox 2099 1968 2215 2005; x_wconf 88' lang='lat' dir='ltr'><strong><em>rum</em></strong></span> <span class='ocrx_word' id='word_1_554' title='bbox 2243 1953 2518 2022; x_wconf 87' lang='lat' dir='ltr'><strong><em>pulchrum</em></strong></span> <span class='ocrx_word' id='word_1_555' title='bbox 2537 1952 2883 2006; x_wconf 88' lang='lat' dir='ltr'><strong><em>sintalacrum</em></strong></span> <span class='ocrx_word' id='word_1_556' title='bbox 2907 1954 3097 2006; x_wconf 85' lang='lat' dir='ltr'><strong><em>moveri</em></strong></span> <span class='ocrx_word' id='word_1_557' title='bbox 3117 1964 3164 2007; x_wconf 90' lang='lat' dir='ltr'><strong><em>et</em></strong></span> <span class='ocrx_word' id='word_1_558' title='bbox 3187 1945 3362 2009; x_wconf 72' lang='lat' dir='ltr'><strong><em>virere</em></strong></span> <span class='ocrx_word' id='word_1_559' title='bbox 3385 1954 3557 2009; x_wconf 87' lang='lat' dir='ltr'><strong><em>Pater</em></strong></span> <span class='ocrx_word' id='word_1_560' title='bbox 3579 1957 3688 2022; x_wconf 81' lang='lat' dir='ltr'><strong><em>ille,</em></strong></span> 
     </span>
    </p>
   </div>
   <div class='ocr_carea' id='block_1_78' title="bbox 2096 2044 3688 2115">
    <p class='ocr_par' dir='ltr' id='par_1_78' title="bbox 2096 2044 3688 2115">
     <span class='ocr_line' id='line_1_79' title="bbox 2096 2044 3688 2115; baseline 0.003 -19"><span class='ocrx_word' id='word_1_561' title='bbox 2096 2045 2186 2115; x_wconf 83' lang='lat' dir='ltr'><strong><em>qui</em></strong></span> <span class='ocrx_word' id='word_1_562' title='bbox 2209 2045 2407 2114; x_wconf 86' lang='lat' dir='ltr'><strong><em>genuit,</em></strong></span> <span class='ocrx_word' id='word_1_563' title='bbox 2434 2045 2895 2108; x_wconf 87' lang='lat' dir='ltr'><strong><em>animadverteret,</em></strong></span> <span class='ocrx_word' id='word_1_564' title='bbox 2922 2044 3213 2098; x_wconf 86' lang='lat' dir='ltr'><strong><em>delectatus</em></strong></span> <span class='ocrx_word' id='word_1_565' title='bbox 3236 2054 3314 2098; x_wconf 89' lang='lat' dir='ltr'><strong><em>est</em></strong></span> <span class='ocrx_word' id='word_1_566' title='bbox 3338 2062 3521 2115; x_wconf 85' lang='lat' dir='ltr'><strong><em>opere.</em></strong></span> <span class='ocrx_word' id='word_1_567' title='bbox 3550 2046 3688 2101; x_wconf 83' lang='lat' dir='ltr'><strong><em>Huic</em></strong></span> 
     </span>
    </p>
   </div>
   <div class='ocr_carea' id='block_1_79' title="bbox 2097 2135 3687 2208">
    <p class='ocr_par' dir='ltr' id='par_1_79' title="bbox 2097 2135 3687 2208">
     <span class='ocr_line' id='line_1_80' title="bbox 2097 2135 3687 2208; baseline 0.002 -18"><span class='ocrx_word' id='word_1_568' title='bbox 2097 2145 2277 2190; x_wconf 87' lang='lat' dir='ltr'><strong><em>autem</em></strong></span> <span class='ocrx_word' id='word_1_569' title='bbox 2320 2137 2524 2190; x_wconf 89' lang='lat' dir='ltr'><strong><em>mundo</em></strong></span> <span class='ocrx_word' id='word_1_570' title='bbox 2580 2135 2780 2190; x_wconf 89' lang='lat' dir='ltr'><strong><em>visibili</em></strong></span> <span class='ocrx_word' id='word_1_571' title='bbox 2810 2145 2864 2190; x_wconf 92' lang='lat' dir='ltr'><strong><em>et</em></strong></span> <span class='ocrx_word' id='word_1_572' title='bbox 2895 2137 3126 2191; x_wconf 88' lang='lat' dir='ltr'><strong><em>visibilia</em></strong></span> <span class='ocrx_word' id='word_1_573' title='bbox 3169 2140 3687 2208; x_wconf 84' lang='lat' dir='ltr'><strong><em>comprehendenti,</em></strong></span> 
     </span>
    </p>
   </div>
   <div class='ocr_carea' id='block_1_80' title="bbox 2096 2226 3690 2302">
    <p class='ocr_par' dir='ltr' id='par_1_80' title="bbox 2096 2226 3690 2302">
     <span class='ocr_line' id='line_1_81' title="bbox 2096 2226 3690 2302; baseline 0.001 -20"><span class='ocrx_word' id='word_1_574' title='bbox 2096 2229 2239 2282; x_wconf 85' lang='lat' dir='ltr'><strong><em>alius</em></strong></span> <span class='ocrx_word' id='word_1_575' title='bbox 2267 2243 2331 2282; x_wconf 81' lang='lat' dir='ltr'><strong><em>ex</em></strong></span> <span class='ocrx_word' id='word_1_576' title='bbox 2355 2227 2622 2284; x_wconf 85' lang='lat' dir='ltr'><strong><em>sententia</em></strong></span> <span class='ocrx_word' id='word_1_577' title='bbox 2651 2226 2892 2282; x_wconf 89' lang='lat' dir='ltr'><strong><em>Platonis</em></strong></span> <span class='ocrx_word' id='word_1_578' title='bbox 2913 2228 2981 2282; x_wconf 87' lang='lat' dir='ltr'><strong><em>ab</em></strong></span> <span class='ocrx_word' id='word_1_579' title='bbox 3013 2236 3216 2282; x_wconf 73' lang='lat' dir='ltr'><strong><em>aeterno</em></strong></span> <span class='ocrx_word' id='word_1_580' title='bbox 3238 2231 3544 2298; x_wconf 85' lang='lat' dir='ltr'><strong><em>respondet</em></strong></span> <span class='ocrx_word' id='word_1_581' title='bbox 3566 2249 3690 2302; x_wconf 76' lang='grc' dir='ltr'>νοτ,-</span> 
     </span>
    </p>
   </div>
   <div class='ocr_carea' id='block_1_81' title="bbox 2093 2321 3691 2390">
    <p class='ocr_par' dir='ltr' id='par_1_81' title="bbox 2093 2321 3691 2390">
     <span class='ocr_line' id='line_1_82' title="bbox 2093 2321 3691 2390; baseline 0.001 -15"><span class='ocrx_word' id='word_1_582' title='bbox 2093 2323 2206 2385; x_wconf 83' lang='grc' dir='ltr'>τός,</span> <span class='ocrx_word' id='word_1_583' title='bbox 2220 2337 2315 2377; x_wconf 88' lang='lat' dir='ltr'><strong><em>seu</em></strong></span> <span class='ocrx_word' id='word_1_584' title='bbox 2333 2322 2566 2377; x_wconf 84' lang='lat' dir='ltr'><strong><em>mundus</em></strong></span> <span class='ocrx_word' id='word_1_585' title='bbox 2579 2321 2676 2376; x_wconf 91' lang='lat' dir='ltr'><strong><em>soli</em></strong></span> <span class='ocrx_word' id='word_1_586' title='bbox 2692 2321 2873 2374; x_wconf 89' lang='lat' dir='ltr'><strong><em>animo</em></strong></span> <span class='ocrx_word' id='word_1_587' title='bbox 2885 2322 3231 2390; x_wconf 78' lang='lat' dir='ltr'><strong><em>conspicuus,</em></strong></span> <span class='ocrx_word' id='word_1_588' title='bbox 3245 2323 3412 2390; x_wconf 88' lang='lat' dir='ltr'><strong><em>cujus</em></strong></span> <span class='ocrx_word' id='word_1_589' title='bbox 3428 2325 3498 2376; x_wconf 85' lang='lat' dir='ltr'><strong><em>ad</em></strong></span> <span class='ocrx_word' id='word_1_590' title='bbox 3511 2338 3691 2377; x_wconf 75' lang='lat' dir='ltr'><strong><em>exem-</em></strong></span> 
     </span>
    </p>
   </div>
   <div class='ocr_carea' id='block_1_82' title="bbox 2093 2412 3684 2483">
    <p class='ocr_par' dir='ltr' id='par_1_82' title="bbox 2093 2412 3684 2483">
     <span class='ocr_line' id='line_1_83' title="bbox 2093 2412 3684 2483; baseline 0.001 -17"><span class='ocrx_word' id='word_1_591' title='bbox 2093 2412 2244 2483; x_wconf 88' lang='lat' dir='ltr'><strong><em>plum</em></strong></span> <span class='ocrx_word' id='word_1_592' title='bbox 2277 2413 2587 2483; x_wconf 88' lang='lat' dir='ltr'><strong><em>spectabilis</em></strong></span> <span class='ocrx_word' id='word_1_593' title='bbox 2615 2413 2730 2467; x_wconf 69' lang='lat' dir='ltr'><strong><em>haec</em></strong></span> <span class='ocrx_word' id='word_1_594' title='bbox 2759 2428 2943 2467; x_wconf 89' lang='lat' dir='ltr'><strong><em>rerum</em></strong></span> <span class='ocrx_word' id='word_1_595' title='bbox 2976 2413 3304 2468; x_wconf 85' lang='lat' dir='ltr'><strong><em>universitas</em></strong></span> <span class='ocrx_word' id='word_1_596' title='bbox 3329 2431 3361 2467; x_wconf 90' lang='lat' dir='ltr'><strong><em>a</em></strong></span> <span class='ocrx_word' id='word_1_597' title='bbox 3394 2413 3510 2468; x_wconf 80' lang='lat' dir='ltr'><strong><em>Deo</em></strong></span> <span class='ocrx_word' id='word_1_598' title='bbox 3532 2432 3684 2470; x_wconf 76' lang='lat' dir='ltr'><strong><em>com--</em></strong></span> 
     </span>
    </p>
   </div>
   <div class='ocr_carea' id='block_1_83' title="bbox 2092 2503 3686 2578">
    <p class='ocr_par' dir='ltr' id='par_1_83' title="bbox 2092 2503 3686 2578">
     <span class='ocr_line' id='line_1_84' title="bbox 2092 2503 3686 2578; baseline -0.002 -16"><span class='ocrx_word' id='word_1_599' title='bbox 2092 2515 2283 2577; x_wconf 87' lang='lat' dir='ltr'><strong><em>parata</em></strong></span> <span class='ocrx_word' id='word_1_600' title='bbox 2314 2514 2397 2562; x_wconf 90' lang='lat' dir='ltr'><strong><em>est</em></strong></span> <span class='ocrx_word' id='word_1_601' title='bbox 2427 2505 2523 2578; x_wconf 84' lang='lat'><strong><em>(6).</em></strong></span> <span class='ocrx_word' id='word_1_602' title='bbox 2555 2503 2675 2571; x_wconf 90' lang='lat' dir='ltr'><strong><em>Quo</em></strong></span> <span class='ocrx_word' id='word_1_603' title='bbox 2709 2515 2953 2575; x_wconf 84' lang='lat' dir='ltr'><strong><em>spectant</em></strong></span> <span class='ocrx_word' id='word_1_604' title='bbox 2985 2505 3098 2560; x_wconf 69' lang='lat' dir='ltr'><strong><em>hazc</em></strong></span> <span class='ocrx_word' id='word_1_605' title='bbox 3123 2506 3284 2559; x_wconf 85' lang='lat' dir='ltr'><strong><em>verba</em></strong></span> <span class='ocrx_word' id='word_1_606' title='bbox 3319 2505 3540 2570; x_wconf 69' lang='lat' dir='ltr'><strong><em>Timazi,</em></strong></span> <span class='ocrx_word' id='word_1_607' title='bbox 3563 2509 3686 2576; x_wconf 83' lang='lat' dir='ltr'><strong><em>qui-</em></strong></span> 
     </span>
    </p>
   </div>
   <div class='ocr_carea' id='block_1_84' title="bbox 2091 2599 3685 2671">
    <p class='ocr_par' dir='ltr' id='par_1_84' title="bbox 2091 2599 3685 2671">
     <span class='ocr_line' id='line_1_85' title="bbox 2091 2599 3685 2671; baseline -0.003 -14"><span class='ocrx_word' id='word_1_608' title='bbox 2091 2600 2195 2657; x_wconf 85' lang='lat' dir='ltr'><strong><em>bus</em></strong></span> <span class='ocrx_word' id='word_1_609' title='bbox 2247 2601 2510 2654; x_wconf 86' lang='lat' dir='ltr'><strong><em>mundum</em></strong></span> <span class='ocrx_word' id='word_1_610' title='bbox 2559 2600 2630 2652; x_wconf 88' lang='lat' dir='ltr'><strong><em>ita</em></strong></span> <span class='ocrx_word' id='word_1_611' title='bbox 2678 2599 2933 2655; x_wconf 87' lang='lat' dir='ltr'><strong><em>describit</em></strong></span> <span class='ocrx_word' id='word_1_612' title='bbox 2964 2601 3320 2671; x_wconf 88' lang='lat' dir='ltr'><strong><em>philosophus</em></strong></span> <span class='ocrx_word' id='word_1_613' title='bbox 3352 2603 3446 2656; x_wconf 79' lang='lat'><strong><em>:‘0</em></strong></span> <span class='ocrx_word' id='word_1_614' title='bbox 3480 2603 3685 2671; x_wconf 74' lang='grc' dir='ltr'>κόσμος</span> 
     </span>
    </p>
   </div>
   <div class='ocr_carea' id='block_1_85' title="bbox 2092 2689 3684 2765">
    <p class='ocr_par' dir='ltr' id='par_1_85' title="bbox 2092 2689 3684 2765">
     <span class='ocr_line' id='line_1_86' title="bbox 2092 2689 3684 2765; baseline 0 -19"><span class='ocrx_word' id='word_1_615' title='bbox 2092 2691 2230 2758; x_wconf 75' lang='grc' dir='ltr'>ζῶον</span> <span class='ocrx_word' id='word_1_616' title='bbox 2273 2692 2488 2765; x_wconf 81' lang='grc' dir='ltr'>ὁρατὸν,</span> <span class='ocrx_word' id='word_1_617' title='bbox 2521 2689 2590 2744; x_wconf 79' lang='grc' dir='ltr'>τὰ</span> <span class='ocrx_word' id='word_1_618' title='bbox 2621 2690 2792 2764; x_wconf 80' lang='grc' dir='ltr'>ὁρατὰ</span> <span class='ocrx_word' id='word_1_619' title='bbox 2821 2693 3093 2764; x_wconf 87' lang='grc' dir='ltr'>περιέχον,</span> <span class='ocrx_word' id='word_1_620' title='bbox 3134 2692 3294 2746; x_wconf 84' lang='grc' dir='ltr'>εἰκὼν</span> <span class='ocrx_word' id='word_1_621' title='bbox 3342 2691 3440 2746; x_wconf 85' lang='grc' dir='ltr'><strong><em>τοῦ</em></strong></span> <span class='ocrx_word' id='word_1_622' title='bbox 3489 2692 3684 2765; x_wconf 70' lang='grc' dir='ltr'>νοητοῦ</span> 
     </span>
    </p>
   </div>
   <div class='ocr_carea' id='block_1_86' title="bbox 2089 2783 3683 2857">
    <p class='ocr_par' dir='ltr' id='par_1_86' title="bbox 2089 2783 3683 2857">
     <span class='ocr_line' id='line_1_87' title="bbox 2089 2783 3683 2857; baseline -0.001 -19"><span class='ocrx_word' id='word_1_623' title='bbox 2089 2784 2248 2851; x_wconf 86' lang='grc' dir='ltr'>Θεοῦ,</span> <span class='ocrx_word' id='word_1_624' title='bbox 2279 2783 2554 2857; x_wconf 75' lang='grc' dir='ltr'>αἰσθητὸς,</span> <span class='ocrx_word' id='word_1_625' title='bbox 2596 2785 2847 2856; x_wconf 88' lang='grc' dir='ltr'>μέγιστος</span> <span class='ocrx_word' id='word_1_626' title='bbox 2873 2785 2967 2837; x_wconf 74' lang='grc' dir='ltr'><strong><em>καὶ</em></strong></span> <span class='ocrx_word' id='word_1_627' title='bbox 3017 2786 3264 2857; x_wconf 84' lang='grc' dir='ltr'>ἀόρατος.</span> <span class='ocrx_word' id='word_1_628' title='bbox 3294 2784 3540 2838; x_wconf 76' lang='lat' dir='ltr'><strong><em>Mundus</em></strong></span> <span class='ocrx_word' id='word_1_629' title='bbox 3576 2787 3683 2836; x_wconf 75' lang='lat' dir='ltr'><strong><em>ani-</em></strong></span> 
     </span>
    </p>
   </div>
   <div class='ocr_carea' id='block_1_87' title="bbox 2091 2875 3680 2945">
    <p class='ocr_par' dir='ltr' id='par_1_87' title="bbox 2091 2875 3680 2945">
     <span class='ocr_line' id='line_1_88' title="bbox 2091 2875 3680 2945; baseline 0.001 -16"><span class='ocrx_word' id='word_1_630' title='bbox 2091 2876 2199 2929; x_wconf 85' lang='lat' dir='ltr'><strong><em>mal</em></strong></span> <span class='ocrx_word' id='word_1_631' title='bbox 2248 2875 2471 2938; x_wconf 80' lang='lat' dir='ltr'><strong><em>visibile,</em></strong></span> <span class='ocrx_word' id='word_1_632' title='bbox 2526 2875 2757 2928; x_wconf 83' lang='lat' dir='ltr'><strong><em>visibilia</em></strong></span> <span class='ocrx_word' id='word_1_633' title='bbox 2801 2877 3258 2944; x_wconf 71' lang='lat' dir='ltr'><strong><em>comprehenderis,</em></strong></span> <span class='ocrx_word' id='word_1_634' title='bbox 3310 2876 3680 2945; x_wconf 66' lang='lat' dir='ltr'><strong><em>intelligibilis</em></strong></span> 
     </span>
    </p>
   </div>
   <div class='ocr_carea' id='block_1_88' title="bbox 2092 2966 3678 3040">
    <p class='ocr_par' dir='ltr' id='par_1_88' title="bbox 2092 2966 3678 3040">
     <span class='ocr_line' id='line_1_89' title="bbox 2092 2966 3678 3040; baseline 0 -20"><span class='ocrx_word' id='word_1_635' title='bbox 2092 2966 2189 3020; x_wconf 89' lang='lat' dir='ltr'><strong><em>Dei</em></strong></span> <span class='ocrx_word' id='word_1_636' title='bbox 2225 2969 2419 3040; x_wconf 88' lang='lat' dir='ltr'><strong><em>imago,</em></strong></span> <span class='ocrx_word' id='word_1_637' title='bbox 2447 2969 2729 3037; x_wconf 89' lang='lat' dir='ltr'><strong><em>sensibilis,</em></strong></span> <span class='ocrx_word' id='word_1_638' title='bbox 2764 2969 3048 3032; x_wconf 69' lang='lat' dir='ltr'><strong><em>maximus,</em></strong></span> <span class='ocrx_word' id='word_1_639' title='bbox 3067 2969 3436 3021; x_wconf 80' lang='lat' dir='ltr'><strong><em>interminatus</em></strong></span> <span class='ocrx_word' id='word_1_640' title='bbox 3470 2967 3579 3038; x_wconf 68' lang='lat'><strong><em>(7).</em></strong></span> <span class='ocrx_word' id='word_1_641' title='bbox 3607 2970 3678 3020; x_wconf 59' lang='lat' dir='ltr'><strong><em>in:</em></strong></span> 
     </span>
    </p>
   </div>
   <div class='ocr_carea' id='block_1_89' title="bbox 2090 3057 3683 3128">
    <p class='ocr_par' dir='ltr' id='par_1_89' title="bbox 2090 3057 3683 3128">
     <span class='ocr_line' id='line_1_90' title="bbox 2090 3057 3683 3128; baseline 0.002 -18"><span class='ocrx_word' id='word_1_642' title='bbox 2090 3057 2197 3111; x_wconf 87' lang='lat' dir='ltr'><strong><em>isto</em></strong></span> <span class='ocrx_word' id='word_1_643' title='bbox 2226 3057 2390 3127; x_wconf 81' lang='lat' dir='ltr'><strong><em>igitur</em></strong></span> <span class='ocrx_word' id='word_1_644' title='bbox 2424 3058 2692 3128; x_wconf 84' lang='lat' dir='ltr'><strong><em>principio</em></strong></span> <span class='ocrx_word' id='word_1_645' title='bbox 2721 3058 2787 3114; x_wconf 88' lang='lat' dir='ltr'><strong><em>de</em></strong></span> <span class='ocrx_word' id='word_1_646' title='bbox 2821 3057 3046 3123; x_wconf 86' lang='lat' dir='ltr'><strong><em>mundo,</em></strong></span> <span class='ocrx_word' id='word_1_647' title='bbox 3079 3067 3334 3125; x_wconf 88' lang='lat' dir='ltr'><strong><em>tanquam</em></strong></span> <span class='ocrx_word' id='word_1_648' title='bbox 3379 3057 3683 3113; x_wconf 73' lang='lat' dir='ltr'><strong><em>invisibilis</em></strong></span> 
     </span>
    </p>
   </div>
   <div class='ocr_carea' id='block_1_90' title="bbox 2091 3149 3676 3220">
    <p class='ocr_par' dir='ltr' id='par_1_90' title="bbox 2091 3149 3676 3220">
     <span class='ocr_line' id='line_1_91' title="bbox 2091 3149 3676 3220; baseline 0 -16"><span class='ocrx_word' id='word_1_649' title='bbox 2091 3149 2183 3204; x_wconf 81' lang='lat' dir='ltr'><strong><em>Dei</em></strong></span> <span class='ocrx_word' id='word_1_650' title='bbox 2235 3151 2491 3220; x_wconf 82' lang='lat' dir='ltr'><strong><em>imagine,</em></strong></span> <span class='ocrx_word' id='word_1_651' title='bbox 2536 3150 2743 3206; x_wconf 90' lang='lat' dir='ltr'><strong><em>cultum</em></strong></span> <span class='ocrx_word' id='word_1_652' title='bbox 2799 3150 3220 3205; x_wconf 86' lang='lat' dir='ltr'><strong><em>simulacrorum</em></strong></span> <span class='ocrx_word' id='word_1_653' title='bbox 3271 3149 3572 3203; x_wconf 86' lang='lat' dir='ltr'><strong><em>relativum</em></strong></span> <span class='ocrx_word' id='word_1_654' title='bbox 3627 3153 3676 3204; x_wconf 89' lang='lat' dir='ltr'><strong><em>in</em></strong></span> 
     </span>
    </p>
   </div>
   <div class='ocr_carea' id='block_1_91' title="bbox 2089 3243 3678 3313">
    <p class='ocr_par' dir='ltr' id='par_1_91' title="bbox 2089 3243 3678 3313">
     <span class='ocr_line' id='line_1_92' title="bbox 2089 3243 3678 3313; baseline 0.001 -16"><span class='ocrx_word' id='word_1_655' title='bbox 2089 3243 2233 3313; x_wconf 90' lang='lat' dir='ltr'><strong><em>ipsos</em></strong></span> <span class='ocrx_word' id='word_1_656' title='bbox 2282 3243 2414 3297; x_wconf 87' lang='lat' dir='ltr'><strong><em>deos</em></strong></span> <span class='ocrx_word' id='word_1_657' title='bbox 2467 3245 2859 3299; x_wconf 88' lang='lat' dir='ltr'><strong><em>redundantem</em></strong></span> <span class='ocrx_word' id='word_1_658' title='bbox 2905 3244 3169 3307; x_wconf 87' lang='lat' dir='ltr'><strong><em>stabilire,</em></strong></span> <span class='ocrx_word' id='word_1_659' title='bbox 3199 3255 3361 3313; x_wconf 86' lang='lat' dir='ltr'><strong><em>atque</em></strong></span> <span class='ocrx_word' id='word_1_660' title='bbox 3412 3246 3574 3300; x_wconf 87' lang='lat' dir='ltr'><strong><em>hunc</em></strong></span> <span class='ocrx_word' id='word_1_661' title='bbox 3628 3247 3678 3298; x_wconf 88' lang='lat' dir='ltr'><strong><em>in</em></strong></span> 
     </span>
    </p>
   </div>
   <div class='ocr_carea' id='block_1_92' title="bbox 2088 3333 3679 3405">
    <p class='ocr_par' dir='ltr' id='par_1_92' title="bbox 2088 3333 3679 3405">
     <span class='ocr_line' id='line_1_93' title="bbox 2088 3333 3679 3405; baseline 0 -17"><span class='ocrx_word' id='word_1_662' title='bbox 2088 3335 2310 3388; x_wconf 88' lang='lat' dir='ltr'><strong><em>modum</em></strong></span> <span class='ocrx_word' id='word_1_663' title='bbox 2345 3349 2444 3403; x_wconf 87' lang='lat' dir='ltr'><strong><em>pro</em></strong></span> <span class='ocrx_word' id='word_1_664' title='bbox 2470 3333 2772 3388; x_wconf 85' lang='lat' dir='ltr'><strong><em>idololatria</em></strong></span> <span class='ocrx_word' id='word_1_665' title='bbox 2803 3335 3082 3405; x_wconf 82' lang='lat' dir='ltr'><strong><em>gentilium</em></strong></span> <span class='ocrx_word' id='word_1_666' title='bbox 3115 3336 3486 3404; x_wconf 76' lang='lat' dir='ltr'><strong><em>argumentari</em></strong></span> <span class='ocrx_word' id='word_1_667' title='bbox 3536 3337 3679 3389; x_wconf 82' lang='lat' dir='ltr'><strong><em>nite-</em></strong></span> 
     </span>
    </p>
   </div>
   <div class='ocr_carea' id='block_1_93' title="bbox 2087 3423 3677 3496">
    <p class='ocr_par' dir='ltr' id='par_1_93' title="bbox 2087 3423 3677 3496">
     <span class='ocr_line' id='line_1_94' title="bbox 2087 3423 3677 3496; baseline 0 -18"><span class='ocrx_word' id='word_1_668' title='bbox 2087 3425 2246 3478; x_wconf 85' lang='lat' dir='ltr'><strong><em>batur</em></strong></span> <span class='ocrx_word' id='word_1_669' title='bbox 2297 3423 2518 3480; x_wconf 80' lang='lat' dir='ltr'><strong><em>Graecus</em></strong></span> <span class='ocrx_word' id='word_1_670' title='bbox 2578 3425 2666 3479; x_wconf 90' lang='lat' dir='ltr'><strong><em>ille</em></strong></span> <span class='ocrx_word' id='word_1_671' title='bbox 2721 3425 3097 3494; x_wconf 88' lang='lat' dir='ltr'><strong><em>philosophus,</em></strong></span> <span class='ocrx_word' id='word_1_672' title='bbox 3152 3426 3260 3480; x_wconf 84' lang='lat' dir='ltr'><strong><em>sive</em></strong></span> <span class='ocrx_word' id='word_1_673' title='bbox 3303 3423 3677 3496; x_wconf 71' lang='lat' dir='ltr'><strong><em>Pox-phyrms,</em></strong></span> 
     </span>
    </p>
   </div>
   <div class='ocr_carea' id='block_1_94' title="bbox 2085 3514 3676 3590">
    <p class='ocr_par' dir='ltr' id='par_1_94' title="bbox 2085 3514 3676 3590">
     <span class='ocr_line' id='line_1_95' title="bbox 2085 3514 3676 3590; baseline 0.001 -21"><span class='ocrx_word' id='word_1_674' title='bbox 2085 3530 2209 3569; x_wconf 89' lang='lat' dir='ltr'><strong><em>cum</em></strong></span> <span class='ocrx_word' id='word_1_675' title='bbox 2237 3532 2345 3584; x_wconf 87' lang='lat' dir='ltr'><strong><em>quo</em></strong></span> <span class='ocrx_word' id='word_1_676' title='bbox 2374 3514 2643 3571; x_wconf 83' lang='lat' dir='ltr'><strong><em>Macarius</em></strong></span> <span class='ocrx_word' id='word_1_677' title='bbox 2671 3529 2856 3572; x_wconf 88' lang='lat' dir='ltr'><strong><em>noster</em></strong></span> <span class='ocrx_word' id='word_1_678' title='bbox 2885 3518 3201 3588; x_wconf 85' lang='lat' dir='ltr'><strong><em>disputabat</em></strong></span> <span class='ocrx_word' id='word_1_679' title='bbox 3232 3518 3676 3590; x_wconf 66' lang='grc' dir='ltr'>εὈμολογουμ-ἐ-</span> 
     </span>
    </p>
   </div>
   <div class='ocr_carea' id='block_1_95' title="bbox 2084 3605 3675 3678">
    <p class='ocr_par' dir='ltr' id='par_1_95' title="bbox 2084 3605 3675 3678">
     <span class='ocr_line' id='line_1_96' title="bbox 2084 3605 3675 3678; baseline 0.004 -20"><span class='ocrx_word' id='word_1_680' title='bbox 2084 3623 2176 3659; x_wconf 90' lang='grc' dir='ltr'><strong><em>νου</em></strong></span> <span class='ocrx_word' id='word_1_681' title='bbox 2206 3606 2385 3660; x_wconf 85' lang='grc' dir='ltr'>τοίνυν</span> <span class='ocrx_word' id='word_1_682' title='bbox 2419 3605 2568 3671; x_wconf 90' lang='grc' dir='ltr'>θείας</span> <span class='ocrx_word' id='word_1_683' title='bbox 2613 3606 2826 3676; x_wconf 85' lang='grc' dir='ltr'>φύσεως</span> <span class='ocrx_word' id='word_1_684' title='bbox 2851 3611 2975 3672; x_wconf 78' lang='grc' dir='ltr'>τοὺς</span> <span class='ocrx_word' id='word_1_685' title='bbox 3001 3609 3264 3677; x_wconf 80' lang='grc' dir='ltr'>ἀγγέλους</span> <span class='ocrx_word' id='word_1_686' title='bbox 3301 3610 3587 3678; x_wconf 79' lang='grc' dir='ltr'>μετέχειν,</span> <span class='ocrx_word' id='word_1_687' title='bbox 3630 3613 3675 3664; x_wconf 71' lang='grc' dir='ltr'>οὶ</span> 
     </span>
    </p>
   </div>
   <div class='ocr_carea' id='block_1_96' title="bbox 2083 3697 3672 3774">
    <p class='ocr_par' dir='ltr' id='par_1_96' title="bbox 2083 3697 3672 3774">
     <span class='ocr_line' id='line_1_97' title="bbox 2083 3697 3672 3774; baseline 0.004 -24"><span class='ocrx_word' id='word_1_688' title='bbox 2083 3697 2144 3751; x_wconf 80' lang='grc' dir='ltr'>τὸ</span> <span class='ocrx_word' id='word_1_689' title='bbox 2169 3698 2376 3770; x_wconf 87' lang='grc' dir='ltr'>πρέπον</span> <span class='ocrx_word' id='word_1_690' title='bbox 2405 3699 2568 3762; x_wconf 78' lang='grc' dir='ltr'>σέϐας</span> <span class='ocrx_word' id='word_1_691' title='bbox 2599 3704 2710 3764; x_wconf 89' lang='grc' dir='ltr'>τοῖς</span> <span class='ocrx_word' id='word_1_692' title='bbox 2738 3699 2879 3764; x_wconf 87' lang='grc' dir='ltr'>θεοῖς</span> <span class='ocrx_word' id='word_1_693' title='bbox 2906 3701 3184 3764; x_wconf 82' lang='grc' dir='ltr'>ποιοῦντες</span> <span class='ocrx_word' id='word_1_694' title='bbox 3213 3702 3311 3754; x_wconf 84' lang='grc' dir='ltr'><strong><em>ούκ</em></strong></span> <span class='ocrx_word' id='word_1_695' title='bbox 3348 3706 3406 3756; x_wconf 85' lang='grc' dir='ltr'><strong><em>ἐν</em></strong></span> <span class='ocrx_word' id='word_1_696' title='bbox 3436 3703 3612 3774; x_wconf 77' lang='grc' dir='ltr'>ξύλῳ,</span> <span class='ocrx_word' id='word_1_697' title='bbox 3640 3707 3672 3774; x_wconf 78' lang='grc' dir='ltr'>ἢ</span> 
     </span>
    </p>
   </div>
   <div class='ocr_carea' id='block_1_97' title="bbox 2082 3786 3674 3862">
    <p class='ocr_par' dir='ltr' id='par_1_97' title="bbox 2082 3786 3674 3862">
     <span class='ocr_line' id='line_1_98' title="bbox 2082 3786 3674 3862; baseline 0.004 -22"><span class='ocrx_word' id='word_1_698' title='bbox 2082 3787 2234 3859; x_wconf 86' lang='grc' dir='ltr'>λίθῳ,</span> <span class='ocrx_word' id='word_1_699' title='bbox 2269 3787 2302 3858; x_wconf 80' lang='grc' dir='ltr'><strong>ἢ</strong></span> <span class='ocrx_word' id='word_1_700' title='bbox 2331 3787 2534 3859; x_wconf 85' lang='grc' dir='ltr'>χαλκῷ,</span> <span class='ocrx_word' id='word_1_701' title='bbox 2564 3788 2623 3853; x_wconf 85' lang='grc' dir='ltr'><strong><em>ἐξ</em></strong></span> <span class='ocrx_word' id='word_1_702' title='bbox 2651 3786 2711 3844; x_wconf 74' lang='grc' dir='ltr'>οὗ</span> <span class='ocrx_word' id='word_1_703' title='bbox 2745 3789 2804 3843; x_wconf 85' lang='grc' dir='ltr'><strong><em>τὸ</em></strong></span> <span class='ocrx_word' id='word_1_704' title='bbox 2833 3790 3028 3862; x_wconf 81' lang='grc' dir='ltr'>βρέτας</span> <span class='ocrx_word' id='word_1_705' title='bbox 3056 3794 3553 3858; x_wconf 74' lang='grc' dir='ltr'>κατασκευάζεται,</span> <span class='ocrx_word' id='word_1_706' title='bbox 3586 3797 3674 3847; x_wconf 67' lang='grc' dir='ltr'>τὸν</span> 
     </span>
    </p>
   </div>
   <div class='ocr_carea' id='block_1_98' title="bbox 2083 3873 3672 3955">
    <p class='ocr_par' dir='ltr' id='par_1_98' title="bbox 2083 3873 3672 3955">
     <span class='ocr_line' id='line_1_99' title="bbox 2083 3873 3672 3955; baseline 0.004 -24"><span class='ocrx_word' id='word_1_707' title='bbox 2083 3878 2213 3931; x_wconf 87' lang='grc' dir='ltr'>Θεὸν</span> <span class='ocrx_word' id='word_1_708' title='bbox 2259 3873 2397 3931; x_wconf 78' lang='grc' dir='ltr'>εἶναι</span> <span class='ocrx_word' id='word_1_709' title='bbox 2439 3879 2769 3950; x_wconf 80' lang='grc' dir='ltr'>νομίζουσιν,</span> <span class='ocrx_word' id='word_1_710' title='bbox 2802 3881 2909 3933; x_wconf 79' lang='grc' dir='ltr'>οὐδ’</span> <span class='ocrx_word' id='word_1_711' title='bbox 2937 3881 2990 3933; x_wconf 81' lang='grc' dir='ltr'><strong><em>εί</em></strong></span> <span class='ocrx_word' id='word_1_712' title='bbox 3035 3900 3088 3934; x_wconf 78' lang='grc' dir='ltr'><strong><em>τι</em></strong></span> <span class='ocrx_word' id='word_1_713' title='bbox 3141 3884 3304 3954; x_wconf 86' lang='grc' dir='ltr'>μέρος</span> <span class='ocrx_word' id='word_1_714' title='bbox 3346 3883 3672 3955; x_wconf 68' lang='grc' dir='ltr'>ἀγάλματος</span> 
     </span>
    </p>
   </div>
   <div class='ocr_carea' id='block_1_99' title="bbox 2083 3970 3670 4047">
    <p class='ocr_par' dir='ltr' id='par_1_99' title="bbox 2083 3970 3670 4047">
     <span class='ocr_line' id='line_1_100' title="bbox 2083 3970 3670 4047; baseline 0.004 -25"><span class='ocrx_word' id='word_1_715' title='bbox 2083 3970 2574 4043; x_wconf 83' lang='grc' dir='ltr'>ἀκρωτηριασθείη,</span> <span class='ocrx_word' id='word_1_716' title='bbox 2605 3972 2703 4043; x_wconf 79' lang='grc' dir='ltr'>τῆς</span> <span class='ocrx_word' id='word_1_717' title='bbox 2727 3973 2818 4026; x_wconf 87' lang='grc' dir='ltr'><strong><em>τοῦ</em></strong></span> <span class='ocrx_word' id='word_1_718' title='bbox 2849 3972 2980 4027; x_wconf 86' lang='grc' dir='ltr'>Θεοῦ</span> <span class='ocrx_word' id='word_1_719' title='bbox 3005 3973 3284 4045; x_wconf 84' lang='grc' dir='ltr'>δυνάμεως</span> <span class='ocrx_word' id='word_1_720' title='bbox 3313 3977 3670 4047; x_wconf 70' lang='grc' dir='ltr'>ἀφαιρεῖσθαι</span> 
     </span>
    </p>
   </div>
   <div class='ocr_carea' id='block_1_100' title="bbox 2081 4057 3670 4134">
    <p class='ocr_par' dir='ltr' id='par_1_100' title="bbox 2081 4057 3670 4134">
     <span class='ocr_line' id='line_1_101' title="bbox 2081 4057 3670 4134; baseline 0.006 -26"><span class='ocrx_word' id='word_1_721' title='bbox 2081 4057 2387 4128; x_wconf 74' lang='grc' dir='ltr'>κρίνουσινο</span> <span class='ocrx_word' id='word_1_722' title='bbox 2425 4058 2782 4130; x_wconf 85' lang='grc' dir='ltr'>ὑμομνήσεως</span> <span class='ocrx_word' id='word_1_723' title='bbox 2811 4062 2918 4134; x_wconf 83' lang='grc' dir='ltr'>γὰρ</span> <span class='ocrx_word' id='word_1_724' title='bbox 2957 4062 3138 4117; x_wconf 75' lang='grc' dir='ltr'>ἕνεκεν</span> <span class='ocrx_word' id='word_1_725' title='bbox 3174 4063 3242 4116; x_wconf 72' lang='grc' dir='ltr'>τὰ</span> <span class='ocrx_word' id='word_1_726' title='bbox 3271 4065 3434 4128; x_wconf 79' lang='grc' dir='ltr'>ξόανα</span> <span class='ocrx_word' id='word_1_727' title='bbox 3483 4069 3584 4119; x_wconf 74' lang='grc' dir='ltr'><strong><em>καὶ</em></strong></span> <span class='ocrx_word' id='word_1_728' title='bbox 3622 4069 3670 4118; x_wconf 75' lang='grc' dir='ltr'>οἱ</span> 
     </span>
    </p>
   </div>
   <div class='ocr_carea' id='block_1_101' title="bbox 2080 4147 3668 4224">
    <p class='ocr_par' dir='ltr' id='par_1_101' title="bbox 2080 4147 3668 4224">
     <span class='ocr_line' id='line_1_102' title="bbox 2080 4147 3668 4224; baseline 0.005 -25"><span class='ocrx_word' id='word_1_729' title='bbox 2080 4149 2197 4200; x_wconf 74' lang='grc' dir='ltr'>ναοὶ</span> <span class='ocrx_word' id='word_1_730' title='bbox 2235 4147 2338 4200; x_wconf 84' lang='grc' dir='ltr'><strong><em>ὑπὸ</em></strong></span> <span class='ocrx_word' id='word_1_731' title='bbox 2367 4147 2473 4201; x_wconf 82' lang='grc' dir='ltr'><strong><em>τῶν</em></strong></span> <span class='ocrx_word' id='word_1_732' title='bbox 2502 4149 2743 4203; x_wconf 78' lang='grc' dir='ltr'>παλαιῶν</span> <span class='ocrx_word' id='word_1_733' title='bbox 2781 4151 3099 4222; x_wconf 79' lang='grc' dir='ltr'>ἱδρύνθησαν</span> <span class='ocrx_word' id='word_1_734' title='bbox 3131 4153 3268 4224; x_wconf 79' lang='grc' dir='ltr'>ὑπὲρ</span> <span class='ocrx_word' id='word_1_735' title='bbox 3299 4153 3394 4205; x_wconf 86' lang='grc' dir='ltr'><strong><em>τοῦ</em></strong></span> <span class='ocrx_word' id='word_1_736' title='bbox 3432 4157 3668 4223; x_wconf 74' lang='grc' dir='ltr'>φοιτῶν-</span> 
     </span>
    </p>
   </div>
   <div class='ocr_carea' id='block_1_102' title="bbox 2078 4241 3667 4314">
    <p class='ocr_par' dir='ltr' id='par_1_102' title="bbox 2078 4241 3667 4314">
     <span class='ocr_line' id='line_1_103' title="bbox 2078 4241 3667 4314; baseline 0.003 -20"><span class='ocrx_word' id='word_1_737' title='bbox 2078 4258 2176 4304; x_wconf 88' lang='grc' dir='ltr'><strong><em>τας</em></strong></span> <span class='ocrx_word' id='word_1_738' title='bbox 2208 4244 2384 4294; x_wconf 81' lang='grc' dir='ltr'>ἐκεῖσε</span> <span class='ocrx_word' id='word_1_739' title='bbox 2410 4241 2535 4305; x_wconf 80' lang='grc' dir='ltr'>τοὺς</span> <span class='ocrx_word' id='word_1_740' title='bbox 2571 4244 2892 4314; x_wconf 87' lang='grc' dir='ltr'>προσιόντας</span> <span class='ocrx_word' id='word_1_741' title='bbox 2926 4247 3006 4309; x_wconf 85' lang='grc' dir='ltr'>εἰς</span> <span class='ocrx_word' id='word_1_742' title='bbox 3045 4244 3250 4298; x_wconf 76' lang='grc' dir='ltr'>ἔννοιαν</span> <span class='ocrx_word' id='word_1_743' title='bbox 3283 4245 3543 4314; x_wconf 77' lang='grc' dir='ltr'>γενέσθαι</span> <span class='ocrx_word' id='word_1_744' title='bbox 3577 4247 3667 4300; x_wconf 76' lang='grc' dir='ltr'><strong><em>τοῦ</em></strong></span> 
     </span>
    </p>
   </div>
   <div class='ocr_carea' id='block_1_103' title="bbox 2078 4333 3670 4410">
    <p class='ocr_par' dir='ltr' id='par_1_103' title="bbox 2078 4333 3670 4410">
     <span class='ocr_line' id='line_1_104' title="bbox 2078 4333 3670 4410; baseline 0.003 -23"><span class='ocrx_word' id='word_1_745' title='bbox 2078 4333 2233 4398; x_wconf 85' lang='grc' dir='ltr'>Θεοῦ,</span> <span class='ocrx_word' id='word_1_746' title='bbox 2263 4334 2295 4403; x_wconf 85' lang='grc' dir='ltr'>ἢ</span> <span class='ocrx_word' id='word_1_747' title='bbox 2325 4333 2517 4406; x_wconf 79' lang='grc' dir='ltr'>σχολὴν</span> <span class='ocrx_word' id='word_1_748' title='bbox 2552 4336 2783 4404; x_wconf 85' lang='grc' dir='ltr'>ἄγοντας</span> <span class='ocrx_word' id='word_1_749' title='bbox 2821 4338 2914 4391; x_wconf 79' lang='grc' dir='ltr'><strong><em>καὶ</em></strong></span> <span class='ocrx_word' id='word_1_750' title='bbox 2951 4338 3056 4390; x_wconf 83' lang='grc' dir='ltr'>τῶν</span> <span class='ocrx_word' id='word_1_751' title='bbox 3101 4337 3305 4392; x_wconf 83' lang='grc' dir='ltr'>λοιπῶν</span> <span class='ocrx_word' id='word_1_752' title='bbox 3331 4340 3670 4410; x_wconf 73' lang='grc' dir='ltr'>καθαρεύον-</span> 
     </span>
    </p>
   </div>
   <div class='ocr_carea' id='block_1_104' title="bbox 2077 4427 3673 4504">
    <p class='ocr_par' dir='ltr' id='par_1_104' title="bbox 2077 4427 3673 4504">
     <span class='ocr_line' id='line_1_105' title="bbox 2077 4427 3673 4504; baseline 0.003 -25"><span class='ocrx_word' id='word_1_753' title='bbox 2077 4443 2174 4489; x_wconf 91' lang='grc' dir='ltr'><strong><em>τας</em></strong></span> <span class='ocrx_word' id='word_1_754' title='bbox 2206 4427 2394 4496; x_wconf 84' lang='grc' dir='ltr'>εύχαῖς</span> <span class='ocrx_word' id='word_1_755' title='bbox 2420 4427 2514 4480; x_wconf 69' lang='grc' dir='ltr'><strong><em>καὶ</em></strong></span> <span class='ocrx_word' id='word_1_756' title='bbox 2547 4428 2776 4492; x_wconf 80' lang='grc' dir='ltr'>ἱκεσίαις</span> <span class='ocrx_word' id='word_1_757' title='bbox 2806 4429 3058 4501; x_wconf 81' lang='grc' dir='ltr'>χρῆσθαι,</span> <span class='ocrx_word' id='word_1_758' title='bbox 3093 4431 3378 4495; x_wconf 76' lang='grc' dir='ltr'>αἰτοῦντας</span> <span class='ocrx_word' id='word_1_759' title='bbox 3412 4436 3547 4504; x_wconf 82' lang='grc' dir='ltr'>παρ’</span> <span class='ocrx_word' id='word_1_760' title='bbox 3579 4436 3673 4487; x_wconf 65' lang='grc' dir='ltr'><strong><em>αὑ-</em></strong></span> 
     </span>
    </p>
   </div>
   <div class='ocr_carea' id='block_1_105' title="bbox 2004 4515 3670 4617">
    <p class='ocr_par' dir='ltr' id='par_1_105' title="bbox 2004 4515 3670 4617">
     <span class='ocr_line' id='line_1_106' title="bbox 2004 4515 3670 4617; baseline 0.005 -45"><span class='ocrx_word' id='word_1_761' title='bbox 2004 4559 2050 4617; x_wconf 80' lang='lat' dir='ltr'><strong>D</strong></span> <span class='ocrx_word' id='word_1_762' title='bbox 2075 4520 2204 4586; x_wconf 85' lang='grc' dir='ltr'>τῶν,</span> <span class='ocrx_word' id='word_1_763' title='bbox 2231 4515 2305 4575; x_wconf 83' lang='grc' dir='ltr'>ὧν</span> <span class='ocrx_word' id='word_1_764' title='bbox 2351 4520 2579 4585; x_wconf 75' lang='grc' dir='ltr'>ἕκαστος</span> <span class='ocrx_word' id='word_1_765' title='bbox 2623 4523 2833 4595; x_wconf 78' lang='grc' dir='ltr'>χρῄζει,</span> <span class='ocrx_word' id='word_1_766' title='bbox 2873 4523 2984 4576; x_wconf 76' lang='grc' dir='ltr'><strong><em>Καὶ</em></strong></span> <span class='ocrx_word' id='word_1_767' title='bbox 3011 4523 3120 4596; x_wconf 78' lang='grc' dir='ltr'>γὰρ</span> <span class='ocrx_word' id='word_1_768' title='bbox 3149 4525 3203 4576; x_wconf 80' lang='grc' dir='ltr'>εἴ</span> <span class='ocrx_word' id='word_1_769' title='bbox 3231 4543 3314 4587; x_wconf 88' lang='grc' dir='ltr'><strong><em>τις</em></strong></span> <span class='ocrx_word' id='word_1_770' title='bbox 3346 4528 3533 4580; x_wconf 68' lang='grc' dir='ltr'>εἰκόνα</span> <span class='ocrx_word' id='word_1_771' title='bbox 3571 4546 3670 4580; x_wconf 70' lang='grc' dir='ltr'>κα-</span> 
     </span>
    </p>
   </div>
   <div class='ocr_carea' id='block_1_106' title="bbox 2075 4614 3665 4690">
    <p class='ocr_par' dir='ltr' id='par_1_106' title="bbox 2075 4614 3665 4690">
     <span class='ocr_line' id='line_1_107' title="bbox 2075 4614 3665 4690; baseline 0.004 -25"><span class='ocrx_word' id='word_1_772' title='bbox 2075 4614 2430 4668; x_wconf 85' lang='grc' dir='ltr'>τασκευάσειε</span> <span class='ocrx_word' id='word_1_773' title='bbox 2465 4614 2640 4682; x_wconf 84' lang='grc' dir='ltr'>φίλου,</span> <span class='ocrx_word' id='word_1_774' title='bbox 2673 4616 2771 4667; x_wconf 79' lang='grc' dir='ltr'><strong><em>οὐκ</em></strong></span> <span class='ocrx_word' id='word_1_775' title='bbox 2796 4615 2854 4668; x_wconf 86' lang='grc' dir='ltr'><strong><em>ὲν</em></strong></span> <span class='ocrx_word' id='word_1_776' title='bbox 2884 4616 3063 4688; x_wconf 76' lang='grc' dir='ltr'>ἐκείνη</span> <span class='ocrx_word' id='word_1_777' title='bbox 3100 4616 3369 4686; x_wconf 82' lang='grc' dir='ltr'>δήπουθεν</span> <span class='ocrx_word' id='word_1_778' title='bbox 3396 4619 3547 4690; x_wconf 78' lang='grc' dir='ltr'>αὐτῷ</span> <span class='ocrx_word' id='word_1_779' title='bbox 3578 4639 3665 4673; x_wconf 68' lang='lat' dir='ltr'><em>w-</em></span> 
     </span>
    </p>
   </div>
   <div class='ocr_carea' id='block_1_107' title="bbox 2080 4703 3663 4782">
    <p class='ocr_par' dir='ltr' id='par_1_107' title="bbox 2080 4703 3663 4782">
     <span class='ocr_line' id='line_1_108' title="bbox 2080 4703 3663 4782; baseline 0.004 -25"><span class='ocrx_word' id='word_1_780' title='bbox 2080 4705 2225 4776; x_wconf 75' lang='grc' dir='ltr'>μίζει</span> <span class='ocrx_word' id='word_1_781' title='bbox 2275 4705 2364 4758; x_wconf 79' lang='grc' dir='ltr'><strong><em>τὸν</em></strong></span> <span class='ocrx_word' id='word_1_782' title='bbox 2415 4706 2564 4775; x_wconf 82' lang='grc' dir='ltr'>φίλον</span> <span class='ocrx_word' id='word_1_783' title='bbox 2606 4703 2764 4772; x_wconf 75' lang='grc' dir='ltr'>εἶναι,</span> <span class='ocrx_word' id='word_1_784' title='bbox 2794 4707 2914 4760; x_wconf 77' lang='grc' dir='ltr'>οὐδὲ</span> <span class='ocrx_word' id='word_1_785' title='bbox 2958 4709 3026 4761; x_wconf 76' lang='grc' dir='ltr'><strong><em>τά</em></strong></span> <span class='ocrx_word' id='word_1_786' title='bbox 3077 4708 3218 4780; x_wconf 88' lang='grc' dir='ltr'>μέρη</span> <span class='ocrx_word' id='word_1_787' title='bbox 3263 4709 3360 4763; x_wconf 88' lang='grc' dir='ltr'><strong><em>τοῦ</em></strong></span> <span class='ocrx_word' id='word_1_788' title='bbox 3412 4710 3663 4782; x_wconf 78' lang='grc' dir='ltr'>σώματος</span> 
     </span>
    </p>
   </div>
   <div class='ocr_carea' id='block_1_108' title="bbox 2075 4794 3665 4871">
    <p class='ocr_par' dir='ltr' id='par_1_108' title="bbox 2075 4794 3665 4871">
     <span class='ocr_line' id='line_1_109' title="bbox 2075 4794 3665 4871; baseline 0.006 -25"><span class='ocrx_word' id='word_1_789' title='bbox 2075 4794 2282 4847; x_wconf 85' lang='grc' dir='ltr'>ἐκείνου</span> <span class='ocrx_word' id='word_1_790' title='bbox 2309 4797 2422 4858; x_wconf 88' lang='grc' dir='ltr'>τοῖς</span> <span class='ocrx_word' id='word_1_791' title='bbox 2449 4795 2546 4865; x_wconf 84' lang='grc' dir='ltr'>τῆς</span> <span class='ocrx_word' id='word_1_792' title='bbox 2571 4796 2790 4866; x_wconf 84' lang='grc' dir='ltr'>γραφῆς</span> <span class='ocrx_word' id='word_1_793' title='bbox 2825 4798 3198 4866; x_wconf 79' lang='grc' dir='ltr'>ἐγκεκλεῖσθαι</span> <span class='ocrx_word' id='word_1_794' title='bbox 3243 4800 3492 4871; x_wconf 87' lang='grc' dir='ltr'>μέρεσιν,</span> <span class='ocrx_word' id='word_1_795' title='bbox 3529 4803 3665 4855; x_wconf 72' lang='grc' dir='ltr'>ἀλλὰ</span> 
     </span>
    </p>
   </div>
   <div class='ocr_carea' id='block_1_109' title="bbox 2074 4885 3656 4958">
    <p class='ocr_par' dir='ltr' id='par_1_109' title="bbox 2074 4885 3656 4958">
     <span class='ocr_line' id='line_1_110' title="bbox 2074 4885 3656 4958; baseline 0.004 -20"><span class='ocrx_word' id='word_1_796' title='bbox 2074 4886 2171 4957; x_wconf 82' lang='grc' dir='ltr'>τὴν</span> <span class='ocrx_word' id='word_1_797' title='bbox 2212 4888 2291 4949; x_wconf 84' lang='grc' dir='ltr'><strong><em>είς</em></strong></span> <span class='ocrx_word' id='word_1_798' title='bbox 2329 4886 2418 4938; x_wconf 84' lang='grc' dir='ltr'><strong><em>τὸν</em></strong></span> <span class='ocrx_word' id='word_1_799' title='bbox 2465 4885 2616 4955; x_wconf 84' lang='grc' dir='ltr'>φίλον</span> <span class='ocrx_word' id='word_1_800' title='bbox 2647 4887 2810 4958; x_wconf 78' lang='grc' dir='ltr'>τιμὴν</span> <span class='ocrx_word' id='word_1_801' title='bbox 2852 4887 2918 4940; x_wconf 80' lang='grc' dir='ltr'>δι’</span> <span class='ocrx_word' id='word_1_802' title='bbox 2949 4890 3155 4952; x_wconf 84' lang='grc' dir='ltr'>εἰκόνος</span> <span class='ocrx_word' id='word_1_803' title='bbox 3184 4889 3533 4944; x_wconf 82' lang='grc' dir='ltr'>δείκνυσθαι·</span> <span class='ocrx_word' id='word_1_804' title='bbox 3566 4894 3656 4954; x_wconf 55' lang='grc' dir='ltr'>τάκ,</span> 
     </span>
    </p>
   </div>
   <div class='ocr_carea' id='block_1_110' title="bbox 2072 4969 3684 5049">
    <p class='ocr_par' dir='ltr' id='par_1_110' title="bbox 2072 4969 3684 5049">
     <span class='ocr_line' id='line_1_111' title="bbox 2072 4969 3684 5049; baseline 0.004 -20"><span class='ocrx_word' id='word_1_805' title='bbox 2072 4977 2128 5030; x_wconf 76' lang='grc' dir='ltr'><strong><em>δὲ</em></strong></span> <span class='ocrx_word' id='word_1_806' title='bbox 2176 4977 2592 5049; x_wconf 86' lang='grc' dir='ltr'>προσαγομένας</span> <span class='ocrx_word' id='word_1_807' title='bbox 2624 4982 2735 5042; x_wconf 89' lang='grc' dir='ltr'>τοῖς</span> <span class='ocrx_word' id='word_1_808' title='bbox 2769 4979 2909 5044; x_wconf 85' lang='grc' dir='ltr'>θεοῖς</span> <span class='ocrx_word' id='word_1_809' title='bbox 2938 4980 3149 5045; x_wconf 88' lang='grc' dir='ltr'>θυσίας,</span> <span class='ocrx_word' id='word_1_810' title='bbox 3175 4983 3238 5034; x_wconf 83' lang='grc' dir='ltr'>οὺ</span> <span class='ocrx_word' id='word_1_811' title='bbox 3280 4985 3540 5038; x_wconf 81' lang='grc' dir='ltr'>τοσοῦτον</span> <span class='ocrx_word' id='word_1_812' title='bbox 3581 4969 3684 5037; x_wconf 31' lang='grc' dir='ltr'>τι..</span> 
     </span>
    </p>
   </div>
   <div class='ocr_carea' id='block_1_111' title="bbox 2075 5066 3662 5144">
    <p class='ocr_par' dir='ltr' id='par_1_111' title="bbox 2075 5066 3662 5144">
     <span class='ocr_line' id='line_1_112' title="bbox 2075 5066 3662 5144; baseline -0.007 -13"><span class='ocrx_word' id='word_1_813' title='bbox 2075 5066 2180 5137; x_wconf 79' lang='grc' dir='ltr'><strong><em>μῆς</em></strong></span> <span class='ocrx_word' id='word_1_814' title='bbox 2230 5069 2311 5129; x_wconf 72' lang='grc' dir='ltr'><strong><em>εἰς</em></strong></span> <span class='ocrx_word' id='word_1_815' title='bbox 2360 5066 2558 5130; x_wconf 74' lang='grc' dir='ltr'>αὐτοὺς</span> <span class='ocrx_word' id='word_1_816' title='bbox 2598 5067 2804 5139; x_wconf 81' lang='grc' dir='ltr'>φέρειν,</span> <span class='ocrx_word' id='word_1_817' title='bbox 2834 5070 2957 5122; x_wconf 84' lang='grc' dir='ltr'>ὅσον</span> <span class='ocrx_word' id='word_1_818' title='bbox 3007 5071 3204 5141; x_wconf 77' lang='grc' dir='ltr'>δεῖγμα</span> <span class='ocrx_word' id='word_1_819' title='bbox 3235 5068 3376 5126; x_wconf 77' lang='grc' dir='ltr'>εἶναι</span> <span class='ocrx_word' id='word_1_820' title='bbox 3407 5075 3509 5144; x_wconf 73' lang='grc' dir='ltr'>τῆς</span> <span class='ocrx_word' id='word_1_821' title='bbox 3552 5076 3662 5128; x_wconf 70' lang='grc' dir='ltr'>τῶν</span> 
     </span>
    </p>
   </div>
   <div class='ocr_carea' id='block_1_112' title="bbox 2071 5159 3660 5239">
    <p class='ocr_par' dir='ltr' id='par_1_112' title="bbox 2071 5159 3660 5239">
     <span class='ocr_line' id='line_1_113' title="bbox 2071 5159 3660 5239; baseline 0.006 -27"><span class='ocrx_word' id='word_1_822' title='bbox 2071 5159 2479 5231; x_wconf 79' lang='grc' dir='ltr'>θρησκευόντων</span> <span class='ocrx_word' id='word_1_823' title='bbox 2511 5162 2904 5233; x_wconf 86' lang='grc' dir='ltr'>προαιρέσεως,</span> <span class='ocrx_word' id='word_1_824' title='bbox 2939 5165 3034 5218; x_wconf 72' lang='grc' dir='ltr'><strong><em>καὶ</em></strong></span> <span class='ocrx_word' id='word_1_825' title='bbox 3059 5164 3152 5217; x_wconf 86' lang='grc' dir='ltr'><strong><em>τοῦ</em></strong></span> <span class='ocrx_word' id='word_1_826' title='bbox 3188 5166 3262 5236; x_wconf 79' lang='grc' dir='ltr'><strong><em>μὴ</em></strong></span> <span class='ocrx_word' id='word_1_827' title='bbox 3296 5168 3433 5239; x_wconf 77' lang='grc' dir='ltr'>πρὸς</span> <span class='ocrx_word' id='word_1_828' title='bbox 3463 5169 3660 5231; x_wconf 64' lang='grc' dir='ltr'>αὐτοὺς</span> 
     </span>
    </p>
   </div>
   <div class='ocr_carea' id='block_1_113' title="bbox 2070 5252 3657 5329">
    <p class='ocr_par' dir='ltr' id='par_1_113' title="bbox 2070 5252 3657 5329">
     <span class='ocr_line' id='line_1_114' title="bbox 2070 5252 3657 5329; baseline 0.004 -26"><span class='ocrx_word' id='word_1_829' title='bbox 2070 5253 2379 5322; x_wconf 86' lang='grc' dir='ltr'>ἀχαρίστως</span> <span class='ocrx_word' id='word_1_830' title='bbox 2409 5252 2744 5305; x_wconf 80' lang='grc' dir='ltr'>διακεῖσθαι’</span> <span class='ocrx_word' id='word_1_831' title='bbox 2789 5254 3156 5323; x_wconf 85' lang='grc' dir='ltr'>ἀνθρωποειδῆ</span> <span class='ocrx_word' id='word_1_832' title='bbox 3187 5255 3247 5307; x_wconf 83' lang='grc' dir='ltr'><strong><em>δὲ</em></strong></span> <span class='ocrx_word' id='word_1_833' title='bbox 3275 5257 3385 5309; x_wconf 71' lang='grc' dir='ltr'><strong><em>τῶν</em></strong></span> <span class='ocrx_word' id='word_1_834' title='bbox 3409 5259 3657 5329; x_wconf 72' lang='grc' dir='ltr'>ἀγαλμάο</span> 
     </span>
    </p>
   </div>
   <div class='ocr_carea' id='block_1_114' title="bbox 2069 5339 3659 5417">
    <p class='ocr_par' dir='ltr' id='par_1_114' title="bbox 2069 5339 3659 5417">
     <span class='ocr_line' id='line_1_115' title="bbox 2069 5339 3659 5417; baseline 0.003 -21"><span class='ocrx_word' id='word_1_835' title='bbox 2069 5361 2174 5396; x_wconf 90' lang='grc' dir='ltr'><strong><em>των</em></strong></span> <span class='ocrx_word' id='word_1_836' title='bbox 2210 5344 2432 5408; x_wconf 80' lang='grc' dir='ltr'>εἰκότως</span> <span class='ocrx_word' id='word_1_837' title='bbox 2454 5339 2592 5398; x_wconf 77' lang='grc' dir='ltr'>εἶναι</span> <span class='ocrx_word' id='word_1_838' title='bbox 2621 5345 2688 5399; x_wconf 85' lang='grc' dir='ltr'><strong><em>τά</em></strong></span> <span class='ocrx_word' id='word_1_839' title='bbox 2715 5347 2989 5417; x_wconf 78' lang='grc' dir='ltr'>σχήματα,</span> <span class='ocrx_word' id='word_1_840' title='bbox 3008 5348 3127 5400; x_wconf 78' lang='grc' dir='ltr'>ἐπεὶ</span> <span class='ocrx_word' id='word_1_841' title='bbox 3150 5348 3211 5399; x_wconf 82' lang='grc' dir='ltr'><strong><em>τὸ</em></strong></span> <span class='ocrx_word' id='word_1_842' title='bbox 3241 5347 3529 5403; x_wconf 75' lang='grc' dir='ltr'>κάλλιστον</span> <span class='ocrx_word' id='word_1_843' title='bbox 3545 5351 3659 5401; x_wconf 80' lang='grc' dir='ltr'><strong><em>τῶν</em></strong></span> 
     </span>
    </p>
   </div>
   <div class='ocr_carea' id='block_1_115' title="bbox 2069 5432 3649 5510">
    <p class='ocr_par' dir='ltr' id='par_1_115' title="bbox 2069 5432 3649 5510">
     <span class='ocr_line' id='line_1_116' title="bbox 2069 5432 3649 5510; baseline 0.003 -21"><span class='ocrx_word' id='word_1_844' title='bbox 2069 5432 2222 5499; x_wconf 83' lang='grc' dir='ltr'>ζώων</span> <span class='ocrx_word' id='word_1_845' title='bbox 2254 5439 2282 5490; x_wconf 87' lang='grc' dir='ltr'>ὁ</span> <span class='ocrx_word' id='word_1_846' title='bbox 2315 5436 2601 5508; x_wconf 81' lang='grc' dir='ltr'>ἄνθρωπος</span> <span class='ocrx_word' id='word_1_847' title='bbox 2648 5435 2788 5491; x_wconf 78' lang='grc' dir='ltr'>εἶναι</span> <span class='ocrx_word' id='word_1_848' title='bbox 2837 5439 3114 5510; x_wconf 79' lang='grc' dir='ltr'>νομίζεται</span> <span class='ocrx_word' id='word_1_849' title='bbox 3156 5439 3250 5492; x_wconf 76' lang='grc' dir='ltr'>καὶ</span> <span class='ocrx_word' id='word_1_850' title='bbox 3298 5440 3466 5494; x_wconf 82' lang='grc' dir='ltr'>εἰκὼν</span> <span class='ocrx_word' id='word_1_851' title='bbox 3494 5441 3649 5494; x_wconf 83' lang='grc' dir='ltr'>Θεοῦ.</span> 
     </span>
    </p>
   </div>
   <div class='ocr_carea' id='block_1_116' title="bbox 2065 5593 3642 5672">
    <p class='ocr_par' dir='ltr' id='par_1_116' title="bbox 2065 5593 3642 5672">
     <span class='ocr_line' id='line_1_117' title="bbox 2065 5593 3642 5672; baseline 0.004 -25"><span class='ocrx_word' id='word_1_852' title='bbox 2065 5593 2160 5672; x_wconf 83' lang='lat' dir='ltr'><strong><em>sub</em></strong></span> <span class='ocrx_word' id='word_1_853' title='bbox 2162 5595 2586 5672; x_wconf 50' lang='lat' dir='ltr'><strong><em>intelligentiam</em></strong></span> <span class='ocrx_word' id='word_1_854' title='bbox 2618 5597 2854 5672; x_wconf 80' lang='lat' dir='ltr'><strong><em>cadentis</em></strong></span> <span class='ocrx_word' id='word_1_855' title='bbox 2879 5597 3199 5666; x_wconf 78' lang='lat' dir='ltr'><strong><em>fabricatum</em></strong></span> <span class='ocrx_word' id='word_1_856' title='bbox 3221 5597 3410 5672; x_wconf 75' lang='lat' dir='ltr'><strong><em>uoluit,</em></strong></span> <span class='ocrx_word' id='word_1_857' title='bbox 3438 5607 3540 5653; x_wconf 82' lang='lat' dir='ltr'><strong><em>etc.</em></strong></span> <span class='ocrx_word' id='word_1_858' title='bbox 3637 5667 3642 5672; x_wconf 27' lang='grc' dir='ltr'>ι</span> 
     </span>
    </p>
   </div>
   <div class='ocr_carea' id='block_1_117' title="bbox 2136 5663 3646 5731">
    <p class='ocr_par' dir='ltr' id='par_1_117' title="bbox 2136 5663 3646 5731">
     <span class='ocr_line' id='line_1_118' title="bbox 2136 5663 3646 5731; baseline 0.003 -15"><span class='ocrx_word' id='word_1_859' title='bbox 2136 5663 2214 5731; x_wconf 86' lang='lat'><strong><em>(7)</em></strong></span> <span class='ocrx_word' id='word_1_860' title='bbox 2255 5663 2455 5722; x_wconf 75' lang='lat' dir='ltr'><strong><em>Verum</em></strong></span> <span class='ocrx_word' id='word_1_861' title='bbox 2511 5667 2751 5722; x_wconf 75' lang='lat' dir='ltr'><strong><em>Platonis</em></strong></span> <span class='ocrx_word' id='word_1_862' title='bbox 2807 5663 3027 5722; x_wconf 84' lang='lat' dir='ltr'><strong><em>sensum</em></strong></span> <span class='ocrx_word' id='word_1_863' title='bbox 3083 5670 3517 5730; x_wconf 84' lang='lat' dir='ltr'><strong><em>accuratissime,</em></strong></span> <span class='ocrx_word' id='word_1_864' title='bbox 3565 5667 3646 5720; x_wconf 69' lang='lat' dir='ltr'><strong><em>uti</em></strong></span> 
     </span>
    </p>
   </div>
   <div class='ocr_carea' id='block_1_118' title="bbox 2067 5735 3642 5806">
    <p class='ocr_par' dir='ltr' id='par_1_118' title="bbox 2067 5735 3642 5806">
     <span class='ocr_line' id='line_1_119' title="bbox 2067 5735 3642 5806; baseline 0.003 -19"><span class='ocrx_word' id='word_1_865' title='bbox 2067 5735 2225 5806; x_wconf 74' lang='lat' dir='ltr'><strong><em>solet,</em></strong></span> <span class='ocrx_word' id='word_1_866' title='bbox 2260 5736 2350 5791; x_wconf 86' lang='lat' dir='ltr'><strong><em>hic</em></strong></span> <span class='ocrx_word' id='word_1_867' title='bbox 2404 5738 2606 5806; x_wconf 86' lang='lat' dir='ltr'><strong><em>pariter</em></strong></span> <span class='ocrx_word' id='word_1_868' title='bbox 2657 5739 2968 5806; x_wconf 80' lang='lat' dir='ltr'><strong><em>explanavit</em></strong></span> <span class='ocrx_word' id='word_1_869' title='bbox 3026 5739 3224 5806; x_wconf 62' lang='lat' dir='ltr'><strong><em>saepius</em></strong></span> <span class='ocrx_word' id='word_1_870' title='bbox 3287 5739 3533 5792; x_wconf 81' lang='lat' dir='ltr'><strong><em>laudatus</em></strong></span> <span class='ocrx_word' id='word_1_871' title='bbox 3577 5737 3642 5792; x_wconf 90' lang='grc' dir='ltr'><strong>υ.</strong></span> 
     </span>
    </p>
   </div>
   <div class='ocr_carea' id='block_1_119' title="bbox 2065 5803 3603 5878">
    <p class='ocr_par' dir='ltr' id='par_1_119' title="bbox 2065 5803 3603 5878">
     <span class='ocr_line' id='line_1_120' title="bbox 2065 5803 3603 5878; baseline 0.001 -20"><span class='ocrx_word' id='word_1_872' title='bbox 2065 5803 2484 5863; x_wconf 61' lang='grc' dir='ltr'>Μοειιεωίυέίιι</span> <span class='ocrx_word' id='word_1_873' title='bbox 2519 5809 2660 5864; x_wconf 89' lang='lat' dir='ltr'><strong><em>notis</em></strong></span> <span class='ocrx_word' id='word_1_874' title='bbox 2692 5803 2758 5864; x_wconf 78' lang='lat' dir='ltr'><strong><em>ad</em></strong></span> <span class='ocrx_word' id='word_1_875' title='bbox 2791 5803 3204 5873; x_wconf 84' lang='lat' dir='ltr'><strong><em>Cudworthum,</em></strong></span> <span class='ocrx_word' id='word_1_876' title='bbox 3235 5824 3290 5878; x_wconf 89' lang='lat' dir='ltr'><strong><em>p.</em></strong></span> <span class='ocrx_word' id='word_1_877' title='bbox 3321 5809 3418 5863; x_wconf 82' lang='lat' dir='ltr'><strong><em>67l</em></strong></span> <span class='ocrx_word' id='word_1_878' title='bbox 3450 5822 3603 5878; x_wconf 70' lang='lat' dir='ltr'><strong><em>seqq.</em></strong></span> 
     </span>
    </p>
   </div>
  </div>
