3888 6494
210 281 355 341 i385

1400 288 1679 346 norma
1719 289 1806 346 ET
1842 278 2289 347 FRAGMENTA.

3321 291 3459 348 £86

208 402 345 455 Cum
386 402 442 455 in
480 402 713 473 confesso
753 405 843 472 sit,
876 398 1083 459 natura:
1119 406 1309 462 divina:
1353 411 1636 479 participes
1681 427 1790 463 esse
1822 419 1864 472 Α
1893 410 2107 480 gentilis
2143 407 2534 478 philosophus;
2566 405 2832 459 Macarius
2863 414 3073 470 noster,
3099 407 3319 476 rejectis
3348 411 3458 465 dsco

208 493 424 562 angelos
477 493 716 564 (quibus
745 507 939 554 natura
972 514 1073 554 sua
1107 500 1312 555 similes
1345 516 1468 556 esse
1497 503 1630 558 deos
1654 518 1787 558 suos

207 583 434 638 Graecus
469 588 826 642 interlocutor
851 598 1006 645 antea
1035 591 1377 660 jactitavcrat
1397 593 1437 662 ),
1463 593 1522 658 ii,
1549 595 1640 663 qui
1665 593 1786 646 deos

203 676 356 730 cultu
387 679 711 732 convenienti
743 681 942 747 colunt,
970 699 1070 736 non
1103 685 1158 737 in
1181 685 1344 754 ligno,
1376 696 1467 740 aut
1508 681 1657 749 snio,
1693 698 1785 740 aut

203 785 335 831 cere,
372 785 437 822 ea:
461 786 563 839 quo
589 771 932 826 simulacrum
965 775 1284 842 fabricatum
1309 787 1406 840 est,
1435 778 1599 831 Deum
1622 780 1788 832 inesse

201 873 450 915 statuunt
485 879 503 915 :
534 880 697 933 neque
723 866 906 931 iidem,
937 869 985 920 si
1011 883 1118 938 qua
1149 869 1233 922 sui
1264 880 1413 938 parte
1439 869 1638 923 idolum
1671 888 1787 924 mu-

201 955 424 1007 tilatum
460 955 550 1022 sit,
593 955 688 1009 Dei
715 957 881 1025 ipsius
914 959 1098 1011 uirtuti
1133 963 1428 1012 detractant
1459 961 1658 1031 aliquid
1690 978 1788 1030 pu-

202 1055 342 1099 tant.
371 1043 516 1099 Nam
539 1050 902 1102 commonendi
931 1065 1091 1103 causa
1118 1059 1326 1104 statuas
1356 1061 1403 1105 et
1438 1053 1628 1122 templa
1654 1055 1788 1107 anti-

197 1137 294 1206 qui
314 1148 623 1206 posuerunt,
648 1150 701 1194 ut
750 1141 840 1210 qui
886 1141 1182 1210 frequenter
1205 1160 1264 1196 eo
1299 1146 1562 1197 accessuri
1595 1155 1784 1209 essent,

197 1230 268 1284 de
297 1231 404 1285 Deo
436 1233 746 1302 cOgitarent,
774 1244 867 1287 aut
891 1236 1057 1288 otium
1089 1246 1297 1306 agentes
1324 1246 1374 1291 et
1403 1256 1435 1290 a
1464 1239 1667 1292 cretei-is
1693 1255 1785 1292 ne-

198 1324 358 1394 gotiis
385 1325 566 1393 feriati
591 1326 831 1394 precibus
874 1344 936 1380 ac
984 1329 1456 1398 supplicationibus
1492 1343 1783 1394 uteremur,

196 1429 288 1478 ea,
322 1413 510 1484 quibus
549 1415 860 1485 indigerent,
906 1418 1123 1489 quisque
1168 1431 1452 1488 poscentes.
1499 1419 1707 1474 Etenim
1731 1423 1778 1475 si

197 1506 319 1574 quis
355 1505 515 1558 amici
535 1505 814 1576 imaginem
839 1507 940 1560 sibi
975 1510 1206 1576 paravit,
1242 1526 1344 1563 non
1382 1511 1560 1580 utique
1599 1513 1655 1565 in
1684 1511 1782 1565 illa

204 1597 437 1649 amicum
465 1597 654 1661 inesse,
684 1613 846 1668 neque
869 1599 1102 1668 corporis
1134 1600 1300 1670 ipsius
1333 1611 1505 1667 partes
1535 1602 1786 1671 imaginis

201 1690 446 1757 partibus
494 1690 696 1743 includi
730 1701 903 1760 putat,
935 1693 1026 1746 sed
1066 1709 1158 1763 per
1197 1695 1482 1764 imaginem
1519 1696 1786 1751 declarari

203 1797 362 1834 suam
403 1799 528 1853 erga
557 1785 786 1838 amicum
826 1788 1228 1842 obserrantinm.
1255 1787 1452 1842 Oblata
1477 1798 1652 1842 autem
1679 1789 1782 1843 diis

200 1874 469 1942 sacriﬁcia
497 1891 599 1928 non
625 1885 730 1929 tam
772 1876 958 1931 honori
981 1878 1049 1931 iis
1087 1895 1218 1943 esse,
1248 1895 1408 1948 quam
1437 1880 1673 1934 indicare
1695 1881 1782 1950 af-

205 1964 400 2018 fectum
433 1982 633 2033 eorum,
664 1969 755 2038 qui
782 1971 1110 2038 sacri/want,
1155 1980 1204 2024 et
1247 1972 1483 2024 animum
1508 1989 1631 2042 erga
1658 1973 1782 2027 deos

201 2072 311 2110 non
334 2057 622 2126 ingratum.
654 2058 968 2114 Hominibus
1007 2078 1124 2116 vero
1157 2063 1449 2117 simulacra
1477 2064 1574 2117 illa
1600 2065 1784 2120 habitu

200 2149 403 2202 similia
423 2166 533 2203 esse
555 2151 816 2220 probabili
855 2154 1078 2218 ratione,
1125 2155 1251 2225 quia
1280 2156 1434 2208 homo
1467 2158 1783 2212 animalium

200 2242 608 2310 pulcherrimus,
634 2254 682 2298 et
707 2245 881 2315 imago
911 2243 1008 2298 Dei
1034 2263 1144 2300 esse
1170 2258 1427 2302 censetur.

278 2329 307 2399 §
341 2328 410 2384 Χ.
452 2328 733 2400 Porphyrii
754 2331 870 2386 loca
897 2333 962 2387 de
985 2336 1287 2389 simulacris
1311 2338 1710 2393 examinantur.

272 2421 428 2487 Quod
481 2422 526 2475 si
576 2423 691 2478 haec
719 2424 836 2492 ipsa
872 2440 1016 2480 nunc
1043 2425 1390 2482 conferamus
1413 2444 1536 2483 cum
1567 2430 1631 2484 iis
1661 2445 1782 2499 quae

199 2511 594 2586 Eusebius-(8)
645 2530 713 2568 ex
758 2515 1038 2584 deperdita
1081 2517 1364 2589 Porphyrii
1414 2521 1595 2575 libello
1640 2523 1779 2589 Περὶ

197 2603 582 2673 ἀγαλμάτων,
637 2605 704 2660 de
755 2608 953 2663 statuis
1005 2609 1120 2663 sive
1169 2610 1500 2681 imaginibus
1551 2614 1779 2667 deorum

196 2695 672 2761 commemoravit,
714 2712 944 2768 quaeque
992 2698 1044 2755 J.
1094 2699 1343 2756 Stobaeus
1372 2703 1449 2774 (9)
1498 2705 1681 2758 itidem
1713 2719 1780 2759 ex

195 2788 392 2841 eodem
445 2791 649 2860 scripto
697 2793 962 2860 servavit;
995 2804 1242 2849 exactam
1277 2795 1464 2864 utique
1500 2798 1782 2851 sententiae

195 2880 637 2936 convenientiam
703 2894 867 2954 atque
929 2886 1426 2955 interpretationem
1485 2887 1778 2943 Macariani

201 2972 516 3043 philosophi
542 2975 720 3032 verbis
755 2978 898 3032 haud
925 2978 1158 3033 multum
1203 2979 1504 3034 absimilem
1532 2982 1780 3036 animad-

1878 519 2112 556 'monum
2162 502 2503 563 simulacris,
2551 502 2915 569 damnatoque
2968 501 3250 570 gentilium
3311 505 3461 556 cultu

1888 593 2253 647 communiter
2305 593 2496 646 iisdem
2561 593 2843 661 praesnto,
2891 595 3054 646 verba
3105 592 3304 653 Mosis.
3342 595 3462 646 Diis

1888 703 1990 738 non
2022 685 2320 750 maledicos,
2352 685 2522 739 Exodi
2553 700 2687 748 χιιι,
2714 684 2805 746 28.
2837 701 2866 738 a
2890 683 3099 738 detorta
3136 686 3459 754 interpretu-

1889 776 2035 830 tione
2062 775 2358 830 adversarii
2389 773 2649 840 vindicat,
2683 789 2784 828 nec
2805 774 2873 828 de
2901 773 3207 828 simulacris
3233 777 3464 829 deorum

1887 870 2000 923 ullo
2033 867 2194 922 modo
2239 882 2304 922 ea
2337 866 2681 938 intelligenda
2712 881 2834 920 esse
2863 865 3204 920 demonstrat
3237 884 3252 920 :
3285 867 3466 936 siqui-

1887 961 2008 1016 dem
2044 960 2150 1014 diis
2183 973 2346 1013 sensu
2379 956 2691 1012 carentibus
2725 955 2973 1010 maledici
3001 971 3111 1010 non
3142 956 3338 1025 possit,
3364 972 3465 1012 nec

1885 1065 1976 1106 res
2002 1050 2299 1104 inanimata
2339 1048 2742 1104 benedicentem
2791 1048 3041 1111 honoret,
3090 1061 3192 1102 nec
3233 1048 3464 1102 maledi-

1886 1151 2099 1197 centem
2137 1142 2450 1196 ulciscatur.
2481 1138 2738 1209 Spectant
2769 1139 2876 1194 huc
2896 1138 3176 1210 sequentia
3200 1138 3465 1211 Magnetis

1890 1232 2062 1286 nostri
2109 1232 2272 1286 verba
2308 1251 2321 1286 :
2357 1231 2473 1286 Κᾶν
2501 1233 2791 1303 ἀγάλματα
2825 1233 2973 1301 φωνῇ
3004 1229 3098 1283 καὶ
3126 1229 3253 1301 δοκῇ
3285 1230 3464 1284 διαλέ-

1886 1323 2098 1391 γεσθαι,
2134 1323 2267 1394 μηδὲ
2301 1322 2510 1386 τούτοις
2549 1323 2714 1395 τιμὴν
2759 1321 2913 1386 ἀξίαν
2947 1320 3265 1392 προπίωμεν
3291 1335 3306 1352 ο
3342 1320 3465 1390 μηδ’

1889 1416 1955 1469 ἂν
1981 1415 2112 1486 λέγῃ
2147 1415 2384 1484 Mos-Boi};
2402 1431 2415 1444 ·
2443 1415 2626 1480 Θεοὺς
2657 1417 2728 1468 οὐ
2756 1413 3210 1483 κακολογήσας,
3241 1411 3313 1483 μὴ
3337 1413 3468 1483 περὶ

1886 1508 2091 1561 τούτων
2211 1505 2434 1570 τούτους
2464 1507 2713 1576 εἰρῆσθαι
2757 1506 3086 1576 νομίσωμεν.
3104 1504 3332 1558 Ἐκεῖνοι
3355 1505 3466 1575 γὰρ

1888 1599 2021 1662 θεοὶ,
2050 1599 2186 1670 πρὸς
2213 1599 2306 1662 οὓς
2328 1602 2356 1652 ὁ
2375 1599 2531 1666 λόγος
2552 1597 2645 1650 τοῦ
2677 1596 2811 1649 Θεοῦ
2842 1598 3077 1666 ἐγένετο,
3109 1597 3299 1668 ὥσπερ
3325 1600 3467 1650 ἐκεῖ·

1888 1708 1967 1743 νοι
1995 1689 2206 1761 Θερμοὶ,
2236 1687 2329 1752 οὓς
2358 1689 2418 1741 τὺ
2445 1688 2556 1760 πῦρ
2579 1686 2864 1759 ἐθέρμανε.
2896 1687 3031 1740 Θεοῦ
3075 1687 3130 1740 δὲ
3160 1687 3316 1755 λόγος
3339 1685 3465 1740 οὔτε

1815 1756 1860 1817 Β
1886 1756 2213 1845 λίθοις-σιτοτὲ
2243 1780 2367 1834 οὔτε
2399 1756 2572 1844 ξύλοις
2607 1756 2891 1851 ὲνῆγησεν,
2916 1779 3038 1832 οὐδὲ
3067 1781 3180 1841 τοῖς
3205 1777 3468 1848 ἀναισθή-

1886 1892 1997 1938 τοις
2029 1874 2278 1945 αἴσθησιν
2304 1874 2659 1944 ἐχορήγησεν.
2695 1871 3010 1926 Simulacris
3041 1881 3236 1935 autem,
3267 1887 3327 1923 ne
3350 1873 3468 1940 qui-

1880 1969 2003 2021 dem
2046 1969 2093 2021 si
2133 1968 2339 2021 vocalia
2379 1969 2509 2031 sint,
2540 1982 2601 2019 ac
2634 1965 2948 2019 ratiocinari
2973 1964 3276 2029 videantur,
3301 1963 3466 2015 hono-

1885 2075 1994 2112 rem
2038 2058 2207 2112 ullum
2245 2074 2424 2111 verum
2458 2057 2757 2126 deferamus
2789 2071 2807 2108 :
2837 2072 2928 2108 nec
2959 2057 3006 2108 si
3047 2054 3219 2108 Moses
3275 2055 3418 2106 dicat
3446 2067 3466 2105 :

1891 2169 1908 2201 ι
1941 2149 2056 2202 Diis
2082 2165 2184 2202 non
2212 2149 2512 2212 maledicos,
2547 2166 2564 2197 ι
2596 2146 2730 2199 illud
2751 2147 2814 2200 de
2839 2148 2942 2210 his,
2971 2147 3049 2200 vel
3070 2148 3162 2199 hos
3184 2148 3325 2215 ipsos
3356 2146 3467 2197 dici

1883 2242 2262 2295 existimemus.
2297 2239 2441 2294 Nam
2487 2241 2527 2293 ii
2573 2240 2649 2292 dii
2695 2249 2840 2305 sunt,
2866 2239 2934 2292 ad
2971 2256 3100 2309 quos
3125 2239 3336 2292 verbum
3368 2238 3466 2292 Dei

1882 2333 2117 2386 delatum
2149 2343 2248 2396 est,
2290 2342 2349 2386 ut
2397 2333 2438 2386 ii
2479 2332 2641 2386 calidi
2686 2342 2830 2399 sunt,
2859 2349 2987 2402 quos
3031 2332 3166 2402 ignis
3197 2332 3460 2400 calefecit.

1899 2417 2118 2472 Verbum
2147 2429 2325 2474 autem
2352 2419 2449 2473 Dei
2484 2436 2642 2490 neque
2687 2422 2742 2473 in
2765 2426 2910 2474 saxis
2940 2437 3192 2490 unquam,
3220 2436 3379 2489 neque
3405 2421 3463 2472 in

1883 2511 2042 2582 lignis
2072 2512 2329 2574 insonuit,
2362 2527 2522 2580 neque
2549 2511 2885 2565 insensilibus
2922 2528 3128 2564 sensum
3162 2511 3367 2566 tribuit.
3397 2511 3466 2566 Ει

1882 2605 2072 2674 paucis
2105 2605 2404 2674 interjectis
2435 2605 2585 2658 addit
2620 2624 2634 2659 :
2667 2605 2908 2673 Μωῦσῆς
2939 2601 3030 2658 οὖν
3061 2607 3159 2658 οὐκ
3199 2607 3462 2677 avemus.

1883 2715 2006 2761 τους
2043 2697 2191 2765 λέγει
2231 2695 2643 2765 κακολογεῖσθαι
2671 2696 2846 2760 Θεούς.
2879 2697 2943 2748 Ti
2977 2699 3084 2768 γὰρ
3113 2696 3172 2750 τὸ
3203 2697 3466 2767 ἀναίσθηο

1880 2806 1972 2842 τον
2017 2788 2481 2860 κακολογούμενον
2527 2788 2679 2859 παρά
2715 2790 2857 2852 τινός
2892 2806 3022 2842 ποτε
3055 2788 3460 2860 λυπηθήσεταις

1884 2881 1982 2944 Τίς
2017 2881 2061 2934 δ’
2093 2879 2266 2944 οὕτως
2299 2881 2445 2944 ἐνεὺς
2473 2881 2568 2934 καὶ
2594 2882 2871 2951 φλήναφος
2903 2881 2997 2936 καὶ
3029 2881 3209 2954 μωρὸς
3234 2883 3461 2935 κακολοα

1881 2978 1996 3043 γεῑν
2037 2976 2212 3027 ἐκεῖνο
2242 2973 2303 3026 τὸ
2343 2973 2416 3045 μὴ
2455 2973 2748 3044 δυνάμενον
2784 2973 2850 3026 δι’
2882 2972 3013 3043 ὕλης
3042 2974 3341 3045 νεκρότητα
3366 2976 3464 3044 τῆς

198 3071 418 3118 vertere
455 3064 510 3118 in
534 3065 775 3135 'proclivi
801 3067 923 3122 erit.
955 3069 1032 3122 lbi
1061 3070 1205 3124 enim
1235 3069 1402 3125 totius
1427 3071 1659 3126 instituti
1691 3088 1776 3126 ra-

1884 3065 2206 3134 κακολογίας
2236 3065 2508 3136 διακρῖναι
2537 3065 2634 3136 τὴν
2663 3064 2856 3136 ῦϐριν;
2890 3065 3050 3118 Ὅθεν
3080 3065 3200 3118 οὐδὲ
3232 3065 3342 3118 Θεοὶ
3372 3067 3464 3118 οὑ-

203 3154 416 3210 tionem
445 3156 521 3211 ita
556 3160 795 3230 exponit,
822 3176 882 3216 se
926 3162 1124 3218 divinae
1169 3163 1446 3233 sapientia:
1491 3179 1689 3219 sensus
1727 3174 1781 3220 et

196 3246 431 3302 consilia
461 3251 860 3320 expositurum,
891 3253 1091 3324 quibus
1135 3253 1306 3309 Deum
1341 3264 1395 3311 et
1427 3257 1779 3326 multiplicem

201 3340 303 3394 Dei
347 3341 455 3396 vim
505 3353 668 3414 atque
702 3355 1020 3416 potestatem
1066 3347 1394 3416 imaginibus
1429 3349 1613 3403 sensui
1643 3365 1779 3404 con-

197 3434 526 3499 grnentibus
554 3435 867 3491 indicarunt
896 3438 954 3500 ii,
1003 3438 1095 3508 qui
1137 3454 1224 3494 res
1255 3439 1557 3494 invisibiles
1585 3441 1778 3496 visibiv

195 3524 350 3577 tibus
379 3523 688 3581 simulacris
720 3529 773 3580 in
794 3543 985 3582 eorum
1014 3529 1241 3600 gratiam
1269 3540 1663 3600 expresserunt
1684 3533 1777 3602 qui

197 3614 379 3682 prima
406 3615 472 3670 de
502 3615 606 3670 diis
628 3617 891 3672 elementa
923 3634 1223 3690 eorumque
1246 3621 1548 3676 doctrinam
1570 3638 1635 3677 ex
1669 3633 1781 3677 sta-

197 3706 314 3759 tuis
350 3715 602 3777 tanquam
624 3723 690 3763 ex
715 3709 913 3765 libellis
939 3713 1170 3767 recitare
1197 3713 1521 3768 didicerant.
1557 3714 1779 3784 Θαυμα-

197 3795 330 3848 στὸν
371 3795 428 3849 δὲ
476 3798 648 3864 οὐδὲν,
682 3802 877 3871 pergit,
910 3800 1041 3866 ξύλα
1087 3802 1180 3855 καὶ
1223 3801 1404 3867 λίθους
1433 3803 1681 3875 ἡγεῖσθαι
1709 3804 1776 3858 τὰ

195 3889 368 3955 ξόανα.
393 3892 518 3954 τοὺς
551 3891 978 3962 ἀμαθεστάτους,
1007 3895 1152 3949 καθὰ
1175 3894 1237 3966 δὴ
1263 3897 1356 3949 καὶ
1380 3895 1488 3949 τῶν
1512 3897 1765 3968 γραμμά-

194 3995 309 4032 των
354 3980 404 4032 οἱ
448 3981 682 4052 ἀνόητοι,
725 3982 904 4048 λίθους
938 3986 1038 4056 μὲν
1069 3984 1236 4057 ὁρῶσι
1261 3987 1360 4049 τὰς
1394 3985 1614 4053 στήλας,
1645 3987 1777 4053 ξύλα.

193 4073 256 4124 δὲ
306 4074 408 4137 τὰς
462 4075 695 4142 δέλτους,
747 4076 1123 4150 ὲξυφασμένην
1171 4077 1227 4132 δὲ
1273 4079 1522 4151 πάπυρον
1554 4079 1651 4142 τὰς
1695 4079 1776 4150 βξ-

194 4165 382 4230 ῶους.
424 4165 620 4221 Mirum
663 4169 826 4222 uideri
871 4187 971 4224 non
1003 4171 1172 4237 debet,
1201 4171 1248 4225 si
1289 4169 1455 4240 ligna,
1487 4169 1533 4222 si
1571 4169 1772 4238 lapides

193 4258 494 4312 simulacra
537 4263 755 4313 deorum
785 4277 895 4315 esse
930 4261 1164 4316 homines
1191 4262 1577 4329 imperitissimi
1625 4262 1771 4314 arbi-

196 4359 430 4413 trentur,
465 4352 678 4418 perinde
707 4370 834 4407 sane
869 4362 926 4406 ut
969 4355 1028 4417 ii,
1064 4355 1152 4418 qui
1188 4355 1340 4408 rudes
1371 4355 1646 4424 ignarique
1680 4353 1772 4406 lit-

1883 3155 1939 3208 δὲ
1986 3154 2236 3225 αἴσθησιν
2284 3154 2496 3225 ἔχοντες
2530 3153 3164 3226 προπηλακισοήσονται,
3195 3155 3303 3206 οὐδ’
3329 3156 3464 3224 ἀμύ-

1879 3246 2061 3298 νονταί
2109 3263 2230 3299 τινα
2272 3246 2454 3315 νεκροὶ
2493 3244 2591 3316 τὴν
2625 3245 2786 3314 φύσιν
2834 3246 2985 3310 ὄντες
3035 3247 3130 3299 καὶ
3171 3246 3261 3298 τὸν
3305 3247 3464 3314 λόγον

1880 3339 2145 3410 ἀκίνητοι.
2198 3337 2368 3391 Moses
2418 3339 2594 3407 itaque
2631 3337 2734 3390 diis
2771 3354 2925 3391 sensu
2966 3339 3265 3391 carentibus
3307 3343 3464 3392 ntale-

1879 3432 1987 3484 dici
2029 3447 2177 3499 posse
2213 3447 2315 3483 non
2352 3441 2544 3484 censet.
2578 3429 2722 3483 Nam
2761 3430 2901 3499 quod
2945 3447 3099 3484 sensu
3137 3441 3298 3496 caret,
3329 3447 3464 3500 quo-

1880 3524 2034 3577 modo
2058 3524 2133 3589 id,
2166 3525 2212 3576 si
2233 3525 2350 3593 quis
2376 3525 2424 3577 ei
2449 3523 2754 3588 maledicat,
2783 3541 3011 3594 unquam
3042 3524 3334 3578 doliturum
3354 3525 3462 3578 est?

1880 3616 2012 3681 Quis
2040 3633 2158 3670 vero
2191 3617 2321 3670 adeo
2350 3617 2616 3685 stupidus,
2645 3617 2826 3686 fatuus
2856 3635 2918 3672 ac
2945 3619 3162 3684 stultus,
3200 3627 3258 3670 ut
3301 3617 3466 3671 male-

1877 3708 2022 3762 dicat
2047 3707 2130 3762 illi
2157 3709 2232 3762 rei
2257 3724 2394 3777 quae,
2427 3708 2554 3777 quia
2599 3710 2824 3763 materia
2849 3721 3056 3764 constat
3079 3719 3310 3775 mortua,
3343 3727 3467 3764 con-

1879 3801 2152 3854 tumeliam
2203 3800 2474 3854 maledicti
2508 3800 2801 3870 intelligere
2827 3819 2930 3856 non
2957 3804 3166 3871 potest."
3191 3803 3462 3869 Quamob-

1877 3909 1986 3948 rem
2033 3910 2124 3948 nec
2172 3893 2250 3947 dii
2294 3909 2448 3947 sensu
2491 3904 2726 3948 carentes
2777 3896 3120 3949 contumelias
3165 3897 3460 3965 patientur,

1876 4000 1968 4037 nec
2011 4000 2322 4054 quemquam
2353 3984 2696 4050 ulciscentur,
2735 3996 2929 4040 natura
2972 4003 3072 4040 sua
3117 3988 3314 4040 mortui
3337 4003 3458 4039 cum

1875 4078 1980 4131 sint
2001 4086 2051 4130 et
2078 4077 2384 4133 immobiles.
2421 4077 2672 4134 Julianus
2704 4081 2983 4149 Apostata,
3015 4096 3176 4149 quem
3209 4079 3463 4150 Porphy-

1874 4169 1944 4222 rii
1985 4169 2207 4238 vestigia
2259 4168 2574 4239 frequenter
2612 4171 2810 4241 legisse
2842 4173 3069 4241 ersque
3113 4173 3329 4241 placitis
3361 4175 3456 4226 ἤι’-

1875 4260 2034 4314 miter
2059 4260 2341 4315 inluesisse
2372 4269 2611 4325 consmt,
2660 4264 2841 4318 verbis
2889 4264 3161 4331 Mos-sicis,
3202 4267 3318 4320 Diis
3351 4284 3456 4321 non

1875 4351 2173 4415 maledices,
2193 4353 2441 4408 eumdem
2478 4355 2636 4424 plane
2665 4356 2932 4410 absonum
2965 4373 3186 4412 sensum
3215 4362 3458 4415 allinxis-

192 4452 456 4510 terarum,
485 4445 660 4514 cippos
688 4448 896 4515 quidem
926 4462 1030 4498 non
1067 4447 1226 4499 aliter
1266 4463 1328 4500 ac
1363 4446 1585 4515 lapides,
1619 4445 1772 4498 tabu-
1802 4443 1848 4503 D
1875 4459 1934 4498 se
1977 4443 2214 4509 videtur,
2266 4461 2388 4500 cum
2443 4447 2786 4505 Christianos
2839 4462 3073 4506 mentem
3126 4453 3455 4522 legislatoris

189 4533 278 4587 ias
305 4550 424 4587 vero
456 4551 558 4588 non
602 4552 746 4589 secus
785 4550 941 4606 atque
974 4536 1138 4606 ligna,
1172 4537 1336 4591 libros
1369 4537 1590 4608 denique
1615 4538 1769 4606 quasi

190 4635 495 4679 contextam
522 4643 779 4696 papyrum
806 4630 1094 4682 intuentur.

346 4740 373 4811 §
402 4738 492 4792 XI.
539 4740 795 4808 Magnetis
820 4743 1082 4808 responsio
1110 4741 1178 4793 ad
1203 4741 1540 4809 objectionem
1563 4753 1627 4795 ea:

624 4811 793 4863 Exod.
827 4827 961 4876 χχιι,
987 4814 1074 4870 28.
1101 4813 1342 4880 petitam.

266 4898 478 4953 Novum
507 4915 634 4968 ergo
667 4904 975 4970 pt‘azsitlittln
1006 4903 1225 4956 insulsa:
1251 4901 1526 4971 opinionis
1555 4902 1620 4956 de
1650 4903 1766 4956 enl-

187 5001 252 5044 tu
285 4992 702 5045 simulacrorum
755 5009 877 5048 cum
930 4995 984 5046 in
1036 4994 1208 5048 sacris
1252 4993 1444 5046 litteris
1498 5003 1764 5062 quaereret

187 5148 347 5275 97(8)
395 5149 631 5218 Prtepar.
664 5169 841 5222 evang.
891 5151 984 5207 lib.
1020 5167 1101 5216 ιιι,
1154 5166 1276 5220 cap.
1314 5150 1344 5204 7
1372 5166 1552 5221 seqq.,
1596 5168 1648 5221 p.
1687 5168 1759 5205 m.

296 5236 449 5275 sequ.

296 5236 425 5275 δεξιῇ
437 5258 449 5269 .

474 5289 681 5358 Eclogis
701 5291 930 5359 physicis
957 5307 984 5344 a
1013 5289 1278 5344 Gulielmo
1311 5289 1545 5346 Cantero
1577 5290 1758 5353 editis.

180 5360 288 5432 lib.
335 5375 374 5423 ι,
402 5377 453 5414 c.
474 5360 534 5432 ⁸1,
563 5362 695 5432 Πξρὶ
719 5361 854 5413 Θεῶν
877 5362 968 5414 καὶ
993 5360 1183 5425 Θείων,
1217 5362 1308 5415 ubi
1342 5362 1550 5432 primus
1578 5363 1760 5415 statim

182 5429 370 5493 locus,
394 5429 486 5497 qui
514 5430 567 5483 in
595 5429 916 5485 canteriana
938 5433 1170 5485 editione
1188 5429 1481 5494 ἀδὲστέοτος
1512 5432 1759 5491 habetur.

180 5498 562 5571 eerorphyrii
597 5501 734 5554 libro
761 5502 896 5568 Περὶ
930 5501 1284 5571 ἀγαλμάτων
1313 5504 1633 5571 desumptus
1657 5511 1758 5562 est.

182 5570 266 5622 uti
318 5583 386 5623 ex
425 5569 567 5624 msto
617 5571 811 5624 Stobaai
848 5569 1104 5627 Vaticano
1154 5581 1306 5626 notat
1353 5569 1671 5624 Holstenius
1707 5576 1758 5625 in

194 5637 321 5693 Vita
347 5639 649 5710 Porphyrii,
681 5657 799 5710 cap.
835 5639 920 5695 10.
947 5640 1021 5695 lta
1052 5657 1181 5698 vero
1201 5658 1322 5698 sese
1355 5642 1517 5710 habet
1547 5641 1651 5696 iste
1682 5643 1762 5694 lo-

177 5722 286 5764 cus
318 5727 333 5764 :
369 5705 503 5773 Ζεῦς
527 5705 644 5763 ⁷οὖν
674 5713 702 5764 ὀ
736 5705 842 5774 ἐτᾶς
881 5711 1104 5782 κόσμος,
1155 5712 1291 5778 ζῶον
1339 5713 1404 5765 ἐκ
1454 5709 1630 5777 ζώων,
1665 5713 1759 5765 καὶ

501 5806 774 5867 Parnm.
809 5808 925 5866 Gn.

1871 4537 2226 4606 pervertisse,
2263 4546 2316 4590 et
2373 4537 2692 4592 detestanda
2745 4541 2950 4596 scelere
2999 4553 3167 4613 atque
3226 4545 3455 4600 audacia

1868 4623 2086 4682 omnem
2155 4627 2474 4696 religionem
2529 4630 2860 4686 multitudini
2923 4633 3164 4689 adimere
3211 4636 3456 4692 voluisse

1867 4718 2207 4782 criminatur,
2233 4720 2362 4773 dum
2417 4735 2480 4774 es
2533 4735 2619 4786 eo,
2648 4723 2794 4792 quod
2827 4738 2932 4778 non
2965 4726 3037 4779 sit
3065 4726 3170 4782 diis
3209 4728 3452 4782 servien-

1866 4807 2020 4875 dum,
2053 4823 2394 4879 consequens
2422 4826 2543 4865 esse
2573 4823 2879 4878 statuerint,
2914 4816 3060 4884 quod
3093 4817 3200 4871 diis
3232 4819 3304 4872 sit
3328 4833 3450 4872 mae

1866 4899 2206 4955 ledicendum
2243 4901 2376 4971 (l0).
2413 4900 2613 4956 Verum
2660 4913 3020 4976 praeterquam
3066 4908 3212 4978 quod
3261 4908 3451 4963 divino

1866 4991 2164 5064 lcgislatori
2199 4994 2541 5063 apertissime
2573 5011 2752 5051 sermo
2803 4998 2875 5052 sit
2905 4998 2987 5054 ‘de
3036 5001 3450 5071 magistratibus

1867 5147 1985 5213 θεὸς
2011 5152 2074 5231 ex
2103 5149 2262 5231 θεῶν·
2301 5151 2437 5231 gain;
2474 5151 2532 5206 δὲ
2569 5154 2662 5231 nat
2687 5155 2821 5231 διαθὸ
2849 5156 2991 5219 νοῦς,
3023 5157 3118 5226 ἀφ’
3149 5153 3209 5212 οὗ
3239 5159 3449 5231 προφέ-

1867 5237 1950 5297 pst
1978 5221 2174 5297 πάντᾳ,
2200 5222 2282 5274 ὅτι
2304 5221 2621 5297 δημιουργεῖ
2644 5229 2755 5288 τοῖς
2779 5221 3147 5297 νοήμασινξκ.
3173 5247 3224 5282 τ.
3261 5221 3309 5282 λ’.
3349 5221 3449 5284 3η-

1864 5293 2001 5365 piter
2028 5292 2235 5365 quidem
2262 5301 2401 5345 totus
2428 5292 2650 5346 mundus
2677 5292 2894 5360 dicitur,
2927 5298 3130 5350 animal
3151 5315 3216 5352 ea:
3235 5302 3446 5354 anima-

1864 5359 2104 5437 libus.'ct
2135 5377 2324 5415 numen
2373 5379 2438 5416 ea:
2486 5366 2786 5421 numinibus
2828 5359 3201 5435 compositum;
3233 5371 3446 5437 Jupiter

1863 5431 2024 5508 etiam
2069 5447 2311 5508 suprema
2351 5450 2514 5495 mens,
2553 5438 2732 5508 omnia
2762 5431 3074 5500 producens,
3105 5431 3442 5508 quandoqui-

1862 5499 1980 5576 dem
2033 5502 2210 5576 omnia
2256 5507 2610 5576 sunt_mentis
2656 5523 2834 5574 opera.
2867 5519 2972 5562 etc.
3024 5499 3178 5574 Quas
3219 5499 3442 5576 quidem

1862 5570 2024 5648 verba
2084 5572 2309 5648 ipsemet
2368 5572 2645 5648 [Eusebius
2681 5570 2922 5646 Prwpar.
2981 5570 3166 5648 erattg.
3227 5570 3320 5636 lib.
3361 5599 3444 5648 ιιι,

1862 5656 1910 5694 e.
1943 5641 2199 5716 ξλερκ-ιιι.
2239 5644 2360 5709 tot,
2391 5644 2688 5716 Porphyrio
2711 5641 2922 5716 auctori
2960 5641 3225 5704 attribuit.

1935 5709 2042 5781 (10)
2084 5709 2381 5768 Videantur
2463 5709 2621 5769 verba
2694 5715 2896 5777 Juliani
2966 5720 3112 5788 apud
3177 5719 3446 5792 Cyrillum

2985 5813 3056 5874 ’s's
