3888 6518
421 266 557 322 1387

1701 261 2057 320 MACARIUS
2096 263 2394 320 MAGNES.

3536 267 3674 321 ιδεε

417 395 470 440 tt
503 384 834 456 principibus
869 385 1069 455 populi,
1110 387 1306 456 quibus
1337 395 1591 455 tanquam
1623 387 1727 442 diis
1755 387 1808 440 iu
1845 397 1986 441 terra
2020 391 2058 447 Α
2094 385 2206 455 Ipsi
2229 388 2417 457 quippe
2445 402 2497 439 se
2527 386 2666 455 ipsos
2701 386 2833 439 satis
2865 385 3133 448 la‘serunt,
3158 401 3278 438 cum
3308 385 3542 453 primam
3575 390 3678 438 im-

416 477 848 532 maledicendum
871 493 990 534 esse
1021 487 1183 542 vetat,
1215 477 1360 533 coni.
1388 479 1506 535 Act.
1544 494 1699 543 unt,
1725 479 1791 546 5;
1821 480 1990 548 aptis-

414 570 555 626 sime
584 571 808 626 omnino
836 586 904 625 ex
933 580 1113 625 mente
1145 571 1446 640 gentilium,
1465 572 1559 642 qui
1589 573 1704 626 haec
1727 572 1794 626 ad
1822 571 1991 626 simu-

381 663 562 717 .lacra
597 661 819 718 deorum
860 663 1165 728 trahebant,
1197 661 1413 718 Iuliano
1440 662 1730 732 respondet
1752 659 1989 733 Cyrillus

409 756 812 813 Alexandrinus
845 755 1017 828 (II):r
1037 755 1304 813 Caeterum
1339 756 1474 811 sciat
1502 757 1694 827 legem,
1728 755 1838 810 imo
1861 769 1989 810 vero

410 851 546 922 legis
576 851 890 912 Dominum,
918 847 1174 905 Israelitis
1193 850 1386 920 jubere
1408 857 1468 903 ut
1492 863 1617 903 aras
1643 854 1906 910 evertant,
1933 855 1989 901 et

407 956 519 996 una
555 956 680 998 cum
714 941 928 1011 templis
953 941 1242 996 simulacra
1282 941 1623 1002 comburant,
1651 938 1814 993 sicuti
1848 936 1988 992 scri-

407 1043 561 1104 ptum
599 1034 656 1090 in
684 1033 1112 1089 Deuteronomio
1135 1051 1285 1106 rcap.
1305 1048 1406 1095 xu,
1439 1031 1492 1096 1,
1522 1031 1580 1096 2,
1614 1031 1666 1085 5.
1695 1027 1832 1083 Hinc
1863 1042 1984 1097 per-

407 1125 484 1194 git
521 1127 610 1179 :‘O
644 1124 847 1196 βωμοῖς
888 1125 981 1177 καὶ
1023 1122 1305 1195 τεμένεσιν
1329 1122 1612 1192 ἐπιοήγων
1635 1121 1727 1174 τὸν
1767 1118 1984 1190 Ἰσραὴλ

403 1218 604 1289 χρῆναί
648 1235 707 1270 τε
754 1218 927 1288 λέγων
977 1220 1105 1283 τοὺς
1153 1222 1212 1272 ὲν
1257 1219 1439 1282 αὐτοῖς
1490 1215 1980 1288 καταπιμνπρᾶσθαι

404 1306 581 1371 θεοὺς,
597 1306 698 1379 ἔφη
715 1306 799 1370 ἂν,
820 1308 940 1362 εὶπέ
961 1326 1070 1380 μοι,
1087 1309 1215 1381 περὶ
1230 1309 1426 1373 αὐτῶν,
1443 1309 1624 1374 Θεοὺς
1639 1311 1708 1362 οὐ
1730 1311 1979 1362 κακολο-

401 1393 633 1462 γήσεις,
676 1413 730 1449 κ.
766 1414 816 1450 τ.
851 1395 899 1449 λ.
929 1397 1032 1462 Qui
1080 1398 1132 1451 in
1184 1415 1306 1451 aras
1351 1410 1398 1453 et
1431 1398 1649 1452 delubra
1698 1397 1976 1451 Israelitas

401 1489 567 1549 acuit,
615 1487 858 1558 deosque,
897 1490 986 1558 qui
1031 1489 1278 1543 coluntur
1307 1489 1363 1542 in
1388 1490 1539 1558 ipsis,
1571 1488 1975 1543 concremandos

400 1578 500 1643 ait,
533 1579 740 1633 dixitne
755 1581 936 1645 etiam,
971 1580 1206 1643 obsecro,
1237 1580 1301 1634 de
1335 1580 1442 1634 illis
1470 1596 1488 1634 :
1524 1599 1542 1632 ι
1575 1579 1692 1634 Diis
1725 1597 1826 1634 non
1858 1597 1970 1634 ma-

402 1667 592 1722 ledicas
610 1669 636 1722 Ρ
664 1687 682 1719 ι

469 1779 497 1850 §
528 1781 640 1836 XII.
683 1782 760 1836 De
783 1784 944 1837 variis
976 1783 1273 1907 nominillms
1300 1793 1348 1838 et
1386 1782 1657 1854 generibus
1684 1784 1901 1838 deorum

1027 1855 1178 1907 ’aenti
1206 1856 1334 1907 ium.

1027 1855 1334 1924 ’gentilium.

434 2012 437 2014 _
469 1944 903 2018 Haudquaquam
931 1947 1007 2001 rei
1039 1963 1105 2001 ex
1137 1946 1377 2008 nomine,
1408 1946 1500 2000 sed
1543 1943 1782 2000 nominis
1813 1959 1878 1999 ex
1914 1959 1974 1999 re
2005 1934 2008 1937 ’

397 2042 682 2097 veritatem
729 2041 984 2110 pendere,
1022 2039 1076 2092 in
1112 2037 1485 2107 superioribus
1537 2037 1972 2091 demonstratum

397 2135 547 2189 dedit
591 2132 860 2187 Macarius
904 2130 1144 2201 Magnes.
1178 2129 1257 2182 Ex
1308 2129 1413 2183 isto
1472 2139 1650 2182 autem
1705 2127 1972 2196 principio

395 2242 545 2282 nunc
588 2226 754 2282 etiam
787 2224 938 2279 varia
985 2224 1226 2302 deorum
1254 2221 1534 2290 gentilium
1578 2221 1822 2283 nomina,
1853 2235 1974 2289 (pta:

395 2334 520 2374 cum
545 2317 663 2387 ipsa
696 2314 996 2371 divinitatis
1026 2301 1329 2370 substantia
1366 2327 1472 2366 non
1503 2301 1855 2374 conveniunt,
1887 2310 1973 2364 di-

389 2408 685 2480 judicanda
732 2406 1006 2477 proponit.
1042 2403 1252 2458 Etenim
1291 2403 1434 2473 quod
1487 2401 1756 2472 ejusmodi
1808 2401 1971 2455 rebus

394 2501 732 2563 inanimatis,
763 2515 885 2569 qua:
928 2513 1028 2553 nec
1067 2495 1292 2551 honoris
1330 2509 1430 2548 nec
1473 2493 1816 2548 contumelia:
1846 2508 1973 2547 sen-

393 2609 519 2650 sum
576 2592 746 2646 ullum
803 2590 1050 2658 accipere
1094 2593 1344 2657 possunt,
1376 2583 1549 2638 nihilo
1577 2591 1759 2637 tamen
1789 2580 1972 2636 minus

392 2687 620 2743 deorum
675 2683 894 2738 nomina
950 2678 1311 2750 imposuerint
1361 2676 1588 2748 gentiles
1621 2717 1636 2741 ,
1689 2675 1793 2729 hoc
1851 2674 1973 2744 ipso

393 2795 614 2836 summo
648 2775 872 2831 Numini
908 2775 1043 2830 nihil
1075 2773 1372 2843 quidquam
1403 2785 1504 2825 suo
1529 2770 1662 2824 vitio
1687 2768 1970 2833 decedere,

392 2873 490 2930 sed
524 2885 794 2928 summam
834 2877 1018 2923 tamen
1066 2865 1381 2920 mortalium
1430 2861 1800 2933 insipientiam
1848 2876 1972 2916 eos-

391 2967 530 3042 dem.
550 2965 654 3019 hac
689 2962 901 3017 ratione
934 2959 1160 3030 prodere
1189 2957 1261 3011 ita
1291 2963 1539 3010 autumat
1569 2953 1839 3009 Macarius
1873 2968 1971 3007 no-

356 3109 359 3111 _
391 3068 503 3113 ster
537 3076 550 3112 :
582 3058 644 3110 Ei
674 3055 730 3108 δὲ
758 3054 999 3125 ὀνόματα
1037 3046 1170 3104 θεῶν
1208 3048 1390 3119 ἔχουσι
1430 3047 1525 3100 καὶ
1569 3045 1878 3116 ἐπίκλησιν,
1905 3043 1968 3098 οὐ
1997 3078 2040 3140 C

387 3149 738 3222 λυμαίνονται
780 3147 843 3200 τὸ
876 3146 1049 3210 Θεῖον,
1075 3144 1150 3206 ὼς
1177 3143 1298 3196 οὐδὲ
1329 3139 1487 3204 κύνες
1519 3135 1967 3211 ἀνθρώπωνόνὸ-

391 3261 528 3315 μασι
573 3240 889 3312 τιμώμενοι.
920 3235 1112 3290 Πολλοὶ
1157 3232 1286 3303 γοῦν
1331 3230 1390 3298 ἐξ
1431 3229 1714 3301 εὐχερείας
1755 3228 1822 3282 τὰ
1852 3226 1987 3280 Θεῖα-

386 3337 500 3398 τοῖς
546 3332 792 3404 βεϐήλοις
826 3328 1098 3400 ἐπέθηκαν
1130 3324 1390 3396 ὀνόματα,
1429 3321 1579 3380 οὐδὲν
1609 3323 1666 3374 ὲν
1695 3319 1869 3390 τούτῳ
1899 3319 1969 3372 τὰ

389 3428 508 3481 θεῖα
541 3427 902 3497 λυπήσαντες,
925 3419 1022 3492 τὴν
1047 3419 1104 3472 δὲ
1128 3416 1278 3487 σφῶν
1307 3413 1616 3487 ἀφροσύνην
1652 3412 1812 3483 μόνον
1832 3413 1968 3480 ὲφα-

386 3521 651 3592 νέρωσαν.
688 3519 751 3571 El
777 3515 885 3587 γάρ
919 3531 1002 3577 τις
1034 3512 1152 3574 θεὸς
1182 3510 1277 3581 μὲν
1310 3507 1548 3576 λέγεται,
1583 3505 1678 3559 καὶ
1708 3504 1848 3559 θεῖον
1879 3505 1969 3559 οὐ-

386 3612 476 3666 δὲν
510 3611 643 3682 ἔχει,
673 3609 884 3681 ὑϐρίζει
926 3606 1026 3675 τὴν
1059 3603 1249 3672 κλῆσιν
1282 3599 1375 3655 καὶ
1407 3597 1680 3652 διαϐάλλει.
1709 3595 1965 3667 τοῦνομα,

385 3699 761 3771 ἀπαραίτητον
810 3695 1061 3764 ἔγκλημα
1107 3692 1286 3762 φέρων
1331 3688 1424 3742 καὶ
1474 3686 1820 3760 ἀδιόρθωτον.
1874 3688 1966 3758 Μὴ

385 3789 483 3848 οὖν
506 3790 734 3864 νομίσῃς
766 3789 824 3841 ἐν
861 3785 1034 3856 τούτῳ
1081 3783 1172 3836 τὸν
1218 3780 1632 3852 παντοκράτορα
1656 3777 1790 3831 Θεὸν
1815 3778 1968 3831 ἀνιᾶ-

387 3886 515 3940 σθαι
555 3883 648 3938 καὶ
684 3881 986 3951 δυσφορεῖν,
1013 3875 1114 3929 κᾶν
1163 3873 1352 3944 μέχρις
1397 3869 1642 3942 ἑρπετῶν
1686 3867 1831 3930 τινὲς
1857 3865 1968 3918 τῶν

385 3977 637 4050 ἀφρόνων
661 3973 722 4028 τὸ
748 3973 890 4026 Οεῖον
913 3967 1220 4039 κατέσυραν
1275 3966 1445 4035 ὂνομα
1465 3979 1480 3994 °
1512 3963 1667 4016 αὐτοὶ
1697 3961 1806 4034 γὰρ
1836 3963 1966 4014 ἑαυ-

383 4071 512 4133 τοὺς
555 4067 755 4129 ἱκανῶς
787 4063 1118 4134 ἐζημίωσαν,
1153 4059 1202 4111 οἱ
1233 4056 1329 4128 τὴν
1363 4055 1582 4127 πρώτην
1627 4054 1720 4108 καὶ
1765 4052 1965 4107 ἀνώλε-

386 4161 516 4232 θρον
563 4159 749 4212 οὐσίαν
799 4156 893 4209 καὶ
931 4153 1205 4222 ἀκήρατον
1246 4147 1395 4210 ὕλαις
1421 4147 1635 4216 ἀτίμοις
1665 4145 1967 4218 ἐπάραντες

385 4252 574 4321 ὖνομα.
605 4249 757 4314 Quod
797 4248 843 4300 si
884 4245 1102 4299 deorum
1129 4241 1342 4296 nomina
1370 4239 1562 4293 habent
1586 4248 1635 4292 et
1664 4253 1967 4308 cognomen-

386 4356 518 4408 tum,
548 4357 650 4394 non
681 4340 881 4393 idcirco
919 4335 1174 4404 injuriam
1199 4332 1425 4386 Numini
1456 4331 1681 4399 faciunt,
1711 4329 1965 4400 quemad-

385 4435 600 4490 modum
627 4448 717 4486 nec
753 4445 903 4482 canes
926 4427 1196 4481 hominum
1227 4422 1523 4477 nominibus
1550 4423 1746 4475 ornati.
1773 4421 1962 4491 Itaque
1996 4419 2038 4470 D

385 4528 543 4582 multi
586 4524 831 4580 licentius
875 4521 1055 4574 divina
1089 4517 1303 4571 nomina
1335 4515 1574 4584 profanis
1610 4513 1759 4567 rebus
1789 4515 1960 4581 impo-

385 4625 625 4682 suerunt,
654 4631 814 4686 neque
842 4615 896 4667 in
927 4628 987 4667 eo
1018 4609 1227 4664 Numen
1256 4608 1661 4670 contristarunt,
1685 4605 1774 4658 sed
1806 4621 1958 4657 suam

383 4713 648 4766 duntaxat
716 4706 1075 4776 insipientiam
1126 4702 1490 4773 prodiderunt.
1556 4695 1698 4750 Nunt
1747 4697 1794 4749 si
1840 4697 1958 4766 quis

384 4803 527 4857 Deus
569 4801 786 4864 dicitur,
819 4815 881 4852 ac
906 4798 1140 4850 divinum
1171 4793 1301 4848 niltil
1349 4791 1524 4854 habet,
1558 4788 1960 4858 appellationem

383 4893 592 4963 quidem
628 4889 826 4958 injuria
856 4889 1035 4957 afﬁcit,
1067 4902 1129 4940 ac
1175 4899 1358 4938 nomen
1390 4880 1770 4942 calumniatur,
1811 4877 1960 4930 inex-

383 4979 672 5034 cusabilem
722 4986 771 5032 et
825 4974 1221 5045 irreparabilcnt
1278 4972 1488 5040 culpam
1552 4970 1847 5030 sustinens;
1907 4977 1960 5019 at

383 5073 558 5140 ipsunt
581 5068 987 5135 omnipotentem
1026 5064 1194 5116 Deum
1224 5079 1284 5116 ea
1312 5079 1363 5114 rc
1389 5059 1718 5120 contristari,
1753 5074 1816 5110 ac
1852 5073 1960 5108 mo-

380 5160 510 5214 leste
536 5158 592 5212 id
622 5159 758 5226 ferre
789 5172 910 5209 cave
931 5156 1197 5208 existimes
1219 5169 1237 5215 ;
1263 5154 1361 5206 etsi
1396 5151 1464 5204 ad
1491 5152 1604 5219 ipsa
1633 5150 1840 5218 reptilia
1863 5148 1927 5200 de
1945 5177 1957 5186 -

381 5265 618 5322 pressum
649 5249 887 5301 divinum
929 5261 1111 5300 nomen
1159 5244 1395 5298 vecordes
1430 5243 1645 5313 quidam
1676 5240 1954 5292 traxerint.

382 5428 807 5483 Alexandrinum
850 5427 943 5482 lib.
979 5440 1054 5479 vn
1082 5435 1266 5478 contra
1289 5421 1590 5482 lulianum,
1627 5435 1680 5488 p.
1719 5435 1792 5472 ιιι.
1828 5418 1953 5473 258.

484 5500 570 5566 H)
611 5498 734 5553 Loe.
770 5498 973 5566 cit.,.p.
1007 5513 1079 5550 ιιι.
1111 5495 1217 5549 210
1243 5494 1370 5547 edit.
1409 5489 1748 5566 Spanbemii.

383 5645 418 5701 Ρ
606 5550 1086 5625 continentibus.
1122 5566 1357 5633 I’rtepar.
1380 5550 1562 5633 evang.
1595 5561 1690 5616 lib.
1723 5575 1775 5626 v,
1818 5573 1866 5616 c.
1893 5550 1953 5622 ἴ),

2093 480 2464 549 mortalemque
2491 489 2539 533 et
2561 479 2920 548 incorruptam
2949 480 3305 533 substantiam
3343 478 3539 532 vilibus
3565 495 3677 531 ma—

2046 565 2050 570 ’
2093 572 2234 627 teriis
2260 586 2442 624 nomen
2473 571 2854 640 imposuerunt.
2879 571 3018 624 Cum
3047 580 3177 641 ergo
3201 570 3482 625 daemones
3511 572 3678 625 modo

2089 665 2360 719 bonorum
2416 665 2697 735 geniorum
2749 679 3038 734 personam
3090 664 3390 734 vultusque
3443 665 3675 718 simula-

2088 770 2228 825 rent,
2255 758 2415 814 modo
2443 756 2747 814 caelestium
2781 759 2944 814 etiam
2986 757 3240 823 deorum,
3283 765 3382 811 aut
3441 757 3670 812 heroum

2088 849 2324 918 speciem
2372 863 2437 904 ac
2466 847 2696 903 formam
2731 856 3009 904 sumerent
3038 847 3183 916 (12);
3212 848 3414 917 ecquid
3443 848 3670 910 mirum,

2086 941 2129 996 si
2159 956 2346 995 eorum
2381 955 2598 1012 quoque
2630 943 2849 997 nomina
2879 941 3231 1010 sumpserint,
3272 942 3575 1009 ﬁctamque
3605 941 3670 994 il-

2084 1031 2192 1085 lam
2225 1033 2508 1087 numinum
2545 1033 2879 1088 molitionem
2921 1033 2975 1086 in
3009 1032 3194 1101 plures
3226 1031 3436 1087 classes
3465 1032 3668 1086 divise-

2081 1122 2230 1176 rint?
2259 1121 2390 1188 Qua:
2419 1132 2598 1177 tamen
2629 1139 2841 1189 omnes,
2870 1138 2993 1176 cum
3026 1121 3162 1175 nihil
3208 1121 3512 1190 quidquam
3546 1137 3670 1189 pro-

2082 1215 2369 1284 prietatum
2420 1217 2728 1271 divinarum
2773 1215 3285 1284 complecterentur,
3330 1215 3667 1284 augustissi-

2082 1321 2226 1358 mam
2263 1305 2352 1360 Dei
2376 1307 2791 1376 appellationem
2829 1304 3046 1374 injuriis
3081 1303 3491 1373 calumniisque
3519 1321 3668 1357 utor-

2081 1397 2266 1450 talium
2317 1398 2684 1468 subjecerunt.
2715 1397 2819 1464 Qui
2864 1397 3018 1460 solis,
3057 1396 3221 1458 lunae,
3268 1396 3437 1466 ignis,
3486 1406 3668 1463 terrae,

2079 1491 2356 1560 marisque
2382 1490 2583 1560 ﬁguras
2613 1490 2852 1544 humana
2879 1491 3059 1559 specie
3081 1489 3356 1544 exhibitas
3383 1489 3668 1550 colebant,

2077 1582 2279 1653 quique
2330 1583 2720 1638 elementorum
2772 1580 3084 1637 simulacris
3123 1580 3385 1650 imposito
3434 1578 3663 1644 Vestae,

2076 1674 2310 1739 Cereris,
2335 1673 2591 1744 Neptuni,
2623 1682 2717 1728 aut
2746 1673 2855 1729 alio
2889 1673 3128 1736 nomine,
3159 1673 3250 1728 illa
3281 1682 3550 1740 tanquam
3581 1672 3663 1726 vi-

2005 1746 2048 1800 Β
2079 1767 2319 1821 ventium
2348 1767 2574 1822 deorum
2603 1765 2806 1837 elligies
2832 1765 3207 1832 honorabant;
3243 1779 3432 1820 nonne
3461 1780 3493 1820 a
3533 1779 3661 1820 vera

2077 1857 2335 1929 religione
2382 1857 2678 1912 abhorrere
2717 1857 2972 1914 censendi
3005 1864 3157 1922 sunt,
3193 1871 3317 1925 qua:
3349 1865 3461 1911 tota
3497 1857 3662 1912 rebus

2077 1951 2240 2010 veris,
2283 1949 2440 2005 seriis
2479 1959 2534 2004 et
2575 1950 2890 2006 coelestibus
2916 1956 3149 2009 constat,
3186 1947 3512 2019 divinisque
3539 1966 3661 2019 per-

2075 2041 2402 2096 fectionibus
2453 2042 2653 2096 summi
2705 2038 2955 2095 Numinis
2997 2041 3327 2109 respondet?
3352 2039 3506 2096 Bene
3547 2042 3656 2110 jam

2076 2144 2189 2188 tum
2218 2132 2491 2187 Macarius
2523 2132 2576 2186 in
2622 2132 2926 2202 iragtneuto
2965 2130 3008 2184 ll
3048 2131 3474 2200 Ἁποκριτικῶν
3508 2134 3659 2187 dixe-

2073 2233 2159 2279 rat
2199 2243 2212 2278 :
2248 2223 2541 2278 ΚαλεῖσΟαι
2595 2224 2652 2277 δὲ
2707 2223 2932 2288 πολλοὺς
2977 2223 3130 2289 θεοὺς
3176 2225 3270 2278 καὶ
3318 2227 3574 2297 κυρίους.
3601 2227 3660 2279 οὐ

2073 2315 2258 2382 φοονεί
2285 2315 2437 2381 Θεὸς,
2464 2315 2620 2385 μόνον
2643 2317 2690 2368 εἰ
2716 2314 3104 2386 πλησιάζοντες
3126 2315 3274 2386 αὐτῷ
3298 2317 3400 2369 καὶ
3421 2319 3658 2384 γειτνιὰ-

2073 2404 2257 2470 ζοντες
2285 2404 2360 2475 τῷ
2389 2407 2485 2474 τῆς
2522 2405 2772 2475 Θεότητος
2799 2405 2940 2475 λόγῳ
2974 2406 3481 2476 συγχρωτίζωνται.
3518 2407 3659 2461 Mal-

2074 2506 2151 2549 l0s
2178 2498 2353 2556 autem
2377 2497 2551 2548 vocari
2581 2505 2627 2549 et
2657 2498 2778 2549 deos
2803 2507 2852 2549 et
2882 2496 3144 2558 dominos,
3163 2512 3276 2551 non
3303 2498 3532 2552 moleste
3558 2501 3656 2567 {ert

2073 2586 2236 2649 Deus,
2267 2588 2315 2642 si
2359 2588 2513 2640 modo
2541 2588 2578 2640 ii
2619 2589 3094 2657 appmpinquantes
3138 2589 3553 2660 accedentesque
3588 2590 3657 2644 ad

2070 2695 2190 2733 eum
2230 2696 2349 2733 cum
2400 2689 2592 2732 natura
2645 2679 2938 2733 divinitatis
2989 2679 3308 2737 coalescant.
3370 2681 3439 2735 Et
3495 2683 3654 2752 paulo

2072 2781 2195 2841 post
2224 2791 2237 2827 :
2269 2771 2400 2835 Θεὸς
2454 2772 2726 2844 μονάρχης
2764 2770 2840 2824 ὢν
2883 2772 2994 2828 καὶτ
3018 2772 3116 2842 τὴν
3167 2771 3329 2840 φύσιν
3369 2773 3566 2837 ἀῐδιος,
3594 2774 3654 2825 ού

2072 2865 2269 2920 κωλύει
2303 2865 2457 2928 θεοὺς
2487 2863 2766 2918 καλεῖσθαι
2792 2865 2919 2928 τοὺς
2947 2864 3230 2932 ἀγγέλους,
3269 2864 3541 2918 Θεοποιῶν
3563 2867 3656 2918 αύ-

2071 2959 2196 3021 τοὺς
2225 2960 2290 3029 τῇ
2326 2957 2471 3010 Οὲσει
2497 2956 2586 3009 τοῦ
2622 2957 2967 3028 πράγματος,
2997 2957 3058 3009 οὐ
3088 2957 3185 3026 τὴν
3214 2957 3427 3009 οἰκείαν
3451 2959 3538 3020 εἰς
3562 2960 3654 3010 αὐ-

2071 3050 2197 3113 τοὺς
2228 3049 2548 3120 ἀποτέμνων
2574 3049 2780 3112 οὐσίαν,
2817 3049 2937 3102 οὐδὲ
2985 3030 3357 3120 μέροςάὺτοῖς
3387 3050 3490 3121 τῆς
3519 3051 3654 3112 ιδίας

2069 3141 2407 3215 δωρούμενος
2448 3141 2681 3210 φύσεως.
2725 3140 2885 3205 Dens,
2917 3157 3033 3194 cum
3065 3141 3134 3194 sit
3164 3143 3452 3195 monarcha
3484 3153 3537 3195 et
3567 3160 3658 3194 na-

2073 3245 2195 3290 tura
2221 3251 2318 3290 sua
2348 3244 2596 3298 aeternus,
2631 3250 2733 3287 non
2765 3232 2982 3302 impedit
3015 3235 3143 3303 quin
3170 3234 3344 3302 angeli
3371 3235 3452 3286 dii
3477 3238 3652 3287 nomi—

2071 3339 2281 3396 nentur,
2307 3330 2562 3399 deiﬁcans
2613 3327 2813 3381 scilicet
2862 3344 2970 3391 eos,
3015 3327 3289 3381 divinitate
3340 3328 3410 3382 iis
3459 3329 3655 3381 addito

2071 3420 2204 3492 (non
2237 3420 2440 3490 innata)
2465 3437 2480 3486 ;
2506 3437 2608 3473 non
2634 3428 2807 3473 autem
2835 3417 3005 3472 divisa
3036 3435 3152 3471 cum
3177 3419 3241 3472 iis
3269 3435 3369 3471 sua
3394 3418 3653 3472 substan-

2071 3511 2169 3572 tia,
2204 3525 2294 3562 nec
2318 3518 2525 3562 natura:
2551 3525 2662 3562 sum
2689 3508 2926 3577 portione
2953 3509 3138 3562 iisdem
3161 3525 3427 3562 concessa.

2142 3603 2279 3658 Hinc
2325 3602 2490 3658 simul
2535 3601 2773 3656 concidit
2817 3601 2984 3671 impia
3028 3601 3312 3672 Porphyrii
3341 3603 3651 3662 sententia,

2069 3697 2164 3768 qui
2191 3695 2388 3751 summi
2423 3692 2674 3748 Numinis
2705 3692 3064 3748 sub-stantiam
3097 3701 3150 3746 et
3179 3691 3418 3747 inﬁnitas
3444 3706 3648 3761 opera-

2068 3791 2247 3846 tiones
2277 3789 2381 3844 sub
2412 3787 2581 3843 variis
2610 3785 2922 3841 nominibus
2965 3785 3189 3840 deorum
3233 3785 3519 3854 gentilium
3554 3802 3653 3839 er-

2069 3883 2256 3954 primi,
2309 3882 2402 3936 sed
2457 3880 2678 3935 nonnisi
2734 3879 2982 3933 eamdem
3026 3877 3361 3932 divinitatem
3411 3876 3646 3947 intelligi

2068 3977 2327 4032 audacter
2357 3989 2604 4029 asserere
2637 3971 2781 4027 haud
2818 3981 2903 4026 est
2931 3971 3138 4026 veritus
3167 3985 3182 4022 :
3215 3968 3486 4039 siquidem
3514 3985 3645 4024 cum

2067 4069 2292 4123 Platone
2319 4082 2425 4122 suo
2449 4079 2640 4119 omnes
2663 4065 2793 4118 deos
2820 4063 2981 4132 primi
3019 4061 3346 4129 secundique
3385 4060 3644 4130 principii

2067 4159 2439 4214 emanationes
2461 4154 2725 4226 quasdam
2757 4169 2820 4208 ac
2848 4151 3338 4222 proseminationes
3363 4165 3491 4205 esse
3518 4152 3645 4204 vin-

2067 4253 2214 4309 dicat
2248 4249 2381 4321 (15).
2431 4246 2688 4300 Eamdem
2736 4245 2940 4315 pariter
2987 4251 3218 4312 mentem
3264 4241 3436 4296 fuisse
3465 4240 3644 4295 Graia

2069 4341 2378 4416 philosophi
2407 4355 2532 4396 cum
2561 4337 2807 4406 Magnete
2839 4344 3026 4389 nostro
3061 4332 3411 4403 disputantis,
3444 4332 3647 4385 exinde

2069 4438 2359 4508 colligitur,
2389 4432 2534 4504 quod
2584 4432 2687 4486 diis
2725 4430 2842 4484 suis
2873 4444 2980 4482 non
3015 4426 3252 4482 nominis
3281 4435 3522 4486 tantum,
3552 4441 3646 4477 vc.

2069 4546 2191 4585 rum
2223 4529 2394 4598 ipsius
2419 4527 2582 4581 etiam
2611 4520 2908 4577 divinitatis
2937 4535 3062 4574 cum
3095 4531 3221 4571 vero
3250 4515 3360 4568 Deo
3389 4531 3646 4570 comnm-

2069 4625 2286 4675 nionem
2310 4616 2520 4680 tribuit,
2546 4613 2877 4681 eosdemque
2903 4617 3259 4679 augustorum
3291 4604 3516 4657 illorum
3545 4618 3643 4657 no-

2069 4711 2300 4771 minum,
2333 4703 2884 4775 incorruptibilitatis,
2911 4697 3334 4756 immortalitatis
3357 4705 3411 4749 et
3435 4696 3642 4766 impas-

2070 4799 2344 4854 sibilitatis
2367 4797 2630 4850 honorem
2664 4793 3011 4863 participare,
3038 4798 3199 4858 atque
3230 4787 3482 4856 ejusdem
3514 4800 3640 4841 cum

2069 4893 2180 4947 Deo
2219 4900 2426 4945 natura:
2455 4898 2737 4943 consortes
2772 4901 2895 4940 esse
2922 4884 3174 4953 opinatur
3203 4881 3338 4951 (14).

2071 5006 2098 5076 §
2129 5002 2266 5057 XIII.
2303 5001 2562 5076 Magnetis
2595 4997 2839 5076 doctrina
2869 4995 2934 5050 de
2957 4995 3168 5076 illrristo
3209 4990 3352 5072 ilio
3509 4991 3632 5042 uni-

2241 5061 2436 5143 genitb,
2463 5071 2674 5140 ejusque
2706 5067 3064 5122 incarnatione
3084 5073 3131 5116 et
3163 5061 3461 5114 miraculis.

2138 5165 2370 5219 lniinitis
2411 5164 2607 5218 divina
2637 5159 2887 5216 essentia:
2914 5155 3340 5227 perfectionibus
3385 5168 3639 5223 supremo

2066 5255 2308 5309 omnium
2331 5269 2511 5308 rerum
2541 5252 2786 5306 Creatori
2817 5249 3028 5317 solique
3059 5245 3368 5301 mouarclne
3393 5244 3640 5314 ἀγενήτῳ

2142 5408 2252 5494 ςίυὸ)
2291 5405 2788 5494 Conf.ml3'ttscbius,
2845 5402 3088 5473 Prwpar.
3142 5414 3329 5468 euang.
3368 5398 3466 5452 lib.
3515 5413 3633 5454 xm.

2065 5481 2423 5617 0.313;)Piiillle
2455 5476 2830 5617 (l'?:gtliettutni
2865 5542 2884 5596 l
2914 5560 2979 5617 ev
3007 5542 3321 5617 Apocriticis
3353 5538 3634 5609 Magni-tis,

2066 5635 2120 5689 p.
2146 5613 2297 5675 ’15οι
2330 5619 2418 5685 ‘22,
2449 5629 2498 5672 et
2528 5613 2886 5688 lfagrnentutn
2920 5615 3006 5679 Ill,
3040 5631 3092 5683 p.
3119 5613 3203 5665 Ml.
