3888 6496
230 308 367 372 i389

1380 320 1663 378 ΝΟΤΙΤΙΑ
1686 323 1790 396 ,ΕΤ
1831 312 2276 379 FRAGMENTA.

3335 334 3356 386 1
3367 332 3470 388 390

222 438 320 490 καὶ
347 435 658 499 δεσπόζοντι
698 435 805 488 τῶν
845 435 1087 507 γενητῶν
1131 436 1296 508 (conf.
1333 439 1354 492 l
1401 437 1542 494 Tim.
1589 422 1781 505 νι,’15.

1896 450 1945 493 et
1971 456 2062 509 per
2088 457 2142 496 se
2166 442 2477 496 subsistente
2501 427 2619 510 ᾧἲῖ
2652 427 2834 510 Verbo,
2867 445 3005 514 quod
3030 446 3315 500 secundum
3338 449 3469 503 ima-

224 531 314 600 16)
355 532 659 595 vindicatis,
689 532 950 602 cultuque
981 531 1156 602 ipsius
1197 549 1227 587 a
1270 533 1557 605 polytheite
1604 549 1796 605 super-

220 621 444 678 stitione
491 632 545 676 et
594 630 968 678 creaturarum
1018 625 1298 679 consortio
1347 633 1580 696 purgato
1624 625 1792 698 (coni.

218 709 328 767 lsa.
361 726 495 778 xui,
544 710 634 782 8);
679 711 951 769 Macarius
981 712 1201 784 Magnes
1229 715 1284 768 in
1330 713 1651 786 fragmentis
1700 732 1794 772 su-

217 805 544 876 perstitibus
592 807 798 860 nullam
827 807 1048 877 quidem
1099 801 1382 862 Trinitatis
1427 807 1792 863 Personarum

216 899 530 954 divinarum
561 900 818 955 diSertam
850 900 1024 970 injicit
1055 903 1408 966 mentionem,
1434 913 1564 957 cum
1591 901 1658 956 de
1690 903 1794 958 hoc

215 991 480 1061 mysterio
533 987 717 1046 nullus
752 991 852 1061 ipsi
895 992 1210 1060 disputandi
1257 993 1412 1047 locus
1460 1000 1606 1048 esset
1657 991 1788 1062 (l5).

213 1080 410 1138 Plures
443 1093 627 1138 tamen
656 1084 712 1138 in
747 1084 849 1138 hac
877 1097 983 1138 una
1012 1085 1249 1139 essentia
1287 1085 1470 1140 divina
1511 1098 1633 1140 esse
1659 1083 1792 1138 Per-

215 1192 403 1242 sonas,
437 1178 681 1248 ejusdem
719 1186 946 1242 naturae,
995 1177 1277 1248 qualitatis
1313 1187 1476 1246 atque
1516 1176 1790 1246 potentiae,

214 1272 454 1342 primum
496 1272 613 1344 ipsa
659 1273 992 1327 monarchize
1033 1273 1230 1327 divinae
1274 1271 1424 1326 notio
1469 1270 1538 1324 ab
1571 1281 1792 1325 auctore

215 1373 406 1419 nostro
437 1364 700 1430 stabilita,
746 1372 800 1418 et
847 1378 1012 1432 supra
1059 1361 1086 1433 §
1134 1363 1168 1418 5
1209 1363 1476 1432 explicata
1517 1361 1789 1432 indigitat,

214 1467 325 1522 qua
354 1454 407 1507 in
439 1452 650 1507 unitate
676 1450 843 1507 simul
884 1450 1206 1505 Trinitatem
1253 1449 1614 1504 Personarum
1641 1463 1792 1502 com-

212 1547 591 1616 plectebantur
613 1543 825 1612 antiqui
858 1541 1113 1598 Ecclesia:
1137 1541 1408 1596 doctores.
1437 1539 1639 1594 Deinde
1664 1554 1791 1593 vero

213 1654 329 1691 non
377 1637 560 1690 minus
602 1635 890 1705 pluralitas
935 1632 1298 1689 Personarum
1341 1648 1404 1686 cx
1447 1641 1792 1704 argumenta-

213 1729 363 1782 tione
391 1727 650 1797 Magnetis
679 1726 850 1780 nostri
881 1725 1134 1795 superius
1155 1725 1267 1795 jam
1299 1739 1412 1779 tum
1443 1723 1471 1796 ᾗ
1501 1725 1533 1778 6
1557 1724 1788 1778 adducta

1896 533 2064 603 ginem
2095 534 2157 586 ab
2197 549 2255 587 eo
2296 533 2429 587 nihil
2470 535 2671 604 di/fert,
2709 545 2757 589 et
2803 537 3056 606 wqualem
3095 539 3247 594 habet
3283 552 3468 609 poten-

1897 625 2047 676 tia‘m.
2117 623 2512 694 Antiquitatem
2576 625 2739 694 hujus
2811 629 3157 698 argumenti,
3224 642 3336 700 quo
3399 634 3468 686 ad

1895 713 2241 767 astruendam
2276 715 2476 769 Christi
2517 715 2857 770 divinitatem
2900 715 3172 772 Macarius
3213 719 3315 774 hoc
3346 719 3468 776 loco

1895 814 2031 857 usus
2083 812 2186 868 est,
2242 804 2438 860 exinde
2477 806 2720 875 primum
2763 821 3093 878 cognoscere
3130 810 3276 878 licet,
3318 813 3468 882 quod

1896 893 1953 951 S.
1986 895 2285 961 Barnabas,
2332 898 2422 951 vel
2443 899 2590 953 alius
2623 899 2815 953 saltem
2857 900 2958 954 arvi
2992 903 3279 970 apostolici
3325 905 3465 959 scri-

1893 992 2034 1052 ptor,
2056 984 2167 1052 jam
2199 993 2309 1038 tum
2340 986 2540 1040 saeculo
2567 986 2866 1056 apostolico
2889 989 3077 1044 eadem
3106 991 3316 1047 ratione
3337 1007 3468 1062 prae-

1893 1073 2267 1128 exsistenti'am
2298 1073 2418 1129 Filii
2453 1075 2544 1130 Dei
2575 1089 2700 1132 ante
2725 1078 3004 1133 conditum
3037 1081 3301 1136 mundum
3331 1099 3468 1152 pro-

1891 1165 2052 1221 basse
2070 1166 2286 1237 legitur.
2327 1169 2378 1223 ls
2410 1170 2555 1224 enim
2585 1171 2639 1224 in
2671 1170 2899 1240 epistola
2929 1172 3199 1228 catholica
3228 1175 3298 1228 ab
3323 1176 3467 1230 antio-

1893 1258 2018 1327 quis
2053 1259 2180 1312 olim
2214 1258 2473 1316 Ecclesiae
2501 1260 2756 1316 Patribus
2791 1264 2894 1317 sub
2939 1264 3160 1318 nomine
3201 1264 3465 1321 Barnabas

1894 1344 2123 1418 apostoli
2166 1352 2402 1414 lauda-ta,
2445 1353 2598 1422 juxta
2634 1356 2915 1426 antiquam
2954 1358 3262 1412 versionem
3315 1358 3466 1414 Lati-

1893 1457 2018 1496 nam
2037 1458 2156 1511 cap.
2181 1442 2214 1496 4
2250 1444 2362 1513 (16)
2385 1445 2496 1514 (ubi
2520 1445 2740 1501 Graccus
2773 1456 2955 1502 textus
2984 1449 3366 1521 desideratur),
3397 1453 3465 1506 de

1895 1530 2183 1588 Servatore
2216 1545 2403 1588 nostro
2437 1535 2516 1590 sic
2557 1537 2830 1607 loquitur:
2868 1539 2938 1591 Et
2969 1541 3038 1592 ad
3083 1539 3177 1594 hoc
3209 1541 3464 1595 Dominus

1891 1626 2141 1678 sustinuit
2167 1628 2280 1695 pati
2317 1643 2410 1695 pro
2435 1630 2618 1682 aninta
2648 1640 2849 1696 nostra,
2872 1649 2995 1685 cum
3023 1634 3091 1685 sit
3120 1635 3260 1687 orbis
3297 1644 3460 1687 terra-

1892 1733 2010 1769 rum
2065 1717 2342 1777 Dominus,
2392 1719 2477 1772 cui
2527 1720 2665 1772 dixit
2715 1721 2857 1792 (scil.
2910 1725 3048 1776 Deus
3102 1724 3266 1777 Pater
3316 1725 3451 1795 (17),

213 1823 508 1892 colligitur,
531 1821 584 1874 in
614 1833 720 1891 qua
754 1819 1018 1874 unitatem
1044 1819 1296 1874 essentia:
1321 1819 1517 1873 divina:
1541 1817 1646 1871 diis
1668 1817 1790 1885 qui-
1820 1788 1862 1841 Β
1890 1809 2088 1878 Quippe
2118 1810 2204 1864 cui
2237 1809 2416 1866 Moses
2454 1812 2508 1865 in
2541 1788 2798 1881 primaeva
2847 1816 3123 1869 creatione
3160 1818 3272 1871 btec
3298 1788 3460 1871 verba

213 1917 339 1971 dem
392 1907 670 1986 gentilium
705 1912 857 1968 falsis
895 1911 1206 1980 ﬁctitiisque
1250 1911 1465 1980 penitus
1493 1909 1786 1978 ahjudicat,

212 2006 435 2062 Christo
475 2014 655 2058 autem
697 2003 930 2058 Domino
964 2010 1153 2056 nostro
1199 2016 1324 2055 vere
1368 2016 1432 2054 ac
1462 2000 1678 2070 proprie
1709 1999 1788 2054 sic

213 2100 362 2155 dicto
406 2097 680 2168 propriam
713 2105 877 2164 atque
923 2095 1250 2164 peculiarem
1288 2102 1490 2155 tuetur,
1535 2091 1786 2147 ﬁrmissi-

215 2207 369 2246 mum
395 2190 584 2260 utique
612 2187 923 2258 praesidium
956 2186 1229 2240 advocans
1259 2200 1324 2239 ex
1356 2183 1787 2240 luculentissimo

215 2285 277 2339 S.
313 2283 546 2354 apostoli
586 2281 739 2336 Pauli
778 2279 1089 2335 testimonio
1115 2277 1132 2330 ι
1160 2277 1285 2332 Cor.
1315 2291 1437 2336 vm,
1469 2275 1524 2339 5,
1551 2275 1604 2329 6.
1644 2273 1786 2329 Tum

211 2378 451 2447 denique
501 2375 683 2430 divina
737 2374 917 2428 bazcce
971 2372 1174 2426 veritas
1230 2384 1260 2423 a
1317 2366 1554 2422 Macario
1599 2377 1786 2422 nostro

212 2473 457 2525 astruc'ta
503 2468 748 2522 omnium
794 2464 1032 2519 maxime
1077 2478 1143 2517 ex
1178 2461 1462 2531 perspicua
1506 2459 1623 2528 ejus
1652 2474 1785 2513 con-

210 2561 454 2618 fessione
484 2561 548 2615 de
573 2553 794 2613 Christo
825 2555 964 2610 Filio
989 2555 1082 2608 Dei
1123 2554 1398 2620 u’nigenito
1431 2550 1664 2605 dilucide
1689 2565 1785 2619 ap-

210 2662 388 2723 paret,
420 2650 476 2705 in
503 2665 612 2720 qua
643 2649 892 2704 eumdem
923 2659 1078 2701 vocat
1105 2645 1229 2697 Υἱὸν
1266 2643 1524 2715 μονογενῆ
1551 2642 1643 2695 τοῦ
1673 2643 1786 2694 Πα-

209 2735 362 2815 spec,
391 2741 724 2810 ἀπαύγασμα
755 2738 856 2808 τῆς
878 2736 1035 2806 δόξης
1052 2737 1152 2790 ’καὶ
1175 2734 1496 2807 χαρακτῆρα
1526 2733 1624 2803 τῆς
1655 2734 1786 2786 ὑπο-

213 2833 456 2896 στάσεως
485 2824 668 2894 αὑτοῦ,
695 2830 822 2884 item
847 2828 938 2881 τὸν
971 2827 1148 2892 ζῶντα
1182 2827 1275 2880 καὶ
1308 2824 1662 2878 ὑποστατικὸν
1692 2823 1785 2876 Λό-

211 2940 332 2994 γον,
359 2921 773 2996 ἀπαράλλακτον
825 2921 920 2974 καὶ
966 2917 1284 2988 ξσοδύναμον
1307 2933 1319 2946 ·
1357 2917 1556 2985 quibus
1590 2915 1780 2980 titulis,

205 3015 356 3070 duce
395 3013 675 3083 Scriptura
707 3023 888 3074 sacra,
921 3010 1123 3079 passim
1154 3006 1365 3076 antiqui
1397 3004 1654 3060 Ecclesiae
1685 3006 1783 3059 do-

206 3116 394 3162 ctores
414 3104 610 3158 Filium
636 3116 952 3172 nuncupare
976 3101 1174 3156 solent.
1205 3098 1327 3168 'lpsa
1355 3098 1648 3154 testimonii
1683 3098 1784 3152 hu-

204 3199 303 3268 jus
328 3197 490 3252 verba
511 3211 573 3250 ex
600 3193 915 3264 fragmentis
942 3191 1241 3254 ἁνεκδύτοις
1266 3189 1643 3244 Commentarii
1672 3187 1784 3242 Ma-

214 3291 398 3362 gnetis
439 3290 497 3343 in
549 3287 771 3343 Cenesin
814 3286 1049 3356 primum
1101 3283 1490 3353 producamus,
1541 3296 1661 3350 quae
1712 3280 1786 3334 ita

209 3382 451 3436 habent:
493 3378 568 3433 Τὸ
612 3379 741 3452 γὰρ,
791 3375 1143 3446 Ποιήσωμεν
1185 3374 1500 3441 ἄνθρωπον
1536 3371 1662 3426 κατ’
1705 3373 1786 3425 el-

209 3474 366 3526 κόνα
406 3471 700 3542 ἡμετέραν·
747 3469 845 3523 καὶ
886 3468 1012 3523 καθ’
1060 3466 1363 3536 ὁμοίωσιν,
1407 3464 1556 3518 οὐδὲν
1601 3463 1785 3533 ἕτερον

205 3566 501 3633 δείκνυσιν,
588 3566 669 3618 ὅτι
695 3561 982 3634 συμϐούλῳ
1011 3561 1278 3632 ἐχρήσατο
1302 3559 1330 3610 ὁ
1357 3557 1545 3628 Πατὴρ
1575 3555 1654 3625 τῷ
1689 3574 1784 3627 μο-

207 3659 421 3726 νογενεῖ
457 3654 618 3710 αὐτοῦ
659 3655 736 3726 τῷ
774 3653 887 3724 Υἱῷ
927 3652 1019 3705 ἐπὶ
1041 3653 1108 3724 τῇ
1142 3649 1330 3704 τούτου
1362 3650 1692 3719 κατασκευῇ,
1727 3649 1785 3712 ὃς

208 3752 332 3803 ἐστι
365 3748 427 3802 τὸ
463 3747 803 3818 ἀπαύγασμα
838 3746 936 3816 τῆς
965 3744 1144 3816 δόξης,
1175 3741 1318 3796 κατὰ
1342 3741 1431 3794 τὸν
1446 3739 1781 3804 Ἀπόστολον,

207 3841 309 3895 καὶ
337 3837 618 3911 χαρακτὴρ
642 3837 740 3904 τῆς
764 3831 1112 3895 ὑποστάσεως
1136 3825 1320 3884 αὐτοῦ.
1352 3826 1488 3882 Οὔτε
1521 3826 1629 3899 γὰρ
1659 3826 1784 3896 ἐνῆν

206 3932 356 4002 ἄλλῳ
379 3932 484 3984 τινὶ
513 3928 798 4000 συμϐούλῳ
822 3923 1142 3996 κεχρῆσθαι,
1171 3922 1204 3994 ἢ
1236 3920 1314 3992 τῷ
1341 3919 1501 3984 ζῶντι
1530 3921 1624 3973 καὶ
1652 3918 1786 3972 ὐπο-

207 4022 454 4094 στατικῷ
491 4011 654 4076 αὐτοῦ
695 4019 871 4089 Λόγῳ,
910 4016 986 4087 τῷ
1017 4013 1422 4086 ἁπαραλλάκτῳ
1459 4009 1625 4064 αὐτοῦ
1663 4011 1781 4063 κατ’

204 4112 396 4168 εἰκόνα
428 4105 520 4166 καὶ
560 4111 837 4183 ὁμοίωσιν,
873 4108 966 4160 καὶ
1014 4105 1332 4175 ἰσοδυνάμῳ.
1380 4102 1581 4172 Quippe
1609 4099 1783 4153 illud:

213 4227 234 4256 ι
281 4201 567 4257 Faciamus
610 4201 867 4257 hominem
909 4196 1193 4250 secundum
1228 4193 1513 4262 imaginem
1545 4199 1782 4243 nostram

199 4306 260 4350 et
283 4295 568 4351 secundum
591 4291 1011 4352 similitudinem,
1042 4307 1060 4340 ι
1093 4286 1224 4340 nihil
1248 4284 1395 4339 aliud
1433 4282 1651 4346 indicat,
1678 4281 1780 4333 nisi

199 4389 351 4460 quod
387 4385 550 4439 Pater
583 4385 639 4438 in
672 4384 826 4453 hujus
859 4381 1174 4451 formatione
1206 4375 1511 4431 consiliario
1548 4390 1673 4427 usus
1700 4381 1780 4425 est

1889 1899 2098 1967 prolata
2155 1900 2363 1970 tribuit)
2421 1903 2505 1956 die
2557 1913 2679 1956 ante
2738 1907 3168 1960 constitutionem
3227 1909 3460 1962 swculi:

1896 2009 1912 2038 s
1952 1988 2242 2044 Faciamus
2267 1991 2532 2045 hominem
2567 1993 2637 2045 ad
2667 1994 2950 2062 imaginem
2977 2005 3025 2048 et
3058 1995 3462 2049 similitudinem

1889 2089 2146 2134 nostram.
2186 2099 2205 2132 ι
2246 2080 2418 2147 Quem
2447 2081 2704 2152 deinceps
2729 2084 2896 2138 secuti
2925 2095 3051 2140 sunt
3089 2087 3458 2156 antiquissimi

1886 2171 2074 2229 Patres
2109 2174 2219 2242 (l8)
2249 2176 2302 2228 in
2334 2175 2613 2244 probanda
2645 2175 2764 2230 Filii
2796 2177 2886 2231 Dei
2923 2180 3285 2250 προῦπάρξει,
3321 2197 3459 2250 prte-

1887 2267 2083 2322 stantia
2129 2277 2290 2337 atque
2332 2269 2632 2335 divinitate,
2679 2270 3072 2340 speciatitnque
3119 2270 3459 2342 Theophilus

1885 2355 2258 2412 Antiochenus
2295 2358 2364 2411 ad
2406 2357 2720 2427 Autolycum
2749 2359 2842 2413 lib.
2884 2374 2947 2424 ιι,
3000 2374 3118 2428 cap.
3156 2358 3246 2422 28,
3290 2375 3340 2430 p.
3378 2377 3454 2416 ιιι.

1887 2449 1990 2502 158
2017 2465 2031 2500 :
2061 2447 2173 2500 Οΰκ
2201 2447 2344 2518 ἄλλῳ
2375 2448 2432 2501 δέ
2462 2465 2589 2512 τινι,
2618 2446 2813 2517 inquit,
2839 2448 3048 2520 εἴρηκε,
3089 2448 3457 2519 Ποιήσωμεν,

1886 2540 1998 2593 ἀλλ’
2025 2539 2059 2611 ἢ
2090 2539 2166 2611 τῷ
2198 2540 2391 2612 ἑαυτοῦ
2414 2539 2572 2612 Λόγῳ
2602 2543 2695 2594 καὶ
2726 2544 2793 2613 τῇ
2816 2541 3010 2595 ἑαυτοῦ
3045 2543 3224 2615 σοφίᾳ.
3261 2545 3315 2598 ld
3341 2551 3455 2598 est:

1889 2631 2044 2684 Nulli
2078 2631 2173 2684 alii
2215 2632 2354 2685 dixit
2378 2671 2392 2696 ,
2426 2651 2445 2683 ‹
2483 2631 2794 2698 Faciamus,
2831 2651 2850 2684 ι
2890 2649 3046 2703 quam
3071 2651 3168 2686 suo
3222 2634 3383 2688 Verbo
3408 2645 3460 2689 et

1884 2741 1996 2780 suae
2033 2725 2326 2794 sapientiae.
2371 2724 2581 2791 Quibus
2603 2726 2786 2780 verbis
2832 2725 3044 2780 Patrem
3076 2735 3131 2781 ct
3168 2725 3364 2781 Filium
3406 2737 3460 2781 et

1886 2815 2145 2886 Spiritum
2171 2825 2417 2870 sanctum
2443 2815 2719 2887 designari
2763 2815 3007 2885 plerique
3048 2815 3268 2871 Patrum
3312 2819 3447 2873 exis-

1884 2909 2166 2973 timarunt,
2207 2923 2345 2977 quos
2384 2907 2639 2962 excitavit
2668 2905 2827 2962 Dion.
2859 2905 3115 2963 Petavius
3145 2907 3199 2961 in
3237 2908 3461 2989 (byma-

1887 3000 2024 3055 tibus
2063 3001 2242 3064 theol.,
2280 3001 2375 3055 lib.
2409 3016 2473 3064 ιι,
2508 2999 2584 3053 De
2611 2999 2891 3066 Trinitate,
2917 3015 3034 3070 cap.
3073 2995 3128 3064 7,
3166 2999 3193 3071 ᾗ
3225 3001 3259 3054 4
3301 3017 3454 3074 seqq.

1889 3094 2019 3164 (19).
2048 3091 2186 3148 Cum
2217 3093 2381 3160 igitur
2411 3092 2682 3148 Macarius
2709 3091 2927 3162 Magnes
2951 3092 3120 3145 Deum
3153 3090 3366 3145 Patrem
3401 3093 3455 3146 in

1888 3185 2214 3240 formatione
2243 3184 2479 3238 hominis
2501 3183 2642 3238 Filio
2677 3200 2778 3239 suo
2814 3183 3092 3253 unigenito
3140 3184 3457 3239 consiliario

1887 3293 2046 3333 usum
2086 3291 2208 3331 esse
2241 3275 2458 3337 asserit,
2486 3285 2744 3346 tanquam
2789 3274 2963 3329 Verbo
2999 3274 3123 3328 vivo
3169 3283 3223 3328 et
3271 3290 3365 3344 per
3398 3292 3458 3331 se

1887 3368 2238 3428 subsistente,
2266 3367 2640 3435 :equalemque
2673 3381 2796 3420 cum
2830 3367 2948 3434 ipso
2990 3365 3222 3419 habente
3265 3374 3458 3434 poten-

1889 3459 2017 3513 tiam
2046 3476 2058 3512 :
2109 3458 2314 3511 nullum
2345 3457 2506 3526 plane
2547 3465 2633 3512 est
2667 3457 2915 3519 dubium,
2948 3455 3050 3510 hac
3092 3455 3456 3524 descriptione

1886 3550 2286 3621 apertissimam
2313 3550 2615 3604 divinitatis
2646 3558 2829 3604 notam
2871 3547 3171 3614 contineri;
3209 3547 3456 3616 inprimis

1885 3657 2010 3697 cum
2043 3643 2096 3695 in
2125 3641 2404 3710 Scriptura
2449 3655 2604 3696 sacra
2643 3639 2784 3695 Deus
2813 3638 3030 3694 nonnisi
3072 3653 3196 3694 cum
3229 3639 3456 3708 reliquis

1885 3732 2137 3788 Personis
2167 3732 2367 3786 divinis
2399 3734 2740 3786 consultasse
2765 3730 2994 3802 legatur,
3022 3743 3124 3784 nec
3155 3744 3280 3783 cum
3303 3744 3457 3784 crea-

1885 3825 2044 3888 turis,
2076 3839 2198 3894 quae
2230 3824 2470 3878 nondum
2506 3823 2564 3876 in
2598 3838 2780 3877 rerum
2807 3831 2999 3877 natura
3024 3821 3369 3886 exstiterant,
3397 3821 3452 3873 in

1883 3915 2138 3985 primmva
2166 3931 2348 3969 rerum
2377 3914 2623 3968 omnium
2658 3914 2932 3967 creatione
2961 3912 3252 3968 consilium
3281 3912 3450 3965 ullum

1883 4006 2022 4060 inire
2052 4006 2311 4075 potuerit.
2345 4003 2563 4072 Spectat
2595 4005 2700 4058 huc
2725 4005 2886 4058 etiam
2911 4003 3142 4057 illustris
3173 4002 3261 4056 ille
3300 4002 3454 4056 locus

1883 4095 2094 4150 Hermas
2124 4095 2362 4150 Pastoris
2388 4094 2482 4147 lib.
2511 4109 2593 4158 ιιι,
2624 4093 2979 4147 similitudine
3003 4091 3056 4157 9,
3089 4106 3208 4159 cap.
3240 4090 3326 4155 12,
3359 4092 3450 4144 ubi

1882 4188 2298 4258 antiquissimus
2321 4185 2552 4254 scriptor
2583 4183 3066 4255 pratexsistentiam
3094 4182 3218 4236 Filii
3242 4181 3334 4236 Dei
3366 4182 3453 4237 his

1883 4279 2062 4335 verbis
2093 4279 2372 4334 declarat:
2417 4277 2588 4331 Filius
2638 4277 2850 4347 quidem
2889 4275 2986 4329 Dei
3029 4274 3170 4328 omni
3207 4283 3454 4328 creatura

1883 4371 2150 4440 antiquior
2195 4381 2297 4432 est,
2330 4369 2406 4421 ita
2435 4375 2493 4421 ut
2521 4368 2586 4436 in
2617 4365 2836 4419 consilio
2877 4363 3033 4418 Patri
3077 4378 3174 4418 suo
3218 4361 3452 4432 adfuerit

204 4457 362 4534 Filio
401 4495 495 4532 suo
540 4476 826 4546 unigenito,
868 4473 958 4543 qui
991 4469 1238 4540 splendor
1273 4479 1351 4521 est
1398 4466 1599 4536 gloriae,
1618 4466 1779 4534 juxta
1813 4484 1858 4539 ι)
1883 4463 1952 4516 ad
1983 4463 2306 4516 condendam
2340 4472 2641 4514 creaturam
2675 4457 2809 4528 (‘20).

205 4571 520 4639 Apostolum
551 4570 736 4640 (Hebr.
788 4583 824 4630 ι,
856 4567 933 4634 5),
978 4574 1025 4618 et
1070 4562 1243 4632 ﬁgura
1286 4559 1596 4613 substatttia’
1641 4557 1775 4625 ejus.

206 4657 326 4718 Nec
355 4664 490 4718 enim
523 4662 711 4716 licebat
747 4659 858 4712 ullo
884 4655 990 4710 alio
1016 4652 1318 4708 consiliario
1341 4653 1439 4716 uti,
1476 4665 1632 4718 quant
1665 4650 1777 4701 vivo

280 4839 396 4910 (15)
436 4837 723 4910 Eusebius.
768 4835 864 4888 lib.
907 4848 945 4886 ιι
995 4827 1470 4910 ρςλεοοιςξίίιειίεςι
1518 4824 1777 4905 theologia

202 4894 398 4965 contra
440 4894 768 4967 Marcellum,
803 4921 856 4974 p.
891 4919 964 4955 m.
1013 4898 1118 4974 140
1148 4899 1374 4974 sc_ribit:
1409 4894 1521 4974 {Vos
1548 4895 1609 4972 in
1649 4910 1776 4974 con-

200 4997 388 5053 gressu
411 4992 710 5050 quocunque
737 4965 856 5028 cuin
889 4972 1107 5041 paganis
1135 4968 1359 5022 solemus
1389 4965 1686 5053 doctrinam
1714 4965 1776 5016 de

202 5035 435 5107 illm'sto'
460 5054 515 5100 in
558 5035 758 5115 tempus
789 5035 1135 5115 Opportunum
1165 5052 1426 5115 reponere,
1457 5045 1505 5088 et
1539 5035 1592 5086 in
1635 5049 1776 5115 prtef

201 5121 346 5175 senti
369 5120 562 5174 erroris
592 5109 914 5170 idololatrici
945 5109 1362 5174 redargutionem
1390 5120 1696 5175 proponere,
1725 5113 1776 5158 et

201 5173 308 5245 Dei
332 5173 599 5242 unitatem
628 5183 1050 5238 demonstrativis
1084 5173 1378 5232 rationibus
1403 5173 1668 5245 stabilire2

281 5241 397 5330 (te)
432 5258 491 5330 13.
519 5273 592 5310 m.
625 5256 692 5308 ιι
716 5251 1116 5330 εςίιηιιυςοηιε
1137 5247 1378 5330 stetisset
1400 5243 1577 5330 Paris.
1613 5241 1771 5330 ists.

279 5313 397 5400 H73
436 5327 551 5404 Νοιι
580 5340 710 5404 veto
745 5313 1049 5404 ξετεριειῖαο
1073 5313 1776 5404 attentlﬁsaﬂFi'Erf'ilﬂ'

200 5383 472 5474 quentem
490 5397 721 5474 absurde
753 5383 903 5462 ﬁngit
924 5383 1106 5474 Lycas:
1128 5387 1477 5474 Mellierusuin
1507 5383 1776 5474 Fidetptf—

201 5451 883 5527 inerunt—Christianorum,
915 5460 1178 5535 [eiulatus
1196 5466 1485 5535 propterea
1508 5469 1537 5535 ξι
1573 5453 1622 5506 J.
1641 5451 1772 5535 Ern.

201 5523 413 5596 iii—rabie
450 5540 500 5592 in
540 5537 782 5590 adnotat.
817 5523 882 5585 ad
910 5530 1102 5598 Georg.
1138 5523 1275 5580 Bulli
1304 5523 1676 5598 'Defensiottem
1704 5523 1774 5590 ﬁ-

197 5595 300 5669 dei
320 5609 576 5671 Nictente,
609 5621 661 5674 p.
692 5621 764 5658 ιιι.
789 5604 850 5674 2|
884 5616 1036 5674 seqq.
1056 5595 1125 5674 ἰιι
1151 5595 1626 5674 Ctntstitutisnibus
1648 5608 1775 5660 apo-

198 5667 430 5741 stolicis,
462 5667 630 5739 lih.'v',
652 5691 770 5744 cap.
797 5673 852 5744 7,
883 5667 1180 5744 ltzgc’verba‘
1206 5667 1498 5744 Scriptura:
1516 5676 1776 5744 expresse

200 5755 394 5810 itidem
418 5737 684 5817 tanquam
720 5737 762 5798 ἐι
795 5742 902 5797 Deo
930 5740 1088 5796 Patre
1118 5740 1183 5793 ad
1215 5737 1409 5792 Filium
1436 5737 1772 5804 unigenitum

1953 4554 2205 4608 Divinum
2241 4568 2406 4623 porro
2450 4569 2587 4622 opus
2621 4547 2910 4604 creationis
2955 4560 3198 4601 omnium
3244 4558 3451 4606 rerum,

1881 4645 1991 4699 imo
2020 4656 2072 4699 et
2102 4644 2274 4714 ipsius
2305 4642 2563 4707 hominis,
2596 4641 2734 4694 Filio
2756 4638 2850 4692 Dei
2878 4637 3124 4692 attribuit
3150 4633 3370 4704 Magnes
3397 4632 3454 4684 in

1879 4815 2022 4883 dicta
2077 4815 2378 4883 allegantur
2425 4812 2586 4883 hunc
2616 4811 2668 4863 in
2713 4808 2936 4883 modum
2971 4822 2987 4883 ξ
3026 4803 3226 4883 Rapio;
3271 4803 3367 4856 καὶ

1879 4882 2000 4965 gela
2021 4874 2210 4965 Γραφῇ
2237 4885 2505 4965 μαρτυρεῖ
2521 4881 2754 4965 λέγοντα
2785 4876 3032 4965 τὸνρεὸν
3065 4874 3143 4944 τῷ
3177 4875 3452 4944 μονογενεῖ

1879 4903 2000 4938 usta
2024 4903 2040 4936 Ι
2061 4903 2210 5005 ραφῆ
2237 4903 2500 4953 μαρτυρει
2533 4903 2754 4948 Λεγοντα
2785 4903 2873 4930 τυν
2901 4903 2956 4929 σε

1877 4956 2133 5026 Χρισξτῳξ
2210 4950 2834 5026 οιὴσωμεν-ἄνθρῳπονη
2851 4957 2956 5026 etc,

1950 5009 2343 5095 (18)._Quoru'm
2381 5009 2696 5095 iestimpnia
2728 5009 2994 5095 summa
3021 5013 3246 5095 adduxit
3293 5009 3450 5095 [lngo

1878 5081 2168 5148 blenardtis
2195 5094 2247 5146 in
2279 5091 2424 5145 notis
2451 5091 2516 5144 ad
2537 5081 2833 5158 Epistolam
2853 5081 3136 5149 Barnabas,
3160 5099 3215 5153 p.
3243 5096 3318 5136 ιιι.
3346 5081 3452 5136 105

1877 5180 2031 5219 seqq.

2101 5231 2617 5303 Gentih‘umnugas,
2645 5227 2737 5303 qui
2768 5226 2951 5303 Deum
2971 5225 3086 5278 haec
3115 5225 3277 5276 verba
3307 5221 3449 5303 forte

1878 5295 2152 5356 ad‘falsos
2191 5311 2244 5354 et
2292 5300 2626 5355 adulterinos
2664 5295 2796 5351 deos
2844 5296 3048 5349 dixisse
3093 5295 3446 5356 contendunt,

1877 5369 2494 5442 eleganterqprosternit
2548 5368 2786 5442 Cy‘rillus
2835 5365 3237 5420 Alexandrinus
3279 5363 3378 5418 lib.
3425 5375 3445 5415 ι

1877 5437 2059 5496 εοιιῖηι
2085 5437 2380 5502 lulianum,
2412 5455 2465 5507 p.
2503 5437 2698 5491 m.’24.
2805 5505 2830 5507 _
2901 5491 2914 5500 ε

1949 5512 2060 5579 (‘20)
2105 5511 2178 5565 De
2216 5499 2478 5580 quoiloco
2514 5509 2761 5562 videatur
2792 5499 2987 5580 Georg.
3017 5504 3206 5580 Rullus
3237 5503 3292 5556 in
3337 5499 3442 5580 De:

1879 5571 2108 5655 fetisione
2139 5571 2262 5655 ﬁdei
2294 5579 2716 5655 Nit'tente,_sect_.
2743 5571 3010 5655 ιεηοξιῃξέ,
3041 5575 3068 5647 §
3180 5592 3239 5655 ρ.
3269 5571 3446 5655 inniti

1878 5641 2054 5723 Seqq.,
2093 5641 2149 5706 ei
2188 5651 2382 5705 Thom.
2432 5648 2640 5718 lttigius
2685 5649 2739 5702 in
2769 5641 2986 5702 Sele-etis
3029 5641 3288 5712 c'apitibus
3318 5641 3440 5696 hist.

1878 5726 2026 5777 eccl..
2059 5735 2190 5777 sect.
2218 5737 2257 5777 1.
2286 5737 2340 5777 ιι.
2381 5720 2484 5773 159
2520 5733 2672 5777 seqq.

1876 5733 2026 5790 eccl.,
2059 5735 2190 5779 sect.
2218 5737 2257 5790 ι,
2286 5737 2340 5791 p.
2381 5733 2484 5773 139
2520 5733 2672 5787 seqq.
