3888 6510
395 299 521 356 1⁸591

1654 295 2009 353 MACARIUS
2049 292 2346 387 MACrNES.

3505 294 3660 349 1399

392 416 693 485 fragmento
745 414 979 483 quodam
1009 429 1073 467 ex
1117 413 1259 467 libro
1304 427 1368 467 ιιι
1414 412 1839 483 ’Λποκριτικῶν
1876 414 1968 467 de-
2000 421 2040 469 A
2070 411 2373 481 fragmequ
2419 410 2485 471 Χ.
2533 412 2679 481 quod
2712 425 2777 464 ex
2825 409 3003 479 primo
3036 407 3173 463 libro
3221 408 3662 477 Apocriticorum

390 515 630 576 sumpto,
683 508 830 575 quod
874 516 1067 576 przeter
1111 504 1441 561 Turrianum
1494 508 1682 562 citavit
1726 507 1966 562 Thomas

388 600 593 655 Bozius
628 598 966 669 Euguhinus,
1005 599 1446 669 congregationis
1479 598 1713 653 Oratorii
1740 598 1966 667 presby-

389 702 493 755 ter,
519 692 653 746 libro
683 708 771 745 xw
802 691 878 745 De
904 693 1067 761 signis
1106 689 1357 744 Ecclesia:
1392 690 1505 756 Dei,
1537 705 1657 761 pag.
1694 689 1753 743 7i
1787 688 1965 744 :Audi

390 800 527 837 nunc
568 793 787 848 attente,
832 783 1046 852 inquit:
1092 782 1367 851 Principio
1409 783 1605 837 creavit
1653 780 1828 834 Filius
1868 779 1965 833 Dei

388 888 620 941 terram;
650 894 714 929 ex
744 887 887 930 terra
917 876 1177 929 hominem
1208 876 1479 944 formavit,
1514 891 1579 928 ea:
1612 873 1818 926 homine
1846 888 1966 925 car-

388 983 505 1019 nem
537 967 760 1034 sumpsit
800 967 909 1034 ipse
952 966 1088 1035 (2i).
1116 963 1587 1032 Quemadmodum
1619 978 1750 1018 vero
1786 962 1965 1018 incar-

388 1058 663 1111 nationem
690 1058 891 1111 Christi
937 1073 1000 1111 ex
1042 1056 1278 1110 humana
1309 1064 1502 1110 natura
1539 1054 1763 1119 factam,
1801 1063 1965 1124 atque

387 1165 417 1202 a
448 1149 628 1203 divina
680 1148 801 1202 Filii
832 1148 926 1202 Dei
980 1157 1173 1203 natura
1215 1157 1574 1217 assumptam,
1612 1147 1778 1202 simul
1810 1163 1965 1202 com-

386 1249 653 1292 memorat
688 1239 771 1293 his
798 1239 1001 1292 ultimis
1028 1238 1245 1305 verbis;
1270 1239 1344 1292 ita
1368 1249 1421 1292 et
1441 1238 1786 1293 Diviuitatem
1813 1235 1963 1291 carui

388 1330 594 1382 unitam
625 1330 869 1398 adeoque
902 1331 1157 1384 unionem
1182 1330 1520 1399 personalem
1554 1329 1750 1383 divina:
1779 1338 1833 1384 et
1863 1330 1964 1383 hu-

388 1434 564 1473 manae
597 1429 803 1473 natura:
836 1421 889 1472 in
925 1418 1141 1475 Christo
1169 1421 1404 1474 dilucide
1435 1420 1569 1474 satis
1608 1420 1959 1488 conspicuam

384 1509 641 1574 declarat,
678 1526 801 1563 cum
838 1510 890 1563 in
916 1500 1373 1580 subsequentibus
1397 1510 1639 1579 ejusdem
1674 1510 1962 1580 l'ragmeuti

382 1602 565 1656 verbis
614 1601 808 1656 Filium
862 1601 957 1656 Dei
1007 1604 1078 1657 ita
1125 1604 1433 1672 loquentem
1489 1605 1826 1659 introducit:
1876 1604 1962 1659 Ea:

384 1693 576 1746 unione
603 1694 789 1763 igitur,
820 1710 922 1764 qua
967 1696 1144 1747 unitas
1174 1711 1289 1747 sum
1328 1706 1541 1749 sanctus
1581 1712 1699 1748 cum
1730 1706 1959 1763 terreno,

381 1784 449 1837 do
486 1801 671 1852 panem
697 1794 745 1837 et
775 1786 971 1848 vinum,
988 1786 1177 1853 jubens
1208 1803 1318 1839 esse
1346 1804 1532 1855 corpus
1560 1804 1728 1840 meum
1756 1798 1803 1842 et
1834 1805 1961 1842 san-

381 1877 591 1944 guinem
762 1877 1031 1947 Siquidem
1057 1879 1194 1947 quod
1218 1896 1317 1932 non
1345 1880 1496 1933 habet
1542 1879 1756 1933 Verbum
1789 1882 1960 1935 vivens

380 1971 591 2023 unitum
626 1986 745 2023 cum
785 1988 1019 2040 corpore,
1062 1972 1198 2041 quod
1245 1973 1348 2041 fuit
1383 1983 1665 2037 terrenum,
1698 1974 1767 2026 ad
1806 1984 1962 2027 cetera

382 2076 505 2113 nam
542 2062 702 2113 vitam
728 2063 934 2115 edentes
967 2078 1068 2115 non
1097 2064 1399 2116 adduceret.
1431 2062 1496 2115 Et
1529 2064 1720 2117 iterum
1750 2082 1763 2117 :
1795 2062 1959 2118 Panis

293 2179 299 2189 -
380 2167 499 2205 vero
529 2154 580 2205 in
612 2152 762 2206 beata
805 2152 1001 2207 Christi
1034 2165 1173 2208 terra
1214 2156 1405 2209 virtute
1450 2156 1760 2210 Dirinitatis
1798 2158 1962 2212 unita:

380 2244 685 2312 confectus,
738 2245 849 2298 solo
890 2258 1047 2315 gustu
1100 2246 1556 2300 immortalitatem
1620 2248 1821 2301 homini
1873 2248 1961 2318 'af—

382 2337 505 2404 fert.

449 2426 529 2479 Ex
558 2428 837 2483 miraculis
864 2428 1117 2497 denique,
1163 2444 1285 2498 qua:
1326 2444 1357 2482 a
1404 2429 1623 2483 Christo
1669 2429 1961 2487 Servatore

378 2517 521 2575 facta
547 2530 695 2585 sunt,
728 2522 1067 2575 divinitatem
1099 2521 1219 2575 Filii
1264 2522 1355 2577 Dei
1394 2524 1623 2578 subinde
1652 2527 1959 2590 coulirmat,

380 2627 505 2665 cum
533 2612 769 2682 exempli
799 2629 965 2667 causa
999 2615 1290 2668 occasione
1318 2614 1476 2669 istius
1508 2615 1759 2669 miraculi
1788 2618 1840 2670 iu
1874 2635 1962 2672 sa-

379 2698 601 2754 natione
648 2702 913 2767 mulieris,
963 2718 1085 2771 qua:
1130 2704 1342 2758 diutina
1386 2705 1624 2760 ﬂiixioue
1678 2709 1961 2777 sanguinis

379 2791 739 2857 laboraverat,
775 2795 998 2861 praestiti
1030 2794 1199 2850 Marc.
1230 2811 1283 2858 v,
1313 2795 1401 2860 50,
1427 2794 1624 2851 divinae
1658 2797 1831 2867 ipsius
1854 2801 1961 2851 vir-

379 2882 512 2938 tutis
539 2883 906 2940 characterem
942 2888 992 2940 in
1022 2886 1327 2957 fragmento
1356 2888 1397 2942 ll
1439 2890 1853 2957 Ἀποκριτικῶν
1876 2891 1963 2945 his

378 2975 561 3029 verbis
596 2977 882 3047 agnoscit:
916 2978 1073 3032 Οὕτω
1115 2981 1265 3051 παρὰ
1310 2979 1403 3033 τοῦ
1450 2981 1689 3052 Χριστοῦ
1735 2982 1960 3053 δύναμις

2067 514 2450 559 conservatum
2474 514 2556 557 est
2591 505 2669 574 (in
2701 505 2859 573 cujus
2892 504 3068 571 capite
3096 512 3247 556 sexto
3276 519 3401 557 eum
3434 504 3664 572 specia¢

2066 595 2162 649 tim
2191 594 2260 650 de
2298 596 2599 661 miraculis,
2635 611 2756 666 qua:
2785 614 2815 650 a
2851 594 3069 649 Christo
3101 593 3240 649 facta
3281 606 3429 660 sunt,
3463 595 3663 649 disse-

2067 686 2244 741 ruisse
2280 686 2446 740 refert
2480 684 2817 755 Nicephorus
2841 683 2949 738 CP.
2985 686 3039 737 in
3068 686 3319 739 examine
3350 687 3661 738 verborum

2066 776 2288 831 Macarii
2312 777 2631 848 Magnetis);
2664 776 2903 846 factique
2924 776 3082 829 istius
3105 776 3480 830 memorabilis
3510 777 3663 828 ima-

2068 873 2245 942 ginem
2286 887 2393 925 aere
2436 886 2747 940 expressam
2784 870 2837 923 in
2884 868 3271 937 Mesopotamia
3320 868 3503 922 adhuc
3552 883 3663 921 sua

2066 972 2221 1017 aetate
2253 972 2627 1017 conservatam
2659 962 2828 1017 fuisse
2870 960 3128 1015 tradidit:
3165 976 3275 1029 qua
3316 960 3383 1014 de
3428 975 3490 1013 re
3529 960 3657 1027 jam

2067 1063 2180 1108 tum
2223 1055 2276 1108 in
2308 1054 2576 1125 superiori
2616 1054 3028 1119 Dissertatione,
3065 1052 3094 1124 §
3126 1052 3211 1121 10,
3245 1061 3429 1108 actum
3478 1052 3663 1108 fuisse

2065 1147 2310 1201 memini.

2068 1260 2263 1333 ἔχιν.
2312 1260 2573 1331 Magnetis
2618 1259 2859 1314 doctrina
2894 1261 2971 1333 ide
3018 1260 3298 1333 creatione,
3347 1266 3398 1313 et
3444 1260 3662 1328 frustra

2453 1333 2680 1401 conﬁcta
2719 1332 3011 1385 (eternitate
3047 1332 3253 1385 mundi.

2136 1422 2191 1476 lu
2216 1426 2445 1478 articulo
2477 1426 2543 1479 de
2575 1423 2852 1480 creatione
2878 1438 2942 1477 ex
2970 1424 3221 1491 superius
3251 1422 3510 1476 adductis
3534 1422 3658 1487 jam

2065 1525 2178 1570 tum
2231 1526 2445 1571 constat
2497 1516 2711 1587 egregia
2760 1513 2981 1569 Macarii
3024 1513 3290 1583 Magnetis
3347 1514 3658 1574 confessio,

2065 1606 2207 1676 quod
2244 1606 2387 1661 Deus
2417 1606 2569 1662 solus
2597 1607 2887 1676 imperium
2924 1621 2987 1660 ac
3020 1606 3401 1659 mouarchiam
3441 1605 3660 1658 habens

2068 1699 2155 1763 iis,
2185 1699 2278 1768 qui
2312 1700 2477 1770 geniti
2507 1706 2656 1767 sunt,
2689 1699 2965 1769 ingenitus
3004 1698 3208 1767 praesit,
3240 1706 3537 1751 creaturas
3566 1698 3658 1748 in-

2066 1803 2281 1847 creatus
2305 1802 2353 1847 et
2389 1793 2653 1862 principio
2697 1807 2891 1847 carens
2929 1791 2984 1844 iu
3017 1799 3284 1860 potestate
3330 1789 3560 1851 habeat,
3595 1805 3657 1842 ac

2065 1899 2173 1937 non
2234 1883 2463 1947 similes,
2516 1883 2609 1937 sed
2661 1883 2956 1938 dissimiles
2997 1883 3257 1952 providus
3313 1891 3478 1950 regat
3517 1880 3654 1948 (ΞΗ.

2064 1973 2417 2028 Luculeutius
2446 1981 2625 2026 tamen
2664 1980 2720 2025 et
2756 1986 2921 2040 scopo
2953 1986 3054 2024 suo
3085 1968 3511 2023 convenientius
3554 1966 3657 2018 hoc

2064 2072 2443 2134 argumentum
2497 2072 2792 2133 pertractat
2831 2063 2884 2116 in
2931 2061 3327 2117 commentario
3379 2059 3515 2129 περὶ
3558 2058 3655 2126 τῆς

2061 2157 2155 2210 τοῦ
2204 2156 2375 2227 Ἀδὰμ
2422 2155 2801 2227 δημιουργίας,
2842 2154 2909 2209 ad
2963 2168 3082 2223 cap.
3133 2169 3150 2207 ι
3197 2152 3506 2215 Geneseos,
3562 2151 3654 2203 ubi

2064 2259 2344 2302 creaturas
2379 2262 2570 2301 omnes
2597 2248 2713 2301 solo
2734 2247 2898 2301 vcrho
2923 2244 3015 2299 Dei
3049 2244 3342 2314 productas
3367 2258 3497 2296 esse
3522 2257 3658 2295 con.

2066 2340 2273 2394 tendit:
2320 2340 2431 2391 Καὶ
2476 2339 2543 2391 τὰ
2586 2340 2683 2409 μὲν
2725 2338 2862 2391 ἄλλα
2908 2336 3182 2406 κτίσμα-ια
3232 2336 3443 2406 ῥήματι
3504 2334 3659 2403 μόνῳ

2064 2433 2363 2503 παρῆκται.
2403 2432 2455 2484 Id
2495 2440 2618 2485 est:
2657 2434 2731 2484 Ac
2759 2444 2957 2485 canem
2988 2431 3196 2500 quidem
3236 2438 3509 2481 creaturae
3541 2427 3657 2479 sole

2064 2523 2212 2576 verba
2241 2523 2512 2591 producta:
2536 2533 2677 2576 sunt.
2716 2523 3024 2588 Quinetiam
3061 2521 3113 2573 in
3142 2520 3504 2588 sequentibus
3539 2528 3655 2571 tum

2065 2615 2304 2668 materia:
2340 2614 2666 2683 principium
2708 2612 3011 2675 constituit,
3046 2620 3160 2665 tum
3202 2611 3437 2663 formam
3495 2625 3657 2663 creao

2064 2704 2228 2759 tionis
2258 2703 2638 2773 actionemque
2680 2701 2776 2756 Dei
2822 2703 3058 2755 creantis
3096 2704 3147 2755 in
3192 2718 3256 2756 eo
3287 2703 3459 2771 ponit,
3499 2700 3653 2770 quod

2066 2795 2208 2850 Deus
2241 2797 2423 2850 omnia
2457 2811 2523 2849 ex
2565 2794 2841 2849 liberrima
2888 2795 3183 2860 voluntate,
3214 2804 3267 2848 et
3309 2794 3541 2863 quidem
3589 2809 3654 2846 es

2064 2885 2261 2950 nihilo,
2313 2900 2408 2953 per
2454 2884 2630 2938 solum
2685 2884 2971 2953 imperium
3020 2884 3352 2952 produxerit,
3398 2899 3516 2953 quo
3575 2883 3652 2945 id,

2063 2977 2209 3047 quod
2236 2994 2342 3032 non
2369 2985 2505 3039 erat,
2536 2976 2751 3030 vocavit
2778 2984 2838 3029 ut
2860 2990 3005 3029 esset
3022 2977 3193 3045 Apoc.
3226 2990 3298 3041 ιν,
3332 2976 3393 3029 ll
3421 2994 3436 3041 ;
3478 2973 3651 3028 Rom.

380 3064 657 3138 ἐξήρχετο,
705 3069 799 3122 καὶ
827 3069 934 3122 τῶν
969 3071 1285 3141 καμνόντων
1318 3071 1514 3143 ἧλαυνε
1547 3073 1617 3126 τὰ
1657 3077 1957 3146 νοσήματα,

2066 3087 2139 3137 iv,
2178 3070 2260 3124 t7.
2303 3068 2421 3125 Huc
2452 3069 2682 3123 redeunt
2715 3069 2807 3123 illa
2838 3070 3001 3123 verba
3032 3068 3291 3138 Magnetis
3326 3069 3502 3122 nostri
3540 3068 3651 3121 loc.

377 3159 471 3211 καὶ
505 3158 580 3229 τῷ
602 3160 822 3231 Χριστῷ
848 3162 1084 3232 μένουσα
1115 3162 1251 3227 ὅλως
1278 3164 1378 3218 οὐκ
1408 3164 1717 3237 ἐχωρίζετο.
1757 3167 1811 3220 ld
1840 3174 1954 3221 est:

378 3248 469 3303 Sic
508 3251 669 3303 etiam
702 3270 734 3305 a
767 3252 975 3307 Christo
1008 3255 1175 3307 virtus
1223 3254 1421 3321 exibat,
1460 3272 1579 3327 qua:
1620 3266 1669 3311 et
1702 3269 1961 3328 a’grotart-

380 3342 515 3395 tium
569 3346 778 3398 morbos
822 3346 1069 3415 pellebat,
1120 3356 1169 3399 et
1220 3364 1372 3416 penes
1427 3348 1699 3403 Christum
1742 3370 1956 3408 manens

376 3451 592 3489 prorsus
623 3437 687 3490 ab
714 3454 775 3492 eo
798 3455 901 3491 non
926 3440 1215 3493 recedebat.
1253 3440 1410 3495 Nulla
1448 3442 1535 3497 hic
1562 3459 1663 3498 nos
1694 3456 1847 3514 urget
1871 3462 1959 3499 ra-

379 3533 474 3595 tio,
511 3548 610 3586 cur
654 3548 750 3601 per
792 3532 1020 3604 δύναμιν
1064 3535 1385 3601 ἐξελθοῦσαν
1434 3537 1733 3606 intelligere
1764 3539 1959 3593 debea-

377 3639 502 3677 mus
548 3624 801 3677 virtutem
832 3625 1123 3694 quamdam
1170 3626 1532 3695 corporalem,
1572 3643 1670 3681 seu
1703 3628 1958 3697 pharma-

378 3728 502 3768 cum
560 3714 781 3783 aliquod
839 3715 1077 3769 salutare
1124 3732 1191 3769 ex
1246 3732 1474 3787 corpore
1529 3716 1729 3772 Christi
1779 3720 1959 3789 profe-

380 3814 527 3858 etum
576 3804 710 3875 (22),
759 3820 882 3859 cum
936 3805 1078 3860 inter
1118 3823 1309 3862 omnes
1360 3817 1592 3874 constet,
1639 3808 1867 3880 δύναμιν
1903 3813 1957 3867 in

380 3896 660 3965 Scriptura
706 3894 839 3951 Novi
885 3897 1215 3953 Testameuti
1267 3901 1569 3970 smpissime
1631 3903 1957 3959 miraculum

379 3991 657 4057 denotare,
686 3989 853 4048 Marc.
889 4008 964 4056 vr,
992 3994 1026 4047 5
1053 3994 1169 4065 (‘23)
1197 4012 1215 4049 :
1242 3995 1487 4065 adeoque
1526 4012 1669 4066 opus
1712 3997 1957 4052 divinum

378 4080 464 4133 vel
494 4081 817 4136 miraculum
850 4098 881 4138 a
913 4083 1134 4137 Christo
1160 4094 1434 4154 patratum
1468 4086 1556 4140 hic
1600 4087 1781 4156 potius
1816 4088 1960 4141 indi—

381 4172 604 4240 gitatur,
632 4189 695 4227 ex
730 4173 889 4242 cujus
932 4176 1216 4243 stupendis
1244 4176 1528 4231 eli'ectibus
1554 4188 1607 4231 et
1644 4178 1843 4233 virtute
1874 4180 1958 4232 iu-

382 4264 623 4317 credibili
657 4265 710 4317 in
744 4264 1030 4320 Servatore
1064 4276 1249 4322 nostro
1304 4267 1727 4338 haudquaquam
1771 4270 1956 4324 immi-

381 4364 510 4408 nuta
538 4356 872 4411 divinitatem
903 4359 1021 4428 ejus
1048 4360 1243 4414 merito
1276 4376 1573 4430 agnoscere
1601 4371 1766 4431 atque
1798 4380 1957 4417 vene-

384 4446 491 4499 rari
536 4447 856 4501 tenebantur
911 4464 1121 4503 omnes.
1179 4449 1299 4515 Quo
1356 4467 1518 4506 sensu
1583 4461 1637 4505 et
1686 4452 1955 4507 Macarius

383 4546 565 4590 noster
597 4538 737 4592 hanc
782 4539 955 4607 ipsam
998 4539 1279 4595 historiam
1327 4551 1528 4595 sancta:
1558 4543 1801 4597 mulieris
1846 4544 1954 4597 lue-

382 4629 724 4684 mori-house:
768 4631 835 4684 ad
882 4632 1147 4687 miracula
1181 4631 1383 4688 Christi
1427 4633 1609 4687 divina
1658 4636 1841 4689 retulit
1896 4636 1951 4689 in

459 4760 570 4829 (2i)
609 4760 741 4835 Quae
782 4764 945 4835 verba
990 4765 1173 4835 itidem
1215 4779 1246 4819 e
1289 4764 1478 4820 Grieco
1511 4775 1658 4819 textu
1689 4765 1953 4835 Magnetis

382 4846 439 4883 se
462 4833 790 4886 converti~se
808 4834 1091 4887 conﬁrmat
1112 4833 1303 4889 lii-anc.
1326 4834 1627 4889 Turriauns
1652 4836 1702 4889 in
1722 4833 1955 4893 tractatu

387 4901 450 4953 de
486 4901 821 4953 sanctissima
869 4903 1209 4958 Eucharistia
1240 4916 1427 4960 contra
1470 4906 1742 4960 Andream
1792 4906 1953 4963 Vola-

382 4984 536 5042 ιιιιιιι1
570 4986 627 5042 p.
653 4988 726 5023 m.
757 4973 823 5026 75
849 4988 998 5042 seqq.

454 5039 566 5114 ΘΞ)
604 5041 758 5114 Absit
787 5048 897 5095 inec
929 5039 1164 5111 profana
1199 5044 1488 5108 sententia,
1516 5046 1668 5114 quasi
1696 5045 1949 5103 Christus

381 5110 576 5161 ellluxu
605 5112 839 5185 quodam
867 5110 1111 5181 corporis
1135 5115 1242 5179 sui,
1268 5115 1349 5167 vel
1382 5131 1476 5184 per
1508 5110 1746 5184 magicas
1784 5128 1949 5185 artes,

378 5194 668 5256 aegrorum
678 5182 900 5256 morbos
914 5186 1216 5256 curaverit,
1240 5199 1362 5237 cum
1382 5182 1465 5237 'de
1489 5182 1651 5239 sensu
1688 5182 1951 5256 corporeo

377 5248 692 5320 suspicaudi
723 5252 927 5320 aliquid
960 5255 1105 5307 nulla
1138 5254 1225 5307 hic
1268 5256 1339 5307 sit
1367 5270 1553 5319 causa,
1585 5248 1796 5309 nullum
1826 5258 1953 5312 fun-

376 5318 711 5394 damentum.
745 5318 1038 5394 Gentilium
1079 5325 1191 5377 hinc
1214 5333 1332 5377 erat
1357 5318 1651 5390 calumnia,
1676 5327 1790 5394 qui,
1818 5338 1952 5383 teste

374 5389 616 5461 Arnobio
650 5391 744 5445 lib.
782 5407 796 5443 ι
825 5393 1083 5447 Adversus
1114 5403 1310 5461 gentes,
1339 5410 1390 5460 p.
1420 5410 1494 5450 m.
1527 5394 1618 5459 25,
1640 5389 1951 5450 calumnio-

377 5457 452 5537 sis
481 5458 585 5537 illis
614 5470 665 5513 et
690 5462 990 5537 puerilibus
1022 5457 1505 5537 vocibus-obiicere
1527 5457 1773 5537 solebant
1799 5466 1955 5521 Chri-

378 5530 597 5601 stianis,
645 5532 789 5599 quod
835 5531 1081 5586 Christus
1129 5530 1547 5601 magus'l'uerit,
1595 5535 1950 5592 clandestinis

378 5598 586 5677 artibus
634 5598 816 5677 omnia
850 5604 1119 5677 miracula
1152 5598 1409 5677 eﬂ‘ecerit,
1456 5601 1834 5674 {Egyptiorum
1871 5622 1949 5677 ex

379 5665 552 5747 adytis
578 5671 889 5747 angelorum
920 5673 1218 5747 potentium
1248 5674 1491 5747 nomina,
1598 5665 1838 5747 reinolas
1862 5675 1948 5728 fu-

372 5744 532 5817 ratus
571 5738 642 5793 sit
674 5738 1021 5816 disciplinas._
1049 5738 1224 5811 Quam
1267 5743 1793 5814 impudentissimam
1835 5748 1945 5801 cri-

2059 3163 2189 3218 εἰμι
2235 3161 2291 3214 Ὀ
2323 3160 2429 3233 γὰρ
2457 3159 2709 3213 τοσοῦτον
2751 3159 2979 3230 μέγεθος
3014 3160 3242 3232 οὐρανοῦ
3275 3160 3369 3213 καὶ
3408 3158 3520 3228 γῆς
3557 3161 3653 3211 καὶ

2059 3253 2335 3325 θαλάσσης
2367 3252 2509 3323 λόγῳ
2530 3252 2997 3323 ὑποστησάμενος,
3023 3252 3199 3323 πολλῷ
3231 3250 3429 3322 μᾶλλον
3463 3254 3655 3321 παρὰ·

2057 3345 2228 3399 δεισον
2264 3344 2443 3408 ἱκανὸς
2475 3343 2879 3414 καταφυτεῦσαι
2908 3346 3134 3416 ῥήματι,
3169 3345 3264 3399 καὶ
3295 3343 3439 3413 λόγῳ
3469 3342 3649 3413 ῥιζὼ-

2060 3457 2150 3493 σαι
2180 3437 2463 3493 πανόλϐιον
2490 3438 2690 3509 χωρίον
2707 3455 2720 3467 ο
2744 3438 2878 3502 ἀλλ’,
2901 3437 2977 3500 ὼς
3008 3439 3239 3508 εἴρηται,
3266 3436 3353 3488 διὰ
3372 3436 3474 3505 τὴν
3505 3437 3650 3504 πρὸς

2057 3533 2149 3585 τὸν
2182 3531 2465 3599 ἄνθρωπον
2498 3530 2661 3601 τιμὴν
2691 3530 2786 3583 καὶ
2825 3530 3120 3600 φυτουργὸς
3144 3529 3351 3596 γίνεται
3388 3527 3650 3598 μυστιχῷ

2057 3636 2163 3671 τινι
2187 3618 2330 3689 λόγῳ
2348 3661 2362 3685 ,
2384 3620 2714 3689 άκαμάντως
2740 3618 2894 3673 τόνδε
2940 3619 3141 3688 κόσμον
3164 3619 3228 3670 ἐκ
3257 3616 3350 3669 τοῦ
3387 3617 3462 3688 μὴ
3485 3617 3649 3679 ὂντα

2059 3712 2138 3774 εἰς
2163 3711 2221 3763 τὸ
2253 3706 2392 3764 εἶναι
2426 3711 2692 3782 παράγων
2723 3710 2958 3782 θελήσει.
2986 3708 3125 3763 Nam
3150 3711 3239 3779 qui
3265 3718 3471 3762 tantam
3496 3710 3647 3769 ccrli,

2061 3812 2216 3858 terra:
2245 3821 2306 3857 ac
2336 3805 2499 3857 maris
2539 3808 2725 3856 molem
2755 3803 2907 3856 verbo
2940 3801 3235 3871 fundasset,
3274 3802 3439 3852 multo
3466 3802 3647 3868 magis

2059 3896 2270 3950 hortum
2313 3904 2519 3964 poterat
2549 3896 2691 3947 dicto
2727 3894 2990 3963 plantare,
3034 3904 3081 3947 et
3124 3892 3483 3945 beatissimum
3515 3891 3645 3956 {un-

2057 3990 2183 4042 dum
2210 3995 2365 4041 verbo
2386 4003 2674 4040 conserere.
2704 3986 2805 4039 Sed
2831 3985 3271 4055 quemadmodum
3302 3985 3502 4036 dictum
3534 3995 3643 4045 est,

2058 4088 2116 4132 ut
2148 4079 2405 4131 hominem
2439 4077 2633 4130 honore
2658 4077 2900 4146 aﬁceret,
2935 4076 3095 4129 etiam
3139 4074 3387 4127 arborum
3435 4061 3640 4126 arcana

2057 4174 2287 4240 quadam
2329 4170 2535 4223 ratione
2565 4170 2740 4238 {actus
2771 4179 2847 4222 est
2894 4169 3088 4232 cultor,
3118 4167 3209 4237 qui
3246 4168 3359 4220 sine
3397 4166 3511 4219 ullo
3556 4172 3641 4220 la-

2060 4260 2178 4314 bore
2200 4262 2451 4314 mundum
2480 4261 2616 4313 hunc
2642 4276 2706 4314 ea:
2732 4277 2833 4313 non
2859 4276 2968 4314 esse
2997 4260 3065 4312 ad
3093 4275 3201 4313 esse
3228 4258 3344 4310 sola
3366 4257 3645 4311 voluntate

2058 4354 2397 4423 perduxerat.

1986 4432 2031 4490 D
2062 4446 2091 4517 ς
2123 4446 2238 4499 XV.
2274 4446 2529 4498 Doctrina
2560 4444 2821 4515 Magnetis
2850 4444 2912 4496 de
2941 4443 3139 4513 angelis
3162 4452 3211 4495 et
3237 4444 3301 4495 de
3328 4442 3477 4495 cultu
3503 4443 3640 4495 ima-

2742 4554 2944 4606 gruum.

2128 4630 2421 4700 Speciatim
2476 4630 2544 4684 de
2596 4631 2869 4684 creatione
2908 4627 3246 4697 angelorum,
3296 4642 3441 4696 quos
3494 4628 3634 4681 inter

2057 4766 2410 4821 minationem
2441 4764 2717 4820 Arnobius
2754 4764 2973 4833 speciali
3012 4761 3425 4816 enumeratione
3466 4762 3633 4815 mira-

2056 4839 2303 4892 culorum
2339 4835 2537 4888 Christi
2566 4837 2683 4889 sola
2711 4835 2949 4887 nominis
2984 4834 3363 4901 sui'potestate
3394 4842 3448 4885 et
3479 4832 3631 4885 invo-

2055 4909 2268 4962 catioue
2314 4907 2433 4958 sine
2480 4906 2585 4957 ulla
2629 4906 2683 4958 vi
2730 4907 3058 4965 carminum,
3102 4913 3196 4956 aut
3242 4903 3536 4955 herbarum
3576 4911 3630 4954 et

2054 4977 2360 5046 graminum
2393 4976 2599 5038 succis,
2628 4977 2745 5028 sine
2772 4976 2904 5046 ullis
2937 4976 3095 5042 plane
3121 4974 3337 5046 artibus
3377 4974 3631 5046 humanis

2054 5042 2401 5115 peractorum
2453 5046 2665 5114 egregie
2710 5045 2895 5115 diluit,
2946 5042 3629 5115 veramque_divinitatem

2057 5113 2362 5171 Servatoris
2406 5113 2804 5167 nostri'eviutle
2843 5114 3193 5183 comprobat:
3236 5113 3509 5171 Desistite.
3544 5116 3625 5163 iu-

2053 5190 2191 5255 quit,
2230 5202 2259 5238 o
2285 5186 2467 5249 nescii,
2499 5186 2552 5237 in
2582 5185 2863 5237 maledicta
2890 5195 3182 5255 convertere
3214 5199 3295 5234 res
3327 5191 3622 5255 tantas.....
3654 5220 3659 5225 ~

2056 5253 2229 5318 Nihil,
2266 5271 2321 5308 ut
2366 5256 2572 5315 remini,
2604 5255 2889 5322 magicum,
2917 5255 3047 5306 nihil
3075 5254 3393 5317 humanum,
3420 5253 3617 5322 prasti-

2053 5330 2402 5397 giosum,_aut
2434 5321 2895 5397 subdoluni,gnihil
2924 5325 3129 5397 fraudis
3154 5323 3375 5397 delituit
3400 5324 3453 5397 in
3480 5321 3626 5397 Chri-

2053 5392 2245 5449 Sto......
2276 5395 2413 5447 Deus
2438 5395 2526 5447 ille
2546 5395 2784 5448 sublimis
2810 5392 2935 5463 fuit,
2957 5394 3094 5447 Deus
3120 5394 3299 5445 radice
3318 5392 3387 5445 ab
3414 5395 3614 5448 intima,

2059 5466 2193 5519 Deus
2241 5468 2304 5518 ab
2342 5466 2625 5535 incognitis
2671 5467 2865 5533 regnis,
2913 5474 2963 5518 et
3008 5467 3073 5516 ab
3110 5463 3346 5517 omnium
3389 5463 3623 5533 princip!

2051 5536 2193 5590 Deus
2229 5537 2513 5604 sospitator
2537 5546 2613 5589 est
2642 5536 2853 5598 missus,
2882 5543 2991 5604 etc.

2123 5606 2235 5676 (ὲό)
2276 5603 2433 5659 Coul'.
2467 5605 2662 5659 Gottl'r.
2698 5604 2895 5659 Olcarii
2937 5603 3340 5659 Observationes
3370 5615 3535 5655 sacrit
3562 5615 3625 5651 ιιι

2056 5675 2385 5738 Martiarum,
2419 5692 2470 5745 p.
2499 5692 2570 5728 ui.
2596 5676 2702 5745 2‘75
2727 5690 2879 5744 seqq.

2127 5747 2237 5817 (‘24)
2261 5746 2389 5802 Vide
2409 5740 2601 5816 fragm.
2627 5743 2667 5798 ll
2683 5740 3079 5815 Supra—allatum
3101 5743 3345 5817 (c.1580,
3367 5742 3465 5815 ἐν,
3480 5740 3621 5808 init.)
