3888 6498
1357 365 1638 423 ΝΟΤΙΤΙΔ
1675 370 1765 425 ΕΤ
1807 372 2246 434 FRAGMENTA.

3333 394 3472 448 1394

214 475 700 544 ρτωδιοηιίεεῑιηοε
722 487 1004 535 creaturas
1033 481 1211 552 primo
1237 484 1356 541 loco
1384 489 1556 556 ponit,
1581 490 1655 544 ita
1684 491 1800 546 dis-
1829 498 1876 554 Α
1903 495 2061 550 asciti
2096 510 2244 566 sunt,
2293 499 2384 556 ubi
2419 499 2614 558 faciem
2656 502 2748 559 Dei
2777 502 2953 560 Patris
2981 505 3221 564 caelestis
3255 510 3308 563 in
3344 528 3467 580 pcr—

214 567 352 620 serit
377 567 647 625 Macarius
675 567 919 641 Magnes,
965 583 1024 626 ut
1054 584 1301 630 naturam
1338 581 1581 648 ipsorum
1632 584 1797 652 spiri-

213 657 445 721 tualem,
499 659 868 731 incorruptam
921 671 975 716 et
1021 666 1383 723 immortalem
1438 673 1663 726 extollat
1713 675 1798 731 his

211 750 420 813 verbis,
452 767 572 816 quae
603 753 656 807 in
702 754 1005 826 fragmento
1041 759 1108 812 ιν
1161 762 1574 832 Ἀποκριτικῶν
1606 768 1796 838 legun-

211 848 308 894 tur
333 859 346 893 :
382 843 603 909 Λοιπὸν,
629 845 726 917 τὴν
759 850 886 920 περὶ
919 850 1027 903 τῶν
1061 853 1308 920 ἀγγέλων
1336 859 1432 910 καὶ
1455 860 1553 930 τῆς
1581 861 1795 933 ἀφθαρ-

214 933 342 997 σίας
381 934 558 988 αὐτῶν
597 937 819 1009 λέξομεν
862 942 958 1012 τὴν
1001 943 1390 1015 ὑπόθεσιν......
1437 949 1524 1004 ἴνα
1567 939 1650 1014 τις
1688 953 1796 1006 τῶν

211 1025 626 1096 εὐφρονούντων
661 1030 900 1096 ἀκούσας
933 1034 990 1088 ὲν
1015 1035 1228 1106 οὐρανῷ
1259 1037 1478 1110 λογικὴν
1507 1042 1692 1097 οὐσίαν
1719 1045 1796 1116 τῷ

209 1117 316 1186 τῆς
345 1118 646 1184 ἀθανασίας
679 1121 820 1193 λόγῳ
867 1127 1362 1197 πανηγυρίζουσαν,
1403 1133 1650 1187 τουτέστι
1685 1137 1795 1190 τῶν

216 1209 510 1279 μακαρίων
543 1212 635 1264 καὶ
665 1213 971 1284 ἀσωμάτων
1008 1215 1307 1286 δυνάμεων,
1341 1220 1416 1284 ὡς
1447 1222 1672 1276 δυνατὸν
1703 1227 1794 1280 τὸν

215 1297 334 1367 βίον
379 1301 514 1372 πρὸς
555 1303 752 1366 αὐτοὺς
790 1306 1090 1377 ρυθμίσειε,
1127 1311 1220 1363 καὶ
1259 1312 1355 1382 τὴν
1389 1313 1612 1368 ἐκείνων
1637 1317 1792 1382 ἀξίαν

213 1394 331 1456 τοῖς
363 1391 542 1462 ἔργοις
568 1394 877 1464 ζηλώσειεν,
909 1415 962 1452 κ.
993 1417 1043 1454 τ.
1081 1401 1130 1456 λ.
1161 1402 1412 1470 Deinceps
1454 1409 1792 1474 quaestionem

215 1483 285 1537 de
313 1484 511 1554 angelis
540 1496 590 1539 et
620 1503 800 1541 eorum
831 1489 1134 1561 incorrupta
1173 1504 1367 1548 natura
1395 1500 1678 1552 tractaturi
1703 1515 1793 1552 su-

213 1588 473 1626 mus......
506 1574 577 1628 At
605 1576 812 1644 sapiens
844 1579 1060 1649 quisque
1096 1598 1214 1634 cum
1263 1585 1514 1648 audierit,
1548 1587 1793 1642 substan-

215 1663 350 1715 tiam
404 1665 717 1719 rationalem
766 1668 820 1721 in
865 1669 991 1723 (celo
1029 1688 1162 1738 esse,
1207 1691 1324 1745 aute
1371 1677 1791 1734 immortalitatis

213 1769 431 1807 munere
467 1754 696 1825 gaudeat
729 1756 930 1828 (beatas
959 1777 1139 1831 nempe
1183 1775 1231 1818 et
1262 1766 1594 1835 incorporeas
1623 1772 1792 1824 virtu-

1899 586 2041 643 fecto
2068 589 2420 649 beatitudinis
2437 603 2576 649 statu
2609 595 2818 660 vident,
2844 595 3033 652 Matth.
3066 615 3223 663 xvun,
3262 602 3352 656 10.
3390 601 3466 656 Ex

1898 677 2001 733 ista
2031 688 2211 752 autem
2247 681 2593 752 simplicitate
2626 687 2876 742 essentia:
2907 697 3068 758 atque
3095 689 3467 746 immateriali-

1897 779 2026 834 tate,
2072 787 2180 840 qua
2225 775 2461 841 gaudent
2504 777 2704 846 angeli,
2731 787 2923 846 sponte
2970 793 3068 833 sua
3115 782 3466 850 consequitur

1896 859 2137 927 ipsorum
2169 861 2443 932 ἀφθαρσία
2465 875 2628 934 atque
2660 865 3060 932 immortalitas,
3092 885 3254 938 quam
3289 871 3466 926 Maca.

1895 951 2010 1006 rius
2050 951 2182 1021 ipsis
2211 954 2445 1009 vindicat
2473 956 2558 1011 his
2591 958 2807 1012 verbis:
2843 960 2960 1012 Ἵνα
3002 962 3088 1024 τὶς
3119 962 3226 1016 τῶν
3267 965 3463 1036 εὐφρο-
3491 1003 3499 1011 ρ

1893 1041 2126 1095 νούντων
2158 1043 2392 1107 ἀκούσας
2432 1046 2490 1099 ἐν
2531 1047 2744 1119 οὐρανῷ
2782 1047 3003 1120 λογικὴν
3033 1053 3220 1107 οὐσίαν
3253 1053 3329 1125 τῷ
3367 1055 3464 1126 τῆς

1893 1131 2190 1199 ἀθανασίας
2215 1133 2355 1205 λόγῳ
2384 1136 2870 1208 πανηγυρίζουσαν.

1961 1221 2098 1276 Cum
2155 1239 2282 1278 vero
2337 1226 2533 1280 veteris
2587 1227 2840 1282 Ecclesia:
2893 1228 3146 1284 doctores
3212 1231 3462 1300 principii

1893 1315 2011 1370 loco
2032 1324 2314 1385 ponerent.
2350 1333 2412 1370 ea
2435 1333 2552 1386 qua:
2587 1319 2799 1372 initium
2828 1320 3139 1380 habuerunt.
3171 1326 3462 1378 necessario

1887 1407 2052 1471 ﬁnem
2091 1408 2336 1462 habitura
2365 1409 2844 1480 (quemadmodum
2888 1423 2941 1466 et
2985 1413 3248 1469 Macarius
3278 1426 3463 1471 noster

1893 1500 1949 1554 in
1984 1501 2389 1570 comparatione
2422 1503 2700 1557 beatorum
2733 1504 3013 1560 hominum
3058 1509 3462 1577 resurgentium

1892 1606 2015 1646 cum
2045 1594 2363 1663 angelorum
2406 1603 2548 1648 statu
2592 1594 2749 1648 beato
2789 1594 2919 1648 illud
2947 1597 3146 1664 pariter
3169 1597 3236 1652 de
3269 1599 3460 1654 iisdem

1891 1682 2170 1752 praedicat,
2209 1685 2306 1738 καὶ
2344 1684 2598 1756 τελευτὴν
2641 1685 2838 1758 μηκέτι
2885 1688 3020 1757 μηδὲ
3064 1689 3275 1756 γένεσιν
3313 1691 3462 1760 ἕχον-

1891 1791 2002 1838 τες,
2026 1774 2144 1843 jam
2177 1791 2269 1828 nec
2309 1785 2483 1829 ortum
2525 1776 2771 1830 habentes
2805 1792 2897 1830 nec
2943 1778 3262 1850 interitum),
3296 1793 3460 1849 atque

213 1847 338 1912 tes),
370 1847 552 1912 vitam,
579 1859 833 1917 quantum
860 1851 979 1919 ﬁeri
1004 1863 1190 1921 potest,
1224 1856 1292 1909 ad
1320 1874 1499 1912 eorum
1531 1861 1791 1916 imitatio-
1819 1831 1864 1886 Β
1891 1864 2086 1918 exinde
2118 1866 2453 1934 colligerent,
2485 1867 2706 1936 angelos
2746 1884 2852 1921 non
2900 1878 3112 1933 natura,
3155 1873 3244 1924 sed
3289 1873 3459 1939 gratia

212 1952 334 1988 nem
389 1947 688 2007 componat,
743 1957 1022 2013 eorumque
1073 1944 1299 2014 gloriam
1359 1951 1601 2018 operibus
1657 1955 1792 2024 a/fe-
1889 1953 2228 2009 immortales
2255 1969 2415 2008 esse:
2456 1954 2508 2009 id
2539 1956 2726 2009 saltem
2763 1955 3003 2010 indicare
3028 1959 3336 2020 voluerunt,
3366 1975 3456 2011 so-

208 2037 338 2091 ctet,
377 2039 481 2085 etc.
527 2030 681 2086 Patet
709 2034 924 2100 exinde,
971 2039 1194 2106 angelos
1237 2040 1323 2094 hic
1351 2041 1582 2099 describi
1617 2045 1692 2116 1ο)
1730 2055 1791 2102 ut
1888 2041 1998 2096 lum
2040 2042 2209 2096 Deum
2254 2043 2692 2113 independenter,
2736 2046 3000 2109 absolute,
3042 2057 3094 2100 et
3139 2064 3200 2100 ea
3247 2050 3458 2102 ratione

209 2121 550 2177 substantias
566 2125 871 2192 spirituales
901 2138 950 2181 et
979 2129 1334 2198 incorporeas,
1362 2135 1683 2205 ἀσωμάτους
1698 2138 1788 2190 δυ-

209 2211 422 2282 νάμεις,
459 2230 578 2283 qua!
612 2216 665 2270 in
691 2219 1028 2274 antecedenti
1063 2237 1315 2318 sermpne
1344 2226 1653 2284 hominibus
1689 2244 1786 2300 op-

206 2315 507 2372 ponuntur,
532 2308 626 2376 qui
660 2309 925 2378 originem
952 2327 1106 2366 suam
1132 2329 1161 2367 a
1186 2308 1390 2370 c'arnali
1417 2334 1784 2391 corporeaque

206 2398 558 2465 generatione
587 2399 808 2467 habent,
837 2403 931 2472 qui
955 2405 1022 2458 ab
1043 2405 1324 2462 immunda
1349 2425 1637 2479 corporum
1663 2431 1783 2482 ger-

207 2488 508 2544 minatione
537 2492 900 2547 subStantiam
935 2507 1218 2564 ceperunt,
1258 2509 1312 2553 et
1353 2503 1519 2570 geniti
1550 2504 1780 2574 gignen-

208 2584 400 2646 tesque
429 2579 598 2635 instar
630 2582 885 2638 foliorum
917 2585 1024 2640 cito
1054 2588 1326 2656 defluunt;
1361 2607 1484 2645 cum
1533 2605 1781 2649 econtra-

205 2669 294 2725 ι·ὶο
327 2672 500 2740 angeli
533 2674 643 2728 sint
672 2677 997 2747 σωματικῶν
1033 2677 1218 2732 παθῶν
1246 2683 1340 2735 καὶ
1371 2683 1584 2754 δεσμῶν
1610 2686 1782 2744 ἀπαλ-

203 2758 482 2829 λαγέντες,
539 2768 816 2836 corporeis
877 2770 1158 2826 alfectibus
1201 2783 1256 2828 et
1304 2775 1537 2832 vinculis
1588 2777 1775 2833 liberi:

203 2854 667 2921 quemadmodum
701 2858 756 2912 in
784 2859 1090 2931 fragmento
1117 2863 1182 2928 ll,
1220 2866 1464 2936 angelum
1496 2884 1591 2937 per
1632 2869 1778 2925 ἀσώ-

207 2939 378 3028 ματόν
406 2959 524 2996 τινα
563 2945 840 3016 τάγματος
883 2949 1216 3023 ἀνωφεροῦς,
1253 2953 1372 3008 θεὸν
1405 2956 1502 3028 τὴν
1542 2958 1687 3012 Θέσιν
1715 2961 1776 3013 οὐ

201 3027 305 3099 τὴν
339 3028 498 3098 φύσιν
536 3031 867 3106 ὑπάρχοντα,
908 3039 958 3092 id
986 3048 1070 3093 est
1108 3027 1470 3110 incorporeum
1498 3049 1776 3116 quemdam

1886 2131 2247 2187 immortalem
2299 2148 2459 2198 esse,
2519 2141 2577 2186 ut
2629 2134 2777 2187 nullo
2830 2136 2992 2190 modo
3043 2137 3200 2190 linem
3261 2139 3458 2193 haltere

1886 2235 2069 2292 queat,
2107 2223 2128 2277 l
2175 2223 2317 2276 Tim.
2360 2240 2434 2288 v1,
2483 2224 2588 2291 16;
2619 2225 2840 2294 angelos
2881 2235 3058 2280 autem
3095 2243 3190 2280 Ceu
3233 2230 3455 2298 spiritus

1884 2327 2096 2370 creatos
2121 2316 2481 2386 dependenter
2506 2325 2560 2370 et
2585 2332 2652 2370 ex
2691 2317 2964 2372 voluntate
2996 2317 3085 2373 Dei
3122 2321 3454 2377 immortales

1882 2423 2022 2471 esse,
2054 2408 2128 2463 ita
2157 2409 2398 2479 quidem,
2432 2417 2490 2463 ut
2519 2408 2643 2463 licet
2667 2418 2859 2463 natura
2894 2410 3109 2466 illorum
3153 2414 3204 2466 in
3237 2431 3294 2467 se
3326 2431 3449 2483 spe-

1883 2510 2024 2555 ctata
2051 2501 2383 2570 corruptioni
2423 2500 2661 2555 obnoxia
2697 2517 2804 2554 non
2834 2501 2926 2568 sit,
2965 2503 3124 2558 tinem
3164 2515 3364 2571 tamen,
3406 2509 3452 2562 si

1882 2592 2025 2648 Deus
2062 2594 2208 2659 velit,
2247 2594 2444 2648 habere
2483 2593 2712 2662 possint.
2750 2593 2928 2663 Atque
2968 2597 3020 2649 in
3051 2613 3115 2651 eo
3155 2607 3311 2670 χάρις
3342 2601 3451 2664 illa,

1880 2700 1986 2753 qua
2012 2684 2343 2737 immortales
2364 2683 2618 2737 dicuntur
2640 2697 2760 2737 esse
2789 2685 2986 2754 angeli,
3012 2687 3284 2753 consistit,
3308 2691 3451 2756 quod
3502 2745 3505 2748 _

1881 2794 1909 2828 a
1947 2775 2054 2830 Deo
2079 2785 2501 2840 conservantur;
2530 2791 2652 2829 cum
2689 2776 2890 2847 alioqui
2923 2778 2977 2830 in
3021 2779 3272 2842 nihilum,
3311 2781 3452 2834 unde

1880 2866 1985 2920 orti
2013 2877 2160 2928 sunt,
2183 2876 2366 2920 essent
2393 2865 2637 2922 redituri.
2670 2864 2807 2921 llinc
2833 2865 3036 2923 .‘Eneas
3063 2868 3286 2924 Gazmus
3316 2871 3449 2940 (23),

1880 2957 2084 3010 veritus
2135 2972 2202 3009 ne
2256 2955 2357 3009 hac
2405 2954 2653 3008 doctrina
2699 2955 3094 3010 immortalitati
3137 2960 3445 3013 animorum

1879 3045 2126 3101 nonnihil
2158 3046 2556 3109 detraheretur,
2591 3044 2918 3116 principium
2948 3048 3098 3113 illud,
3133 3066 3281 3102 omne
3310 3053 3447 3119 quod

200 3123 494 3190 superioris
544 3127 768 3191 ordinis,
803 3132 895 3199 qui
934 3134 1238 3202 adoptione,
1277 3154 1378 3192 non
1435 3151 1649 3205 natura,
1704 3145 1773 3196 sit

1880 3152 1986 3189 esse
2040 3134 2252 3204 incepit,
2295 3133 2578 3187 obnoxium
2605 3135 2845 3189 interitui
2889 3151 3020 3196 esse,
3049 3135 3114 3188 ad
3150 3135 3447 3204 planiorem

197 3207 354 3276 deus,
375 3213 626 3281 explicat.
657 3214 810 3272 Unde
837 3228 890 3273 et
915 3225 1262 3290 postmodum
1289 3227 1344 3281 in
1379 3226 1683 3298 fragmento
1711 3231 1774 3286 γι

199 3300 533 3357 invisibilem
594 3317 883 3374 naturam,
938 3312 1181 3384 adeoque
1218 3326 1273 3370 et
1323 3317 1772 3388 immaterialem,

199 3394 410 3461 angelis
439 3397 629 3452 tribuit
654 3398 944 3468 Macarius,
972 3405 1194 3463 dicens:
1227 3410 1289 3463 Ei
1319 3411 1428 3483 γὰρ
1464 3414 1557 3468 καὶ
1577 3415 1646 3469 τὰ
1673 3417 1776 3487 μά·

196 3481 360 3577 λιστα
386 3488 443 3540 ὲν
475 3488 704 3562 ἀνδρείῳ
746 3494 984 3566 σχήματι
1030 3498 1248 3568 ἄγγελοί
1296 3481 1426 3556 ποτε
1474 3481 1773 3577 ἐφάνησαν,

193 3575 318 3667 ἀλλ’
346 3579 407 3630 οὺ
435 3579 494 3631 τὸ
517 3583 680 3648 φανὲν
712 3579 872 3655 ἦσαν,
897 3587 1170 3660 ἁλλ’,ὃπερ
1195 3588 1353 3664 ἦσαν,
1379 3596 1607 3667 ἀόρατόν
1634 3575 1770 3654 ἐστι.

194 3666 260 3722 Id
289 3678 373 3724 est
401 3690 414 3725 :
449 3671 574 3727 Etsi
600 3677 740 3729 enim
767 3677 1004 3734 humana
1032 3692 1090 3736 ut
1119 3684 1408 3752 plurimum
1451 3666 1615 3756 specie
1646 3691 1772 3745 olim

195 3765 378 3833 angeli
401 3783 776 3837 apparuerunt,
799 3783 857 3826 at
884 3791 984 3829 non
1017 3777 1072 3830 id
1103 3779 1273 3847 ipsum
1304 3791 1478 3846 erant,
1500 3783 1640 3852 quod
1676 3802 1773 3856 ap-

193 3855 448 3925 parebat;
478 3859 567 3912 sed
597 3863 736 3930 quod
761 3873 930 3931 erant,
967 3867 1022 3919 id
1048 3869 1250 3924 uisibile
1279 3887 1382 3924 non
1411 3881 1510 3926 est.

273 3948 356 4019 2°)
395 3949 788 4010 Describuntur
821 3959 998 4028 angeli
1027 3968 1085 4014 ut
1125 3962 1441 4024 substantia:
1471 3965 1772 4038 intelligen-

195 4049 306 4106 tes,
349 4039 477 4095 dum
518 4041 791 4101 Macarius
835 4050 1084 4118 angelum
1129 4063 1288 4108 vocat
1326 4053 1546 4128 λογικὴν
1584 4059 1770 4117 οὐσίαν

190 4132 255 4183 ὲν
278 4131 512 4204 οὐρανῷ,
551 4136 908 4192 substantiam
942 4143 1251 4198 rationalem
1291 4147 1345 4199 in
1377 4149 1537 4212 caelo;
1563 4161 1618 4204 ut
1647 4168 1766 4206 eam

189 4222 555 4292 distingueret
585 4235 696 4280 tum
727 4245 757 4282 a
790 4230 1108 4287 substantiis
1135 4235 1492 4292 rationalibus
1521 4239 1573 4293 in
1603 4250 1766 4305 terra,

189 4312 514 4368 hominibus
543 4316 726 4371 anima
760 4327 814 4372 et
851 4334 1078 4390 corpore
1107 4325 1387 4394 praeditis;
1425 4337 1537 4385 tum
1579 4347 1609 4386 a
1639 4333 1769 4388 sub-

187 4404 414 4459 stantiis
467 4421 602 4474 pure
649 4410 1020 4466 materialibus
1063 4415 1176 4469 sive
1222 4420 1520 4487 corporeis,
1567 4424 1767 4492 quibus

1877 3246 2095 3285 sensum
2146 3239 2386 3294 revocat,
2421 3232 2763 3302 ostenditque
2815 3231 3053 3286 animam
3103 3232 3445 3297 rationalem,

1873 3321 2075 3390 pariter
2099 3332 2260 3389 atque
2282 3321 2524 3389 angelos,
2557 3333 2747 3393 suapte
2775 3331 2966 3376 natura
2987 3322 3303 3376 morituram
3336 3339 3444 3377 non

1874 3427 2023 3466 esse:
2043 3409 2142 3464 Ille
2167 3413 2326 3476 enim,
2354 3412 2549 3482 inquit,
2573 3414 2664 3482 qui
2690 3423 2745 3466 ut
2774 3423 2941 3467 essent
2965 3411 3187 3482 largitus
3210 3425 3307 3479 est,
3335 3416 3445 3466 ani-

1875 3503 1972 3556 mis
1999 3503 2188 3556 nostris
2216 3504 2464 3556 concessit
2504 3520 2725 3575 quoque,
2748 3513 2806 3557 ut
2831 3520 3030 3573 semper
3056 3513 3245 3568 essent,
3275 3504 3441 3557 illud-

1872 3610 1968 3664 que
2012 3593 2208 3647 donum
2245 3595 2359 3662 ipsa
2377 3594 2498 3662 jam
2537 3605 2733 3649 natura
2766 3604 2863 3649 est.
2898 3593 3108 3648 Habent
3149 3595 3310 3663 igitur
3343 3611 3440 3648 an-

1874 3685 1973 3754 geli
2002 3685 2055 3738 in
2092 3701 2151 3740 se
2183 3685 2334 3755 ipsis,
2365 3694 2425 3740 ut
2449 3695 2502 3741 et
2528 3687 2711 3741 anima
2737 3687 3041 3751 rationalis,
3067 3703 3177 3756 quo
3213 3687 3435 3739 immor-

1872 3777 2006 3832 tales
2038 3777 2165 3842 sint,
2196 3777 2394 3849 quippe
2436 3795 2560 3834 cum
2603 3779 2870 3849 ejusmodi
2903 3789 3149 3834 naturam
3199 3797 3228 3833 a
3256 3795 3436 3834 rerum

1873 3880 2094 3924 auctore
2130 3871 2306 3944 sortiti
2334 3871 2442 3926 sint
2467 3871 2599 3941 (26).

1940 3961 2101 4015 Addit
2141 3960 2406 4018 Macarius
2434 3963 2485 4015 in
2519 3962 2705 4018 eodem
2743 3960 3084 4033 fragmento;
3118 3963 3192 4016 Οὐ
3227 3964 3334 4035 μὴν
3355 3967 3434 4016 εξ-

1871 4050 2033 4115 κόνας
2063 4053 2282 4106 ἐκείνων
2311 4053 2570 4118 τυπώσας
2601 4053 2678 4128 τῷ
2711 4056 2964 4126 σχήματι,
3010 4071 3112 4107 non
3159 4065 3336 4108 autem
3367 4055 3436 4108 il-

1869 4145 2040 4197 lorum
2064 4143 2313 4214 imagines
2343 4146 2578 4215 eﬁingens
2601 4146 2736 4213 (27).
2763 4147 2893 4212 Quae
2917 4146 3075 4199 verba
3111 4145 3436 4215 philosopho

1869 4235 2078 4299 Grmco,
2110 4250 2232 4288 cum
2269 4251 2378 4305 quo
2419 4237 2521 4290 sibi
2561 4254 2648 4292 res
2675 4246 2814 4300 erat,
2842 4236 2987 4291 haud
3028 4236 3229 4291 frustra
3258 4253 3433 4307 oppo-

1869 4328 1979 4381 suit
2016 4326 2309 4394 Macarius,
2363 4327 2493 4382 dum
2551 4329 2760 4396 angelis
2807 4340 3000 4385 natura
3057 4330 3264 4385 similes
3313 4346 3432 4384 esse

1868 4421 1999 4474 deos
2039 4435 2170 4474 suos
2195 4417 2562 4489 jactitaverat,
2590 4429 2650 4475 ut
2669 4420 2862 4475 exinde
2882 4421 3086 4475 cultum
3115 4421 3429 4477 eorumdem

183 4495 278 4549 vis
313 4497 606 4566 cogitandi,
634 4500 963 4573 intelligendi
1004 4515 1167 4575 atque
1202 4509 1562 4567 ratiocinandi
1604 4515 1763 4569 attri-
1801 4498 1842 4551 D
1869 4511 2114 4566 divinum
2159 4511 2322 4566 veluti
2348 4512 2500 4582 justo
2539 4514 2773 4580 quodam
2821 4513 2976 4567 titulo
3009 4515 3233 4569 delinire
3273 4530 3433 4583 posse

184 4586 285 4641 hui
323 4589 530 4656 nequit.

271 4678 517 4749 Denique
552 4683 633 4748 5ο)
670 4685 1056 4741 describuntur
1104 4690 1280 4758 angeli
1329 4700 1390 4745 ut
1444 4693 1766 4752 substantia:

183 4770 364 4826 beata:
386 4782 550 4842 atque
590 4777 644 4829 in
673 4778 941 4845 spirituali
985 4795 1082 4833 sua
1118 4792 1307 4836 natura
1338 4793 1392 4837 et
1434 4785 1764 4853 perfectione

184 4863 402 4918 caelesti
440 4865 622 4921 liberte
667 4869 736 4922 ab
772 4871 922 4922 omni
961 4872 1278 4938 mutatione,
1321 4876 1670 4944 corruptione
1705 4887 1763 4932 et

183 4957 545 5012 mortalitate.
577 4957 678 5014 Hie
715 4960 859 5014 enim
889 4970 1008 5016 erat
1039 4975 1236 5030 scopus
1263 4965 1619 5034 expositionis
1655 4967 1764 5022 Ma-

181 5048 445 5112 carianat,
485 5048 631 5117 quod
669 5065 736 5103 ex
779 5054 1026 5121 exemplo
1071 5055 1406 5123 angelorum,
1438 5056 1545 5111 τῶν
1582 5075 1761 5128 μακα-

184 5139 325 5210 ρίων
357 5139 657 5210 δυνάμεων,
691 5142 930 5197 indicare
970 5145 1203 5200 voluerit
1240 5147 1626 5204 beatitudinem
1668 5166 1762 5205 eo-

181 5247 310 5283 rum
365 5230 674 5297 hominttm,
725 5236 925 5303 quibus
976 5237 1215 5292 caelestis
1265 5240 1412 5308 regio
1464 5241 1759 5298 habitanda

177 5322 401 5393 obtigit,
457 5325 662 5394 quique
717 5326 773 5381 in
830 5329 1087 5399 angelicae
1133 5331 1260 5385 vita:
1317 5333 1757 5389 communionem

261 5476 376 5546 (25)
418 5475 475 5530 ln
508 5478 726 5548 dialogo
751 5482 960 5537 erudito
997 5483 1071 5538 De
1102 5487 1398 5540 animorum
1438 5488 1758 5544 immortali-

181 5557 364 5621 tatqet
402 5552 777 5621 resurrectione
802 5555 1055 5621 corporis.

257 5618 386 5692 (ﬁli)
415 5618 572 5692 Conl'.
604 5619 766 5692 Mich.
798 5618 1074 5692 Loquienii
1098 5634 1239 5679 notze
1265 5626 1330 5680 ad
1360 5625 1754 5684 Damascenum

182 5685 275 5776 ρετ⁸
311 5685 414 5769 ﬁde
466 5691 778 5776 orthodoxa,
811 5685 1002 5776 lib-:nll,
1040 5711 1161 5776 cap.
1195 5697 1249 5760 5,
1279 5713 1331 5776 p.
1363 5698 1484 5762 156,
1517 5699 1756 5776 itemque

185 5755 460 5823 Petavius,
498 5759 596 5814 loc.
631 5755 834 5831 cit.,'p.
887 5755 1366 5829 l8,'nbi'nomina
1415 5755 1756 5824 intortalis'ct

1866 4602 2158 4657 videretur.
2200 4600 2374 4669 Quam
2427 4602 2817 4658 idololatricam
2869 4605 3178 4674 Opinionem
3236 4605 3432 4658 merito

1865 4693 2088 4748 damnat
2120 4693 2409 4760 Macarius,
2437 4694 2660 4762 addens,
2688 4697 2762 4759 ὼς
2793 4696 2899 4766 φὴς
2925 4696 3102 4759 αὑτός,
3131 4705 3185 4748 ιιι
3209 4705 3262 4747 ιιι
3288 4696 3431 4766 (phi-

1865 4787 2149 4858 loSOpltus)
2178 4788 2286 4856 ipse
2321 4792 2422 4852 ais,
2447 4788 2537 4856 qui
2575 4788 2780 4842 scilicet
2813 4788 3103 4842 simulacra
3141 4796 3195 4841 et
3224 4795 3434 4842 statuas

1865 4887 1918 4931 et
1939 4877 2204 4946 imagines
2234 4877 2458 4931 deorum
2487 4877 2553 4929 ad
2582 4875 3004 4929 abominandum
3030 4876 3234 4930 cultum
3264 4891 3429 4945 expo-

1864 4969 1970 5025 nis.
2009 4969 2179 5035 Quam
2203 4969 2255 5022 in
2283 4983 2395 5022 rem
2419 4968 2486 5022 de
2515 4967 2944 5037 apparitionibus
2965 4969 3276 5038 angelorum
3310 4977 3426 5022 sta-

1863 5063 1958 5117 tim
2003 5061 2281 5130 sequentia
2328 5061 2646 5130 subj-ungit:
2691 5060 2752 5112 Et
2798 5060 2906 5132 γὰρ
2941 5063 3035 5114 καὶ
3074 5061 3144 5112 τὰ
3193 5060 3426 5130 μάλιστα

1862 5155 1919 5208 ὲν
1952 5154 2178 5226 ἀνδρείῳ
2213 5154 2447 5224 σχήματι
2481 5151 2699 5220 ἄγγελοί
2731 5168 2860 5204 ποτε
2893 5153 3187 5223 ἐφάνησαν,
3221 5151 3332 5203 ἀλλ’
3363 5151 3424 5202 οὑ

1860 5243 1922 5295 τὸ
1945 5243 2106 5310 φανὲν
2137 5238 2294 5313 ἦσαν,
2321 5241 2433 5298 ἀλλ’
2461 5243 2595 5312 ὅπερ
2614 5235 2772 5310 ἦσαν,
2806 5241 3031 5312 ἀόρατόν
3057 5243 3189 5294 ἐστι.
3223 5240 3275 5294 ld
3300 5249 3382 5294 est
3407 5255 3421 5291 :

1865 5335 1981 5388 Etsi
2004 5335 2140 5387 enim
2187 5334 2413 5388 humana
2463 5342 2518 5386 ut
2546 5332 2833 5403 plurimum
2873 5335 3038 5403 specie
3086 5332 3208 5386 olim
3252 5331 3428 5402 angeli

1859 5487 2178 5544 immortalis
2222 5487 2418 5558 triplici
2465 5503 2628 5543 sensu
2672 5505 2702 5544 a
2744 5487 3002 5544 Patribus
3034 5488 3203 5557 accipi
3238 5499 3422 5543 osten-

1859 5561 2042 5709 flftlg'l)
2077 5627 2233 5694 Quod
2259 5627 2592 5709 Nicephorus
2621 5627 3070 5709 patriarcltaﬁl’.
3103 5628 3168 5683 ad
3192 5629 3418 5685 vetitum

1861 5700 2125 5756 idolorum
2160 5698 2440 5769 gentilium
2471 5700 2675 5754 cultum
2705 5698 3004 5766 rcstringit.
