3888 6520
484 385 625 441 1595

1752 381 2106 439 MACABIUS
2140 381 2439 436 MAGNES.

3617 373 3761 427 1596

480 508 859 569 apparuerunt,
889 507 943 551 at
968 514 1069 551 non
1095 500 1149 551 id
1174 501 1345 559 ipsum
1369 510 1542 565 erant,
1572 503 1708 571 quod
1742 502 2061 569 apparebat;
2088 507 2130 561 Α
2163 510 2395 570 tumque
2414 504 2655 569 ipsorum
2681 499 2927 554 divinum
2953 538 2965 549 .
2995 537 3006 548 .
3036 538 3052 551 .
3074 537 3087 550 .
3122 495 3407 565 improbat,
3442 494 3495 548 in
3529 508 3612 548 eo
3644 512 3761 549 vein

477 592 568 643 sed
590 590 728 659 quod
755 600 927 653 erant,
955 590 1009 643 id
1038 592 1242 645 uisibile
1271 607 1376 644 non
1402 602 1537 645 erat.

548 684 693 749 Quin
716 692 769 738 et
797 684 985 752 paucis
1013 684 1309 754 interjectis
1338 686 1658 741 sententiam
1699 702 1877 752 suam,
1906 688 2050 756 quod

476 774 650 844 angeli
675 774 881 829 sanctis
904 774 1219 831 hominibus
1241 777 1553 846 neutiquam
1586 777 1651 831 ad
1679 777 2049 833 adorationem

475 866 737 935 propositi
789 866 919 930 sint,
968 866 1197 922 ulterius
1243 868 1527 922 confirmat
1582 868 1828 937 exemplo
1872 869 2047 923 Abra—

474 957 643 1023 hami,
676 960 771 1028 qui
804 958 1026 1026 angelos
1051 959 1155 1027 ipsi
1181 960 1328 1015 visos
1360 960 1509 1014 nullo
1532 958 1872 1014 idololatrico
1898 960 2047 1014 cultu

470 1050 706 1119 excepit.
740 1047 1037 1118 Postquam
1066 1050 1210 1103 enim
1238 1051 1594 1120 quaestionem
1634 1050 1702 1104 de
1734 1051 2045 1105 Ahrahamo

472 1152 525 1197 et
557 1144 766 1213 angelis
795 1143 864 1201 ab
905 1158 971 1197 eo
1009 1144 1143 1199 visis
1181 1145 1499 1213 agitaverat,
1534 1143 1680 1198 hunc
1722 1143 1779 1197 in
1825 1145 2043 1199 modum

470 1235 774 1289 orationem
802 1235 1076 1289 concludit
1096 1234 1365 1290 Macarius
1389 1235 1441 1288 in
1467 1236 1771 1306 fragmento
1785 1234 1875 1288 VII
1896 1253 1909 1288 :
1934 1236 2044 1289 Καὶ

468 1326 673 1379 τούτων
687 1328 990 1397 γενομένων
1005 1326 1189 1396 σαφῶς
1210 1328 1347 1381 κατά
1366 1327 1642 1398 ἀλήθειαν,
1657 1327 1763 1381 τῶν
1773 1328 2043 1397 ὀφθέντων

468 1421 498 1470 ὁ
542 1417 793 1489 Ἃῦραάμ
834 1419 892 1472 οὐ
943 1422 1102 1471 τυποῖ
1142 1419 1241 1490 τὴν
1288 1419 1605 1489 ἐμφάνειαν,
1648 1419 1769 1472 οὐδὲ
1805 1420 2043 1490 ἐμφερὲς

468 1510 688 1579 ἄγαλμα
724 1508 852 1574 seu,
888 1510 921 1580 ἢ
958 1509 1159 1581 γράφει
1188 1509 1264 1580 τῷ
1294 1511 1479 1563 πίνακι
1508 1512 1565 1563 ὲν
1604 1511 1784 1573 αὐτοῖς
1828 1510 2042 1581 βλέπειν

466 1601 593 1663 τοὺς
636 1599 971 1664 ξενισθέντας
1006 1601 1270 1670 νομίζων*
1314 1602 1372 1654 οὑ
1422 1602 1527 1672 γὰρ
1564 1597 1632 1673 ἦν
1677 1602 1839 1667 εἰκὸς,
1891 1604 2040 1673 φίλον

422 1749 429 1755 _
464 1687 592 1740 ὄντα
611 1688 705 1741 τοῦ
728 1689 862 1742 Θεοῦ
888 1689 978 1741 τὸν
1000 1689 1343 1761 πατριάρχην
1362 1693 1425 1760 τῇ
1448 1690 1555 1743 τῶν
1574 1692 1692 1743 κατ’
1721 1692 1898 1744 ἐκεῖνο
1920 1709 2040 1744 και-

468 1778 564 1851 ροῦ
600 1780 1132 1851 δεισιδαιμονούντων
1161 1780 1461 1852 ἀνθρώπων
1507 1782 1809 1850 ὑπάγεσθαι
1839 1784 2043 1857 πλάνῃ,

2160 601 2333 657 satur,
2370 592 2516 661 quod
2548 592 2616 644 ab
2644 592 2837 661 angelo
2868 589 3134 643 auxilium
3162 589 3626 659 exspectandum.
3668 605 3760 641 ve-

2155 699 2340 751 raeque
2376 683 2593 737 virtutis
2637 683 3025 737 beatitudinem
3059 682 3343 752 petendam
3382 697 3507 737 esse
3542 693 3751 750 neget:

2151 775 2295 843 quod
2320 791 2386 829 ex
2414 790 2481 831 eo
2522 775 2861 829 demonstrat
2893 773 3184 840 Macarius,
3210 774 3355 843 quod
3382 788 3492 828 non
3528 773 3615 827 sit
3650 788 3752 826 ua-

2151 876 2274 921 tura
2298 864 2466 932 Deus,
2489 866 2582 920 sed
2612 874 2822 920 tantum
2854 880 2921 919 ex
2950 866 3122 935 gratia
3144 874 3197 919 et
3223 865 3514 934 adoptione
3548 881 3752 935 quam-

2149 958 2273 1011 dam
2302 957 2501 1011 habeat
2525 956 2829 1011 divinitatis
2847 957 3279 1023 similitudinem,
3304 974 3468 1028 quam
3494 958 3747 1029 eleganti

2148 1050 2329 1118 aliqua
2357 1049 2769 1117 comparatione
2799 1050 2870 1103 ita
2902 1050 3138 1104 illustrat
3165 1049 3313 1118 (28):
3348 1050 3511 1102 Ὅθεν
3563 1053 3599 1103 ὁ
3644 1051 3744 1119 μὲν

2146 1141 2237 1194 τὸν
2285 1140 2442 1207 φύσει
2488 1140 2621 1193 Θεὸν
2668 1140 3010 1212 προσκυνῶν,
3057 1140 3448 1211 μακαρίζεται·
3494 1143 3523 1193 ὁ
3554 1140 3622 1192 δὲ
3654 1143 3744 1194 τὸν

2146 1231 2334 1294 θέσει,
2365 1231 2533 1285 πολλά
2585 1232 2989 1301 διασφάλλεται,
3023 1235 3080 1285 ὲν
3127 1232 3205 1303 τῷ
3256 1232 3432 1286 σέϐειν
3472 1232 3742 1285 ἀϐέϐαιον

2146 1324 2524 1394 καρπούμενος
2547 1324 2755 1395 ὄφελος.
2791 1326 2877 1389 Ὠς
2893 1326 3000 1397 γὰρ
3026 1326 3055 1377 ὁ
3083 1324 3289 1396 Θέρμης
3312 1325 3501 1378 ἕνεκεν
3528 1326 3600 1378 τὸ
3634 1326 3741 1394 πῦρ

2143 1416 2521 1486 ἀσπαζόμενος
2551 1419 2643 1470 καὶ
2694 1416 3047 1488 θερμαίνεται
3089 1417 3220 1488 παρ’
3266 1416 3436 1470 αὑτοῦ
3464 1457 3479 1480 ,
3528 1420 3635 1470 καὶ
3666 1420 3741 1488 τῷ

2144 1507 2333 1576 φέγγει
2355 1507 2747 1581 λαμπρύνεται·
2776 1512 2805 1561 ὁ
2831 1509 2887 1562 δὲ
2905 1508 3037 1579 ὓλην
3058 1511 3123 1561 ἐκ
3156 1509 3344 1580 πυρὸς,
3368 1510 3401 1579 ἦ
3435 1509 3675 1579 χαλκοῦ,
3702 1510 3736 1581 ἢ

2144 1600 2384 1671 σιδήρου,
2413 1601 2592 1671 ζητῶν
2622 1603 2703 1666 εἰς
2729 1601 3060 1674 θερμότητα,
3087 1601 3449 1672 διαμαρτάνει
3477 1602 3577 1656 τοῦ
3614 1620 3737 1656 σκο-

2142 1690 2243 1744 ποῦ
2264 1708 2277 1723 ·
2304 1693 2441 1765 πρὸς
2465 1692 2646 1761 ὀλίγον
2679 1693 2787 1765 γὰρ
2810 1695 2843 1763 ὴ
2867 1692 2963 1764 ὕλη
2992 1693 3309 1764 ψευσαμένη
3342 1694 3442 1763 τὴν
3472 1694 3737 1761 etiamsi;

2139 1784 2236 1855 τὴν
2278 1785 2483 1838 οἰκείαν
2525 1786 2624 1856 τῆς
2670 1786 2856 1849 οὐσίας
2900 1786 3051 1857 λῆξιν
3099 1787 3393 1857 ὑποχωρεῖ,
3430 1787 3609 1857 μηδὲν
3644 1788 3733 1839 τὸν

463 1870 590 1942 ἄρτι
624 1872 807 1942 σχεδὸν
836 1872 1255 1943 ἀνακυπτούσης
1276 1874 1371 1945 τῆς
1398 1874 1504 1926 τῶν
1535 1876 1861 1944 ἀγαλμάτων
1894 1875 2038 1946 ίδρύ-
2070 1861 2113 1914 Β
2139 1875 2329 1947 ἔχοντα
2365 1876 2565 1951 ταύτην
2606 1880 2663 1932 ὲν
2702 1878 2927 1951 θερμοῖς
2970 1877 3332 1949 ὠφελήσασα,
3387 1879 3529 1949 μηδὲ
3574 1880 3732 1943 σέλας

468 1980 623 2026 σεως.
653 1962 708 2017 Id
734 1973 816 2018 est
843 1983 855 2019 :
884 1964 983 2020 llis
1011 1965 1271 2018 evidenter
1291 1974 1340 2017 et
1370 1981 1541 2018 revera
1570 1967 1835 2035 perfectis.
1867 1966 2037 2020 Abra—

466 2055 652 2113 hamus
683 2073 883 2123 eorum,
915 2058 1006 2127 qui
1042 2060 1139 2110 visi
1167 2068 1337 2121 erant,
1371 2074 1463 2111 nec
1501 2060 1721 2127 speciem
1763 2059 2033 2126 exprimit,

462 2166 554 2208 nec
586 2150 931 2203 simulacrum
958 2151 1171 2219 scalpit,
1206 2167 1297 2204 nec
1320 2153 1600 2221 imaginem
1627 2154 1680 2205 in
1712 2152 1904 2206 tabella
1925 2154 2036 2221 pin-

459 2242 555 2315 git,
580 2250 770 2307 putans
797 2257 851 2294 se
877 2242 931 2295 in
965 2242 1042 2295 his
1070 2258 1174 2304 eos,
1192 2258 1319 2312 quos
1344 2242 1568 2311 haspitio
1594 2244 1815 2312 excepit,
1842 2245 2035 2298 intueri

456 2343 771 2403 prasentes;
801 2334 990 2403 quippe
1018 2350 1109 2387 nec
1134 2333 1346 2387 decebat
1372 2335 1731 2400 patriarcham
1769 2335 1873 2389 Deo
1897 2338 2033 2390 ami-

456 2441 577 2483 cum
609 2426 877 2477 hominum
914 2424 1006 2477 illo
1035 2434 1262 2494 tempore
1297 2426 1704 2482 idololatrarum
1730 2428 1899 2481 errori
1932 2430 2031 2481 ad-

456 2517 656 2569 dictum
692 2532 822 2581 esse,
849 2518 1061 2570 ineunte
1092 2517 1198 2585 {ere
1240 2517 1548 2571 idololatria
1580 2520 1686 2573 sive
1714 2518 2057 2573 simulacro?

460 2624 577 2660 rum
618 2608 983 2677 erigendorum
1014 2609 1347 2678 fuadatione.
1381 2609 1557 2679 Hujus
1597 2611 1815 2680 quidem
1861 2612 2033 2667 histo-

458 2699 553 2752 riae
587 2698 805 2753 Eusebii
842 2700 1197 2759 Caesariensis
1226 2710 1384 2756 :etate
1418 2702 1633 2773 publica
1662 2705 1907 2772 quaedam
1936 2721 2030 2761 ex-

455 2788 595 2844 stitit
638 2790 836 2858 imago,
865 2788 956 2844 sed
1005 2804 1112 2851 non
1154 2792 1220 2845 ad
1272 2792 1475 2846 cultum
1523 2808 1587 2848 ac
1625 2796 2026 2850 venerationem

454 2880 721 2949 exposita,
751 2897 915 2951 quam
950 2881 1024 2936 ita
1059 2893 1456 2939 commemorat
1488 2884 1599 2953 ipse
1634 2884 1903 2941 Eusebius
1927 2887 2028 2941 De-

454 2974 851 3029 monstrationis
878 2992 1059 3047 evang.
1094 2976 1189 3030 lib.
1218 2992 1270 3040 v,
1312 2991 1433 3045 cap.
1460 2976 1515 3041 9,
1560 2987 1619 3031 ut
1658 2978 1854 3033 exinde
1899 2996 2026 3049 pro-

452 3063 561 3128 bet,
595 3062 879 3120 Dominum
909 3082 972 3121 ac
1001 3066 1337 3122 Salvatorem
1369 3078 1615 3127 nostrum
1661 3070 1896 3129 medium
1942 3072 2025 3126 in-

452 3164 534 3207 ter
557 3155 693 3209 istos
718 3164 828 3211 tres
858 3157 1099 3227 hospites
1128 3160 1421 3213 Ahrahami
1454 3159 1642 3223 fuisse,
1678 3162 1769 3230 qui
1800 3177 1865 3216 eo
1889 3170 2023 3216 tem-

450 3263 581 3324 pore
612 3248 825 3317 pietatis
854 3252 1059 3304 semina
1094 3252 1161 3306 ad
1197 3252 1443 3307 homines
1473 3254 1702 3322 jac-iens,
1729 3256 2022 3309 humanam

451 3338 682 3407 speciem
718 3355 782 3394 ac
817 3340 1043 3411 liguram
1077 3342 1321 3405 indutus,
1350 3343 1444 3398 Dei
1470 3346 1647 3401 amico
1676 3356 1843 3416 atque
1884 3347 2024 3401 anti-

449 3446 561 3499 quo
592 3431 730 3500 patri
762 3432 995 3487 Abrahae
1023 3449 1082 3489 se
1116 3435 1317 3504 ipsum,
1349 3437 1600 3506 quisnam
1633 3448 1795 3503 esset,
1837 3450 2023 3494 osten-

449 3519 609 3583 derit,
636 3519 920 3597 Patrisque
949 3522 1033 3581 sui
1062 3523 1341 3579 tradiderit
1377 3526 1723 3582 sententiam.
1749 3526 1826 3581 Eo
1856 3528 2022 3599 igitur

450 3612 685 3665 consilio
741 3611 1003 3681 imagines
1056 3614 1371 3683 angelorum
1428 3617 1857 3687 haudquaquam
1912 3619 2015 3673 ulla

454 3700 635 3768 specie
666 3699 1189 3775 ellingendasvoluit
1215 3703 1486 3761 Macarius
1520 3720 1723 3774 noster,
1750 3725 1817 3763 ne
1842 3713 2016 3766 errori

452 3791 789 3847 idololatrico
820 3808 953 3848 ansa
986 3795 1208 3850 daretur
1242 3814 1336 3867 per
1371 3800 1575 3853 cultum
1622 3802 1940 3873 imaginum.

518 3882 661 3936 Idem
723 3897 900 3939 tamen
941 3886 1209 3943 Macarius
1261 3888 1481 3960 Magnes
1529 3891 1583 3945 in
1638 3892 2012 3963 lragmenlox

448 3970 570 4031 libri
622 3974 1029 4044 Ἀποκριτικῶν
1056 3979 1342 4049 imaginem
1369 3983 1660 4049 quamdam
1704 3985 1757 4038 in
1807 4002 2014 4042 memo-

446 4063 583 4116 riam
610 4064 755 4120 illius
786 4067 1037 4123 miraculi
1070 4070 1299 4125 ellictam
1333 4074 1657 4140 celebravit,
1694 4079 1841 4145 quod
1886 4077 2013 4133 Ser-

444 4166 600 4209 vator
628 4166 815 4212 noster
837 4159 891 4219 in
911 4161 1135 4217 muliere
1168 4162 1579 4221 haemorrhonsa
1609 4167 1792 4221 divina
1814 4170 2012 4226 virtute

447 4252 786 4310 patraverat;
816 4263 978 4315 quam
1013 4259 1269 4316 statuam,
1309 4252 1513 4307 Christi
1539 4256 1831 4328 imaginem
1857 4259 2012 4311 exhi-

442 4331 681 4398 bentem,
726 4336 907 4390 adhuc
955 4354 1053 4394 sua
1083 4350 1243 4395 aetate
1275 4342 1327 4395 in
1376 4342 1763 4413 Mesopotamia
1801 4349 2004 4402 salvam

442 4422 879 4494 incolumemque
900 4428 1177 4483 exstitisse
1202 4439 1429 4487 testatur
1462 4434 1547 4488 his
1579 4437 1795 4492 verbis:
1835 4439 2005 4490 Αὑτοῦ

2136 1968 2284 2038 αὐτῷ
2348 1969 2598 2041 λαμπρὸν
2650 1969 3022 2040 ὲπαρκέσασα.
3088 1968 3275 2032 Οὕτως
3322 1972 3352 2022 ὁ
3403 1970 3729 2040 βουλόμενος

2134 2061 2372 2132 ἀκράτου
2419 2062 2619 2133 ἀρετῆς
2676 2062 2858 2115 λαϐεῖν
2910 2062 3305 2132 μακαριότητα,
3374 2064 3537 2132 παρὰ
3594 2062 3725 2115 Θεοῦ

2134 2152 2335 2222 ταύτην
2366 2151 2459 2204 τοῦ
2487 2152 2626 2205 κατά
2671 2153 2832 2220 φύσιν
2864 2152 3031 2206 αἰτῶν
3051 2191 3066 2214 ,
3096 2152 3156 2204 οὑ
3193 2151 3502 2215 σφάλλεται
3524 2170 3539 2183 ·
3580 2154 3730 2224 παρά

2133 2240 2189 2292 δὲ
2217 2241 2468 2309 ἀγγέλου,
2501 2242 2533 2312 ἦ
2561 2242 2706 2317 τινος
2734 2241 3026 2311 ἀσωμάτου
3052 2240 3332 2310 τάγματος
3382 2243 3728 2312 ἀνωφεροῦς,

2134 2331 2259 2385 θεοῦ
2289 2333 2387 2405 τὴν
2418 2332 2567 2386 θέσιν
2592 2334 2654 2385 οὐ
2694 2332 2791 2404 τὴν
2835 2332 2996 2400 φύσιν
3026 2330 3389 2401 ὑπάρχοντος,
3428 2331 3729 2401 ζημιοῦται

2136 2423 2403 2493 μεγάλως,
2434 2424 2617 2477 λαϐεῖν
2648 2424 2836 2487 θέλων,
2866 2424 3000 2496 ὅπερ
3025 2424 3149 2487 δοὺς
3175 2424 3203 2475 ὁ
3237 2424 3601 2494 κτησάμενος
3630 2442 3729 2493 γυ-

2136 2516 2390 2587 μνητεύει
2431 2517 2529 2588 τῆς
2562 2516 2801 2587 χάριτος.
2839 2515 2893 2571 Id
2925 2524 3042 2571 est:
3074 2516 3261 2586 Itaque
3282 2516 3477 2570 beatus
3506 2517 3729 2571 habetur

2132 2608 2199 2670 is,
2236 2609 2327 2676 qui
2350 2608 2539 2661 adorat
2573 2607 2744 2673 illum,
2771 2609 2860 2676 qui
2894 2620 3087 2660 natura
3121 2607 3258 2660 Deus
3288 2618 3417 2668 est;
3450 2610 3502 2661 is
3528 2622 3722 2671 autem

2131 2700 2220 2768 qui
2253 2699 2557 2765 adoptivum
2600 2698 2748 2762 colit,
2775 2696 2997 2750 multant
3018 2697 3253 2765 fallitur,
3284 2706 3337 2750 et
3370 2698 3624 2766 fructum
3661 2714 3723 2751 cz

2129 2808 2188 2843 eo
2227 2790 2376 2843 cultu
2433 2806 2536 2842 non
2586 2790 2899 2842 diuturnum
2945 2789 3187 2858 percipit.
3254 2788 3720 2854 Quemadmodum

2127 2885 2265 2937 enim
2288 2886 2355 2948 is,
2394 2882 2485 2952 qui
2511 2880 2705 2934 caloris
2750 2897 2915 2934 causa
2947 2882 3112 2951 ignem
3146 2881 3317 2947 ipsum
3350 2883 3715 2950 amplectitur,

2128 2970 2344 3023 calescit
2395 2974 2459 3022 ab
2514 2986 2573 3023 eo
2605 2970 2805 3035 simul,
2855 2978 2906 3023 et
2938 2969 3054 3038 ejus
3081 2970 3285 3039 fulgore
3337 2971 3716 3033 illuminatur;

2126 3061 2216 3133 qui
2239 3077 2355 3113 vero
2377 3062 2657 3115 materiam
2683 3062 2746 3115 ab
2772 3064 2890 3131 igne
2937 3062 3276 3131 calefactum.
3316 3064 3433 3117 sive
3468 3080 3549 3118 (τε
3572 3104 3588 3127 ,
3618 3066 3716 3118 sire

2128 3154 2347 3221 ferrum,
2374 3154 2443 3207 ad
2473 3156 2837 3208 calescendunt
2869 3158 3080 3225 quaerit,
3127 3157 3173 3209 is
3206 3173 3237 3210 a
3260 3174 3428 3226 scopo
3463 3159 3713 3223 aberrat;

2050 3229 2093 3284 (ἶ
2128 3247 2385 3315 siquidem
2405 3263 2465 3301 ea
2494 3248 2717 3299 materia
2747 3247 2815 3299 ad
2846 3248 2993 3301 breve
3034 3257 3232 3317 tempus
3277 3259 3547 3302 naturam
3585 3252 3709 3320 ignis

2125 3341 2344 3393 mentita
2377 3340 2445 3393 ad
2475 3341 2746 3408 propriam
2774 3341 3087 3394 substantia:
3111 3352 3361 3394 naturam
3392 3344 3570 3409 redit,
3597 3360 3709 3397 ιιι

2123 3441 2319 3493 autem,
2354 3433 2443 3501 qui
2475 3433 2645 3499 ipsam
2670 3431 2844 3496 habet,
2871 3432 3044 3486 calore
3073 3450 3169 3486 suo
3207 3434 3343 3486 nihil
3381 3434 3572 3501 juvat,
3622 3451 3708 3487 nec

2122 3522 2379 3592 fulgorem
2401 3524 2447 3575 ei
2480 3522 2684 3575 clarum
2709 3521 3025 3590 suppeditat.
3071 3522 3159 3576 Ila
3186 3525 3275 3593 qui
3325 3541 3465 3578 certe
3495 3527 3705 3580 virtutis

2120 3614 2503 3668 beatitudinem
2548 3615 2781 3684 accipere
2810 3613 2941 3679 vult,
2990 3631 3105 3668 eam
3147 3614 3211 3667 ab
3239 3631 3329 3679 eo,
3362 3617 3456 3684 qui
3506 3629 3705 3670 natura

2119 3706 2260 3761 Deus
2286 3717 2385 3772 est,
2415 3708 2461 3761 si
2488 3715 2653 3775 petat,
2680 3722 2780 3759 non
2804 3705 2952 3759 (cedit
2981 3722 3035 3761 se
3058 3707 3227 3774 ipsum
3250 3722 3269 3769 ,'
3296 3707 3364 3758 ab
3393 3707 3590 3775 angelo
3609 3725 3703 3759 au-

2119 3810 2220 3855 tem
2243 3808 2440 3870 petens,
2468 3799 2546 3853 vel
2580 3799 2645 3851 ab
2674 3799 2852 3869 aliquo
2882 3800 3185 3868 incorporeo
3208 3799 3504 3865 superioris
3552 3802 3688 3852 ordi-

2113 3894 2219 3956 nis,
2263 3894 2352 3962 qui
2398 3892 2710 3960 adoptione,
2761 3908 2863 3945 non
2899 3903 3116 3956 natura,
3151 3892 3219 3944 sit
3248 3891 3410 3953 deus,
3437 3892 3695 3944 damnum

2115 4001 2269 4054 grave
2298 3985 2488 4051 accipit
2508 4025 2525 4050 ,
2562 3986 2796 4054 accipere
2840 3986 2895 4038 id
2922 3984 3116 4049 volens,
3161 3984 3299 4052 quod
3330 3984 3378 4035 si
3409 3984 3621 4037 dederit
3649 3987 3693 4037 is

2113 4078 2202 4146 qui
2224 4078 2488 4145 possidet,
2522 4094 2576 4131 se
2606 4079 2779 4147 ipsum
2810 4079 3002 4132 virtute
3018 4077 3202 4146 spoliet
3244 4093 3451 4131 necesse
3478 4089 3585 4132 est.

2149 4191 2176 4263 §
2210 4190 2350 4245 XVI.
2386 4191 2646 4246 Doctrina
2676 4192 2935 4261 Magnetis
2973 4193 3036 4246 de
3068 4194 3328 4248 creatione
3362 4203 3414 4246 et
3441 4211 3657 4248 conser-

2461 4264 2665 4315 vatione
2695 4278 2971 4330 corporum
3021 4263 3325 4317 cwlestiitnt.

2181 4352 2420 4422 Corpora
2450 4353 2687 4407 coelestia
2724 4369 2752 4407 a
2780 4354 2893 4407 Deo
2912 4363 3092 4408 creata
3122 4355 3319 4409 exinde
3340 4354 3688 4411 demonstrat

2109 4443 2399 4506 Macarius,
2435 4443 2581 4514 quod
2628 4443 2768 4498 Deus
2813 4443 3001 4498 eadem
3043 4461 3073 4500 e
3125 4446 3263 4503 coelo
3315 4450 3683 4517 suspenderit,

439 4512 548 4584 γάρ
585 4512 679 4566 τοῦ
722 4514 1055 4593 πραχθέντος
1096 4520 1128 4588 ὴ
1174 4519 1308 4591 γυνὴ
1356 4522 1454 4591 τὴν
1501 4523 1741 4594 ἱστορίαν
1792 4528 2004 4597 σεμνῶς

2128 4549 2440 4603 :ursumque
2469 4535 2711 4603 ipsorum
2740 4543 2795 4588 et
2820 4535 3149 4590 mutationes
3169 4551 3232 4590 ex
3258 4538 3477 4607 propria
3495 4540 3683 4593 volun.

438 4605 898 4675 ἀποχαλκεύσασα
929 4608 1005 4678 τῷ
1036 4609 1136 4680 βίῳ
1156 4612 1489 4681 παρέδομεν,
1517 4614 1592 4678 ὡς
1625 4616 1749 4687 ἄρτι
1778 4615 2005 4689 τοῦργον

439 4697 747 4768 γενόμενον,
781 4700 841 4753 οὐ
868 4700 1051 4755 πάλαι.
1080 4700 1131 4755 Μ
1155 4716 1267 4756 est:
1294 4702 1471 4770 Ipsius
1500 4708 1688 4776 quippe
1716 4710 2003 4778 factiima-

438 4790 609 4861 ginem
635 4790 823 4843 mulier
853 4792 1114 4845 memoria:
1138 4794 1355 4846 tradidit
1372 4812 1473 4850 azre
1491 4813 1812 4867 expressam,
1839 4812 1895 4853 ut
1923 4820 2002 4856 res

438 4897 540 4932 non
565 4880 691 4932 olim
720 4881 896 4949 facta,
927 4884 1015 4936 sed
1045 4883 1196 4937 hodie
1217 4886 1335 4951 fieri
1354 4887 1610 4942 videatur.
1645 4889 1721 4943 Ex
1747 4894 2002 4949 omnibus

435 4970 781 5038 antiquitatis
810 4974 1069 5041 exemplis
1114 4978 1587 5043 cxprcssissimum
1639 4982 1770 5037 illud
1823 4995 1905 5039 est
1949 4996 2003 5041 ct

436 5064 671 5122 maxime
706 5063 912 5117 illustre
936 5080 1211 5120 sacrarum
1240 5068 1533 5138 imaginum
1562 5085 1996 5142 monumentum,

434 5155 579 5221 quod
613 5153 882 5209 Eusebius
902 5155 1253 5213 Caesariensis
1276 5162 1475 5229 pariter
1496 5164 1742 5231 pluribus
1763 5167 1969 5221 circum
1985 5197 2000 5207 -

433 5246 647 5299 stantiis
677 5257 929 5300 ornatum
968 5249 1184 5312 retulit,
1223 5259 1277 5304 et
1308 5252 1375 5305 ad
1418 5270 1515 5307 sua
1554 5256 1715 5309 etiam
1752 5266 1993 5326 tempora

432 5338 828 5403 permansisse,
867 5348 1027 5407 atque
1065 5341 1235 5395 oculis
1278 5344 1393 5397 suis
1426 5358 1777 5415 conspectum
1829 5350 1994 5405 fuisse

433 5428 599 5485 tradit
624 5429 764 5484 libro
793 5446 866 5483 vn
905 5429 1157 5484 Historia:
1195 5434 1582 5502 ecclesiastica’,
1614 5454 1734 5508 cap.
1763 5440 1851 5495 18.

502 5516 762 5573 Ultimum
788 5521 1042 5591 denique,
1081 5523 1226 5592 quod
1252 5525 1396 5578 circa
1423 5526 1725 5582 doctrinam
1774 5530 1991 5601 Magne-

432 5607 501 5665 tis
531 5612 705 5665 nostri
732 5612 799 5667 de
830 5614 1034 5684 angelis
1053 5614 1231 5669 adhuc
1257 5616 1657 5674 observandum
1689 5622 1854 5689 venit,
1874 5624 1989 5678 cul-

498 5788 606 5863 (28)
641 5789 695 5854 In
718 5791 1018 5865 fragmento
1052 5798 1095 5851 II
1120 5798 1297 5869 operis
1324 5798 1631 5857 \Iacariani.

2109 4634 2220 4679 tate
2250 4625 2502 4679 inﬂectat.
2534 4625 2654 4690 Quo
2672 4635 2917 4694 spectant
2947 4628 3060 4681 haec
3081 4628 3240 4680 verba
3260 4629 3553 4697 fragmenti
3577 4630 3679 4683 II:

2107 4716 2224 4768 Κᾶν
2258 4714 2451 4768 θέωσιν
2477 4716 2705 4787 ἀστέρες
2742 4718 2833 4769 καὶ
2880 4717 3141 4787 τρέχωσιν
3184 4719 3418 4789 ἄπειρα,
3461 4718 3678 4781 τούτους

2108 4808 2182 4878 μὴ
2226 4808 2546 4878 θειάζωμεν.
2609 4810 2694 4872 Ὡς
2748 4810 2857 4880 γάρ
2901 4810 3190 4879 τρέχοντας
3248 4811 3452 4874 ἵππους
3501 4812 3676 4871 οὐδεὶς

2104 4900 2493 4967 ἐστεφάνωσεν,
2524 4899 2658 4952 ἀλλὰ
2687 4900 2777 4953 τὸν
2807 4900 3042 4971 ἐλατῆρα
3077 4900 3280 4953 τούτων
3309 4903 3403 4954 καὶ
3444 4904 3672 4973 ἡνίοχον,

2102 4991 2274 5055 οὓτως
2303 4992 2402 5044 οὐκ
2432 4990 2672 5063 ἄστροις,
2705 4992 2838 5046 ἀλλά
2870 4994 3007 5063 Θεῷ,
3036 4995 3093 5047 τὸ
3118 4995 3280 5056 σέὸας
3318 4996 3559 5064 γνησίως
3582 5011 3674 5064 τη·

2104 5084 2357 5155 ρήσωμεν
2518 5083 2737 5148 τούτους
2766 5085 3039 5154 ὲξάψαντι.
3072 5087 3128 5140 Id
3178 5099 3297 5141 est:
3350 5086 3462 5140 Nec
3491 5088 3666 5141 stellas

2100 5177 2265 5243 ipsas,
2287 5175 2387 5228 etsi
2420 5175 2529 5231 illw
2549 5186 2767 5229 currunt
2814 5187 2862 5231 et
2901 5189 3149 5232 aeternum
3191 5180 3492 5241 volvuntur,
3547 5191 3663 5232 tau-

2096 5282 2254 5331 quam
2294 5266 2415 5319 deos
2455 5284 2773 5323 veneremur.
2822 5268 2962 5322 Nam
3026 5272 3470 5339 quemadmodum
3510 5287 3659 5340 equos

2096 5371 2362 5412 currentes
2388 5375 2535 5411 nemo
2567 5376 2797 5429 unquam
2837 5364 3102 5414 coronavit
3123 5402 3137 5424 ,
3164 5361 3255 5413 scd
3279 5378 3463 5415 eorum
3488 5365 3658 5433 agita-

2097 5461 2260 5504 torem
2282 5460 2330 5503 et
2361 5452 2639 5521 aurigam:
2672 5454 2746 5505 ita
2786 5469 2877 5506 nos
2907 5469 3007 5507 non
3039 5457 3200 5507 astris
3223 5495 3238 5518 ,
3272 5458 3364 5510 sed
3396 5456 3533 5517 Deo,
3564 5455 3652 5522 qui

2094 5540 2189 5594 illa
2217 5558 2243 5596 e
2273 5542 2400 5598 cwlo
2426 5544 2719 5613 suspendit,
2751 5562 2905 5600 suum
2941 5547 3140 5600 cultum
3187 5549 3451 5618 integrum
3492 5563 3651 5601 serico

2090 5648 2223 5688 ηεαδ.
