3888 6496
191 360 217 413 1
228 362 327 415 597

1310 368 1585 427 norma
1627 369 1713 421 ET
1752 348 2187 424 FRAGMENTA.

3296 373 3429 426 1598

266 481 572 537 Generatim
602 483 667 537 de
699 486 1107 540 conservatione
1131 502 1309 542 rerum
1339 498 1644 543 ercatarum
1686 487 1757 540 ita
1792 492 1831 547 Α
1862 486 2161 551 litadincm,
2202 507 2219 537 ι
2258 485 2389 538 nihil
2410 484 2557 537 aliud
2590 485 2808 549 indicat,
2854 484 2956 537 nisi
2983 486 3119 554 quod
3162 484 3321 538 Pater
3371 489 3427 540 in

191 572 361 629 sentit
390 571 659 627 Macarius
679 583 885 638 noster,
911 583 970 627 ut
997 574 1187 640 Deum,
1216 578 1308 645 qui
1342 586 1619 630 creaturas
1642 590 1758 628 om-

190 681 291 721 nes
330 665 383 718 in
406 674 669 734 potestate
704 666 885 731 habet,
911 682 1111 736 easque
1142 668 1403 737 providus
1452 669 1590 738 regit.
1619 667 1755 737 (29),

186 770 257 809 ea
289 754 497 817 omnia,
526 770 757 823 quorum
800 756 1000 808 ereavit
1052 757 1443 821 substantiam,
1476 758 1677 825 pariter
1707 764 1761 809 et

187 861 518 901 conservare
558 847 804 901 allirmet.
836 848 910 901 lta
946 849 1087 903 enim
1122 850 1172 901 in
1203 849 1503 919 fragmento
1532 851 1577 901 ll
1608 864 1759 901 men-

186 946 300 991 tem
328 953 485 993 suam
515 938 751 1006 explicat
783 940 866 992 his
890 940 1096 994 verbis:
1128 941 1236 993 Καὶ
1264 939 1371 991 τῶν
1414 940 1513 1009 μὲν
1545 938 1642 1009 τὴν
1670 940 1759 991 οὑ-

186 1030 315 1083 σίαν
353 1028 513 1092 αὑτὸς
549 1028 745 1099 (Θεὸς)
771 1030 1221 1102 ἐδημιούργησεν,
1247 1032 1296 1083 οἰ
1322 1031 1378 1083 δὲ
1412 1031 1758 1093 ὑποστάσεως

185 1121 366 1192 ἀρχὴν
400 1120 460 1173 οὑ
494 1119 786 1173 κατέλαδον
824 1123 880 1174 ὲν
928 1121 1103 1189 αὑτῷ·
1144 1121 1237 1174 καὶ
1275 1123 1303 1173 6
1358 1122 1455 1189 μὲν
1499 1122 1755 1183 ἐκείνους,

182 1206 264 1264 ὧν
297 1212 473 1282 ἄρχει,
506 1208 696 1273 σώζειν
730 1207 868 1263 οἶδεν
889 1229 902 1241 ’
924 1214 972 1264 οἱ
996 1213 1051 1264 δὲ
1082 1213 1231 1265 οὐδὲν
1252 1214 1539 1283 ἀρχόμενοι
1567 1212 1757 1282 ἐκείνῳ

186 1300 522 1371 χαρίζονται.
560 1299 615 1353 Id
645 1308 727 1354 est
752 1317 763 1351 :
790 1302 865 1354 Ac
890 1301 1103 1354 illorum
1134 1303 1388 1367 (deorum
1416 1303 1621 1355 scilicet
1650 1303 1755 1354 itii-

183 1395 407 1464 proprie
432 1394 505 1448 ita
539 1392 842 1463 dictorum)
877 1394 1085 1462 quidem
1110 1394 1217 1456 ipse
1246 1391 1385 1445 Deus
1410 1393 1604 1445 creavit
1632 1394 1756 1445 sub-

186 1490 485 1553 stantiam;
509 1489 588 1543 illi
622 1498 798 1542 autem
836 1489 1049 1541 initium
1077 1488 1369 1541 exsistendi
1396 1486 1597 1539 nullum
1619 1486 1674 1537 in
1699 1498 1757 1536 eo

187 1582 672 1651 deprehenderunt:
704 1582 828 1634 item
860 1579 950 1633 ille
985 1596 1091 1643 eos,
1139 1594 1267 1647 quos
1313 1577 1551 1631 subditos
1582 1576 1755 1638 habet,

187 1676 293 1729 scit
326 1689 678 1738 conservare;
721 1674 761 1727 ii
788 1690 903 1728 vero
944 1672 1070 1725 dum
1110 1671 1307 1724 subditi
1347 1680 1489 1734 sunt,
1531 1666 1663 1721 nihil
1710 1667 1758 1719 ei

187 1767 579 1836 gratiﬁcantur.

191 1878 220 1950 ς
259 1877 419 1931 XVII.
452 1878 706 1932 Doctrina
730 1884 793 1931 de
818 1878 1080 1950 creatione
1104 1875 1351 1950 hominis,
1374 1873 1585 1950 ejusque
1618 1872 1756 1950 imae

224 1951 344 2017 giue
365 1950 565 2012 divina,
594 1948 994 2001 immortalitate
1027 1948 1241 2010 animm,
1266 1954 1420 2014 atque
1456 1943 1718 1995 libertate.
1743 1948 1759 2011 ι

262 2040 337 2095 De
357 2041 629 2095 creatione
664 2041 899 2094 hominis
931 2050 1037 2093 tam
1072 2038 1355 2109 magniﬁce
1387 2036 1549 2091 sentit
1582 2036 1757 2087 Maca-

187 2132 326 2196 rius,
358 2138 417 2184 ut
449 2140 625 2184 totam
645 2130 763 2199 ejus
796 2129 1179 2183 formationem
1213 2144 1325 2198 pra:
1357 2128 1567 2181 caeteris
1608 2139 1757 2180 crea-

183 2225 328 2279 turis
352 2224 570 2292 speciali
604 2222 835 2278 consilio
860 2232 912 2277 et
934 2221 1319 2276 deliberatione
1350 2220 1448 2273 SS.
1474 2218 1756 2273 Trinitatis

182 2316 479 2385 perfectam
527 2331 648 2371 esse
694 2315 1004 2370 contendat.
1035 2315 1113 2367 Ita
1144 2314 1289 2366 enim
1346 2313 1397 2366 in
1439 2311 1756 2381 fragmentis

181 2408 562 2463 Commentarii
596 2409 650 2460 in
690 2405 911 2460 Genesin
955 2405 1204 2461 eamdem
1239 2406 1590 2474 depraedicat:
1648 2406 1756 2458 Καὶ

180 2499 252 2551 τὰ
281 2500 380 2570 μὲν
405 2499 538 2553 ἄλλα
563 2499 836 2569 κτίσματα
869 2500 1072 2571 ῥήματι
1109 2498 1254 2567 μόνῳ
1281 2498 1593 2567 παρῆκται·
1630 2500 1656 2550 6
1699 2497 1755 2549 δὲ

178 2591 468 2663 ἄνθρωπος
492 2592 646 2661 ἔσχεν
668 2592 940 2664 ἐξαίρετόν
969 2609 1020 2644 τι
1047 2591 1185 2644 κατὰ
1222 2589 1319 2661 τὴν
1357 2591 1572 2662 ποίησιν
1606 2592 1755 2662 παρὰ

178 2678 374 2731 ταῦτα.
427 2680 630 2749 Βουλῆς
683 2679 791 2751 γάρ
839 2678 1255 2751 προηγουμένης
1301 2679 1543 2750 ἐκτίσθη,
1579 2682 1663 2734 ἵνα
1692 2684 1756 2735 ἐκ

176 2770 371 2823 τούτου
403 2770 583 2841 δειχθῇ
607 2772 795 2840 ὅτιπερ
815 2772 1015 2840 κτίσμα
1035 2771 1212 2841 τίμιον
1244 2772 1496 2843 ὑπάρχει.
1527 2773 1600 2825 Τὸ
1622 2772 1751 2845 γὰρ,

179 2860 534 2930 Ποιήσωμεν
563 2860 875 2929 ἄνθρωπον
909 2864 1035 2914 κατ’
1081 2864 1284 2915 εἰκόνα
1326 2862 1618 2931 ἡμετέραν
1656 2864 1754 2917 καὶ

178 2951 313 3004 καθ’
348 2952 662 3020 ὁμοίωσιν,
708 2953 860 3005 οὐδὲν
889 2954 1073 3024 ἕτερον
1106 2954 1374 3007 δείκνυσιν
1399 2994 1412 3017 ,
1443 2956 1475 3025 ἢ
1507 2956 1587 3007 ὅτι
1621 2972 1755 3025 συμφ

181 3041 360 3111 δούλῳ
388 3044 654 3114 ἐχρήσατο
676 3046 704 3097 6
729 3044 916 3115 Πατὴρ
940 3045 1018 3115 τῷ
1049 3050 1325 3116 μονογενεῖ
1345 3046 1509 3099 αὑτοῦ
1538 3046 1615 3117 τῷ
1641 3047 1754 3118 Υἱῴ

177 3134 275 3186 ἐπὶ
302 3137 365 3205 τῇ
380 3136 569 3188 τούτου
592 3140 926 3207 κατασκευῇ,
950 3137 1027 3209 τῷ
1041 3140 1431 3210 ἀπαυγάσματι
1458 3141 1556 3211 τῆς
1572 3141 1748 3211 δόξης,
1780 3174 1821 3229 c

177 3225 328 3277 κατὰ
356 3226 448 3279 τὸν
483 3227 818 3291 Ἀπόστολον,
844 3230 938 3281 καὶ
955 3230 1260 3301 χαρακτῆρι
1286 3233 1382 3302 τῆς
1407 3234 1752 3298 ὑποστάσεως

177 3317 386 3371 αὑτοῦ.
425 3357 441 3373 .
472 3358 486 3373 .
521 3359 535 3373 .
570 3360 582 3373 .
620 3320 835 3390 Ἐπειδὴ
874 3321 1089 3385 τοίνυν,
1150 3321 1225 3383 ὡς
1275 3323 1507 3392 εἴρηται,
1564 3322 1753 3395 ὥσπερ

176 3410 436 3481 βασιλεὺς
469 3411 691 3481 εἰσήχθη
716 3415 772 3465 ὲν
804 3412 990 3482 κόσμῳ
1016 3413 1045 3463 6
1076 3411 1377 3484 ἄνθρωπος,
1412 3415 1635 3479 εἰκότως
1660 3418 1753 3469 καὶ

172 3504 303 3555 κατ’
334 3502 511 3555 εἰκόνα
542 3502 674 3555 Θεοῦ
718 3504 1025 3574 γεγένηται.
1067 3504 1212 3557 Ἔδει
1245 3504 1353 3576 γὰρ
1373 3506 1461 3557 τὸν
1497 3507 1754 3576 μέλλοντα

172 3593 369 3663 ἄρχειν
416 3590 524 3645 τῶν
566 3591 739 3645 ἄλλων
780 3592 967 3662 ὥσπερ
996 3595 1117 3645 τινά
1154 3594 1334 3647 εἰκόνα
1384 3595 1622 3666 ἔμψυχον
1655 3597 1753 3666 τῆς

173 3683 276 3737 τοῦ
308 3683 566 3752 βασιλέως
606 3684 920 3754 ὁμοιότητος
964 3684 1254 3738 ἀπολαύειν
1274 3723 1289 3746 ,
1318 3687 1418 3740 οὑκ
1451 3689 1508 3741 ὲν
1541 3705 1750 3759 πορφυ-

175 3772 290 3844 ρίδι
327 3774 423 3841 μαὶ
472 3774 734 3843 σκήπτρῳ
774 3776 867 3827 καὶ
906 3774 1197 3844 διαδήματι
1225 3776 1325 3845 τὴν
1362 3775 1517 3842 ἀξίαν
1563 3776 1753 3846 ἐμφαί-

173 3882 344 3930 νοντι,
373 3865 497 3918 ἐπεὶ
528 3864 661 3935 μηδὲ
684 3864 744 3916 τὸ
780 3865 1085 3934 ἀρχέτυπον
1116 3865 1175 3918 ὲν
1205 3865 1412 3930 τούτοις
1438 3863 1528 3939 ἦν,
1555 3867 1668 3921 ἀλλ’
1696 3870 1751 3921 ὲν

171 3955 257 4026 τῷ
283 3954 667 4025 κεκοσμεῖσθαι
698 3956 797 4026 τὴν
836 3955 1143 4027 ἀφθαρσίαν
1180 3958 1275 4009 καὶ
1312 3958 1611 4013 ἀθανασίαν
1658 3960 1750 4012 καὶ

174 4050 401 4121 ἀρετήν.
428 4048 649 4111 Τούτοις
678 4046 787 4117 γὰρ
817 4047 1068 4117 τιμηθεὶς
1096 4050 1124 4101 6
1158 4047 1441 4118 ἄνθρωπος
1472 4048 1568 4120 τὴν
1615 4052 1752 4122 πρὸς

169 4144 243 4198 τὺ
276 4141 627 4212 πρωτότυπον
652 4141 835 4192 εἰκόνα
872 4141 1150 4212 ὁμοιότητι
1190 4138 1460 4204 διασώζει.
1499 4142 1650 4194 Ἐπεὶ
1693 4143 1750 4196 δὲ

173 4229 274 4282 κα)⁸
298 4226 779 4297 αὑτεξουσιότηςτὸ
808 4226 1084 4295 βασιλικὸν
1104 4228 1196 4280 καὶ
1210 4226 1518 4297 ἐπηρμένον
1538 4228 1636 4297 τῆς
1654 4227 1753 4295 φύ-

111 4356 115 4364 -
175 4338 319 4382 σεως
350 4317 442 4372 τοῦ
472 4316 782 4389 ἀνθρώπου,
811 4318 905 4370 κα.)⁶
924 4317 1059 4389 πρὸς
1082 4317 1178 4387 τὴν
1205 4317 1352 4370 θείαν
1376 4316 1557 4370 εἰκόνα
1586 4318 1752 4388 ἐμφε-

177 4415 272 4485 ρὲς
303 4411 776 4483 προσφανέστατον
801 4409 1069 4473 δείκνυσι,
1119 4410 1210 4461 καὶ
1246 4410 1384 4462 κατὰ
1431 4408 1615 4461 τοῦτον
1655 4410 1750 4461 τὸν

1864 579 2017 645 hujus
2052 579 2366 647 formatione
2399 578 2705 630 consiliario
2744 593 2869 629 usus
2909 588 2985 629 est
3016 576 3156 629 Filio
3181 594 3276 630 suo
3308 578 3427 631 uni-

1864 668 2057 736 genito,
2084 669 2174 737 qui
2201 668 2447 737 splendor
2477 676 2551 718 est
2582 665 2782 735 gloriar,
2804 665 2968 733 juxta
2998 667 3328 735 Apostolum,
3376 677 3426 722 et

1861 762 2030 827 figura
2056 761 2367 814 substantiae
2399 761 2512 829 ejus
2547 801 2559 813 .
2588 800 2601 813 .
2630 800 2643 813 .
2680 800 2692 812 .
2727 759 2990 823 Quoniam
3021 759 3217 828 itaque,
3255 772 3311 813 ut
3345 762 3429 812 di-

1861 861 2001 903 ctum
2030 860 2128 915 est,
2156 852 2310 904 homo
2340 854 2390 905 in
2428 852 2678 904 mundum
2704 862 2951 921 tanquam
2975 868 3064 904 rex
3088 863 3161 904 est
3187 852 3429 903 introdu-

1862 954 1999 1005 ctus,
2050 942 2391 1011 probabiliter
2434 944 2596 996 etiam
2640 944 2921 996 secundum
2984 943 3266 1011 imaginem
3329 942 3429 995 Dei

1862 1031 2032 1098 factus
2064 1040 2160 1085 est.
2219 1030 2504 1099 Oportebat
2531 1031 2669 1083 enim
2700 1030 2821 1083 aliis
2857 1024 3236 1097 imperaturum
3268 1029 3427 1082 veluti

1860 1123 2137 1190 imaginem
2154 1121 2436 1191 quamdam
2460 1122 2743 1189 spirantem
2771 1122 2904 1190 regis
2929 1122 3278 1173 similitudine
3299 1137 3429 1188 gau-

1858 1214 1998 1279 dere,
2052 1230 2152 1267 non
2186 1214 2239 1265 in
2268 1230 2502 1283 purpura
2530 1225 2578 1267 et
2611 1222 2811 1281 sceptro
2844 1224 2893 1266 et
2932 1212 3227 1265 diademate
3254 1212 3431 1281 digni—

1861 1317 2019 1361 tatem
2046 1317 2338 1361 ostentante
2384 1309 2602 1377 (quippe
2649 1323 2740 1361 nec
2790 1309 2959 1376 ipsum
3004 1306 3340 1373 archetypum
3371 1305 3425 1357 in

1860 1399 1942 1452 his
1986 1399 2144 1469 erat),
2176 1399 2265 1452 sed
2297 1416 2354 1453 eo
2406 1400 2545 1467 quod
2571 1410 2856 1452 ornaretur
2900 1396 3423 1464 incorruptibilitate,

1860 1491 1927 1541 im
1940 1491 2283 1554 mortalitate,
2309 1508 2371 1543 ac
2391 1492 2603 1544 virtute.
2633 1489 2771 1543 Nam
2797 1490 2876 1543 his
2896 1490 3048 1542 homo
3078 1499 3292 1541 ornatus
3316 1488 3429 1555 for—

1860 1598 2002 1633 mam
2030 1583 2293 1650 prototypi
2322 1582 2670 1635 similitudine
2704 1597 3005 1650 expressam
3047 1590 3234 1633 servat.
3284 1578 3430 1643 Quo-

1860 1676 2003 1727 niam
2032 1692 2147 1729 vero
2176 1678 2290 1744 ipsa
2323 1691 2523 1745 quoque
2547 1674 2763 1727 libertas
2792 1677 2987 1743 regiam
3031 1683 3078 1725 et
3118 1673 3431 1725 eminentem

1862 1777 2065 1820 natura:
2117 1766 2363 1819 humana:
2413 1766 2722 1836 dignitatem
2774 1777 2822 1820 et
2880 1764 3276 1820 similitudinem
3313 1762 3432 1830 ejus

1860 1878 1975 1914 cum
2020 1861 2199 1914 divina
2229 1862 2453 1931 imagine
2483 1861 2925 1915 evidentissimum
2977 1858 3235 1919 ostendit,
3268 1856 3437 1907 etiam

1858 1953 1955 2005 hac
1985 1952 2186 2006 ratione
2216 1952 2369 2006 homo
2399 1966 2649 2003 manuum
2690 1950 2786 2003 Dei
2808 1966 2937 2018 opus
2963 1961 3061 2010 est,
3091 1956 3298 2015 propter
3320 1944 3432 2013 for-

1857 2046 2106 2099 mntionis
2160 2060 2272 2098 sua:
2316 2043 2717 2099 excellentiam:
2770 2059 2890 2095 nam
2918 2052 3085 2097 totum
3132 2040 3265 2093 illud
3300 2056 3433 2107 opus

1859 2135 2068 2193 consilii
2089 2147 2188 2191 est.
2226 2136 2422 2192 Eadem
2455 2136 2925 2207 argumentatione
2965 2136 3133 2188 utitur
3155 2132 3429 2203 Theophi—

1859 2236 1945 2288 lus
1970 2233 2345 2287 Antioebenus
2370 2232 2510 2285 libro
2540 2246 2578 2283 ιι
2604 2239 2787 2283 contra
2820 2228 3157 2297 Autolycum,
3188 2242 3307 2295 cap.
3333 2226 3425 2289 28,

1858 2342 1910 2394 μ.
1964 2340 2039 2379 m.
2091 2323 2372 2392 158'seq.,
2428 2337 2553 2377 cum
2602 2320 2976 2376 excellentiam
3008 2319 3243 2373 hominis
3278 2319 3331 2369 in
3361 2332 3435 2369 eo

1858 2417 2029 2487 ponit,
2057 2416 2223 2485 quod,
2253 2431 2375 2469 eum
2407 2424 2600 2469 caetera
2643 2412 2826 2465 omnia
2871 2412 3033 2465 verbo
3075 2410 3428 2464 constitueret

1860 2513 2002 2565 Deus
2030 2518 2083 2563 et
2115 2508 2271 2579 quasi
2320 2507 2575 2577 πάρεργα
2626 2504 2902 2567 conderet,
2964 2504 3133 2557 solius
3192 2501 3427 2555 hominis

1857 2602 2185 2659 creationem
2236 2598 2633 2652 existimaverit
2670 2610 2791 2651 esse
2835 2610 2972 2663 opus
3019 2594 3271 2646 manilius
3309 2593 3425 2644 suis

1855 2695 2099 2764 dignum,
2133 2692 2295 2763 μόνον
2329 2690 2475 2744 ἰδίων
2502 2690 2661 2760 ἔργον
2689 2687 2887 2758 χειρῶν
2912 2685 3058 2749 ἀξιον
3090 2687 3301 2755 ἡγεῖται
3328 2683 3426 2753 τὴν

1856 2784 2073 2855 ποίησιν
2110 2782 2202 2834 τοῦ
2242 2779 2546 2852 ἀνθρώπου.
2589 2778 2846 2832 Naturam
2887 2777 3122 2831 hominis
3178 2773 3429 2844 inprimis

1856 2876 1926 2928 ob
1952 2883 2293 2930 concreatam
2320 2871 2606 2940 imaginem
2639 2869 2877 2923 divinam
2910 2867 3123 2921 extollit
3158 2863 3427 2919 Macarius

1855 2965 2094 3033 Magnes,
2126 2978 2355 3032 eamque
2379 2978 2485 3015 non
2511 2961 2564 3014 in
2595 2974 2823 3028 corpore
2848 2958 2984 3027 (50),
3023 2957 3114 3012 sed
3160 2957 3214 3009 in
3247 2962 3426 3009 mente

1857 3054 2092 3108 hominis
2114 3052 2326 3121 quaerit,
2347 3051 2490 3120 quod
2519 3048 2881 3118 cognitionem
2924 3048 3049 3101 boni
3075 3056 3127 3100 et
3168 3044 3295 3099 mali
3324 3060 3425 3097 na-

1857 3155 1977 3199 tura
2014 3144 2230 3197 insitam
2269 3142 2534 3195 habuerit.
2584 3141 2918 3210 Argumento
2970 3137 3072 3206 ipsi
3098 3146 3223 3190 sunt
3260 3136 3425 3189 verba

1856 3234 2147 3295 Geneseos,
2180 3247 2298 3299 cap.
2338 3248 2418 3295 in,
2447 3231 2551 3284 22:
2584 3230 2716 3283 Ecce
2749 3230 2921 3283 Adam
2962 3228 3135 3296 [actus
3159 3237 3233 3279 est
3287 3226 3430 3278 sicut

1854 3342 1989 3379 unus
2011 3340 2076 3376 ex
2115 3323 2290 3385 nobis,
2325 3323 2392 3374 ad
2441 3319 2710 3373 sciendum
2757 3320 2943 3373 bonum
2977 3329 3024 3371 et
3056 3318 3272 3371 malum.
3342 3316 3434 3368 Ad‘

1854 3431 2016 3488 quem
2066 3415 2240 3467 locum
2288 3414 2431 3465 hunc
2469 3411 2523 3463 in
2564 3410 2783 3464 modum
2830 3416 3265 3463 commentatur:
3311 3406 3429 3476 Οὑχ

1852 3509 1927 3573 ὼς
1957 3502 2366 3579 προσκόψαντος
2394 3499 2556 3554 αὑτοῦ
2590 3500 2682 3552 ἐπὶ
2710 3498 2805 3570 τὴν
2837 3499 2936 3568 τῆς
2976 3498 3173 3569 ἀρετῆς
3203 3498 3295 3549 καί¹
3320 3513 3419 3549 κα-

1853 3600 1975 3663 κίας
1998 3595 2218 3669 γνῶσιν.
2250 3593 2360 3645 ἀλλ’
2392 3592 2468 3656 ὡς
2504 3590 2739 3645 τοιούτου
2766 3591 2824 3655 ἐξ
2862 3589 3038 3661 ἀρχῆς
3070 3587 3417 3650 πλασθέντος.

1851 3691 2062 3753 Φθάσας
2092 3692 2201 3762 γὰρ
2234 3682 2380 3739 εἶπεν
2406 3686 2441 3754 ἡ
2467 3682 2675 3754 Γραφὴ,
2704 3682 2884 3734 ὃτιὲτι
2909 3680 3196 3747 ἐποίησεν
3225 3681 3258 3731 ό
3277 3676 3426 3744 Θεὸς

1852 3780 1959 3833 τὸν
1984 3779 2299 3848 ἄνθρωπον·
2324 3775 2452 3831 κατ’
2482 3774 2686 3826 εἰκόνα
2718 3770 2881 3825 Θεοῦ,
2915 3770 3081 3839 Δῆλον
3112 3769 3185 3831 ὼς
3216 3782 3424 3837 προκα-

1851 3870 2257 3941 ταϐεϐλημὲνην
2282 3866 2425 3939 εἶχεν
2453 3865 2511 3923 ἐν
2537 3866 2602 3941 τῇ
2622 3862 2780 3939 φύσει
2802 3861 2901 3932 τήν
2919 3861 3115 3929 γνῶσιν
3130 3858 3223 3911 τοῦ
3253 3856 3425 3913 καλοῦ

1852 3962 1946 4015 καὶ
1980 3960 2241 4033 πονηροῦ.
2273 3960 2331 4014 1d
2352 3970 2468 4016 est:
2496 3960 2620 4014 Non
2653 3956 2807 4031 quasi
2832 3953 3135 4029 profecisset
3165 3952 3211 4004 is
3247 3951 3302 4003 in
3332 3965 3421 4003 co-

1851 4053 2083 4120 gnitione
2100 4052 2313 4106 virtutis
2346 4068 2409 4105 ac
2437 4052 2576 4115 vitii,
2608 4052 2697 4105 sed
2719 4052 2847 4120 quia
2878 4050 3001 4102 talis
3031 4048 3095 4100 ab
3124 4034 3277 4101 initio
3308 4046 3419 4115 for-

1851 4154 2025 4198 matus
2046 4154 2198 4198 esset.
2230 4142 2372 4196 Nam
2395 4152 2515 4196 ante
2553 4142 2759 4197 dixerat
2808 4141 3115 4211 Scriptura:
3161 4158 3179 4191 ‹
3230 4138 3417 4191 Adhuc

1853 4236 1975 4305 fecit
2003 4236 2138 4290 Deus
2164 4236 2423 4289 hominem
2454 4234 2739 4288 secundum
2774 4234 3055 4303 imaginem
3074 4232 3191 4286 Dei.
3224 4250 3243 4283 ι
3277 4228 3419 4282 Hinc

1851 4338 2015 4398 putet,
2036 4328 2280 4382 habuisse
2298 4345 2418 4382 eum
2446 4328 2662 4381 insitam
2670 4326 2789 4396 jam
2815 4338 2936 4380 ante
2961 4342 2993 4379 a
3019 4334 3212 4377 natura
3234 4323 3417 4392 cogni-

1855 4423 2045 4474 tionem
2076 4421 2196 4473 boni
2225 4431 2273 4474 et
2302 4420 2454 4475 mali.
2489 4419 2771 4473 Hominem
2802 4418 2967 4489 igitur
2995 4419 3064 4473 ab
3086 4417 3242 4472 initio
3279 4416 3419 4470 inte-

172 4506 338 4573 λόγον
367 4503 460 4556 καὶ
489 4502 685 4574 χειρῶν
712 4501 844 4555 Θεοῦ
872 4502 1028 4573 ἔργον
1051 4504 1078 4553 ὁ
1099 4501 1380 4571 ἄνθρωπος
1399 4540 1414 4562 ,
1454 4500 1540 4553 διὰ
1574 4501 1634 4553 τὸ
1664 4500 1746 4552 τί-

1855 4526 2009 4580 grum
2043 4518 2097 4564 et
2124 4518 2330 4565 rectum
2368 4510 2424 4563 in
2450 4511 2596 4564 omni
2617 4510 2925 4581 cognitione
2959 4510 3176 4563 virtutis
3207 4524 3270 4563 ac
3297 4507 3421 4560 vitii

178 4613 304 4667 μιον
336 4595 436 4664 τῆς
467 4595 825 4664 κατασκευῆς.
859 4593 1059 4663 Βουλῆς
1077 4592 1184 4663 γὰρ
1217 4593 1465 4665 ἐνέργεια
1508 4594 1569 4646 τὸ
1616 4594 1745 4646 πᾶν.

175 4689 234 4741 ιιι
264 4696 379 4742 est:
414 4688 489 4739 Ac
515 4696 717 4741 cazteraz
756 4686 965 4756 quidem
995 4696 1253 4739 creatura:
1290 4690 1400 4740 solo
1448 4685 1600 4739 verbo
1627 4702 1749 4754 pro-

170 4781 358 4833 ducta:
377 4789 498 4831 sunt
523 4794 542 4841 ;
570 4779 720 4831 homo
759 4790 935 4832 autem
963 4778 1286 4847 praecipuum
1335 4778 1587 4847 quiddam
1612 4794 1749 4846 prte-

173 4886 324 4928 terea
352 4872 536 4924 habuit
576 4873 627 4923 in
650 4872 933 4923 creatione.
968 4870 1110 4923 Nam
1140 4870 1321 4923 habita
1349 4879 1469 4935 ante
1491 4868 1747 4921 delibera-

176 4967 324 5018 tione
346 4972 552 5016 creatus
580 4971 678 5023 est,
710 4975 768 5014 ut
793 4978 857 5015 ex
898 4978 957 5015 eo
985 4963 1339 5016 ostenderetur
1358 5002 1372 5025 ,
1416 4959 1749 5013 excellentem

170 5072 294 5112 esse
312 5072 429 5109 eam
456 5066 775 5108 creaturam.
809 5055 1011 5124 Quippe
1036 5056 1201 5108 illud:
1233 5073 1249 5104 ι
1277 5053 1559 5106 Faciamus
1584 5050 1748 5103 Itami-

177 5163 300 5201 nem
330 5146 616 5199 secundum
643 5146 923 5215 imaginem
954 5157 1185 5199 nostram
1209 5156 1255 5198 et
1281 5144 1566 5198 secundum
1594 5143 1746 5195 sinti-

254 5302 369 5371 (29)
397 5302 606 5373 Κρατεῖ
631 5302 1099 5373 τῶνῗκτισμὰτων,
1131 5302 1223 5355 καὶ
1250 5298 1568 5373 ἡγεμονεύει
1600 5296 1749 5373 κηδό-

179 5365 370 5444 μενος,
401 5365 528 5427 sunt
555 5375 716 5427 verba
739 5365 999 5443 Magnetis
1044 5377 1097 5427 in
1144 5365 1445 5441 l‘ragiiieiito
1488 5369 1551 5420 ll.
1618 5365 1747 5418 Mdu

174 5457 371 5499 SUDI‘ﬂ.

404 5507 492 5565 Uti
520 5510 872 5576 Melitoniani,
927 5509 1587 5581 AnthropomorphiLeet
1635 5512 1743 5564 Au-

177 5578 355 5651 dianir'
376 5581 648 5649 quondam
680 5592 1003 5643 statuerunt,
1033 5584 1121 5643 .de
1142 5578 1351 5651 quibus
1399 5578 1585 5634 confer
1619 5581 1744 5648 Epi-

178 5650 467 5719 phanium,
504 5653 632 5704 han'.
689 5654 777 5716 90,
812 5661 865 5705 et
890 5650 1310 5714 Theodoretum,
1340 5658 1530 5719 qtnest.
1587 5651 1656 5703 9.0
1693 5654 1745 5703 in

181 5721 439 5784 (Lenesin,
494 5730 547 5773 et
593 5722 738 5774 alibi.
773 5722 1025 5787 Quamvis
1061 5722 1328 5777 Macarius
1376 5730 1558 5773 noster
1603 5721 1744 5773 haud

182 5801 369 5859 πόθι.
394 5789 553 5845 Cliam
581 5792 629 5845 in
659 5792 829 5860 ipsum
865 5792 1052 5848 Adami
1095 5808 1291 5862 corpus
1326 5792 1517 5845 divinae
1560 5791 1745 5859 imagi-

1850 4611 2095 4656 creatum
2126 4601 2296 4657 fuisse
2338 4603 2495 4671 plane
2544 4603 2609 4656 ad
2661 4617 2879 4657 sensum
2927 4602 3218 4670 Scriptura
3247 4614 3419 4653 sacrm

1852 4690 2028 4747 Eccle.
2054 4707 2153 4758 vn,
2181 4693 2271 4756 50.
2300 4694 2611 4747 contendit:
2639 4675 2953 4762 quinimoin
2975 4690 3418 4745 antecedentibus

1850 4784 2098 4838 eumdem
2120 4800 2214 4853 per
2236 4786 2722 4855 transgressionem
2742 4783 3026 4853 pristinam
3048 4781 3413 4836 innocentiam

1852 4889 2085 4939 morum,
2110 4874 2173 4926 τὸ
2195 4874 2580 4945 ἀπειρόκακον,
2611 4873 2863 4927 amisisse
2892 4872 3099 4938 statuit,
3126 4885 3247 4941 qua:
3272 4870 3414 4924 fece—

1852 4971 1955 5029 rat,
1992 4972 2053 5017 ut
2075 4963 2235 5033 primi
2264 4974 2517 5033 parentes
2544 4964 2806 5019 nuditatis
2846 4979 2959 5016 sum
2998 4962 3258 5016 rationem
3292 4961 3417 5015 nul-

1850 5054 1956 5107 lam
1992 5053 2279 5108 haberent:
2334 5053 2493 5108 ’Λλλά
2519 5053 2594 5116 ὡς
2626 5054 2692 5105 τὸ
2733 5053 3094 5123 ἀπειρόκακω
3136 5052 3414 5122 ἀποθεμέ-

1850 5161 1955 5197 νων
1994 5142 2082 5198 διά
2110 5144 2487 5215 παραϐάσεως,
2514 5144 2542 5195 ὃ
2573 5146 2666 5196 καὶ
2702 5143 2797 5214 τὴν
2828 5142 3100 5214 γύμνωσιν
3123 5143 3414 5212 ἀδιάφορον

1853 5304 1937 5357 nis
1959 5303 2271 5373 dignitatem
2301 5303 2482 5371 aliquo
2508 5302 2668 5356 modo
2697 5302 3043 5373 redundasse,
3072 5301 3199 5354 dum
3238 5309 3413 5373 totum

1850 5370 2125 5427 hominem
2158 5370 2457 5427 secundum
2495 5374 2781 5441 imaginem
2806 5372 2898 5426 Dei
2936 5371 3137 5425 factum
3168 5386 3288 5424 esse
3327 5370 3411 5422 fa-

1849 5453 2013 5506 tetur,
2043 5452 2204 5511 atque
2224 5443 2469 5512 inprimis
2497 5444 2547 5495 in
2572 5440 2817 5495 oratione
2845 5440 2911 5494 i7
2948 5442 2997 5494 in
3026 5440 3258 5495 Genesin
3287 5454 3410 5512 θοι-τ

1852 5529 1951 5582 pus
1982 5510 2434 5582 prolaplastartttn
2470 5522 2593 5565 ante
2636 5510 3407 5582 transgressionempraecepti

1851 5580 2103 5637 Subtilitts
2127 5580 2190 5636 ac
2218 5583 2568 5651 splendidius.
2595 5591 2647 5635 et
2667 5582 2733 5635 ad
2760 5581 3060 5649 specierum
3100 5580 3415 5633 divinarum

1851 5655 2243 5721 perceptionem
2278 5653 2445 5724 magis
2474 5661 2777 5722 promptum
2816 5660 2865 5704 et
2899 5652 3205 5720 expeditum
3241 5652 3419 5705 luisse

1851 5725 2138 5777 conlcndil.
