3888 6478
465 311 482 364 I
495 311 598 367 ὅδε)

1757 305 2114 363 MACARIUS
2149 306 2451 363 MAGNES.

3597 311 3744 367 N00

457 427 723 500 παρέσχε.
758 427 834 483 Ex
869 443 978 498 quo
1009 436 1252 498 apparet,
1289 426 1584 484 Macariutn
1620 441 1868 481 nostrum
1901 426 2036 478 ima-
2064 429 2112 488 Α
2137 427 2254 480 dem
2285 444 2389 481 non
2428 428 2594 497 fuisse
2639 428 2848 482 Adamo
2903 445 3119 483 causam
3172 429 3490 498 cognitionis
3540 427 3742 498 liqut.

459 523 638 594 ginem
669 521 908 576 divinam
940 520 1210 590 prtecipue
1243 521 1297 575 in
1341 520 1571 577 internis
1599 519 1771 583 animi
1795 519 2038 586 dotibus,

460 615 637 685 iisque
668 615 994 680 concrcatis,
1025 614 1366 685 quazsivisse,
1399 629 1508 670 non
1557 615 1612 668 in
1649 612 1826 669 forma
1861 613 2038 668 homi-

456 707 546 760 nis
576 715 840 772 externa;
877 705 955 760 uti
985 705 1204 776 quidem
1239 704 1596 775 philosophus
1625 705 1736 770 ille,
1772 721 1895 760 cum
1928 721 2038 774 quo

456 798 789 867 disputabat,
805 812 873 852 eo
888 812 1051 852 sensu
1071 797 1346 852 hominem
1363 796 1424 850 τὸ
1449 797 1731 861 κάλλιστον
1752 796 1860 850 τῶν
1885 795 2040 860 ζώων

457 892 552 944 καὶ
579 891 764 944 εἰκόνα
786 889 920 944 Θεοῦ
954 906 1074 945 esse
1099 889 1409 944 venditabat
1436 890 1569 960 (51).

463 1007 491 1076 §
521 1004 708 1059 XVIII.
735 999 992 1061 Doctrina
1018 1007 1080 1059 de
1110 1005 1512 1067 immortalitate
1525 1004 1872 1076 animm.—§
1895 1002 2035 1058 XIX.

539 1077 788 1130 Doctrina
815 1077 878 1130 de
907 1077 1060 1145 lapsu
1098 1077 1292 1130 Adami
1333 1076 1546 1146 ejusque
1580 1075 1769 1143 e/fectu
1791 1117 1807 1142 ,
1840 1086 2041 1128 morta-

528 1147 682 1201 litate
707 1148 904 1202 scilicet
929 1163 1020 1216 per
1047 1159 1319 1217 peccatum
1343 1147 1670 1202 introducta.

532 1257 770 1329 Lapsum
792 1259 986 1315 Adami
1023 1259 1096 1316 ita
1129 1258 1388 1314 deserihit
1423 1257 1698 1313 Macarius
1735 1256 1957 1326 Magnes
1986 1257 2040 1310 in

460 1344 781 1420 fragmentis
810 1353 1189 1408 Commentarii
1214 1354 1268 1406 in
1301 1351 1558 1416 Genesin,
1603 1351 1752 1420 quod
1795 1351 2042 1404 libertate

461 1459 559 1496 sua
590 1444 796 1497 abusus
829 1443 1194 1497 conditionem
1223 1443 1550 1497 ohedientiaa
1573 1440 1821 1496 Creatori
1846 1441 2042 1495 debita:

461 1534 759 1602 neglexerit
779 1543 944 1602 atque
969 1549 1063 1604 per
1088 1534 1577 1604 transgressionem
1597 1535 1849 1604 praecepti
1871 1533 2041 1590 divini

460 1629 522 1681 τὸ
548 1627 913 1697 ἁπειρόκακον
955 1627 1070 1681 sive
1114 1626 1479 1683 innocentiam
1514 1644 1729 1682 morum
1771 1628 2040 1692 amiserit,

463 1720 963 1789 mortalitatemque
990 1719 1194 1788 peccati
1222 1720 1508 1775 invexerit.
1540 1719 1691 1775 Ilanc
1715 1722 2040 1776 sententiam

464 1812 747 1881 sequentia
786 1811 956 1880 ipsius
979 1812 1258 1867 declarant
1283 1813 1445 1867 verba
1470 1831 1483 1866 :
1516 1815 1721 1867 Ὄντων
1747 1809 1840 1867 οὖν
1862 1813 2044 1868 αὐτῶν

464 1907 521 1957 ὲν
551 1904 628 1976 τῷ
657 1903 966 1976 παραδείσῳ
988 1905 1086 1976 τῆς
1106 1906 1337 1977 τρυφῆς,
1361 1905 1524 1977 νόμον
1545 1905 1758 1960 δίδωσιν
1795 1907 1979 1969 αὐτοῖς
2015 1908 2044 1962 ὁ

464 1997 597 2060 Θεὸς
629 1998 720 2050 ἐπὶ
746 1997 1053 2068 εὐεργεσίᾳ,
1075 1996 1168 2051 τοῦ
1195 1997 1368 2064 δεῖξαι
1397 1998 1494 2068 μὲν
1520 1997 1808 2068 ἐλευθέραν
1830 1997 1925 2068 τὴν
1943 1996 2044 2066 φύ-

466 2109 549 2150 σιν
578 2095 634 2144 ὲν
665 2094 731 2162 τῇ
759 2089 1215 2162 αῦτεξουσιότητι,
1243 2091 1522 2156 ἀποδεῖξαι
1547 2091 1604 2144 δὲ
1627 2092 1702 2154 ὡς
1728 2089 1832 2144 ὑπὸ
1846 2091 2046 2144 Δεσπόο

463 2204 565 2258 την
598 2187 692 2240 καὶ
731 2187 1004 2260 κηδεμόνα
1039 2189 1168 2252 εἰσὶ,
1203 2187 1376 2254 λέγων
1412 2187 1606 2249 οῦτωςο
1657 2184 1787 2238 Ἀπὸ
1818 2185 2044 2252 παντὸς

465 2278 656 2342 ξύλου
685 2317 699 2330 .
735 2318 750 2332 .
786 2319 800 2333 .
833 2318 850 2334 .
885 2318 898 2332 .
921 2279 1029 2333 τοῦ
1056 2279 1125 2333 ἐν
1158 2278 1590 2347 τῷπαραδείσῳ
1615 2279 1840 2346 βρώσει
1858 2276 2040 2348 φαγῇ·

465 2373 583 2426 ἀπὸ
615 2371 683 2425 δὲ
711 2372 817 2426 τοῦ
839 2372 1030 2437 ξύλου
1057 2371 1376 2442 γινώσκειν
1401 2372 1593 2425 καλὸν
1640 2372 1738 2428 καὶ
1778 2371 2047 2438 πονηρὸν

466 2465 538 2516 οὐ
563 2463 827 2533 scripseras
851 2464 952 2518 ἀπ’
984 2464 1191 2517 αὐτοῦ.
1229 2459 1310 2536 τῌ
1343 2462 1411 2515 δὲ
1443 2461 1520 2517 ἂν
1547 2463 1736 2532 ἡμέρᾳ
1775 2462 2046 2532 primam;

467 2557 567 2610 ἀπ’
599 2557 806 2620 αὑτοῦ,
837 2554 1069 2621 θανάτῳ
1097 2555 1516 2620 ἀποθανεῖσθε,
1555 2556 1701 2608 τοῦτ’
1727 2555 1892 2619 ἔστιν,
1921 2555 2047 2626 θνη-

467 2649 779 2702 τοὶὲσεσθε.
817 2648 974 2703 Οῦτω
994 2649 1102 2722 γὰρ
1144 2653 1172 2703 ὁ
1213 2649 1510 2722 Σύμμαχος
1545 2651 1916 2720 ἡρμήνευσεν·
1966 2642 2050 2721 τῌ

469 2738 520 2798 δ’
551 2738 628 2790 ἂν
665 2739 852 2817 ἡμέρᾳ
892 2739 1054 2810 φάγῃ
1109 2740 1227 2796 ἀπὸ
1259 2742 1364 2796 τοῦ
1406 2743 1616 2807 ξύλου,
1644 2741 1863 2808 θνητὸς
1903 2741 2043 2810 ἔσῃ.

481 2828 645 2882 Ἀλλὰ
681 2831 752 2899 μή
773 2847 858 2893 τις
888 2829 1167 2894 ὑπολάϐοι,
1199 2831 1354 2884 ὅτιτὸ
1383 2830 1538 2897 ξύλον
1568 2829 1822 2902 τοιαύτης
1850 2827 1918 2902 ἧν
1949 2829 2049 2899 φύτ

473 2938 630 2985 σεως,
659 2921 734 2986 ὡς
763 2921 962 2990 γνῶσιν
992 2921 1252 2995 παρέχειν
1291 2922 1454 2976 καλοῦ
1501 2924 1596 2977 καὶ
1635 2923 1871 2994 πονηροῦ
1911 2923 2044 2994 (5'2).

472 3014 548 3068 Οὐ
603 3014 712 3086 γὰρ
775 3016 839 3085 δὴ
901 3015 1160 3088 βλαϐερὸν
1222 3017 1279 3068 ἐν
1344 3015 1422 3086 τῷ
1482 3016 1794 3088 παραδείσῳ
1850 3033 1900 3068 τι
1955 3010 2044 3086 ἦν.

2140 517 2250 583 Lex
2278 523 2418 574 enim
2443 521 2494 574 ei
2517 520 2648 574 data
2689 534 2790 587 est,
2823 532 3075 592 tanquam
3108 533 3388 593 utrumque
3412 524 3640 587 scienti,
3695 533 3744 575 et

2140 612 2332 665 bonum
2379 622 2428 666 ct
2476 613 2697 680 malum,
2729 625 2778 667 et
2810 615 3160 668 obedientiam
3205 626 3255 670 et
3291 617 3742 671 inobedientianl.

2141 701 2332 772 Itaque
2358 705 2585 775 cognitio
2615 706 2783 775 legent
2812 708 3111 760 antecessit.
3149 705 3262 761 Lea:
3301 725 3419 762 vero
3451 709 3594 763 data
3643 719 3744 771 est,

2140 807 2198 850 ut
2227 797 2401 859 homo,
2432 798 2544 868 qui,
2575 808 2632 852 ut
2655 799 2894 853 diximus
2915 841 2930 864 ,
2971 800 3139 855 libera
3174 801 3444 860 voluntate
3493 803 3747 856 moveba-

2143 898 2248 956 tur,
2283 889 2654 962 licentiamque
2681 891 2904 968 habebat
2935 909 3000 946 επ
3029 895 3235 949 caneris
3283 895 3572 950 arboribus
3622 896 3744 965 fn-

2141 993 2282 1035 ctum
2309 985 2664 1052 percipiendi,
2705 994 2754 1039 et
2799 985 2862 1039 ab
2888 1003 2993 1039 una
3032 987 3296 1042 duntaxat
3333 987 3609 1042 abstinere
3653 1006 3746 1055 per

2140 1078 2303 1146 legem
2326 1078 2638 1147 jubebatur,
2675 1079 2773 1132 ltoc
2819 1081 2999 1142 sciret,
3050 1081 3323 1136 subditum
3369 1099 3426 1136 se
3472 1098 3590 1136 esse
3627 1081 3742 1136 Do—

2142 1169 2304 1232 mino,
2334 1170 2384 1223 ei
2415 1187 2595 1240 nempe
2622 1172 2712 1242 qui
2736 1181 2784 1224 et
2804 1171 2969 1241 legem
2991 1173 3243 1227 dedisset.
3267 1173 3565 1242 Interiectu
3583 1174 3744 1228 dein-

2142 1276 2270 1328 ceps
2302 1260 2530 1315 historia
2555 1261 2622 1316 de
2652 1260 2975 1316 seductione
3005 1263 3615 1332 serpentis.quomodo
3643 1263 3742 1316 bo-

2143 1353 2242 1407 stis
2280 1362 2488 1408 natura:
2535 1362 2736 1408 nostra:
2769 1362 2922 1407 tanto
2976 1353 3218 1409 hominis
3252 1354 3450 1408 honori
3489 1356 3746 1410 invidens

2142 1446 2342 1500 bellum
2382 1445 2646 1502 adversus
2674 1462 2798 1501 eum
2833 1448 3162 1516 susceperit,
3202 1448 3620 1518 mendacioque
3643 1465 3744 1502 suo

2142 1539 2404 1601 olfecerit,
2435 1547 2496 1593 ut
2521 1540 2684 1592 ambo
2717 1547 3121 1609 contemptores
3153 1539 3248 1594 Dei
3284 1540 3506 1604 tierent,
3541 1540 3744 1594 tristis-

2143 1629 2345 1688 simum
2375 1629 2562 1698 lapsus
2594 1629 2846 1686 effectum
2879 1629 3106 1700 exponit
3131 1645 3200 1684 ex
3232 1629 3563 1700 cognitione
3583 1631 3746 1684 nudi-

2146 1724 2274 1778 tatis
2303 1723 2544 1793 ipsorum
2589 1731 2644 1777 et
2681 1731 2889 1776 terrore
2913 1721 3136 1790 justitite
3169 1721 3407 1788 divina,
3449 1737 3627 1791 quam
3678 1722 3742 1774 ad

2147 1829 2364 1885 pinnam
2415 1813 2770 1883 promeritam
2807 1813 3235 1880 concitaverunt,
3254 1812 3396 1867 adeo
3429 1823 3495 1867 ut
3522 1829 3746 1868 animus

2144 1906 2380 1977 paradisi
2414 1906 2570 1962 sedes
2599 1905 2785 1961 statim
2818 1913 3120 1960 mutaretur
3145 1905 3211 1959 iis
3253 1905 3308 1958 in
3341 1907 3613 1959 acerbum
3646 1906 3744 1958 tri-

2146 1999 2310 2053 bunal
2341 1997 2792 2068 tremendumque
2823 1996 3155 2066 praetorium.
3192 1994 3352 2050 Μετὰ
3384 1996 3448 2048 τὸ
3481 1996 3746 2067 adiungas

2143 2093 2224 2154 ei;
2259 2089 2470 2144 σύνεσιν
2502 2088 2746 2152 ἐλθόντες
2771 2087 2865 2141 τοῦ
2906 2087 3277 2157 πταίσματος,
3307 2084 3388 2156 τῷ
3417 2085 3745 2156 διακριτικῷ

2144 2185 2472 2256 κρατοῦνται
2525 2182 2710 2254 φόϐῳ,
2765 2182 2859 2236 καὶ
2903 2181 3243 2254 κρύπτεσθαι
3293 2179 3609 2251 πειρῶνται
3657 2181 3744 2232 τὸν

2144 2277 2409 2349 ἀλαοητον
2434 2275 2741 2347 ὀφθαλμὸν,
2783 2275 2879 2329 καὶ
2922 2271 3319 2344 παραιτοῦνται
3356 2271 3464 2343 τὴν
3495 2272 3742 2344 πρόοδον,

2145 2369 2241 2424 καὶ
2273 2368 2588 2424 ἀναδύονται
2631 2367 2729 2437 τὴν
2769 2365 3132 2438 παράστασιν.
3157 2365 3214 2420 Id
3238 2372 3355 2419 est:
3399 2363 3538 2417 Post
3568 2366 3743 2417 aude:

2143 2460 2281 2514 illud
2309 2461 2540 2529 facinus,
2571 2459 2836 2513 intellecto
2865 2459 3021 2528 lapsu
3059 2475 3156 2512 suo
3184 2501 3199 2522 ,
3243 2457 3560 2526 providenti
3611 2469 3741 2510 metu

2145 2551 2526 2622 percelluntur,
2568 2562 2616 2604 et
2655 2567 2794 2615 eum,
2833 2567 2984 2619 quem
3013 2550 3178 2603 latere
3203 2549 3282 2601 nil
3311 2559 3518 2618 potest,
3539 2548 3740 2601 oculatus

2146 2642 2311 2696 latere
2339 2651 2620 2706 conantur,
2655 2651 2705 2695 et
2736 2643 2952 2711 prodire
2973 2642 3292 2705 detrectant,
3325 2652 3379 2695 et
3408 2658 3608 2695 coram
3631 2642 3739 2694 sisti

2149 2734 2438 2802 refugiunt.
2607 2791 2612 2796 ε

2218 2826 2354 2880 Illud
2387 2823 2625 2894 denique
2659 2821 2879 2878 silentio
2925 2822 3356 2894 haudquaquam
3416 2822 3739 2891 praetermit.

2147 2919 2368 2974 tendum
2394 2925 2499 2983 est,
2545 2916 2688 2986 quod
2719 2914 2990 2970 Macarius
3020 2913 3241 2984 Magnes
3280 2914 3459 2968 simul
3493 2916 3740 2968 divinum

2148 3009 2422 3081 quoddam
2458 3006 2781 3062 beneﬁcium
2827 3007 2879 3059 in
2933 3006 3050 3075 ipsa
3102 3020 3263 3074 pmna
3299 3005 3504 3059 mortis
3548 3020 3740 3074 corpo-

475 3109 638 3177 ’Ὸρος
690 3107 747 3160 δὲ
782 3105 941 3179 ἐτέθη
993 3110 1050 3161 ὲν
1104 3107 1177 3178 τῷ
1226 3108 1376 3179 φυτῷ
1423 3108 1561 3180 πρὸς
1607 3107 1911 3179 γυμνασίαν
1948 3109 2048 3178 τῆς

2152 3101 2280 3154 ralis
2315 3109 2610 3170 agnoscat,
2648 3097 2794 3167 quod
2840 3097 2942 3150 hac
2999 3097 3270 3150 sententia
3311 3097 3621 3166 exprimit:
3658 3095 3739 3148 Διὸ

473 3192 898 3267 ἐλευθερότητος.
935 3200 1043 3251 Καὶ
1073 3199 1154 3256 ὅτι
1190 3200 1250 3252 οὐ
1301 3199 1360 3252 τὸ
1400 3199 1552 3264 ξύλον
1591 3199 1761 3254 αἴτιον
1800 3200 2052 3269 γνώσεως

470 3287 549 3358 τῷ
586 3287 755 3358 Ἀδὰμ
777 3289 987 3357 γέγονε,
1018 3289 1199 3359 δῆλον.
1253 3291 1318 3344 Ἡ
1350 3291 1459 3362 γὰρ
1483 3291 1669 3362 ἐντολὴ
1697 3293 1774 3355 ὡς
1815 3292 1952 3364 πρὸς
1978 3293 2055 3346 el-

470 3379 598 3432 δότα
613 3379 778 3450 ἄμφω
793 3381 973 3454 ἐδόθη,
991 3383 1052 3436 τό
1072 3401 1129 3436 τε
1147 3383 1308 3436 καλὸν
1321 3385 1415 3437 καὶ
1447 3383 1553 3456 [τὸ-Ι
1587 3388 1843 3456 πονηρὸν,
1869 3387 1968 3457 τήν
1994 3403 2054 3439 τε

474 3473 720 3544 ὑπακοὴν
749 3475 842 3528 καὶ
871 3475 968 3545 τὴν
991 3478 1302 3547 παρακοήνθ
1333 3475 1472 3529 ὥστε
1491 3477 1746 3547 ήιγνῶσις
1781 3476 2055 3550 προῦλαϐε

473 3567 574 3636 τὴν
603 3567 840 3638 ἐντολήν.
870 3568 1086 3622 Δέδοται
1120 3569 1177 3622 δὲ
1193 3568 1332 3640 αὐτὴ
1358 3569 1446 3622 διὰ.
1467 3571 1548 3633 τὸ,
1569 3571 1645 3635 ὡς
1665 3573 1900 3643 εἴρηται,
1927 3570 2055 3626 αὺτ-

475 3659 700 3729 εξουσίῳ
745 3661 1045 3731 βουλήματι
1091 3663 1408 3734 κινούμενον
1453 3665 1544 3718 τὸν
1600 3666 1922 3738 ἄνθρωπον,
1964 3669 2054 3722 ἐπ’

476 3750 660 3813 ἁδείας
679 3769 738 3803 τε
764 3752 955 3822 ἔχοντα
977 3753 1086 3806 ἀπὸ
1112 3754 1330 3808 πάντων
1365 3755 1798 3827 μεταλαμϐάνειν
1827 3758 1934 3810 τῶν
1959 3758 2055 3813 ἄλ-

476 3842 582 3897 λων
617 3845 881 3918 δένδρων,
913 3847 1030 3910 ὲνὸς
1070 3848 1124 3900 δὲ
1175 3849 1336 3919 μόνου
1371 3850 1521 3920 νόμῳ
1590 3853 2054 3923 προσταττόμενον

475 3936 796 4008 ἀπέχεσθαι,
819 3938 976 3993 τοῦτο
1018 3940 1304 4008 γινώσκειν
1324 3983 1338 4006 ,
1373 3943 1450 4005 ὡς
1491 3942 1596 3996 ὑπὸ
1629 3945 1902 4017 Δεσπότην
1935 3945 2055 3998 ἐστὶ

477 4031 568 4086 τὸν
601 4033 695 4086 καὶ
720 4033 818 4104 τὴν
849 4035 1069 4106 ἐντολὴν
1113 4036 1400 4090 δεδωκότα.
1457 4036 1511 4090 Id
1541 4047 1656 4092 est:
1696 4038 1828 4092 Cum
1876 4041 2056 4110 itaque

476 4134 643 4177 essent
676 4127 726 4178 in
750 4127 1001 4194 paradiso
1026 4127 1332 4197 voluptatis,
1351 4127 1490 4182 Deus
1514 4127 1871 4200 benefaciendi
1894 4148 2055 4185 causa

479 4213 570 4265 dat
604 4214 670 4265 iis
702 4213 884 4282 legem,
921 4225 977 4267 ut
1008 4217 1271 4279 ostendat,
1305 4217 1526 4270 liberant
1570 4220 1779 4288 quidem
1822 4237 1932 4272 esse
1961 4221 2056 4273 Ito-

479 4304 678 4355 minum
713 4313 982 4367 naturam,
1005 4323 1065 4360 eo
1104 4308 1242 4373 quod
1270 4309 1355 4361 sui
1385 4308 1516 4371 iuris
1550 4310 1657 4373 sit;
1697 4322 1928 4364 attamen
1966 4312 2056 4364 de-

479 4401 757 4454 monstret,
774 4410 860 4444 eos
887 4395 982 4446 sub
1004 4394 1228 4448 Domino
1251 4406 1300 4448 et
1331 4408 1576 4451 curatore
1596 4417 1724 4454 esse.
1753 4402 1843 4454 Sic
1877 4414 2054 4455 autent

2154 3194 2240 3247 ἶνα
2275 3192 2350 3264 μὴ
2398 3192 2566 3255 κακὸς
2606 3183 2929 3262 ἀθάνατοςῇ
2967 3187 3284 3259 ἄνθρωπος.
3328 3187 3537 3258 θνητὸν
3584 3189 3739 3248 αὐτὸν

2155 3288 2471 3358 ἀπεφήνατο
2498 3288 2526 3340 ό
2550 3283 2704 3348 Θεὸς,
2735 3283 3018 3355 νεκρὸτητι
3048 3279 3380 3352 περιὸαλὼν.
3425 3281 3611 3334 Τοῦτο
3641 3282 3739 3350 γὰρ

2154 3381 2202 3435 οἱ
2229 3380 2540 3451 δερμάτινοι
2572 3375 2796 3448 χιτῶνες
2825 3374 3148 3446 σημαίνουσι
3189 3373 3301 3428 ἀπὸ
3330 3372 3430 3426 τοῦ
3458 3372 3627 3442 λόγου
3647 3373 3738 3441 τῆς

2154 3474 2260 3526 τῶν
2294 3471 2446 3538 ζώων
2462 3468 2780 3542 νεκρώσεως
2799 3483 2813 3498 °
2849 3469 2998 3531 ὅπως
3029 3467 3117 3520 διὰ
3149 3466 3246 3536 τῆς
3265 3465 3480 3530 λύσεως
3507 3465 3610 3518 τοῦ
3636 3466 3736 3517 atii-

2158 3582 2326 3635 ματος
2353 3564 2446 3617 καὶ
2476 3562 2576 3632 τῆς
2616 3561 2814 3624 δέσεως
2841 3560 2874 3630 ἡ
2902 3559 3145 3631 ἁμαρτία
3180 3560 3333 3614 πᾶσα
3358 3559 3739 3629 αὐτόπρεμνος

2154 3655 2446 3728 διαφθαρῇ.
2479 3653 2534 3706 1‹Ι
2567 3662 2652 3708 est
2685 3672 2698 3707 :
2728 3651 2917 3722 Itaque
2950 3667 3012 3705 ne
3031 3652 3182 3705 homo
3214 3650 3390 3705 malus
3413 3650 3737 3704 immortalis

2153 3756 2306 3812 esset,
2339 3763 2456 3800 eum
2483 3745 2621 3799 Deus
2647 3743 2977 3798 mortalitate
3005 3745 3252 3799 indutum
3295 3743 3582 3797 mortalem
3629 3742 3735 3794 red—

2154 3840 2312 3892 didit.
2341 3837 2483 3891 Nam
2517 3839 2571 3890 id
2600 3838 2775 3904 ipsum
2801 3840 2995 3893 tunica:
3023 3838 3255 3904 pellicem
3273 3837 3613 3906 signiﬁcant,
3649 3836 3735 3887 ba-

2157 3931 2265 3984 bita
2293 3931 2496 3982 ratione
2518 3929 2703 3982 mortis
2729 3930 3052 3984 animalibus
3070 3929 3273 3983 illatae:
3294 3938 3352 3981 ut
3371 3945 3468 3996 per
3497 3929 3732 3997 corporis

2155 4022 2552 4076 dissolutionem
2589 4023 2760 4090 ipsum
2787 4039 2990 4093 quoque
3022 4022 3217 4076 vinculi
3262 4021 3502 4090 corporei
3544 4037 3731 4090 pecca-

2157 4123 2266 4169 tum
2296 4115 2502 4183 penitus
2537 4113 2856 4169 aboleretur.

2265 4206 2292 4278 §
2320 4205 2436 4259 XX.
2475 4205 2746 4262 Sententia
2769 4205 3028 4276 Magnetis
3050 4205 3114 4260 de
3143 4204 3340 4258 tunicis
3371 4204 3634 4270 pelliceis.

2226 4297 2485 4368 Quamvis
2519 4307 2770 4353 cmterum
2797 4299 3083 4352 historiam
3119 4297 3306 4367 lapsus
3345 4312 3378 4351 a
3413 4295 3607 4368 Moyse
3644 4299 3732 4352 de-

2156 4392 2412 4461 scriptam
2446 4390 2668 4461 proprio
2699 4400 2754 4446 et
2787 4389 3006 4444 Iitterali
3049 4404 3214 4444 sensu
3254 4388 3526 4459 intelligat
3553 4388 3732 4442 Maca-

480 4484 596 4536 ait:
633 4501 652 4534 ‹
691 4481 775 4537 Ea:
798 4486 940 4538 omni
969 4485 1132 4552 ligno,
1169 4487 1308 4557 quod
1339 4498 1418 4541 est
1450 4489 1504 4541 in
1533 4489 1704 4554 horto,
1737 4493 2051 4546 comestione
2087 4481 2132 4537 υ
2159 4485 2272 4540 riu-s
2309 4483 2547 4552 Magnes,
2576 4483 2790 4538 tunicas
2823 4491 3002 4536 tamen
3051 4482 3340 4569 pelliceas,
3377 4483 3584 4552 quibus
3615 4491 3729 4552 post

476 4577 714 4630 comedes
733 4593 751 4630 :
775 4593 840 4629 ea:
873 4576 1015 4644 ligno
1049 4589 1223 4632 autent
1254 4582 1598 4650 cognoscendi
1623 4581 1816 4636 bonum
1845 4594 1892 4637 et
1945 4602 2056 4638 ma-

481 4667 592 4720 lum
630 4684 732 4722 non
765 4671 1044 4725 comedetis
1074 4687 1138 4724 ea:
1157 4689 1236 4726 eo.
1273 4672 1390 4737 Qua
1412 4684 1589 4728 autem
1619 4675 1704 4728 die
1725 4677 2054 4730 comederitis

477 4777 542 4814 ex
573 4777 653 4824 eo,
684 4771 851 4816 morte
898 4763 1216 4829 moriemini,
1256 4783 1274 4814 ι
1330 4765 1432 4818 hoc.
1455 4775 1553 4828 est,
1587 4767 1838 4820 mortales
1879 4768 2052 4822 eritis.

481 4853 625 4909 Nam
653 4853 998 4926 Symmachus
1033 4859 1110 4912 ita
1133 4859 1507 4928 interpretatus
1531 4871 1608 4923 est
1627 4876 1646 4914 :
1679 4879 1698 4912 ι
1737 4860 1857 4926 Qua
1879 4871 2056 4915 autem

479 4942 566 4996 die
611 4947 898 5001 comederis
925 4965 988 5001 ea:
1016 4949 1180 5018 ligno,
1224 4951 1466 5004 mortalis
1512 4952 1724 5020 futurus
1772 4970 1846 5007 es.
1887 4973 1904 5005 ι
1951 4952 2055 5008 Sed

480 5053 634 5090 nemo
655 5039 940 5105 existimet,
971 5057 1088 5094 eam
1119 5042 1282 5110 fuisse
1310 5043 1441 5113 ligni
1477 5054 1746 5110 naturam,
1795 5055 1850 5098 ut
1878 5051 2057 5116 cogni-

483 5129 676 5182 tionem
704 5131 918 5198 aﬂ'erret
946 5133 1068 5187 boni
1096 5142 1145 5187 et
1175 5135 1323 5188 mali.
1360 5135 1471 5189 Nec
1492 5139 1632 5190 enim
1680 5139 1971 5210 quidquam
2001 5141 2055 5195 in

479 5221 733 5287 paradiso
772 5223 987 5275 noxium
1036 5233 1171 5278 erat.
1226 5225 1329 5279 Sed
1377 5227 1431 5279 in
1460 5227 1647 5296 planta
1680 5230 1791 5285 haec
1824 5232 2056 5286 conditio

481 5315 656 5378 posita
684 5324 783 5378 est,
833 5315 903 5366 ad
931 5320 1240 5373 exercitium
1267 5318 1548 5374 libertatis.
1592 5323 1667 5376 Ac
1704 5323 1908 5395 lignum
1935 5326 2064 5394 qui-.

555 5473 668 5555 (ὃς)
697 5471 827 5555 Qua:
855 5478 1020 5532 verba
1039 5478 1344 5555 philosophi
1368 5479 1657 5536 Macariani
1683 5482 1734 5536 itt
1754 5483 2056 5550 fragmento

484 5540 549 5623 Ill
583 5540 742 5623 ςιιξνιει
768 5540 1162 5623 jam_s_u_perius
1190 5540 1422 5606 adducta
1453 5563 1616 5623 atque
1645 5540 1891 5622 exposila
1925 5565 2057 5610 sunt

485 5613 672 5696 μαθέ)
702 5618 822 5696 ςςρι.
849 5613 1030 5696 last).

559 5682 667 5758 (δί)
710 5685 800 5739 Sic
826 5698 879 5740 et
909 5682 1209 5758 Procopius
1254 5691 1306 5744 in
1345 5708 1544 5746 cotnm.
1583 5709 1686 5747 ms.
1731 5695 1784 5748 in
1817 5694 2050 5748 Genesin

488 5755 710 5823 multum
763 5767 943 5840 putat,
978 5755 1137 5817 talctn
1173 5764 1351 5817 arbori
1384 5764 1490 5818 vim
1538 5775 1730 5819 natura
1758 5765 2050 5836 ingenitam

2155 4591 2356 4631 noxam
2397 4575 2573 4628 induti
2605 4574 2760 4629 fuere
2789 4575 3141 4644 protoplastae
3178 4574 3248 4628 ad
3281 4574 3586 4630 nuditatem
3615 4592 3729 4630 cor-

2156 4668 2308 4738 poris
2356 4669 2658 4737 tegendam,
2708 4681 2819 4721 non
2867 4675 2974 4720 tam
3034 4666 3294 4723 historice
3333 4681 3502 4737 quam
3533 4669 3728 4738 allego-

2157 4763 2271 4821 rice
2293 4759 2515 4830 exponit
2541 4759 2596 4814 in
2621 4758 2925 4831 symbolum
2953 4759 3297 4812 mortalitatis
3326 4775 3424 4828 per
3449 4770 3725 4828 peccatum

2158 4851 2619 4918 subintroductze;
2652 4867 2752 4906 ceu
2784 4867 2848 4904 ex
2881 4849 3062 4910 verbis
3105 4851 3160 4904 in
3205 4850 3312 4906 ﬁne
3347 4853 3651 4920 superioris
3698 4851 3724 4920 ᾗ

2157 4945 2336 5001 citatis
2366 4944 2701 5013 intelligitur.
2753 4942 2884 5016 Quae
2936 4943 3310 5013 interpretatio
3338 4945 3489 5000 haud
3541 4960 3725 5015 parum

2158 5037 2296 5092 lucis
2327 5036 2522 5105 accipit
2557 5051 2623 5090 ex
2655 5035 2762 5090 illis
2782 5073 2798 5097 ,
2847 5050 2969 5104 qua:
2999 5034 3228 5090 Photius
3287 5038 3344 5090 in
3377 5036 3722 5100 Bibliotheca,

2159 5129 2278 5184 cod.
2311 5144 2559 5194 ccxxxtv,
2593 5144 2648 5197 p.
2677 5144 2751 5181 m.
2784 5126 2998 5194 909,ex
3031 5125 3634 5184 S.Methodiioratioue
3657 5128 3723 5181 De

2159 5221 2538 5274 resurrectione
2571 5218 2877 5288 excerpsit:
2925 5219 3044 5271 Ὅτι
3092 5218 3455 5289 δερματίνους
3503 5221 3722 5291 χιτῶνας

2157 5311 2249 5376 τὸν
2271 5311 2496 5365 θάνατόν
2530 5327 2681 5382 φησι.
2716 5309 2879 5379 Λέγει
2912 5311 3022 5381 γὰρ
3048 5310 3173 5382 περὶ
3200 5311 3295 5364 τοῦ
3333 5311 3539 5382 Ἄδαμ-
3579 5314 3668 5365 Ὃν
3693 5312 3721 5362 ὸ

2159 5485 2349 5548 fuisse,
2375 5485 2614 5540 credere.
2638 5483 2810 5539 Verba
2828 5483 2948 5552 ejus
2971 5485 3040 5540 ad
3067 5486 3244 5552 ipsum
3273 5485 3498 5542 Macarii
3524 5497 3712 5542 textum

2157 5556 2474 5627 citahimus.
2526 5554 2678 5621 Quos
2715 5556 3026 5627 perstringit
3079 5554 3302 5627 Magnes
3350 5567 3487 5612 sunt
3509 5557 3718 5627 quidam

2158 5629 2312 5750 aptati.
2329 5623 2688 5698 Theophilum
2716 5623 3112 5683 Antiochcnum
3140 5623 3192 5681 ΙῘ
3211 5644 3248 5683 ιι
3279 5628 3362 5681 Ad
3393 5623 3713 5699 (Iulo-lycum,

2158 5713 2210 5750 ll.
2281 5716 2332 5752 ο.
