3888 6504
221 318 350 373 ΗΜ

1338 315 1616 376 ΝΟΤΙΤΙᾹ
1656 316 1744 372 ET
1786 313 2229 371 FRAGMENTA.

3339 298 3475 354 1409.

215 441 350 503 θεὸς
387 442 416 494 ὁ
461 440 853 513 παντοκράτωρ
888 439 1155 496 ἀθάνατον
1190 438 1359 494 κακὸν
1408 438 1466 506 ἐξ
1508 435 1799 506 ἐπιϐουλῆς

1918 445 2024 499 ina“:
2052 429 2104 483 in
2131 438 2261 499 typo
2293 440 2390 496 per
2416 422 2609 494 peliem
2637 420 2761 492 agni
2790 418 2859 475 ab
2892 418 3015 488 ipsa
3047 414 3257 486 origine
3286 411 3474 468 mundi

220 532 347 586 ἰδὼν
379 532 775 602 γεγενημένον,
822 534 1074 605 καθάπερ
1110 533 1205 588 καὶ
1245 536 1274 587 ὁ
1317 532 1596 603 πλανὴσας
1635 529 1795 583 αὐτὸν

215 624 458 690 διάϐολος
477 620 564 696 ἧν,
583 628 709 691 τοὺς
727 626 1080 698 δερματίνους
1108 626 1338 698 χιτῶνας
1364 624 1453 678 διὰ
1483 623 1641 677 τοῦτο
1667 640 1798 675 κατ·-

214 718 535 784 εσκεύασεν,
563 721 726 774 οἱονεὶ
756 719 1043 792 νεκρότητι
1093 716 1402 791 περιϐαλὼν
1434 715 1617 779 αὐτὸν,
1647 716 1798 779 ὅπως

212 813 306 867 διὰ
338 812 438 884 τῆς
465 811 671 876 λύσεως
692 813 786 866 τοῦ
812 812 1063 884 σώματος
1091 814 1198 865 πᾶν
1236 810 1297 865 τὸ
1339 813 1396 864 ὲν
1424 808 1575 880 αὑτῷ
1604 826 1797 879 γεννηο

232 905 309 957 ὶὲν
362 905 530 959 κακὸν
578 905 844 978 ἀποθάνῃ.
899 905 957 960 1d
994 915 1077 961 est
1109 922 1122 957 :
1155 904 1260 958 Per
1298 904 1544 974 pelliceas
1591 902 1797 955 tunicas

220 1007 440 1050 mortem
490 997 759 1068 intelligit.
814 997 1022 1052 Narrat
1066 998 1205 1052 enim
1245 998 1309 1051 de
1338 998 1580 1051 Adamo:
1633 992 1799 1058 Quem

230 1089 363 1143 Deus
416 1093 741 1159 omnipotens
788 1109 906 1145 cum
939 1091 1292 1145 immortalem
1331 1090 1574 1159 fecisset,
1628 1089 1798 1141 sciens

214 1197 339 1234 eum
370 1196 434 1235 ea:
462 1182 675 1237 insidiis
706 1184 982 1257 (diaboli)
1016 1184 1213 1239 malum
1246 1185 1470 1253 factum,
1513 1182 1593 1235 uti
1629 1191 1677 1233 et
1709 1181 1801 1233 ille

215 1283 358 1336 erat,
384 1275 475 1344 qui
500 1292 619 1329 eum
640 1276 935 1345 deceperat,
956 1277 1220 1341 diabolus,
1242 1285 1513 1345 propterea
1541 1273 1623 1327 illi
1645 1273 1800 1341 pelli-

217 1383 339 1420 ceas
364 1376 525 1421 vestes
552 1370 905 1435 concinnavit,
936 1371 1089 1440 quasi
1122 1370 1273 1423 illum
1303 1368 1523 1422 induens
1552 1366 1800 1421 mortali-

219 1469 355 1522 tate,
394 1468 450 1512 ut
501 1477 593 1528 per
620 1463 855 1529 corporis
900 1461 1215 1515 solutionem
1264 1478 1435 1524 omne,
1490 1462 1628 1530 quod
1659 1461 1713 1511 in
1742 1474 1800 1512 eo

217 1552 424 1605 malum
446 1562 579 1617 erat,
614 1563 923 1607 moreretur.
953 1555 1035 1607 An
1066 1553 1374 1609 Methodius
1414 1553 1530 1606 hinc
1560 1568 1590 1606 ιι
1624 1551 1803 1606 Maca-

217 1644 307 1699 rio
346 1644 614 1715 Magnete,
640 1662 707 1699 an
739 1661 867 1702 vero
894 1645 1115 1715 Magnes
1145 1661 1175 1699 a
1204 1644 1478 1699 Methodio
1527 1644 1801 1710 habuerit,

214 1738 490 1805 disputari
520 1740 740 1807 quidem
792 1748 1008 1807 posset;
1046 1738 1149 1792 nisi
1194 1739 1307 1809 jam
1350 1746 1475 1792 ante
1509 1747 1802 1807 utrumque

219 1827 486 1898 Origenes
504 1838 667 1899 atque
699 1826 1018 1901 Hippolytus
1041 1830 1095 1884 in
1122 1829 1368 1885 eamdem
1398 1828 1802 1883 concessissent

221 1923 578 1977 sententiam.
605 1922 700 1978 llle
744 1924 891 1977 enim
927 1923 1150 1977 homilia
1174 1939 1226 1975 vr
1258 1922 1309 1975 in
1334 1921 1634 1976 Leviticum
1662 1923 1799 1992 (55),

220 2024 351 2065 cum
381 2010 447 2063 de
482 2010 816 2067 indumentis
857 2011 1115 2067 Leviticis
1159 2011 1433 2082 pontiﬁcis
1468 2021 1521 2066 et
1551 2012 1803 2067 sacerdo-

220 2111 342 2154 tum
379 2102 507 2169 agit,
528 2102 666 2157 hanc
690 2103 1153 2172 comparationem
1178 2105 1448 2158 instituit:
1490 2102 1651 2157 Velim
1678 2120 1804 2157 con-

218 2197 364 2267 ferre
391 2195 486 2248 illa
516 2195 753 2264 infelicia
780 2196 1089 2249 indumenta
1110 2238 1124 2260 ,
1160 2196 1349 2266 quibus
1394 2198 1597 2266 primus
1649 2196 1803 2249 homo

219 2306 346 2347 cum
373 2298 658 2357 peccasset,
690 2288 906 2341 indutus
941 2298 1040 2352 est,
1080 2306 1199 2342 cum
1237 2290 1317 2343 his
1348 2291 1545 2343 sanctis
1590 2300 1636 2344 et
1669 2290 1803 2358 [ide-

218 2380 366 2433 libus
394 2381 733 2435 indumentis.
770 2379 837 2432 Et
859 2381 1069 2448 quidem
1094 2382 1189 2435 illa
1210 2383 1411 2435 dicitur
1440 2381 1580 2434 Deus
1599 2383 1804 2451 fecisse:

229 2492 249 2525 ι
284 2472 428 2527 Fecit
458 2475 617 2537 enim,
646 2475 837 2543 inquit,
870 2475 1006 2527 Deus
1034 2476 1240 2528 tunicas
1264 2474 1531 2544 pelliceas,
1558 2486 1604 2528 et
1631 2475 1807 2528 induit

221 2566 404 2619 Adam
439 2577 489 2620 et
516 2567 787 2621 mulierem
816 2568 951 2636 ejus.
986 2586 1005 2619 ι
1037 2567 1159 2622 Illa:
1181 2585 1302 2637 ergo
1332 2570 1526 2622 tunica:
1553 2570 1615 2621 de
1649 2569 1804 2637 pelli-

221 2656 326 2713 bus
346 2668 495 2711 erant
524 2674 588 2712 ex
618 2659 942 2713 animalibus
966 2670 1210 2730 sumptcc.
1240 2659 1458 2713 Talibus
1492 2662 1629 2715 enim
1654 2676 1808 2729 opor-

222 2750 371 2803 tebat
421 2752 572 2806 indui
605 2763 929 2821 peccatorem
956 2795 971 2819 ,
1016 2754 1268 2823 pelliceis,
1298 2756 1533 2825 inquam,
1589 2755 1805 2819 tunicis,

220 2860 347 2912 qua:
376 2854 543 2897 essent
580 2846 951 2909 mortalitatis,
981 2862 1250 2915 quampro
1281 2858 1492 2910 peccato
1514 2855 1809 2915 acceperat,

222 2946 277 2990 et
310 2937 622 3006 fragilitatis
640 2937 752 3005 ejus
774 2954 891 3007 gnte
909 2954 974 2993 ea:
988 2940 1166 2992 carnis
1186 2939 1524 3005 corruptione
1553 2938 1806 2992 veniebat.

222 3031 491 3083 indicium
525 3032 658 3102 (54).
684 3031 943 3101 Quinimo
980 3031 1319 3102 Hippolytus,
1340 3030 1539 3086 Portus
1575 3030 1805 3085 Romani

1900 520 2209 587 mactati_'ad
2232 515 2622 587 designandum
2643 514 2975 567 oblationem
3003 508 3258 565 sacriﬁcii
3287 505 3477 573 expia-

1899 615 2095 669 toriam
2129 612 2453 667 adumbrata
2482 616 2621 663 erat.
2648 603 2807 660 Coni.
2841 604 3012 673 Apoc.
3043 618 3165 664 xm,
3206 599 3268 664 8;
3304 597 3474 650 Zach.

1899 723 1983 771 ιιι,
2011 706 2077 773 4;
2106 705 2213 760 Isa.
2251 720 2364 769 LXI,
2394 703 2449 765 5,
2487 699 2575 754 lO.
2604 698 2776 763 Quam
2810 693 3263 765 significationem
3311 687 3479 747 etiam,

1899 802 1954 856 in
1984 800 2170 855 animo
2197 798 2453 853 habuisse
2481 794 2696 848 videtur
2721 792 2960 843 Irenaeus
2991 787 3085 840 lib.
3119 800 3181 839 ιιι
3215 783 3477 836 Adversus

1899 894 2141 957 ha'reses,
2168 907 2288 960 cap.
2320 888 2387 943 57
2419 906 2432 941 :
2472 885 2755 951 Quoniam,
2782 881 2980 951 inquit,
3021 895 3177 950 quam
3215 876 3397 928 habuit
3446 890 3485 925 a

1900 986 2126 1056 Spiritu,
2154 981 2458 1037 sanctitatis
2502 976 2696 1032 stolam
2738 974 2919 1026 amisit
2949 988 3041 1041 per
3070 968 3479 1023 inobedicntians

1902 1122 1909 1133 .
1951 1115 1967 1130 .
1998 1117 2013 1131 .
2046 1118 2059 1131 .
2099 1075 2373 1137 Dominus,
2401 1070 2595 1141 quiest
2625 1066 2948 1129 misericors,
2986 1064 3194 1117 tunicas
3232 1060 3481 1130 pelliceas

1900 1186 1996 1239 pro
2025 1168 2169 1237 foliis
2200 1165 2442 1236 ﬁculneis
2472 1160 2665 1217 induit.

1969 1261 2047 1317 Ne
2088 1263 2216 1332 quid
2259 1270 2439 1315 tamen
2481 1253 2911 1315 dissimulemus,
2954 1249 3187 1304 similem
3235 1245 3347 1301 fere
3372 1244 3482 1299 ﬂu-

1901 1356 2257 1415 ctuationem,
2312 1364 2476 1420 quam
2534 1348 2588 1403 in
2636 1348 2740 1402 hac
2776 1345 3079 1416 qurestione
3114 1340 3331 1411 Origeni
3383 1355 3482 1393 ex-

1901 1447 2125 1517 probrat
2173 1441 2403 1497 lluetius
2453 1440 2559 1494 loc.
2614 1437 2709 1492 cit.
2751 1435 2960 1506 p.168,
3012 1432 3251 1487 Macario
3292 1439 3484 1485 nostro

1902 1538 2091 1593 eodem
2124 1535 2247 1606 jure
2279 1532 2519 1587 tribuere
2563 1542 2855 1599 possumus
2884 1544 2897 1579 :
2925 1524 3192 1594 siquidem
3230 1521 3282 1575 in
3319 1535 3487 1590 pecu-

1902 1630 2225 1699 liari,quem
2242 1627 2308 1681 de
2327 1626 2431 1679 hoc
2456 1628 2781 1692 argumento
2820 1618 3081 1681 instituit,
3097 1631 3348 1670 sermone
3372 1628 3491 1667 xvu

1906 1724 1959 1777 in
1984 1720 2220 1776 Genesin
2250 1717 2537 1774 litteralcm
2561 1712 3003 1784 explicationem,
3030 1710 3183 1779 quasi
3203 1709 3486 1763 brutarum

1906 1813 2267 1869 animantium
2314 1810 2625 1878 tergoribus
2663 1805 2836 1861 induti
2878 1804 3082 1858 iuerint
3115 1802 3483 1871 protoplasta’,

1906 1916 2057 1961 tanto
2107 1915 2301 1961 conatu
2349 1902 2507 1965 ridet,
2549 1910 2608 1955 ut
2641 1901 2801 1956 istam
2839 1898 3156 1955 socordium
3192 1894 3483 1949 hominum

1905 1996 2414 2052 commentationem
2447 2003 2500 2048 et
2531 1993 2685 2049 chori
2720 1993 2923 2047 indocti
2959 1990 3196 2045 fabulam
3234 1987 3484 2057 appellet.

1906 2089 2047 2145 llinc
2085 2091 2137 2143 in
2173 2089 2334 2144 aliam
2376 2087 2683 2157 prolabitur
2734 2084 3084 2147 sententiam,
3123 2082 3330 2137 scilicet
3361 2088 3489 2134 ante

1907 2183 2397 2255 transgressionem
2431 2180 2689 2236 subtilius
2715 2179 2884 2234 fuisse
2915 2193 2978 2232 ac
3013 2175 3351 2247 splendidius
3385 2174 3488 2227 ho-

1907 2276 2075 2331 minis
2109 2291 2333 2344 corpus,
2384 2273 2529 2327 nulla
2566 2270 2824 2326 crassiori
2859 2270 3003 2323 mole
3047 2267 3342 2330 tardatum,
3390 2264 3487 2319 sed

1907 2371 2115 2442 speculi
2167 2371 2344 2424 instar
2391 2366 2859 2437 speciosissimum
2913 2363 3288 2431 lucidumque,
3336 2358 3487 2413 nulla

1908 2468 2158 2522 videlicet
2188 2474 2281 2518 aut
2322 2464 2440 2517 labe
2469 2462 2811 2516 extrinsecus
2848 2473 3157 2529 aspersum,
3193 2463 3288 2509 aut
3316 2462 3488 2506 mate-

1910 2560 1989 2612 ria
2038 2558 2349 2610 hehetatnm
2400 2552 2555 2621 (56);
2602 2561 2728 2621 post
2773 2553 2986 2619 lapsum
3045 2563 3176 2601 vero
3229 2543 3488 2599 crassiori

1909 2664 2140 2718 cei-pore
2171 2662 2367 2702 cat-nco
2401 2661 2523 2697 cum
2560 2642 2729 2697 luisse
2761 2640 3183 2703 circumdatum,
3218 2636 3364 2706 quod
3395 2650 3491 2704 per

1912 2743 2151 2797 tunicam
2209 2740 2354 2793 illam
2399 2739 2677 2808 pelliceam
2717 2734 2942 2804 intelligi
2996 2732 3292 2792 existimat,
3330 2740 3493 2799 atque

1911 2846 2289 2903 argumentum
2344 2830 2619 2900 opinionis
2668 2841 2781 2883 sua:
2812 2826 3159 2896 potissimum
3208 2839 3277 2877 ex
3310 2821 3494 2877 verbis

1910 2924 2031 2980 Jobi
2067 2940 2185 2993 cap.
2226 2939 2291 2983 χ,
2336 2923 2421 2987 Η,
2452 2920 2724 2987 desumit,
2762 2918 2855 2973 ubi
2905 2918 2952 2972 is
2992 2914 3286 2972 creationis
3326 2928 3490 2981 argu-

1915 3026 2158 3071 mentum
2188 3030 2450 3069 enarratis
2475 3012 2787 3066 Creatorem
2824 3009 2899 3064 ita
2928 3008 3224 3077 alloquitur
3251 3024 3265 3060 :
3290 3002 3495 3058 Pellem

224 3124 551 3192 cpiscopus,
591 3124 645 3178 in
672 3122 979 3193 fragmento
1014 3124 1276 3178 hactenus
1315 3123 1539 3181 inedilo.
1572 3123 1716 3192 quod
1744 3141 1808 3177 ex

1918 3119 1962 3165 et
1997 3125 2207 3163 carnem
2245 3108 2469 3160 induisti
2503 3122 2617 3170 me,
2658 3118 2851 3172 nempe
2900 3100 3058 3166 illud,
3093 3114 3204 3169 quo
3255 3098 3492 3153 circum"

226 3214 450 3270 duobus
479 3231 615 3271 mss.
659 3216 939 3270 codicibus
976 3214 1161 3285 Regiis
1204 3213 1609 3270 Parisiensibus
1670 3216 1810 3271 1825

225 3317 290 3363 et
318 3306 454 3361 1888
473 3309 869 3377 excerpsimus,
892 3308 1031 3362 hanc
1058 3309 1524 3377 interpretationis
1544 3310 1810 3363 rationem

220 3400 508 3468 eleganter
552 3400 807 3469 subjicit:
846 3399 1065 3472 Νεκρὰν
1114 3399 1223 3471 γὰρ
1268 3399 1477 3471 σκέπην
1521 3401 1692 3453 ἐποίει
1735 3399 1813 3472 τῷ

222 3491 557 3562 νεκρωθέντι
600 3492 687 3546 διὰ
727 3493 825 3563 τὴν
858 3492 1159 3563 ἁμαρτίαν·
1190 3492 1267 3563 τῷ
1297 3492 1405 3564 γὰρ
1430 3493 1598 3565 νεκρὰ
1626 3495 1811 3565 ἁμαρ-

221 3589 450 3659 τήματα
491 3587 666 3658 ἔχοντι
717 3587 845 3658 περὶ
880 3587 942 3639 τὸ
1000 3586 1162 3656 σῶμα
1215 3586 1419 3657 φθορὰν
1462 3588 1728 3659 ἐσήμαινε
1753 3587 1814 3641 τὸ

221 3680 427 3751 δέρμα.
470 3680 527 3733 ld
559 3690 675 3735 est:
705 3679 977 3739 Mortuum
1008 3681 1146 3733 enim
1179 3690 1531 3749 tegumentum
1574 3682 1697 3751 fecit
1720 3682 1815 3734 ho-

226 3773 369 3826 mini
402 3789 493 3841 per
516 3783 787 3841 peccatum
821 3785 1052 3835 mortuo,
1084 3790 1201 3826 cum
1232 3773 1383 3840 pellis
1436 3774 1815 3843 signiﬁcaverit

226 3866 624 3933 corruptionem
648 3864 823 3934 quoad
847 3881 1035 3934 corpus
1076 3866 1130 3918 in
1159 3866 1366 3918 homine
1398 3868 1628 3935 peccatis
1671 3883 1814 3920 mor-

229 3956 345 4011 tuis
380 3957 725 4011 circumdato.
755 3955 835 4010 Ex
878 3957 1126 4013 adductis
1168 3958 1319 4013 hisce
1349 3960 1678 4015 testimoniis
1697 3960 1812 4030 jam

226 4060 353 4105 tum
389 4050 579 4119 liquet,
614 4048 917 4120 Magnetem
956 4059 1206 4105 nostrum
1235 4066 1343 4105 non
1373 4050 1544 4106 fuisse
1575 4052 1813 4120 primum

231 4144 405 4211 hujus
444 4142 911 4213 interpretationis
955 4143 1260 4213 allegoricae
1290 4144 1407 4199 sive
1446 4145 1688 4216 mysticae
1718 4160 1815 4201 au-

226 4246 442 4291 ctorem
467 4235 578 4303 (‘55)
603 4250 618 4299 ;
641 4250 762 4305 qua:
778 4234 959 4305 quoad
988 4234 1161 4304 ipsam
1181 4236 1257 4291 rei
1282 4236 1518 4291 indolem
1547 4250 1648 4291 suo
1675 4251 1808 4292 sane

228 4343 349 4383 non
380 4327 696 4382 destituitur
725 4326 1107 4394 fundamento,
1133 4336 1194 4383 ut
1224 4329 1433 4385 scilicet
1480 4328 1707 4383 vestitus
1747 4344 1815 4384 ex

231 4427 583 4475 mortuorum
631 4419 993 4474 animantium
1034 4421 1264 4490 pellibus
1299 4420 1579 4477 confectus
1603 4421 1815 4490 primos

230 4511 491 4567 homines
518 4512 585 4567 de
608 4519 761 4566 reatu
789 4511 982 4567 mortis
1003 4512 1515 4578 commonefaceret,
1550 4523 1605 4569 et
1633 4520 1693 4568 ut
1720 4513 1818 4567 ad-

229 4610 616 4667 monerentur,
660 4604 785 4658 loco
843 4602 1061 4659 amissa:
1091 4602 1260 4657 vestis
1308 4611 1611 4658 concreata:
1660 4604 1822 4659 inno-

230 4694 451 4761 centim,
493 4703 696 4749 vestem
720 4694 948 4764 justitiae
976 4709 1007 4755 a
1036 4709 1213 4761 manu,
1233 4693 1327 4748 Dei
1349 4693 1646 4765 parandam
1675 4710 1816 4759 esse,

236 4946 258 5002 ι
312 4874 427 4997 (ἓό)
462 4872 524 4927 Ρ.
595 4871 722 4937 216,
766 4881 898 4927 tom.
937 4870 978 4925 ll
1009 4872 1265 4927 editionis
1314 4871 1624 4926 novissima:
1657 4871 1719 4925 D.
1753 4871 1821 4927 de

263 4963 296 5001 a
384 4962 466 4998 ne.

263 4963 296 5001 8
331 4962 466 4998 nne.

315 5015 427 5084 (54)
462 5015 600 5069 Cum
642 5015 842 5083 quibus
867 5014 1029 5069 etiam
1061 5010 1299 5067 conferri
1328 5024 1558 5084 possunt
1581 5029 1666 5076 ea,
1698 5028 1821 5084 quae

238 5082 506 5153 Origenes
540 5086 632 5138 lib.
662 5082 719 5138 iv
746 5086 947 5139 Contra
979 5084 1190 5138 Celsum
1233 5083 1486 5150 scripsit,
1530 5098 1681 5137 num.
1727 5082 1818 5149 40,

236 5174 295 5228 p.
337 5156 622 5228 555,1.om.
647 5158 669 5208 Ι
695 5156 825 5210 edit.
855 5157 947 5228 cit.

313 5227 432 5294 (55)
480 5225 733 5280 Diversas
789 5226 1158 5295 antiquiorum
1229 5223 1475 5295 Patrum__
1519 5225 1820 5295 sententias

239 5300 391 5353 circa
414 5291 569 5354 hunc
610 5297 810 5362 locum,
841 5291 1076 5367 quorum
1105 5295 1195 5348 alii
1228 5308 1323 5367 per
1351 5291 1583 5367 χιτῷνας
1615 5294 1820 5367 δερμα-

238 5370 425 5430 τίνους
478 5367 785 5435 intelligunt
828 5364 1047 5421 carnem
1099 5366 1409 5435 mortalem,
1436 5364 1529 5416 alii
1558 5366 1817 5418 arborum

242 5439 505 5500 cortices,
545 5438 635 5490 alii
655 5433 1059 5491 mortalitatem
1096 5438 1291 5506 ipsam,
1326 5433 1414 5486 alii
1447 5449 1574 5489 vero
1606 5438 1823 5506 tunicas

241 5509 505 5578 pelliceas
547 5508 705 5578 juxta
753 5508 987 5562 litteram
1042 5505 1495 5578 interpretantur,
1549 5505 1823 5578 congessit

246 5575 511 5633 Suirerus
551 5575 612 5632 in
655 5578 924 5632 Thesauro
965 5577 1148 5631 eccles.
1201 5577 1303 5630 sub
1343 5588 1473 5627 voce
1519 5575 1717 5642 χιτών,
1765 5590 1818 5642 p.

246 5649 391 5703 1518
416 5664 570 5717 seqq.
619 5648 779 5704 Conf.
814 5650 976 5703 etiam
1028 5646 1204 5703 lluetii
1242 5644 1584 5714 Origeninna,
1629 5646 1721 5698 lib.
1760 5661 1817 5709 ιι,

246 5729 442 5791 quiest.
476 5721 560 5791 l2,
599 5719 627 5791 §
656 5722 710 5781 8,
748 5735 801 5788 p.
827 5736 902 5772 ιιι.
929 5718 1049 5772 168.

322 5790 431 5862 (liti)
488 5787 659 5855 Quam
710 5787 1029 5845 sententiam
1068 5794 1201 5845 inter
1240 5789 1570 5844 recentiores
1624 5787 1816 5841 iterum

1912 3202 2133 3262 damur,
2164 3213 2424 3254 corneum
2456 3211 2658 3264 corpus
2691 3192 3008 3263 indigitans.
3040 3189 3341 3244 lnoleverat
3368 3186 3491 3255 qui-

1912 3294 2033 3348 dem
2070 3292 2180 3360 jam
2217 3290 2358 3344 inter
2377 3286 2793 3356 antiquissimos
2827 3283 3114 3339 haereticos
3136 3283 3239 3336 ista
3274 3278 3492 3346 exposi-

1913 3386 2010 3448 tio,
2039 3398 2202 3451 quam
2234 3381 2291 3435 iu
2318 3380 2816 3435 Valentinianorum
2845 3375 3124 3431 erroribus
3151 3367 3495 3441 reprehendit

1912 3476 2148 3530 lrenteus
2179 3472 2323 3542 (57),
2356 3469 2726 3525 'fertullianus
2768 3467 2912 3539 (58),
2964 3466 3219 3522 Clemens
3257 3462 3495 3515 Alexan-

1914 3565 2107 3621 drinus
2140 3564 2274 3634 (‘59),
2318 3562 2518 3631 aliique
2568 3562 2638 3616 ab
2670 3560 2865 3615 lluetio
2912 3559 2966 3612 in
2998 3554 3358 3626 Origenianis,
3382 3553 3491 3606 loc.

1914 3657 2008 3712 cil.
2034 3661 2088 3711 et
2107 3652 2154 3707 Ι.
2175 3651 2633 3711 Rod.Wetstenio
2652 3657 2705 3708 in
2734 3654 2879 3706 notis
2914 3651 2977 3704 ad
3010 3648 3262 3715 Origenis
3311 3643 3497 3697 Dialo-

1916 3766 2039 3819 gum
2083 3758 2264 3801 contra
2299 3746 2671 3806 Marcionitas,
2718 3759 2771 3813 p.
2796 3743 2866 3797 88
2897 3738 3324 3811 seqq.,excitati.
3358 3735 3494 3802 Qui-

1914 3840 2020 3894 bus
2066 3854 2211 3893 nunc
2240 3837 2430 3892 saltem
2472 3835 2746 3898 addimus,
2785 3831 3110 3900 Procopium
3140 3826 3393 3882 Gazzeum
3439 3824 3495 3877 in

1914 3945 2116 3986 comm.
2158 3929 2224 3983 ad
2257 3943 2376 3998 cap.
2405 3943 2465 3982 ιιι
2490 3926 2786 3988 Geneseos,
2817 3923 2979 3979 etiam
3007 3920 3207 3977 Justini
3241 3918 3497 3988 martyris

1915 4022 2217 4078 orationem
2264 4019 2340 4073 De
2387 4022 2763 4072 resurrectione
2803 4016 2946 4069 inter
2993 4014 3097 4068 ista
3125 4012 3228 4066 SS.
3270 4010 3495 4064 Patrum

1914 4118 2269 4169 monumenta
2318 4107 2541 4175 referre,
2595 4107 2795 4178 quibus
2841 4106 3063 4160 inventa
3115 4102 3185 4156 ab
3226 4098 3499 4155 haereticis

1916 4205 2185 4275 expositio
2225 4202 2584 4274 pellicearum
2634 4198 2828 4254 Adami
2876 4196 3190 4251 tunicarum
3235 4193 3298 4247 de
3340 4207 3499 4245 carne

1920 4298 2139 4353 humani
2170 4295 2405 4366 corporis
2430 4292 2676 4362 rejicitur
2706 4289 2842 4361 (40).
2884 4285 3341 4357 Quandoquidem
3366 4299 3500 4339 vero

1921 4387 2155 4443 haeretici
2194 4390 2249 4440 in
2281 4400 2347 4439 eo
2384 4398 2572 4438 errore
2604 4380 2989 4446 versabantur,
3022 4377 3193 4432 Deum
3247 4375 3501 4431 faciendo

1849 4475 1894 4530 D
1924 4480 2241 4537 hominibus
2278 4477 2496 4533 tunicas
2524 4474 2780 4547 pelliceas
2810 4473 3100 4529 vestivisse
3140 4485 3235 4526 eos
3262 4469 3502 4539 primum

1925 4573 2269 4644 corporibus,
2303 4570 2461 4641 quasi
2492 4579 2619 4625 ante
2646 4568 2857 4638 lapsum
2881 4565 3125 4622 Adamus
3152 4571 3207 4618 et
3228 4562 3335 4616 Eva
3366 4560 3505 4617 luis-

1922 4675 2047 4722 sent
2088 4663 2433 4735 incorporei;
2473 4676 2583 4716 non
2615 4660 2814 4716 desunt
2857 4668 3037 4713 tamen
3069 4656 3259 4710 Patres
3298 4654 3503 4709 rectius

1922 4864 2247 4920 incrustavit
2269 4874 2575 4930 anonymus
2602 4855 2825 4927 quidam
2845 4858 2897 4911 in
2915 4850 3348 4930 Observationum
3374 4847 3508 4930 tiat—

1924 4919 2149 4989 lensium
2192 4944 2341 4987 torno
2370 4919 2505 4994 Vill,
2551 4919 2673 4981 obs.
2729 4942 2802 4989 Vl,
2854 4941 2908 4994 p.
2948 4924 3050 4977 157
3083 4938 3261 4994 seqq.;
3319 4920 3411 4994 cui
3452 4919 3503 4974 .l.

1924 5006 2181 5061 Fechtius
2204 4991 2535 5071 peculiarem
2555 4991 2994 5071 dissertationgn
3027 4994 3093 5047 de
3114 4991 3507 5071 gloriosissime

1925 5060 2137 5131 lucente
2164 5060 2355 5127 Adami
2384 5083 2610 5138 corpore
2637 5065 2893 5136 opposuit
2922 5061 3203 5138 Rostochii
3236 5060 3395 5115 1706.

1996 5146 2108 5218 (57)
2158 5144 2326 5218 ίιιίιιζι
2356 5131 2621 5218 Adversus
2669 5131 2923 5201 hiereses,
2974 5151 3096 5203 cap.
3128 5134 3181 5200 1,
3234 5147 3389 5187 num.
3415 5131 3508 5198 10,

1924 5233 1976 5287 p.
2007 5213 2244 5287 ‘28‘edit.
2261 5213 2467 5268 Grabii.

2000 5286 2112 5358 (58)
2166 5285 2424 5358 Adversus
2486 5279 2901 5358 Valentinianps,
2952 5291 3071 5346 cap.
3102 5273 3195 5339 ‘24,
3239 5282 3295 5329 et
3344 5272 3440 5326 lib.
3472 5286 3510 5335 γι

1925 5350 2404 5413 Πείἐέιιιϊεειὶοιιε
2434 5354 2635 5417 carnis,
2665 5350 2859 5419 cap.7.

1999 5430 2111 5497 (59)
2162 5425 2362 5480 Strom.
2416 5424 2510 5477 lib.
2539 5414 2629 5497 ιιι,
2669 5414 2858 5497 ρξὸιίς)
2904 5416 3161 5497 editionis
3208 5414 3507 5497 Splburgii,

1926 5488 2017 5553 tibi
2049 5488 2298 5552 eumdem
2333 5510 2573 5549 errorem
2609 5488 2954 5545 ili—Cassiano
2986 5488 3220 5557 quodam
3249 5488 3504 5550 damnat;

1926 5552 2026 5624 nec
2056 5569 2238 5621 minus
2264 5566 2317 5619 in
2342 5564 2617 5632 Excerptis
2644 5552 3034 5632 Cletnentis_ea:
3060 5558 3347 5632 Theodoto,
3382 5552 3509 5625 pag.

1927 5641 2023 5695 571
2068 5638 2172 5705 (vel
2214 5652 2264 5704 p.
2293 5637 2416 5699 797,
2446 5628 2552 5689 col.
2584 5634 2620 5686 2
2659 5628 3199 5705 editionisPottei-i).

1998 5699 2107 5775 (οἱὸ)
2140 5699 2260 5761 Vid.
2292 5705 2339 5760 J.
2370 5706 2429 5759 E.
2459 5705 2641 5760 Grabii
2692 5701 3031 5772 Spicilegium
3062 5700 3289 5755 Patrum
3317 5706 3365 5752 et
3399 5699 3508 5763 Ita;-

1931 5784 2209 5837 icticorum
2239 5778 2419 5832 sa'culi
2453 5793 2512 5839 ιι,
2552 5792 2605 5845 p.
2634 5776 2752 5829 illi.
