3888 6546
248 383 400 438 1405

871 375 927 431 S.
970 372 1390 430 ARCHELAUS
1427 371 1813 428 MESOPOTAI

1937 374 1944 426 :
1982 371 2383 430 EPISCOPUS.
2407 401 2476 414 -
2501 370 2794 428 ΝοτιτιΑ.
2856 355 2860 358 ”

3358 371 3498 430 1406

243 496 564 556 econtrario
609 497 1028 567 propensionem
1079 496 1146 550 ad
1196 495 1335 550 mala
1374 495 1537 550 veluti
1587 494 1813 548 tunicam

1937 496 2022 548 καὶ
2062 497 2162 568 τὴν
2207 497 2436 566 ὓπαρξιν
2478 499 2540 550 ἐκ
2575 498 2823 568 ρυπαρᾶς
2859 495 2966 549 τῶν
3005 495 3220 568 σαρκῶν
3267 493 3498 567 βλάστης

244 588 531 647 carnalem
590 589 953 658 assumpsisse
990 609 1002 642 :
1040 591 1176 642 adeo
1216 597 1275 642 ut
1314 603 1458 642 nunc
1498 588 1826 655 dcploranda

240 685 328 738 sit
357 683 642 737 hominum
675 681 936 745 conditio,
967 682 1058 751 Qui
1085 697 1150 736 ex
1177 681 1457 734 immunda
1489 681 1670 735 carnis
1705 694 1829 747 pro-

244 773 546 845 pagatione
575 773 920 827 existentiam
951 789 1102 827 suam
1136 773 1398 842 ceperint,
1433 772 1664 826 docente
1691 771 1827 826 Jobo

245 885 378 937 cap.
433 883 544 933 x1v,
576 867 632 933 4,
671 876 726 921 et
767 865 966 921 Davide
1014 866 1207 936 psalm.
1254 881 1329 928 LI,
1376 864 1426 919 7.
1475 862 1661 918 Elucet
1715 864 1829 917 hate

245 961 524 1015 sententia
553 960 794 1014 auctoris
820 959 990 1014 nostri
1012 974 1076 1012 ex
1094 958 1496 1028 comparatione
1512 956 1826 1024 angelorum

244 1062 422 1121 atque
471 1053 752 1105 hominum
792 1051 1124 1112 mortalium,
1161 1065 1322 1119 quam
1357 1048 1706 1117 sequentibus
1745 1047 1829 1099 in-

245 1142 433 1196 stituit
475 1143 690 1197 verbis:
730 1143 838 1213 Τὴν
889 1142 1262 1214 μακαριότητα
1300 1139 1468 1205 δεῖξαι
1512 1138 1829 1208 βουλόμενος

241 1235 281 1287 ὁ
309 1235 545 1306 Χριστὸς
586 1234 695 1288 τῶν
725 1235 894 1287 οἰκεῖν
925 1235 1196 1304 λαχόντων
1226 1233 1323 1303 τὴν
1349 1232 1594 1302 οὐράνιον
1616 1228 1826 1301 χώραν,

245 1327 350 1379 καὶ
389 1325 668 1382 ταλανίσαι
701 1327 824 1389 τοὺς
866 1328 922 1380 ὲν
969 1326 1145 1397 φθορᾷ
1178 1324 1278 1394 τῆς
1327 1323 1431 1393 γῆς
1465 1321 1823 1392 βιοτεύοντας,

246 1491 1734 1533 Μ’(

1935 589 2320 660 ἀνειληφότας,
2343 589 2711 658 γεννωμένους
2740 588 2834 640 καὶ
2858 585 3178 656 γεννῶντας,
3215 589 3310 640 καὶ
3343 588 3499 658 δίκην

1937 681 2144 750 φύλλων
2181 681 2370 734 θᾶττον
2396 680 2778 751 ἁπορῤέιοντας,
2809 680 2991 751 φησιν,
3026 697 3081 732 κ.
3106 697 3156 732 τ.
3181 680 3230 733 λ.
3255 679 3496 734 Christus

1935 772 2268 825 indicaturus
2307 771 2681 824 beatitudinem
2710 786 2910 835 eorum,
2940 771 3129 840 quibus
3163 769 3384 824 caelestis
3413 787 3498 823 re-

1936 862 2021 930 gio
2055 859 2346 913 habitanda
2402 860 2622 930 obtigit,
2672 859 3040 930 deploraturus
3083 869 3258 913 autem
3305 870 3498 914 sortem

1935 951 2150 1004 illorum
2181 951 2269 1020 qui
2305 951 2359 1004 in
2392 951 2487 1004 hac
2525 962 2731 1004 terrena
2767 951 3091 1004 mortalitate
3116 951 3313 1014 vivunt,
3345 961 3395 1006 et
3430 952 3495 1003 ab

1933 1043 2208 1095 imnmnda
2245 1059 2521 1110 corporum
2551 1043 2929 1112 germinatione
2971 1041 3322 1094 substantiam
3353 1058 3499 1111 cepe-

1933 1145 2074 1198 runt,
2104 1135 2264 1204 geniti
2293 1135 2688 1204 gignentesque,
2718 1143 2766 1187 et
2800 1135 2970 1187 instar
2995 1133 3244 1203 [oliorum
3274 1135 3377 1186 cito
3413 1134 3500 1186 de-

1936 1225 2178 1292 ﬂuentes,
2216 1225 2327 1279 hare
2365 1226 2503 1278 dixit
2541 1225 2686 1293 (qua:
2713 1224 2920 1279 scilicet
2969 1224 3025 1277 in
3057 1223 3497 1278 antecedentibus

1931 1332 1998 1371 ex
2026 1315 2157 1371 Luc.
2183 1332 2277 1382 xx,
2309 1316 2398 1383 55,
2425 1315 2514 1382 56,
2544 1315 2777 1370 adducta
2805 1315 3001 1386 erant),
3034 1326 3138 1369 etc.

1747 1481 3485 1512 ﬂ

1313 1649 1504 1692 CIRCA
1547 1648 1777 1694 ANNUM~
1813 1646 2045 1690 DOMINI
2083 1645 2427 1690 CCLXXVIII.

858 1827 1070 2040 S.
1309 1824 2893 2040 ARCHELAUS

1330 2154 1940 2217 MESOPOTAMIE
1996 2152 2420 2216 EPI-SCOPUS

663 2465 1262 2582 NOTITIA
1353 2462 3083 2582 HlSTORlCO-LITTERARIA

1041 2679 1332 2749 (GALLAND.,
1359 2687 1590 2737 Veterum
1611 2686 1818 2735 Patrum
1843 2681 2156 2745 Bibliotheca,
2185 2683 2270 2743 III,
2297 2682 2520 2746 Proleg.,
2544 2697 2599 2745 p.
2623 2681 2728 2745 χι..)

241 2979 292 3038 1.
329 2981 605 3038 Dissensus
635 2993 864 3037 veterum
910 2982 974 3037 de
1015 2984 1270 3052 scriptore
1318 2984 1568 3037 Actorum
1615 2984 1804 3047 dispu-
1844 2990 1883 3046 Β
1917 2983 2003 3036 IX.
2046 2982 2211 3046 quue
2236 2997 2446 3035 rursum
2481 2981 2763 3034 astruitur.

319 3055 534 3106 tationis
599 3069 716 3106 cum
765 3053 988 3116 Manete,
1035 3054 1191 3122 facile
1241 3054 1624 3107 conciliandus.
1683 3054 1810 3106 Huic

317 3129 450 3176 Acta
483 3123 709 3192 primum
737 3122 951 3192 Syriace
979 3123 1044 3176 ab
1072 3124 1327 3177 Archelao
1369 3125 1566 3192 scripta
1590 3124 1811 3177 :deinde

320 3193 454 3261 forte
495 3193 558 3245 ab
591 3192 906 3261 llegemonio
934 3192 1343 3250 Chalcedonensi
1364 3195 1604 3262 episcopo
1632 3193 1811 3247 Grarce

320 3263 548 3315 reddita.
583 3262 722 3326 Quid
753 3262 1064 3316 censendum
1097 3263 1158 3316 de
1185 3262 1379 3315 Latina
1405 3265 1675 3317 versione?

239 3331 311 3385 II.
341 3331 561 3386 Latinus
587 3333 836 3398 interpres
877 3331 1062 3387 Graeca
1098 3334 1333 3387 versione
1361 3335 1613 3386 Actorum
1651 3334 1811 3402 fuisse

319 3419 454 3472 usus
473 3403 856 3472 comprobatur.

241 3470 335 3526 Ill.
401 3471 548 3524 Num
590 3470 886 3528 Archelaus
942 3480 1133 3541 praeter
1192 3473 1329 3525 Acta
1389 3471 1811 3540 disputationis,

317 3542 450 3594 alios
468 3542 640 3612 libros
671 3552 854 3612 contra
884 3542 1143 3595 Manetem
1174 3543 1560 3611 perscripserit,
1595 3545 1814 3612 inquiri-

317 3622 421 3665 tur.
457 3611 658 3678 Lapsus
694 3611 999 3680 Epiphauii.

237 3680 333 3736 IV.
382 3681 667 3734 Archelaus
709 3698 812 3734 non
848 3681 1233 3736 Cascharorum
1268 3691 1357 3734 aut
1396 3681 1809 3748 Carcharorum,

399 3752 498 3814 sed,
518 3751 842 3805 Chai-rarum
873 3754 926 3804 in
961 3751 1343 3818 Mesopotamia
1367 3753 1658 3821 episcopus.

241 3816 474 3941 V.MQuo
533 3833 759 3888 tempore
821 3822 999 3875 habita
1047 3816 1338 3889 disputatio
1391 3816 1634 3874 )lrchelai
1697 3839 1814 3875 cum

379 3900 547 3941 anete.

379 3900 547 3943 (111818.

241 3957 336 4030 Vl.
369 3959 608 4030 secundo
639 3977 776 4012 anno
803 3959 966 4013 Probi
987 3962 1111 4030 imp.
1133 3961 1296 4029 juxta
1329 3961 1631 4015 Eusebium.

247 4028 358 4081 VII.
413 4029 599 4082 Verum
659 4031 714 4084 id
770 4031 1024 4085 accidisse
1060 4028 1321 4085 currente
1368 4049 1506 4085 anno
1555 4031 1661 4086 277
1713 4042 1826 4085 sta-

320 4099 506 4153 tuitur.

240 4165 384 4220 VIII.
431 4171 682 4222 Actorum
741 4169 1120 4238 disputationis
1173 4171 1465 4240 antiquitas
1521 4180 1676 4240 atque
1732 4171 1811 4222 in-

316 4240 532 4308 tegritas
575 4240 988 4294 demonstratur.

1919 3053 1986 3106 Χ.
2039 3053 2355 3106 Earumdem
2399 3055 2650 3105 Actorum
2705 3054 2896 3106 ueritas
2949 3053 3115 3122 magis
3155 3053 3330 3107 auitae
3370 3071 3493 3108 con-

1992 3125 2229 3191 ﬁrmata.

1918 3192 2009 3247 ΧΙ.
2044 3193 2126 3246 Αη
2159 3193 2226 3244 ad
2255 3209 2346 3244 nos
2382 3192 2584 3258 integra
2611 3193 2934 3258 pervenerint
2968 3191 3226 3259 ejusmodi
3255 3193 3410 3247 Acta.

1921 3262 2033 3314 XII.
2069 3262 2267 3326 Quibus
2296 3277 2358 3315 ex
2388 3261 2652 3314 codicibus
2690 3261 2972 3330 descripta.

1923 3330 2062 3386 XIII.
2109 3331 2359 3400 Magnum
2401 3346 2466 3384 ex
2509 3332 2648 3383 hisce
2693 3332 2840 3386 Actis
2880 3332 3086 3386 accedit
3122 3331 3399 3385 catholica:
3428 3332 3494 3399 ﬁ-

1991 3403 2076 3456 dei
2124 3403 2434 3471 pra’sidium
2462 3410 2618 3470 atque
2651 3413 3038 3455 ornamentum.
3075 3402 3214 3455 Hinc
3247 3404 3371 3454 item
3403 3418 3490 3456 re-

1993 3489 2108 3524 rum
2140 3473 2480 3541 antiquarum
2506 3470 2758 3524 studiosis
2801 3471 3003 3542 aliquid
3031 3471 3366 3526 emolumenti
3408 3489 3494 3525 ac-

1990 3542 2259 3594 ccrsitum.

1920 3610 2060 3665 XIV.
2129 3610 2396 3664 Hactenus
2451 3610 2735 3664 observatis
2797 3609 2997 3665 addin
3055 3609 3324 3663 nonnullis
3372 3609 3494 3661 ani-

1992 3681 2377 3735 madversiones
2435 3682 2498 3734 de
2540 3682 2658 3734 sede
2699 3680 2944 3735 Archelai
2980 3680 3286 3748 episcopali,
3328 3678 3492 3747 deque

1990 3752 2243 3804 Actorum
2277 3751 2652 3820 disputationis
2701 3752 2765 3804 ab
2808 3767 2866 3804 eo
2902 3751 3098 3805 habita:
3140 3767 3259 3804 cum
3284 3748 3493 3802 Manete

1992 3822 2314 3890 integritate.

1921 3888 2040 3944 XV.
2095 3887 2555 3961 Anfragmentum
2605 3889 2740 3943 illud
2773 3889 3053 3954 Actorum,
3093 3888 3232 3959 quod
3282 3904 3347 3943 ea:
3387 3887 3494 3961 Cy-

1992 3961 2104 4014 rilli
2143 3960 2617 4028 Hierusolymitani
2645 3961 2904 4013 catechesi
2932 3976 2982 4013 vn
3013 3961 3352 4028 descriptum,
3395 3960 3491 4010 iis-

2000 4032 2116 4083 dem
2142 4031 2290 4083 Actis
2321 4029 2624 4099 subjicitur,
2648 4031 2908 4098 integrum
2940 4029 3198 4083 Archelao
3237 4031 3304 4082 sit
3332 4029 3490 4081 attri-

1996 4099 2277 4154 buendum.
2322 4099 2506 4153 Pauca
2545 4101 2759 4152 insuper
2801 4100 2864 4152 de
2892 4110 3072 4152 nostra
3096 4101 3284 4152 horum
3330 4099 3490 4150 Acto-

2000 4185 2118 4222 rum
2142 4170 2389 4224 editione.

237 4333 350 4395 Ea:
413 4336 476 4397 γ.
515 4334 585 4397 C.
616 4335 946 4396 Laurentii
992 4336 1296 4414 Zacagnii
1333 4338 1711 4417 pra’fatione
1759 4334 1840 4394 ad
1870 4332 2261 4394 Collectanea
2307 4345 2846 4395 monumentorum
2896 4333 3191 4400 Ecclesia:
3223 4334 3481 4410 Graecae,

1681 4434 1743 4492 ρ.
1814 4432 1883 4474 Ill
1916 4431 2075 4491 seqq.

312 4533 353 4589 Ι.
384 4535 566 4591 Editio
602 4536 858 4591 Actorum
903 4536 1047 4592 hince
1079 4537 1463 4609 disputationis
1495 4540 1563 4594 ab
1593 4539 1801 4593 Arehc-
1828 4545 1871 4602 ε
1905 4554 2027 4608 pus,
2067 4537 2118 4591 in
2146 4537 2301 4592 libris
2330 4545 2668 4606 quoscontra
2684 4536 3008 4592 Manichaeos
3024 4530 3486 4604 conscripsit,Hc-

239 4627 331 4682 lao
355 4624 758 4696 Mesopotamiae
781 4625 1038 4695 episcopo
1065 4642 1188 4681 cum
1217 4625 1427 4684 Manete
1456 4629 1679 4685 nefariae
1701 4630 1802 4684 ἱκε-

239 4733 427 4774 rescos
460 4727 700 4781 auctore,
752 4719 894 4786 apud
945 4716 1143 4774 Carras
1195 4720 1454 4789 primum,
1512 4721 1710 4776 deinde
1754 4722 1807 4775 in

241 4810 550 4867 Diodoridis
583 4811 702 4866 vico
735 4810 952 4876 habita,
997 4819 1107 4864 tum
1153 4812 1224 4864 ob
1260 4812 1502 4866 materiae
1536 4823 1806 4882 praestan-

241 4903 396 4968 tiam,
425 4911 540 4955 tum
570 4901 641 4956 ob
673 4902 750 4955 rei
780 4909 946 4971 gesta:
968 4901 1370 4969 antiquitatem,
1406 4903 1807 4972 acceptissima,

241 5001 303 5047 ut
330 4993 584 5058 arbitror,
615 4993 722 5047 illis
747 4992 872 5055 crit,
907 4992 1000 5061 qui
1039 5008 1320 5048 sacrarum
1351 4994 1659 5049 litterarum
1692 5005 1812 5049 stu—

238 5087 332 5143 dio
358 5095 626 5140 tenentur.
659 5084 892 5151 Quinam
930 5085 1062 5138 Acta
1104 5085 1208 5138 ista
1243 5073 1462 5156 scriptis
1513 5088 1811 5156 consigna-

238 5177 397 5243 verit,
429 5177 570 5232 inter
597 5174 979 5245 Epiphanium,
1017 5173 1410 5246 Hieronymum
1443 5185 1498 5231 et
1533 5175 1814 5231 Heraclia--

242 5285 373 5324 num
419 5267 915 5322 Chalcedonenscm
977 5267 1294 5336 episcopum
1358 5283 1468 5321 non
1527 5269 1804 5323 convenit.

243 5359 474 5413 Sanctus
506 5356 648 5411 cnim
679 5353 1014 5424 Epiphanius
1061 5357 1136 5426 (a)
1188 5364 1243 5410 et
1282 5367 1506 5412 sanctus
1549 5357 1812 5429 Ilierony-

240 5444 470 5515 mus.(b)
499 5443 823 5499 Archelaum
861 5444 1056 5513 ipsum,
1098 5461 1220 5514 qua:
1245 5460 1429 5500 coram
1459 5447 1682 5502 delectis
1723 5449 1814 5518 ju-

240 5538 454 5593 dicibus
498 5537 758 5592 adversus
788 5534 1054 5590 Manetem
1091 5538 1369 5602 disseruit,
1405 5541 1609 5610 scripto
1644 5542 1810 5596 tradi-

244 5632 389 5685 disse
400 5635 611 5698 putant.
630 5625 982 5682 Ileraclianus
999 5643 1126 5683 vero
1139 5628 1595 5687 Chalcedonensis
1608 5633 1812 5703 episco-

315 5781 391 5846 (n)
427 5779 571 5834 lla’r.
600 5795 745 5840 LXVI,
774 5793 926 5847 capp.
957 5779 1046 5845 Ἦ,
1079 5780 1148 5836 23
1180 5791 1230 5836 cl
1264 5783 1350 5836 5:3.

317 5851 390 5920 ψ)
424 5849 495 5904 De
531 5851 624 5904 rir.
666 5849 773 5916 ill.,,
799 5865 849 5904 ς.
884 5849 966 5902 72.

1913 4629 2220 4699 gemonium
2264 4628 2556 4698 quemdam
2620 4628 2833 4682 illorum
2859 4637 3138 4682 auctorem
3167 4626 3335 4680 fuisse
3359 4638 3487 4677 cen-

1913 4722 2042 4775 suit.
2085 4719 2363 4789 Siquidem
2403 4719 2717 4790 Photius(c)
2745 4720 2935 4774 horum
2970 4718 3274 4772 I‘Ieracliani
3319 4717 3486 4771 libro-

1914 4828 2035 4866 rum
2063 4821 2317 4880 excerpta
2343 4811 2606 4874 referens,
2625 4811 2873 4865 eumdem
2899 4809 3278 4864 Heraclianum
3317 4809 3395 4863 ait
3429 4810 3484 4862 in

1912 4903 2256 4957 confutandis
2303 4901 2725 4972 Manichaeorum
2772 4903 3074 4964 erroribus,
3107 4917 3266 4955 nsmn
3311 4901 3482 4957 fuisse

1915 4993 2066 5049 Actis
2122 4995 2509 5062 disputationis
2567 4993 2819 5048 Archelai
2887 4995 3123 5064 episcopi
3189 5008 3312 5047 cum
3372 4992 3483 5046 Ma—

1913 5093 2058 5148 nete,
2090 5085 2159 5138 ab
2194 5084 2525 5153 Ilcgemonio
2554 5084 2896 5153 conscriptis.
2936 5084 3000 5138 Et
3029 5082 3332 5139 Ileracliani
3364 5081 3480 5154 qui-

1913 5179 2032 5231 dem
2068 5177 2388 5231 sententiam
2426 5177 2753 5231 conﬁrmare
2780 5178 3034 5231 videntur
3065 5178 3196 5231 Acta
3226 5177 3344 5246 ipsa
3359 5175 3483 5232 'dis-

1913 5269 2236 5336 putationis,
2282 5269 2377 5322 nbi
2430 5268 2547 5322 haec
2596 5267 2825 5338 legimus
2883 5268 3012 5339 (tl):
3064 5267 3324 5332 Quoniam
3365 5283 3482 5320 vero

1911 5359 2111 5428 placuit
2163 5359 2420 5414 Marcet-lo
2485 5361 2898 5429 disputationem
2954 5362 3090 5414 hanc
3127 5363 3296 5429 excipi
3327 5371 3483 5429 atque

1912 5450 2168 5516 describi,
2231 5451 2592 5507 contradicere
2639 5469 2741 5507 non
2790 5454 2978 5521 potui,
3020 5453 3245 5520 conﬁsus
3293 5453 3356 5505 de
3393 5454 3481 5505 be-

1913 5540 2170 5609 ni'gnitate
2221 5541 2524 5611 legentium,
2580 5544 2719 5612 quod
2761 5545 2966 5596 veniam
3016 5545 3214 5598 dabunt
3258 5545 3305 5597 si
3355 5548 3481 5615 quid

1912 5629 2212 5697 imperitum
2255 5640 2347 5684 aut
2393 5632 2650 5684 rusticum
2703 5632 2912 5686 sonabit
2943 5633 3151 5697 oratio;
3206 5633 3302 5687 hoc
3343 5635 3481 5688 enim

1987 5783 2058 5851 (τ)
2086 5783 2250 5847 Bibl.,
2281 5785 2397 5836 cod.
2432 5801 2629 5838 Lxxxv.

1985 5856 2060 5925 (tl)
2097 5855 2212 5909 Act.
2250 5856 2412 5925 disp,
2450 5871 2496 5910 c.
2529 5856 2629 5926 39.,
