3888 6532
432 350 569 405 1605

1267 347 1618 406 MACARlUS
1658 349 1952 405 MAGNES.
1993 348 2271 404 ΝΟΤΙΤΙΑ
2307 348 2393 403 ΕΤ
2433 345 2872 404 FRAGMENTA.

3546 346 3687 400 “05

431 469 747 533 sentientes,
775 466 866 536 qui
908 467 1189 538 mystica-in
1229 469 1374 522 illam
1411 470 1756 539 pellicearum
1787 469 1997 523 tunica-

2107 469 2293 522 στάσει
2341 469 2408 522 τὰ
2440 469 2665 539 σώματα
2695 467 2799 521 τῶν
2845 467 3160 538 ἀνθρώπων.
3219 466 3274 519 Id
3317 477 3443 520 est:
3477 463 3684 518 Habuit

430 573 552 612 rum
582 557 994 626 expositionem,
1019 573 1182 612 sensu
1217 558 1341 612 licet
1366 560 1434 612 ab
1462 559 1730 614 hatreticis
1763 559 1998 613 maxime

431 649 668 711 diverso,
719 648 1120 717 quodammodo
1171 652 1540 720 approbarunt
1582 667 1596 703 :
1641 652 1846 706 scilicet
1897 653 1998 707 sub

431 741 688 795 historica
721 742 1036 796 narratione
1068 742 1261 796 littera:
1290 743 1454 797 etiam
1498 745 1630 798 illud
1676 744 1998 813 signiﬁcari,

427 832 634 900 primos
670 832 919 887 homines
944 841 1066 902 post
1096 845 1375 904 peccatum
1413 850 1640 904 corpore
1684 835 1899 889 mortali
1936 851 2000 890 ac

427 920 606 990 fragili
653 921 820 976 fuisse
862 921 1102 985 indutos,
1141 923 1508 991 voluptatibus
1553 926 1731 980 carnis
1769 925 1997 992 deditos,

423 1020 481 1066 et
511 1012 814 1066 innumeris
842 1012 998 1066 malis
1032 1021 1194 1080 atque
1227 1014 1465 1068 miseriis
1497 1015 1761 1069 obnoxios
1823 1017 2002 1070 reddi—

428 1113 534 1158 tos.
573 1105 848 1170 Quorsum
907 1113 1151 1174 spectant
1186 1107 1344 1159 verba
1393 1106 1633 1175 Gregorii
1669 1106 1998 1161 Nazianzeni

425 1199 675 1251 oratione
715 1211 922 1252 xxxvm
964 1199 1015 1250 in
1048 1196 1392 1252 Nativitatem
1420 1199 1619 1253 Christi
1660 1215 1673 1249 :
1720 1200 1828 1252 Kal.
1872 1199 1999 1261 τοὺς

423 1290 778 1360 δερματίνους
821 1289 1178 1359 ἀμφιέννυται
1227 1290 1480 1359 χιτῶνας,
1530 1291 1657 1353 ἴσως
1696 1290 1792 1360 τὴν
1824 1305 1998 1358 naxo-

423 1383 587 1453 τέραν
653 1383 833 1454 σάρκα
905 1383 998 1435 καὶ
1059 1381 1295 1453 Θνητὴν,
1360 1383 1453 1434 καί⁸
1520 1383 1835 1444 ἀντίτυπον,
1905 1383 2000 1435 καὶ

423 1469 579 1522 τοῦτο
611 1471 822 1540 πρῶτον
842 1471 1097 1538 γινώσκει
1133 1471 1228 1541 τὴν
1261 1471 1395 1524 ἰδίαν
1427 1471 1710 1542 αἰσχύνην,
1752 1473 1844 1526 καὶ
1893 1472 1998 1526 ἀπὸ

421 1559 558 1612 Θεοῦ
589 1561 906 1631 κρύπτεται.
936 1563 1220 1632 Κερδαίνει
1259 1563 1358 1634 μέν
1389 1581 1439 1617 τι
1471 1565 1747 1618 κάνταῦθα
1777 1565 1864 1616 τὸν
1898 1564 1995 1616 θά-

423 1667 601 1715 νατον,
631 1652 804 1704 καὶτὸ
826 1652 1148 1722 διακοπῆναι
1170 1653 1267 1723 τὴν
1301 1655 1595 1726 ἁμαρτίαν,
1629 1656 1713 1709 ἵνα
1747 1655 1820 1726 μὴ
1866 1655 1998 1708 ἀθά-

423 1761 584 1796 νατον
701 1746 761 1797 τὸ
782 1746 970 1799 κακόν.
1001 1747 1109 1800 Καὶ
1149 1746 1352 1814 γίνεται
1380 1748 1750 1818 φιλανθρωπία
1777 1750 1997 1818 ἠτιμω-

425 1835 535 1905 ρία.
578 1835 631 1888 ld
666 1846 744 1890 est
787 1855 798 1889 :
848 1837 912 1890 Et
951 1837 1193 1905 pelliceas
1234 1840 1440 1891 tunicas
1492 1840 1696 1902 induit,
1749 1839 1846 1894 hoc
1893 1851 1991 1906 est,
2026 1822 2068 1875 Β

426 1928 654 1996 fortasse
689 1929 1000 1981 crassiorem
1049 1945 1280 1993 carnem,
1325 1939 1374 1983 et
1418 1930 1692 1984 mortalem
1727 1948 1789 1984 ac
1819 1933 1994 2001 refra-

419 2021 646 2072 ctariam
669 2035 687 2072 :
711 2021 979 2090 primoque
1012 2023 1258 2090 probrum
1292 2037 1447 2075 suum
1485 2032 1534 2074 et
1558 2022 1777 2075 dedecus
1809 2039 1996 2092 cogno-

421 2112 550 2173 scit,
583 2109 784 2180 Deoque
823 2127 876 2165 se
914 2111 1207 2165 abscondit.
1258 2111 1426 2181 Atque
1469 2112 1552 2164 hic
1588 2129 1789 2182 quoque
1821 2123 1994 2167 tamen

420 2209 644 2254 mortem
671 2217 734 2254 ac
761 2203 960 2270 peccati
994 2203 1354 2270 praecisionem
1387 2202 1677 2266 elucratnr,
1709 2220 1771 2257 ne
1794 2205 1993 2258 malum

419 2291 722 2345 immortale
773 2300 926 2345 esset.
982 2291 1069 2346 Ita
1111 2310 1262 2362 paena
1310 2294 1428 2361 ipsa
1479 2293 1533 2345 in
1583 2293 1992 2348 misericordiam

417 2383 594 2434 cessit.
635 2381 766 2448 Quae
812 2384 1000 2437 eadem
1055 2382 1234 2438 adhuc
1280 2392 1598 2452 repetuntur
1637 2383 1690 2436 in
1742 2385 1992 2438 oratione

420 2473 595 2541 ipsius
646 2473 882 2527 secunda
938 2473 992 2526 in
1022 2472 1253 2538 Pascha,
1285 2489 1336 2542 p.
1371 2490 1444 2527 m.
1468 2475 1595 2529 257.
1654 2474 1988 2529 Sententiam

416 2563 665 2634 Gregorii
716 2565 788 2618 ita
840 2565 1223 2633 interpretatur
1269 2563 1484 2620 Nicetas
1527 2565 1817 2622 Serronius
1845 2568 1985 2634 (4|):

421 2657 589 2724 Atque
631 2660 791 2709 etiam
840 2656 1071 2724 pellicere
1113 2667 1299 2722 vestes,
1340 2674 1469 2725 quas
1503 2657 1758 2710 Dominus
1785 2658 1988 2711 Adamo

419 2746 686 2816 ipsiusque
718 2748 872 2800 uxori
911 2747 1055 2815 fecit,
1093 2747 1482 2800 mortalitatem
1521 2749 1797 2818 carnisque
1841 2766 1989 2803 cras-

423 2837 594 2890 sitiem
639 2838 962 2906 signiﬁcant.
1011 2837 1213 2908 Corpus
1262 2841 1401 2892 enim
1428 2839 1619 2893 Adami
1664 2857 1696 2892 a
1728 2841 1986 2910 principio

425 2929 630 2982 tenuius
662 2939 776 2983 erat
813 2939 861 2982 et
903 2929 1150 2992 mollius,
1186 2935 1302 2996 nec}
1327 2931 1537 2982 omnino
1592 2931 1813 2984 mortale
1836 2970 1850 2992 ,
1897 2933 1985 2986 sed

424 3021 614 3076 medim
667 3021 945 3091 cujusdam
1001 3023 1318 3076 conditionis
1363 3023 1500 3077 inter
1538 3024 1765 3078 mortale
1801 3034 1852 3078 et
1887 3026 1986 3077 imo

422 3114 663 3169 mortale.
719 3115 788 3168 At
834 3125 950 3184 post
996 3119 1502 3184 transgressionem,
1548 3118 1983 3186 quemadmodum
2011 3155 2052 3211 C

421 3207 573 3276 pellis
612 3223 795 3260 crassa
825 3215 922 3270 est,
950 3215 998 3260 et
1023 3219 1253 3272 mortua,
1287 3224 1348 3260 ac
1377 3209 1533 3275 dura,
1563 3209 1638 3262 ita
1673 3225 1796 3262 caro
1824 3212 1984 3263 etiam

421 3315 626 3360 crassa,
665 3308 714 3351 et
745 3299 941 3366 gratis,
980 3307 1029 3351 et
1069 3298 1344 3364 mortalis,
1385 3315 1448 3352 ac
1480 3300 1616 3352 dura
1647 3309 1697 3353 et
1728 3301 1988 3369 refracta-

422 3391 509 3442 ria
553 3388 685 3459 (42).
747 3387 950 3444 Prmter
1003 3388 1312 3460 Origenem,
1364 3391 1455 3459 qui
1496 3391 1546 3444 in
1582 3401 1873 3447 comment.
1919 3391 1986 3445 ad

424 3481 559 3535 Gen.
611 3494 693 3547 ιιι,
741 3481 833 3546 21,
891 3481 1031 3536 hanc
1080 3482 1390 3549 opinionem
1433 3483 1646 3549 quidem
1697 3483 1986 3536 admodum

421 3572 780 3642 probabilem,
808 3586 917 3626 non
950 3581 1127 3626 tamen
1158 3573 1432 3627 evidenter
1478 3588 1660 3627 veram
1689 3588 1810 3628 esse
1838 3573 1987 3642 judi-

425 3663 570 3716 cavit
595 3662 730 3730 (45),
751 3661 1056 3716 Methodius
1089 3662 1252 3715 etiam
1286 3662 1407 3716 loco
1440 3677 1602 3731 supra
1635 3663 1869 3717 excitato
1898 3678 1990 3717 ve-

425 3762 537 3808 stes
578 3753 699 3806 illas
743 3768 849 3806 non
892 3751 1107 3822 quidem
1152 3753 1381 3806 mortale
1424 3768 1620 3821 corpus
1667 3768 1787 3808 esse
1827 3754 1986 3818 dixit,

424 3843 519 3896 sed
548 3842 790 3911 corporis
816 3850 973 3896 antea
1001 3842 1350 3907 immortalis,
1372 3842 1566 3897 deinde
1591 3858 1717 3897 vero
1745 3845 1988 3900 mortalis

424 3933 602 3989 eil'ecti
629 3935 1039 3989 dissolutionem
1076 3935 1401 4004 signiﬁcare.
1451 3932 1729 3990 Pertinent
1759 3936 1866 3990 huc
1893 3952 1990 4004 pa-

425 4028 558 4081 riter
579 4041 641 4080 ea
667 4042 786 4095 quin
827 4027 881 4080 in
905 4027 1242 4081 bibliothecae
1264 4025 1441 4095 Regia:
1457 4024 1776 4081 Parisiensis
1801 4028 1990 4082 codice

427 4135 534 4174 ms.
561 4118 697 4173 i998
746 4134 832 4172 me
879 4118 1074 4189 legisse
1126 4118 1349 4172 memini
1398 4118 1464 4172 de
1513 4119 1615 4172 hoc
1647 4129 1986 4188 argumento,

430 4209 654 4274 Qualem
697 4209 935 4264 habuerit
986 4227 1195 4264 carnem
1223 4211 1406 4272 homo,
1426 4219 1705 4277 antequam
1731 4219 1986 4278 peccaret.

429 4297 557 4373 Εἶχε
604 4301 702 4373 μὲν
734 4302 840 4373 γὰρ
872 4302 967 4354 καὶ
996 4301 1124 4372 πρὶν
1160 4300 1382 4373 ἁμάρτῃ
1401 4301 1602 4372 σάρκα,
1637 4300 1754 4353 ἀλλ’
1787 4302 1847 4354 οὐ
1884 4319 1990 4355 πα-

427 4396 601 4464 χεῖαν,
645 4392 767 4447 οὐδὲ
811 4392 1013 4465 θνητὴν
1037 4430 1054 4457 ,
1102 4391 1235 4446 ἀλλὰ
1289 4393 1402 4445 οἷαν
1443 4390 1619 4456 ἕξουσι
1662 4393 1719 4446 ὲν
1753 4395 1820 4462 τῇ
1861 4393 1991 4446 ἀνα-

500 4525 612 4596 (41)
635 4527 692 4596 ln
723 4523 1125 4596 commentariis
1143 4523 1217 4596 ad
1240 4523 1482 4596 Gregorii
1507 4523 1832 4579 Nazianzeni
1863 4539 1989 4580 ora-

430 4594 607 4649 tiones
634 4595 847 4656 citatas,
879 4610 932 4663 p.
957 4609 1030 4663 in.
1061 4595 1163 4649 479
1200 4603 1253 4648 et
1281 4608 1333 4661 p.
1363 4594 1484 4647 547.

501 4666 612 4732 (42)
642 4661 1227 4734 GregoriusNyssenus
1253 4663 1304 4715 iu
1333 4663 1699 4732 Disputatione
1723 4663 1785 4715 de
1808 4665 1987 4718 animo

428 4746 478 4788 et
502 4736 894 4796 resurrectione,
923 4749 975 4802 ιι.
997 4733 1070 4787 in.
1095 4733 1220 4799 278,
1247 4735 1485 4788 tunicam
1514 4735 1659 4787 illam
1684 4733 1983 4801 pelliccam,

429 4821 592 4873 quam
619 4805 760 4858 Deus
789 4805 990 4857 homini
1031 4803 1185 4873 lapso
1211 4812 1429 4872 propter
1463 4804 1880 4873 propensionem
1919 4805 1987 4857 ad

431 4878 671 4929 deterius
705 4874 1076 4934 circumdedit,
1107 4873 1340 4942 appellat
1369 4885 1636 4928 mortuam
1682 4888 1749 4926 ac
1769 4881 1979 4940 turpem

433 4944 580 4998 illam
610 4944 847 4998 tunicam
873 4959 939 4997 ex
965 4943 1171 4997 ratione
1201 4945 1506 4997 carentibus
1536 4944 1690 4997 nobis
1712 4943 1986 5010 injectam,

429 5031 522 5082 per
557 5030 715 5084 quam
757 5024 964 5067 naturae
995 5012 1162 5084 bruta;
1195 5023 1244 5066 et
1277 5013 1609 5084 irrationalis
1647 5015 1986 5084 proprietates

432 5082 630 5138 homini
657 5084 898 5138 admisttB
931 5092 1071 5136 sunt.
1104 5082 1256 5137 Unde
1282 5082 1457 5138 Moses
1487 5082 1821 5150 Bar-Gepha,
1853 5083 1944 5134 lib.
1971 5098 1987 5135 ι

433 5155 511 5207 De
549 5153 822 5222 paradiso,
866 5169 986 5221 cap.
1008 5153 1102 5217 “2.8,
1127 5153 1338 5218 scribit,
1362 5170 1425 5206 ex
1455 5157 1717 5208 sententia
1743 5152 1988 5220 Gregorii

437 5223 660 5293 Nysseni
686 5224 898 5277 tunicas
923 5223 1171 5291 pelliceas
1219 5223 1386 5276 fuisse
1418 5223 1717 5279 libidinem.
1740 5222 1984 5293 coitum,

434 5291 779 5362 conceptum,
819 5304 1049 5363 partum.
1093 5293 1487 5355 educationem,
1534 5310 1638 5362 qua
1678 5291 1986 5363 minutatim

432 5361 776 5432 augeseimus
799 5361 833 5423 ,⁷
871 5363 1183 5416 alimentum
1210 5402 1225 5424 ,
1282 5361 1574 5426 morbum,
1629 5361 1984 5432 iracundiam,

437 5443 664 5486 mortem
718 5433 990 5501 denique:
1029 5432 1111 5486 his
1158 5434 1302 5485 enim
1353 5434 1610 5486 omnibus
1661 5431 1818 5484 utalis
1868 5431 1986 5484 illos

437 5504 652 5557 indutos
698 5518 819 5557 esse
846 5543 860 5566 ,
913 5501 1278 5572 simulatque
1317 5503 1476 5557 donis
1525 5501 1758 5572 Spiritus
1813 5501 1987 5554 sancti

436 5582 566 5629 Sunt
597 5573 903 5640 exspoliati.
1448 5617 1452 5624 ,

508 5641 622 5711 (45)
669 5641 867 5696 Locum
897 5641 1176 5711 Origenis,
1207 5657 1365 5710 quem
1396 5641 1764 5696 Theodoretus
1793 5650 1983 5710 quaest.

435 5710 504 5768 39
525 5712 576 5764 in
595 5710 824 5766 Genesin
855 5725 908 5766 et
931 5710 1119 5766 omnes
1133 5713 1350 5766 Catenm
1379 5728 1485 5764 uno
1515 5727 1780 5765 consensu
1813 5712 1987 5764 eidem

437 5781 700 5846 tribuunt,
734 5783 873 5838 inter
902 5784 1092 5838 selecta
1134 5801 1197 5840 ex
1223 5783 1622 5838 Commentariis
1659 5782 1904 5852 Orig-nis
1933 5781 1985 5834 in

817 5933 833 5966 I

2105 561 2337 629 quidem,
2372 559 2531 611 etiam
2584 568 2864 627 antequam
2906 566 3162 626 peccaret,
3194 572 3426 619 carnem,
3457 555 3552 608 sed
3581 572 3684 607 non

2105 649 2234 702 adeo
2277 666 2548 714 crassam,
2604 667 2763 719 neque
2794 648 3086 710 mortalem,
3133 664 3311 701 verum
3364 647 3582 716 qualem
3626 646 3684 698 in

2104 740 2482 794 resurrectione
2535 756 2754 808 corpora
2799 739 3066 792 hominum
3115 738 3363 791 habitura
3401 739 3533 790 sint.
3589 735 3687 792 Est

2100 844 2304 895 tamen.
2353 833 2497 903 quod
2545 833 2673 887 huic
2721 833 2880 888 etiam
2922 833 3204 887 sententia:
3248 831 3444 886 merito
3470 830 3684 899 opponi

2100 925 2317 995 poterit,
2366 940 2488 979 cum
2519 940 2626 978 non
2657 924 2860 978 eaedem
2909 925 3019 978 sint
3053 923 3344 993 qualitates
3377 937 3681 990 corporum

2099 1017 2548 1085 glorificatorum,
2598 1025 2650 1070 et
2692 1017 2934 1084 corporis
2973 1015 3164 1068 Adami
3203 1016 3384 1069 adhuc
3426 1015 3481 1067 in
3531 1024 3680 1067 statu

2101 1107 2416 1162 tentalionis
2457 1107 2762 1161 constituti.
2816 1104 2948 1159 Nam
2999 1107 3208 1176 primus
3260 1107 3428 1160 homo
3477 1106 3679 1174 pulve-

2099 1213 2226 1255 reus
2276 1217 2308 1255 e
2358 1207 2504 1252 terra
2555 1195 2730 1251 factus
2811 1206 2894 1252 est
2936 1197 3001 1251 ad
3043 1197 3340 1250 naturalem
3379 1197 3590 1260 vitam;
3627 1206 3682 1250 at

2098 1289 2422 1357 corporibus
2453 1291 2508 1342 in
2537 1288 2938 1343 resurrectione
2971 1288 3286 1355 glorilicatis
3315 1287 3494 1355 major
3524 1302 3679 1353 qua:-

2097 1381 2220 1433 dam
2253 1380 2524 1435 subtilitas
2559 1396 2621 1434 ac
2652 1379 3009 1449 spiritualitas
3041 1379 3298 1433 tribuitur
3327 1380 3397 1432 ab
3423 1379 3679 1448 apostolo

2096 1470 2265 1524 Paulo
2298 1469 2469 1524 iCor.
2507 1487 2594 1537 xv,
2628 1471 2696 1525 44
2731 1487 2911 1540 seqq.,
2958 1486 3077 1540 qua:
3107 1471 3170 1524 de
3210 1486 3443 1539 corpore
3476 1471 3676 1522 Adami

2098 1577 2203 1616 non
2242 1562 2540 1631 gloriiicato
2583 1561 2834 1617 aﬂirmari
2887 1563 3073 1631 nequit
3113 1580 3127 1614 :
3171 1563 3308 1615 alias
3342 1561 3494 1614 nulla
3527 1569 3678 1614 essm

2097 1653 2403 1707 diderentia
2437 1653 2577 1707 inter
2609 1663 2810 1707 statum
2860 1653 3186 1722 integritatis
3216 1662 3266 1706 et
3296 1662 3520 1706 aeterna:
3554 1651 3674 1720 glo-

2096 1744 2208 1797 riae.

2169 1834 2492 1891 Macariante
2523 1835 2741 1890 demum
2788 1833 3218 1904 interpretationi
3261 1833 3472 1888 saniori
3505 1849 3674 1886 sensu

2098 1936 2330 1994 acceptae
2358 1936 2640 1981 succurret
2686 1927 2800 1994 ipsa
2833 1924 3126 1994 Scripturae
3175 1940 3349 1978 sacra:
3395 1925 3576 1986 notio,
3622 1927 3664 1977 si

2095 2018 2439 2074 conte-ramus
2468 2020 2631 2074 verba
2663 2021 2720 2075 Β,
2744 2019 2896 2074 Iuda:
2921 2020 2976 2073 in
3004 2019 3173 2089 Epist.
3205 2035 3257 2073 v.
3282 2019 3377 2082 9.3,
3413 2019 3508 2071 ubi
3539 2036 3672 2089 apo-

2095 2113 2267 2167 stolus
2323 2112 2507 2167 lidcles
2572 2113 2805 2182 graviter
2869 2113 3184 2167 cohortatur
3234 2111 3300 2162 ad
3352 2119 3572 2164 mentes
3622 2111 3672 2163 in

2093 2203 2216 2269 ﬁde,
2249 2202 2579 2271 precatione,
2621 2217 2808 2256 amore
2832 2210 2882 2256 et
2917 2217 3010 2270 spe
3038 2200 3474 2265 conservandas,
3510 2211 3675 2268 atque

2093 2309 2124 2346 ει
2155 2293 2279 2346 vita:
2309 2293 2581 2347 terrestris
2615 2291 2867 2345 sordibus
2895 2289 3279 2360 prmcavendas
3309 2309 3321 2342 :
3363 2288 3672 2358 μισοῦντες,

2093 2382 2298 2450 inquit,
2351 2381 2570 2435 καὶτὸν
2611 2381 2717 2434 ἀπὸ
2777 2380 2876 2448 τῆς
2916 2378 3114 2450 σαρκὸς
3165 2377 3545 2448 ἐσπιλωμένον
3594 2396 3674 2447 χι-

2090 2475 2253 2538 τῶνα,
2281 2476 2400 2527 odio
2423 2474 2670 2527 habentes
2708 2489 2824 2526 eam
2861 2473 3113 2536 tunicam,
3146 2488 3262 2541 qua:
3301 2489 3335 2524 a
3362 2489 3528 2525 carne
3561 2487 3668 2524 ma-

2093 2567 2268 2619 culata
2297 2577 2392 2620 est.
2428 2565 2686 2632 Quamvis
2713 2565 2957 2633 Apostoli
2992 2579 3159 2633 scepo
3188 2563 3539 2618 conveniens
3563 2563 3667 2616 uti—

2091 2673 2197 2725 que
2243 2659 2314 2712 sit
2353 2674 2416 2712 ea
2460 2657 2755 2726 explicatio
2800 2656 3158 2725 interpretum
3195 2665 3548 2718 nostrorum,
3580 2655 3670 2723 qui

2091 2748 2181 2804 hic
2221 2749 2287 2802 ad
2330 2757 2584 2804 externas
2628 2747 2843 2801 vivendi
2894 2748 3196 2816 agendique
3239 2747 3672 2801 consuetudines

2089 2841 2422 2909 respiciunt,
2491 2841 2692 2912 quibus
2739 2841 2889 2910 pravi
2953 2856 3012 2894 se
3063 2840 3314 2894 homines
3366 2856 3435 2893 ex
3490 2841 3668 2894 saeculi

2090 2948 2243 2987 more
2283 2933 2440 3002 quasi
2478 2934 2771 2999 amiciant;
2811 2931 2972 2987 altius
3019 2941 3196 2985 tamen
3241 2932 3550 3000 repetenda
3589 2931 3668 2983 ri-

2087 3023 2248 3077 detur
2275 3023 2440 3093 hujus
2483 3024 2743 3094 phraseos
2792 3023 2966 3092 origo,
3013 3023 3216 3077 scilicet
3249 3023 3520 3077 atunicis
3568 3023 3668 3076 illis

2087 3114 2371 3182 pelliccis,
2433 3115 2633 3185 quibus
2693 3123 2947 3183 corrupta
3009 3114 3310 3183 primorum
3377 3122 3668 3182 parentum

2091 3219 2219 3259 caro
2245 3203 2350 3258 fuit
2377 3204 2733 3260 circumdata.
2765 3201 2891 3258 Haec
2918 3211 3037 3257 erat
3063 3203 3246 3257 tunica
3279 3202 3373 3255 illa
3401 3202 3664 3261 carnalis,

2087 3311 2195 3364 qua
2237 3308 2549 3365 peccatores
2580 3295 2731 3350 carni
2761 3310 2875 3349 suae
2900 3294 3130 3363 ejusque
3151 3293 3364 3347 vitiosis
3399 3295 3669 3362 cupidita—

2089 3385 2234 3440 tibus
2268 3387 2630 3456 obsequentes
2673 3394 2796 3454 post
2843 3385 3052 3453 lapsum
3091 3383 3482 3450 induebamur,
3515 3399 3668 3453 quae-

2087 3498 2193 3551 que
2226 3479 2531 3533 atidelihus
2577 3478 2632 3531 in
2661 3485 2804 3531 statu
2857 3476 3287 3546 regenerationis
3333 3477 3488 3529 omni
3540 3477 3668 3530 odio

2087 3581 2169 3626 est
2193 3568 2590 3641 prosequenda,
2619 3576 2673 3622 et
2697 3568 2894 3622 virtute
2921 3566 3154 3636 Spiritus
3183 3567 3368 3636 gratia:
3391 3567 3665 3633 emenda,

2089 3663 2226 3733 Eph.
2250 3678 2324 3729 iv,
2350 3661 2442 3716 22.

2092 3777 2120 3848 §
2163 3774 2301 3830 XXI.
2365 3774 2621 3848 Doctrina
2667 3772 2922 3843 Magnetis
2957 3772 3020 3848 de
3057 3781 3265 3840 peccato
3298 3771 3522 3840 originis
3573 3788 3666 3840 per

2336 3845 2720 3916 generationem
2760 3842 3060 3896 naturalem
3098 3851 3410 3911 propagato.

2158 3935 2236 3990 Ex
2264 3936 2535 4007 superiori
2567 3935 2730 4006 igitur
2769 3934 3091 3989 tractatione
3118 3948 3215 4002 per
3240 3947 3299 3987 se
3321 3932 3434 4001 jam
3465 3942 3663 4000 sponte

2091 4028 2382 4098 colligitur,
2422 4027 2551 4097 quid
2597 4028 2664 4081 de
2701 4037 2922 4096 peccato
2963 4024 3189 4096 originis
3219 4023 3455 4079 senserit
3476 4021 3664 4078 Maca-

2091 4120 2206 4173 rius
2236 4141 2247 4175 :
2275 4119 2549 4173 hominem
2587 4118 2794 4174 scilicet
2831 4118 2898 4172 ad
2932 4118 3222 4187 imaginem
3251 4117 3346 4171 Dei
3373 4121 3662 4175 conditum

2091 4226 2187 4281 per
2215 4210 2481 4264 libertatis
2507 4210 2736 4264 abusum
2771 4209 3058 4278 pristinam
3092 4207 3463 4276 cognitionem
3489 4212 3662 4266 virtu-

2092 4301 2163 4356 tis
2209 4312 2373 4370 atque
2427 4302 2563 4365 vitii,
2608 4302 2660 4354 in
2706 4316 2812 4370 qua
2854 4301 2922 4354 ab
2959 4299 3118 4353 initio
3164 4299 3430 4355 formatus
3482 4300 3667 4358 fuerat

2093 4389 2147 4461 (§
2175 4391 2284 4458 17),
2329 4405 2436 4474 una
2477 4407 2600 4446 cum
2645 4390 2929 4446 sanctitate
2965 4390 3253 4460 primaeva,
3299 4391 3578 4459 amisisse,
3612 4404 3666 4448 et

2091 4528 2310 4583 Genesin
2329 4527 2512 4583 retulit
2540 4527 2598 4580 D.
2622 4525 2848 4580 Carolus
2871 4526 2942 4597 de
2960 4526 3010 4580 la
3033 4525 3150 4579 Rue
3179 4534 3327 4580 tomo
3354 4525 3394 4579 Il
3417 4525 3661 4597 Operam

2087 4599 2357 4667 Origenis,
2389 4613 2441 4666 p.
2467 4613 2541 4650 ιιι.
2568 4597 2658 4659 29,
2687 4612 2754 4650 ex
2787 4611 2897 4665 quo
2934 4596 3050 4650 haec
3075 4611 3244 4665 pauca
3275 4596 3494 4660 saltem,
3524 4615 3656 4666 qua:

2088 4671 2155 4723 ad
2185 4669 2495 4722 institutum
2545 4674 2788 4719 nostrum
2830 4675 3091 4734 spectant,
3139 4681 3413 4734 apponere
3458 4667 3654 4735 juvat:

2088 4739 2257 4807 Πάλιν
2295 4737 2492 4804 λέγειν,
2528 4737 2654 4807 τοὺς
2690 4735 3041 4807 δερματίνους
3073 4737 3303 4807 χιτῶνας
3332 4736 3432 4788 οὐκ
3467 4737 3659 4800 ἄλλους

2089 4805 2227 4861 εἶναι
2251 4847 2266 4870 ,
2323 4808 2356 4878 ἢ
2399 4807 2466 4858 τὰ
2506 4804 2763 4878 σώματα,
2796 4805 3018 4878 πιθανὸν
3054 4807 3171 4875 μὲν,
3214 4806 3307 4878 καὶ
3339 4807 3419 4878 είς
3451 4823 3656 4874 συγκα-

2087 4879 2304 4931 τάθεσιν
2346 4874 2771 4946 ἐπισπάσασθαι
2830 4874 3146 4944 δυνάμενον,
3177 4875 3259 4946 κού
3322 4874 3431 4946 μὴν
3495 4878 3659 4945 σαφὲς

2085 4949 2160 5010 ὡς
2191 4945 2386 5017 ἀληθές
2405 4963 2417 4975 ⁸
2451 4948 2506 5017 εί
2524 4945 2630 5016 γὰρ
2655 4947 2701 5017 οἱ
2732 4944 3052 5017 δερμάτινοι-
3079 4945 3300 5017 χιτῶνες
3324 4944 3537 5017 *σάρκες
3566 4944 3659 4999 καὶ

2087 5013 2414 5092 εἰεξτέαιὲίσὶἱ
2431 5014 2547 5092 πῷς
2576 5013 2680 5092 πρὸ
2702 5013 2902 5092 "constet:
2936 5013 3109 5083 φησὶν
3134 5015 3163 5066 ὁ
3191 5013 3423 5092 ,Ἀδὰμᾷλ
3443 5086 3457 5092 _
3480 5017 3654 5092 Τοῦξο

2086 5087 2204 5140 νῦν·
2237 5085 2458 5139 ὀστοῦν
2483 5085 2550 5136 ἐκ
2579 5083 2696 5136 τῶν
2720 5083 2917 5136 ὀστῶν
2938 5103 3075 5152 μου,
3111 5084 3206 5136 καὶ
3235 5083 3397 5151 σὰρξ
3431 5086 3502 5138 ἐκ
3553 5085 3655 5152 τῆς

2088 5157 2314 5221 σαρκός
2355 5170 2510 5222 μου;
2547 5171 2600 5206 κ.
2629 5171 2677 5206 τ.
2711 5153 2760 5204 λ.
2811 5154 3037 5207 Rursum
3079 5154 3269 5216 dicere,
3321 5165 3487 5207 vestes
3532 5155 3652 5208 illas

2090 5226 2335 5294 pelliceas
2369 5225 2500 5276 nihil
2540 5223 2690 5294 aliud
2736 5239 2867 5286 esse,
2909 5240 3064 5294 quam
3101 5238 3342 5292 corpora,
3385 5225 3653 5292 probabile

2089 5296 2298 5364 quidem
2343 5303 2418 5346 est
2463 5304 2510 5346 et
2541 5293 2834 5361 ejusmodi,
2876 5304 2937 5364 ut
2965 5293 3032 5345 ad
3073 5293 3462 5346 assentiendum
3499 5295 3655 5364 facile

2090 5362 2435 5428 inducat;scd
2453 5379 2554 5416 non
2578 5362 2966 5430 evidens,quale
2987 5379 3098 5416 esse
3118 5363 3288 5424 debet,
3312 5365 3454 5432 quod
3480 5362 3652 5417 uerunt

2087 5444 2182 5488 est.
2219 5436 2277 5489 Si
2306 5436 2440 5487 enim
2467 5433 2692 5500 pellicere
2712 5443 2887 5504 pestes
2921 5442 3040 5504 sunt
3069 5449 3248 5485 carnes
3274 5445 3322 5485 et
3351 5449 3495 5496 assa,
3522 5450 3648 5504 quo-

2090 5505 2244 5558 modo
2288 5515 2444 5557 antea
2477 5505 2614 5556 dixit
2641 5502 2853 5555 Adam:
2888 5520 2906 5552 ι
2937 5501 3052 5555 Hoc
3091 5519 3226 5555 nunc
3257 5519 3316 5555 os
3355 5518 3422 5555 ea:
3449 5501 3647 5557 ossibus

2089 5575 2247 5638 meis,
2278 5584 2327 5626 et
2364 5589 2488 5644 caro
2521 5573 2584 5644 de
2611 5589 2765 5644 carne
2807 5573 2960 5644 utea?
2989 5590 3008 5622 ι
3047 5582 3166 5644 etc._
3191 5571 3352 5644 Gonf.
3389 5572 3648 5644 Hierony—

2089 5660 2211 5698 mus
2239 5645 2395 5712 epist.
2429 5643 2486 5696 61
2522 5643 2588 5696 ad
2625 5643 3052 5701 l’ammaehium,
3082 5642 3171 5695 ubi
3205 5643 3344 5696 hanc
3379 5642 3646 5698 ﬂuctuan-

2092 5723 2197 5769 tcm
2230 5715 2546 5770 sententiam
2583 5713 2830 5783 Origenis
2862 5712 3075 5768 crimini
3112 5713 3212 5782 ipsi
3247 5715 3426 5768 vertit.
