3888 6532
269 365 412 420 “05

883 358 939 414 s.
982 355 1403 413 ARCHELAUS
1439 353 1956 410 MESOPOTAMUE
1995 353 2395 412 EPISCOPUS.
2419 384 2487 396 —
2513 352 2806 410 NOTITIA.
2869 339 2872 341 ’

3370 354 3510 412 1406

265 479 576 538 econtrario
621 480 1040 550 propensionem
1092 479 1159 533 ad
1208 477 1347 533 mala
1386 477 1549 532 veluti
1599 477 1827 530 tunicam

1949 479 2034 531 καὶ
2074 479 2174 550 τὴν
2218 479 2448 548 ὓπαρξιν
2490 481 2552 532 ὲκ
2587 480 2834 550 ρυπαρᾶς
2871 477 2978 531 τῶν
3017 477 3232 551 σαρκῶν
3279 476 3510 549 βλάστης

265 571 543 630 carnalem
602 571 964 640 assumpsisse
1002 592 1014 625 :
1053 573 1188 624 adeo
1228 580 1287 624 ut
1325 586 1470 624 nunc
1511 570 1838 638 deplorauda

261 667 341 721 sit
370 665 654 720 hominum
686 664 948 727 conditio,
979 665 1070 733 Qui
1097 679 1162 718 ex
1189 663 1469 717 immunda
1501 663 1682 717 carnis
1717 677 1840 730 pro-

265 756 558 828 pagatione
587 755 931 809 existentiam
963 771 1114 810 suam
1148 755 1410 824 ceperint,
1445 755 1676 809 docente
1703 754 1839 808 Jobo

265 867 390 920 cap.
445 866 555 915 3m,
589 850 643 916 4,
683 858 737 903 et
779 847 978 904 Davide
1026 849 1219 918 psalm.
1267 863 1341 910 LI,
1388 847 1438 902 7.
1487 845 1672 900 Elucet
1727 847 1841 900 bzcc

265 943 536 998 sententia
564 943 806 997 auctoris
832 941 1002 996 nostri
1024 957 1089 995 ex
1106 941 1509 1010 comparatione
1524 939 1838 1006 angelorum

265 1044 433 1103 atque
482 1035 763 1088 hominum
804 1033 1137 1095 mortalium,
1173 1047 1334 1102 quam
1369 1030 1718 1099 sequentibus
1757 1029 1840 1081 in-

266 1125 445 1178 stituit
487 1126 702 1180 verbis:
742 1125 851 1196 Τὴν
902 1124 1274 1196 μακαριότητα
1312 1122 1480 1187 δεῖξαι
1524 1121 1840 1191 βουλόμενος

262 1217 296 1269 ὁ
322 1217 557 1288 Χριστὸς
598 1216 706 1270 τῶν
737 1218 906 1270 οἰκεῖν
937 1217 1208 1287 λαχόντων
1239 1215 1335 1286 τὴν
1360 1215 1606 1284 οὐράνιον
1629 1211 1838 1283 χώραν,

265 1309 362 1362 καὶ
400 1307 680 1365 ταλανίσαι
712 1310 836 1372 τοὺς
879 1310 934 1362 ἐν
981 1309 1156 1379 φθορᾷ
1190 1306 1290 1376 τῆς
1339 1306 1443 1375 γῆς
1477 1304 1835 1374 βιοτεύοντας,

1947 571 2331 642 ἀνειληφότας,
2355 571 2723 640 γεννωμένους
2751 571 2846 622 καὶ
2870 567 3190 638 γεννῶντας,
3227 571 3321 623 καὶ
3355 571 3511 640 δίκην

1949 663 2156 733 φύὶλων
2193 664 2382 716 θᾶττον
2408 662 2789 734 ἁπορῤἑοντας,
2821 663 3004 733 φησιν,
3039 680 3093 715 κ.
3118 679 3169 715 τ.
3193 663 3241 716 λ.
3267 662 3508 716 Christus

1947 754 2280 808 indicaturus
2319 754 2693 807 beatitudinem
2721 768 2922 817 eorum,
2952 753 3140 822 quibus
3175 752 3396 806 cazlestis
3425 770 3509 806 re-

1949 844 2032 912 gio
2067 842 2358 895 habitanda
2413 842 2634 912 obtigit,
2684 842 3052 912 deploraturus
3095 852 3269 896 autem
3317 852 3509 896 sortem

1947 933 2161 986 illorum
2192 934 2281 1003 qui
2316 935 2370 986 in
2403 933 2498 987 hac
2537 944 2743 987 terrena
2779 933 3103 986 mortalitate
3129 933 3325 996 vivunt,
3357 943 3406 987 et
3442 934 3506 986 ab

1945 1025 2219 1078 immunda
2257 1041 2532 1093 corporum
2563 1025 2940 1094 germinatione
2983 1024 3334 1077 substantiam
3365 1040 3510 1093 cepe-

1944 1127 2086 1179 runt,
2116 1117 2275 1186 geniti
2305 1118 2700 1186 gignentesque,
2729 1126 2778 1169 et
2813 1119 2982 1170 instar
3007 1116 3259 1186 foliorum
3285 1117 3388 1168 cito
3425 1116 3512 1168 de-

1948 1207 2190 1275 ﬂuentes,
2228 1207 2338 1261 Itazc
2376 1209 2516 1261 dixit
2553 1207 2697 1276 (quae
2725 1207 2932 1262 scilicet
2981 1207 3036 1260 in
3068 1205 3509 1261 antecedentibus

1943 1314 2010 1354 ex
2037 1297 2170 1353 Luc.
2195 1315 2289 1365 xx,
2321 1299 2409 1365 55,
2437 1298 2526 1364 56,
2555 1298 2788 1353 adducta
2817 1298 3012 1368 erant),
3045 1308 3149 1351 etc.

1759 1463 3496 1495 ἡ

268 1474 3496 1516 W

1325 1631 1516 1674 ειιιοΛ
1558 1631 1788 1676 ΔΝΝυΜ,
1825 1629 2056 1672 DOMINI
2094 1628 2439 1672 CCLXXVHI.

870 1810 1082 2022 S.
1321 1806 2905 2022 ABGHELAUS

1342 2136 1952 2199 MESOPOTAMIIE
2007 2135 2432 2198 EPI-SCOPUS

675 2448 1274 2564 NOTITIA
1365 2444 3095 2564 HlSTORICO-LITTERABIA

1054 2661 1344 2732 (Gutum,
1371 2669 1602 2720 Veterum
1623 2669 1829 2718 Patrum
1855 2664 2168 2727 Bibliotheca,
2197 2665 2282 2725 III,
2308 2665 2532 2729 Proieg.,
2556 2679 2611 2728 p.
2634 2663 2740 2728 χι..)

256 2962 305 3020 1.
341 2963 617 3020 Dissensus
647 2976 876 3020 veterum
922 2965 986 3019 de
1027 2966 1282 3034 scriptore
1330 2966 1580 3019 Actorum
1627 2967 1816 3029 dispn-
1856 2972 1895 3029 Β
1929 2965 2015 3018 IX.
2058 2965 2223 3028 quue
2248 2979 2457 3017 rursum
2493 2964 2775 3016 astruitur.

331 3037 546 3088 tationis
611 3052 727 3088 cum
765 3035 1000 3105 Manete,
1047 3037 1202 3105 facile
1252 3036 1635 3089 conciliandus.
1695 3036 1822 3088 "(re

330 3111 463 3158 Acta
495 3106 721 3174 primum
748 3104 963 3174 Syriaca
991 3104 1056 3158 ab
1085 3107 1339 3159 Archelao
1381 3108 1577 3175 scripta
1602 3106 1823 3160 :deinde

332 3175 466 3244 forte
507 3175 570 3228 ab
603 3175 918 3244 llegemonio
946 3175 1354 3229 Chalcedonensi
1376 3177 1617 3245 episcopo
1644 3175 1824 3230 Crwce

333 3245 560 3298 reddita.
595 3245 734 3308 Quid
765 3245 1075 3299 censendum
1109 3246 1170 3299 de
1196 3245 1390 3298 Latina
1416 3248 1687 3300 versione?

252 3313 323 3368 Il.
353 3314 573 3368 Latinus
599 3316 848 3381 interpres
889 3313 1074 3370 Graeca
1111 3317 1345 3370 versione
1372 3317 1625 3369 Actorum
1662 3316 1823 3384 fuisse

331 3402 462 3454 usus
485 3387 868 3454 comprobatur.

254 3452 347 3508 Ill.
414 3453 560 3525 Num
601 3452 898 3510 Archelaus
954 3464 1145 3525 praeter
1204 3456 1340 3508 Arta
1401 3454 1824 3523 disputationis.

329 3525 462 3577 alios
480 3524 652 3595 libros
683 3534 866 3595 contra
896 3525 1155 3578 Manetem
1186 3526 1572 3594 perscripserit,
1606 3527 1826 3595 inquiri-

329 3605 433 3648 tur.
469 3593 670 3661 Lapsus
706 3594 1012 3663 Epiphanii.

249 3663 345 3719 IV.
393 3664 679 3717 Archelaus
721 3681 823 3717 non
860 3664 1244 3718 Cascharorum
1279 3675 1368 3718 aut
1408 3663 1821 3731 Carcharorum,

411 3735 509 3796 sed,
530 3733 853 3788 Chattorum
885 3737 938 3787 in
974 3734 1354 3801 Mesopotamia
1378 3737 1670 3803 episcopus.

251 3799 486 3924 V.MQuo
545 3816 770 3871 tempore
833 3805 1011 3857 habita
1059 3799 1349 3873 disputatio
1402 3799 1646 3858 Archelai
1709 3822 1825 3858 cum

391 3883 559 3924 anete.

391 3883 559 3926 aucte.

252 3939 348 4013 Vl.
380 3941 620 4013 secundo
651 3959 788 3996 anno
815 3942 978 3996 Probi
999 3945 1123 4013 imp.
1145 3943 1308 4012 juxta
1341 3943 1643 3998 Eusebium.

257 4011 370 4064 VII.
424 4012 610 4065 Verum
671 4014 726 4067 id
781 4014 1035 4068 accidisse
1073 4011 1332 4067 currente
1380 4032 1518 4068 anno
1567 4015 1673 4070 277
1726 4025 1838 4068 sta-

331 4083 518 4136 tuitur.

252 4149 395 4203 VIII.
442 4154 693 4206 Actorum
753 4153 1132 4221 disputationis
1186 4153 1477 4222 antiquitas
1533 4163 1688 4222 atque
1744 4154 1824 4205 in-

327 4223 544 4292 tegritas
587 4223 1000 4277 demonstratur.

1931 3036 1998 3089 Χ.
2051 3035 2366 3088 Eorumdem
2411 3036 2661 3087 Actorum
2716 3037 2908 3088 veritas
2961 3036 3126 3105 magis
3167 3036 3342 3089 animo
3382 3053 3505 3090 con-

2047 3115 2241 3158 rmata.

1929 3107 2241 3230 Χιῇῖῗῖῗ
2267 3191 2357 3226 nos
2394 3174 2596 3241 integra
2623 3176 2946 3240 pervenerint
2979 3173 3238 3242 ejusmodi
3267 3175 3422 3230 Acta.

1933 3245 2045 3297 XII.
2081 3244 2278 3309 Quibus
2307 3259 2370 3297 ea:
2400 3243 2664 3297 codicibus
2702 3244 2984 3313 descripta.

1934 3313 2074 3368 Xlll.
2121 3313 2371 3383 Magnum
2413 3329 2477 3367 ex
2521 3314 2660 3366 hisce
2704 3315 2852 3368 Actis
2892 3314 3098 3368 accedit
3133 3313 3411 3368 catholica:
3439 3315 3506 3382 ﬁ-

2003 3386 2087 3439 dei
2136 3385 2445 3453 prwsidium
2473 3393 2630 3452 atque
2663 3396 3050 3437 ornamentum.
3087 3385 3225 3438 Hinc
3257 3387 3382 3436 item
3415 3401 3502 3438 rc-

2006 3472 2120 3507 rum
2152 3455 2492 3524 antiquarum
2517 3453 2770 3507 studiosis
2813 3454 3015 3524 aliquid
3043 3454 3378 3508 emolumenti
3420 3471 3506 3508 ac-

2002 3525 2270 3578 ccrsitnm.

1932 3593 2072 3648 XIV.
2141 3593 2407 3647 Hactenus
2463 3593 2746 3647 observatis
2809 3591 3009 3647 addita:
3067 3592 3335 3645 nonnullae
3384 3592 3506 3644 ani-

2004 3664 2388 3718 madversiones
2447 3664 2510 3717 de
2551 3665 2670 3717 sede
2711 3662 2956 3717 Archelai
2991 3663 3298 3730 episwpali,
3340 3661 3504 3730 deque

2003 3735 2255 3786 Actorum
2289 3734 2664 3803 disputationis
2713 3735 2777 3786 ab
2819 3750 2878 3787 eo
2914 3734 3110 3787 habita:
3152 3750 3270 3786 cum
3295 3730 3504 3785 Manete

2004 3805 2326 3857 intearitate.

1933 3821 2566 3943 Xiileg'ii‘f‘iftfgmentum
2617 3871 2752 3925 illud
2783 3872 3065 3936 Actorum,
3105 3871 3244 3942 quod
3294 3887 3358 3926 ea:
3399 3869 3506 3940 Cy-

2005 3943 2116 3997 rilli
2155 3943 2628 4012 Hierosolymitani
2657 3944 2915 3996 catechesi
2943 3959 2994 3996 vr
3025 3945 3364 4011 descriptum,
3407 3943 3502 3993 iis-

2012 4014 2128 4065 dem
2154 4014 2302 4066 Actis
2333 4014 2635 4081 subjicitur,
2659 4013 2919 4081 integrum
2952 4013 3210 4066 Archelao
3249 4014 3315 4064 sit
3343 4013 3502 4064 attri-

2008 4082 2289 4136 buendum.
2335 4081 2517 4136 Pauca
2556 4083 2770 4135 insuver
2813 4083 2876 4135 de
2904 4093 3083 4135 nostra
3107 4084 3295 4135 horum
3342 4082 3502 4133 Acto-

2011 4168 2129 4204 rum
2153 4152 2401 4207 editione.

247 4316 360 4378 Ea:
425 4319 487 4380 γ.
527 4317 596 4380 C.
628 4317 958 4380 Laurentii
1004 4319 1309 4397 Zacagnii
1345 4321 1722 4400 pra'fatione
1771 4317 1852 4377 ad
1882 4315 2272 4378 Collectanea
2318 4328 2858 4378 monumentorum
2907 4317 3203 4383 Ecclesia:
3234 4317 3493 4393 Graeca,

1693 4417 1756 4475 p.
1826 4415 1895 4456 tu
1928 4413 2087 4474 seqq.

323 4515 363 4572 Ι.
396 4517 578 4574 Editio
613 4519 869 4573 Actorum
914 4519 1059 4575 hinze
1091 4520 1475 4592 disputationis
1506 4523 1575 4578 ab
1605 4523 1812 4577 Archc-
1840 4527 1883 4586 (ζ
1918 4537 2039 4591 pus,
2079 4520 2129 4574 in
2159 4521 2312 4575 libris
2341 4528 2680 4590 quoscontra
2695 4518 3018 4574 Manicliaeos
3035 4513 3498 4586 conscripsit,He-

248 4609 342 4664 Iao
365 4607 770 4680 Mesopotamia:
793 4608 1050 4678 episcopo
1076 4625 1200 4664 cum
1229 4609 1439 4668 Manete
1469 4612 1692 4668 nefariae
1713 4613 1814 4667 ha:-

248 4716 439 4757 rescos
471 4710 712 4764 auctore,
764 4701 906 4769 apud
957 4699 1155 4757 Carras
1206 4703 1466 4772 primum,
1524 4705 1722 4760 deinde
1765 4705 1819 4759 in

250 4792 561 4849 Diodoridis
595 4794 713 4848 vi'co
747 4793 964 4858 habitae,
1009 4803 1120 4847 tum
1165 4795 1236 4847 ob
1272 4796 1514 4849 materia:
1548 4806 1818 4865 praestan-

250 4885 408 4950 tiam,
438 4894 552 4938 tum
582 4884 652 4938 ob
685 4885 762 4938 rei
791 4891 958 4954 gestae
980 4885 1382 4952 antiquitatem,
1418 4886 1820 4954 acceptissima,

250 4983 315 5029 ut
342 4975 596 5041 arbitror,
627 4975 734 5030 illis
759 4975 884 5038 erit,
919 4975 1012 5044 qui
1051 4991 1332 5032 sacrarum
1364 4977 1671 5032 litterarum
1704 4987 1825 5032 stu-

246 5069 344 5124 dio
371 5077 639 5122 tenentur.
671 5067 904 5133 Quinam
941 5067 1073 5121 Acta
1116 5068 1220 5121 ista
1255 5055 1474 5139 scriptis
1525 5071 1823 5139 consigna-

247 5160 410 5226 verit,
441 5159 582 5214 inter
609 5157 991 5227 Epiphanium,
1029 5156 1422 5229 Hieronymum
1455 5169 1509 5214 et
1545 5159 1827 5214 Heraclia--

249 5267 386 5305 num
431 5249 927 5304 Chalcedonensem
989 5249 1306 5318 episcopum
1370 5265 1481 5303 non
1539 5251 1817 5305 convenit.

250 5340 487 5394 Sanctus
519 5339 660 5393 enim
690 5336 1026 5406 Epiphanius
1073 5340 1149 5408 (α)
1200 5347 1255 5393 et
1294 5350 1517 5394 sanctus
1560 5339 1824 5412 llierony-

248 5426 483 5496 mus.(b)
512 5426 835 5482 Archelaum
873 5427 1068 5495 ipsum,
1110 5444 1231 5496 quia).
1257 5443 1441 5484 coram
1471 5430 1694 5485 delectis
1735 5431 1826 5502 ju-

246 5520 467 5574 dicibus
511 5519 770 5574 adversus
800 5517 1066 5572 Mauetem
1102 5521 1381 5584 disseruit,
1417 5523 1621 5592 scripto
1656 5525 1822 5578 tradi-

251 5613 402 5666 disse
413 5618 624 5679 putant.
642 5607 994 5664 Ileraclianus
1010 5625 1138 5666 vero
1151 5610 1607 5671 Chalcedonensis
1620 5615 1825 5686 cpisco-

327 5763 404 5828 (a)
440 5761 583 5815 Ilter.
613 5777 757 5822 LXVI,
786 5776 938 5830 capp.
969 5761 1058 5828 2|,
1091 5762 1160 5818 ‘25
1192 5774 1243 5818 ct
1276 5766 1363 5818 52.

330 5831 508 5903 (bibe
544 5833 637 5886 rir.
678 5832 780 5899 ill.,
811 5847 861 5886 c.
896 5832 978 5884 72.

1924 4613 2232 4682 gemonium
2275 4611 2566 4681 quemdam
2631 4610 2845 4665 illorum
2870 4620 3150 4665 auctorem
3179 4609 3347 4663 fuisse
3370 4622 3498 4661 cen-

1925 4705 2053 4759 suit.
2097 4703 2375 4773 Siquidem
2415 4703 2728 4772 Photius(c)
2757 4703 2947 4756 horum
2981 4701 3286 4755 Ileracliani
3331 4700 3498 4754 libro-

1926 4811 2047 4849 rum
2074 4805 2329 4864 excerpta
2354 4794 2616 4857 referens,
2635 4794 2884 4849 eumdem
2911 4791 3289 4847 Heraclianum
3329 4793 3406 4846 ait
3440 4793 3495 4846 in

1925 4887 2267 4940 confutandis
2314 4884 2736 4954 Manichzeorum
2783 4887 3086 4947 erroribus,
3119 4900 3278 4938 usum
3323 4884 3494 4940 fuisse

1927 4977 2077 5032 Actis
2134 4977 2520 5045 disputationis
2578 4977 2830 5032 Archelai
2898 4977 3135 5046 episcopi
3201 4991 3324 5030 cum
3383 4975 3495 5029 Ma—

1925 5075 2070 5132 nete,
2102 5069 2170 5121 ab
2206 5067 2536 5136 Ilegemonio
2565 5067 2907 5136 conscriptis.
2947 5067 3011 5121 Et
3039 5065 3343 5122 llcracliani
3375 5065 3492 5136 qui-

1925 5161 2043 5213 dem
2080 5160 2400 5213 sententiam
2438 5160 2764 5214 confirmare
2793 5161 3045 5215 videntur
3076 5162 3208 5214 Acta
3238 5160 3355 5229 ipsa
3370 5159 3494 5215 'dis-

1926 5251 2248 5319 putationis,
2294 5252 2388 5305 nhi
2441 5252 2558 5306 haec
2607 5250 2836 5320 legimus
2894 5252 3023 5322 (d):
3075 5251 3335 5315 Quoniam
3377 5265 3494 5303 vero

1923 5342 2123 5412 placuit
2175 5342 2431 5397 Marceth
2497 5344 2909 5412 disputationem
2965 5345 3101 5397 hanc
3138 5346 3307 5412 excipi
3338 5354 3495 5412 atque

1925 5433 2180 5499 describi,
2243 5435 2603 5490 contradicere
2650 5453 2752 5489 non
2801 5437 2988 5504 potui,
3031 5435 3256 5503 conﬁsus
3304 5436 3366 5488 de
3404 5437 3493 5488 be~

1926 5523 2182 5592 nignitate
2233 5524 2536 5593 legentium,
2591 5527 2730 5595 quod
2773 5528 2976 5580 veniam
3027 5527 3225 5581 dabunt
3269 5529 3316 5580 si
3367 5531 3492 5598 quid

1925 5612 2223 5680 imperitum
2267 5623 2359 5666 aut
2405 5615 2662 5667 rusticum
2715 5615 2923 5669 sonabit
2955 5617 3162 5680 oratio;
3217 5616 3313 5670 hoc
3355 5619 3492 5671 enim

1999 5765 2070 5833 (τ)
2098 5766 2262 5830 Bibl.,
2293 5768 2409 5819 cod.
2444 5784 2640 5822 Lxxxv.

1997 5839 2072 5908 (tl)
2110 5838 2224 5892 Act.
2262 5839 2424 5908 diqu
2462 5854 2508 5892 c.
2541 5839 2641 5908 759.,
