3888 6504
163 307 304 366 H69

1634 301 1935 365 NOTITIA.

3271 314 3411 375 1410

158 427 460 500 putationis
487 422 740 483 Archelai
768 437 890 483 cum
924 422 1135 483 Manete
1162 428 1467 485 luculenter
1489 431 1726 485 ostendi-
1753 440 1797 495 Α
1826 430 1993 485 cratis
2023 430 2165 492 loca,
2200 429 2254 484 in
2281 429 2482 500 quibus
2510 427 2801 505 Κασχάρα,
2826 430 2909 486 vel
2944 432 3251 504 Κασχάρων
3279 451 3407 503 per-

159 534 247 577 tur
277 540 291 576 :
338 522 391 575 in
424 522 491 575 iis
520 521 665 575 enim
692 537 813 590 cap.
852 522 915 575 41
952 523 1161 593 integra
1200 521 1434 577 refertur
1474 520 1727 577 Archelai

162 614 230 667 ad
267 612 564 667 Diodorum
606 612 853 681 epistola,
900 612 951 665 in
982 628 1087 681 qua
1128 628 1187 667 se
1219 613 1457 668 voluisse
1485 612 1725 683 quidem,

160 706 242 760 ait
273 704 592 770 Archelaus,
624 705 690 758 ad
725 703 1016 758 Diodorum
1050 705 1233 759 omnia
1266 705 1628 774 perscribere.
1662 708 1729 759 de

153 801 360 869 quibus
386 813 511 855 cum
541 797 752 851 Manete
778 813 962 851 coram
988 798 1212 853 delectis
1240 798 1515 867 iudicibus
1540 797 1729 867 dispu-

151 900 400 957 taverat;
446 892 539 945 sed
567 900 849 961 propterea
902 892 970 945 iis
1002 891 1279 945 mittendis
1311 892 1683 961 supersedisse
1708 932 1724 956 ,

152 985 303 1053 quod
337 983 593 1053 deinceps
626 998 721 1053 per
743 983 913 1037 otium
945 984 1011 1038 de
1046 992 1157 1038 tota
1184 984 1550 1053 disputatione
1569 998 1725 1037 eum-

152 1076 280 1131 dem
314 1076 598 1132 certiorem
627 1077 853 1131 reddere
877 1076 1169 1147 cogitabat.
1207 1076 1265 1130 ln
1297 1076 1402 1132 fine
1433 1077 1596 1131 etiam
1621 1075 1728 1146 epi-

154 1170 313 1223 stola;
339 1177 464 1238 post
508 1167 743 1222 breviter
772 1168 1091 1237 perstrictos
1134 1166 1361 1223 Manetis
1396 1180 1640 1232 errores,
1670 1182 1728 1222 se

155 1261 330 1315 multa
361 1260 576 1316 silentio
603 1260 927 1329 praeteriisse
960 1260 1174 1325 scribit,
1212 1260 1341 1314 dum
1369 1259 1597 1313 celerem
1623 1259 1727 1327 ipsi

151 1353 573 1422 responsionem
608 1352 834 1407 reddere
863 1348 1106 1417 festinat,
1155 1368 1224 1407 ne
1253 1351 1477 1405 minima
1505 1350 1724 1420 quidem

148 1444 426 1500 librorum
475 1446 543 1503 ad
587 1447 836 1502 eumdem
888 1447 1179 1501 missorum
1228 1444 1502 1499 mentione
1559 1441 1723 1496 facta.

150 1537 377 1593 Certum
402 1538 587 1608 itaque
610 1550 711 1605 est,
740 1541 1085 1601 Archelaum,
1110 1552 1220 1607 quo
1243 1547 1485 1609 tempore
1504 1536 1571 1590 ad
1596 1533 1727 1588 Dio-

149 1630 347 1684 dorum
383 1631 757 1702 presbyterum
800 1632 1008 1687 litteras
1035 1629 1215 1694 dedit,
1253 1628 1434 1683 nullos
1462 1627 1725 1681 adversus

147 1721 384 1778 Manetis
420 1724 666 1779 haeresim
697 1724 866 1779 libros
893 1724 1246 1778 clucuhrasse
1274 1735 1287 1774 :
1318 1720 1409 1775 sed
1439 1734 1540 1774 nec
1567 1734 1726 1774 secu-

1828 514 2013 592 peram
2064 521 2279 592 legitur.
2333 520 2506 576 Porro
2558 524 2746 577 urbem
2798 523 3090 592 quamdam
3137 526 3407 581 Carcham

1829 614 2050 667 nomine
2098 613 2151 667 in
2200 613 2400 667 Arabia
2452 612 2631 668 Felice
2664 615 2821 668 sitam
2859 614 3050 680 fuisse,
3102 624 3409 688 anonymns

1828 703 2116 759 Ravennas
2157 702 2496 774 Geographie:
2548 706 2780 776 scriptor
2828 707 2992 761 tradit
3034 706 3125 777 (e).
3162 706 3411 766 Meminit

1829 807 1882 850 et
1907 796 2129 850 alterius
2160 796 2384 850 Carcba:
2415 795 2741 851 Ammianus
2778 797 3127 853 Marcellinus
3173 800 3263 868 (ι’).
3304 799 3407 855 Ve-

1828 900 1946 940 rum
1972 897 2176 941 neutra:
2202 889 2395 941 harum
2423 888 2637 941 urbium
2669 889 2965 943 Archelaus
2990 892 3286 960 episcopus
3313 908 3406 947 exi

1829 977 2000 1041 stitit;
2034 992 2157 1029 nam
2190 977 2309 1046 ejus
2351 994 2475 1032 cum
2508 978 2717 1032 Manete
2760 979 3057 1048 disputatio
3092 982 3275 1037 habita
3308 980 3398 1038 est.

1829 1066 1882 1118 in
1912 1066 2311 1135 Mesopotamia:
2353 1070 2487 1123 urbe
2521 1070 2623 1125 sub
2656 1068 3023 1123 Romanorum
3056 1072 3261 1126 ditione
3300 1088 3399 1142 po-

1830 1158 1957 1220 sita,
1995 1159 2152 1226 cujus
2182 1160 2554 1228 episc0patum
2578 1160 2858 1214 obtinebat
2878 1162 3198 1227 Archelaus,
3231 1173 3289 1217 ut
3314 1164 3401 1217 di-

1827 1258 1968 1304 serte
2008 1251 2207 1304 dicitur
2248 1251 2388 1320 apud
2425 1251 2811 1321 Epiphanium,
2854 1262 2908 1306 et
2946 1253 3000 1307 in
3030 1252 3181 1309 Actis
3230 1255 3405 1324 ipsius

1826 1340 2252 1410 disputationis:
2299 1340 2508 1396 Carcha
2561 1358 2691 1397 vero
2745 1359 2775 1397 a
2824 1342 3148 1398 Marcellino
3196 1360 3406 1400 mentea

1826 1442 1964 1497 rata,
2001 1442 2151 1487 extra
2182 1432 2652 1501 MeSOpotamiam,
2683 1441 2835 1490 trans
2868 1435 3095 1504 Tigrim,
3130 1436 3184 1489 in
3211 1436 3404 1492 Persas

1826 1541 1948 1579 rum
1975 1526 2181 1581 ditione
2214 1528 2317 1582 sita
2351 1537 2487 1590 erat,
2521 1530 2712 1582 eodem
2744 1530 3035 1584 Ammiano
3079 1536 3218 1585 teste
3258 1531 3403 1588 locis

1826 1622 2082 1679 laudatis.
2113 1623 2340 1679 Carcba:
2369 1639 2591 1694 quoque
2623 1625 2838 1680 Arabia:
2870 1626 3043 1691 urbis,
3070 1626 3228 1694 cujus
3251 1628 3396 1697 apud

1826 1730 2156 1787 anonymum
2186 1716 2553 1771 Ravennatem
2578 1716 2780 1771 mentio
2800 1725 2904 1779 est,
2926 1716 3227 1772 Archelaus
3250 1718 3405 1774 nullo

151 1816 224 1869 tis
252 1814 505 1884 deinceps
536 1816 873 1884 temporibus
918 1815 1039 1869 libri
1088 1813 1181 1867 ulli
1218 1812 1287 1865 ab
1320 1810 1587 1866 Archelao
1624 1810 1722 1863 ad-
1755 1790 1799 1845 Β
1825 1817 1985 1877 pacto
2016 1808 2305 1877 episcopus
2335 1824 2455 1862 esse
2502 1808 2712 1877 potuit;
2765 1823 2888 1862 cum
2940 1808 3153 1877 antiqui
3203 1824 3399 1866 omnes

148 1919 345 1959 versus
378 1904 627 1959 eumdem
662 1905 850 1974 scripti
900 1904 1069 1958 fuisse
1107 1903 1389 1965 videntur;
1442 1900 1549 1955 nisi
1594 1900 1720 1968 quis

148 1996 446 2050 contendat
473 1996 763 2065 ipsummet
790 1997 921 2052 Acta
950 1996 1334 2065 disputationis
1362 2009 1475 2048 suae
1499 1992 1719 2061 scriptis

151 2086 465 2141 mandasse.
511 2085 646 2140 Nam
681 2086 1018 2157 Epiphanius
1055 2088 1170 2156 ipse
1210 2101 1277 2141 ex
1319 2085 1426 2139 alio
1459 2084 1718 2153 quopiam

148 2177 405 2232 Archelai
437 2179 575 2233 libro
603 2179 678 2232 nil
711 2180 922 2243 recitat,
962 2179 1208 2249 nihilque
1246 2176 1417 2232 ferme
1456 2177 1718 2231 adversus

147 2264 575 2322 Manichaeorum
606 2283 819 2323 errores
845 2268 1069 2338 profert,
1094 2270 1239 2338 quod
1262 2270 1314 2322 in
1338 2269 1719 2337 disputationis

149 2375 186 2413 a
216 2361 374 2414 nobis
401 2362 558 2415 editae
590 2360 740 2415 Actis
770 2376 878 2415 non
915 2362 1236 2430 reperiatur.
1275 2360 1474 2414 Eadem
1500 2375 1718 2429 quoque

150 2452 270 2505 sola
308 2452 460 2517 Acta,
495 2468 601 2505 non
629 2468 757 2507 vero
782 2453 918 2507 alios
947 2454 1233 2523 quospiam
1260 2451 1509 2507 Archelai
1546 2452 1717 2507 libros

143 2541 337 2596 laudat
366 2541 718 2598 lleraclianus
746 2543 1203 2599 Chalcedonensis
1240 2544 1548 2614 episcOpus,
1585 2544 1716 2597 dum

145 2632 397 2687 omnium
428 2633 777 2703 antiquorum
804 2633 1024 2689 Patrum
1054 2635 1252 2705 scripta
1290 2644 1714 2703 commemorat,

144 2725 351 2793 quibus
388 2726 440 2778 in
471 2740 571 2778 suo
594 2725 857 2780 adversus
887 2725 1217 2782 Manichzeos
1240 2744 1402 2797 opere
1429 2744 1579 2787 usus:
1599 2728 1718 2783 fue-

145 2826 253 2871 rat.
287 2817 650 2883 Quamobrem
703 2799 990 2873 dicendum
1036 2830 1138 2885 est,
1186 2822 1287 2875 hac
1328 2821 1381 2875 in
1415 2836 1472 2876 re
1500 2836 1717 2891 quoque

142 2911 373 2963 humani
400 2911 529 2979 quid
554 2925 775 2979 passum
802 2909 969 2967 fuisse
990 2911 1372 2981 Epiphanium,
1396 2921 1449 2967 et
1481 2913 1713 2967 duorum

140 3003 399 3057 Archelai
429 2999 695 3057 librorum
729 3004 849 3058 loco
880 3004 1135 3059 habuisse
1160 3004 1294 3059 Acta
1322 3005 1438 3074 ipsa
1470 3004 1717 3074 disputa-

142 3096 315 3149 tionis
337 3112 365 3149 a
395 3096 552 3151 nobis
574 3096 731 3151 edita:
757 3114 769 3149 :
805 3112 925 3166 quae
951 3112 1074 3151 cum
1111 3113 1199 3151 res
1239 3098 1469 3152 diversis
1500 3106 1715 3167 tempo-

139 3188 308 3242 ribus
351 3198 531 3258 gcstas
566 3188 1015 3257 complectantur,
1042 3187 1185 3241 haud
1222 3189 1369 3242 inani
1397 3191 1715 3258 conjectura

135 3281 326 3350 colligi
362 3290 558 3349 potest,
590 3280 643 3335 itt
676 3283 812 3337 duas
843 3282 971 3335 olim
1016 3291 1199 3350 partes
1229 3281 1402 3335 divisa
1438 3281 1633 3346 fuisse,
1661 3283 1715 3335 in

138 3387 377 3441 quarunt
403 3372 583 3441 priore
604 3373 900 3442 disputatio
921 3372 1171 3427 Archelai
1196 3388 1318 3426 cum
1345 3371 1552 3427 Manete
1574 3374 1715 3441 apud

136 3468 375 3530 Carras;
404 3465 458 3518 in
491 3467 725 3520 secunda
756 3481 905 3531 vero,
931 3476 1124 3520 cuncta
1152 3482 1271 3535 qua:
1303 3476 1410 3519 tam
1448 3465 1716 3522 Diodorus

137 3555 453 3625 presbyter,
483 3570 648 3624 quam
690 3557 831 3610 idem
871 3556 1172 3611 Archelaus
1202 3572 1232 3609 a
1280 3555 1516 3611 Diodoro
1544 3558 1716 3611 moni-

136 3657 253 3712 tus,
286 3657 477 3702 contra
504 3645 768 3703 Manetem
803 3650 855 3703 in
882 3647 1193 3704 Diodoridis
1222 3658 1405 3704 castro
1427 3649 1558 3718 egit,
1583 3663 1717 3704 con-

133 3736 473 3791 tinerentur.

212 3826 308 3882 1V.
352 3826 632 3897 Jam,vero
670 3829 997 3885 Archelaum
1042 3831 1372 3903 Κασχάρων,
1419 3831 1714 3887 Casclmro-

136 3937 263 3975 rum
304 3922 617 3991 episcopum
663 3920 831 3977 fuisse
872 3924 1033 3978 tradit
1065 3922 1313 3979 Socrates
1346 3926 1444 3991 (a),
1476 3924 1713 3993 Epipha-

134 4014 295 4066 nium
330 4021 548 4067 secutus
583 4011 679 4083 (lt).
708 4012 779 4066 At
820 4010 1017 4067 auctor
1041 4013 1143 4067 iste
1177 4013 1277 4067 sibi
1314 4028 1421 4065 non
1458 4020 1709 4077 constat,

135 4111 330 4171 utpote
359 4102 452 4171 qui
485 4103 703 4165 urbem,
735 4102 892 4169 cujus
921 4102 1207 4172 episcopus
1228 4111 1344 4157 erat
1376 4102 1674 4156 Archelaus
1693 4143 1709 4167 ,

132 4192 443 4267 Καρχὰρην
479 4194 605 4248 alibi
653 4195 898 4250 nominat
928 4196 997 4266 (ε)
1033 4196 1085 4250 in
1134 4195 1423 4250 Petaviaua
1451 4196 1709 4264 editione,

1826 1900 2117 1969 scriptores
2144 1916 2267 1954 eum
2301 1916 2406 1954 non
2444 1901 2677 1966 Arabise,
2706 1901 2797 1955 sed
2841 1899 3245 1969 Mesopotamia:
3276 1904 3399 1972 epi-

1826 2008 2053 2061 scopum
2098 1991 2267 2047 fuisse
2304 1994 2536 2047 tradant.
2566 1990 2931 2047 Posteriorem
2976 1994 3117 2062 apud
3149 1994 3389 2064 Epipha-

1824 2086 1975 2141 nium
2000 2085 2308 2148 lectionem,
2328 2094 2522 2153 praeter
2548 2083 2767 2139 Petrum
2790 2084 3035 2139 Siculum
3064 2094 3227 2155 atque
3252 2087 3394 2140 Pho-

1825 2179 1980 2241 tium,
1994 2176 2224 2245 probare
2241 2175 2461 2243 insuper
2476 2173 2867 2229 videnturActa
2881 2175 2992 2244 ipsa
3010 2175 3398 2245 disputationis

1821 2266 2073 2320 Archelai
2115 2280 2239 2320 cum
2282 2263 2515 2327 Manete,
2565 2265 2618 2317 in
2675 2279 2910 2333 quorum
2958 2266 3114 2319 initio
3146 2266 3348 2319 dicitur

1826 2359 2123 2414 Tltesaurus
2160 2374 2331 2424 verus,
2373 2358 2481 2411 sive
2517 2357 2811 2426 disputatio
2840 2357 3022 2411 habita
3059 2359 3115 2411 in
3159 2358 3397 2413 Carchar

1822 2452 2031 2505 civitate
2050 2449 2463 2517 Mesopotamiae.
2491 2447 2691 2503 Verum
2725 2465 2847 2505 cum
2882 2448 3108 2504 inferius
3130 2450 3204 2519 (g)
3226 2451 3398 2505 Chars

1821 2559 1938 2598 ram
1972 2543 2227 2605 habeant,
2263 2556 2494 2611 eamque
2520 2540 2927 2611 MeSOpotamite
2961 2542 3147 2595 urbem
3174 2557 3294 2599 csse
3319 2542 3399 2597 di-

1822 2643 1976 2702 cant;
2024 2634 2149 2690 hinc
2179 2633 2359 2689 lucide
2384 2642 2619 2697 constat,
2665 2642 2775 2687 tam
2803 2633 2990 2687 eadem
3039 2633 3198 2700 Acta,
3232 2644 3395 2704 quam

1821 2726 2183 2797 Epiphanium
2215 2738 2271 2779 et
2303 2725 2461 2791 alios,
2505 2724 2883 2795 intelligendos
2917 2739 3040 2779 esse
3068 2726 3133 2779 de
3163 2724 3397 2780 Charris

1822 2820 2169 2874 celeberrima
2194 2818 2597 2888 Mesopotamia:
2626 2821 2787 2886 urbe;
2824 2821 2964 2875 ttnde
2990 2822 3104 2875 vias
3130 2821 3266 2875 duas
3296 2836 3386 2874 rc-

1823 2909 1938 2979 gias
1970 2910 2025 2964 in
2061 2908 2338 2965 Persidem
2370 2910 2631 2965 ducentes
2662 2910 2922 2979 distingui
2958 2911 3121 2965 tradit
3153 2910 3389 2966 Marcel‘

1822 3004 1967 3059 linus
2031 3002 2107 3074 (It)
2150 3022 2164 3057 :
2196 3019 2317 3073 qua:
2364 3004 2496 3058 urbs
2526 3001 2733 3057 Charra
2761 3004 2925 3057 etiam
2962 3005 3219 3059 scribitur
3246 3005 3392 3074 apud

1822 3093 2049 3149 Paulum
2097 3094 2397 3149 Diaconum
2444 3094 2529 3165 (i).
2577 3094 2815 3149 Carchar
2867 3104 3090 3159 autem,
3131 3096 3215 3149 vel
3260 3098 3393 3150 Caro‘

1820 3188 1983 3241 chara
2030 3187 2084 3241 itt
2115 3187 2318 3241 eisdem
2364 3186 2539 3247 Actis,
2580 3194 2635 3240 et
2674 3186 2816 3255 apud
2850 3185 3209 3256 Epiphanium
3256 3188 3395 3241 scri-

1820 3287 1968 3347 ptum
2013 3276 2181 3332 fuisse
2211 3277 2445 3342 videtur,
2482 3276 2830 3329 librariorum
2884 3276 3115 3330 forsitan
3162 3290 3390 3345 errore,

1816 3371 1900 3425 vel
1933 3370 2077 3439 quod
2108 3370 2316 3440 vulgari
2361 3370 2740 3441 indigenarum
2773 3368 2957 3439 lingua
2984 3369 3059 3423 ita
3099 3383 3387 3439 nuncupa«

1818 3470 1994 3516 retur.

1892 3551 1953 3607 ν.
1991 3552 2066 3607 De
2096 3560 2337 3623 tempore
2365 3553 2529 3608 etiam
2567 3552 2767 3608 habitae
2798 3552 2867 3607 ab
2900 3551 3169 3607 Archelao
3198 3551 3391 3621 dispua

1818 3644 2046 3699 tationis
2075 3654 2446 3699 consentanea
2473 3645 2575 3699 sibi
2599 3660 2942 3715 nequaquam
2968 3643 3131 3698 tradit
3156 3642 3395 3713 Epipha-

1816 3735 1977 3802 nius;
2032 3750 2156 3788 nam
2209 3736 2263 3789 in
2305 3736 2443 3790 libro
2500 3734 2576 3789 De
2620 3738 2877 3790 mensuris
2917 3746 2966 3789 et
3016 3734 3333 3804 ponderibus
3362 3773 3380 3797 ,

1816 3842 1967 3880 num.
2000 3826 2091 3888 9.0,
2127 3825 2393 3880 Manetem
2425 3828 2494 3881 ob
2521 3837 2881 3896 perpetratum
2913 3826 3054 3894 regis
3088 3825 3379 3879 Persarum

1814 3918 1907 3970 filii
1943 3932 2127 3971 necem
2156 3933 2221 3971 ex
2250 3916 2473 3971 Perside
2504 3916 2812 3987 profugum,
2850 3917 2900 3969 in
2931 3914 3380 3984 Mesopotamiam

1814 4023 1959 4061 nono
1987 4008 2257 4062 Valeriani
2289 4018 2343 4061 et
2369 4007 2597 4061 Gallieni
2626 4008 2793 4076 impp.
2834 4022 2977 4060 anno
3009 4006 3243 4068 venisse,
3274 4006 3377 4074 qui

1811 4110 1894 4154 est
1922 4099 2247 4154 Christiana:
2273 4115 2393 4154 aera:
2432 4114 2609 4153 annus
2637 4098 2763 4160 262,
2797 4098 3097 4167 eodemque
3137 4106 3384 4167 tempore

1810 4208 1935 4248 cum
1964 4193 2231 4247 Archelao
2262 4190 2501 4261 ejusdem
2530 4189 2769 4261 regionis
2794 4190 3054 4258 episcopo
3076 4188 3388 4258 disputasse

132 4287 271 4343 licet
308 4290 361 4341 in
398 4288 503 4341 alia
538 4287 833 4343 Basilcensi
864 4289 1101 4343 editione
1126 4290 1435 4361 Καλχάρων
1456 4299 1710 4359 corrupte
1810 4280 1992 4337 refert.
2029 4284 2093 4337 At
2124 4282 2178 4335 in
2211 4282 2405 4337 haeresi
2436 4281 2869 4335 Manichmorum
2901 4280 3002 4334 sub
3037 4280 3215 4349 ipsum
3258 4294 3390 4349 epe-

133 4382 424 4436 babeatur.
460 4380 807 4449 Postremem
851 4384 992 4437 hanc
1038 4384 1324 4438 lectionem
1373 4384 1711 4453 expressisse

1822 4374 1888 4427 ris
1906 4373 2141 4438 initium,
2163 4381 2217 4426 et
2236 4387 2388 4426 num.
2420 4372 2514 4435 20,
2541 4372 2776 4440 primum
2800 4369 3020 4439 quidem
3045 4381 3194 4424 ortos
3219 4369 3389 4425 fuisse

133 4473 361 4527 videtur
396 4472 732 4543 Epiphanius
759 4490 823 4527 ex
854 4474 1003 4530 Actis
1031 4475 1162 4544 ipsis
1193 4475 1578 4544 disputationis
1604 4476 1711 4527 Ar-
1745 4497 1787 4551 ι)
1814 4463 2163 4531 Μιιιιίριιίνοε.
2209 4479 2304 4518 seu
2333 4464 2513 4530 potius
2551 4464 2833 4531 antiquam
2872 4462 2939 4515 de
2969 4462 3116 4515 bono
3145 4477 3209 4516 ac
3241 4462 3389 4517 malo

133 4568 319 4623 chelai
348 4567 583 4637 episcopi
617 4580 741 4623 ctnn
773 4568 1001 4633 Manete,
1038 4569 1090 4621 in
1122 4584 1352 4637 quorum
1388 4569 1543 4623 initio
1571 4567 1709 4622 dici-

132 4671 230 4716 tur
258 4680 271 4715 :
310 4659 607 4715 Thesaurus
633 4674 803 4725 verus,
833 4663 937 4715 sive
965 4662 1255 4730 disputatio
1276 4660 1460 4714 habita
1491 4662 1547 4714 in
1573 4660 1709 4715 Car-

131 4754 269 4806 char
304 4753 517 4806 civitate
559 4753 992 4822 Mesopotamiae;
1032 4768 1263 4821 eamque
1309 4752 1596 4807 lectionem
1632 4766 1712 4805 se-

132 4850 387 4911 quuntur
414 4840 610 4897 Petrus
631 4842 850 4896 Siculus
876 4842 952 4909 (d)
976 4851 1029 4897 et
1047 4841 1270 4899 Photius
1282 4841 1341 4895 P.
1356 4840 1458 4895 (ΣΡ.
1474 4840 1529 4893 in
1547 4854 1710 4908 opere

132 4937 323 4991 adhuc
367 4935 570 4989 inedito
599 4936 860 4989 adversus
902 4934 1232 4988 Manichzeos
1262 4946 1363 4986 suo
1392 4947 1505 4985 tcVo
1536 4930 1712 5000 repul-

131 5030 396 5093 lulantes,
430 5028 523 5081 lib.
566 5042 603 5091 ι,
640 5027 732 5095 qui
762 5028 889 5079 dum
937 5024 1224 5094 Epipltanii
1274 5023 1615 5076 narrationes
1651 5022 1705 5075 in

128 5123 411 5189 cpitomen
454 5120 725 5189 redigunt,
756 5118 1079 5170 Archelaum
1114 5132 1221 5168 non
1261 5115 1589 5184 Καςχάρων,
1623 5112 1707 5167 vel

128 5213 465 5284 Καλχάρων,
496 5212 589 5267 sed
620 5210 925 5281 Καρχὰρων
949 5209 1258 5277 episcopum
1292 5214 1527 5260 vocant:
1562 5204 1705 5258 unde

127 5307 302 5362 etiam
332 5312 499 5375 patet,
538 5304 881 5358 emendanda
904 5317 1025 5356 esse
1052 5300 1157 5354 alia
1186 5298 1471 5368 Epiphanii
1514 5306 1568 5353 et
1601 5295 1706 5352 So-

205 5482 289 5554 (a)
323 5478 611 5554 Hisneccl.
632 5478 726 5531 lib.
757 5493 798 5541 ι,
830 5476 1069 5554 cap.__2‘2.

204 5545 287 5624 (bi
342 5551 483 5606 Hier.
520 5565 687 5624 tam,
746 5545 911 5618 capp;
950 5549 983 5602 5
1034 5554 1087 5603 et
1115 5547 1166 5616 7,
1222 5554 1274 5603 et
1316 5545 1389 5600 De
1440 5563 1603 5601 mens.
1654 5555 1701 5599 et

125 5621 333 5699 ριινιᾴ.ζ
355 5637 479 5699 cap.
513 5621 603 5675 20.

204 5698 280 5764 (ο)
313 5687 585 5764 ῐιιηΊιιιξς.
618 5700 766 5764 cxvt,
798 5701 916 5756 cap.

208 5758 290 5833 id)
328 5762 471 5817 Hist.
502 5760 760 5823 Maniclt.,
791 5773 910 5829 pag.
941 5758 1028 5812 57.

1818 4555 1927 4610 Deo
1962 4556 2209 4610 haeresim
2256 4571 2287 4609 a
2315 4554 2525 4608 Maneto
2568 4569 2663 4622 per
2695 4554 2876 4607 varias
2919 4553 3068 4607 orbis
3116 4563 3388 4607 terrarum

1810 4658 1992 4719 partes
2025 4649 2171 4704 circa
2196 4663 2398 4702 annum
2433 4662 2485 4699 1v
2516 4646 2796 4699 Aureliani
2828 4646 2957 4714 imp.
2989 4660 3181 4699 rursus
3204 4644 3387 4697 divul—

1813 4752 1991 4813 gatam
2018 4742 2188 4796 fuisse
2213 4741 2433 4805 scribit;
2466 4739 2659 4793 deinde
2688 4753 2817 4791 vero
2860 4738 2962 4791 sub
2993 4737 3287 4790 Aureliano
3328 4744 3387 4792 et

1809 4833 1987 4888 Probo
2014 4832 2065 4886 id
2094 4848 2123 4886 a
2157 4830 2366 4885 Manete
2399 4831 2599 4883 factum
2648 4828 2819 4882 fuisse
2854 4828 3060 4889 innuit,
3104 4839 3164 4880 ut
3199 4827 3385 4881 videro

1809 4934 1890 4979 est
1921 4939 2072 4977 num.
2106 4922 2193 4984 i9,
2228 4922 2321 4985 20,
2360 4920 2430 4975 59
2480 4928 2535 4974 et
2566 4920 2631 4971 77
2658 4918 2901 4987 ejusdem
2930 4918 3219 4972 haereseos.
3255 4915 3377 4972 Non

1807 5014 1985 5082 potuit
2006 5020 2187 5066 autem
2214 5010 2513 5065 Archelaus
2536 5008 2806 5063 Valeriani
2831 5019 2881 5062 et
2900 5007 3127 5084 Gallieni
3152 5022 3294 5061 anno
3319 5023 3374 5062 Ix

1808 5103 2073 5158 Manetcm
2121 5103 2239 5155 viva
2275 5117 2408 5156 voce
2438 5102 2741 5166 confutare,
2778 5109 2835 5154 ut
2875 5100 2928 5152 in
2964 5100 3109 5152 libro
3135 5098 3205 5152 De
3231 5115 3375 5152 men-

1807 5196 1946 5249 suris
1974 5202 2022 5248 et
2052 5192 2368 5261 ponderibus
2397 5192 2472 5245 ait
2500 5190 2858 5260 Epiphanius,
2894 5190 2939 5244 si
2968 5198 3091 5258 post
3115 5204 3220 5242 non
3248 5204 3383 5259 pau-

1807 5302 1902 5341 cos
1936 5300 2132 5350 annos,
2162 5284 2249 5339 vei
2275 5298 2419 5338 anno
2466 5298 2518 5337 tv
2558 5278 2857 5347 Aureliani,
2907 5281 2990 5335 vel
3035 5280 3178 5335 circa
3210 5279 3374 5334 tinem

1878 5468 1946 5538 (ε)
1992 5466 2177 5537 Geogr.
2209 5466 2303 5519 lib.
2341 5480 2404 5527 ιι,
2438 5479 2556 5538 cap.
2597 5463 2647 5513 '7.

1876 5530 1943 5606 (Π
1979 5530 2282 5599 Ιδίὺ.’χνιιι,
2314 5551 2433 5603 cap.
2469 5530 2559 5597 23,
2596 5544 2648 5587 et
2677 5533 2769 5585 lib.
2810 5548 2937 5597 xxv,
2974 5547 3092 5601 cap.
3127 5530 3218 5597 ‘20,
3246 5530 3339 5585 ‘21.

1879 5612 1952 5677 (g)
1979 5610 2107 5661 Acta
2134 5608 2363 5674 disput.,
2396 5621 2524 5677 cap._
2547 5606 2599 5658 '5.

1879 5674 1954 5746 (ἦ)
1987 5678 2101 5731 Lib.
2145 5693 2305 5739 mu,
2343 5691 2461 5744 cap.
2499 5674 2553 5727 4.

1880 5740 1946 5820 (ἰ)
1969 5747 2110 5802 Hist.
2142 5748 2313 5814 mira,
2342 5740 2434 5800 lib'.
2471 5761 2603 5809 χχιι,
2638 5758 2752 5813 cap.
2788 5740 2877 5796 20.
