3888 6472
531 293 659 348 “ll

1409 289 1466 345 S.
1509 288 1929 343 ARCllELAUS
1959 285 2479 342 MESOPOTAMUE
2518 278 2934 345 EPISCOPUS!

3604 290 3709 343 itii

527 405 771 477 ejusdem
804 405 1038 475 imperii,
1067 416 1120 460 et
1148 405 1363 460 initium
1394 404 1578 472 Probi,
1609 405 1793 461 Manes
1827 404 2101 472 antiquio-
2128 409 2175 465 Α
2203 405 2363 470 nerit,
2395 412 2455 458 ut
2485 420 2553 460 eo
2601 414 2845 475 tempore
2892 403 3164 473 incepisse
3216 401 3597 472 quodammodo
3634 404 3711 459 dici

528 500 607 554 ris
635 498 830 553 nefarii
860 499 1128 568 dogmatis
1178 499 1514 554 incrementa
1564 498 1899 568 procuravit.
1941 490 2100 551 Prio-

528 607 642 646 rem
695 589 982 660 Epiphanii
1016 590 1289 644 calculum
1341 590 1394 643 in
1438 590 1580 644 libro
1625 590 1701 643 De
1746 590 2004 643 mensuris
2052 597 2101 643 et

526 684 840 754 ponderibus
871 683 1117 752 sequitur
1151 681 1346 736 Petrus
1378 680 1599 736 Siculus
1629 681 1667 735 l.
1699 698 1749 736 e.
1783 690 1838 735 et
1876 680 2103 737 Pbotius

526 776 584 831 in
610 776 829 830 laudato
855 774 950 828 lib.
983 789 996 827 ι
1031 774 1294 828 adversus
1321 772 1654 828 Manichaeos
1687 772 2101 841 repullulantes,

527 866 653 921 licet
680 864 1002 919 Valerianus
1040 864 1179 933 Aug.
1214 863 1323 931 iam
1348 864 1415 917 ab
1444 878 1590 917 anno
1632 878 1708 916 vn
1740 863 1860 929 ejus
1890 862 2102 931 imperii

528 976 558 1013 a
599 956 807 1027 Sapore
841 971 964 1025 rege
987 954 1280 1008 Persarum
1308 964 1498 1023 captus
1524 953 1705 1007 fuerit.
1735 951 2101 1005 Posteriorem

526 1065 656 1103 vero
684 1048 914 1118 probant
947 1047 1078 1099 Acta
1114 1045 1228 1114 ipsa
1264 1043 1649 1112 disputationis
1686 1043 1935 1097 Archelai
1977 1058 2101 1096 cum

528 1139 761 1203 Manete,
791 1154 857 1191 ex
888 1152 1124 1207 quorum
1153 1152 1275 1205 cap.
1310 1135 1379 1190 57
1410 1135 1585 1189 lucide
1624 1144 1868 1203 apparet,
1901 1135 2107 1189 Arche-

527 1231 676 1283 laum
712 1228 814 1281 sub
844 1226 1073 1295 imperio
1102 1224 1290 1289 Probi,
1327 1239 1438 1277 non
1469 1233 1651 1278 autem
1682 1224 1947 1288 Gallieni,
1976 1238 2101 1277 cmn

528 1320 739 1376 M‘anete
773 1320 840 1374 de
868 1318 1027 1388 cujus
1056 1315 1251 1371 haeresi
1298 1316 1374 1369 nil
1404 1316 1585 1370 adhuc
1623 1318 1727 1372 sibi
1762 1328 2103 1386 compertum

528 1425 668 1480 erat,
694 1416 1022 1484 disputasse.
1053 1411 1290 1483 Cyrillus
1318 1425 1538 1481 quoque
1560 1409 2101 1480 Hierosolymitauus,

527 1508 619 1578 qui
647 1505 985 1577 septuaginta
1015 1513 1224 1558 tantum
1266 1503 1427 1557 annis
1470 1512 1597 1572 post
1625 1502 1889 1555 detectam
1919 1498 2104 1552 Mane-

526 1603 598 1656 tis
620 1600 867 1654 haeresim
894 1614 953 1653 se
980 1596 1219 1651 scribere
1241 1604 1473 1649 testatur
1507 1592 1604 1664 (α),
1630 1593 1897 1647 Manetem
1920 1590 2102 1644 Probo

528 1693 830 1762 imperante
858 1690 1109 1745 haeresim
1146 1688 1428 1759 divulgare
1460 1687 1713 1756 crepisse,
1745 1685 1945 1739 diserte
1969 1683 2106 1737 scri-

2207 497 2464 566 potuerit.
2510 496 2736 552 Videtur
2768 498 2913 552 enim
2945 496 3248 551 Archelaus
3283 506 3402 564 post
3430 494 3712 549 confutatam

2206 605 2388 644 coram
2418 589 2695 659 judicibus
2728 589 3021 652 Manetem,
3063 604 3175 642 rem
3218 596 3389 641 totam
3435 588 3620 641 cunctis
3645 602 3713 656 per

2205 681 2393 735 orbem
2417 682 2687 751 episcopis
2716 692 2902 736 notam
2928 681 3147 743 fecisse,
3175 689 3235 732 ut
3263 679 3462 732 labanti
3491 679 3712 733 catholica

2205 773 2349 838 lidei,
2380 780 2579 841 quanta
2624 782 2846 840 possent
2893 773 3182 828 sedulitate
3225 778 3621 825 succurrerent:
3648 784 3713 823 eo-

2204 880 2309 933 que
2342 875 2501 933 pacto
2551 864 2752 920 factum
2787 863 2957 919 fuisse
2988 880 3086 934 par
3131 873 3236 927 est,
3288 869 3349 915 ut
3391 861 3480 930 qui
3510 860 3711 915 subdolos

2204 957 2626 1013 Maniehmorum
2659 973 2982 1029 progressus
3018 956 3362 1026 ignorabant,
3398 962 3519 1007 tunc
3550 951 3711 1006 illorum

2206 1053 2455 1107 haeresim
2502 1060 2683 1107 ortam
2732 1050 2902 1105 fuisse
2954 1047 3309 1106 crediderint.
3368 1058 3488 1099 cum
3534 1044 3711 1112 primum

2205 1146 2449 1215 ejusdem
2480 1144 2728 1199 notitiam
2767 1159 2833 1198 ex
2865 1143 3114 1197 Archelai
3145 1141 3346 1195 litteris
3377 1139 3661 1193 habuerunt.

2280 1234 2389 1289 VII.
2432 1234 2536 1290 Sed
2592 1246 2646 1289 et
2710 1236 2905 1289 habita:
2951 1237 3017 1288 ab
3071 1232 3342 1288 Archelao
3394 1230 3710 1299 disputationis

2207 1334 2420 1395 tempus
2470 1342 2537 1380 ex
2586 1324 2649 1379 D.
2698 1325 2877 1379 Leone
2926 1323 3121 1393 Magno
3173 1320 3457 1391 prmcisius
3503 1318 3709 1387 designari

2207 1425 2403 1484 potest,
2433 1417 2524 1486 qui
2549 1417 2601 1469 in
2633 1430 2885 1471 sermone
2910 1431 2946 1468 ιι
2977 1415 3042 1469 de
3062 1413 3407 1473 Pentecoste,
3430 1409 3711 1463 Manicheum

2207 1508 2533 1571 innotuisse,
2566 1507 2663 1571 ait,
2700 1505 2874 1560 Proho
2920 1505 3050 1573 imp.
3097 1515 3150 1556 et
3193 1500 3429 1556 Paulino
3455 1512 3711 1563 coss.,anno

2206 1608 2329 1669 post
2355 1598 2559 1655 Christi
2592 1598 3049 1654 resurrectionem
3079 1592 3208 1659 250,
3236 1603 3296 1647 ut
3323 1590 3712 1647 accommodatius

2208 1691 2274 1743 ad
2320 1690 2765 1760 chronologicam
2819 1688 3101 1743 veritatem
3153 1686 3208 1737 in
3261 1684 3448 1738 codice
3486 1681 3709 1735 Oxoniensi

527 1784 626 1837 bit.
660 1783 956 1837 Dicendum
986 1782 1169 1851 itaque
1204 1791 1306 1846 est,
1348 1779 1710 1849 Epiphanium
1741 1779 1797 1832 in
1840 1778 1983 1831 libro
2022 1776 2100 1830 De
2134 1766 2177 1821 Β
2208 1782 2309 1852 legi
2364 1782 2692 1848 Quesnellus
2736 1790 2986 1836 testatur.
3035 1780 3103 1832 At
3146 1778 3236 1832 hic
3286 1776 3447 1830 Probi
3485 1785 3533 1829 et
3560 1775 3709 1827 Paulini

528 1874 787 1927 mensuris
819 1884 868 1926 et
919 1871 1235 1941 ponderibus
1282 1885 1519 1935 errasse,
1567 1878 1622 1924 et
1663 1869 1837 1922 multo
1873 1867 2108 1922 certiora

526 1966 595 2020 de
624 1965 1049 2021 Hanichzeorum
1082 1964 1306 2019 hatresis
1330 1973 1519 2018 exortu
1562 1963 1614 2015 in
1647 1961 1800 2014 libris
1842 1961 2104 2013 Aduersus

526 2060 747 2113 Izazreses
787 2058 944 2112 nobis
998 2054 1487 2121 tradidisse,'licet
1531 2054 1585 2108 in
1644 2054 1849 2107 eisdem
1890 2066 2107 2121 quoque

526 2151 683 2205 libris
737 2150 934 2203 iterum
995 2149 1100 2203 sibi
1154 2164 1264 2204 non
1322 2156 1574 2202 constare
1623 2145 2101 2215 deprehendatur:

526 2258 652 2297 nam
695 2257 822 2297 cum
875 2242 1103 2297 dixisset
1136 2254 1282 2295 anno
1329 2256 1384 2295 tv
1429 2238 1727 2299 Aureliani,
1750 2237 1845 2306 qui
1894 2245 2100 2306 partem

527 2337 656 2390 anni
694 2336 802 2389 275
831 2344 885 2389 et
906 2319 1011 2388 274
1044 2333 1440 2402 complectitur,
1493 2330 1782 2385 emersisse
1816 2326 2102 2388 Manetem,

527 2443 591 2482 ac
636 2435 897 2497 prazterea
936 2422 1283 2489 afﬁrmasset,
1333 2422 1387 2476 id
1432 2420 1698 2475 accidisse
1736 2417 2017 2471 Aureliani
2052 2426 2105 2470 et

525 2518 689 2574 Probi
739 2516 1099 2587 temporibus,
1140 2515 1248 2568 hoc
1296 2522 1378 2567 est
1426 2526 1569 2566 anno
1608 2509 1811 2563 Christi
1868 2508 1974 2561 276
2018 2523 2105 2563 se-

526 2611 765 2666 cundum
804 2609 1092 2680 quosdam,
1124 2607 1218 2676 qui
1253 2604 1366 2675 jam
1403 2614 1517 2658 tum
1558 2607 1625 2656 ab
1661 2603 1779 2672 ejus
1817 2602 2104 2655 nativitate

526 2717 702 2757 annos
750 2714 1040 2755 numerare
1074 2705 1386 2759 sueverant,
1428 2695 1552 2750 licet
1587 2709 1683 2749 eos
1716 2712 1745 2749 a
1793 2693 1995 2748 Christi
2047 2693 2098 2746 in

526 2794 697 2848 cmlos
728 2791 1100 2862 assumptione
1129 2804 1301 2843 annos
1324 2797 1620 2857 supputare
1652 2786 1988 2857 Epiphanius
2014 2800 2101 2839 as-

528 2895 711 2949 serat;
745 2878 835 2936 vel
861 2896 1006 2935 anno
1034 2880 1143 2934 246
1176 2880 1476 2934 secundum
1509 2879 1669 2943 alios,
1699 2879 1793 2948 qui
1836 2895 1867 2933 a
1893 2878 2102 2933 Christi

526 2984 702 3031 morte
734 2989 909 3029 annos
943 2972 1348 3043 supputabant;
1386 2980 1571 3042 postea
1621 2972 1826 3036 subdit,
1854 2986 1885 3025 a
1918 2971 2103 3027 Mane-

527 3069 598 3121 tis
632 3066 969 3136 temporibus
995 3080 1169 3134 usque
1205 3065 1273 3118 ad
1308 3079 1513 3118 annum
1542 3075 1637 3117 xm
1671 3063 1800 3132 imp.
1836 3062 2099 3126 Valentis,
2129 3105 2171 3165 α

526 3170 580 3213 et
611 3176 663 3214 ix
695 3158 939 3213 Gratiani
962 3173 1027 3213 ac
1057 3159 1291 3228 primum
1316 3155 1681 3211 Valentiniani
1714 3154 1957 3210 Junioris
1990 3170 2099 3225 quo

528 3253 644 3321 ipse
678 3251 976 3319 scribebat,
1009 3251 1114 3304 hoc
1138 3258 1225 3304 est
1257 3265 1431 3319 usque
1462 3249 1528 3303 ad
1556 3259 1697 3318 perm
1722 3248 1965 3318 vulgaris
1997 3263 2099 3302 au-

526 3359 659 3397 num
702 3341 1206 3402 576,iuterccssissc
1232 3356 1405 3395 annos
1431 3340 1551 3403 107,
1575 3338 1719 3408 quod
1750 3355 1882 3394 sane
1910 3354 2099 3394 verum

525 3449 649 3488 esse
674 3448 781 3487 non
815 3442 1026 3502 potest;
1060 3449 1183 3486 nam
1216 3434 1286 3487 ab
1316 3446 1460 3486 anno
1488 3433 1593 3486 276
1624 3433 1708 3487 vel
1740 3432 1847 3485 275
1878 3442 1972 3486 aut
1994 3431 2100 3485 274

525 3524 595 3579 ad
640 3539 840 3577 annum
883 3524 1007 3587 576,
1044 3541 1151 3579 non
1188 3536 1408 3579 centum
1457 3535 1509 3579 et
1551 3536 1757 3593 septem
1804 3525 1957 3588 anni,
2005 3525 2098 3579 sed

524 3624 744 3670 centqu
773 3615 1170 3681 tantummodo,
1200 3615 1284 3669 vel
1319 3616 1422 3668 105
1453 3624 1547 3668 aut
1578 3616 1682 3669 104
1714 3615 1865 3681 anni,
1901 3630 2099 3670 secun-

526 3710 657 3763 dum
686 3710 868 3764 varias
898 3709 1311 3778 supputationes
1339 3708 1501 3763 modo
1524 3716 1876 3774 memoratas,
1903 3722 2097 3762 nume-

528 3815 624 3855 ran
633 3810 685 3854 tu
696 3816 739 3853 Γ.

596 3891 684 3946 Vl.
706 3890 875 3946 Porro
889 3906 1128 3962 quonam
1146 3891 1308 3948 Probi
1325 3907 1469 3947 anno
1487 3892 1538 3947 id
1552 3893 1833 3959 acciderit,
1846 3908 1911 3947 ex
1931 3892 2099 3947 Euse~

524 3986 613 4041 bio
629 3986 807 4056 colligi
825 3987 1127 4055 potest,_qui
1141 3986 1193 4041 in
1207 3986 1465 4041 Chronico
1482 3986 1559 4041 sic
1575 3987 1641 4041 de
1674 3985 2097 4041 Manichaeorum

524 4077 695 4132 initiis
718 4076 904 4131 scribit
918 4076 991 4146 (b)
1009 4097 1021 4127 :
1041 4075 1279 4131 Secundo
1297 4094 1434 4131 anno
1453 4076 1633 4143 Probi,
1644 4076 2101 4147 juxtajAuliochei-

524 4183 617 4222 nos
630 4163 904 4222 CCCXXV
919 4183 1080 4221 annus
1104 4168 1225 4234 fuit,
1235 4168 1395 4237 juxta
1414 4168 1599 4239 Tyrios
1615 4168 1744 4224 CDll
1759 4170 1837 4224 vel
1852 4168 2005 4223 CDlll
2020 4185 2100 4222 se—

523 4260 754 4312 cundum
769 4260 1047 4322 quosdam;
1070 4259 1226 4327 juxta
1254 4259 1575 4313 Laodicenos
1593 4260 1918 4325 CCCXXIV,
1936 4260 2099 4330 juxta

527 4351 821 4405 Edessenos
849 4352 919 4421 (c)
940 4350 1381 4405 CCCLXXXVIII
1402 4354 1497 4420 (ita
1528 4355 1671 4407 enim
1705 4355 1903 4423 corrigi
1940 4354 2100 4407 debet

2209 1875 2532 1929 consulatus
2578 1882 2787 1943 partem
2844 1871 2972 1926 anni
3022 1870 3184 1939 primi
3229 1878 3286 1923 et
3327 1867 3537 1921 secundi
3562 1866 3709 1933 imperii

2208 1964 2371 2018 Probi
2407 1965 2851 2032 contiuet,qucm
2881 1963 3116 2015 obeunte
3146 1958 3342 2012 Tacito
3362 1958 3445 2011 die
3468 1957 3527 2009 15
3551 1955 3709 2024 Aprilis,

2206 2057 2435 2125 ejusque
2462 2055 2631 2109 fratre
2672 2054 2928 2108 Floriano
2972 2061 3096 2123 post
3144 2051 3292 2105 duos
3336 2064 3541 2104 menses
3564 2049 3709 2105 occiso.

2206 2147 2513 2203 Romanum
2552 2148 2842 2218 imperium
2893 2146 3201 2200 obtinuisse
3250 2152 3481 2199 constat.
3510 2140 3650 2207 Quare
3681 2140 3710 2192 si

2200 2242 2354 2311 juxta
2388 2241 2685 2297 Eusebium
2715 2256 2858 2295 anno
2882 2239 3044 2293 Probi
3078 2254 3116 2292 ιι
3140 2247 3196 2293 et
3218 2238 3379 2307 juxta
3409 2236 3613 2290 Leonem
3636 2232 3711 2284 lla-

2204 2349 2369 2403 guum
2406 2334 2508 2388 sub
2550 2333 2838 2387 consulatu
2880 2330 3046 2385 Probi
3083 2339 3136 2385 et
3167 2328 3387 2383 Paulini
3416 2326 3640 2393 patefacta
3656 2332 3710 2376 est

2207 2425 2633 2480 Manichaeorum
2681 2425 2927 2490 hmresis,
2982 2422 3297 2477 necessario
3335 2422 3438 2476 dici
3470 2421 3620 2481 debet,
3646 2417 3710 2468 Ar-

2201 2517 2375 2573 chelai
2399 2533 2524 2571 cum
2540 2516 2749 2571 Maneto
2767 2515 3214 2584 disputationem,
3228 2529 3325 2583 per
3339 2528 3494 2583 quam
3512 2511 3711 2565 universa

2202 2611 2458 2667 Ecclesia:
2509 2610 2739 2664 Manetis
2796 2624 2950 2664 error
3004 2608 3288 2672 innotuit,
3340 2606 3580 2661 accidisse
3615 2605 3709 2655 ἰοιιει

2200 2702 2403 2757 Julium
2438 2711 2601 2772 atque
2636 2701 2989 2756 Decembrem
3018 2700 3149 2754 anni
3182 2700 3317 2753 277.
3366 2697 3544 2753 Verum
3570 2695 3711 2749 Arche-

2202 2796 2272 2849 lai
2306 2797 2477 2851 nostri
2505 2796 2665 2850 verba
2693 2795 2925 2864 benigne
2956 2803 3083 2848 sunt
3115 2790 3541 2862 interpretanda,
3581 2788 3649 2856 qui
3676 2787 3709 2837 in

2202 2902 2324 2956 cap.
2355 2885 2428 2939 27
2458 2884 2841 2955 disputationis
2873 2898 2987 2937 suae
3015 2889 3137 2950 post
3167 2890 3444 2934 trecentos
3475 2875 3569 2929 fere
3590 2886 3709 2926 annos

2203 2993 2234 3033 a
2261 2977 2466 3033 Christi
2515 2986 2710 3040 morte,
2758 2976 2868 3028 imo
2898 2982 3021 3043 post
3051 2980 3347 3033 trecentos,
3387 2979 3439 3023 et
3465 2974 3524 3032 eu
3544 2965 3711 3034 amplius

2204 3084 2379 3124 annos
2402 3070 2469 3123 ah
2496 3070 2682 3123 eadem
2715 3066 2918 3121 Christi
2961 3073 3135 3119 morte
3182 3062 3470 3116 advenisse
3513 3056 3708 3112 Manctem

2207 3162 2422 3217 asserit.
2454 3160 2778 3214 Archelaum
2808 3158 2955 3213 enim
2991 3156 3055 3210 ad
3085 3152 3517 3223 exaggerandam
3546 3147 3709 3201 Manetis

2208 3254 2578 3319 stoliditatem,
2630 3252 2723 3322 qui
2774 3250 3117 3306 Paracletum
3174 3246 3443 3317 Spiritum
3488 3262 3514 3300 a
3554 3241 3709 3299 Christo

2207 3346 2562 3416 promissum,
2615 3354 2818 3398 temere
2874 3358 2932 3398 se
2975 3355 3096 3396 esse
3140 3340 3470 3404 afﬁrmabat,
3511 3347 3707 3392 annorum

2208 3454 2497 3495 numerum
2530 3439 2582 3491 in
2616 3434 3002 3507 disputationis
3048 3442 3183 3487 aestu
3228 3433 3450 3487 auxisse
3492 3426 3707 3483 dicendum

2206 3543 2309 3598 est,
2338 3542 2398 3585 ut
2429 3530 2632 3585 clarius
2666 3527 2995 3591 ostenderet,
3050 3524 3231 3593 ipsum
3282 3524 3442 3593 longe
3482 3521 3594 3574 adeo
3628 3525 3709 3584 post

2206 3622 2413 3678 Christi
2451 3628 2681 3675 mortem
2728 3627 2973 3687 tempore
3023 3625 3418 3682 emergentem,
3448 3608 3707 3664 Paracletum

2206 3731 2328 3772 esse
2360 3730 2467 3769 non
2507 3727 2691 3784 posse,
2738 3723 2898 3781 quem
2932 3706 3094 3763 Jesus
3146 3714 3275 3776 post
3328 3720 3484 3761 suum
3522 3704 3567 3757 in
3591 3699 3708 3753 celos

2208 3822 2516 3869 ascensura,
2544 3805 2689 3859 illico
2710 3818 2768 3857 se
2788 3799 3055 3870 apostolis
3076 3798 3380 3854 missurum
3403 3796 3705 3851 atlirmarenl;

2206 3908 2260 3953 et
2299 3912 2489 3952 revera
2535 3904 2658 3965 post
2705 3892 3097 3963 quinquaginta
3135 3891 3206 3944 ab
3237 3890 3360 3960 ejus
3389 3884 3708 3943 resurrectione

2206 3991 2323 4045 dies
2363 3990 2432 4043 ab
2461 3989 2580 4058 ipso
2608 3986 2838 4041 missum
2878 3983 3047 4038 fuisse
3065 4021 3079 4047 ,
3120 3982 3491 4051 apostolorum
3517 3978 3625 4030 Acta
3648 3972 3706 4025 di-

2207 4094 2351 4138 serte
2381 4090 2667 4137 testantur.

2277 4149 2414 4227 vin.
2456 4171 2555 4227 uis
2611 4171 2678 4225 de
2715 4168 2971 4224 Archelai
3001 4182 3124 4221 cum
3154 4163 3373 4220 Maneto
3403 4154 3705 4232 disputationis

2206 4276 2447 4335 tempore
2480 4280 2545 4318 ac
2584 4261 2954 4325 versiouibus,
3006 4258 3185 4325 deque
3232 4257 3477 4325 ejusdem
3519 4244 3704 4305 Archelai

2204 4353 2499 4424 episcopali
2544 4353 2671 4407 sede
2718 4349 3034 4420 prazlibatis,
3074 4347 3345 4418 agendum
3394 4344 3539 4399 nobis
3572 4345 3637 4393 est
3662 4337 3706 4387 de

522 4442 1131 4513 Pontacieditio,iuqua
1148 4460 1423 4514 perperam
1442 4444 2095 4515 legiturCCCLXXXIX);
2133 4476 2175 4530 υ
2206 4446 2517 4502 sinceritate
2542 4455 2707 4514 atque
2728 4442 3044 4512 prarstantia
3068 4440 3313 4509 ejusdem
3339 4437 3603 4508 operis;ac
3615 4442 3706 4530 pr?

489 4547 497 4555 ’
516 4536 677 4605 juxta
692 4535 1027 4589 Ascalonitas
1062 4534 1409 4601 CCCLXXX,
1447 4537 1637 4589 insana
1682 4535 2096 4589 Manio/imorum

523 4629 736 4684 haresis
751 4629 804 4681 in
821 4629 1316 4681 communcltuinani
1332 4630 1527 4697 generis
1544 4631 1737 4683 malum
1749 4641 1953 4684 exorta.
1974 4628 2097 4682 [huc

530 4728 711 4779 autem
729 4717 943 4773 Eusebii
962 4717 1124 4771 verba
1140 4716 1209 4770 ita
1224 4714 1570 4785 intelligenda
1594 4726 1740 4779 sunt,
1755 4727 1813 4773 ut
1838 4734 1944 4772 non
1968 4729 2097 4772 tunc

524 4812 762 4881 primum
819 4809 1241 4864 Manichzeorum
1297 4810 1518 4865 hmresis
1572 4821 1691 4863 orta
1744 4808 1937 4877 fuerit;
1979 4812 2091 4881 jam

526 4904 669 4956 enim
700 4902 767 4955 ab
789 4902 1156 4969 apostolorum
1182 4901 1349 4955 ferme
1373 4903 1710 4971 temporibus
1733 4904 2092 4971 quorumdam

527 5003 736 5048 tuentes
765 4994 853 5046 ille
883 4992 1120 5047 nefarius
1146 5008 1299 5047 error
1330 4994 1623 5059 invaserat,
1651 5003 1709 5047 tit
1735 5009 1798 5047 ex
1828 4994 2095 5051 Archelao

528 5098 715 5141 nostro
743 5098 796 5143 et
823 5087 1125 5157 Epiphanio
1152 5088 1352 5158 liquet;
1388 5090 1481 5143 sed
1510 5090 1653 5155 quod
1694 5099 1823 5144 tunc
1855 5091 2089 5158 primum

527 5180 737 5235 Maneto
773 5181 1021 5235 haeresim
1048 5191 1283 5237 veterem
1320 5197 1415 5251 per
1443 5183 1623 5236 varias
1648 5180 1887 5236 Orientis
1919 5184 2094 5253 regio-

526 5291 625 5331 nes
650 5276 1062 5340 disseminante,
1096 5287 1149 5331 et
1188 5278 1242 5330 in
1275 5278 1603 5332 Archelaum
1632 5276 1769 5330 forte
1800 5277 2090 5342 incidente,

523 5366 619 5437 qui
643 5381 833 5420 omnes
860 5366 980 5435 ejus
1013 5375 1157 5420 artes
1182 5382 1246 5419 ac
1267 5382 1482 5421 errores
1513 5366 1843 5436 disputando
1868 5368 2089 5429 detexit,

522 5454 601 5511 ita
635 5456 689 5509 in
722 5466 1043 5511 cunctorum
1069 5474 1164 5527 per
1200 5459 1387 5514 orbein
1430 5458 1666 5513 ﬁdelium
1706 5459 1952 5513 notitiam
1996 5476 2090 5513 ve—

598 5661 675 5731 (a)
707 5661 926 5733 Catcclr.
960 5682 1031 5726 γι,
1068 5682 1187 5733 pag.
1226 5667 1345 5719 MO.

596 5732 673 5803 (ὁ)
701 5732 892 5788 Chron.
930 5738 1019 5789 lib.
1053 5732 1214 5806 pust,
1240 5753 1359 5809 pag.
1394 5738 1511 5793 i77.

2203 4550 2350 4594 terea
2378 4538 2690 4599 videndum,
2720 4552 2787 4588 an
2822 4536 3003 4604 aliqua
3042 4534 3125 4588 sui
3161 4541 3317 4602 parte
3341 4532 3614 4585 mutilatum
3634 4525 3703 4580 sit;

2200 4642 2476 4703 postremo
2521 4629 2893 4693 indicandum,
2948 4641 3196 4697 quaenam
3252 4625 3505 4681 Actorum
3532 4616 3704 4691 quain-

2202 4735 2351 4796 tegra
2380 4738 2525 4777 nunc
2550 4723 2714 4793 primi
2742 4722 2979 4786 edimus,
3013 4719 3318 4788 fragmenta
3358 4718 3481 4772 olim
3509 4716 3553 4768 in
3582 4712 3703 4764 lucem

2198 4816 2519 4887 prodierint,
2574 4824 2625 4868 et
2678 4830 2743 4867 ex
2795 4814 2956 4882 cujus
3008 4812 3355 4866 bibliotheca:
3396 4808 3565 4864 codice
3588 4798 3705 4857 editio

2198 4917 2385 4962 nostra
2421 4906 2756 4977 profluxerit.
2793 4904 2859 4958 Et
2908 4907 3086 4974 primo
3136 4904 3357 4972 quidem
3410 4901 3475 4955 de
3508 4898 3703 4950 Actorum

2198 5001 2427 5055 istorum
2465 4997 2775 5054 sinceritate
2800 4996 3043 5065 suspicio
3070 4996 3217 5049 nulla
3243 4994 3375 5048 oriri
3405 4998 3565 5063 potest
3586 5005 3596 5038 :
3616 4992 3703 5037 nam

2199 5091 2537 5162 Epiphanius
2565 5104 2708 5143 anno
2730 5088 2934 5142 Christi
2958 5087 3062 5142 ’576
3087 5088 3353 5141 adversus
3376 5086 3587 5137 luereses
3608 5072 3704 5129 scri-

2199 5184 2354 5247 bens,
2388 5181 2599 5250 insigne
2627 5196 2694 5234 ex
2725 5179 3095 5247 disputatione
3124 5176 3375 5232 Archelai
3412 5174 3700 5241 fragmentum

2198 5275 2427 5345 protulit
2476 5275 2527 5327 in
2576 5272 2769 5327 haeresi
2806 5271 3254 5333 Manichaeorum,
3309 5284 3427 5336 cap.
3478 5263 3559 5323 25.
3598 5250 3700 5325 quod

2196 5370 2439 5439 ejusdem
2474 5367 2621 5421 Actis
2649 5382 2713 5421 ex
2746 5364 2936 5418 Latina
2973 5362 3224 5417 versione
3256 5376 3285 5414 a
3321 5360 3473 5414 nobis
3502 5358 3547 5411 in
3574 5350 3698 5443 Ιυαειιξ

2194 5464 2357 5519 editis
2394 5476 2619 5531 prorsus
2668 5459 2994 5529 respondet;
3049 5472 3112 5511 ac
3158 5462 3416 5525 prazterea
3446 5450 3487 5506 si
3512 5440 3697 5500 Archelai

2270 5667 2339 5731 (ε)
2398 5663 2540 5716 Edit.
2594 5662 2627 5715 2
2677 5661 2936 5731 Scaligeii
2994 5659 3207 5714 habet:
3252 5658 3409 5727 juxta
3474 5652 3694 5707 Edesscs'u

2196 5750 2498 5791 DLXXXVIH.
