3888 6498
152 281 293 336 1415

1602 271 1901 334 NOTlTlA.

3262 285 3402 348 NH

150 411 404 458 rationes
434 411 600 473 atque
631 411 949 474 argumenta
990 418 1112 458 cum
1142 401 1431 474 Epiphanii
1475 400 1727 458 confuta-
1760 408 1806 460 Α
1837 398 2060 466 insuper
2091 396 2390 454 Archelaus
2424 415 2544 469 cap.
2578 399 2646 454 34
2675 397 2938 457 Manctem
2978 399 3030 457 in
3059 419 3277 460 carcere
3307 423 3409 477 po-

144 495 394 550 tionibus
442 493 714 562 conferas,
765 496 1174 552 evidentissime
1207 495 1510 566 apparebit,
1547 495 1726 565 ipsum

143 587 227 643 ita
261 589 314 642 in
341 588 596 642 omnibus
622 596 867 643 secutum
896 587 1064 643 fuisse
1085 588 1435 658 Archelaum,
1461 595 1521 642 ut
1551 601 1727 658 pauca

145 680 218 734 de
250 695 350 735 suo
375 680 638 734 adversus
666 678 896 734 Manetis
923 694 1141 734 errores
1178 679 1440 734 attulerit.
1481 678 1730 733 Meminit

140 771 310 825 etiam
333 770 591 826 Actormn
623 771 786 840 hujus
818 771 1206 840 disputationis
1239 770 1514 838 Socrates,
1540 772 1634 842 qui
1669 772 1724 826 in

142 861 438 916 consulatu
491 877 581 915 xvt
653 859 949 916 Theodosii
993 859 1261 928 Junioris,
1307 862 1411 916 hoc
1439 871 1523 917 est
1580 875 1726 916 anno

138 967 272 1008 arra;
299 952 624 1007 Christiana:
651 950 1221 1018 459,Ecclesiasticam
1242 954 1518 1007 historiam
1543 953 1723 1009 absol-

138 1048 262 1111 vit;
293 1053 348 1100 et
376 1061 440 1100 ea
473 1045 655 1100 omnia
683 1059 804 1114 quae
837 1045 904 1100 de
929 1044 1353 1100 Manichaeorum
1377 1046 1568 1101 haeresi
1597 1062 1726 1100 nar-

139 1139 308 1200 ravit,
359 1153 418 1194 se
451 1153 520 1194 ex
560 1137 765 1194 eisdem
816 1137 966 1193 Actis
1015 1139 1266 1194 hausisse
1305 1139 1536 1210 ingenue
1587 1137 1723 1194 fate-

136 1240 233 1286 tur
260 1232 360 1301 (α).
404 1228 606 1285 Eorum
659 1231 903 1301 insuper,
951 1241 1211 1300 tanquam
1264 1230 1332 1286 ab
1385 1229 1720 1301 llegemonio

139 1323 386 1391 quodam
440 1322 790 1392 scriptorum,
843 1323 1173 1378 mentionem
1208 1323 1337 1378 facit
1368 1323 1720 1380 Heraclianus

130 1413 603 1469 Chalcedonensis
625 1414 933 1484 episcopus,
952 1423 1014 1468 ut
1046 1429 1211 1484 supra
1241 1414 1446 1470 dictum
1477 1423 1577 1470 est.
1612 1416 1719 1471 De-

131 1507 308 1577 nique
331 1507 586 1562 Archelai
609 1507 782 1562 nostri
802 1521 1027 1577 operum
1059 1505 1419 1577 fragmentum
1444 1509 1717 1563 contineri

133 1599 196 1652 in
232 1598 398 1654 veteri
415 1597 620 1654 Catena
651 1598 965 1654 Graecorum
1002 1597 1230 1652 Patrum
1271 1599 1326 1652 in
1358 1598 1715 1670 Evangelium

128 1688 386 1757 Joannis,
401 1707 521 1762 qua:
541 1690 770 1745 habetur
790 1690 844 1744 in
872 1690 1075 1760 scripto
1101 1689 1360 1746 Cmsareae
1376 1692 1717 1748 bibliothecae

1836 492 2023 556 situm,
2065 491 2364 559 discipulos
2410 508 2541 547 suos
2595 494 2810 550 misisse
2846 495 2914 548 ad
2965 497 3101 563 loca,
3143 499 3196 551 in
3221 511 3413 569 quibus

1834 583 2256 636 Christianorum
2299 583 2422 636 libri
2474 586 2956 654 conscribebanlur,
3014 591 3203 660 eisque
3253 592 3420 646 Cbri»

1833 673 2136 726 stianorum
2183 689 2241 728 se
2286 674 2508 730 nuntios
2545 664 2666 731 esse
2700 679 3088 737 simulantibus
3123 698 3410 738 sacrorum

1831 765 2083 820 codicum
2129 766 2337 835 c0piam
2384 765 2582 822 factam
2626 769 2817 825 fuisse.
2859 772 2926 826 At
2956 773 3006 826 id
3035 774 3138 828 sub
3169 776 3405 831 ethnicis

1830 865 2045 911 tantum
2101 857 2524 927 imperatoribus
2576 859 2755 916 facere
2813 866 3122 933 oportebat,
3177 883 3416 937 quorum

1827 948 2165 1018 temporibus
2211 947 2412 1005 Christi
2461 950 2648 1006 ﬁdeles
2681 969 2895 1009 summa
2950 956 3214 1025 religione
3255 975 3416 1016 curas

1824 1038 1978 1106 bant,
2003 1055 2070 1094 ne
2105 1051 2469 1124 sacrosanctae
2497 1043 2631 1114 legis
2664 1044 2786 1099 libri
2821 1045 2890 1100 ad
2913 1047 3258 1103 ethnicorum
3293 1067 3416 1106 ma-

1825 1145 1930 1184 nus
1981 1131 2362 1200 pervenirent;
2421 1149 2485 1188 ac
2537 1145 2818 1204 propterea
2876 1153 2982 1192 non
3041 1140 3264 1210 ubique,
3316 1143 3414 1199 sed

1824 1221 1989 1276 certis
2023 1222 2353 1291 quibusdam
2381 1224 2436 1278 in
2470 1225 2626 1290 locis,
2664 1229 2806 1282 sacri
2843 1230 3058 1285 codices
3091 1234 3246 1288 vendi
3281 1250 3414 1289 con-

1823 1325 2134 1369 sueverant.
2184 1314 2551 1387 Corrigendus
2586 1328 2765 1373 autem
2802 1319 3160 1391 Epiphanius,
3209 1328 3308 1396 qui
3353 1329 3408 1382 in

1819 1405 2244 1463 Manichaeorum
2277 1409 2492 1478 hmresi,
2519 1426 2639 1480 cap.
2669 1411 2725 1474 5,
2763 1413 2838 1467 ait
2870 1413 3138 1470 Manetem
3165 1418 3406 1488 discipu-

1817 1500 1902 1555 los
1933 1517 2064 1556 suos
2102 1501 2169 1556 ad
2209 1501 2566 1571 inquirendos
2597 1518 2784 1558 sacros
2816 1505 2987 1561 libros
3020 1509 3258 1576 misisse,
3305 1528 3403 1565 an-

1818 1600 2036 1662 tequam
2072 1593 2125 1647 in
2160 1608 2435 1648 carcerem
2463 1595 2799 1663 truderetur;
2831 1613 2954 1651 nam
2989 1599 3045 1653 in
3077 1603 3238 1656 modo
3271 1603 3398 1657 lauu

1819 1685 1947 1738 dato
1985 1684 2236 1740 Archelai
2268 1685 2656 1754 disputationis
2688 1687 2808 1742 loco
2831 1689 3029 1745 diserte
3061 1691 3260 1746 dicitur
3287 1695 3339 1747 id
3367 1711 3398 1750 a

134 1781 353 1848 codice,
378 1749 533 1837 testis
555 1792 641 1837 est
666 1749 1086 1852 Lambecius-(li)
1109 1799 1121 1834 :
1142 1782 1287 1851 quod
1313 1783 1499 1852 utique
1513 1799 1576 1838 ex
1613 1785 1716 1837 hu-
1749 1749 1792 1810 Β
1816 1775 2027 1832 Manete
2058 1776 2259 1833 factum
2287 1776 2478 1844 fuisse,
2508 1794 2618 1849 quo
2649 1788 2893 1850 tempore
2927 1781 2982 1835 in
3013 1798 3236 1840 carcere
3259 1785 3401 1843 deti-

123 1872 226 1946 jus
242 1873 633 1944 disputationis
647 1872 798 1929 Actis
815 1873 1003 1928 desum
1011 1882 1162 1943 ptum
1184 1873 1206 1925 f
1203 1875 1352 1944 pisse
1369 1889 1477 1928 non
1501 1874 1627 1928 dubi
1639 1883 1712 1929 to.

207 1963 301 2019 lX.
343 1963 612 2020 Praeterea
643 1979 710 2020 ex
739 1965 1052 2019 eorumdem
1079 1965 1341 2035 Actorum
1381 1974 1531 2019 textu
1567 1967 1714 2022 varia

131 2066 464 2126 argumenta
506 2055 626 2108 erui
667 2062 918 2125 possunt,
960 2053 1160 2123 quibus
1192 2068 1382 2107 eorum
1416 2053 1714 2123 antiquitas

128 2155 302 2218 atque
369 2147 658 2202 sinceritas
725 2147 1150 2201 demonstratur.
1206 2145 1505 2201 Archelaus
1567 2147 1711 2201 enim

129 2255 261 2308 cap.
290 2239 357 2292 27
394 2247 448 2293 et
493 2239 562 2294 58
608 2238 792 2293 varios
839 2237 1125 2292 haereticos
1159 2251 1508 2303 enumerans,
1540 2238 1712 2291 nemi-

127 2346 259 2385 nem
297 2329 532 2386 Sabellio
575 2331 933 2385 recentiorem
979 2329 1234 2398 appellat,
1280 2344 1441 2397 quem
1486 2327 1623 2383 Sixti
1665 2328 1710 2383 ll

126 2419 496 2488 temporibus,
527 2419 621 2488 qui
651 2434 793 2474 anno
821 2419 1023 2474 Christi
1050 2418 1156 2472 257
1188 2428 1240 2472 et
1267 2419 1372 2472 9.58
1405 2418 1707 2474 Romanam

127 2512 435 2566 Ecclesiam
483 2513 644 2577 rexit,
675 2527 706 2566 a
739 2510 998 2583 Dionysio
1025 2510 1392 2567 Alexandrino
1435 2513 1708 2569 haereseos

125 2611 451 2659 accusatum
499 2602 673 2658 fuisse
714 2611 932 2658 constat
956 2619 1022 2658 ex
1075 2603 1310 2660 Eusebio
1332 2605 1424 2674 (c).
1465 2604 1709 2661 Meminit

123 2711 354 2767 quoque
404 2694 705 2751 obsidionis
753 2695 1068 2765 Carrarum,
1124 2698 1213 2752 cui
1273 2707 1592 2767 praesentem
1649 2717 1709 2756 se

125 2787 306 2844 fuisse
335 2797 564 2844 testatur
591 2804 712 2859 cap.
745 2789 836 2854 24,
871 2805 993 2859 qua:
1031 2790 1177 2845 nulla
1209 2791 1312 2846 alia
1340 2791 1554 2847 videtur
1587 2807 1708 2849 esse

123 2898 315 2952 posse,
344 2898 507 2952 quam
543 2882 634 2936 illa
661 2897 784 2952 quae
811 2883 913 2936 sub
943 2881 1229 2938 Valeriano
1257 2884 1502 2954 Augusto
1533 2887 1706 2941 conti-

123 2977 228 3046 git,
268 2991 393 3031 cum
427 2963 637 3031 scilicet
665 2991 695 3029 a
724 2975 907 3030 Persis
943 2987 1246 3047 expugnata
1301 2977 1435 3047 fuit;
1481 2980 1565 3034 vel
1599 2981 1705 3034 alia

122 3069 233 3123 sub
265 3067 530 3135 Gallieno,
558 3083 683 3122 cum
705 3068 774 3122 ab
801 3065 1082 3122 Odenatho
1113 3066 1348 3125 Orientis
1377 3087 1501 3142 rege
1523 3071 1705 3128 Persis
1733 3095 1774 3152 α

118 3171 315 3232 erepta
347 3162 402 3215 in
433 3162 667 3216 Romani
700 3161 918 3232 imperii
947 3162 1206 3217 ditionem
1253 3163 1447 3218 iterum
1487 3166 1703 3220 redacta

119 3253 250 3319 fuit,
290 3253 560 3308 Trebellio
586 3253 829 3309 Pollione
863 3262 1001 3308 teste
1035 3254 1089 3307 in
1123 3252 1380 3321 Gallieno,
1408 3271 1529 3326 cap.
1562 3256 1626 3310 10
1649 3268 1704 3312 et

119 3345 214 3399 12.
245 3343 446 3400 Eorum
472 3347 696 3416 insuper
718 3346 1048 3400 mentionem
1078 3345 1206 3401 facit
1230 3363 1346 3416 cap.
1373 3347 1462 3413 52,
1489 3350 1580 3418 qui
1606 3365 1704 3419 per

118 3443 419 3504 parentum
453 3435 802 3489 traditionem
835 3435 1114 3507 Scythiani
1160 3435 1399 3491 haeretici
1427 3439 1702 3506 apostolo-

115 3543 247 3581 rum
281 3527 616 3596 temporibus
661 3528 890 3583 viventis
934 3528 1180 3582 notitiam
1209 3528 1535 3593 habuerant,
1562 3530 1699 3584 sibi-

115 3633 229 3689 que
261 3619 522 3673 nonnulla
564 3618 630 3673 de
661 3619 780 3689 ejus
823 3621 1016 3674 haeresi
1061 3629 1435 3676 narraverant.
1476 3620 1616 3688 Quin
1647 3631 1703 3677 et

114 3711 264 3766 varii
312 3710 522 3780 antiqui
565 3725 746 3764 mores
784 3710 838 3764 in
886 3711 1036 3766 hisce
1078 3711 1230 3767 Actis
1276 3712 1585 3778 memorati,
1634 3713 1701 3768 de

115 3801 442 3858 eorumdem
470 3801 783 3857 sinceritate
806 3817 906 3856 nos
927 3802 1176 3858 dubitare
1198 3818 1305 3856 non
1333 3803 1536 3858 sinunt.
1563 3802 1697 3857 Nam

115 3897 174 3951 in
208 3896 330 3966 ipso
361 3895 626 3950 Actorum
663 3895 889 3950 exordio
919 3894 1121 3950 dicitur
1159 3895 1454 3950 nonnullos
1489 3910 1555 3949 ex
1586 3895 1697 3949 llo-

113 4003 414 4045 manarum
437 3989 713 4057 legionum
743 3987 1030 4055 militibus,
1053 3986 1289 4042 Marcelli
1313 3987 1698 4043 misericordiae

113 4082 374 4139 exemplo
407 4079 1007 4149 commotos,'d'eposito
1041 4079 1246 4133 militia:
1274 4078 1512 4146 cingulo,
1540 4079 1698 4134 Chri-

112 4174 316 4229 stiana:
341 4168 461 4226 fidei
475 4183 671 4224 nomen
696 4171 910 4226 dedisse
940 4188 954 4225 :
985 4171 1131 4240 quod
1162 4170 1558 4240 antiquissimis
1591 4173 1695 4226 Ec-

111 4267 307 4323 clesia:
341 4265 678 4334 temporibus
710 4278 740 4318 a
771 4262 1097 4318 Christianis
1120 4263 1408 4329 militibus,
1440 4279 1508 4318 ne
1532 4279 1695 4334 paga-

111 4373 321 4414 norum
364 4356 695 4412 commercio
737 4365 791 4410 et
841 4355 1320 4424 superstitionibus
1354 4357 1694 4411 macularen-

1818 1870 2074 1924 uehatur.

1887 1960 1954 2014 Χ.
1996 1959 2108 2016 Nec
2137 1976 2202 2016 ex
2239 1963 2411 2018 sacris
2456 1965 2856 2033 tantummodo,
2900 1983 3088 2022 verum
3128 1970 3292 2024 etiam
3327 1986 3397 2025 ex

1814 2053 2060 2123 profanis
2092 2055 2419 2124 quibusdam
2477 2056 2640 2112 rebus
2683 2073 2918 2128 quarum
2966 2061 3020 2114 in
3062 2061 3214 2116 hisce
3239 2064 3395 2120 Actis

1816 2146 2019 2200 mentio
2057 2148 2134 2210 lit,
2162 2149 2476 2201 eorumdem
2509 2148 2642 2204 fides
2680 2151 2968 2206 astruitur.
3001 2154 3063 2207 In
3091 2154 3159 2208 iis
3191 2158 3394 2228 quippe

1812 2237 2042 2306 legimus
2089 2238 2378 2302 Manetem,
2431 2256 2557 2295 cum
2600 2259 2630 2296 a
2668 2241 2924 2300 Marcello
2964 2245 3161 2302 litteris
3184 2251 3392 2304 accitus

1812 2329 2010 2385 Carras
2064 2331 2230 2399 venit,
2285 2332 2540 2386 baculum
2588 2350 2654 2389 ex
2700 2352 2874 2391 cueno
2924 2338 2978 2392 in
3013 2341 3266 2396 manibus
3301 2359 3392 2414 ge-

1811 2429 2022 2485 stasse;
2073 2422 2219 2491 quod
2266 2423 2335 2477 ab
2363 2425 2671 2495 Alytarehis
2709 2426 3016 2484 factitatum
3056 2433 3187 2486 olim
3219 2433 3390 2488 fuisse

1809 2519 2041 2566 testatur
2064 2511 2112 2566 J.
2140 2511 2361 2569 Malalas
2397 2517 2488 2586 (ε).
2528 2516 2888 2574 Callisthenes
2920 2536 3137 2591 quoque
3167 2526 3388 2594 spurius

1811 2604 2045 2670 scriptor
2075 2621 2104 2659 a
2135 2607 2455 2662 doctissimo
2500 2607 2780 2681 Ducangio
2814 2612 2870 2666 in
2901 2612 3171 2669 Glossario
3203 2620 3388 2673 media:

1808 2707 1854 2747 et
1893 2695 2091 2764 inﬁmae
2128 2697 2428 2752 Graecitatis
2455 2699 2727 2766 laudatus,
2771 2705 2934 2758 verbo
2975 2705 3294 2772 Ἐὅελ>.ῖνος,
3320 2710 3389 2765 de

1807 2785 2208 2844 Psammeticho
2250 2792 2321 2844 ita
2365 2791 2555 2846 scribit
2587 2811 2600 2846 :
2634 2794 2742 2846 Καὶ
2773 2796 3007 2850 ὲστολὲει
3040 2799 3234 2853 ἑαυτὸν
3264 2817 3385 2853 στο-

1806 2878 1904 2951 λὴν
1953 2885 2266 2954 προφήτου,
2325 2885 2569 2955 κατέχων
2617 2887 2674 2939 ἐν
2707 2890 2772 2959 τῇ
2809 2889 2951 2960 χειρὶ
2989 2890 3152 2944 αὑτοῦ
3189 2893 3384 2964 ῥάϐδον

1808 2972 2108 3044 ὲϐελλίνην,
2151 2974 2245 3028 ubi
2277 2973 2520 3046 Esopus
2553 2975 2794 3046 ejusdem
2830 2978 3179 3036 Callisthenis
3215 2983 3382 3037 inter-

1807 3081 1952 3134 pres,
1996 3065 2089 3136 qui
2131 3066 2439 3121 versionem
2473 3082 2630 3122 suam
2664 3067 3008 3136 Constantio,
3035 3072 3380 3130 Constantini

1807 3154 1987 3226 Magni
2029 3157 2160 3223 ﬁlio,
2205 3157 2427 3221 dicavit,
2460 3159 2600 3213 male
2641 3162 2915 3214 tamarisci
2955 3165 3156 3232 virgam
3183 3168 3378 3234 vertit;

1806 3249 1951 3305 unde
1992 3263 2138 3319 patet
2172 3249 2482 3319 bujusmodi
2519 3252 2717 3307 baculo
2747 3269 2842 3308 eos
2878 3257 2955 3310 uti
3000 3260 3376 3324 consuevisse,

1804 3341 1901 3410 qui
1937 3341 2155 3410 publica
2203 3343 2384 3412 aliqua
2426 3343 2686 3413 dignitate
2725 3346 3143 3416 decorabantur,
3176 3353 3380 3423 quique

1804 3431 2067 3486 doctrinae
2092 3432 2307 3486 laudem
2336 3431 2678 3488 affectabam.
2716 3433 2992 3492 Incessum
3027 3456 3246 3511 quoque
3277 3444 3380 3496 im-

1806 3535 2140 3590 peratorum,
2170 3524 2300 3577 dum
2337 3523 2550 3593 publice
2575 3540 2700 3582 cum
2727 3531 3149 3597 protectoribus,
3183 3534 3377 3604 signis,

1803 3616 2156 3679 draconibus,
2201 3615 2424 3679 labaris,
2473 3615 2728 3684 ducibus,
2789 3621 3127 3691 principibus
3155 3635 3209 3678 et
3236 3641 3378 3694 pra:-

1801 3707 1958 3763 fectis
1988 3708 2179 3762 urbem
2205 3708 2445 3778 aliquam
2479 3709 2912 3779 ingrederentur,
2946 3723 3135 3783 exacte
3165 3717 3375 3772 descri-

1805 3800 1886 3855 bit
1914 3815 2034 3870 cap.
2071 3799 2161 3853 57.
2193 3798 2438 3870 Denique
2462 3800 2529 3855 de
2551 3802 2836 3872 multiplici
2859 3805 3160 3874 sigillorum
3191 3817 3244 3862 et
3266 3809 3378 3863 ela-

1800 3894 1948 3947 vium
1998 3908 2099 3946 usu
2135 3892 2274 3962 apud
2307 3902 2516 3948 veteres
2548 3909 2656 3946 non
2694 3897 3059 3963 paucatradit
3083 3913 3202 3967 cap.
3230 3899 3298 3953 14
3322 3909 3379 3956 et

1798 3983 1868 4037 26
1891 3983 2089 4053 quibus
2111 3983 2311 4038 similia
2337 3999 2564 4052 prorsus
2593 3983 2646 4036 in
2671 3986 3014 4040 ethnicorum
3046 3989 3374 4058 scriptorum

1799 4076 2171 4130 monumentis
2223 4083 2541 4137 occurrunt,
2584 4084 2644 4129 ut
2682 4075 2738 4129 in
2773 4079 2978 4133 nostris
3018 4080 3085 4134 ad
3128 4096 3190 4135 ea
3226 4084 3374 4138 notis

1799 4166 2161 4222 ostendimus.
2187 4163 2268 4218 Ex
2295 4164 2496 4234 quibus
2528 4165 2784 4220 onmibus
2817 4167 2950 4222 satis
2979 4183 3250 4238 superque
3279 4171 3374 4224 de-

1797 4267 2157 4324 monstratur,
2189 4259 2325 4316 Aeta
2350 4260 2452 4313 ista
2474 4258 2708 4328 genuina
2739 4267 2792 4313 et
2822 4259 3204 4328 antiquissima
3227 4276 3370 4327 esse,

1797 4364 1902 4404 nec
1933 4364 2124 4403 eorum
2157 4351 2316 4404 fidem
2348 4347 2454 4404 ulla
2481 4365 2544 4403 ex
2577 4359 2729 4420 parte
2763 4359 2976 4404 nutare.

110 4462 231 4516 tur,
266 4449 470 4504 factum
495 4447 684 4512 fuisse,
719 4447 871 4502 testis
897 4455 982 4501 est
1005 4445 1371 4501 Tertullianus
1390 4446 1696 4517 (d)«aliiq_ue
1730 4462 1772 4514 [ι
1872 4437 1962 4494 XL
2007 4441 2145 4495 Illud
2192 4451 2371 4496 tamen
2419 4441 2768 4496 dissimulare
2813 4457 2920 4495 non
2961 4458 3208 4512 possum,
3240 4443 3372 4498 Acta

108 4544 168 4598 in
203 4540 414 4596 nostris
464 4539 530 4593 ad
577 4553 700 4593 eum
732 4537 911 4592 locum
946 4537 1088 4589 notis
1115 4535 1339 4590 laudati.
1375 4536 1688 4591 Marcellum

109 4646 340 4704 quoque
375 4631 471 4696 ait,
506 4629 741 4699 hospitia
777 4628 832 4682 in
867 4627 1306 4683 Christianorum
1344 4631 1693 4699 peregrinan-

111 4727 258 4781 tium
289 4739 450 4778 usum
479 4738 574 4791 per
599 4723 715 4776 vias
748 4721 926 4790 regias
953 4721 1347 4785 construxisse,
1373 4737 1494 4789 quae
1514 4736 1542 4773 a
1567 4721 1694 4774 Car—

108 4821 194 4876 ris
218 4819 275 4872 in
306 4814 588 4872 Persidem
622 4813 895 4868 ducebant
921 4829 934 4865 :
968 4812 1113 4880 quod
1146 4811 1329 4866 itidem
1358 4811 1426 4864 ab
1453 4811 1692 4879 antiquis

107 4909 447 4968 Christianis
465 4908 557 4977 qui
580 4905 823 4960 sedulam
846 4905 1199 4974 hospitalitati
1221 4919 1442 4973 operam
1469 4903 1690 4963 dabant.

108 5005 233 5060 fieri
275 5001 627 5058 consuevisse
672 5005 856 5067 aperte
900 4997 1173 5067 colligitur
1211 5012 1276 5051 ex
1309 4995 1556 5065 Gregorii
1585 4994 1696 5048 Na-

109 5093 368 5154 zianzeni
407 5093 671 5148 invectiva
711 5091 735 5144 1
775 5089 834 5142 in
879 5087 1157 5144 Julianum
1208 5088 1562 5159 Apostatam;
1599 5089 1690 5144 ubi

109 5191 505 5261 imperatorem
534 5186 680 5240 hunc
706 5185 1005 5240 diversoria
1035 5192 1088 5237 et
1119 5181 1349 5251 hospitia
1372 5197 1468 5251 per
1501 5181 1689 5235 orbem

109 5283 449 5342 Romanum,
495 5277 929 5331 Christianorum
971 5274 1221 5342 exemplo
1249 5272 1501 5327 :edilieari
1538 5287 1692 5326 man-

108 5378 278 5430 dasse
311 5379 563 5434 testatur,
596 5379 654 5422 ut
687 5381 1023 5438 paganorum
1061 5364 1543 5435 superstitionibus
1578 5379 1692 5416 ma-

106 5471 290 5539 jorem
325 5463 540 5517 laudem
573 5458 1079 5527 venerationemque
1111 5456 1446 5510 conciliaret.
1495 5453 1694 5508 Narrat

191 5604 268 5671 (τι)
313 5598 459 5652 Hist.
493 5595 745 5671 eccl._li_b_.
782 5591 1090 5671 t_.“cap._fi.0.
1167 5617 1169 5619 ι

187 5661 262 5741 (bi
304 5673 595 5741 Comment.
793 5663 944 5715 Vind.
980 5662 1072 5741 lib.
1111 5679 1188 5731 In,
1220 5664 1338 5720 cod.
1373 5661 1461 5718 40.

304 5740 446 5794 Hist.
478 5739 602 5793 ccci.
640 5738 731 5791 lib.
763 5751 857 5801 vn,
892 5750 1009 5803 cap.
1039 5736 1089 5787 ti.

1797 4535 1900 4588 ista
1957 4535 2344 4604 disputationis
2397 4533 2648 4589 Archelai
2691 4549 2817 4588 cum
2859 4533 3090 4600 Manete,
3138 4551 3260 4604 quae
3304 4553 3367 4589 ex

1797 4625 2059 4681 Vaticano
2105 4626 2423 4682 Casinensis
2467 4627 2670 4682 codicis
2708 4626 3021 4696 apographo
3059 4625 3222 4696 primi
3255 4626 3370 4680 edi-

1795 4734 1939 4784 mus,
1971 4721 2182 4788 integra
2229 4734 2575 4787 nequaquam
2619 4717 2816 4780 videri,
2874 4717 2968 4770 sed
3020 4717 3269 4786 pluribus
3310 4719 3367 4772 in

1794 4811 1928 4866 locis
1967 4827 1998 4865 a
2044 4818 2220 4864 vetere
2253 4811 2474 4863 librario
2504 4810 2770 4863 mutilata.
2809 4807 3086 4876 Siquidem
3134 4809 3368 4882 Cyrillus

1793 4903 2319 4974 Hierosolymitanus
2347 4902 2422 4970 (f)
2455 4901 2703 4972 qumdam
2759 4900 2988 4955 Manetis
3048 4909 3368 4972 argumenta

1793 5011 1918 5048 eum
1969 4993 2222 5047 Archelai
2265 4991 2730 5061 rCSponsionibus
2759 4991 2970 5055 recitat,
3008 5006 3129 5060 qua:
3164 4991 3217 5044 in
3271 5008 3368 5045 no~

1796 5095 1908 5139 stra
1941 5084 2183 5137 editione
2215 5097 2321 5136 non
2355 5083 2734 5150 reperiuntur;
2761 5096 2860 5135 nee
2894 5081 3002 5136 dici
3028 5097 3188 5150 posse
3215 5083 3365 5136 vide-

1797 5184 1906 5238 tur,
1938 5174 2202 5244 Cyrillum
2229 5173 2476 5227 Archelai
2511 5173 2780 5226 dictorum
2812 5187 3055 5234 sensum,
3090 5188 3196 5226 non
3237 5187 3366 5227 vero

1794 5269 2025 5336 ipsamet
2055 5265 2305 5319 Archelai
2334 5265 2496 5319 verba
2539 5265 2814 5330 laudasse,
2845 5281 2970 5320 cum
2997 5264 3172 5319 simile
3201 5265 3363 5334 quid-

1793 5361 1937 5428 piam
1973 5359 2026 5410 in
2056 5357 2206 5431 nullo
2231 5365 2431 5410 nostra:
2449 5356 2704 5410 editionis
2727 5358 2846 5411 loco
2870 5357 3113 5426 legatur;
3137 5370 3201 5411 ac
3225 5369 3366 5424 prae-

1796 5461 1939 5506 terea
1978 5449 2140 5502 verba
2190 5448 2280 5501 illa
2328 5463 2449 5517 quae
2496 5449 2731 5520 Cyrillus
2774 5447 2956 5514 refert,
2988 5450 3064 5504 ita
3101 5458 3361 5518 concepta

1866 5587 1940 5656 (d)
1981 5585 2052 5656 De
2078 5601 2186 5640 cor.
2223 5585 2360 5651 mil.,
2389 5600 2507 5653 cap.
2536 5586 2619 5638 ll.

1865 5664 1934 5724 te)
1969 5655 2190 5720 Chrom,
2217 5673 2337 5724 pag.
2371 5656 2491 5708 367.

1867 5729 1932 5798 (1')
1970 5728 2188 5782 Catcch.
2223 5744 2294 5794 Vl,
2329 5743 2379 5797 p.
2417 5743 2488 5780 tn.
2527 5726 2648 5781 147,
