  <div class='ocr_page' id='page_1' title='image "/cluster/home/n/w/nwhite01/storage/ocr_20150623/10/hvd.32044019207620/717.png"; bbox 0 0 3888 6516; ppageno 0'>
   <div class='ocr_carea' id='block_1_1' title="bbox 509 322 653 381">
    <p class='ocr_par' dir='ltr' id='par_1_1' title="bbox 509 322 653 381">
     <span class='ocr_line' id='line_1_1' title="bbox 509 322 653 381; baseline -0.021 0"><span class='ocrx_word' id='word_1_1' title='bbox 509 322 653 381; x_wconf 67' lang='grc'><strong>1515</strong></span> 
     </span>
    </p>
   </div>
   <div class='ocr_carea' id='block_1_2' title="bbox 1374 299 2903 371">
    <p class='ocr_par' dir='ltr' id='par_1_2' title="bbox 1374 299 2903 371">
     <span class='ocr_line' id='line_1_2' title="bbox 1374 299 2903 371; baseline -0.008 -1"><span class='ocrx_word' id='word_1_2' title='bbox 1374 310 1440 371; x_wconf 77' lang='grc'><strong>8.</strong></span> <span class='ocrx_word' id='word_1_3' title='bbox 1483 306 1899 370; x_wconf 77' lang='lat' dir='ltr'><strong>ARCHELAUS</strong></span> <span class='ocrx_word' id='word_1_4' title='bbox 1940 299 2459 367; x_wconf 30' lang='lat' dir='ltr'><strong>MESOPOTAM‘UE</strong></span> <span class='ocrx_word' id='word_1_5' title='bbox 2500 308 2903 365; x_wconf 81' lang='lat' dir='ltr'><strong>EPISCOPUS.</strong></span> 
     </span>
    </p>
   </div>
   <div class='ocr_carea' id='block_1_3' title="bbox 3557 310 3661 364">
    <p class='ocr_par' dir='ltr' id='par_1_3' title="bbox 3557 310 3661 364">
     <span class='ocr_line' id='line_1_3' title="bbox 3557 310 3661 364; baseline 0.01 -2"><span class='ocrx_word' id='word_1_6' title='bbox 3557 310 3661 364; x_wconf 64' lang='lat' dir='ltr'><strong>HIS</strong></span> 
     </span>
    </p>
   </div>
   <div class='ocr_carea' id='block_1_4' title="bbox 510 417 3663 509">
    <p class='ocr_par' dir='ltr' id='par_1_4' title="bbox 510 417 3663 509">
     <span class='ocr_line' id='line_1_4' title="bbox 510 417 3663 509; baseline -0.008 -11"><span class='ocrx_word' id='word_1_7' title='bbox 510 442 641 509; x_wconf 86' lang='lat' dir='ltr'><strong>sint,</strong></span> <span class='ocrx_word' id='word_1_8' title='bbox 676 450 735 495; x_wconf 89' lang='lat' dir='ltr'><strong>ut</strong></span> <span class='ocrx_word' id='word_1_9' title='bbox 762 440 829 494; x_wconf 85' lang='lat' dir='ltr'><strong>ab</strong></span> <span class='ocrx_word' id='word_1_10' title='bbox 861 439 1091 508; x_wconf 86' lang='lat' dir='ltr'><strong>ipsomet</strong></span> <span class='ocrx_word' id='word_1_11' title='bbox 1118 431 1384 490; x_wconf 83' lang='lat' dir='ltr'><strong>Archelao</strong></span> <span class='ocrx_word' id='word_1_12' title='bbox 1414 433 1626 503; x_wconf 86' lang='lat' dir='ltr'><strong>prolata</strong></span> <span class='ocrx_word' id='word_1_13' title='bbox 1662 431 1827 485; x_wconf 78' lang='lat' dir='ltr'><strong>fuisse</strong></span> <span class='ocrx_word' id='word_1_14' title='bbox 1859 430 2079 485; x_wconf 89' lang='lat' dir='ltr'><strong>videan-</strong></span> <span class='ocrx_word' id='word_1_15' title='bbox 2107 442 2155 496; x_wconf 78' lang='grc' dir='ltr'>Α</span> <span class='ocrx_word' id='word_1_16' title='bbox 2184 435 2388 498; x_wconf 86' lang='lat' dir='ltr'><strong>posset,</strong></span> <span class='ocrx_word' id='word_1_17' title='bbox 2434 424 2625 495; x_wconf 79' lang='lat' dir='ltr'><strong>quanti</strong></span> <span class='ocrx_word' id='word_1_18' title='bbox 2674 421 2935 477; x_wconf 74' lang='lat' dir='ltr'><strong>facienda:</strong></span> <span class='ocrx_word' id='word_1_19' title='bbox 2980 420 3085 474; x_wconf 82' lang='lat' dir='ltr'><strong>sint</strong></span> <span class='ocrx_word' id='word_1_20' title='bbox 3113 418 3342 487; x_wconf 75' lang='lat' dir='ltr'><strong>antiquae</strong></span> <span class='ocrx_word' id='word_1_21' title='bbox 3370 417 3547 473; x_wconf 76' lang='lat' dir='ltr'><strong>Latina:</strong></span> <span class='ocrx_word' id='word_1_22' title='bbox 3571 438 3663 474; x_wconf 73' lang='lat' dir='ltr'><strong>vcr-</strong></span> 
     </span>
    </p>
   </div>
   <div class='ocr_carea' id='block_1_5' title="bbox 510 524 2080 603">
    <p class='ocr_par' dir='ltr' id='par_1_5' title="bbox 510 524 2080 603">
     <span class='ocr_line' id='line_1_5' title="bbox 510 524 2080 603; baseline -0.008 -15"><span class='ocrx_word' id='word_1_23' title='bbox 510 546 618 588; x_wconf 89' lang='lat' dir='ltr'><strong>tur.</strong></span> <span class='ocrx_word' id='word_1_24' title='bbox 653 532 757 585; x_wconf 90' lang='lat' dir='ltr'><strong>Sed</strong></span> <span class='ocrx_word' id='word_1_25' title='bbox 794 539 847 583; x_wconf 88' lang='lat' dir='ltr'><strong>et</strong></span> <span class='ocrx_word' id='word_1_26' title='bbox 883 529 1207 597; x_wconf 71' lang='lat' dir='ltr'><strong>conjectura:</strong></span> <span class='ocrx_word' id='word_1_27' title='bbox 1235 524 1509 603; x_wconf 74' lang='lat' dir='ltr'><strong>nopnullze</strong></span> <span class='ocrx_word' id='word_1_28' title='bbox 1546 539 1611 579; x_wconf 77' lang='lat' dir='ltr'><strong>ex</strong></span> <span class='ocrx_word' id='word_1_29' title='bbox 1644 532 1826 577; x_wconf 87' lang='lat' dir='ltr'><strong>nostra</strong></span> <span class='ocrx_word' id='word_1_30' title='bbox 1860 537 2080 576; x_wconf 87' lang='lat' dir='ltr'><strong>eorum-</strong></span> 
     </span>
    </p>
   </div>
   <div class='ocr_carea' id='block_1_6' title="bbox 509 613 2084 685">
    <p class='ocr_par' dir='ltr' id='par_1_6' title="bbox 509 613 2084 685">
     <span class='ocr_line' id='line_1_6' title="bbox 509 613 2084 685; baseline -0.008 -7"><span class='ocrx_word' id='word_1_31' title='bbox 509 625 632 679; x_wconf 85' lang='lat' dir='ltr'><strong>detn</strong></span> <span class='ocrx_word' id='word_1_32' title='bbox 663 624 918 675; x_wconf 88' lang='lat' dir='ltr'><strong>Actorum</strong></span> <span class='ocrx_word' id='word_1_33' title='bbox 945 618 1182 672; x_wconf 91' lang='lat' dir='ltr'><strong>editione</strong></span> <span class='ocrx_word' id='word_1_34' title='bbox 1204 616 1311 685; x_wconf 89' lang='lat' dir='ltr'><strong>peti</strong></span> <span class='ocrx_word' id='word_1_35' title='bbox 1332 623 1581 685; x_wconf 84' lang='lat' dir='ltr'><strong>possunt,</strong></span> <span class='ocrx_word' id='word_1_36' title='bbox 1603 614 1803 684; x_wconf 86' lang='lat' dir='ltr'><strong>quibus</strong></span> <span class='ocrx_word' id='word_1_37' title='bbox 1829 614 1879 667; x_wconf 90' lang='lat' dir='ltr'><strong>id</strong></span> <span class='ocrx_word' id='word_1_38' title='bbox 1904 613 2084 681; x_wconf 86' lang='lat' dir='ltr'><strong>ipsum</strong></span> 
     </span>
    </p>
   </div>
   <div class='ocr_carea' id='block_1_7' title="bbox 2183 508 3663 585">
    <p class='ocr_par' dir='ltr' id='par_1_7' title="bbox 2183 508 3663 585">
     <span class='ocr_line' id='line_1_7' title="bbox 2183 508 3663 585; baseline -0.007 -12"><span class='ocrx_word' id='word_1_39' title='bbox 2183 521 2385 581; x_wconf 86' lang='lat' dir='ltr'><strong>siones,</strong></span> <span class='ocrx_word' id='word_1_40' title='bbox 2430 526 2483 570; x_wconf 90' lang='lat' dir='ltr'><strong>et</strong></span> <span class='ocrx_word' id='word_1_41' title='bbox 2526 525 2790 585; x_wconf 88' lang='lat' dir='ltr'><strong>quantum</strong></span> <span class='ocrx_word' id='word_1_42' title='bbox 2833 512 3094 573; x_wconf 73' lang='lat' dir='ltr'><strong>,utilitatis</strong></span> <span class='ocrx_word' id='word_1_43' title='bbox 3132 526 3196 564; x_wconf 83' lang='lat' dir='ltr'><strong>ex</strong></span> <span class='ocrx_word' id='word_1_44' title='bbox 3230 508 3332 562; x_wconf 87' lang='lat' dir='ltr'><strong>illis</strong></span> <span class='ocrx_word' id='word_1_45' title='bbox 3359 510 3597 569; x_wconf 86' lang='lat' dir='ltr'><strong>redundet,</strong></span> <span class='ocrx_word' id='word_1_46' title='bbox 3624 522 3663 565; x_wconf 89' lang='lat' dir='ltr'><strong>ut</strong></span> 
     </span>
    </p>
   </div>
   <div class='ocr_carea' id='block_1_8' title="bbox 2183 600 3663 676">
    <p class='ocr_par' dir='ltr' id='par_1_8' title="bbox 2183 600 3663 676">
     <span class='ocr_line' id='line_1_8' title="bbox 2183 600 3663 676; baseline -0.007 -11"><span class='ocrx_word' id='word_1_47' title='bbox 2183 613 2438 666; x_wconf 87' lang='lat' dir='ltr'><strong>idemmet</strong></span> <span class='ocrx_word' id='word_1_48' title='bbox 2478 610 2553 662; x_wconf 90' lang='lat' dir='ltr'><strong>ait</strong></span> <span class='ocrx_word' id='word_1_49' title='bbox 2606 608 2658 660; x_wconf 83' lang='lat' dir='ltr'><strong>in</strong></span> <span class='ocrx_word' id='word_1_50' title='bbox 2702 605 3017 676; x_wconf 67' lang='lat' dir='ltr'><strong>prml‘atione</strong></span> <span class='ocrx_word' id='word_1_51' title='bbox 3068 603 3133 656; x_wconf 91' lang='lat' dir='ltr'><strong>ad</strong></span> <span class='ocrx_word' id='word_1_52' title='bbox 3191 600 3405 654; x_wconf 82' lang='lat' dir='ltr'><strong>Palladii</strong></span> <span class='ocrx_word' id='word_1_53' title='bbox 3454 601 3663 671; x_wconf 80' lang='lat' dir='ltr'><strong>dialogum</strong></span> 
     </span>
    </p>
   </div>
   <div class='ocr_carea' id='block_1_9' title="bbox 510 692 3697 771">
    <p class='ocr_par' dir='ltr' id='par_1_9' title="bbox 510 692 3697 771">
     <span class='ocr_line' id='line_1_9' title="bbox 510 692 3697 771; baseline -0.008 -3"><span class='ocrx_word' id='word_1_54' title='bbox 510 712 742 769; x_wconf 85' lang='lat' dir='ltr'><strong>ulterius</strong></span> <span class='ocrx_word' id='word_1_55' title='bbox 793 709 1171 764; x_wconf 79' lang='lat' dir='ltr'><strong>conﬁrmatur.</strong></span> <span class='ocrx_word' id='word_1_56' title='bbox 1218 706 1353 760; x_wconf 87' lang='lat' dir='ltr'><strong>Nam</strong></span> <span class='ocrx_word' id='word_1_57' title='bbox 1397 706 1451 759; x_wconf 91' lang='lat' dir='ltr'><strong>in</strong></span> <span class='ocrx_word' id='word_1_58' title='bbox 1501 704 1815 759; x_wconf 78' lang='lat' dir='ltr'><strong>e‘orumdem</strong></span> <span class='ocrx_word' id='word_1_59' title='bbox 1852 718 1970 771; x_wconf 89' lang='lat' dir='ltr'><strong>cap.</strong></span> <span class='ocrx_word' id='word_1_60' title='bbox 2016 703 2085 755; x_wconf 75' lang='grc'><strong>12</strong></span> <span class='ocrx_word' id='word_1_61' title='bbox 2182 705 2247 756; x_wconf 84' lang='lat' dir='ltr'><strong>de</strong></span> <span class='ocrx_word' id='word_1_62' title='bbox 2290 705 2396 756; x_wconf 84' lang='lat' dir='ltr'><strong>vita</strong></span> <span class='ocrx_word' id='word_1_63' title='bbox 2436 700 2494 756; x_wconf 91' lang='lat' dir='ltr'><strong>S.</strong></span> <span class='ocrx_word' id='word_1_64' title='bbox 2530 699 2756 752; x_wconf 77' lang='lat' dir='ltr'><strong>Joannis</strong></span> <span class='ocrx_word' id='word_1_65' title='bbox 2807 695 3163 764; x_wconf 80' lang='lat' dir='ltr'><strong>Chrysostomi</strong></span> <span class='ocrx_word' id='word_1_66' title='bbox 3197 707 3357 761; x_wconf 85' lang='lat' dir='ltr'><strong>prope</strong></span> <span class='ocrx_word' id='word_1_67' title='bbox 3399 692 3697 744; x_wconf 76' lang='lat' dir='ltr'><strong>linemzsed&#39;</strong></span> 
     </span>
    </p>
   </div>
   <div class='ocr_carea' id='block_1_10' title="bbox 513 797 2083 863">
    <p class='ocr_par' dir='ltr' id='par_1_10' title="bbox 513 797 2083 863">
     <span class='ocr_line' id='line_1_10' title="bbox 513 797 2083 863; baseline -0.01 -4"><span class='ocrx_word' id='word_1_68' title='bbox 513 806 629 860; x_wconf 68' lang='lat' dir='ltr'><strong>haec</strong></span> <span class='ocrx_word' id='word_1_69' title='bbox 659 802 924 856; x_wconf 81' lang='lat' dir='ltr'><strong>habentur</strong></span> <span class='ocrx_word' id='word_1_70' title='bbox 954 818 967 852; x_wconf 87' lang='lat'><strong>:</strong></span> <span class='ocrx_word' id='word_1_71' title='bbox 1000 797 1255 852; x_wconf 82' lang='lat' dir='ltr'><strong>Archelao</strong></span> <span class='ocrx_word' id='word_1_72' title='bbox 1298 806 1473 850; x_wconf 86' lang='lat' dir='ltr'><strong>autem</strong></span> <span class='ocrx_word' id='word_1_73' title='bbox 1522 804 1637 849; x_wconf 84' lang='lat' dir='ltr'><strong>erat</strong></span> <span class='ocrx_word' id='word_1_74' title='bbox 1682 811 1811 847; x_wconf 86' lang='lat' dir='ltr'><strong>cura</strong></span> <span class='ocrx_word' id='word_1_75' title='bbox 1852 809 1944 863; x_wconf 88' lang='lat' dir='ltr'><strong>pro</strong></span> <span class='ocrx_word' id='word_1_76' title='bbox 1988 809 2083 861; x_wconf 86' lang='lat' dir='ltr'><strong>po-</strong></span> 
     </span>
    </p>
   </div>
   <div class='ocr_carea' id='block_1_11' title="bbox 512 886 2089 968">
    <p class='ocr_par' dir='ltr' id='par_1_11' title="bbox 512 886 2089 968">
     <span class='ocr_line' id='line_1_11' title="bbox 512 886 2089 968; baseline -0.009 -18"><span class='ocrx_word' id='word_1_77' title='bbox 512 896 661 968; x_wconf 86' lang='lat' dir='ltr'><strong>pulo,</strong></span> <span class='ocrx_word' id='word_1_78' title='bbox 695 904 944 963; x_wconf 80' lang='lat' dir='ltr'><strong>tanquam</strong></span> <span class='ocrx_word' id='word_1_79' title='bbox 972 892 1174 961; x_wconf 80' lang='lat' dir='ltr'><strong>pastori</strong></span> <span class='ocrx_word' id='word_1_80' title='bbox 1203 906 1297 960; x_wconf 90' lang='lat' dir='ltr'><strong>pro</strong></span> <span class='ocrx_word' id='word_1_81' title='bbox 1328 888 1529 951; x_wconf 85' lang='lat' dir='ltr'><strong>ovibus,</strong></span> <span class='ocrx_word' id='word_1_82' title='bbox 1558 903 1679 940; x_wconf 81' lang='lat' dir='ltr'><strong>cum</strong></span> <span class='ocrx_word' id='word_1_83' title='bbox 1720 886 1962 956; x_wconf 84' lang='lat' dir='ltr'><strong>luporum</strong></span> <span class='ocrx_word' id='word_1_84' title='bbox 1992 901 2089 953; x_wconf 86' lang='lat' dir='ltr'><strong>pa-</strong></span> 
     </span>
    </p>
   </div>
   <div class='ocr_carea' id='block_1_12' title="bbox 513 974 2089 1051">
    <p class='ocr_par' dir='ltr' id='par_1_12' title="bbox 513 974 2089 1051">
     <span class='ocr_line' id='line_1_12' title="bbox 513 974 2089 1051; baseline -0.01 -10"><span class='ocrx_word' id='word_1_85' title='bbox 513 995 705 1041; x_wconf 82' lang='lat' dir='ltr'><strong>rantur</strong></span> <span class='ocrx_word' id='word_1_86' title='bbox 738 984 969 1037; x_wconf 77' lang='lat' dir='ltr'><strong>insidiaz.</strong></span> <span class='ocrx_word' id='word_1_87' title='bbox 999 982 1175 1051; x_wconf 83' lang='lat' dir='ltr'><strong>Igitur</strong></span> <span class='ocrx_word' id='word_1_88' title='bbox 1204 977 1488 1033; x_wconf 79' lang='lat' dir='ltr'><strong>Marcellus</strong></span> <span class='ocrx_word' id='word_1_89' title='bbox 1522 976 1814 1030; x_wconf 86' lang='lat' dir='ltr'><strong>Turbonem</strong></span> <span class='ocrx_word' id='word_1_90' title='bbox 1858 974 2089 1027; x_wconf 86' lang='lat' dir='ltr'><strong>muneri-</strong></span> 
     </span>
    </p>
   </div>
   <div class='ocr_carea' id='block_1_13' title="bbox 516 1067 2089 1148">
    <p class='ocr_par' dir='ltr' id='par_1_13' title="bbox 516 1067 2089 1148">
     <span class='ocr_line' id='line_1_13' title="bbox 516 1067 2089 1148; baseline -0.01 -13"><span class='ocrx_word' id='word_1_91' title='bbox 516 1085 609 1135; x_wconf 85' lang='lat' dir='ltr'><strong>bus</strong></span> <span class='ocrx_word' id='word_1_92' title='bbox 638 1078 885 1148; x_wconf 77' lang='lat' dir='ltr'><strong>plurimis</strong></span> <span class='ocrx_word' id='word_1_93' title='bbox 911 1074 1161 1144; x_wconf 76' lang='lat' dir='ltr'><strong>implevit,</strong></span> <span class='ocrx_word' id='word_1_94' title='bbox 1191 1084 1240 1128; x_wconf 88' lang='lat' dir='ltr'><strong>et</strong></span> <span class='ocrx_word' id='word_1_95' title='bbox 1264 1076 1320 1127; x_wconf 89' lang='lat' dir='ltr'><strong>in</strong></span> <span class='ocrx_word' id='word_1_96' title='bbox 1356 1070 1604 1126; x_wconf 83' lang='lat' dir='ltr'><strong>Archelai</strong></span> <span class='ocrx_word' id='word_1_97' title='bbox 1625 1070 1838 1123; x_wconf 79' lang='lat' dir='ltr'><strong>deruunt</strong></span> <span class='ocrx_word' id='word_1_98' title='bbox 1867 1067 2089 1121; x_wconf 77' lang='lat' dir='ltr'><strong>residere</strong></span> 
     </span>
    </p>
   </div>
   <div class='ocr_carea' id='block_1_14' title="bbox 513 1159 2086 1243">
    <p class='ocr_par' dir='ltr' id='par_1_14' title="bbox 513 1159 2086 1243">
     <span class='ocr_line' id='line_1_14' title="bbox 513 1159 2086 1243; baseline -0.01 -17"><span class='ocrx_word' id='word_1_99' title='bbox 513 1171 781 1243; x_wconf 75' lang='lat' dir='ltr'><strong>prwcepit.</strong></span> <span class='ocrx_word' id='word_1_100' title='bbox 826 1168 1023 1221; x_wconf 86' lang='lat' dir='ltr'><strong>Eadem</strong></span> <span class='ocrx_word' id='word_1_101' title='bbox 1072 1176 1247 1219; x_wconf 83' lang='lat' dir='ltr'><strong>autem</strong></span> <span class='ocrx_word' id='word_1_102' title='bbox 1291 1166 1407 1234; x_wconf 90' lang='lat' dir='ltr'><strong>ipsa</strong></span> <span class='ocrx_word' id='word_1_103' title='bbox 1432 1166 1519 1217; x_wconf 86' lang='lat' dir='ltr'><strong>die</strong></span> <span class='ocrx_word' id='word_1_104' title='bbox 1550 1161 1845 1216; x_wconf 83' lang='lat' dir='ltr'><strong>adventavit</strong></span> <span class='ocrx_word' id='word_1_105' title='bbox 1882 1159 2086 1223; x_wconf 85' lang='lat' dir='ltr'><strong>Manes,</strong></span> 
     </span>
    </p>
   </div>
   <div class='ocr_carea' id='block_1_15' title="bbox 517 1251 2090 1331">
    <p class='ocr_par' dir='ltr' id='par_1_15' title="bbox 517 1251 2090 1331">
     <span class='ocr_line' id='line_1_15' title="bbox 517 1251 2090 1331; baseline -0.008 -15"><span class='ocrx_word' id='word_1_106' title='bbox 517 1272 572 1316; x_wconf 89' lang='lat' dir='ltr'><strong>et</strong></span> <span class='ocrx_word' id='word_1_107' title='bbox 616 1277 736 1331; x_wconf 73' lang='lat' dir='ltr'><strong>qua:</strong></span> <span class='ocrx_word' id='word_1_108' title='bbox 785 1269 1111 1328; x_wconf 86' lang='lat' dir='ltr'><strong>sequuntur.</strong></span> <span class='ocrx_word' id='word_1_109' title='bbox 1143 1256 1213 1309; x_wconf 85' lang='lat' dir='ltr'><strong>At</strong></span> <span class='ocrx_word' id='word_1_110' title='bbox 1246 1271 1374 1309; x_wconf 82' lang='lat' dir='ltr'><strong>vero</strong></span> <span class='ocrx_word' id='word_1_111' title='bbox 1428 1255 1503 1307; x_wconf 92' lang='lat' dir='ltr'><strong>nil</strong></span> <span class='ocrx_word' id='word_1_112' title='bbox 1549 1254 1601 1306; x_wconf 92' lang='lat' dir='ltr'><strong>in</strong></span> <span class='ocrx_word' id='word_1_113' title='bbox 1649 1251 2090 1306; x_wconf 87' lang='lat' dir='ltr'><strong>antecedentibus</strong></span> 
     </span>
    </p>
   </div>
   <div class='ocr_carea' id='block_1_16' title="bbox 520 1342 2089 1421">
    <p class='ocr_par' dir='ltr' id='par_1_16' title="bbox 520 1342 2089 1421">
     <span class='ocr_line' id='line_1_16' title="bbox 520 1342 2089 1421; baseline -0.01 -13"><span class='ocrx_word' id='word_1_114' title='bbox 520 1363 794 1418; x_wconf 85' lang='lat' dir='ltr'><strong>narratur,</strong></span> <span class='ocrx_word' id='word_1_115' title='bbox 838 1351 983 1421; x_wconf 87' lang='lat' dir='ltr'><strong>quod</strong></span> <span class='ocrx_word' id='word_1_116' title='bbox 1027 1364 1089 1403; x_wconf 89' lang='lat' dir='ltr'><strong>ea</strong></span> <span class='ocrx_word' id='word_1_117' title='bbox 1118 1364 1224 1417; x_wconf 87' lang='lat' dir='ltr'><strong>qua</strong></span> <span class='ocrx_word' id='word_1_118' title='bbox 1264 1346 1450 1400; x_wconf 89' lang='lat' dir='ltr'><strong>Manes</strong></span> <span class='ocrx_word' id='word_1_119' title='bbox 1500 1346 1715 1399; x_wconf 83' lang='lat' dir='ltr'><strong>advenit</strong></span> <span class='ocrx_word' id='word_1_120' title='bbox 1752 1344 1839 1397; x_wconf 89' lang='lat' dir='ltr'><strong>die</strong></span> <span class='ocrx_word' id='word_1_121' title='bbox 1886 1342 2089 1396; x_wconf 80' lang='lat' dir='ltr'><strong>factum</strong></span> 
     </span>
    </p>
   </div>
   <div class='ocr_carea' id='block_1_17' title="bbox 521 1435 2090 1510">
    <p class='ocr_par' dir='ltr' id='par_1_17' title="bbox 521 1435 2090 1510">
     <span class='ocr_line' id='line_1_17' title="bbox 521 1435 2090 1510; baseline -0.01 -8"><span class='ocrx_word' id='word_1_122' title='bbox 521 1447 705 1502; x_wconf 85' lang='lat' dir='ltr'><strong>fuerit.</strong></span> <span class='ocrx_word' id='word_1_123' title='bbox 738 1446 1005 1501; x_wconf 68' lang='lat' dir='ltr'><strong>Praeterea</strong></span> <span class='ocrx_word' id='word_1_124' title='bbox 1034 1444 1088 1497; x_wconf 91' lang='lat' dir='ltr'><strong>in</strong></span> <span class='ocrx_word' id='word_1_125' title='bbox 1122 1457 1240 1510; x_wconf 92' lang='lat' dir='ltr'><strong>cap.</strong></span> <span class='ocrx_word' id='word_1_126' title='bbox 1264 1440 1334 1494; x_wconf 74' lang='lat'><strong>‘25</strong></span> <span class='ocrx_word' id='word_1_127' title='bbox 1378 1439 1540 1508; x_wconf 83' lang='lat' dir='ltr'><strong>hujus</strong></span> <span class='ocrx_word' id='word_1_128' title='bbox 1568 1436 1950 1507; x_wconf 89' lang='lat' dir='ltr'><strong>disputationis</strong></span> <span class='ocrx_word' id='word_1_129' title='bbox 1985 1435 2090 1487; x_wconf 87' lang='lat' dir='ltr'><strong>Ar-</strong></span> 
     </span>
    </p>
   </div>
   <div class='ocr_carea' id='block_1_18' title="bbox 521 1527 2090 1595">
    <p class='ocr_par' dir='ltr' id='par_1_18' title="bbox 521 1527 2090 1595">
     <span class='ocr_line' id='line_1_18' title="bbox 521 1527 2090 1595; baseline -0.01 0"><span class='ocrx_word' id='word_1_130' title='bbox 521 1540 745 1595; x_wconf 88' lang='lat' dir='ltr'><strong>chelaus</strong></span> <span class='ocrx_word' id='word_1_131' title='bbox 769 1539 875 1591; x_wconf 86' lang='lat' dir='ltr'><strong>ait:</strong></span> <span class='ocrx_word' id='word_1_132' title='bbox 905 1535 1092 1589; x_wconf 84' lang='lat' dir='ltr'><strong>Nonne</strong></span> <span class='ocrx_word' id='word_1_133' title='bbox 1115 1534 1287 1587; x_wconf 82' lang='lat' dir='ltr'><strong>David</strong></span> <span class='ocrx_word' id='word_1_134' title='bbox 1311 1548 1374 1585; x_wconf 82' lang='lat' dir='ltr'><strong>ea:</strong></span> <span class='ocrx_word' id='word_1_135' title='bbox 1395 1547 1481 1584; x_wconf 85' lang='lat' dir='ltr'><strong>ore</strong></span> <span class='ocrx_word' id='word_1_136' title='bbox 1505 1530 1668 1583; x_wconf 81' lang='lat' dir='ltr'><strong>leonis</strong></span> <span class='ocrx_word' id='word_1_137' title='bbox 1706 1527 1783 1581; x_wconf 87' lang='lat' dir='ltr'><strong>vel</strong></span> <span class='ocrx_word' id='word_1_138' title='bbox 1820 1530 1930 1580; x_wconf 85' lang='lat' dir='ltr'><strong>ursi</strong></span> <span class='ocrx_word' id='word_1_139' title='bbox 1956 1528 2090 1580; x_wconf 88' lang='lat' dir='ltr'><strong>eruit</strong></span> 
     </span>
    </p>
   </div>
   <div class='ocr_carea' id='block_1_19' title="bbox 521 1613 2093 1693">
    <p class='ocr_par' dir='ltr' id='par_1_19' title="bbox 521 1613 2093 1693">
     <span class='ocr_line' id='line_1_19' title="bbox 521 1613 2093 1693; baseline -0.011 -10"><span class='ocrx_word' id='word_1_140' title='bbox 521 1629 702 1683; x_wconf 84' lang='lat' dir='ltr'><strong>avent?</strong></span> <span class='ocrx_word' id='word_1_141' title='bbox 744 1627 857 1681; x_wconf 83' lang='lat' dir='ltr'><strong>Hoc</strong></span> <span class='ocrx_word' id='word_1_142' title='bbox 888 1626 1111 1679; x_wconf 85' lang='lat' dir='ltr'><strong>dicimus</strong></span> <span class='ocrx_word' id='word_1_143' title='bbox 1146 1632 1356 1693; x_wconf 84' lang='lat' dir='ltr'><strong>propter</strong></span> <span class='ocrx_word' id='word_1_144' title='bbox 1393 1635 1487 1674; x_wconf 92' lang='lat' dir='ltr'><strong>ore</strong></span> <span class='ocrx_word' id='word_1_145' title='bbox 1520 1618 1714 1679; x_wconf 89' lang='lat' dir='ltr'><strong>leonis,</strong></span> <span class='ocrx_word' id='word_1_146' title='bbox 1742 1614 1878 1685; x_wconf 85' lang='lat' dir='ltr'><strong>quod</strong></span> <span class='ocrx_word' id='word_1_147' title='bbox 1906 1615 2003 1679; x_wconf 90' lang='lat' dir='ltr'><strong>ait,</strong></span> <span class='ocrx_word' id='word_1_148' title='bbox 2028 1613 2093 1666; x_wconf 87' lang='lat' dir='ltr'><strong>de</strong></span> 
     </span>
    </p>
   </div>
   <div class='ocr_carea' id='block_1_20' title="bbox 521 1705 2092 1783">
    <p class='ocr_par' dir='ltr' id='par_1_20' title="bbox 521 1705 2092 1783">
     <span class='ocr_line' id='line_1_20' title="bbox 521 1705 2092 1783; baseline -0.011 -8"><span class='ocrx_word' id='word_1_149' title='bbox 521 1739 610 1776; x_wconf 89' lang='lat' dir='ltr'><strong>ore</strong></span> <span class='ocrx_word' id='word_1_150' title='bbox 650 1720 836 1783; x_wconf 82' lang='lat' dir='ltr'><strong>leonis,</strong></span> <span class='ocrx_word' id='word_1_151' title='bbox 882 1726 973 1770; x_wconf 86' lang='lat' dir='ltr'><strong>aut</strong></span> <span class='ocrx_word' id='word_1_152' title='bbox 1014 1717 1077 1769; x_wconf 89' lang='lat' dir='ltr'><strong>de</strong></span> <span class='ocrx_word' id='word_1_153' title='bbox 1120 1725 1294 1768; x_wconf 81' lang='lat' dir='ltr'><strong>ventre</strong></span> <span class='ocrx_word' id='word_1_154' title='bbox 1338 1712 1451 1781; x_wconf 83' lang='lat' dir='ltr'><strong>ejus</strong></span> <span class='ocrx_word' id='word_1_155' title='bbox 1491 1718 1659 1780; x_wconf 81' lang='lat' dir='ltr'><strong>potest</strong></span> <span class='ocrx_word' id='word_1_156' title='bbox 1686 1708 1924 1768; x_wconf 85' lang='lat' dir='ltr'><strong>educere,</strong></span> <span class='ocrx_word' id='word_1_157' title='bbox 1953 1705 2092 1775; x_wconf 85' lang='lat' dir='ltr'><strong>quod</strong></span> 
     </span>
    </p>
   </div>
   <div class='ocr_carea' id='block_1_21' title="bbox 2184 782 3666 865">
    <p class='ocr_par' dir='ltr' id='par_1_21' title="bbox 2184 782 3666 865">
     <span class='ocr_line' id='line_1_21' title="bbox 2184 782 3666 865; baseline -0.01 -15"><span class='ocrx_word' id='word_1_158' title='bbox 2184 805 2374 865; x_wconf 87' lang='lat' dir='ltr'><strong>postea</strong></span> <span class='ocrx_word' id='word_1_159' title='bbox 2405 794 2545 847; x_wconf 91' lang='lat' dir='ltr'><strong>hanc</strong></span> <span class='ocrx_word' id='word_1_160' title='bbox 2577 806 2763 846; x_wconf 90' lang='lat' dir='ltr'><strong>curam</strong></span> <span class='ocrx_word' id='word_1_161' title='bbox 2812 790 2879 843; x_wconf 91' lang='lat' dir='ltr'><strong>iis</strong></span> <span class='ocrx_word' id='word_1_162' title='bbox 2910 789 3215 850; x_wconf 77' lang='lat' dir='ltr'><strong>relinquere</strong></span> <span class='ocrx_word' id='word_1_163' title='bbox 3244 785 3408 838; x_wconf 89' lang='lat' dir='ltr'><strong>satius</strong></span> <span class='ocrx_word' id='word_1_164' title='bbox 3436 782 3581 845; x_wconf 81' lang='lat' dir='ltr'><strong>duxit,</strong></span> <span class='ocrx_word' id='word_1_165' title='bbox 3604 783 3666 850; x_wconf 84' lang='lat' dir='ltr'><strong>qui</strong></span> 
     </span>
    </p>
   </div>
   <div class='ocr_carea' id='block_1_22' title="bbox 2185 874 3666 951">
    <p class='ocr_par' dir='ltr' id='par_1_22' title="bbox 2185 874 3666 951">
     <span class='ocr_line' id='line_1_22' title="bbox 2185 874 3666 951; baseline -0.011 -10"><span class='ocrx_word' id='word_1_166' title='bbox 2185 901 2384 942; x_wconf 87' lang='lat' dir='ltr'><strong>novam</strong></span> <span class='ocrx_word' id='word_1_167' title='bbox 2424 885 2715 939; x_wconf 88' lang='lat' dir='ltr'><strong>editionem</strong></span> <span class='ocrx_word' id='word_1_168' title='bbox 2748 895 2971 951; x_wconf 86' lang='lat' dir='ltr'><strong>Operum</strong></span> <span class='ocrx_word' id='word_1_169' title='bbox 3020 877 3076 931; x_wconf 92' lang='lat' dir='ltr'><strong>S.</strong></span> <span class='ocrx_word' id='word_1_170' title='bbox 3114 875 3393 945; x_wconf 84' lang='lat' dir='ltr'><strong>Epiphanii</strong></span> <span class='ocrx_word' id='word_1_171' title='bbox 3429 874 3666 943; x_wconf 80' lang='lat' dir='ltr'><strong>aggressuri</strong></span> 
     </span>
    </p>
   </div>
   <div class='ocr_carea' id='block_1_23' title="bbox 2187 965 3668 1045">
    <p class='ocr_par' dir='ltr' id='par_1_23' title="bbox 2187 965 3668 1045">
     <span class='ocr_line' id='line_1_23' title="bbox 2187 965 3668 1045; baseline -0.011 -13"><span class='ocrx_word' id='word_1_172' title='bbox 2187 986 2389 1042; x_wconf 84' lang='lat' dir='ltr'><strong>essent,</strong></span> <span class='ocrx_word' id='word_1_173' title='bbox 2419 987 2512 1030; x_wconf 89' lang='lat' dir='ltr'><strong>aut</strong></span> <span class='ocrx_word' id='word_1_174' title='bbox 2543 975 2637 1045; x_wconf 90' lang='lat' dir='ltr'><strong>qui</strong></span> <span class='ocrx_word' id='word_1_175' title='bbox 2672 973 2914 1028; x_wconf 87' lang='lat' dir='ltr'><strong>Socratis</strong></span> <span class='ocrx_word' id='word_1_176' title='bbox 2944 970 3197 1023; x_wconf 77' lang='lat' dir='ltr'><strong>Historia:</strong></span> <span class='ocrx_word' id='word_1_177' title='bbox 3224 982 3344 1022; x_wconf 87' lang='lat' dir='ltr'><strong>cum</strong></span> <span class='ocrx_word' id='word_1_178' title='bbox 3372 966 3501 1018; x_wconf 82' lang='lat' dir='ltr'><strong>nmis</strong></span> <span class='ocrx_word' id='word_1_179' title='bbox 3525 965 3668 1018; x_wconf 82' lang='lat' dir='ltr'><strong>doctis-</strong></span> 
     </span>
    </p>
   </div>
   <div class='ocr_carea' id='block_1_24' title="bbox 2189 1055 3668 1131">
    <p class='ocr_par' dir='ltr' id='par_1_24' title="bbox 2189 1055 3668 1131">
     <span class='ocr_line' id='line_1_24' title="bbox 2189 1055 3668 1131; baseline -0.01 -8"><span class='ocrx_word' id='word_1_180' title='bbox 2189 1069 2313 1124; x_wconf 90' lang='lat' dir='ltr'><strong>simi</strong></span> <span class='ocrx_word' id='word_1_181' title='bbox 2347 1066 2550 1121; x_wconf 81' lang='lat' dir='ltr'><strong>Valesii</strong></span> <span class='ocrx_word' id='word_1_182' title='bbox 2583 1080 2779 1121; x_wconf 87' lang='lat' dir='ltr'><strong>rursus</strong></span> <span class='ocrx_word' id='word_1_183' title='bbox 2809 1063 3028 1119; x_wconf 73' lang='lat' dir='ltr'><strong>edenda:</strong></span> <span class='ocrx_word' id='word_1_184' title='bbox 3057 1075 3275 1131; x_wconf 88' lang='lat' dir='ltr'><strong>operam</strong></span> <span class='ocrx_word' id='word_1_185' title='bbox 3301 1055 3668 1125; x_wconf 70' lang='lat' dir='ltr'><strong>susciperentllt</strong></span> 
     </span>
    </p>
   </div>
   <div class='ocr_carea' id='block_1_25' title="bbox 2190 1146 3669 1227">
    <p class='ocr_par' dir='ltr' id='par_1_25' title="bbox 2190 1146 3669 1227">
     <span class='ocr_line' id='line_1_25' title="bbox 2190 1146 3669 1227; baseline -0.011 -11"><span class='ocrx_word' id='word_1_186' title='bbox 2190 1161 2454 1215; x_wconf 87' lang='lat' dir='ltr'><strong>hactenus</strong></span> <span class='ocrx_word' id='word_1_187' title='bbox 2483 1157 2701 1227; x_wconf 86' lang='lat' dir='ltr'><strong>quidem</strong></span> <span class='ocrx_word' id='word_1_188' title='bbox 2733 1156 2807 1208; x_wconf 88' lang='lat' dir='ltr'><strong>nil</strong></span> <span class='ocrx_word' id='word_1_189' title='bbox 2842 1154 2985 1207; x_wconf 86' lang='lat' dir='ltr'><strong>aliud</strong></span> <span class='ocrx_word' id='word_1_190' title='bbox 3016 1168 3078 1207; x_wconf 80' lang='lat' dir='ltr'><strong>ex</strong></span> <span class='ocrx_word' id='word_1_191' title='bbox 3114 1150 3361 1205; x_wconf 83' lang='lat' dir='ltr'><strong>Archelai</strong></span> <span class='ocrx_word' id='word_1_192' title='bbox 3384 1146 3669 1217; x_wconf 76' lang='lat' dir='ltr'><strong>disputatione</strong></span> 
     </span>
    </p>
   </div>
   <div class='ocr_carea' id='block_1_26' title="bbox 2189 1240 3670 1322">
    <p class='ocr_par' dir='ltr' id='par_1_26' title="bbox 2189 1240 3670 1322">
     <span class='ocr_line' id='line_1_26' title="bbox 2189 1240 3670 1322; baseline -0.009 -17"><span class='ocrx_word' id='word_1_193' title='bbox 2189 1252 2461 1322; x_wconf 85' lang='lat' dir='ltr'><strong>publicam</strong></span> <span class='ocrx_word' id='word_1_194' title='bbox 2494 1250 2665 1302; x_wconf 89' lang='lat' dir='ltr'><strong>lucem</strong></span> <span class='ocrx_word' id='word_1_195' title='bbox 2698 1246 2925 1315; x_wconf 81' lang='lat' dir='ltr'><strong>aspexit.</strong></span> <span class='ocrx_word' id='word_1_196' title='bbox 2970 1245 3105 1298; x_wconf 87' lang='lat' dir='ltr'><strong>Cum</strong></span> <span class='ocrx_word' id='word_1_197' title='bbox 3141 1252 3318 1297; x_wconf 89' lang='lat' dir='ltr'><strong>autem</strong></span> <span class='ocrx_word' id='word_1_198' title='bbox 3353 1243 3479 1295; x_wconf 84' lang='lat' dir='ltr'><strong>sacri</strong></span> <span class='ocrx_word' id='word_1_199' title='bbox 3511 1240 3591 1293; x_wconf 89' lang='lat' dir='ltr'><strong>loci</strong></span> <span class='ocrx_word' id='word_1_200' title='bbox 3614 1256 3670 1292; x_wconf 85' lang='lat' dir='ltr'><strong>re-</strong></span> 
     </span>
    </p>
   </div>
   <div class='ocr_carea' id='block_1_27' title="bbox 2191 1332 3671 1407">
    <p class='ocr_par' dir='ltr' id='par_1_27' title="bbox 2191 1332 3671 1407">
     <span class='ocr_line' id='line_1_27' title="bbox 2191 1332 3671 1407; baseline -0.01 -8"><span class='ocrx_word' id='word_1_201' title='bbox 2191 1345 2429 1400; x_wconf 87' lang='lat' dir='ltr'><strong>verentia</strong></span> <span class='ocrx_word' id='word_1_202' title='bbox 2458 1343 2675 1407; x_wconf 87' lang='lat' dir='ltr'><strong>ductus,</strong></span> <span class='ocrx_word' id='word_1_203' title='bbox 2702 1342 2963 1396; x_wconf 83' lang='lat' dir='ltr'><strong>Casinum</strong></span> <span class='ocrx_word' id='word_1_204' title='bbox 2996 1337 3289 1398; x_wconf 72' lang='lat' dir='ltr'><strong>venissem,</strong></span> <span class='ocrx_word' id='word_1_205' title='bbox 3321 1344 3372 1389; x_wconf 89' lang='lat' dir='ltr'><strong>et</strong></span> <span class='ocrx_word' id='word_1_206' title='bbox 3396 1335 3458 1387; x_wconf 88' lang='lat' dir='ltr'><strong>ab</strong></span> <span class='ocrx_word' id='word_1_207' title='bbox 3482 1332 3671 1400; x_wconf 74' lang='lat' dir='ltr'><strong>antiquis-</strong></span> 
     </span>
    </p>
   </div>
   <div class='ocr_carea' id='block_1_28' title="bbox 2193 1428 3670 1521">
    <p class='ocr_par' dir='ltr' id='par_1_28' title="bbox 2193 1428 3670 1521">
     <span class='ocr_line' id='line_1_28' title="bbox 2193 1428 3670 1521; baseline -0.012 -28"><span class='ocrx_word' id='word_1_208' title='bbox 2193 1439 2347 1521; x_wconf 78' lang='lat' dir='ltr'><strong>simis</strong></span> <span class='ocrx_word' id='word_1_209' title='bbox 2402 1437 2736 1507; x_wconf 86' lang='lat' dir='ltr'><strong>temporibus</strong></span> <span class='ocrx_word' id='word_1_210' title='bbox 2769 1434 3039 1488; x_wconf 89' lang='lat' dir='ltr'><strong>conditam</strong></span> <span class='ocrx_word' id='word_1_211' title='bbox 3078 1431 3152 1484; x_wconf 88' lang='lat' dir='ltr'><strong>ibi</strong></span> <span class='ocrx_word' id='word_1_212' title='bbox 3185 1446 3214 1483; x_wconf 90' lang='lat' dir='ltr'><strong>a</strong></span> <span class='ocrx_word' id='word_1_213' title='bbox 3246 1428 3546 1482; x_wconf 86' lang='lat' dir='ltr'><strong>doctissimis</strong></span> <span class='ocrx_word' id='word_1_214' title='bbox 3567 1441 3670 1492; x_wconf 63' lang='lat' dir='ltr'><strong>(cum</strong></span> 
     </span>
    </p>
   </div>
   <div class='ocr_carea' id='block_1_29' title="bbox 2193 1518 3670 1587">
    <p class='ocr_par' dir='ltr' id='par_1_29' title="bbox 2193 1518 3670 1587">
     <span class='ocr_line' id='line_1_29' title="bbox 2193 1518 3670 1587; baseline -0.013 -1"><span class='ocrx_word' id='word_1_215' title='bbox 2193 1518 2259 1586; x_wconf 83' lang='lat' dir='ltr'><strong>ac</strong></span> <span class='ocrx_word' id='word_1_216' title='bbox 2288 1529 2647 1585; x_wconf 81' lang='lat' dir='ltr'><strong>sanctissimis</strong></span> <span class='ocrx_word' id='word_1_217' title='bbox 2693 1524 3093 1581; x_wconf 70' lang='grc' dir='ltr'><strong>οωιιοὺίειτοὴίε</strong></span> <span class='ocrx_word' id='word_1_218' title='bbox 3140 1521 3499 1576; x_wconf 79' lang='lat' dir='ltr'><strong>bibliothecam</strong></span> <span class='ocrx_word' id='word_1_219' title='bbox 3544 1518 3670 1587; x_wconf 85' lang='lat' dir='ltr'><strong>periu-</strong></span> 
     </span>
    </p>
   </div>
   <div class='ocr_carea' id='block_1_30' title="bbox 2195 1611 3669 1687">
    <p class='ocr_par' dir='ltr' id='par_1_30' title="bbox 2195 1611 3669 1687">
     <span class='ocr_line' id='line_1_30' title="bbox 2195 1611 3669 1687; baseline -0.012 -9"><span class='ocrx_word' id='word_1_220' title='bbox 2195 1634 2477 1687; x_wconf 90' lang='lat' dir='ltr'><strong>strassem,</strong></span> <span class='ocrx_word' id='word_1_221' title='bbox 2505 1620 2646 1674; x_wconf 90' lang='lat' dir='ltr'><strong>inter</strong></span> <span class='ocrx_word' id='word_1_222' title='bbox 2672 1618 2776 1672; x_wconf 88' lang='lat' dir='ltr'><strong>alia</strong></span> <span class='ocrx_word' id='word_1_223' title='bbox 2806 1633 2914 1670; x_wconf 91' lang='lat' dir='ltr'><strong>non</strong></span> <span class='ocrx_word' id='word_1_224' title='bbox 2948 1629 3122 1684; x_wconf 88' lang='lat' dir='ltr'><strong>pauca</strong></span> <span class='ocrx_word' id='word_1_225' title='bbox 3150 1613 3351 1667; x_wconf 85' lang='lat' dir='ltr'><strong>inedita</strong></span> <span class='ocrx_word' id='word_1_226' title='bbox 3375 1611 3529 1666; x_wconf 86' lang='lat' dir='ltr'><strong>adhuc</strong></span> <span class='ocrx_word' id='word_1_227' title='bbox 3548 1618 3669 1662; x_wconf 70' lang='lat' dir='ltr'><strong>vetera</strong></span> 
     </span>
    </p>
   </div>
   <div class='ocr_carea' id='block_1_31' title="bbox 2195 1699 3672 1776">
    <p class='ocr_par' dir='ltr' id='par_1_31' title="bbox 2195 1699 3672 1776">
     <span class='ocr_line' id='line_1_31' title="bbox 2195 1699 3672 1776; baseline -0.012 -8"><span class='ocrx_word' id='word_1_228' title='bbox 2195 1721 2570 1776; x_wconf 89' lang='lat' dir='ltr'><strong>monumenta,</strong></span> <span class='ocrx_word' id='word_1_229' title='bbox 2596 1707 2847 1763; x_wconf 87' lang='lat' dir='ltr'><strong>Archelai</strong></span> <span class='ocrx_word' id='word_1_230' title='bbox 2874 1707 3139 1775; x_wconf 86' lang='lat' dir='ltr'><strong>integram</strong></span> <span class='ocrx_word' id='word_1_231' title='bbox 3172 1717 3299 1757; x_wconf 91' lang='lat' dir='ltr'><strong>cum</strong></span> <span class='ocrx_word' id='word_1_232' title='bbox 3331 1700 3520 1754; x_wconf 80' lang='lat' dir='ltr'><strong>Manete</strong></span> <span class='ocrx_word' id='word_1_233' title='bbox 3543 1699 3672 1767; x_wconf 86' lang='lat' dir='ltr'><strong>dispu-</strong></span> 
     </span>
    </p>
   </div>
   <div class='ocr_carea' id='block_1_32' title="bbox 518 1792 3672 1883">
    <p class='ocr_par' dir='ltr' id='par_1_32' title="bbox 518 1792 3672 1883">
     <span class='ocr_line' id='line_1_32' title="bbox 518 1792 3672 1883; baseline -0.011 -17"><span class='ocrx_word' id='word_1_234' title='bbox 518 1815 631 1883; x_wconf 80' lang='lat' dir='ltr'><strong>jam</strong></span> <span class='ocrx_word' id='word_1_235' title='bbox 668 1811 758 1864; x_wconf 91' lang='lat' dir='ltr'><strong>ille</strong></span> <span class='ocrx_word' id='word_1_236' title='bbox 802 1808 1087 1862; x_wconf 82' lang='lat' dir='ltr'><strong>devoravit.</strong></span> <span class='ocrx_word' id='word_1_237' title='bbox 1132 1806 1202 1859; x_wconf 89' lang='lat' dir='ltr'><strong>At</strong></span> <span class='ocrx_word' id='word_1_238' title='bbox 1236 1819 1365 1858; x_wconf 89' lang='lat' dir='ltr'><strong>vero</strong></span> <span class='ocrx_word' id='word_1_239' title='bbox 1411 1802 1465 1857; x_wconf 90' lang='lat' dir='ltr'><strong>in</strong></span> <span class='ocrx_word' id='word_1_240' title='bbox 1504 1798 1945 1856; x_wconf 86' lang='lat' dir='ltr'><strong>antecedentibus</strong></span> <span class='ocrx_word' id='word_1_241' title='bbox 1988 1809 2096 1849; x_wconf 89' lang='lat' dir='ltr'><strong>non</strong></span> <span class='ocrx_word' id='word_1_242' title='bbox 2127 1792 2169 1846; x_wconf 91' lang='lat' dir='ltr'><strong>B</strong></span> <span class='ocrx_word' id='word_1_243' title='bbox 2198 1805 2454 1859; x_wconf 53' lang='lat' dir='ltr'><strong>tationem</strong></span> <span class='ocrx_word' id='word_1_244' title='bbox 2483 1802 2538 1856; x_wconf 73' lang='lat' dir='ltr'><strong>in</strong></span> <span class='ocrx_word' id='word_1_245' title='bbox 2568 1806 2951 1855; x_wconf 62' lang='grc' dir='ltr'><strong>δεχοθιιιοιιυω</strong></span> <span class='ocrx_word' id='word_1_246' title='bbox 2996 1802 3052 1850; x_wconf 70' lang='grc' dir='ltr'><strong>οι</strong></span> <span class='ocrx_word' id='word_1_247' title='bbox 3094 1793 3330 1864; x_wconf 69' lang='lat' dir='ltr'><strong>amplius</strong></span> <span class='ocrx_word' id='word_1_248' title='bbox 3371 1802 3672 1844; x_wconf 64' lang='lat' dir='ltr'><strong>annm-unico.</strong></span> 
     </span>
    </p>
   </div>
   <div class='ocr_carea' id='block_1_33' title="bbox 521 1888 2092 1973">
    <p class='ocr_par' dir='ltr' id='par_1_33' title="bbox 521 1888 2092 1973">
     <span class='ocr_line' id='line_1_33' title="bbox 521 1888 2092 1973; baseline -0.009 -16"><span class='ocrx_word' id='word_1_249' title='bbox 521 1903 755 1973; x_wconf 82' lang='lat' dir='ltr'><strong>legimus</strong></span> <span class='ocrx_word' id='word_1_250' title='bbox 788 1901 904 1954; x_wconf 69' lang='lat' dir='ltr'><strong>haec</strong></span> <span class='ocrx_word' id='word_1_251' title='bbox 932 1912 1173 1967; x_wconf 89' lang='lat' dir='ltr'><strong>unquam</strong></span> <span class='ocrx_word' id='word_1_252' title='bbox 1210 1911 1241 1949; x_wconf 91' lang='lat' dir='ltr'><strong>a</strong></span> <span class='ocrx_word' id='word_1_253' title='bbox 1275 1894 1484 1949; x_wconf 84' lang='lat' dir='ltr'><strong>Manete</strong></span> <span class='ocrx_word' id='word_1_254' title='bbox 1529 1892 1672 1946; x_wconf 89' lang='lat' dir='ltr'><strong>dicta</strong></span> <span class='ocrx_word' id='word_1_255' title='bbox 1720 1890 1908 1944; x_wconf 81' lang='lat' dir='ltr'><strong>fuisse.</strong></span> <span class='ocrx_word' id='word_1_256' title='bbox 1950 1888 2092 1955; x_wconf 83' lang='lat' dir='ltr'><strong>Quin</strong></span> 
     </span>
    </p>
   </div>
   <div class='ocr_carea' id='block_1_34' title="bbox 521 1984 2094 2063">
    <p class='ocr_par' dir='ltr' id='par_1_34' title="bbox 521 1984 2094 2063">
     <span class='ocr_line' id='line_1_34' title="bbox 521 1984 2094 2063; baseline -0.011 -13"><span class='ocrx_word' id='word_1_257' title='bbox 521 2006 577 2051; x_wconf 91' lang='lat' dir='ltr'><strong>et</strong></span> <span class='ocrx_word' id='word_1_258' title='bbox 608 1997 662 2048; x_wconf 91' lang='lat' dir='ltr'><strong>in</strong></span> <span class='ocrx_word' id='word_1_259' title='bbox 708 2008 827 2063; x_wconf 89' lang='lat' dir='ltr'><strong>cap.</strong></span> <span class='ocrx_word' id='word_1_260' title='bbox 860 1990 928 2045; x_wconf 82' lang='grc'><strong>58</strong></span> <span class='ocrx_word' id='word_1_261' title='bbox 974 1990 1137 2044; x_wconf 85' lang='lat' dir='ltr'><strong>verba</strong></span> <span class='ocrx_word' id='word_1_262' title='bbox 1178 1986 1309 2041; x_wconf 91' lang='lat' dir='ltr'><strong>illa:</strong></span> <span class='ocrx_word' id='word_1_263' title='bbox 1345 1985 1477 2051; x_wconf 79' lang='lat' dir='ltr'><strong>Qua:</strong></span> <span class='ocrx_word' id='word_1_264' title='bbox 1505 1984 1713 2054; x_wconf 82' lang='lat' dir='ltr'><strong>quidem</strong></span> <span class='ocrx_word' id='word_1_265' title='bbox 1751 1998 1842 2052; x_wconf 91' lang='lat' dir='ltr'><strong>ego</strong></span> <span class='ocrx_word' id='word_1_266' title='bbox 1886 1999 1987 2034; x_wconf 89' lang='lat' dir='ltr'><strong>non</strong></span> <span class='ocrx_word' id='word_1_267' title='bbox 2031 1994 2094 2035; x_wconf 74' lang='lat' dir='ltr'><strong>ex</strong></span> 
     </span>
    </p>
   </div>
   <div class='ocr_carea' id='block_1_35' title="bbox 524 2070 2094 2147">
    <p class='ocr_par' dir='ltr' id='par_1_35' title="bbox 524 2070 2094 2147">
     <span class='ocr_line' id='line_1_35' title="bbox 524 2070 2094 2147; baseline -0.011 -6"><span class='ocrx_word' id='word_1_268' title='bbox 524 2087 652 2141; x_wconf 84' lang='lat' dir='ltr'><strong>meis</strong></span> <span class='ocrx_word' id='word_1_269' title='bbox 696 2084 862 2139; x_wconf 84' lang='lat' dir='ltr'><strong>verbis</strong></span> <span class='ocrx_word' id='word_1_270' title='bbox 904 2082 1144 2146; x_wconf 81' lang='lat' dir='ltr'><strong>adstrue,</strong></span> <span class='ocrx_word' id='word_1_271' title='bbox 1198 2087 1252 2133; x_wconf 86' lang='lat' dir='ltr'><strong>et</strong></span> <span class='ocrx_word' id='word_1_272' title='bbox 1310 2094 1432 2147; x_wconf 74' lang='lat' dir='ltr'><strong>qua:</strong></span> <span class='ocrx_word' id='word_1_273' title='bbox 1484 2085 1788 2145; x_wconf 89' lang='lat' dir='ltr'><strong>sequuntur</strong></span> <span class='ocrx_word' id='word_1_274' title='bbox 1825 2087 1996 2141; x_wconf 88' lang='lat' dir='ltr'><strong>usque</strong></span> <span class='ocrx_word' id='word_1_275' title='bbox 2028 2070 2094 2124; x_wconf 89' lang='lat' dir='ltr'><strong>ad</strong></span> 
     </span>
    </p>
   </div>
   <div class='ocr_carea' id='block_1_36' title="bbox 524 2163 2098 2246">
    <p class='ocr_par' dir='ltr' id='par_1_36' title="bbox 524 2163 2098 2246">
     <span class='ocr_line' id='line_1_36' title="bbox 524 2163 2098 2246; baseline -0.011 -13"><span class='ocrx_word' id='word_1_276' title='bbox 524 2182 685 2233; x_wconf 88' lang='lat' dir='ltr'><strong>tinem</strong></span> <span class='ocrx_word' id='word_1_277' title='bbox 707 2175 922 2246; x_wconf 84' lang='lat' dir='ltr'><strong>capitis,</strong></span> <span class='ocrx_word' id='word_1_278' title='bbox 955 2174 1161 2228; x_wconf 89' lang='lat' dir='ltr'><strong>nullam</strong></span> <span class='ocrx_word' id='word_1_279' title='bbox 1189 2186 1313 2225; x_wconf 92' lang='lat' dir='ltr'><strong>cum</strong></span> <span class='ocrx_word' id='word_1_280' title='bbox 1340 2167 1771 2238; x_wconf 86' lang='lat' dir='ltr'><strong>praecedentibus</strong></span> <span class='ocrx_word' id='word_1_281' title='bbox 1800 2163 2098 2219; x_wconf 79' lang='lat' dir='ltr'><strong>connexio—</strong></span> 
     </span>
    </p>
   </div>
   <div class='ocr_carea' id='block_1_37' title="bbox 527 2254 2096 2329">
    <p class='ocr_par' dir='ltr' id='par_1_37' title="bbox 527 2254 2096 2329">
     <span class='ocr_line' id='line_1_37' title="bbox 527 2254 2096 2329; baseline -0.011 -4"><span class='ocrx_word' id='word_1_282' title='bbox 527 2285 651 2325; x_wconf 89' lang='lat' dir='ltr'><strong>nem</strong></span> <span class='ocrx_word' id='word_1_283' title='bbox 689 2269 889 2322; x_wconf 88' lang='lat' dir='ltr'><strong>habere</strong></span> <span class='ocrx_word' id='word_1_284' title='bbox 925 2254 1212 2321; x_wconf 36' lang='lat' dir='ltr'><strong>videntur;</strong></span> <span class='ocrx_word' id='word_1_285' title='bbox 1244 2262 1488 2329; x_wconf 87' lang='lat' dir='ltr'><strong>Denique</strong></span> <span class='ocrx_word' id='word_1_286' title='bbox 1522 2260 1575 2312; x_wconf 91' lang='lat' dir='ltr'><strong>in</strong></span> <span class='ocrx_word' id='word_1_287' title='bbox 1612 2260 1802 2311; x_wconf 89' lang='lat' dir='ltr'><strong>horum</strong></span> <span class='ocrx_word' id='word_1_288' title='bbox 1835 2256 2096 2310; x_wconf 86' lang='lat' dir='ltr'><strong>Actorum</strong></span> 
     </span>
    </p>
   </div>
   <div class='ocr_carea' id='block_1_38' title="bbox 524 2347 2100 2432">
    <p class='ocr_par' dir='ltr' id='par_1_38' title="bbox 524 2347 2100 2432">
     <span class='ocr_line' id='line_1_38' title="bbox 524 2347 2100 2432; baseline -0.01 -16"><span class='ocrx_word' id='word_1_289' title='bbox 524 2363 706 2432; x_wconf 88' lang='lat' dir='ltr'><strong>capite</strong></span> <span class='ocrx_word' id='word_1_290' title='bbox 743 2362 961 2424; x_wconf 87' lang='lat' dir='ltr'><strong>ultimo,</strong></span> <span class='ocrx_word' id='word_1_291' title='bbox 1002 2366 1127 2428; x_wconf 92' lang='lat' dir='ltr'><strong>post</strong></span> <span class='ocrx_word' id='word_1_292' title='bbox 1164 2364 1439 2410; x_wconf 81' lang='lat' dir='ltr'><strong>narratam</strong></span> <span class='ocrx_word' id='word_1_293' title='bbox 1474 2352 1701 2406; x_wconf 81' lang='lat' dir='ltr'><strong>Mam-tis</strong></span> <span class='ocrx_word' id='word_1_294' title='bbox 1734 2364 1943 2413; x_wconf 87' lang='lat' dir='ltr'><strong>necem,</strong></span> <span class='ocrx_word' id='word_1_295' title='bbox 1984 2347 2100 2402; x_wconf 88' lang='lat' dir='ltr'><strong>haec</strong></span> 
     </span>
    </p>
   </div>
   <div class='ocr_carea' id='block_1_39' title="bbox 524 2440 2100 2523">
    <p class='ocr_par' dir='ltr' id='par_1_39' title="bbox 524 2440 2100 2523">
     <span class='ocr_line' id='line_1_39' title="bbox 524 2440 2100 2523; baseline -0.01 -15"><span class='ocrx_word' id='word_1_296' title='bbox 524 2455 757 2523; x_wconf 81' lang='lat' dir='ltr'><strong>legimus</strong></span> <span class='ocrx_word' id='word_1_297' title='bbox 794 2471 806 2507; x_wconf 89' lang='lat'><strong>:</strong></span> <span class='ocrx_word' id='word_1_298' title='bbox 840 2452 1043 2517; x_wconf 80' lang='lat' dir='ltr'><strong>Quibus</strong></span> <span class='ocrx_word' id='word_1_299' title='bbox 1071 2460 1252 2520; x_wconf 87' lang='lat' dir='ltr'><strong>postea</strong></span> <span class='ocrx_word' id='word_1_300' title='bbox 1280 2449 1474 2519; x_wconf 83' lang='lat' dir='ltr'><strong>agnitis</strong></span> <span class='ocrx_word' id='word_1_301' title='bbox 1502 2444 1792 2498; x_wconf 83' lang='lat' dir='ltr'><strong>Archelaus</strong></span> <span class='ocrx_word' id='word_1_302' title='bbox 1816 2440 2009 2510; x_wconf 87' lang='lat' dir='ltr'><strong>adjecit</strong></span> <span class='ocrx_word' id='word_1_303' title='bbox 2037 2456 2100 2493; x_wconf 84' lang='lat' dir='ltr'><strong>ea</strong></span> 
     </span>
    </p>
   </div>
   <div class='ocr_carea' id='block_1_40' title="bbox 526 2535 2099 2617">
    <p class='ocr_par' dir='ltr' id='par_1_40' title="bbox 526 2535 2099 2617">
     <span class='ocr_line' id='line_1_40' title="bbox 526 2535 2099 2617; baseline -0.009 -18"><span class='ocrx_word' id='word_1_304' title='bbox 526 2547 695 2617; x_wconf 84' lang='lat' dir='ltr'><strong>priori</strong></span> <span class='ocrx_word' id='word_1_305' title='bbox 725 2544 1095 2613; x_wconf 82' lang='lat' dir='ltr'><strong>disputationi,</strong></span> <span class='ocrx_word' id='word_1_306' title='bbox 1123 2551 1179 2594; x_wconf 82' lang='lat' dir='ltr'><strong>ut</strong></span> <span class='ocrx_word' id='word_1_307' title='bbox 1205 2540 1442 2593; x_wconf 89' lang='lat' dir='ltr'><strong>omnibus</strong></span> <span class='ocrx_word' id='word_1_308' title='bbox 1466 2539 1829 2598; x_wconf 86' lang='lat' dir='ltr'><strong>innotesceret,</strong></span> <span class='ocrx_word' id='word_1_309' title='bbox 1853 2535 1986 2586; x_wconf 87' lang='lat' dir='ltr'><strong>sicut</strong></span> <span class='ocrx_word' id='word_1_310' title='bbox 2007 2548 2099 2602; x_wconf 86' lang='lat' dir='ltr'><strong>ego</strong></span> 
     </span>
    </p>
   </div>
   <div class='ocr_carea' id='block_1_41' title="bbox 525 2622 2100 2708">
    <p class='ocr_par' dir='ltr' id='par_1_41' title="bbox 525 2622 2100 2708">
     <span class='ocr_line' id='line_1_41' title="bbox 525 2622 2100 2708; baseline -0.01 -18"><span class='ocrx_word' id='word_1_311' title='bbox 525 2639 617 2708; x_wconf 85' lang='lat' dir='ltr'><strong>qui</strong></span> <span class='ocrx_word' id='word_1_312' title='bbox 646 2635 913 2703; x_wconf 79' lang='lat' dir='ltr'><strong>inscripsi,</strong></span> <span class='ocrx_word' id='word_1_313' title='bbox 949 2634 1004 2686; x_wconf 89' lang='lat' dir='ltr'><strong>in</strong></span> <span class='ocrx_word' id='word_1_314' title='bbox 1036 2630 1301 2699; x_wconf 87' lang='lat' dir='ltr'><strong>prioribus</strong></span> <span class='ocrx_word' id='word_1_315' title='bbox 1354 2627 1591 2695; x_wconf 66' lang='lat' dir='ltr'><strong>exposui.</strong></span> <span class='ocrx_word' id='word_1_316' title='bbox 1635 2622 1894 2677; x_wconf 79' lang='lat' dir='ltr'><strong>Videntur</strong></span> <span class='ocrx_word' id='word_1_317' title='bbox 1918 2630 2100 2675; x_wconf 88' lang='lat' dir='ltr'><strong>autem</strong></span> 
     </span>
    </p>
   </div>
   <div class='ocr_carea' id='block_1_42' title="bbox 531 2714 2102 2790">
    <p class='ocr_par' dir='ltr' id='par_1_42' title="bbox 531 2714 2102 2790">
     <span class='ocr_line' id='line_1_42' title="bbox 531 2714 2102 2790; baseline -0.01 -10"><span class='ocrx_word' id='word_1_318' title='bbox 531 2729 647 2780; x_wconf 83' lang='lat' dir='ltr'><strong>haec</strong></span> <span class='ocrx_word' id='word_1_319' title='bbox 682 2725 844 2778; x_wconf 85' lang='lat' dir='ltr'><strong>verba</strong></span> <span class='ocrx_word' id='word_1_320' title='bbox 877 2737 997 2778; x_wconf 90' lang='lat' dir='ltr'><strong>esse</strong></span> <span class='ocrx_word' id='word_1_321' title='bbox 1031 2719 1345 2790; x_wconf 77' lang='lat' dir='ltr'><strong>Hegcmonii</strong></span> <span class='ocrx_word' id='word_1_322' title='bbox 1379 2718 1544 2779; x_wconf 88' lang='lat' dir='ltr'><strong>illius,</strong></span> <span class='ocrx_word' id='word_1_323' title='bbox 1586 2715 1703 2785; x_wconf 83' lang='lat' dir='ltr'><strong>qui,</strong></span> <span class='ocrx_word' id='word_1_324' title='bbox 1749 2721 1809 2766; x_wconf 88' lang='lat' dir='ltr'><strong>ut</strong></span> <span class='ocrx_word' id='word_1_325' title='bbox 1852 2714 2102 2781; x_wconf 83' lang='lat' dir='ltr'><strong>superius</strong></span> 
     </span>
    </p>
   </div>
   <div class='ocr_carea' id='block_1_43' title="bbox 527 2804 2101 2880">
    <p class='ocr_par' dir='ltr' id='par_1_43' title="bbox 527 2804 2101 2880">
     <span class='ocr_line' id='line_1_43' title="bbox 527 2804 2101 2880; baseline -0.008 -9"><span class='ocrx_word' id='word_1_326' title='bbox 527 2818 792 2879; x_wconf 79' lang='lat' dir='ltr'><strong>diximus,</strong></span> <span class='ocrx_word' id='word_1_327' title='bbox 845 2821 1034 2870; x_wconf 86' lang='lat' dir='ltr'><strong>eadem</strong></span> <span class='ocrx_word' id='word_1_328' title='bbox 1086 2814 1219 2867; x_wconf 87' lang='lat' dir='ltr'><strong>Acta</strong></span> <span class='ocrx_word' id='word_1_329' title='bbox 1266 2810 1598 2880; x_wconf 78' lang='lat' dir='ltr'><strong>compilavit,</strong></span> <span class='ocrx_word' id='word_1_330' title='bbox 1647 2817 1701 2862; x_wconf 90' lang='lat' dir='ltr'><strong>et</strong></span> <span class='ocrx_word' id='word_1_331' title='bbox 1750 2807 1803 2860; x_wconf 89' lang='lat' dir='ltr'><strong>in</strong></span> <span class='ocrx_word' id='word_1_332' title='bbox 1853 2804 2101 2859; x_wconf 70' lang='lat' dir='ltr'><strong>Grtecum</strong></span> 
     </span>
    </p>
   </div>
   <div class='ocr_carea' id='block_1_44' title="bbox 530 2899 2102 2966">
    <p class='ocr_par' dir='ltr' id='par_1_44' title="bbox 530 2899 2102 2966">
     <span class='ocr_line' id='line_1_44' title="bbox 530 2899 2102 2966; baseline -0.009 -2"><span class='ocrx_word' id='word_1_333' title='bbox 530 2922 839 2964; x_wconf 88' lang='lat' dir='ltr'><strong>sermonem</strong></span> <span class='ocrx_word' id='word_1_334' title='bbox 890 2905 1187 2961; x_wconf 86' lang='lat' dir='ltr'><strong>transtulit.</strong></span> <span class='ocrx_word' id='word_1_335' title='bbox 1242 2902 1346 2958; x_wconf 86' lang='lat' dir='ltr'><strong>Sed</strong></span> <span class='ocrx_word' id='word_1_336' title='bbox 1376 2905 1433 2956; x_wconf 89' lang='lat' dir='ltr'><strong>in</strong></span> <span class='ocrx_word' id='word_1_337' title='bbox 1465 2912 1649 2956; x_wconf 89' lang='lat' dir='ltr'><strong>nostra</strong></span> <span class='ocrx_word' id='word_1_338' title='bbox 1699 2899 1953 2965; x_wconf 88' lang='lat' dir='ltr'><strong>editione,</strong></span> <span class='ocrx_word' id='word_1_339' title='bbox 1993 2914 2102 2966; x_wconf 84' lang='lat' dir='ltr'><strong>quo</strong></span> 
     </span>
    </p>
   </div>
   <div class='ocr_carea' id='block_1_45' title="bbox 533 2989 2103 3058">
    <p class='ocr_par' dir='ltr' id='par_1_45' title="bbox 533 2989 2103 3058">
     <span class='ocr_line' id='line_1_45' title="bbox 533 2989 2103 3058; baseline -0.009 -1"><span class='ocrx_word' id='word_1_340' title='bbox 533 3003 656 3056; x_wconf 91' lang='lat' dir='ltr'><strong>loco</strong></span> <span class='ocrx_word' id='word_1_341' title='bbox 698 3016 761 3055; x_wconf 89' lang='lat' dir='ltr'><strong>ea</strong></span> <span class='ocrx_word' id='word_1_342' title='bbox 803 3000 869 3054; x_wconf 89' lang='lat' dir='ltr'><strong>de</strong></span> <span class='ocrx_word' id='word_1_343' title='bbox 903 3014 961 3052; x_wconf 88' lang='lat' dir='ltr'><strong>re</strong></span> <span class='ocrx_word' id='word_1_344' title='bbox 997 3013 1178 3053; x_wconf 89' lang='lat' dir='ltr'><strong>sermo</strong></span> <span class='ocrx_word' id='word_1_345' title='bbox 1209 2997 1495 3057; x_wconf 81' lang='lat' dir='ltr'><strong>habeatur,</strong></span> <span class='ocrx_word' id='word_1_346' title='bbox 1539 3009 1647 3047; x_wconf 90' lang='lat' dir='ltr'><strong>non</strong></span> <span class='ocrx_word' id='word_1_347' title='bbox 1688 2991 1940 3053; x_wconf 81' lang='lat' dir='ltr'><strong>invenio;</strong></span> <span class='ocrx_word' id='word_1_348' title='bbox 1974 2989 2103 3058; x_wconf 91' lang='lat' dir='ltr'><strong>quia</strong></span> 
     </span>
    </p>
   </div>
   <div class='ocr_carea' id='block_1_46' title="bbox 532 3082 2102 3157">
    <p class='ocr_par' dir='ltr' id='par_1_46' title="bbox 532 3082 2102 3157">
     <span class='ocr_line' id='line_1_46' title="bbox 532 3082 2102 3157; baseline -0.01 -9"><span class='ocrx_word' id='word_1_349' title='bbox 532 3093 766 3148; x_wconf 70' lang='lat' dir='ltr'><strong>fortasse</strong></span> <span class='ocrx_word' id='word_1_350' title='bbox 796 3092 849 3145; x_wconf 91' lang='lat' dir='ltr'><strong>in</strong></span> <span class='ocrx_word' id='word_1_351' title='bbox 877 3089 1162 3145; x_wconf 87' lang='lat' dir='ltr'><strong>Casinensi</strong></span> <span class='ocrx_word' id='word_1_352' title='bbox 1192 3089 1376 3142; x_wconf 85' lang='lat' dir='ltr'><strong>codice</strong></span> <span class='ocrx_word' id='word_1_353' title='bbox 1410 3085 1656 3157; x_wconf 68' lang='lat' dir='ltr'><strong>prmfatio</strong></span> <span class='ocrx_word' id='word_1_354' title='bbox 1680 3084 1879 3145; x_wconf 85' lang='lat' dir='ltr'><strong>delicit,</strong></span> <span class='ocrx_word' id='word_1_355' title='bbox 1912 3082 1964 3134; x_wconf 89' lang='lat' dir='ltr'><strong>in</strong></span> <span class='ocrx_word' id='word_1_356' title='bbox 1995 3095 2102 3149; x_wconf 88' lang='lat' dir='ltr'><strong>qua</strong></span> 
     </span>
    </p>
   </div>
   <div class='ocr_carea' id='block_1_47' title="bbox 532 3173 2101 3258">
    <p class='ocr_par' dir='ltr' id='par_1_47' title="bbox 532 3173 2101 3258">
     <span class='ocr_line' id='line_1_47' title="bbox 532 3173 2101 3258; baseline -0.01 -18"><span class='ocrx_word' id='word_1_357' title='bbox 532 3186 899 3258; x_wconf 78' lang='lat' dir='ltr'><strong>llegemouius</strong></span> <span class='ocrx_word' id='word_1_358' title='bbox 932 3182 1334 3253; x_wconf 89' lang='lat' dir='ltr'><strong>compilationis</strong></span> <span class='ocrx_word' id='word_1_359' title='bbox 1370 3195 1481 3233; x_wconf 67' lang='lat' dir='ltr'><strong>suae</strong></span> <span class='ocrx_word' id='word_1_360' title='bbox 1517 3179 1779 3232; x_wconf 87' lang='lat' dir='ltr'><strong>rationem</strong></span> <span class='ocrx_word' id='word_1_361' title='bbox 1808 3173 2101 3228; x_wconf 86' lang='lat' dir='ltr'><strong>reddebat:</strong></span> 
     </span>
    </p>
   </div>
   <div class='ocr_carea' id='block_1_48' title="bbox 533 3264 2105 3350">
    <p class='ocr_par' dir='ltr' id='par_1_48' title="bbox 533 3264 2105 3350">
     <span class='ocr_line' id='line_1_48' title="bbox 533 3264 2105 3350; baseline -0.011 -16"><span class='ocrx_word' id='word_1_362' title='bbox 533 3282 641 3335; x_wconf 84' lang='lat' dir='ltr'><strong>nisi</strong></span> <span class='ocrx_word' id='word_1_363' title='bbox 687 3280 810 3350; x_wconf 86' lang='lat' dir='ltr'><strong>quis</strong></span> <span class='ocrx_word' id='word_1_364' title='bbox 851 3279 1009 3332; x_wconf 89' lang='lat' dir='ltr'><strong>verba</strong></span> <span class='ocrx_word' id='word_1_365' title='bbox 1045 3276 1134 3329; x_wconf 90' lang='lat' dir='ltr'><strong>illa</strong></span> <span class='ocrx_word' id='word_1_366' title='bbox 1173 3292 1187 3328; x_wconf 87' lang='lat'>:</span> <span class='ocrx_word' id='word_1_367' title='bbox 1224 3273 1289 3326; x_wconf 88' lang='lat' dir='ltr'><strong>In</strong></span> <span class='ocrx_word' id='word_1_368' title='bbox 1339 3272 1600 3342; x_wconf 87' lang='lat' dir='ltr'><strong>prioribus</strong></span> <span class='ocrx_word' id='word_1_369' title='bbox 1652 3268 1888 3337; x_wconf 62' lang='lat' dir='ltr'><strong>exposui,</strong></span> <span class='ocrx_word' id='word_1_370' title='bbox 1924 3264 2105 3319; x_wconf 86' lang='lat' dir='ltr'><strong>dehis</strong></span> 
     </span>
    </p>
   </div>
   <div class='ocr_carea' id='block_1_49' title="bbox 532 3358 2107 3440">
    <p class='ocr_par' dir='ltr' id='par_1_49' title="bbox 532 3358 2107 3440">
     <span class='ocr_line' id='line_1_49' title="bbox 532 3358 2107 3440; baseline -0.01 -15"><span class='ocrx_word' id='word_1_371' title='bbox 532 3370 847 3440; x_wconf 88' lang='lat' dir='ltr'><strong>accipienda</strong></span> <span class='ocrx_word' id='word_1_372' title='bbox 899 3383 1021 3422; x_wconf 87' lang='lat' dir='ltr'><strong>esse</strong></span> <span class='ocrx_word' id='word_1_373' title='bbox 1072 3376 1312 3428; x_wconf 87' lang='lat' dir='ltr'><strong>censeat,</strong></span> <span class='ocrx_word' id='word_1_374' title='bbox 1357 3380 1478 3432; x_wconf 83' lang='lat' dir='ltr'><strong>quae</strong></span> <span class='ocrx_word' id='word_1_375' title='bbox 1511 3363 1760 3432; x_wconf 81' lang='lat' dir='ltr'><strong>proxime</strong></span> <span class='ocrx_word' id='word_1_376' title='bbox 1788 3361 1854 3414; x_wconf 90' lang='lat' dir='ltr'><strong>de</strong></span> <span class='ocrx_word' id='word_1_377' title='bbox 1879 3358 2107 3412; x_wconf 84' lang='lat' dir='ltr'><strong>Manetis</strong></span> 
     </span>
    </p>
   </div>
   <div class='ocr_carea' id='block_1_50' title="bbox 534 3452 2104 3525">
    <p class='ocr_par' dir='ltr' id='par_1_50' title="bbox 534 3452 2104 3525">
     <span class='ocr_line' id='line_1_50' title="bbox 534 3452 2104 3525; baseline -0.008 -9"><span class='ocrx_word' id='word_1_378' title='bbox 534 3471 713 3516; x_wconf 85' lang='lat' dir='ltr'><strong>morte</strong></span> <span class='ocrx_word' id='word_1_379' title='bbox 743 3460 1001 3514; x_wconf 84' lang='lat' dir='ltr'><strong>narravit.</strong></span> <span class='ocrx_word' id='word_1_380' title='bbox 1032 3456 1163 3511; x_wconf 82' lang='lat' dir='ltr'><strong>Jurc</strong></span> <span class='ocrx_word' id='word_1_381' title='bbox 1184 3458 1365 3525; x_wconf 78' lang='lat' dir='ltr'><strong>itaque</strong></span> <span class='ocrx_word' id='word_1_382' title='bbox 1390 3455 1583 3509; x_wconf 89' lang='lat' dir='ltr'><strong>merito</strong></span> <span class='ocrx_word' id='word_1_383' title='bbox 1613 3452 1875 3522; x_wconf 89' lang='lat' dir='ltr'><strong>suspicari</strong></span> <span class='ocrx_word' id='word_1_384' title='bbox 1909 3460 2104 3522; x_wconf 82' lang='lat' dir='ltr'><strong>potest,</strong></span> 
     </span>
    </p>
   </div>
   <div class='ocr_carea' id='block_1_51' title="bbox 531 3546 2108 3621">
    <p class='ocr_par' dir='ltr' id='par_1_51' title="bbox 531 3546 2108 3621">
     <span class='ocr_line' id='line_1_51' title="bbox 531 3546 2108 3621; baseline -0.007 -13"><span class='ocrx_word' id='word_1_385' title='bbox 531 3567 661 3608; x_wconf 85' lang='lat' dir='ltr'><strong>eum</strong></span> <span class='ocrx_word' id='word_1_386' title='bbox 690 3551 782 3621; x_wconf 87' lang='lat' dir='ltr'><strong>qui</strong></span> <span class='ocrx_word' id='word_1_387' title='bbox 825 3549 1182 3604; x_wconf 85' lang='lat' dir='ltr'><strong>Casinensetn</strong></span> <span class='ocrx_word' id='word_1_388' title='bbox 1225 3547 1470 3602; x_wconf 83' lang='lat' dir='ltr'><strong>codicem</strong></span> <span class='ocrx_word' id='word_1_389' title='bbox 1522 3555 1646 3600; x_wconf 89' lang='lat' dir='ltr'><strong>ante</strong></span> <span class='ocrx_word' id='word_1_390' title='bbox 1692 3546 2017 3614; x_wconf 82' lang='lat' dir='ltr'><strong>quingentos</strong></span> <span class='ocrx_word' id='word_1_391' title='bbox 2054 3552 2108 3597; x_wconf 87' lang='lat' dir='ltr'><strong>ct</strong></span> 
     </span>
    </p>
   </div>
   <div class='ocr_carea' id='block_1_52' title="bbox 535 3636 2107 3714">
    <p class='ocr_par' dir='ltr' id='par_1_52' title="bbox 535 3636 2107 3714">
     <span class='ocr_line' id='line_1_52' title="bbox 535 3636 2107 3714; baseline -0.007 -15"><span class='ocrx_word' id='word_1_392' title='bbox 535 3644 772 3714; x_wconf 88' lang='lat' dir='ltr'><strong>amplius</strong></span> <span class='ocrx_word' id='word_1_393' title='bbox 806 3657 977 3696; x_wconf 88' lang='lat' dir='ltr'><strong>annos</strong></span> <span class='ocrx_word' id='word_1_394' title='bbox 1018 3640 1285 3704; x_wconf 77' lang='lat' dir='ltr'><strong>exaravit,</strong></span> <span class='ocrx_word' id='word_1_395' title='bbox 1336 3654 1543 3707; x_wconf 69' lang='lat' dir='ltr'><strong>magna:</strong></span> <span class='ocrx_word' id='word_1_396' title='bbox 1574 3638 1832 3691; x_wconf 87' lang='lat' dir='ltr'><strong>Actorum</strong></span> <span class='ocrx_word' id='word_1_397' title='bbox 1863 3636 2107 3705; x_wconf 87' lang='lat' dir='ltr'><strong>disputa-</strong></span> 
     </span>
    </p>
   </div>
   <div class='ocr_carea' id='block_1_53' title="bbox 537 3729 2104 3804">
    <p class='ocr_par' dir='ltr' id='par_1_53' title="bbox 537 3729 2104 3804">
     <span class='ocr_line' id='line_1_53' title="bbox 537 3729 2104 3804; baseline -0.006 -14"><span class='ocrx_word' id='word_1_398' title='bbox 537 3738 709 3790; x_wconf 82' lang='lat' dir='ltr'><strong>tionis</strong></span> <span class='ocrx_word' id='word_1_399' title='bbox 744 3736 909 3804; x_wconf 83' lang='lat' dir='ltr'><strong>hujus</strong></span> <span class='ocrx_word' id='word_1_400' title='bbox 944 3734 1253 3803; x_wconf 82' lang='lat' dir='ltr'><strong>prolixitate</strong></span> <span class='ocrx_word' id='word_1_401' title='bbox 1291 3741 1601 3802; x_wconf 64' lang='lat' dir='ltr'><strong>pertaesum,</strong></span> <span class='ocrx_word' id='word_1_402' title='bbox 1633 3731 1802 3782; x_wconf 90' lang='lat' dir='ltr'><strong>multa</strong></span> <span class='ocrx_word' id='word_1_403' title='bbox 1832 3729 2104 3789; x_wconf 86' lang='lat' dir='ltr'><strong>omisisse,</strong></span> 
     </span>
    </p>
   </div>
   <div class='ocr_carea' id='block_1_54' title="bbox 540 3819 2106 3898">
    <p class='ocr_par' dir='ltr' id='par_1_54' title="bbox 540 3819 2106 3898">
     <span class='ocr_line' id='line_1_54' title="bbox 540 3819 2106 3898; baseline -0.007 -15"><span class='ocrx_word' id='word_1_404' title='bbox 540 3830 820 3898; x_wconf 85' lang='lat' dir='ltr'><strong>multaque</strong></span> <span class='ocrx_word' id='word_1_405' title='bbox 850 3826 1145 3891; x_wconf 80' lang='lat' dir='ltr'><strong>breviasse,</strong></span> <span class='ocrx_word' id='word_1_406' title='bbox 1180 3839 1414 3894; x_wconf 90' lang='lat' dir='ltr'><strong>quorum</strong></span> <span class='ocrx_word' id='word_1_407' title='bbox 1446 3832 1625 3876; x_wconf 86' lang='lat' dir='ltr'><strong>tamen</strong></span> <span class='ocrx_word' id='word_1_408' title='bbox 1658 3822 1929 3891; x_wconf 84' lang='lat' dir='ltr'><strong>epitomen</strong></span> <span class='ocrx_word' id='word_1_409' title='bbox 1965 3819 2106 3888; x_wconf 87' lang='lat' dir='ltr'><strong>apud</strong></span> 
     </span>
    </p>
   </div>
   <div class='ocr_carea' id='block_1_55' title="bbox 543 3909 2109 3989">
    <p class='ocr_par' dir='ltr' id='par_1_55' title="bbox 543 3909 2109 3989">
     <span class='ocr_line' id='line_1_55' title="bbox 543 3909 2109 3989; baseline -0.008 -17"><span class='ocrx_word' id='word_1_410' title='bbox 543 3919 904 3989; x_wconf 70' lang='lat' dir='ltr'><strong>Epiphaniam</strong></span> <span class='ocrx_word' id='word_1_411' title='bbox 946 3916 1132 3970; x_wconf 90' lang='lat' dir='ltr'><strong>haberi</strong></span> <span class='ocrx_word' id='word_1_412' title='bbox 1164 3915 1420 3978; x_wconf 89' lang='lat' dir='ltr'><strong>arbitror,</strong></span> <span class='ocrx_word' id='word_1_413' title='bbox 1454 3928 1616 3982; x_wconf 88' lang='lat' dir='ltr'><strong>quem</strong></span> <span class='ocrx_word' id='word_1_414' title='bbox 1647 3926 1713 3965; x_wconf 75' lang='lat' dir='ltr'><strong>ex</strong></span> <span class='ocrx_word' id='word_1_415' title='bbox 1746 3912 1968 3978; x_wconf 82' lang='lat' dir='ltr'><strong>integris</strong></span> <span class='ocrx_word' id='word_1_416' title='bbox 2003 3909 2109 3961; x_wconf 82' lang='lat' dir='ltr'><strong>Ar-</strong></span> 
     </span>
    </p>
   </div>
   <div class='ocr_carea' id='block_1_56' title="bbox 540 3998 2107 4076">
    <p class='ocr_par' dir='ltr' id='par_1_56' title="bbox 540 3998 2107 4076">
     <span class='ocr_line' id='line_1_56' title="bbox 540 3998 2107 4076; baseline -0.008 -14"><span class='ocrx_word' id='word_1_417' title='bbox 540 4009 715 4062; x_wconf 88' lang='lat' dir='ltr'><strong>chelai</strong></span> <span class='ocrx_word' id='word_1_418' title='bbox 748 4007 1134 4076; x_wconf 84' lang='lat' dir='ltr'><strong>disputationis</strong></span> <span class='ocrx_word' id='word_1_419' title='bbox 1165 4004 1314 4059; x_wconf 89' lang='lat' dir='ltr'><strong>Actis</strong></span> <span class='ocrx_word' id='word_1_420' title='bbox 1347 4018 1501 4059; x_wconf 90' lang='lat' dir='ltr'><strong>suam</strong></span> <span class='ocrx_word' id='word_1_421' title='bbox 1538 4000 1961 4054; x_wconf 65' lang='lat' dir='ltr'><strong>Manichaeorum</strong></span> <span class='ocrx_word' id='word_1_422' title='bbox 1997 3998 2107 4051; x_wconf 83' lang='lat' dir='ltr'><strong>hae-</strong></span> 
     </span>
    </p>
   </div>
   <div class='ocr_carea' id='block_1_57' title="bbox 541 4093 2109 4169">
    <p class='ocr_par' dir='ltr' id='par_1_57' title="bbox 541 4093 2109 4169">
     <span class='ocr_line' id='line_1_57' title="bbox 541 4093 2109 4169; baseline -0.007 -13"><span class='ocrx_word' id='word_1_423' title='bbox 541 4117 724 4157; x_wconf 64' lang='lat' dir='ltr'><strong>reseos</strong></span> <span class='ocrx_word' id='word_1_424' title='bbox 762 4100 1189 4156; x_wconf 82' lang='lat' dir='ltr'><strong>confutationcm</strong></span> <span class='ocrx_word' id='word_1_425' title='bbox 1227 4099 1574 4169; x_wconf 86' lang='lat' dir='ltr'><strong>potissimum</strong></span> <span class='ocrx_word' id='word_1_426' title='bbox 1605 4096 1876 4158; x_wconf 89' lang='lat' dir='ltr'><strong>hausisse,</strong></span> <span class='ocrx_word' id='word_1_427' title='bbox 1912 4093 2109 4148; x_wconf 85' lang='lat' dir='ltr'><strong>editio-</strong></span> 
     </span>
    </p>
   </div>
   <div class='ocr_carea' id='block_1_58' title="bbox 542 4186 2109 4261">
    <p class='ocr_par' dir='ltr' id='par_1_58' title="bbox 542 4186 2109 4261">
     <span class='ocr_line' id='line_1_58' title="bbox 542 4186 2109 4261; baseline -0.006 -13"><span class='ocrx_word' id='word_1_428' title='bbox 542 4211 661 4248; x_wconf 88' lang='lat' dir='ltr'><strong>nem</strong></span> <span class='ocrx_word' id='word_1_429' title='bbox 713 4202 956 4249; x_wconf 87' lang='lat' dir='ltr'><strong>nostram</strong></span> <span class='ocrx_word' id='word_1_430' title='bbox 1007 4208 1131 4247; x_wconf 92' lang='lat' dir='ltr'><strong>cum</strong></span> <span class='ocrx_word' id='word_1_431' title='bbox 1183 4191 1301 4261; x_wconf 91' lang='lat' dir='ltr'><strong>ejus</strong></span> <span class='ocrx_word' id='word_1_432' title='bbox 1344 4189 1562 4259; x_wconf 86' lang='lat' dir='ltr'><strong>scriptis</strong></span> <span class='ocrx_word' id='word_1_433' title='bbox 1614 4187 1914 4242; x_wconf 83' lang='lat' dir='ltr'><strong>conl’erenti</strong></span> <span class='ocrx_word' id='word_1_434' title='bbox 1961 4186 2109 4239; x_wconf 87' lang='lat' dir='ltr'><strong>clare</strong></span> 
     </span>
    </p>
   </div>
   <div class='ocr_carea' id='block_1_59' title="bbox 540 4285 765 4356">
    <p class='ocr_par' dir='ltr' id='par_1_59' title="bbox 540 4285 765 4356">
     <span class='ocr_line' id='line_1_59' title="bbox 540 4285 765 4356; baseline 0.009 -17"><span class='ocrx_word' id='word_1_435' title='bbox 540 4285 765 4356; x_wconf 78' lang='lat' dir='ltr'><strong>patebit.</strong></span> 
     </span>
    </p>
   </div>
   <div class='ocr_carea' id='block_1_60' title="bbox 612 4367 2108 4440">
    <p class='ocr_par' dir='ltr' id='par_1_60' title="bbox 612 4367 2108 4440">
     <span class='ocr_line' id='line_1_60' title="bbox 612 4367 2108 4440; baseline -0.006 -11"><span class='ocrx_word' id='word_1_436' title='bbox 612 4376 729 4429; x_wconf 79' lang='lat' dir='ltr'><strong>XII.</strong></span> <span class='ocrx_word' id='word_1_437' title='bbox 771 4373 926 4440; x_wconf 87' lang='lat' dir='ltr'><strong>Quod</strong></span> <span class='ocrx_word' id='word_1_438' title='bbox 973 4373 1038 4428; x_wconf 92' lang='lat' dir='ltr'><strong>ad</strong></span> <span class='ocrx_word' id='word_1_439' title='bbox 1087 4388 1275 4427; x_wconf 88' lang='lat' dir='ltr'><strong>eorum</strong></span> <span class='ocrx_word' id='word_1_440' title='bbox 1314 4371 1608 4426; x_wconf 90' lang='lat' dir='ltr'><strong>editionem</strong></span> <span class='ocrx_word' id='word_1_441' title='bbox 1655 4368 1869 4434; x_wconf 88' lang='lat' dir='ltr'><strong>attinet,</strong></span> <span class='ocrx_word' id='word_1_442' title='bbox 1909 4367 2108 4421; x_wconf 81' lang='lat' dir='ltr'><strong>vetusti</strong></span> 
     </span>
    </p>
   </div>
   <div class='ocr_carea' id='block_1_61' title="bbox 2131 3137 2173 3194">
    <p class='ocr_par' dir='ltr' id='par_1_61' title="bbox 2131 3137 2173 3194">
     <span class='ocr_line' id='line_1_61' title="bbox 2131 3137 2173 3194; baseline 0 0"><span class='ocrx_word' id='word_1_443' title='bbox 2131 3137 2173 3194; x_wconf 88' lang='lat' dir='ltr'>C</span> 
     </span>
    </p>
   </div>
   <div class='ocr_carea' id='block_1_62' title="bbox 2197 1881 3671 1965">
    <p class='ocr_par' dir='ltr' id='par_1_62' title="bbox 2197 1881 3671 1965">
     <span class='ocr_line' id='line_1_62' title="bbox 2197 1881 3671 1965; baseline -0.014 -14"><span class='ocrx_word' id='word_1_444' title='bbox 2197 1897 2317 1951; x_wconf 87' lang='lat' dir='ltr'><strong>dice</strong></span> <span class='ocrx_word' id='word_1_445' title='bbox 2340 1893 2539 1965; x_wconf 89' lang='lat' dir='ltr'><strong>reperi,</strong></span> <span class='ocrx_word' id='word_1_446' title='bbox 2592 1906 2755 1962; x_wconf 87' lang='lat' dir='ltr'><strong>quam</strong></span> <span class='ocrx_word' id='word_1_447' title='bbox 2802 1890 2947 1955; x_wconf 88' lang='lat' dir='ltr'><strong>bona</strong></span> <span class='ocrx_word' id='word_1_448' title='bbox 2996 1884 3434 1942; x_wconf 89' lang='lat' dir='ltr'><strong>reverendissimi</strong></span> <span class='ocrx_word' id='word_1_449' title='bbox 3472 1881 3671 1951; x_wconf 80' lang='lat' dir='ltr'><strong>quondam</strong></span> 
     </span>
    </p>
   </div>
   <div class='ocr_carea' id='block_1_63' title="bbox 2195 1974 3671 2050">
    <p class='ocr_par' dir='ltr' id='par_1_63' title="bbox 2195 1974 3671 2050">
     <span class='ocr_line' id='line_1_63' title="bbox 2195 1974 3671 2050; baseline -0.013 -8"><span class='ocrx_word' id='word_1_450' title='bbox 2195 1990 2428 2050; x_wconf 84' lang='lat' dir='ltr'><strong>abbatis,</strong></span> <span class='ocrx_word' id='word_1_451' title='bbox 2475 1998 2621 2040; x_wconf 90' lang='lat' dir='ltr'><strong>nunc</strong></span> <span class='ocrx_word' id='word_1_452' title='bbox 2661 1997 2789 2037; x_wconf 92' lang='lat' dir='ltr'><strong>vero</strong></span> <span class='ocrx_word' id='word_1_453' title='bbox 2834 1978 3226 2048; x_wconf 87' lang='lat' dir='ltr'><strong>archiepiscopi</strong></span> <span class='ocrx_word' id='word_1_454' title='bbox 3268 1974 3586 2029; x_wconf 79' lang='lat' dir='ltr'><strong>Rossanensis</strong></span> <span class='ocrx_word' id='word_1_455' title='bbox 3603 1974 3671 2024; x_wconf 77' lang='lat' dir='ltr'><strong>An~</strong></span> 
     </span>
    </p>
   </div>
   <div class='ocr_carea' id='block_1_64' title="bbox 2196 2062 3671 2133">
    <p class='ocr_par' dir='ltr' id='par_1_64' title="bbox 2196 2062 3671 2133">
     <span class='ocr_line' id='line_1_64' title="bbox 2196 2062 3671 2133; baseline -0.014 -1"><span class='ocrx_word' id='word_1_456' title='bbox 2196 2079 2338 2133; x_wconf 68' lang='lat' dir='ltr'><strong>dreae</strong></span> <span class='ocrx_word' id='word_1_457' title='bbox 2380 2074 2601 2129; x_wconf 90' lang='lat' dir='ltr'><strong>Dcodati</strong></span> <span class='ocrx_word' id='word_1_458' title='bbox 2648 2073 2751 2127; x_wconf 88' lang='lat' dir='ltr'><strong>viri</strong></span> <span class='ocrx_word' id='word_1_459' title='bbox 2795 2070 3173 2126; x_wconf 84' lang='lat' dir='ltr'><strong>humanissimi</strong></span> <span class='ocrx_word' id='word_1_460' title='bbox 3230 2076 3389 2133; x_wconf 78' lang='lat' dir='ltr'><strong>atque</strong></span> <span class='ocrx_word' id='word_1_461' title='bbox 3436 2062 3671 2117; x_wconf 84' lang='lat' dir='ltr'><strong>amicissimi</strong></span> 
     </span>
    </p>
   </div>
   <div class='ocr_carea' id='block_1_65' title="bbox 2198 2155 3672 2233">
    <p class='ocr_par' dir='ltr' id='par_1_65' title="bbox 2198 2155 3672 2233">
     <span class='ocr_line' id='line_1_65' title="bbox 2198 2155 3672 2233; baseline -0.01 -12"><span class='ocrx_word' id='word_1_462' title='bbox 2198 2168 2377 2233; x_wconf 86' lang='lat' dir='ltr'><strong>venia,</strong></span> <span class='ocrx_word' id='word_1_463' title='bbox 2408 2183 2531 2221; x_wconf 89' lang='lat' dir='ltr'><strong>cum</strong></span> <span class='ocrx_word' id='word_1_464' title='bbox 2566 2166 2841 2220; x_wconf 84' lang='lat' dir='ltr'><strong>nonnullis</strong></span> <span class='ocrx_word' id='word_1_465' title='bbox 2867 2165 2988 2218; x_wconf 91' lang='lat' dir='ltr'><strong>aliis</strong></span> <span class='ocrx_word' id='word_1_466' title='bbox 3019 2172 3265 2222; x_wconf 86' lang='lat' dir='ltr'><strong>veterum</strong></span> <span class='ocrx_word' id='word_1_467' title='bbox 3290 2159 3489 2230; x_wconf 88' lang='lat' dir='ltr'><strong>scriptis</strong></span> <span class='ocrx_word' id='word_1_468' title='bbox 3508 2159 3551 2211; x_wconf 90' lang='lat' dir='ltr'><strong>in</strong></span> <span class='ocrx_word' id='word_1_469' title='bbox 3571 2155 3672 2207; x_wconf 76' lang='lat' dir='ltr'><strong>Vati-</strong></span> 
     </span>
    </p>
   </div>
   <div class='ocr_carea' id='block_1_66' title="bbox 2198 2245 3674 2314">
    <p class='ocr_par' dir='ltr' id='par_1_66' title="bbox 2198 2245 3674 2314">
     <span class='ocr_line' id='line_1_66' title="bbox 2198 2245 3674 2314; baseline -0.007 -2"><span class='ocrx_word' id='word_1_470' title='bbox 2198 2273 2348 2314; x_wconf 65' lang='lat' dir='ltr'><strong>cana:</strong></span> <span class='ocrx_word' id='word_1_471' title='bbox 2394 2256 2734 2311; x_wconf 73' lang='lat' dir='ltr'><strong>bibliothecae</strong></span> <span class='ocrx_word' id='word_1_472' title='bbox 2786 2261 3165 2308; x_wconf 90' lang='lat' dir='ltr'><strong>ornamentum</strong></span> <span class='ocrx_word' id='word_1_473' title='bbox 3222 2250 3492 2305; x_wconf 87' lang='lat' dir='ltr'><strong>transcribi</strong></span> <span class='ocrx_word' id='word_1_474' title='bbox 3530 2245 3674 2302; x_wconf 71' lang='lat' dir='ltr'><strong>curari.</strong></span> 
     </span>
    </p>
   </div>
   <div class='ocr_carea' id='block_1_67' title="bbox 2199 2343 3675 2422">
    <p class='ocr_par' dir='ltr' id='par_1_67' title="bbox 2199 2343 3675 2422">
     <span class='ocr_line' id='line_1_67' title="bbox 2199 2343 3675 2422; baseline -0.013 -15"><span class='ocrx_word' id='word_1_475' title='bbox 2199 2365 2420 2422; x_wconf 87' lang='lat' dir='ltr'><strong>operam</strong></span> <span class='ocrx_word' id='word_1_476' title='bbox 2467 2348 2819 2417; x_wconf 82' lang='lat' dir='ltr'><strong>favoremque</strong></span> <span class='ocrx_word' id='word_1_477' title='bbox 2856 2362 3016 2401; x_wconf 90' lang='lat' dir='ltr'><strong>suum</strong></span> <span class='ocrx_word' id='word_1_478' title='bbox 3054 2343 3442 2399; x_wconf 85' lang='lat' dir='ltr'><strong>humanissime</strong></span> <span class='ocrx_word' id='word_1_479' title='bbox 3467 2346 3675 2411; x_wconf 67' lang='lat' dir='ltr'><strong>prtestante</strong></span> 
     </span>
    </p>
   </div>
   <div class='ocr_carea' id='block_1_68' title="bbox 2199 2435 3677 2513">
    <p class='ocr_par' dir='ltr' id='par_1_68' title="bbox 2199 2435 3677 2513">
     <span class='ocr_line' id='line_1_68' title="bbox 2199 2435 3677 2513; baseline -0.012 -14"><span class='ocrx_word' id='word_1_480' title='bbox 2199 2445 2399 2500; x_wconf 91' lang='lat' dir='ltr'><strong>domno</strong></span> <span class='ocrx_word' id='word_1_481' title='bbox 2428 2442 2733 2513; x_wconf 80' lang='lat' dir='ltr'><strong>Augustino</strong></span> <span class='ocrx_word' id='word_1_482' title='bbox 2759 2438 3032 2495; x_wconf 87' lang='lat' dir='ltr'><strong>Collicello</strong></span> <span class='ocrx_word' id='word_1_483' title='bbox 3062 2453 3092 2492; x_wconf 88' lang='lat' dir='ltr'><strong>a</strong></span> <span class='ocrx_word' id='word_1_484' title='bbox 3120 2435 3366 2505; x_wconf 88' lang='lat' dir='ltr'><strong>Neapoli,</strong></span> <span class='ocrx_word' id='word_1_485' title='bbox 3396 2444 3509 2488; x_wconf 88' lang='lat' dir='ltr'><strong>tunc</strong></span> <span class='ocrx_word' id='word_1_486' title='bbox 3534 2442 3677 2496; x_wconf 71' lang='lat' dir='ltr'><strong>tempo-</strong></span> 
     </span>
    </p>
   </div>
   <div class='ocr_carea' id='block_1_69' title="bbox 2202 2527 3674 2602">
    <p class='ocr_par' dir='ltr' id='par_1_69' title="bbox 2202 2527 3674 2602">
     <span class='ocr_line' id='line_1_69' title="bbox 2202 2527 3674 2602; baseline -0.014 -11"><span class='ocrx_word' id='word_1_487' title='bbox 2202 2538 2278 2591; x_wconf 86' lang='lat' dir='ltr'><strong>ris</strong></span> <span class='ocrx_word' id='word_1_488' title='bbox 2312 2534 2651 2591; x_wconf 85' lang='lat' dir='ltr'><strong>bibliothecae</strong></span> <span class='ocrx_word' id='word_1_489' title='bbox 2693 2532 2839 2586; x_wconf 91' lang='lat' dir='ltr'><strong>illius</strong></span> <span class='ocrx_word' id='word_1_490' title='bbox 2866 2529 3141 2602; x_wconf 66' lang='lat' dir='ltr'><strong>praefecto.</strong></span> <span class='ocrx_word' id='word_1_491' title='bbox 3178 2527 3300 2582; x_wconf 84' lang='lat' dir='ltr'><strong>Non</strong></span> <span class='ocrx_word' id='word_1_492' title='bbox 3330 2538 3529 2596; x_wconf 89' lang='lat' dir='ltr'><strong>possum</strong></span> <span class='ocrx_word' id='word_1_493' title='bbox 3554 2530 3674 2575; x_wconf 77' lang='lat' dir='ltr'><strong>tamen</strong></span> 
     </span>
    </p>
   </div>
   <div class='ocr_carea' id='block_1_70' title="bbox 2204 2611 3677 2693">
    <p class='ocr_par' dir='ltr' id='par_1_70' title="bbox 2204 2611 3677 2693">
     <span class='ocr_line' id='line_1_70' title="bbox 2204 2611 3677 2693; baseline -0.012 -14"><span class='ocrx_word' id='word_1_494' title='bbox 2204 2626 2295 2681; x_wconf 92' lang='lat' dir='ltr'><strong>hic</strong></span> <span class='ocrx_word' id='word_1_495' title='bbox 2333 2624 2550 2681; x_wconf 89' lang='lat' dir='ltr'><strong>silentio</strong></span> <span class='ocrx_word' id='word_1_496' title='bbox 2583 2622 2858 2693; x_wconf 66' lang='lat' dir='ltr'><strong>praeterire</strong></span> <span class='ocrx_word' id='word_1_497' title='bbox 2899 2628 3159 2690; x_wconf 87' lang='lat' dir='ltr'><strong>quantum</strong></span> <span class='ocrx_word' id='word_1_498' title='bbox 3209 2612 3571 2687; x_wconf 84' lang='lat' dir='ltr'><strong>diligentissimi</strong></span> <span class='ocrx_word' id='word_1_499' title='bbox 3592 2611 3677 2663; x_wconf 80' lang='lat' dir='ltr'><strong>alte-</strong></span> 
     </span>
    </p>
   </div>
   <div class='ocr_carea' id='block_1_71' title="bbox 2204 2705 3676 2777">
    <p class='ocr_par' dir='ltr' id='par_1_71' title="bbox 2204 2705 3676 2777">
     <span class='ocr_line' id='line_1_71' title="bbox 2204 2705 3676 2777; baseline -0.013 -4"><span class='ocrx_word' id='word_1_500' title='bbox 2204 2719 2318 2773; x_wconf 90' lang='lat' dir='ltr'><strong>rius</strong></span> <span class='ocrx_word' id='word_1_501' title='bbox 2344 2716 2744 2772; x_wconf 88' lang='lat' dir='ltr'><strong>bibliothecarii</strong></span> <span class='ocrx_word' id='word_1_502' title='bbox 2779 2713 2990 2768; x_wconf 87' lang='lat' dir='ltr'><strong>Erasmi</strong></span> <span class='ocrx_word' id='word_1_503' title='bbox 3018 2710 3250 2766; x_wconf 74' lang='lat' dir='ltr'><strong>Gattolze</strong></span> <span class='ocrx_word' id='word_1_504' title='bbox 3278 2727 3308 2763; x_wconf 85' lang='lat' dir='ltr'><strong>a</strong></span> <span class='ocrx_word' id='word_1_505' title='bbox 3338 2708 3506 2777; x_wconf 85' lang='lat' dir='ltr'><strong>Cajcta</strong></span> <span class='ocrx_word' id='word_1_506' title='bbox 3543 2705 3676 2757; x_wconf 59' lang='lat' dir='ltr'><strong>humo</strong></span> 
     </span>
    </p>
   </div>
   <div class='ocr_carea' id='block_1_72' title="bbox 2203 2794 3675 2877">
    <p class='ocr_par' dir='ltr' id='par_1_72' title="bbox 2203 2794 3675 2877">
     <span class='ocr_line' id='line_1_72' title="bbox 2203 2794 3675 2877; baseline -0.016 -11"><span class='ocrx_word' id='word_1_507' title='bbox 2203 2812 2358 2866; x_wconf 87' lang='lat' dir='ltr'><strong>nitati</strong></span> <span class='ocrx_word' id='word_1_508' title='bbox 2385 2809 2627 2872; x_wconf 86' lang='lat' dir='ltr'><strong>debeam,</strong></span> <span class='ocrx_word' id='word_1_509' title='bbox 2654 2807 2746 2877; x_wconf 85' lang='lat' dir='ltr'><strong>qui</strong></span> <span class='ocrx_word' id='word_1_510' title='bbox 2768 2819 3048 2875; x_wconf 90' lang='lat' dir='ltr'><strong>nunquam</strong></span> <span class='ocrx_word' id='word_1_511' title='bbox 3081 2804 3220 2859; x_wconf 89' lang='lat' dir='ltr'><strong>meis</strong></span> <span class='ocrx_word' id='word_1_512' title='bbox 3253 2803 3392 2856; x_wconf 90' lang='lat' dir='ltr'><strong>votis</strong></span> <span class='ocrx_word' id='word_1_513' title='bbox 3420 2798 3576 2859; x_wconf 78' lang='lat' dir='ltr'><strong>deluit,</strong></span> <span class='ocrx_word' id='word_1_514' title='bbox 3600 2794 3675 2863; x_wconf 77' lang='lat' dir='ltr'><strong>plu-</strong></span> 
     </span>
    </p>
   </div>
   <div class='ocr_carea' id='block_1_73' title="bbox 2203 2885 3676 2971">
    <p class='ocr_par' dir='ltr' id='par_1_73' title="bbox 2203 2885 3676 2971">
     <span class='ocr_line' id='line_1_73' title="bbox 2203 2885 3676 2971; baseline -0.014 -14"><span class='ocrx_word' id='word_1_515' title='bbox 2203 2903 2483 2971; x_wconf 87' lang='lat' dir='ltr'><strong>rimosque</strong></span> <span class='ocrx_word' id='word_1_516' title='bbox 2515 2900 2568 2954; x_wconf 91' lang='lat' dir='ltr'><strong>in</strong></span> <span class='ocrx_word' id='word_1_517' title='bbox 2600 2911 2845 2952; x_wconf 88' lang='lat' dir='ltr'><strong>meorum</strong></span> <span class='ocrx_word' id='word_1_518' title='bbox 2885 2895 3191 2950; x_wconf 90' lang='lat' dir='ltr'><strong>studiorum</strong></span> <span class='ocrx_word' id='word_1_519' title='bbox 3225 2890 3506 2963; x_wconf 79' lang='lat' dir='ltr'><strong>profectum</strong></span> <span class='ocrx_word' id='word_1_520' title='bbox 3531 2885 3676 2939; x_wconf 77' lang='lat' dir='ltr'><strong>labores</strong></span> 
     </span>
    </p>
   </div>
   <div class='ocr_carea' id='block_1_74' title="bbox 2202 2976 3677 3060">
    <p class='ocr_par' dir='ltr' id='par_1_74' title="bbox 2202 2976 3677 3060">
     <span class='ocr_line' id='line_1_74' title="bbox 2202 2976 3677 3060; baseline -0.014 -11"><span class='ocrx_word' id='word_1_521' title='bbox 2202 2996 2348 3050; x_wconf 90' lang='lat' dir='ltr'><strong>ultro</strong></span> <span class='ocrx_word' id='word_1_522' title='bbox 2386 2987 2943 3060; x_wconf 65' lang='lat' dir='ltr'><strong>subivit,&#39;praasertim</strong></span> <span class='ocrx_word' id='word_1_523' title='bbox 2980 2985 3033 3040; x_wconf 88' lang='lat' dir='ltr'><strong>in</strong></span> <span class='ocrx_word' id='word_1_524' title='bbox 3074 2980 3531 3039; x_wconf 81' lang='lat' dir='ltr'><strong>emaculandahac</strong></span> <span class='ocrx_word' id='word_1_525' title='bbox 3549 2976 3677 3042; x_wconf 49' lang='lat' dir='ltr'><strong>dispu&#39;</strong></span> 
     </span>
    </p>
   </div>
   <div class='ocr_carea' id='block_1_75' title="bbox 2208 3066 3675 3147">
    <p class='ocr_par' dir='ltr' id='par_1_75' title="bbox 2208 3066 3675 3147">
     <span class='ocr_line' id='line_1_75' title="bbox 2208 3066 3675 3147; baseline -0.015 -7"><span class='ocrx_word' id='word_1_526' title='bbox 2208 3087 2409 3140; x_wconf 82' lang='lat' dir='ltr'><strong>latione</strong></span> <span class='ocrx_word' id='word_1_527' title='bbox 2460 3080 2753 3144; x_wconf 87' lang='lat' dir='ltr'><strong>Archelai,</strong></span> <span class='ocrx_word' id='word_1_528' title='bbox 2808 3078 2966 3147; x_wconf 88' lang='lat' dir='ltr'><strong>cujus</strong></span> <span class='ocrx_word' id='word_1_529' title='bbox 3013 3076 3313 3147; x_wconf 85' lang='lat' dir='ltr'><strong>apographi</strong></span> <span class='ocrx_word' id='word_1_530' title='bbox 3369 3072 3567 3143; x_wconf 85' lang='lat' dir='ltr'><strong>plurima</strong></span> <span class='ocrx_word' id='word_1_531' title='bbox 3601 3066 3675 3117; x_wconf 71' lang='lat' dir='ltr'><strong>Iaca</strong></span> 
     </span>
    </p>
   </div>
   <div class='ocr_carea' id='block_1_76' title="bbox 2208 3159 3674 3239">
    <p class='ocr_par' dir='ltr' id='par_1_76' title="bbox 2208 3159 3674 3239">
     <span class='ocr_line' id='line_1_76' title="bbox 2208 3159 3674 3239; baseline -0.017 -7"><span class='ocrx_word' id='word_1_532' title='bbox 2208 3178 2419 3232; x_wconf 90' lang='lat' dir='ltr'><strong>mendis</strong></span> <span class='ocrx_word' id='word_1_533' title='bbox 2464 3173 2799 3235; x_wconf 89' lang='lat' dir='ltr'><strong>incubantia,</strong></span> <span class='ocrx_word' id='word_1_534' title='bbox 2834 3186 2958 3225; x_wconf 92' lang='lat' dir='ltr'><strong>cum</strong></span> <span class='ocrx_word' id='word_1_535' title='bbox 2989 3169 3286 3239; x_wconf 84' lang='lat' dir='ltr'><strong>archetypo</strong></span> <span class='ocrx_word' id='word_1_536' title='bbox 3311 3166 3482 3221; x_wconf 88' lang='lat' dir='ltr'><strong>codice</strong></span> <span class='ocrx_word' id='word_1_537' title='bbox 3502 3159 3674 3216; x_wconf 87' lang='lat' dir='ltr'><strong>contulit.</strong></span> 
     </span>
    </p>
   </div>
   <div class='ocr_carea' id='block_1_77' title="bbox 2209 3249 3667 3330">
    <p class='ocr_par' dir='ltr' id='par_1_77' title="bbox 2209 3249 3667 3330">
     <span class='ocr_line' id='line_1_77' title="bbox 2209 3249 3667 3330; baseline -0.016 -6"><span class='ocrx_word' id='word_1_538' title='bbox 2209 3269 2313 3324; x_wconf 89' lang='lat' dir='ltr'><strong>Sed</strong></span> <span class='ocrx_word' id='word_1_539' title='bbox 2344 3277 2403 3322; x_wconf 88' lang='lat' dir='ltr'><strong>ut</strong></span> <span class='ocrx_word' id='word_1_540' title='bbox 2433 3267 2499 3321; x_wconf 91' lang='lat' dir='ltr'><strong>ad</strong></span> <span class='ocrx_word' id='word_1_541' title='bbox 2524 3266 2849 3319; x_wconf 83' lang='lat' dir='ltr'><strong>Archelaum</strong></span> <span class='ocrx_word' id='word_1_542' title='bbox 2882 3263 3118 3325; x_wconf 88' lang='lat' dir='ltr'><strong>redeam,</strong></span> <span class='ocrx_word' id='word_1_543' title='bbox 3155 3271 3370 3330; x_wconf 87' lang='lat' dir='ltr'><strong>reperto</strong></span> <span class='ocrx_word' id='word_1_544' title='bbox 3398 3259 3488 3311; x_wconf 88' lang='lat' dir='ltr'><strong>hoc</strong></span> <span class='ocrx_word' id='word_1_545' title='bbox 3508 3249 3667 3306; x_wconf 77' lang='lat' dir='ltr'><strong>vetustis</strong></span> 
     </span>
    </p>
   </div>
   <div class='ocr_carea' id='block_1_78' title="bbox 2208 3347 3680 3421">
    <p class='ocr_par' dir='ltr' id='par_1_78' title="bbox 2208 3347 3680 3421">
     <span class='ocr_line' id='line_1_78' title="bbox 2208 3347 3680 3421; baseline -0.017 -5"><span class='ocrx_word' id='word_1_546' title='bbox 2208 3362 2347 3416; x_wconf 89' lang='lat' dir='ltr'><strong>simo</strong></span> <span class='ocrx_word' id='word_1_547' title='bbox 2370 3360 2629 3413; x_wconf 84' lang='lat' dir='ltr'><strong>adversus</strong></span> <span class='ocrx_word' id='word_1_548' title='bbox 2656 3354 2983 3409; x_wconf 69' lang='lat' dir='ltr'><strong>Manichacus</strong></span> <span class='ocrx_word' id='word_1_549' title='bbox 3008 3366 3192 3421; x_wconf 87' lang='lat' dir='ltr'><strong>opere,</strong></span> <span class='ocrx_word' id='word_1_550' title='bbox 3226 3351 3294 3404; x_wconf 89' lang='lat' dir='ltr'><strong>ad</strong></span> <span class='ocrx_word' id='word_1_551' title='bbox 3321 3347 3516 3404; x_wconf 65' lang='lat' dir='ltr'><strong>nefaria:</strong></span> <span class='ocrx_word' id='word_1_552' title='bbox 3536 3355 3680 3397; x_wconf 83' lang='lat' dir='ltr'><strong>eorum-</strong></span> 
     </span>
    </p>
   </div>
   <div class='ocr_carea' id='block_1_79' title="bbox 2207 3436 3677 3509">
    <p class='ocr_par' dir='ltr' id='par_1_79' title="bbox 2207 3436 3677 3509">
     <span class='ocr_line' id='line_1_79' title="bbox 2207 3436 3677 3509; baseline -0.018 0"><span class='ocrx_word' id='word_1_553' title='bbox 2207 3455 2327 3509; x_wconf 91' lang='lat' dir='ltr'><strong>dem</strong></span> <span class='ocrx_word' id='word_1_554' title='bbox 2374 3453 2638 3506; x_wconf 82' lang='lat' dir='ltr'><strong>haereseos</strong></span> <span class='ocrx_word' id='word_1_555' title='bbox 2693 3447 2975 3501; x_wconf 88' lang='lat' dir='ltr'><strong>historiam</strong></span> <span class='ocrx_word' id='word_1_556' title='bbox 3025 3442 3466 3499; x_wconf 86' lang='lat' dir='ltr'><strong>conscribendam</strong></span> <span class='ocrx_word' id='word_1_557' title='bbox 3510 3436 3677 3490; x_wconf 78' lang='lat' dir='ltr'><strong>animum</strong></span> 
     </span>
    </p>
   </div>
   <div class='ocr_carea' id='block_1_80' title="bbox 2210 3527 3679 3610">
    <p class='ocr_par' dir='ltr' id='par_1_80' title="bbox 2210 3527 3679 3610">
     <span class='ocr_line' id='line_1_80' title="bbox 2210 3527 3679 3610; baseline -0.016 -11"><span class='ocrx_word' id='word_1_558' title='bbox 2210 3543 2448 3606; x_wconf 84' lang='lat' dir='ltr'><strong>admovi,</strong></span> <span class='ocrx_word' id='word_1_559' title='bbox 2482 3542 2638 3610; x_wconf 88' lang='lat' dir='ltr'><strong>eique</strong></span> <span class='ocrx_word' id='word_1_560' title='bbox 2670 3553 2779 3592; x_wconf 88' lang='lat' dir='ltr'><strong>non</strong></span> <span class='ocrx_word' id='word_1_561' title='bbox 2811 3536 2973 3591; x_wconf 89' lang='lat' dir='ltr'><strong>modo</strong></span> <span class='ocrx_word' id='word_1_562' title='bbox 3002 3537 3273 3604; x_wconf 77' lang='lat' dir='ltr'><strong>integram</strong></span> <span class='ocrx_word' id='word_1_563' title='bbox 3311 3530 3532 3587; x_wconf 86' lang='lat' dir='ltr'><strong>Archelai</strong></span> <span class='ocrx_word' id='word_1_564' title='bbox 3553 3527 3679 3592; x_wconf 80' lang='lat' dir='ltr'><strong>dispu-</strong></span> 
     </span>
    </p>
   </div>
   <div class='ocr_carea' id='block_1_81' title="bbox 2208 3612 3681 3698">
    <p class='ocr_par' dir='ltr' id='par_1_81' title="bbox 2208 3612 3681 3698">
     <span class='ocr_line' id='line_1_81' title="bbox 2208 3612 3681 3698; baseline -0.018 -9"><span class='ocrx_word' id='word_1_565' title='bbox 2208 3634 2492 3698; x_wconf 90' lang='lat' dir='ltr'><strong>tationem,</strong></span> <span class='ocrx_word' id='word_1_566' title='bbox 2522 3632 2614 3685; x_wconf 89' lang='lat' dir='ltr'><strong>sed</strong></span> <span class='ocrx_word' id='word_1_567' title='bbox 2640 3638 2693 3684; x_wconf 89' lang='lat' dir='ltr'><strong>et</strong></span> <span class='ocrx_word' id='word_1_568' title='bbox 2717 3627 2891 3684; x_wconf 90' lang='lat' dir='ltr'><strong>Photii</strong></span> <span class='ocrx_word' id='word_1_569' title='bbox 2919 3625 3241 3697; x_wconf 63' lang='lat' dir='ltr'><strong>patriarchas</strong></span> <span class='ocrx_word' id='word_1_570' title='bbox 3271 3622 3375 3679; x_wconf 77' lang='grc' dir='ltr'><strong>ΟΡ.</strong></span> <span class='ocrx_word' id='word_1_571' title='bbox 3403 3622 3546 3675; x_wconf 82' lang='lat' dir='ltr'><strong>libros</strong></span> <span class='ocrx_word' id='word_1_572' title='bbox 3568 3630 3604 3669; x_wconf 81' lang='lat' dir='ltr'><strong>tv</strong></span> <span class='ocrx_word' id='word_1_573' title='bbox 3620 3612 3681 3665; x_wconf 78' lang='lat' dir='ltr'><strong>ad-</strong></span> 
     </span>
    </p>
   </div>
   <div class='ocr_carea' id='block_1_82' title="bbox 2206 3715 3679 3787">
    <p class='ocr_par' dir='ltr' id='par_1_82' title="bbox 2206 3715 3679 3787">
     <span class='ocr_line' id='line_1_82' title="bbox 2206 3715 3679 3787; baseline -0.012 -6"><span class='ocrx_word' id='word_1_574' title='bbox 2206 3741 2398 3781; x_wconf 86' lang='lat' dir='ltr'><strong>versus</strong></span> <span class='ocrx_word' id='word_1_575' title='bbox 2448 3722 2769 3778; x_wconf 67' lang='lat' dir='ltr'><strong>Manichaaos</strong></span> <span class='ocrx_word' id='word_1_576' title='bbox 2816 3734 2918 3775; x_wconf 89' lang='lat' dir='ltr'><strong>suo</strong></span> <span class='ocrx_word' id='word_1_577' title='bbox 2975 3726 3220 3787; x_wconf 88' lang='lat' dir='ltr'><strong>tempore</strong></span> <span class='ocrx_word' id='word_1_578' title='bbox 3277 3716 3461 3769; x_wconf 89' lang='lat' dir='ltr'><strong>iterum</strong></span> <span class='ocrx_word' id='word_1_579' title='bbox 3508 3715 3679 3763; x_wconf 57' lang='lat' dir='ltr'><strong>exertos,</strong></span> 
     </span>
    </p>
   </div>
   <div class='ocr_carea' id='block_1_83' title="bbox 2208 3801 3679 3887">
    <p class='ocr_par' dir='ltr' id='par_1_83' title="bbox 2208 3801 3679 3887">
     <span class='ocr_line' id='line_1_83' title="bbox 2208 3801 3679 3887; baseline -0.014 -15"><span class='ocrx_word' id='word_1_580' title='bbox 2208 3819 2423 3887; x_wconf 88' lang='lat' dir='ltr'><strong>aliaque</strong></span> <span class='ocrx_word' id='word_1_581' title='bbox 2443 3815 2611 3869; x_wconf 87' lang='lat' dir='ltr'><strong>multa</strong></span> <span class='ocrx_word' id='word_1_582' title='bbox 2639 3814 2817 3869; x_wconf 87' lang='lat' dir='ltr'><strong>adhuc</strong></span> <span class='ocrx_word' id='word_1_583' title='bbox 2848 3812 3050 3867; x_wconf 88' lang='lat' dir='ltr'><strong>inedita</strong></span> <span class='ocrx_word' id='word_1_584' title='bbox 3080 3811 3373 3880; x_wconf 84' lang='lat' dir='ltr'><strong>magnique</strong></span> <span class='ocrx_word' id='word_1_585' title='bbox 3399 3801 3598 3860; x_wconf 81' lang='lat' dir='ltr'><strong>facienda</strong></span> <span class='ocrx_word' id='word_1_586' title='bbox 3619 3809 3679 3847; x_wconf 73' lang='lat' dir='ltr'><strong>re-</strong></span> 
     </span>
    </p>
   </div>
   <div class='ocr_carea' id='block_1_84' title="bbox 2209 3893 3681 3975">
    <p class='ocr_par' dir='ltr' id='par_1_84' title="bbox 2209 3893 3681 3975">
     <span class='ocr_line' id='line_1_84' title="bbox 2209 3893 3681 3975; baseline -0.014 -11"><span class='ocrx_word' id='word_1_587' title='bbox 2209 3922 2383 3965; x_wconf 91' lang='lat' dir='ltr'><strong>terum</strong></span> <span class='ocrx_word' id='word_1_588' title='bbox 2418 3917 2699 3963; x_wconf 88' lang='lat' dir='ltr'><strong>auctorum</strong></span> <span class='ocrx_word' id='word_1_589' title='bbox 2729 3905 2931 3975; x_wconf 89' lang='lat' dir='ltr'><strong>scripta</strong></span> <span class='ocrx_word' id='word_1_590' title='bbox 2958 3902 3277 3973; x_wconf 87' lang='lat' dir='ltr'><strong>appendicis</strong></span> <span class='ocrx_word' id='word_1_591' title='bbox 3301 3901 3416 3954; x_wconf 90' lang='lat' dir='ltr'><strong>loco</strong></span> <span class='ocrx_word' id='word_1_592' title='bbox 3441 3893 3681 3962; x_wconf 68' lang='lat' dir='ltr'><strong>subjungen</strong></span> 
     </span>
    </p>
   </div>
   <div class='ocr_carea' id='block_1_85' title="bbox 2208 3978 3681 4059">
    <p class='ocr_par' dir='ltr' id='par_1_85' title="bbox 2208 3978 3681 4059">
     <span class='ocr_line' id='line_1_85' title="bbox 2208 3978 3681 4059; baseline -0.015 0"><span class='ocrx_word' id='word_1_593' title='bbox 2208 4005 2555 4059; x_wconf 87' lang='lat' dir='ltr'><strong>decreveram</strong></span> <span class='ocrx_word' id='word_1_594' title='bbox 2601 4018 2615 4054; x_wconf 88' lang='lat'><strong>:</strong></span> <span class='ocrx_word' id='word_1_595' title='bbox 2663 3998 2757 4054; x_wconf 91' lang='lat' dir='ltr'><strong>sed</strong></span> <span class='ocrx_word' id='word_1_596' title='bbox 2791 3998 3233 4053; x_wconf 87' lang='lat' dir='ltr'><strong>doctissimorum</strong></span> <span class='ocrx_word' id='word_1_597' title='bbox 3270 3994 3499 4047; x_wconf 87' lang='lat' dir='ltr'><strong>virorum</strong></span> <span class='ocrx_word' id='word_1_598' title='bbox 3526 3978 3681 4040; x_wconf 72' lang='lat' dir='ltr'><strong>consilio</strong></span> 
     </span>
    </p>
   </div>
   <div class='ocr_carea' id='block_1_86' title="bbox 2211 4073 3681 4156">
    <p class='ocr_par' dir='ltr' id='par_1_86' title="bbox 2211 4073 3681 4156">
     <span class='ocr_line' id='line_1_86' title="bbox 2211 4073 3681 4156; baseline -0.014 -7"><span class='ocrx_word' id='word_1_599' title='bbox 2211 4096 2411 4149; x_wconf 81' lang='lat' dir='ltr'><strong>factum</strong></span> <span class='ocrx_word' id='word_1_600' title='bbox 2452 4101 2559 4156; x_wconf 91' lang='lat' dir='ltr'><strong>est,</strong></span> <span class='ocrx_word' id='word_1_601' title='bbox 2601 4099 2661 4146; x_wconf 85' lang='lat' dir='ltr'><strong>ut</strong></span> <span class='ocrx_word' id='word_1_602' title='bbox 2704 4091 2758 4144; x_wconf 90' lang='lat' dir='ltr'><strong>in</strong></span> <span class='ocrx_word' id='word_1_603' title='bbox 2809 4099 3149 4144; x_wconf 87' lang='lat' dir='ltr'><strong>antecessum</strong></span> <span class='ocrx_word' id='word_1_604' title='bbox 3186 4086 3320 4140; x_wconf 83' lang='lat' dir='ltr'><strong>Acta</strong></span> <span class='ocrx_word' id='word_1_605' title='bbox 3362 4083 3454 4136; x_wconf 90' lang='lat' dir='ltr'><strong>ista</strong></span> <span class='ocrx_word' id='word_1_606' title='bbox 3492 4077 3535 4130; x_wconf 91' lang='lat' dir='ltr'><strong>in</strong></span> <span class='ocrx_word' id='word_1_607' title='bbox 3565 4073 3681 4142; x_wconf 71' lang='lat' dir='ltr'><strong>primo</strong></span> 
     </span>
    </p>
   </div>
   <div class='ocr_carea' id='block_1_87' title="bbox 2210 4172 3680 4241">
    <p class='ocr_par' dir='ltr' id='par_1_87' title="bbox 2210 4172 3680 4241">
     <span class='ocr_line' id='line_1_87' title="bbox 2210 4172 3680 4241; baseline -0.012 0"><span class='ocrx_word' id='word_1_608' title='bbox 2210 4185 2545 4241; x_wconf 83' lang='lat' dir='ltr'><strong>collectionis</strong></span> <span class='ocrx_word' id='word_1_609' title='bbox 2597 4191 2799 4238; x_wconf 69' lang='lat' dir='ltr'><strong>nostra:</strong></span> <span class='ocrx_word' id='word_1_610' title='bbox 2845 4190 2992 4236; x_wconf 86' lang='lat' dir='ltr'><strong>tumo</strong></span> <span class='ocrx_word' id='word_1_611' title='bbox 3017 4181 3330 4234; x_wconf 89' lang='lat' dir='ltr'><strong>ederentur.</strong></span> <span class='ocrx_word' id='word_1_612' title='bbox 3363 4177 3521 4230; x_wconf 86' lang='lat' dir='ltr'><strong>Habes</strong></span> <span class='ocrx_word' id='word_1_613' title='bbox 3544 4172 3680 4234; x_wconf 59' lang='lat' dir='ltr'><strong>itaque.</strong></span> 
     </span>
    </p>
   </div>
   <div class='ocr_carea' id='block_1_88' title="bbox 2209 4256 3682 4344">
    <p class='ocr_par' dir='ltr' id='par_1_88' title="bbox 2209 4256 3682 4344">
     <span class='ocr_line' id='line_1_88' title="bbox 2209 4256 3682 4344; baseline -0.019 -12"><span class='ocrx_word' id='word_1_614' title='bbox 2209 4278 2420 4332; x_wconf 89' lang='lat' dir='ltr'><strong>erudite</strong></span> <span class='ocrx_word' id='word_1_615' title='bbox 2455 4277 2647 4339; x_wconf 89' lang='lat' dir='ltr'><strong>lector,</strong></span> <span class='ocrx_word' id='word_1_616' title='bbox 2686 4276 2948 4344; x_wconf 81' lang='lat' dir='ltr'><strong>integram</strong></span> <span class='ocrx_word' id='word_1_617' title='bbox 2990 4271 3239 4325; x_wconf 86' lang='lat' dir='ltr'><strong>Archelai</strong></span> <span class='ocrx_word' id='word_1_618' title='bbox 3280 4284 3399 4325; x_wconf 90' lang='lat' dir='ltr'><strong>cum</strong></span> <span class='ocrx_word' id='word_1_619' title='bbox 3429 4265 3597 4319; x_wconf 80' lang='lat' dir='ltr'><strong>Mancte</strong></span> <span class='ocrx_word' id='word_1_620' title='bbox 3612 4256 3682 4307; x_wconf 86' lang='lat' dir='ltr'><strong>dis-</strong></span> 
     </span>
    </p>
   </div>
   <div class='ocr_carea' id='block_1_89' title="bbox 2211 4352 3682 4439">
    <p class='ocr_par' dir='ltr' id='par_1_89' title="bbox 2211 4352 3682 4439">
     <span class='ocr_line' id='line_1_89' title="bbox 2211 4352 3682 4439; baseline -0.018 -13"><span class='ocrx_word' id='word_1_621' title='bbox 2211 4370 2541 4439; x_wconf 89' lang='lat' dir='ltr'><strong>putationem</strong></span> <span class='ocrx_word' id='word_1_622' title='bbox 2587 4370 2728 4422; x_wconf 85' lang='lat' dir='ltr'><strong>hona</strong></span> <span class='ocrx_word' id='word_1_623' title='bbox 2777 4368 2880 4421; x_wconf 85' lang='lat' dir='ltr'><strong>Iide</strong></span> <span class='ocrx_word' id='word_1_624' title='bbox 2912 4381 2977 4420; x_wconf 76' lang='lat' dir='ltr'><strong>ex</strong></span> <span class='ocrx_word' id='word_1_625' title='bbox 3005 4366 3317 4433; x_wconf 83' lang='lat' dir='ltr'><strong>apographo</strong></span> <span class='ocrx_word' id='word_1_626' title='bbox 3346 4352 3682 4415; x_wconf 84' lang='lat' dir='ltr'><strong>Casinensisco-</strong></span> 
     </span>
    </p>
   </div>
   <div class='ocr_carea' id='block_1_90' title="bbox 540 4442 3681 4534">
    <p class='ocr_par' dir='ltr' id='par_1_90' title="bbox 540 4442 3681 4534">
     <span class='ocr_line' id='line_1_90' title="bbox 540 4442 3681 4534; baseline -0.008 -12"><span class='ocrx_word' id='word_1_627' title='bbox 540 4469 679 4522; x_wconf 77' lang='lat' dir='ltr'><strong>adeo</strong></span> <span class='ocrx_word' id='word_1_628' title='bbox 714 4465 1053 4521; x_wconf 89' lang='lat' dir='ltr'><strong>monumenti</strong></span> <span class='ocrx_word' id='word_1_629' title='bbox 1092 4476 1300 4533; x_wconf 88' lang='lat' dir='ltr'><strong>partem</strong></span> <span class='ocrx_word' id='word_1_630' title='bbox 1339 4468 1538 4534; x_wconf 80' lang='lat' dir='ltr'><strong>reperit</strong></span> <span class='ocrx_word' id='word_1_631' title='bbox 1574 4463 1625 4515; x_wconf 90' lang='lat' dir='ltr'><strong>in</strong></span> <span class='ocrx_word' id='word_1_632' title='bbox 1658 4463 1980 4531; x_wconf 89' lang='lat' dir='ltr'><strong>perantiqno</strong></span> <span class='ocrx_word' id='word_1_633' title='bbox 2010 4477 2104 4514; x_wconf 88' lang='lat' dir='ltr'><strong>co-</strong></span> <span class='ocrx_word' id='word_1_634' title='bbox 2138 4477 2181 4531; x_wconf 77' lang='grc' dir='ltr'><strong>ι)</strong></span> <span class='ocrx_word' id='word_1_635' title='bbox 2209 4461 2347 4517; x_wconf 88' lang='lat' dir='ltr'><strong>dicis</strong></span> <span class='ocrx_word' id='word_1_636' title='bbox 2370 4461 2515 4530; x_wconf 84' lang='lat' dir='ltr'><strong>quod</strong></span> <span class='ocrx_word' id='word_1_637' title='bbox 2539 4460 2593 4514; x_wconf 89' lang='lat' dir='ltr'><strong>in</strong></span> <span class='ocrx_word' id='word_1_638' title='bbox 2622 4458 2877 4513; x_wconf 77' lang='lat' dir='ltr'><strong>Vaticana</strong></span> <span class='ocrx_word' id='word_1_639' title='bbox 2901 4456 3227 4511; x_wconf 86' lang='lat' dir='ltr'><strong>bibliotheca</strong></span> <span class='ocrx_word' id='word_1_640' title='bbox 3254 4460 3504 4510; x_wconf 75' lang='lat' dir='ltr'><strong>servatur,</strong></span> <span class='ocrx_word' id='word_1_641' title='bbox 3529 4442 3681 4498; x_wconf 66' lang='lat' dir='ltr'><strong>editam.</strong></span> 
     </span>
    </p>
   </div>
   <div class='ocr_carea' id='block_1_91' title="bbox 540 4551 2107 4625">
    <p class='ocr_par' dir='ltr' id='par_1_91' title="bbox 540 4551 2107 4625">
     <span class='ocr_line' id='line_1_91' title="bbox 540 4551 2107 4625; baseline -0.006 -12"><span class='ocrx_word' id='word_1_642' title='bbox 540 4561 661 4614; x_wconf 89' lang='lat' dir='ltr'><strong>dice</strong></span> <span class='ocrx_word' id='word_1_643' title='bbox 688 4558 963 4618; x_wconf 86' lang='lat' dir='ltr'><strong>Bobiensi,</strong></span> <span class='ocrx_word' id='word_1_644' title='bbox 1009 4557 1101 4625; x_wconf 89' lang='lat' dir='ltr'><strong>qui</strong></span> <span class='ocrx_word' id='word_1_645' title='bbox 1135 4569 1277 4607; x_wconf 89' lang='lat' dir='ltr'><strong>nunc</strong></span> <span class='ocrx_word' id='word_1_646' title='bbox 1307 4554 1359 4606; x_wconf 90' lang='lat' dir='ltr'><strong>in</strong></span> <span class='ocrx_word' id='word_1_647' title='bbox 1395 4552 1755 4606; x_wconf 84' lang='lat' dir='ltr'><strong>Atnbrosiaua</strong></span> <span class='ocrx_word' id='word_1_648' title='bbox 1781 4551 2107 4603; x_wconf 85' lang='lat' dir='ltr'><strong>bibliotheca</strong></span> 
     </span>
    </p>
   </div>
   <div class='ocr_carea' id='block_1_92' title="bbox 543 4639 2110 4714">
    <p class='ocr_par' dir='ltr' id='par_1_92' title="bbox 543 4639 2110 4714">
     <span class='ocr_line' id='line_1_92' title="bbox 543 4639 2110 4714; baseline -0.006 -10"><span class='ocrx_word' id='word_1_649' title='bbox 543 4659 811 4712; x_wconf 80' lang='lat' dir='ltr'><strong>servatur,</strong></span> <span class='ocrx_word' id='word_1_650' title='bbox 845 4646 1124 4700; x_wconf 76' lang='lat' dir='ltr'><strong>Eruet-iens</strong></span> <span class='ocrx_word' id='word_1_651' title='bbox 1156 4645 1397 4714; x_wconf 81' lang='lat' dir='ltr'><strong>Bigotius</strong></span> <span class='ocrx_word' id='word_1_652' title='bbox 1423 4642 1870 4712; x_wconf 82' lang='lat' dir='ltr'><strong>diligentissimus</strong></span> <span class='ocrx_word' id='word_1_653' title='bbox 1899 4639 2110 4694; x_wconf 82' lang='lat' dir='ltr'><strong>Italica-</strong></span> 
     </span>
    </p>
   </div>
   <div class='ocr_carea' id='block_1_93' title="bbox 541 4734 2111 4806">
    <p class='ocr_par' dir='ltr' id='par_1_93' title="bbox 541 4734 2111 4806">
     <span class='ocr_line' id='line_1_93' title="bbox 541 4734 2111 4806; baseline -0.006 -10"><span class='ocrx_word' id='word_1_654' title='bbox 541 4756 663 4796; x_wconf 86' lang='lat' dir='ltr'><strong>rum</strong></span> <span class='ocrx_word' id='word_1_655' title='bbox 697 4741 1149 4794; x_wconf 84' lang='lat' dir='ltr'><strong>bibliothecarum</strong></span> <span class='ocrx_word' id='word_1_656' title='bbox 1186 4746 1578 4806; x_wconf 85' lang='lat' dir='ltr'><strong>perscrutator,</strong></span> <span class='ocrx_word' id='word_1_657' title='bbox 1611 4748 1841 4803; x_wconf 88' lang='lat' dir='ltr'><strong>eamque</strong></span> <span class='ocrx_word' id='word_1_658' title='bbox 1868 4734 2111 4788; x_wconf 78' lang='lat' dir='ltr'><strong>clariSsi-</strong></span> 
     </span>
    </p>
   </div>
   <div class='ocr_carea' id='block_1_94' title="bbox 540 4828 2110 4898">
    <p class='ocr_par' dir='ltr' id='par_1_94' title="bbox 540 4828 2110 4898">
     <span class='ocr_line' id='line_1_94' title="bbox 540 4828 2110 4898; baseline -0.007 -10"><span class='ocrx_word' id='word_1_659' title='bbox 540 4849 634 4888; x_wconf 86' lang='lat' dir='ltr'><strong>mo</strong></span> <span class='ocrx_word' id='word_1_660' title='bbox 682 4830 898 4886; x_wconf 84' lang='lat' dir='ltr'><strong>Valesio</strong></span> <span class='ocrx_word' id='word_1_661' title='bbox 941 4830 1387 4893; x_wconf 74' lang='lat' dir='ltr'><strong>communicavit,</strong></span> <span class='ocrx_word' id='word_1_662' title='bbox 1446 4828 1539 4898; x_wconf 85' lang='lat' dir='ltr'><strong>qui</strong></span> <span class='ocrx_word' id='word_1_663' title='bbox 1585 4828 1639 4881; x_wconf 93' lang='lat' dir='ltr'><strong>in</strong></span> <span class='ocrx_word' id='word_1_664' title='bbox 1690 4828 1837 4882; x_wconf 90' lang='lat' dir='ltr'><strong>calce</strong></span> <span class='ocrx_word' id='word_1_665' title='bbox 1886 4841 2110 4881; x_wconf 89' lang='lat' dir='ltr'><strong>suarum</strong></span> 
     </span>
    </p>
   </div>
   <div class='ocr_carea' id='block_1_95' title="bbox 539 4917 2107 4988">
    <p class='ocr_par' dir='ltr' id='par_1_95' title="bbox 539 4917 2107 4988">
     <span class='ocr_line' id='line_1_95' title="bbox 539 4917 2107 4988; baseline -0.009 -7"><span class='ocrx_word' id='word_1_666' title='bbox 539 4934 795 4981; x_wconf 85' lang='lat' dir='ltr'><strong>notarum</strong></span> <span class='ocrx_word' id='word_1_667' title='bbox 825 4923 891 4975; x_wconf 89' lang='lat' dir='ltr'><strong>ad</strong></span> <span class='ocrx_word' id='word_1_668' title='bbox 918 4921 1194 4976; x_wconf 86' lang='lat' dir='ltr'><strong>Socratem</strong></span> <span class='ocrx_word' id='word_1_669' title='bbox 1217 4930 1270 4974; x_wconf 87' lang='lat' dir='ltr'><strong>et</strong></span> <span class='ocrx_word' id='word_1_670' title='bbox 1300 4918 1661 4973; x_wconf 81' lang='lat' dir='ltr'><strong>Sozomenum</strong></span> <span class='ocrx_word' id='word_1_671' title='bbox 1694 4918 1993 4988; x_wconf 83' lang='lat' dir='ltr'><strong>fragmenta</strong></span> <span class='ocrx_word' id='word_1_672' title='bbox 2020 4917 2107 4969; x_wconf 87' lang='lat' dir='ltr'><strong>illa</strong></span> 
     </span>
    </p>
   </div>
   <div class='ocr_carea' id='block_1_96' title="bbox 537 5011 2111 5079">
    <p class='ocr_par' dir='ltr' id='par_1_96' title="bbox 537 5011 2111 5079">
     <span class='ocr_line' id='line_1_96' title="bbox 537 5011 2111 5079; baseline -0.006 -8"><span class='ocrx_word' id='word_1_673' title='bbox 537 5017 727 5072; x_wconf 88' lang='lat' dir='ltr'><strong>edidit.</strong></span> <span class='ocrx_word' id='word_1_674' title='bbox 768 5014 1063 5069; x_wconf 87' lang='lat' dir='ltr'><strong>Continent</strong></span> <span class='ocrx_word' id='word_1_675' title='bbox 1112 5022 1292 5067; x_wconf 88' lang='lat' dir='ltr'><strong>autem</strong></span> <span class='ocrx_word' id='word_1_676' title='bbox 1350 5023 1461 5066; x_wconf 90' lang='lat' dir='ltr'><strong>tum</strong></span> <span class='ocrx_word' id='word_1_677' title='bbox 1513 5020 1706 5065; x_wconf 88' lang='lat' dir='ltr'><strong>cuncta</strong></span> <span class='ocrx_word' id='word_1_678' title='bbox 1742 5011 1831 5065; x_wconf 87' lang='lat' dir='ltr'><strong>illa</strong></span> <span class='ocrx_word' id='word_1_679' title='bbox 1882 5025 2003 5079; x_wconf 68' lang='lat' dir='ltr'><strong>qua:</strong></span> <span class='ocrx_word' id='word_1_680' title='bbox 2044 5025 2111 5063; x_wconf 77' lang='lat' dir='ltr'><strong>ex</strong></span> 
     </span>
    </p>
   </div>
   <div class='ocr_carea' id='block_1_97' title="bbox 539 5101 2111 5176">
    <p class='ocr_par' dir='ltr' id='par_1_97' title="bbox 539 5101 2111 5176">
     <span class='ocr_line' id='line_1_97' title="bbox 539 5101 2111 5176; baseline -0.005 -14"><span class='ocrx_word' id='word_1_681' title='bbox 539 5108 729 5161; x_wconf 88' lang='lat' dir='ltr'><strong>eadem</strong></span> <span class='ocrx_word' id='word_1_682' title='bbox 778 5106 1142 5176; x_wconf 85' lang='lat' dir='ltr'><strong>disputatione</strong></span> <span class='ocrx_word' id='word_1_683' title='bbox 1192 5106 1308 5160; x_wconf 83' lang='lat' dir='ltr'><strong>suis</strong></span> <span class='ocrx_word' id='word_1_684' title='bbox 1355 5106 1588 5158; x_wconf 88' lang='lat' dir='ltr'><strong>inseruit</strong></span> <span class='ocrx_word' id='word_1_685' title='bbox 1623 5104 1841 5172; x_wconf 89' lang='lat' dir='ltr'><strong>scriptis</strong></span> <span class='ocrx_word' id='word_1_686' title='bbox 1874 5101 2111 5171; x_wconf 82' lang='lat' dir='ltr'><strong>Epipha-</strong></span> 
     </span>
    </p>
   </div>
   <div class='ocr_carea' id='block_1_98' title="bbox 542 5193 2113 5261">
    <p class='ocr_par' dir='ltr' id='par_1_98' title="bbox 542 5193 2113 5261">
     <span class='ocr_line' id='line_1_98' title="bbox 542 5193 2113 5261; baseline -0.004 -10"><span class='ocrx_word' id='word_1_687' title='bbox 542 5199 688 5261; x_wconf 74' lang='lat' dir='ltr'><strong>niu‘s,</strong></span> <span class='ocrx_word' id='word_1_688' title='bbox 743 5207 858 5251; x_wconf 92' lang='lat' dir='ltr'><strong>tum</strong></span> <span class='ocrx_word' id='word_1_689' title='bbox 913 5197 1017 5250; x_wconf 89' lang='lat' dir='ltr'><strong>alia</strong></span> <span class='ocrx_word' id='word_1_690' title='bbox 1068 5197 1323 5251; x_wconf 91' lang='lat' dir='ltr'><strong>nonnulla</strong></span> <span class='ocrx_word' id='word_1_691' title='bbox 1380 5193 1449 5249; x_wconf 87' lang='lat' dir='ltr'><strong>ab</strong></span> <span class='ocrx_word' id='word_1_692' title='bbox 1494 5196 1683 5249; x_wconf 90' lang='lat' dir='ltr'><strong>eodem</strong></span> <span class='ocrx_word' id='word_1_693' title='bbox 1730 5193 1956 5259; x_wconf 88' lang='lat' dir='ltr'><strong>omissa,</strong></span> <span class='ocrx_word' id='word_1_694' title='bbox 1992 5208 2113 5261; x_wconf 73' lang='lat' dir='ltr'><strong>quae</strong></span> 
     </span>
    </p>
   </div>
   <div class='ocr_carea' id='block_1_99' title="bbox 543 5285 2109 5357">
    <p class='ocr_par' dir='ltr' id='par_1_99' title="bbox 543 5285 2109 5357">
     <span class='ocr_line' id='line_1_99' title="bbox 543 5285 2109 5357; baseline -0.004 -15"><span class='ocrx_word' id='word_1_695' title='bbox 543 5300 723 5343; x_wconf 83' lang='lat' dir='ltr'><strong>tamen</strong></span> <span class='ocrx_word' id='word_1_696' title='bbox 777 5304 844 5343; x_wconf 91' lang='lat' dir='ltr'><strong>ne</strong></span> <span class='ocrx_word' id='word_1_697' title='bbox 896 5288 1162 5342; x_wconf 90' lang='lat' dir='ltr'><strong>decimam</strong></span> <span class='ocrx_word' id='word_1_698' title='bbox 1215 5287 1436 5357; x_wconf 89' lang='lat' dir='ltr'><strong>quidem</strong></span> <span class='ocrx_word' id='word_1_699' title='bbox 1486 5287 1650 5340; x_wconf 90' lang='lat' dir='ltr'><strong>totius</strong></span> <span class='ocrx_word' id='word_1_700' title='bbox 1684 5285 1867 5355; x_wconf 87' lang='lat' dir='ltr'><strong>operis</strong></span> <span class='ocrx_word' id='word_1_701' title='bbox 1903 5295 2109 5354; x_wconf 87' lang='lat' dir='ltr'><strong>partem</strong></span> 
     </span>
    </p>
   </div>
   <div class='ocr_carea' id='block_1_100' title="bbox 541 5375 2112 5450">
    <p class='ocr_par' dir='ltr' id='par_1_100' title="bbox 541 5375 2112 5450">
     <span class='ocr_line' id='line_1_100' title="bbox 541 5375 2112 5450; baseline -0.001 -17"><span class='ocrx_word' id='word_1_702' title='bbox 541 5381 834 5450; x_wconf 86' lang='lat' dir='ltr'><strong>complent.</strong></span> <span class='ocrx_word' id='word_1_703' title='bbox 867 5379 936 5434; x_wconf 87' lang='lat' dir='ltr'><strong>Et</strong></span> <span class='ocrx_word' id='word_1_704' title='bbox 957 5380 1093 5433; x_wconf 82' lang='lat' dir='ltr'><strong>tanti</strong></span> <span class='ocrx_word' id='word_1_705' title='bbox 1122 5380 1338 5448; x_wconf 82' lang='lat' dir='ltr'><strong>quidem</strong></span> <span class='ocrx_word' id='word_1_706' title='bbox 1372 5380 1513 5449; x_wconf 88' lang='lat' dir='ltr'><strong>apud</strong></span> <span class='ocrx_word' id='word_1_707' title='bbox 1548 5378 1815 5448; x_wconf 74' lang='lat' dir='ltr'><strong>Bigmium</strong></span> <span class='ocrx_word' id='word_1_708' title='bbox 1848 5375 1951 5431; x_wconf 85' lang='lat' dir='ltr'><strong>fuit</strong></span> <span class='ocrx_word' id='word_1_709' title='bbox 1988 5392 2112 5446; x_wconf 86' lang='lat' dir='ltr'><strong>pars</strong></span> 
     </span>
    </p>
   </div>
   <div class='ocr_carea' id='block_1_101' title="bbox 543 5469 2115 5540">
    <p class='ocr_par' dir='ltr' id='par_1_101' title="bbox 543 5469 2115 5540">
     <span class='ocr_line' id='line_1_101' title="bbox 543 5469 2115 5540; baseline -0.001 -17"><span class='ocrx_word' id='word_1_710' title='bbox 543 5473 632 5524; x_wconf 89' lang='lat' dir='ltr'><strong>illa</strong></span> <span class='ocrx_word' id='word_1_711' title='bbox 659 5472 1046 5540; x_wconf 87' lang='lat' dir='ltr'><strong>disputationis</strong></span> <span class='ocrx_word' id='word_1_712' title='bbox 1073 5472 1347 5537; x_wconf 86' lang='lat' dir='ltr'><strong>Archelai,</strong></span> <span class='ocrx_word' id='word_1_713' title='bbox 1380 5482 1438 5524; x_wconf 92' lang='lat' dir='ltr'><strong>ut</strong></span> <span class='ocrx_word' id='word_1_714' title='bbox 1461 5486 1581 5524; x_wconf 90' lang='lat' dir='ltr'><strong>eam</strong></span> <span class='ocrx_word' id='word_1_715' title='bbox 1614 5486 1737 5524; x_wconf 88' lang='lat' dir='ltr'><strong>cum</strong></span> <span class='ocrx_word' id='word_1_716' title='bbox 1773 5469 2008 5523; x_wconf 86' lang='lat' dir='ltr'><strong>Palladio</strong></span> <span class='ocrx_word' id='word_1_717' title='bbox 2036 5484 2115 5521; x_wconf 86' lang='lat' dir='ltr'><strong>re-</strong></span> 
     </span>
    </p>
   </div>
   <div class='ocr_carea' id='block_1_102' title="bbox 541 5560 2107 5633">
    <p class='ocr_par' dir='ltr' id='par_1_102' title="bbox 541 5560 2107 5633">
     <span class='ocr_line' id='line_1_102' title="bbox 541 5560 2107 5633; baseline -0.002 -18"><span class='ocrx_word' id='word_1_718' title='bbox 541 5563 738 5617; x_wconf 86' lang='lat' dir='ltr'><strong>cudere</strong></span> <span class='ocrx_word' id='word_1_719' title='bbox 763 5564 1099 5633; x_wconf 74' lang='lat' dir='ltr'><strong>cogitaverit,</strong></span> <span class='ocrx_word' id='word_1_720' title='bbox 1134 5564 1381 5631; x_wconf 86' lang='lat' dir='ltr'><strong>apposito</strong></span> <span class='ocrx_word' id='word_1_721' title='bbox 1411 5560 1598 5615; x_wconf 67' lang='lat' dir='ltr'><strong>Grmco</strong></span> <span class='ocrx_word' id='word_1_722' title='bbox 1627 5560 1914 5631; x_wconf 80' lang='lat' dir='ltr'><strong>Epiphanii</strong></span> <span class='ocrx_word' id='word_1_723' title='bbox 1940 5570 2107 5625; x_wconf 78' lang='lat' dir='ltr'><strong>textu,</strong></span> 
     </span>
    </p>
   </div>
   <div class='ocr_carea' id='block_1_103' title="bbox 544 5653 2106 5725">
    <p class='ocr_par' dir='ltr' id='par_1_103' title="bbox 544 5653 2106 5725">
     <span class='ocr_line' id='line_1_103' title="bbox 544 5653 2106 5725; baseline -0.004 -16"><span class='ocrx_word' id='word_1_724' title='bbox 544 5670 602 5709; x_wconf 91' lang='lat' dir='ltr'><strong>ut</strong></span> <span class='ocrx_word' id='word_1_725' title='bbox 650 5673 716 5709; x_wconf 79' lang='lat' dir='ltr'><strong>ex</strong></span> <span class='ocrx_word' id='word_1_726' title='bbox 767 5657 1050 5725; x_wconf 88' lang='lat' dir='ltr'><strong>utriusque</strong></span> <span class='ocrx_word' id='word_1_727' title='bbox 1097 5656 1541 5724; x_wconf 83' lang='lat' dir='ltr'><strong>comparatione,</strong></span> <span class='ocrx_word' id='word_1_728' title='bbox 1600 5656 1833 5724; x_wconf 79' lang='lat' dir='ltr'><strong>genuina</strong></span> <span class='ocrx_word' id='word_1_729' title='bbox 1885 5653 2106 5706; x_wconf 89' lang='lat' dir='ltr'><strong>illorum</strong></span> 
     </span>
    </p>
   </div>
   <div class='ocr_carea' id='block_1_104' title="bbox 543 5745 2109 5815">
    <p class='ocr_par' dir='ltr' id='par_1_104' title="bbox 543 5745 2109 5815">
     <span class='ocr_line' id='line_1_104' title="bbox 543 5745 2109 5815; baseline -0.001 -15"><span class='ocrx_word' id='word_1_730' title='bbox 543 5745 970 5814; x_wconf 78' lang='lat' dir='ltr'><strong>fragmenlorum</strong></span> <span class='ocrx_word' id='word_1_731' title='bbox 1022 5747 1249 5803; x_wconf 86' lang='lat' dir='ltr'><strong>lectione</strong></span> <span class='ocrx_word' id='word_1_732' title='bbox 1306 5746 1576 5813; x_wconf 84' lang='lat' dir='ltr'><strong>restituta,</strong></span> <span class='ocrx_word' id='word_1_733' title='bbox 1632 5746 1812 5815; x_wconf 85' lang='lat' dir='ltr'><strong>quivis</strong></span> <span class='ocrx_word' id='word_1_734' title='bbox 1859 5745 2109 5813; x_wconf 81' lang='lat' dir='ltr'><strong>colligere</strong></span> 
     </span>
    </p>
   </div>
   <div class='ocr_carea' id='block_1_105' title="bbox 2212 4534 3684 4621">
    <p class='ocr_par' dir='ltr' id='par_1_105' title="bbox 2212 4534 3684 4621">
     <span class='ocr_line' id='line_1_105' title="bbox 2212 4534 3684 4621; baseline -0.016 -12"><span class='ocrx_word' id='word_1_735' title='bbox 2212 4553 2575 4621; x_wconf 89' lang='lat' dir='ltr'><strong>brevibusque</strong></span> <span class='ocrx_word' id='word_1_736' title='bbox 2599 4553 2745 4605; x_wconf 89' lang='lat' dir='ltr'><strong>notis</strong></span> <span class='ocrx_word' id='word_1_737' title='bbox 2768 4550 2974 4604; x_wconf 88' lang='lat' dir='ltr'><strong>criticis</strong></span> <span class='ocrx_word' id='word_1_738' title='bbox 3002 4548 3349 4609; x_wconf 79' lang='lat' dir='ltr'><strong>illustratum,</strong></span> <span class='ocrx_word' id='word_1_739' title='bbox 3375 4552 3517 4610; x_wconf 87' lang='lat' dir='ltr'><strong>atque</strong></span> <span class='ocrx_word' id='word_1_740' title='bbox 3538 4534 3604 4587; x_wconf 81' lang='lat' dir='ltr'><strong>ubi</strong></span> <span class='ocrx_word' id='word_1_741' title='bbox 3624 4539 3684 4594; x_wconf 72' lang='grc' dir='ltr'><strong>ιιτ</strong></span> 
     </span>
    </p>
   </div>
   <div class='ocr_carea' id='block_1_106' title="bbox 2212 4625 3683 4716">
    <p class='ocr_par' dir='ltr' id='par_1_106' title="bbox 2212 4625 3683 4716">
     <span class='ocr_line' id='line_1_106' title="bbox 2212 4625 3683 4716; baseline -0.012 -16"><span class='ocrx_word' id='word_1_742' title='bbox 2212 4647 2489 4716; x_wconf 81' lang='lat' dir='ltr'><strong>ingenium</strong></span> <span class='ocrx_word' id='word_1_743' title='bbox 2521 4652 2637 4698; x_wconf 92' lang='lat' dir='ltr'><strong>tuto</strong></span> <span class='ocrx_word' id='word_1_744' title='bbox 2667 4644 2845 4707; x_wconf 88' lang='lat' dir='ltr'><strong>licuit,</strong></span> <span class='ocrx_word' id='word_1_745' title='bbox 2879 4641 3254 4703; x_wconf 86' lang='lat' dir='ltr'><strong>emendatam;</strong></span> <span class='ocrx_word' id='word_1_746' title='bbox 3291 4644 3417 4691; x_wconf 87' lang='lat' dir='ltr'><strong>sunt</strong></span> <span class='ocrx_word' id='word_1_747' title='bbox 3439 4632 3560 4687; x_wconf 89' lang='lat' dir='ltr'><strong>enim</strong></span> <span class='ocrx_word' id='word_1_748' title='bbox 3586 4625 3683 4676; x_wconf 66' lang='lat' dir='ltr'><strong>illeu</strong></span> 
     </span>
    </p>
   </div>
   <div class='ocr_carea' id='block_1_107' title="bbox 2211 4713 3683 4804">
    <p class='ocr_par' dir='ltr' id='par_1_107' title="bbox 2211 4713 3683 4804">
     <span class='ocr_line' id='line_1_107' title="bbox 2211 4713 3683 4804; baseline -0.014 -11"><span class='ocrx_word' id='word_1_749' title='bbox 2211 4713 2398 4793; x_wconf 78' lang='lat' dir='ltr'><strong>codice</strong></span> <span class='ocrx_word' id='word_1_750' title='bbox 2424 4736 2631 4790; x_wconf 88' lang='lat' dir='ltr'><strong>librarii</strong></span> <span class='ocrx_word' id='word_1_751' title='bbox 2654 4735 2956 4804; x_wconf 88' lang='lat' dir='ltr'><strong>sphalmata</strong></span> <span class='ocrx_word' id='word_1_752' title='bbox 2981 4733 3233 4801; x_wconf 88' lang='lat' dir='ltr'><strong>plurima,</strong></span> <span class='ocrx_word' id='word_1_753' title='bbox 3265 4743 3382 4799; x_wconf 74' lang='lat' dir='ltr'><strong>qure</strong></span> <span class='ocrx_word' id='word_1_754' title='bbox 3407 4726 3510 4780; x_wconf 82' lang='lat' dir='ltr'><strong>sine</strong></span> <span class='ocrx_word' id='word_1_755' title='bbox 3528 4713 3683 4772; x_wconf 61' lang='lat' dir='ltr'><strong>alterius</strong></span> 
     </span>
    </p>
   </div>
   <div class='ocr_carea' id='block_1_108' title="bbox 2213 4817 3682 4897">
    <p class='ocr_par' dir='ltr' id='par_1_108' title="bbox 2213 4817 3682 4897">
     <span class='ocr_line' id='line_1_108' title="bbox 2213 4817 3682 4897; baseline -0.012 -14"><span class='ocrx_word' id='word_1_756' title='bbox 2213 4830 2418 4884; x_wconf 91' lang='lat' dir='ltr'><strong>codicis</strong></span> <span class='ocrx_word' id='word_1_757' title='bbox 2451 4843 2553 4897; x_wconf 90' lang='lat' dir='ltr'><strong>ope</strong></span> <span class='ocrx_word' id='word_1_758' title='bbox 2591 4827 2879 4880; x_wconf 87' lang='lat' dir='ltr'><strong>emendare</strong></span> <span class='ocrx_word' id='word_1_759' title='bbox 2921 4824 3288 4894; x_wconf 89' lang='lat' dir='ltr'><strong>periculosum</strong></span> <span class='ocrx_word' id='word_1_760' title='bbox 3332 4826 3557 4875; x_wconf 86' lang='lat' dir='ltr'><strong>conatum</strong></span> <span class='ocrx_word' id='word_1_761' title='bbox 3588 4817 3682 4862; x_wconf 50' lang='lat' dir='ltr'><strong>esse.</strong></span> 
     </span>
    </p>
   </div>
   <div class='ocr_carea' id='block_1_109' title="bbox 2212 4907 3684 4991">
    <p class='ocr_par' dir='ltr' id='par_1_109' title="bbox 2212 4907 3684 4991">
     <span class='ocr_line' id='line_1_109' title="bbox 2212 4907 3684 4991; baseline -0.013 -16"><span class='ocrx_word' id='word_1_762' title='bbox 2212 4922 2380 4991; x_wconf 87' lang='lat' dir='ltr'><strong>probe</strong></span> <span class='ocrx_word' id='word_1_763' title='bbox 2413 4920 2593 4973; x_wconf 89' lang='lat' dir='ltr'><strong>sciunt</strong></span> <span class='ocrx_word' id='word_1_764' title='bbox 2622 4919 2717 4987; x_wconf 86' lang='lat' dir='ltr'><strong>qui</strong></span> <span class='ocrx_word' id='word_1_765' title='bbox 2748 4921 2803 4972; x_wconf 90' lang='lat' dir='ltr'><strong>in</strong></span> <span class='ocrx_word' id='word_1_766' title='bbox 2844 4918 3072 4972; x_wconf 88' lang='lat' dir='ltr'><strong>vetustis</strong></span> <span class='ocrx_word' id='word_1_767' title='bbox 3107 4916 3324 4984; x_wconf 90' lang='lat' dir='ltr'><strong>scriptis</strong></span> <span class='ocrx_word' id='word_1_768' title='bbox 3358 4907 3554 4967; x_wconf 88' lang='lat' dir='ltr'><strong>edendis</strong></span> <span class='ocrx_word' id='word_1_769' title='bbox 3576 4910 3684 4952; x_wconf 65' lang='lat'><strong>0600&#39;</strong></span> 
     </span>
    </p>
   </div>
   <div class='ocr_carea' id='block_1_110' title="bbox 2212 5000 3683 5082">
    <p class='ocr_par' dir='ltr' id='par_1_110' title="bbox 2212 5000 3683 5082">
     <span class='ocr_line' id='line_1_110' title="bbox 2212 5000 3683 5082; baseline -0.018 -16"><span class='ocrx_word' id='word_1_770' title='bbox 2212 5023 2430 5082; x_wconf 91' lang='lat' dir='ltr'><strong>pantur.</strong></span> <span class='ocrx_word' id='word_1_771' title='bbox 2467 5010 2572 5065; x_wconf 90' lang='lat' dir='ltr'><strong>Sed</strong></span> <span class='ocrx_word' id='word_1_772' title='bbox 2617 5011 2850 5064; x_wconf 83' lang='lat' dir='ltr'><strong>fortasse</strong></span> <span class='ocrx_word' id='word_1_773' title='bbox 2893 5011 2999 5064; x_wconf 89' lang='lat' dir='ltr'><strong>hoc</strong></span> <span class='ocrx_word' id='word_1_774' title='bbox 3031 5023 3189 5077; x_wconf 90' lang='lat' dir='ltr'><strong>opus,</strong></span> <span class='ocrx_word' id='word_1_775' title='bbox 3236 5006 3344 5060; x_wconf 89' lang='lat' dir='ltr'><strong>Deo</strong></span> <span class='ocrx_word' id='word_1_776' title='bbox 3374 5004 3536 5062; x_wconf 85' lang='lat' dir='ltr'><strong>dante,</strong></span> <span class='ocrx_word' id='word_1_777' title='bbox 3560 5000 3683 5045; x_wconf 83' lang='lat' dir='ltr'><strong>corte-</strong></span> 
     </span>
    </p>
   </div>
   <div class='ocr_carea' id='block_1_111' title="bbox 2212 5085 3684 5159">
    <p class='ocr_par' dir='ltr' id='par_1_111' title="bbox 2212 5085 3684 5159">
     <span class='ocr_line' id='line_1_111' title="bbox 2212 5085 3684 5159; baseline -0.005 0"><span class='ocrx_word' id='word_1_778' title='bbox 2212 5106 2351 5159; x_wconf 89' lang='lat' dir='ltr'><strong>ctius</strong></span> <span class='ocrx_word' id='word_1_779' title='bbox 2385 5105 2645 5157; x_wconf 88' lang='lat' dir='ltr'><strong>reducere</strong></span> <span class='ocrx_word' id='word_1_780' title='bbox 2680 5102 2761 5157; x_wconf 78' lang='lat' dir='ltr'><strong>I‘as</strong></span> <span class='ocrx_word' id='word_1_781' title='bbox 2804 5102 2906 5156; x_wconf 87' lang='lat' dir='ltr'><strong>erit</strong></span> <span class='ocrx_word' id='word_1_782' title='bbox 2946 5118 3070 5156; x_wconf 89' lang='lat' dir='ltr'><strong>cum</strong></span> <span class='ocrx_word' id='word_1_783' title='bbox 3110 5101 3232 5154; x_wconf 84' lang='lat' dir='ltr'><strong>aliis</strong></span> <span class='ocrx_word' id='word_1_784' title='bbox 3265 5110 3488 5153; x_wconf 77' lang='lat' dir='ltr'><strong>veterum</strong></span> <span class='ocrx_word' id='word_1_785' title='bbox 3525 5085 3684 5151; x_wconf 43' lang='lat' dir='ltr'><strong>scrip“?</strong></span> 
     </span>
    </p>
   </div>
   <div class='ocr_carea' id='block_1_112' title="bbox 2211 5176 3682 5249">
    <p class='ocr_par' dir='ltr' id='par_1_112' title="bbox 2211 5176 3682 5249">
     <span class='ocr_line' id='line_1_112' title="bbox 2211 5176 3682 5249; baseline -0.015 0"><span class='ocrx_word' id='word_1_786' title='bbox 2211 5212 2331 5249; x_wconf 89' lang='lat' dir='ltr'><strong>rum</strong></span> <span class='ocrx_word' id='word_1_787' title='bbox 2356 5196 2614 5248; x_wconf 83' lang='lat' dir='ltr'><strong>adversus</strong></span> <span class='ocrx_word' id='word_1_788' title='bbox 2640 5193 2962 5247; x_wconf 77' lang='lat' dir='ltr'><strong>Manichzeos</strong></span> <span class='ocrx_word' id='word_1_789' title='bbox 2991 5191 3448 5247; x_wconf 88' lang='lat' dir='ltr'><strong>lucubrationibus</strong></span> <span class='ocrx_word' id='word_1_790' title='bbox 3470 5182 3525 5237; x_wconf 88' lang='lat' dir='ltr'><strong>ad</strong></span> <span class='ocrx_word' id='word_1_791' title='bbox 3543 5176 3682 5231; x_wconf 58' lang='lat' dir='ltr'><strong>calﬁt!!!</strong></span> 
     </span>
    </p>
   </div>
   <div class='ocr_carea' id='block_1_113' title="bbox 2214 5258 3681 5349">
    <p class='ocr_par' dir='ltr' id='par_1_113' title="bbox 2214 5258 3681 5349">
     <span class='ocr_line' id='line_1_113' title="bbox 2214 5258 3681 5349; baseline -0.018 -8"><span class='ocrx_word' id='word_1_792' title='bbox 2214 5296 2412 5342; x_wconf 76' lang='lat' dir='ltr'><strong>nostra:</strong></span> <span class='ocrx_word' id='word_1_793' title='bbox 2463 5285 2873 5338; x_wconf 77' lang='lat' dir='ltr'><strong>Manichworum</strong></span> <span class='ocrx_word' id='word_1_794' title='bbox 2926 5285 3191 5349; x_wconf 69' lang='lat' dir='ltr'><strong>historiae,</strong></span> <span class='ocrx_word' id='word_1_795' title='bbox 3250 5283 3294 5336; x_wconf 91' lang='lat' dir='ltr'><strong>si</strong></span> <span class='ocrx_word' id='word_1_796' title='bbox 3349 5272 3539 5345; x_wconf 86' lang='lat' dir='ltr'><strong>aliquod</strong></span> <span class='ocrx_word' id='word_1_797' title='bbox 3585 5258 3681 5318; x_wconf 79' lang='lat' dir='ltr'><strong>aliud</strong></span> 
     </span>
    </p>
   </div>
   <div class='ocr_carea' id='block_1_114' title="bbox 2212 5365 3679 5446">
    <p class='ocr_par' dir='ltr' id='par_1_114' title="bbox 2212 5365 3679 5446">
     <span class='ocr_line' id='line_1_114' title="bbox 2212 5365 3679 5446; baseline -0.018 -14"><span class='ocrx_word' id='word_1_798' title='bbox 2212 5377 2489 5446; x_wconf 55' lang='lat' dir='ltr'><strong>exemplar</strong></span> <span class='ocrx_word' id='word_1_799' title='bbox 2526 5378 2666 5431; x_wconf 88' lang='lat' dir='ltr'><strong>inter</strong></span> <span class='ocrx_word' id='word_1_800' title='bbox 2697 5376 3041 5430; x_wconf 88' lang='lat' dir='ltr'><strong>lustrandum</strong></span> <span class='ocrx_word' id='word_1_801' title='bbox 3076 5374 3504 5429; x_wconf 87' lang='lat' dir='ltr'><strong>bibliothecarum</strong></span> <span class='ocrx_word' id='word_1_802' title='bbox 3530 5365 3679 5414; x_wconf 73' lang='lat' dir='ltr'><strong>nostra-</strong></span> 
     </span>
    </p>
   </div>
   <div class='ocr_carea' id='block_1_115' title="bbox 2213 5447 3681 5531">
    <p class='ocr_par' dir='ltr' id='par_1_115' title="bbox 2213 5447 3681 5531">
     <span class='ocr_line' id='line_1_115' title="bbox 2213 5447 3681 5531; baseline -0.016 -7"><span class='ocrx_word' id='word_1_803' title='bbox 2213 5486 2331 5524; x_wconf 82' lang='lat' dir='ltr'><strong>rum</strong></span> <span class='ocrx_word' id='word_1_804' title='bbox 2365 5469 2571 5524; x_wconf 86' lang='lat' dir='ltr'><strong>loculos</strong></span> <span class='ocrx_word' id='word_1_805' title='bbox 2594 5478 2865 5530; x_wconf 89' lang='lat' dir='ltr'><strong>occurrat,</strong></span> <span class='ocrx_word' id='word_1_806' title='bbox 2889 5477 2985 5521; x_wconf 87' lang='lat' dir='ltr'><strong>aut</strong></span> <span class='ocrx_word' id='word_1_807' title='bbox 3008 5468 3061 5520; x_wconf 93' lang='lat' dir='ltr'><strong>in</strong></span> <span class='ocrx_word' id='word_1_808' title='bbox 3095 5466 3217 5520; x_wconf 89' lang='lat' dir='ltr'><strong>aliis</strong></span> <span class='ocrx_word' id='word_1_809' title='bbox 3245 5464 3459 5531; x_wconf 72' lang='lat' dir='ltr'><strong>Europae</strong></span> <span class='ocrx_word' id='word_1_810' title='bbox 3478 5447 3681 5511; x_wconf 74' lang='lat' dir='ltr'><strong>bibliothe-</strong></span> 
     </span>
    </p>
   </div>
   <div class='ocr_carea' id='block_1_116' title="bbox 2212 5546 3679 5630">
    <p class='ocr_par' dir='ltr' id='par_1_116' title="bbox 2212 5546 3679 5630">
     <span class='ocr_line' id='line_1_116' title="bbox 2212 5546 3679 5630; baseline -0.012 -14"><span class='ocrx_word' id='word_1_811' title='bbox 2212 5563 2290 5617; x_wconf 88' lang='lat' dir='ltr'><strong>cis</strong></span> <span class='ocrx_word' id='word_1_812' title='bbox 2323 5570 2594 5630; x_wconf 84' lang='lat' dir='ltr'><strong>rcpcrtum</strong></span> <span class='ocrx_word' id='word_1_813' title='bbox 2627 5562 2757 5615; x_wconf 90' lang='lat' dir='ltr'><strong>mihi</strong></span> <span class='ocrx_word' id='word_1_814' title='bbox 2785 5560 3212 5619; x_wconf 80' lang='lat' dir='ltr'><strong>communicare.</strong></span> <span class='ocrx_word' id='word_1_815' title='bbox 3237 5557 3462 5613; x_wconf 87' lang='lat' dir='ltr'><strong>eruditos</strong></span> <span class='ocrx_word' id='word_1_816' title='bbox 3483 5546 3679 5601; x_wconf 66' lang='lat' dir='ltr'><strong>virosnon</strong></span> 
     </span>
    </p>
   </div>
   <div class='ocr_carea' id='block_1_117' title="bbox 2211 5655 2409 5724">
    <p class='ocr_par' dir='ltr' id='par_1_117' title="bbox 2211 5655 2409 5724">
     <span class='ocr_line' id='line_1_117' title="bbox 2211 5655 2409 5724; baseline 0 -17"><span class='ocrx_word' id='word_1_817' title='bbox 2211 5655 2409 5724; x_wconf 81' lang='lat' dir='ltr'><strong>pigeat.</strong></span> 
     </span>
    </p>
   </div>
   <div class='ocr_carea' id='block_1_118' title="bbox 2281 5724 3677 5812">
    <p class='ocr_par' dir='ltr' id='par_1_118' title="bbox 2281 5724 3677 5812">
     <span class='ocr_line' id='line_1_118' title="bbox 2281 5724 3677 5812; baseline -0.019 -17"><span class='ocrx_word' id='word_1_818' title='bbox 2281 5741 2416 5797; x_wconf 78' lang='lat' dir='ltr'><strong>XIII.</strong></span> <span class='ocrx_word' id='word_1_819' title='bbox 2459 5743 2724 5801; x_wconf 78' lang='lat' dir='ltr'><strong>Caeterum</strong></span> <span class='ocrx_word' id='word_1_820' title='bbox 2773 5758 3029 5812; x_wconf 76' lang='lat' dir='ltr'><strong>magnum</strong></span> <span class='ocrx_word' id='word_1_821' title='bbox 3076 5758 3139 5800; x_wconf 77' lang='lat' dir='ltr'><strong>ex</strong></span> <span class='ocrx_word' id='word_1_822' title='bbox 3180 5737 3418 5797; x_wconf 64' lang='lat' dir='ltr'><strong>Archelai</strong></span> <span class='ocrx_word' id='word_1_823' title='bbox 3440 5724 3578 5787; x_wconf 84' lang='lat' dir='ltr'><strong>nostri</strong></span> <span class='ocrx_word' id='word_1_824' title='bbox 3602 5730 3677 5771; x_wconf 65' lang='lat' dir='ltr'><strong>rec</strong></span> 
     </span>
    </p>
   </div>
  </div>
