3888 6494
211 332 355 394 Nl't

1732 312 2029 365 NU'l'iTlA.

3318 310 3452 363 1618

213 459 300 512 bis
342 450 623 507 catholicm
673 446 793 502 ﬁdei
835 440 1141 515 prmsidium
1192 445 1353 504 alque
1399 436 1779 485 ornamentum
1811 433 1856 489 Α
1886 427 1979 481 sed
2014 434 2283 480 testantur
2311 427 2472 481 etiam
2502 426 2840 497 Epiphanius
2870 428 2964 497 (c),
3003 425 3253 480 Socrates
3294 426 3371 495 (ά)
3402 435 3456 480 et

213 548 443 608 accedit.
476 544 610 597 Nam
640 542 767 595 dum
794 528 1284 591 Manetishzcresim
1309 523 1661 578 validissimis
1696 536 1784 574 ar-

140 688 141 695 η
212 639 488 713 gumentis
515 639 813 705 oppugnat,
850 629 1077 699 ejusque
1115 621 1379 691 originem
1411 626 1573 685 atque
1608 614 1784 713 ipcre-

214 707 397 791 inenta
432 735 796 789 consectatur,
827 738 933 776 non
963 717 1124 773 modo
1146 729 1264 768 eam
1299 712 1543 766 funditus
1569 707 1785 761 subver-

212 830 303 892 tit,
336 836 389 880 et
431 837 594 894 quam
644 817 841 886 impios
885 811 1137 867 habuerit
1188 814 1459 868 auctores,
1510 799 1779 862 ostendit;

214 919 311 974 sed
344 926 396 971 et
431 915 686 983 pleraque
720 906 1123 960 Catholicorum
1156 902 1411 968 dogmata
1441 894 1674 949 illustrat
1702 900 1783 943 at-

210 1026 323 1081 que
353 982 656 1061 conﬁrmat.
695 999 923 1069 Elegans
951 994 1192 1048 estinter
1218 990 1321 1044 alia
1352 988 1503 1042 locus
1533 984 1597 1038 de
1627 982 1783 1081 insti-

212 1073 330 1156 tuta
357 1099 423 1151 ab
453 1092 733 1164 apostolis,
767 1102 929 1159 quam
967 1099 1139 1153 usque
1174 1096 1319 1134 nunc
1345 1091 1650 1137 servamus,
1681 1073 1782 1127 Ec—

210 1192 395 1247 clesiae
418 1184 743 1247 hierarchia,
770 1182 917 1234 hisce
938 1178 1119 1231 verbis
1144 1175 1196 1227 in
1219 1186 1339 1240 cap.
1365 1170 1424 1223 5i
1453 1173 1775 1235 conceptus:

210 1279 318 1333 Sed
332 1288 380 1330 et
394 1277 620 1342 optimus
637 1270 951 1322 architectus
962 1265 1073 1334 ejus
1106 1262 1507 1333 fundamentum
1519 1264 1778 1319 nostrum,

207 1369 270 1420 id
300 1374 397 1428 est,
431 1360 702 1423 Ecclesire,
736 1355 936 1411 Paulus
959 1354 1129 1424 posuit
1161 1362 1209 1406 et
1246 1351 1405 1420 legem
1430 1348 1669 1413 tradidit,
1701 1364 1781 1399 or-

206 1457 410 1512 dinatis
438 1451 716 1516 ministris,
739 1457 787 1502 et
819 1445 1156 1515 presbyteris,
1200 1452 1249 1496 et
1290 1441 1547 1511 episcopis
1588 1438 1643 1490 in
1676 1455 1781 1505 ea;

206 1544 508 1600 describens
554 1558 645 1611 per
691 1542 807 1592 loca
862 1536 1090 1606 singula,
1148 1532 1407 1604 quomodo
1457 1541 1506 1584 et
1553 1529 1781 1599 qualiter

206 1645 445 1703 oporteat
480 1633 749 1686 ministros
776 1627 895 1692 Dei,
936 1626 1135 1697 quales,
1166 1637 1213 1677 et
1255 1622 1485 1691 qualiter
1513 1621 1630 1689 ﬁeri
1656 1637 1778 1690 pre-

205 1728 469 1796 sbyteros,
500 1721 777 1791 qualesque
809 1733 916 1770 esse
937 1714 1153 1769 debeant
1184 1712 1272 1781 qui
1302 1712 1654 1780 episcopatum
1687 1709 1778 1761 de—

204 1788 625 1882 siderant:quaz
654 1788 828 1862 omnia
873 1806 995 1859 bene
1044 1803 1191 1857 nobis
1235 1811 1285 1855 et
1329 1809 1464 1853 recte
1498 1798 1778 1867 disposita.
1814 1788 1853 1842 Β

204 1921 374 1975 usque
405 1905 459 1956 in
488 1901 820 1961 hodiernum,
848 1906 1046 1951 statum
1073 1910 1225 1948 suum
1255 1890 1577 1956 custodiunt,
1599 1898 1644 1942 et
1670 1905 1782 1958 per-

207 2003 390 2049 manet
419 1990 557 2062 apud
588 2006 681 2043 nos
731 1988 888 2055 hujus
936 1982 1129 2054 regqu
1176 1979 1479 2048 disciplina.
1513 1975 1780 2029 Palmaria

203 2102 429 2157 quoque
460 2092 587 2137 sunt
615 2082 668 2134 in
710 2080 859 2134 hisce
885 2077 1036 2131 Actis
1066 2076 1205 2137 loca,
1240 2074 1293 2126 in
1329 2070 1529 2141 quibus
1558 2066 1781 2121 humani

206 2177 425 2233 arbitrii
495 2176 717 2229 libertas
784 2170 1045 2224 adversus
1122 2165 1449 2220 recentiores
1502 2159 1783 2214 haereticos

207 2269 496 2334 astruitur,
531 2276 588 2321 ut
630 2267 811 2320 videre
837 2273 921 2318 est
944 2277 1064 2329 cap.
1104 2260 1170 2314 15
1202 2267 1256 2312 et
1290 2256 1377 2312 19.
1410 2252 1780 2308 Pulcherrima

208 2371 343 2417 sunt
365 2362 707 2429 maximeque
739 2356 973 2411 notanda
1000 2354 1163 2408 verba
1193 2352 1281 2405 illa
1311 2365 1429 2419 cap.
1464 2348 1555 2410 5%,
1586 2345 1676 2399 ubi
1702 2344 1782 2399 sic

206 2455 331 2510 ait:
370 2454 507 2507 Deus
537 2453 676 2505 enim
721 2450 900 2503 omnia
943 2463 1059 2517 qua:
1098 2446 1243 2515 fecit,
1284 2443 1419 2496 bona
1457 2440 1607 2494 valde
1634 2438 1779 2507 fecit,

209 2546 367 2600 liberi
400 2545 609 2598 arbitrii
655 2557 865 2595 sensum
908 2540 1187 2608 unicuique
1219 2534 1387 2599 dedit,
1428 2549 1533 2603 qua
1578 2531 1781 2590 ratione

207 2639 371 2693 etiam
400 2638 557 2707 legem
580 2636 776 2705 judicii
809 2633 1002 2701 posuit.
1039 2630 1262 2684 Peccare
1292 2636 1527 2681 nostrum
1569 2632 1646 2677 est
1673 2639 1690 2676 :
1723 2631 1780 2675 ut

205 2741 385 2784 autem
427 2747 531 2784 non
575 2742 860 2797 peccemus,
895 2724 993 2778 Dei
1022 2724 1217 2777 donum
1247 2731 1345 2785 est,
1377 2734 1441 2773 ea:
1470 2735 1528 2771 eo
1554 2721 1689 2787 quod
1727 2716 1782 2768 in

207 2832 393 2876 nostra
429 2823 497 2875 sit
530 2821 751 2873 arbitrio
785 2818 1125 2871 constitutum
1154 2829 1389 2883 peccare,
1427 2810 1503 2864 vel
1534 2826 1633 2863 non
1663 2826 1781 2878 pec-

206 2932 349 2978 care,
382 2927 482 2968 etc.
510 2912 581 2966 Et
602 2921 737 2965 certe
765 2912 852 2981 qui
877 2909 1153 2971 voluerint,
1182 2904 1453 2958 observant
1488 2900 1777 2964 mandata;

208 3009 304 3078 qui
330 3023 447 3060 vero
477 3005 873 3073 contempserint
901 3012 949 3055 et
977 3002 1031 3053 in
1054 3013 1350 3069 perversum
1379 2994 1782 3059 declinaverint,

207 3100 324 3152 sine
345 3097 502 3149 dubio
529 3098 691 3164 legem
720 3095 915 3163 judicii
951 3094 1136 3160 ferent.
1165 3090 1532 3143 Romanarum
1564 3100 1781 3155 quoque
1810 3121 1851 3180 ο

206 3189 595 3259 antiquitatum
652 3186 878 3241 studiosi
938 3185 1091 3254 plura
1147 3183 1201 3235 in
1258 3180 1362 3234 hoc
1418 3193 1580 3247 opere
1634 3179 1785 3230 inve-

204 3286 365 3341 nient
409 3284 546 3338 scitu
590 3282 732 3337 haud
776 3281 1015 3350 indigna,
1072 3292 1302 3347 quorum
1330 3274 1585 3345 pleraque
1618 3286 1781 3340 supe-

202 3379 327 3433 rius
352 3376 897 3432 commemoravimus
936 3372 1050 3435 ubi,
1080 3372 1145 3424 de
1186 3368 1426 3438 ejusdem
1473 3366 1783 3420 sinceritate

203 3470 582 3526 tractavimus.
647 3468 885 3535 Denique
944 3465 1069 3518 hinc
1118 3462 1279 3516 etiam
1336 3459 1547 3513 discere
1587 3472 1781 3526 possu‘

205 3577 333 3616 mus
366 3575 652 3629 quousque
700 3556 933 3611 Romani
971 3553 1183 3624 imperii
1218 3551 1418 3607 limites
1455 3549 1779 3604 Parthorum

204 3669 304 3708 Seu
334 3653 623 3705 Persarum
673 3649 934 3703 ditionem
975 3662 1163 3702 versus
1192 3657 1321 3700 tunc
1366 3642 1624 3712 temporis
1654 3656 1780 3711 pro-

203 3745 588 3807 tenderentur;
612 3743 826 3811 aliaque
854 3739 1111 3793 nonnulla
1136 3738 1201 3793 de
1224 3738 1359 3791 locis
1389 3735 1441 3789 in
1464 3734 1777 3787 eorumdem

204 3836 495 3891 collimitio
516 3834 656 3899 sitis,
685 3835 859 3902 deque
889 3830 1262 3885 Romanorum
1294 3829 1523 3882 militum
1552 3840 1777 3879 numero

202 3932 300 4001 qui
334 3930 474 3998 apud
506 3928 709 3983 Carras
739 3935 915 3980 castra
951 3923 1240 3979 servabant
1273 3943 1285 3977 :
1317 3922 1380 3975 de
1404 3920 1489 3974 his
1522 3919 1665 3972 enim
1692 3932 1778 3970 re-

205 4023 311 4077 bus
340 4021 572 4092 sparsim
606 4020 784 4089 agitur
819 4018 872 4071 in
897 4017 1087 4087 primis
1115 4015 1356 4086 quinque
1384 4012 1653 4084 capitibus
1682 4010 1779 4063 hu-

194 4115 295 4184 jus
323 4113 523 4182 operis,
560 4127 624 4166 ac
666 4119 924 4180 praeterea
962 4108 1015 4162 in
1044 4107 1285 4178 ejusdem
1319 4120 1473 4174 capp.
1515 4102 1605 4167 52,
1636 4102 1703 4156 54
1724 4110 1778 4155 et

199 4205 294 4258 55.
330 4203 491 4256 Plura
528 4202 722 4256 eruditi
752 4204 892 4255 inter
914 4198 1197 4268 legendum
1223 4195 1608 4251 observabunt.
1636 4191 1775 4245 Hac-

200 4304 366 4349 tenus
396 4292 698 4362 Zacagnius
725 4307 776 4345 v.
807 4292 879 4348 cl.

274 4386 413 4442 XIV.
454 4386 531 4440 Ne
560 4399 739 4441 autem
771 4384 984 4438 muneri
1016 4391 1201 4438 nostro
1223 4381 1414 4435 deesse
1438 4378 1662 4433 omnino
1691 4378 1773 4431 vi-

1884 518 2114 573 Photius
2141 519 2212 587 (e)
2252 537 2266 573 :
2305 527 2363 573 ut
2396 529 2680 589 propterea
2712 520 2834 589 jure
2871 527 3065 588 arguat
3106 517 3455 574 doctissimus

1884 610 2221 665 Assemanus
2249 610 2337 680 (f)
2373 612 2741 677 statuendum,
2774 612 2827 665 in
2874 612 3035 666 unico
3075 610 3332 666 Actorum
3381 610 3466 665 lo-

1884 716 1949 756 co
1976 702 2050 771 (g)
2083 702 2431 756 librariorum
2464 704 2644 773 potius
2676 718 2862 759 errore
2891 702 3150 757 Charram
3189 705 3458 773 scriptum

1884 793 2075 859 fuisse,
2111 809 2275 863 quam
2307 794 2725 849 existimandum
2759 796 3075 850 mendosam
3107 811 3227 850 esse
3266 797 3456 850 lectio-

1885 903 2007 941 nem
2041 887 2277 941 Caschar
2326 888 2482 941 initio
2525 888 2839 943 eorumdem
2887 888 3168 953 Actorum,
3211 898 3265 944 et
3312 889 3455 961 apud

1883 980 2047 1034 modo
2099 982 2347 1036 laudatos
2404 992 2723 1051 prmstantes
2770 992 3039 1049 auctores,
3066 982 3453 1053 Epiphanium,

1886 1070 2169 1127 Socratem
2202 1079 2256 1128 et
2290 1072 2566 1127 Photinm.
2598 1074 2775 1143 Atque
2805 1076 2917 1129 haec
2938 1075 3098 1144 plane
3131 1075 3342 1130 diversa
3371 1087 3456 1131 est

1883 1179 1912 1217 a
1935 1165 2160 1219 Charris
2190 1165 2303 1219 sive
2336 1164 2539 1233 Haran,
2574 1165 2869 1235 provinciae
2908 1164 3214 1221 Osrhoenes
3237 1168 3455 1223 civitate

1831 1291 1843 1309 .
1882 1255 2048 1308 altera
2100 1255 2246 1308 haud
2296 1256 2484 1325 procul
2512 1258 2579 1310 ab
2610 1255 2884 1326 Euphrate
2906 1257 3080 1327 posita
3111 1274 3126 1309 :
3162 1273 3260 1312 nec
3298 1259 3456 1328 longe

1882 1346 2033 1401 abest
2062 1345 2334 1417 Babylone
2358 1356 2411 1402 et
2446 1347 2713 1415 Seleucia,
2747 1364 2854 1403 non
2880 1348 3159 1403 Amidensi
3188 1357 3458 1418 metropoo

1880 1436 1989 1492 lita:
2034 1438 2299 1507 subjecta,
2354 1438 2448 1493 sed
2501 1440 2746 1507 proxime
2798 1440 3449 1509 Seleuciensicatholico,

1882 1539 1940 1584 ut
1969 1538 2183 1585 constat
2226 1546 2290 1585 ex
2340 1530 2642 1585 Pontitlcali
2671 1531 3049 1587 Chaldmorum
3100 1534 3242 1603 apud
3287 1532 3445 1587 Mori-

1880 1637 2011 1675 num
2047 1622 2123 1694 (Ιι)
2171 1631 2225 1677 et
2255 1624 2617 1678 Assemanum
2650 1624 2748 1691 (i);
2778 1624 2867 1678 ubi
2892 1625 3133 1694 jubetur,
3174 1635 3232 1678 ut
3276 1627 3456 1680 statim

1882 1715 1946 1767 ab
1981 1716 2126 1768 obitu
2166 1717 2437 1781 catholici,
2492 1719 2739 1771 mittatur
2774 1718 2841 1771 ad
2873 1719 3169 1788 episcopum
3198 1718 3451 1783 Caschar,

1884 1808 1929 1862 si
1967 1807 2022 1861 in
2056 1808 2183 1861 vivis
2215 1818 2326 1871 est,
2379 1818 2556 1877 utpote
2599 1809 2885 1878 principem
2919 1810 3291 1880 primariumve
3320 1827 3456 1879 pra:-

1885 1900 2050 1953 sulem
2079 1899 2457 1969 patriarcltalis
2488 1901 2788 1969 provinciae,
2818 1901 2907 1969 qui
2932 1900 3200 1953 dexteram
3220 1904 3459 1970 patriar-

1840 1999 1856 2020 '
1885 1989 1996 2043 cita:
2020 1999 2176 2055 tenet,
2208 2001 2484 2059 custosque
2517 1991 2661 2043 illius
2695 1991 2830 2044 sedis
2866 2002 2942 2044 est
2960 2001 3077 2060 post
3097 1994 3212 2062 ejus
3233 1992 3450 2048 obitum.

1884 2079 2041 2145 Quod
2092 2082 2348 2135 nimirum
2400 2081 2799 2150 accipiendum,
2846 2097 2912 2137 ex
2944 2098 3055 2152 quo
3083 2084 3323 2139 Carchar
3354 2086 3455 2141 sub

1888 2172 2095 2243 Sapore
2128 2190 2252 2246 rege
2301 2175 2355 2228 in
2404 2174 2691 2230 Persarum
2724 2185 3044 2246 potestatem
3078 2177 3243 2233 venit.
3275 2177 3455 2233 Probo

1885 2268 2030 2321 enim
2055 2268 2351 2337 imperante
2376 2268 2635 2346 Romana:
2660 2271 2884 2326 ditionis
2917 2284 3054 2337 erat,
3079 2288 3187 2344 quo
3208 2281 3453 2343 tempore

1886 2358 2071 2413 Manes
2101 2375 2131 2415 e
2160 2358 2402 2416 Persidis
2438 2362 2638 2417 ﬁnibus
2671 2360 2903 2434 fugiens,
2962 2365 3015 2418 in
3051 2365 3451 2421 Cascharorum

1885 2466 2023 2523 pago
2046 2466 2205 2521 quem
2229 2452 2574 2509 Diodoridcm
2608 2456 2948 2525 appellabant
2971 2457 3070 2527 (j),
3096 2473 3451 2528 congressum

1885 2542 2035 2595 illum
2060 2543 2126 2597 de
2145 2544 2406 2615 religione
2439 2546 2627 2601 habuit
2655 2563 2779 2601 cum
2818 2548 3102 2603 Archelao.
3136 2546 3261 2605 Haec
3284 2549 3454 2607 ferme

1885 2626 2240 2697 Lequienius.

1956 2717 2127 2774 Porro
2156 2722 2401 2776 eamdem
2433 2726 2753 2778 sententiam
2780 2726 2845 2779 de
2868 2725 3230 2785 Cascharensi
3250 2728 3452 2785 Arche-

1885 2808 1953 2863 lai
1985 2812 2113 2866 sede
2143 2812 2387 2881 pluribus
2421 2830 2594 2885 nuper
2641 2817 3014 2885 comprobavit
3065 2834 3116 2873 v.
3158 2822 3231 2875 cl.
3266 2821 3456 2889 Augu-

1885 2898 2061 2953 Stinus
2094 2899 2364 2957 Antonius
2394 2904 2657 2976 Georgius
2679 2906 2904 2960 eremita
2939 2907 3368 2979 Augustinianus
3397 2911 3451 2963 in

1888 2992 2164 3056 praestanti
2196 3006 2359 3061 apere
2377 2994 2518 3063 quod
2549 2996 2892 3064 Alphabetnm
2923 2996 3231 3052 Tibetanum
3264 2999 3457 3055 inseri-

1887 3082 2023 3150 psit;
2058 3083 2147 3136 ubi
2173 3086 2358 3151 etiam,
2389 3087 2530 3155 quod
2566 3088 2641 3140 rei
2678 3098 2839 3167 cqput
2878 3098 2981 3154 est,
3013 3090 3274 3145 Actorum
3306 3091 3456 3160 ejus-

1886 3172 2009 3227 dem
2060 3175 2310 3229 Archelai
2359 3178 2724 3232 sinceritatem
2772 3180 3032 3234 adversus
3061 3178 3452 3235 Beausobrium

1885 3266 2187 3321 luculenter
2241 3268 2421 3333 evicit,
2473 3286 2626 3323 suam
2679 3271 2763 3325 his
2809 3272 2989 3325 verbis
3033 3270 3450 3341 disputationem

1883 3358 2217 3414 concludens
2244 3360 2315 3430 (Ir)
2352 3378 2364 3413 :
2397 3360 2683 3415 Teneamus
2706 3361 2949 3417 Caschar
2981 3364 3037 3416 in
3066 3363 3452 3435 Mesopotamia

1883 3450 2137 3521 Katltaja:
2163 3470 2180 3506 :
2207 3465 2256 3507 et
2301 3470 2417 3509 ecce
2454 3457 2741 3523 vinculum,
2767 3457 2894 3510 dum
2924 3459 3065 3513 datte
3102 3460 3225 3529 ﬁdei
3256 3476 3453 3514 memor

1880 3559 1990 3596 esse
2024 3543 2145 3597 velit
2201 3543 2577 3613 Beausobrius,
2631 3563 2735 3617 quo
2787 3559 2929 3603 arcte
2972 3552 3354 3621 constringitur
3382 3553 3450 3604 ad

1881 3635 2014 3688 Acta
2038 3638 2210 3690 sancti
2231 3638 2459 3708 episcopi
2492 3640 2735 3693 Archelai
2766 3650 3013 3711 tanquam
3036 3644 3270 3711 pretiosa
3297 3643 3451 3699 Chri-

1879 3729 2066 3782 stiana:
2116 3731 2451 3801 antiquitatis
2496 3743 2829 3787 monumenta
2878 3735 3279 3804 amplectenda;
3334 3753 3448 3805 (ματ

1881 3830 2055 3873 tamen
2078 3822 2239 3889 paulo
2267 3833 2387 3877 ante
2421 3823 2709 3879 lacerabat.
2748 3825 3016 3881 Nimirum
3040 3820 3111 3881 ad
3137 3843 3199 3881 ea
3231 3829 3453 3899 respicit

1879 3922 2086 3978 auctor,
2106 3929 2226 3982 qua:
2249 3914 2409 3969 habet
2426 3914 2790 3971 Beausobrins
2817 3918 2870 3970 in
2893 3917 3005 3973 haec
3024 3920 3186 3973 verba
3217 3918 3280 3989 (ι)
3303 3938 3315 3973 :
3335 3917 3449 3973 J‘ai

1879 4001 1995 4055 bien
2028 4006 2223 4071 prouvé
2245 4021 2343 4073 que
2377 4005 2429 4058 la
2469 4006 2676 4076 dispute
2705 4007 2792 4059 n’a
2826 4008 2972 4076 point
3007 4010 3088 4061 έιέ
3111 4026 3174 4061 en
3211 4008 3452 4076 Mesopo-

1879 4097 2060 4149 tamie.
2097 4098 2235 4151 Mais
2268 4098 2315 4151 si
2352 4115 2482 4151 nous
2522 4099 2577 4152 la
2606 4100 2819 4169 placons
2851 4101 2984 4153 dans
3014 4102 3061 4154 le
3094 4099 3446 4170 Turquestan,

1874 4186 1974 4240 elle
2010 4203 2207 4257 pourra
2245 4205 2298 4242 se
2337 4191 2591 4244 soutenir.
2617 4190 2755 4246 C’est
2789 4191 2841 4244 Ιὰ
2880 4208 2977 4261 que
3004 4192 3375 4261 l'hérésiarque
3395 4209 3450 4246 se

1877 4281 2053 4344 retire,
2079 4281 2224 4334 selon
2258 4282 2332 4335 les
2369 4281 2700 4347 Orientaux;
2743 4284 2870 4354 qu'il
2894 4300 2924 4353 y
2954 4301 2986 4336 a
3016 4299 3115 4337 une
3138 4283 3338 4338 Cascar
3357 4285 3447 4356 qui

1876 4374 2004 4427 n‘est
2032 4376 2178 4444 point
2203 4376 2431 4428 soumise
2462 4392 2569 4429 ana:
2601 4376 2808 4440 Perses,
2848 4388 2896 4430 et
2928 4378 2993 4430 ait
3023 4378 3062 4429 il
3086 4393 3281 4446 pourra
3303 4377 3444 4445 plai-

197 4479 453 4545 deamur,
489 4478 556 4532 iis
588 4475 1023 4547 qmeZacagnius
1056 4475 1163 4526 huc
1196 4487 1365 4541 usque
1387 4471 1520 4526 satis
1548 4470 1775 4539 diligen-
1806 4468 1849 4523 D
1877 4468 1970 4520 der
1998 4484 2058 4520 sa
2090 4483 2247 4520 cause
2284 4483 2346 4520 en
2383 4478 2522 4522 toute
2559 4469 2752 4523 stireté.
2796 4468 2929 4524 C‘est
2974 4470 3025 4523 ιά
3061 4470 3190 4538 qu‘il
3227 4486 3258 4539 y
3297 4487 3326 4521 a
3356 4471 3445 4523 des

194 4582 285 4628 ter
317 4571 626 4635 edisseruit,
659 4568 855 4623 addere
898 4567 1154 4621 nonnulla
1184 4575 1549 4635 opportunum
1580 4562 1772 4618 existi-

194 4680 438 4719 mamus.
486 4661 552 4716 Et
600 4663 835 4731 primum
883 4659 1100 4728 quidem
1162 4660 1228 4711 ad
1277 4658 1460 4712 sedem
1522 4655 1773 4709 Archelai

193 4754 563 4827 episc0palem
592 4753 738 4822 quod
769 4752 981 4815 attinet,
1031 4750 1085 4803 in
1111 4748 1272 4801 aliam
1305 4764 1334 4801 a
1367 4746 1620 4817 Zacagnii
1649 4762 1773 4802 sen-

192 4847 367 4904 tentia
402 4861 524 4901 cum
558 4844 854 4913 Lequienio
888 4858 940 4896 v.
970 4843 1037 4896 cl.
1071 4842 1222 4894 abire
1252 4840 1380 4893 libet
1402 4840 1499 4910 (a).
1536 4839 1773 4894 Cascha-

192 4955 387 4995 rorum
428 4938 594 5003 etaim,
645 4953 749 4991 non
797 4935 1150 5000 Charrarnm,
1202 4932 1458 4988 Ecclesiae
1490 4932 1773 5001 prmluisse

191 5031 546 5095 Archelaum,
601 5044 708 5083 non
756 5029 931 5082 solum
981 5028 1177 5081 docent
1217 5026 1351 5079 Acta
1383 5024 1769 5092 disputationis

191 5140 364 5194 quam
416 5131 637 5178 sanctus
684 5122 772 5176 ille
818 5121 1014 5191 praesul
1045 5119 1232 5173 habuit
1256 5134 1378 5171 cum
1417 5116 1627 5170 Manete
1659 5116 1765 5185 (b);

266 5324 347 5396 (a)
380 5323 475 5378 0r.
506 5324 658 5387 Clin,
691 5332 824 5376 tom.
857 5322 921 5386 ll,
957 5338 1115 5393 pagg.
1150 5320 1289 5375 1002
1316 5318 1547 5373 etl165.

267 5396 343 5466 (b)
377 5396 521 5466 θείη
556 5410 674 5462 cap.
717 5396 762 5446 Ι.

267 5462 340 5533 (c)
378 5464 517 5518 Haer.
556 5481 700 5528 LXVI,
732 5480 882 5517 num.
913 5464 946 5518 5
974 5471 1028 5517 et
1051 5462 1101 5515 7.

266 5533 345 5605 (ά)
381 5534 527 5587 Hist.
554 5534 678 5587 eccl.
714 5535 807 5605 lib.
841 5551 877 5595 ι,
911 5550 1028 5602 cap.
1057 5533 1147 5586 9.2.

288 5607 336 5660 ei
376 5605 493 5660 Lib.
527 5621 540 5657 ι
577 5606 697 5660 adv.
736 5603 968 5658 Manich.

288 5623 315 5658 e
376 5610 493 5660 Lib.
527 5621 540 5657 ι
577 5610 697 5660 adv.
736 5610 968 5658 Manich.

265 5610 343 5745 i2)
375 5675 514 5728 Bibl.
550 5676 737 5745 orient.
773 5684 901 5728 tom.
942 5673 982 5735 l,
1018 5689 1069 5741 p.
1104 5672 1226 5725 555.

265 5744 339 5816 (g)
370 5747 514 5809 Act.,
546 5760 664 5813 cap.
702 5744 755 5796 5.

472 5840 744 5899 Parnm.
769 5836 884 5894 Gn.
922 5837 1002 5897 Κ.

1875 4558 2167 4623 Chrétiens,
2213 4560 2301 4613 des
2336 4561 2567 4630 éréques,
2607 4561 2696 4629 qui
2742 4577 2804 4614 ne
2840 4570 3055 4629 peuvent
3096 4576 3346 4629 manquer
3382 4560 3445 4611 de

1871 4655 2079 4708 s'élever
2100 4664 2277 4707 contre
2300 4671 2367 4707 un
2395 4654 2676 4723 hérétique,
2698 4655 2787 4722 qui
2810 4654 3009 4707 detruit
3029 4652 3102 4705 les
3127 4653 3444 4720 principum:

1873 4746 2084 4800 articles
2123 4746 2186 4798 de
2225 4745 2280 4797 la
2327 4746 2401 4813 {oi
2450 4745 2859 4798 cbrétienne.....
2917 4743 2981 4796 Je
3019 4744 3102 4812 n‘y
3150 4742 3294 4796 avais
3348 4758 3442 4810 pas

1870 4841 2044 4909 pense.
2072 4837 2123 4891 Il
2159 4839 2275 4907 [aut
2311 4836 2530 4889 rétablir
2564 4846 2694 4889 cette
2720 4837 2927 4904 dispute
2955 4853 3052 4905 que
3082 4837 3183 4905 j‘ai
3218 4843 3329 4887 tant
3354 4844 3443 4887 at-

1872 4937 2071 5002 taquée.
2110 4933 2161 4985 Il
2195 4934 2280 5001 n’y
2321 4950 2352 4984 ιι
2384 4933 2502 5001 qu't‘z
2531 4931 2585 4983 la
2624 4928 2739 4981 bien
2770 4928 3058 4998 placer.....
3094 4926 3340 4980 Donnons
3371 4942 3440 4980 au

1869 5024 2063 5077 lecteur
2086 5024 2429 5092 l‘édiﬁcatioa
2452 5022 2516 5074 de
2541 5022 2652 5074 voir
2677 5021 2865 5089 qn‘une
2885 5020 3102 5071 liistoire
3122 5018 3169 5070 si
3194 5018 3443 5070 ancienne

1868 5128 1944 5169 est
1965 5115 2214 5170 eéritable
2257 5118 2388 5167 dans
2434 5115 2481 5166 le
2532 5115 2677 5182 fond.
2736 5112 3003 5166 Caeterum
3036 5125 3112 5165 eo
3148 5111 3265 5179 ipso
3294 5124 3439 5163 anno

1940 5311 2015 5381 (h)
2051 5311 2123 5363 De
2148 5326 2286 5364 sacr.
2322 5310 2493 5362 ordin.

1938 5389 1951 5444 (
1976 5386 2026 5450 ἱ)
2054 5381 2183 5435 Loc.
2212 5382 2305 5439 cit.

1938 5453 2024 5519 (i)
2058 5452 2200 5517 Act.,
2236 5466 2355 5519 cap.
2385 5450 2472 5503 59.

1938 5466 2024 5519 (ι)
2058 5466 2200 5517 Λρῑη
2236 5467 2296 5505 ca
2343 5492 2355 5502 .
2385 5466 2472 5503 ου.

1936 5522 2010 5592 (k)
2049 5521 2273 5592 Alphab.
2302 5466 2498 5592 [iibetq
2530 5536 2648 5591 pag.
2675 5519 2783 5592 56.3
2798 5518 2933 5592 edit.
2952 5516 3123 5592 ARom.
3157 5516 3315 5592 1762,
3343 5519 3396 5573 4.

1868 5589 2000 5718 19(ΑΙ)
2027 5589 2185 5716 ,ιέξι
2214 5593 2277 5645 de
2323 5590 2506 5644 Manes
2531 5589 2543 5591 ⁷
2563 5589 2614 5645 et
2656 5591 2726 5644 du
2758 5589 3017 5655 Manich.,
3048 5600 3159 5643 tom
3208 5590 3247 5656 Ι,
3275 5604 3433 5659 pagg.

3041 5797 3119 5884 ἀὲ
