3888 6504
443 309 584 370 Ml?

1293 304 1352 360 S.
1388 300 1801 358 ARCllELAUS
1839 299 2370 356 MESOPOTAMUE
2407 298 2802 358 EPISCOPUS.

3550 292 3684 346 ΝΞΟ

443 444 554 499 quo
593 423 771 496 prodit
794 421 1137 492 Alphabemm
1173 417 1503 482 Tibetanum,
1547 418 1629 470 vir
1663 418 1798 470 alter
1833 413 2084 479 crudi-1A
2118 429 2256 466 mus.
2291 411 2399 467 Nec
2429 413 2626 467 morari
2660 427 2760 467 nos
2795 411 2951 466 debet
2988 409 3328 482 parenthesis
3352 407 3640 478 longitudo
3675 426 3692 463 :

433 519 694 573 tissimus
741 511 1051 568 eorumdem
1105 508 1366 562 Actorum
1417 507 1778 578 integritatem
1826 515 2011 561 contra

445 607 728 680 praefatum
773 602 1159 657 Beausobrium
1209 609 1428 654 strenue
1463 612 1835 669 propugnasse
1865 611 2016 651 com-

447 697 654 768 peritur
679 695 776 760 (α),

517 785 632 839 XV.
675 784 808 838 lllud
856 791 1114 852 przeterea
1157 796 1279 834 cum
1321 779 1440 832 viro
1476 778 1638 833 docto
1669 777 2014 831 animadver-

449 888 565 932 tere
598 879 842 938 interest,
878 873 903 944 §
934 875 966 927 5
1001 874 1146 927 illius
1192 871 1477 940 fragmenti
1517 870 1774 924 Actorum
1830 870 2017 938 dispu-

450 970 675 1024 talionis
714 965 982 1026 Archelai,
1030 964 1172 1034 quod
1205 979 1269 1017 cx
1315 961 1499 1032 Cyrilli
1542 959 2017 1031 Hierosolymitani

448 1057 718 1113 catechesi
763 1073 815 1109 vi
867 1057 1212 1123 desumptum
1270 1053 1460 1106 iisdem
1518 1051 1661 1105 Actis
1709 1051 2016 1119 subjicitur,

449 1149 941 1219 Hierosolymitano
970 1147 1152 1216 potius
1187 1145 1440 1213 episcopo
1469 1158 1632 1213 quam
1659 1141 2016 1197 Cascliarensi

448 1259 569 1298 esse
602 1241 832 1296 fortasse
866 1239 1233 1294 tribuendum.
1263 1237 1352 1290 Sic
1378 1237 1520 1291 enim
1549 1237 1636 1290 ille
1662 1235 1732 1304 ιιι)
1765 1253 1778 1289 :
1811 1254 1828 1286 ι
1867 1233 2021 1288 Tatu-

450 1334 550 1388 etsi
601 1335 736 1397 lucc,
781 1333 977 1402 inquit,
1021 1332 1088 1385 ab
1135 1331 1291 1384 initio
1335 1327 1655 1401 paragraphi
1690 1327 1722 1380 5
1751 1342 1921 1396 usque
1953 1328 2019 1380 ad

451 1428 636 1487 linem,
661 1425 908 1479 Archelai
935 1424 1113 1478 verbis
1137 1422 1370 1494 Cyl-illus
1391 1420 1570 1474 dicere
1593 1419 1868 1483 videatur;
1896 1433 2018 1472 cum

451 1518 524 1571 ibi
579 1517 832 1585 subjiciat
874 1533 887 1562 ε
933 1514 1254 1584 llujusmodi
1300 1512 1522 1582 aliisque
1574 1510 1811 1580 pluribus
1864 1511 2020 1564 dictis

449 1609 777 1664 evertebatur
807 1608 1006 1660 draco:
1043 1606 1238 1660 talibus
1282 1604 1569 1658 Archelaus
1601 1603 1809 1658 Manent
1839 1603 2023 1670 conﬂi-

450 1697 770 1752 ctationibus
810 1697 1204 1766 prosternebat;
1245 1696 1388 1750 unde
1425 1694 1728 1764 Zacagnius
1765 1693 1879 1747 haec
1906 1708 2024 1747 om-

452 1792 542 1846 nia
573 1791 640 1845 ad
677 1792 880 1846 calcem
910 1789 1296 1860 disputationis
1325 1788 1573 1843 Archelai
1611 1796 1868 1857 tanquam
1899 1801 2024 1856 par-

453 1890 563 1936 tem
592 1883 711 1951 ejus
736 1897 918 1935 veram
948 1881 1192 1950 appinxit
1213 1863 1237 1934 λε
1273 1880 1628 1934 nihilominus
1669 1880 1724 1932 in
1769 1879 1872 1934 hoc
1904 1879 2025 1933 loco

453 1974 701 2029 Archelai
735 1974 894 2028 verba
931 1972 1203 2037 desinere,
1237 1980 1284 2024 et
1318 1979 1531 2032 caatera,
1585 1969 1652 2022 ab
1685 1969 1768 2024 his
1801 1968 1980 2023 verbis
2008 1987 2056 2022 :n

455 2065 514 2122 Si
546 2076 741 2130 autem,
768 2075 895 2128 etc.,
923 2079 1095 2134 usque
1128 2064 1195 2118 ad
1230 2063 1412 2126 tinem,
1447 2077 1476 2115 a
1507 2061 1710 2131 Cyr-illo
1737 2066 2025 2131 parenthe-

454 2161 531 2215 sis
580 2159 720 2221 vice,
774 2157 1024 2212 Archelai
1085 2155 1388 2210 rationibus
1445 2155 1653 2224 adjecta
1714 2168 2021 2208 censemus.

455 2251 658 2308 Saltem
703 2250 940 2305 dubitari
980 2265 1087 2304 non
1131 2255 1310 2318 potest
1359 2248 1490 2316 quin
1549 2247 1709 2301 verba
1750 2246 1921 2298 ταῦτα
1962 2244 2028 2298 τὰ

455 2344 729 2416 μυστήρια
760 2342 989 2396 inferius
1019 2339 1414 2410 posita,Cyrilli
1448 2339 1578 2405 sint,
1615 2354 1722 2392 non
1754 2337 2024 2403 Archelai,

455 2415 668 2489 duabus
721 2432 1026 2488 rationibus
1074 2448 1194 2502 qua:
1245 2447 1404 2486 omne
1454 2439 1715 2500 punctum
1773 2415 2056 2483 afferunt.‘

457 2527 519 2581 4°
555 2527 697 2580 enim
730 2525 826 2588 ait,
858 2525 1118 2596 mysteria
1147 2540 1268 2594 quae
1295 2522 1704 2578 nuncaudicnti
1729 2537 1758 2576 a
1781 2522 2030 2577 catechu-

455 2632 742 2672 menorum
784 2625 933 2671 sorte
976 2631 1197 2685 egresso
1246 2617 1483 2686 exponit,
1516 2615 1720 2668 licitum
1758 2629 1864 2668 non
1910 2628 2030 2669 esse

458 2707 754 2778 gentilibus
789 2707 1034 2776 aperire;
1070 2716 1232 2778 atque
1267 2708 1323 2761 in
1361 2707 1446 2761 his
1480 2706 1754 2778 mysteriis
1783 2705 2031 2760 nominat

457 2800 815 2856 sanctiSsimaa
845 2799 1128 2854 Trinitatis
1154 2799 1480 2854 doctrinam.
1514 2799 1674 2869 Atqui
1709 2807 1766 2852 ut
1799 2799 1910 2851 haec
1936 2813 2031 2866 ap-

460 2891 636 2960 prime
662 2891 994 2947 conveniunt
1021 2890 1208 2961 Cyrilli
1235 2889 1596 2956 auditoribus,
1627 2905 1657 2944 e
1687 2891 2031 2944 catechume-

459 2999 654 3039 norum
683 2992 826 3039 statu
857 2984 909 3037 in
940 2983 1178 3037 fidelium
1219 2997 1414 3037 nomen
1447 2998 1510 3037 ac
1537 2982 1761 3053 gradum
1794 2981 2029 3036 transla-

2056 1755 2098 1814 Β

2114 519 2238 555 nam
2291 503 2655 573 digressiones
2693 512 2748 558 et
2793 504 3155 572 parentlieses
3184 501 3466 571 longiores
3496 498 3699 569 Cyrillo

2119 609 2224 647 non
2254 595 2547 650 inusitatze.
2580 594 2700 648 Vid.
2731 596 2938 651 catech.
2975 611 3086 658 χιιι,
3133 593 3160 665 §
3198 594 3285 658 Η,
3321 595 3474 646 hom.
3511 592 3567 645 in
3595 591 3698 646 Pa-

2116 687 2242 751 ral.,
2276 684 2302 756 §
2329 685 2362 740 8
2385 703 2555 757 usque
2582 688 2647 741 ad
2682 687 2767 741 ii.
2793 686 3058 742 Praterea
3088 689 3168 740 hae
3200 685 3364 739 unius
3400 682 3700 752 Scriptura

2118 779 2223 832 laci
2276 780 2574 834 secundum
2618 781 2864 834 diversas
2920 780 3215 835 sententias
3272 777 3694 848 explicationes,

2117 869 2236 939 ejus
2264 881 2392 925 sunt
2417 873 2640 941 ingenii,
2677 882 2736 927 ut
2766 873 2950 926 videre
2977 883 3060 926 est
3086 871 3290 925 catech.
3326 885 3462 935 xvn,
3493 868 3556 940 ξς
3591 868 3624 922 9
3647 879 3699 922 et

2120 963 2207 1027 lt),
2239 963 2445 1018 catech.
2473 979 2590 1027 χιιι,
2627 964 2653 1035 §
2682 964 2772 1028 ‘21,
2821 973 2924 1018 etc.
2963 963 3188 1017 Demum
3227 978 3393 1032 quam
3425 973 3700 1031 postremo

2121 1057 2239 1109 loco
2276 1056 2440 1109 tradit
2471 1056 2632 1124 hujus
2678 1055 2781 1110 loci
2812 1055 3337 1123 interpretationem,
3371 1069 3578 1122 nempe
3623 1054 3702 1106 in-

2121 1149 2306 1200 tirmos
2335 1146 2526 1201 oculos
2577 1147 2864 1201 vel-italum
2913 1162 3050 1215 quas
3081 1160 3272 1214 capere
3306 1161 3413 1198 non
3448 1157 3700 1214 possunt,

2123 1238 2332 1307 fulgore
2361 1238 2611 1304 obtundi,
2639 1238 2950 1292 continetur
2981 1237 3032 1290 in
3063 1253 3126 1290 ea
3154 1237 3364 1290 ratione
3395 1252 3569 1306 quam
3592 1242 3708 1289 reti-

2121 1331 2257 1385 didit
2287 1330 2600 1385 Procatecli.
2640 1329 2785 1400 ἕω,
2831 1345 2931 1384 cur
2979 1327 3383 1384 catecliumeuis
3445 1329 3704 1398 mysteria

2121 1423 2401 1488 celentur;
2452 1422 2580 1491 quia
2626 1422 2876 1476 videlicet
2910 1431 3128 1474 noceret
3168 1420 3303 1489 ipsis
3349 1435 3537 1473 rerum
3571 1436 3706 1489 quas

2124 1514 2362 1568 nondum
2393 1529 2586 1583 capere
2620 1523 2869 1584 possunt,
2927 1511 3183 1582 cognitio.
3221 1530 3240 1563 ι
3297 1509 3584 1566 Hactenus
3631 1513 3708 1566 vir

2125 1607 2214 1660 ille
2246 1607 2462 1662 doctus.

2198 1699 2448 1754 Nostram
2500 1715 2663 1770 porro
2702 1699 2969 1769 ejusmodi
3003 1698 3261 1753 Actorum
3299 1696 3605 1752 editionem
3643 1699 3706 1750 ait

2127 1792 2274 1846 illam
2309 1793 2610 1862 exegimus,
2649 1807 2812 1861 quam
2860 1791 3046 1845 Romae
3097 1790 3336 1859 vulgavit
3381 1804 3532 1843 anno
3570 1790 3705 1844 {698

2128 1897 2180 1934 ι’.
2210 1883 2276 1937 cl.
2318 1883 2646 1939 Laurentius
2678 1882 2982 1937 Alexander
3009 1880 3310 1950 Zaeagnius
3351 1879 3405 1931 in
3437 1879 3710 1933 Collecte-

2127 1977 2236 2030 neis
2264 1985 2718 2029 monumentorum
2749 1985 2974 2028 veterum
3009 1974 3259 2028 Ecclesia:
3281 1975 3490 2029 (ἱνα-σω
3515 1990 3580 2026 ac
3606 1973 3712 2026 Lo-

2128 2069 2270 2121 time.
2303 2066 2429 2121 Suis
2464 2067 2600 2122 locis
2643 2067 2983 2122 restituimus
3011 2083 3133 2122 cum
3171 2068 3418 2122 addenda
3456 2068 3711 2137 prolego-

2127 2162 2322 2223 menis,
2352 2169 2465 2212 tum
2497 2159 2676 2214 varias
2719 2159 2772 2212 in
2805 2159 2996 2229 primis
3023 2159 3303 2221 lcetiones,
3340 2176 3487 2230 quas
3518 2160 3587 2213 ad
3627 2175 3712 2213 ca-

2126 2251 2236 2320 pita
2273 2250 2444 2305 51—55
2477 2250 2871 2320 Disputationis
2903 2251 3155 2304 Archelai
3199 2266 3325 2304 cum
3379 2251 3623 2315 Manete,
3651 2267 3709 2304 ex

2127 2343 2688 2413 Regio-Alexandrino
2712 2343 2900 2397 codice
2932 2343 3231 2410 descriptas
3261 2343 3328 2396 ad
3373 2359 3494 2397 sua:
3523 2343 3714 2396 editio-

2128 2437 2213 2490 nis
2247 2436 2449 2490 calcem
2479 2434 2666 2504 rejecit
2690 2435 2828 2489 idem
2855 2435 2936 2488 vir
2965 2434 3234 2499 eruditus,
3263 2434 3366 2487 bar;
3388 2434 3711 2504 prmtatiun.

2127 2528 2247 2582 cula
2280 2542 2413 2581 usus
2443 2524 2513 2596 (ε)
2551 2543 2565 2580 :
2613 2523 2744 2580 Cum
2789 2535 2907 2594 post
2952 2527 3170 2591 editam,
3216 2526 3419 2595 inquit,
3469 2527 3711 2581 Archelai

2127 2617 2539 2686 disputationem
2589 2615 2725 2668 inter
2783 2614 3368 2684 Regio-Alexandrinos
3434 2612 3710 2666 Vaticana

2129 2710 2450 2764 bibliotheca:
2472 2708 2672 2761 codices
2701 2708 3006 2775 reperissent
3032 2707 3393 2776 apographum
3425 2706 3704 2775 cujusdam

2127 2803 2316 2856 uetusti
2344 2801 2560 2863 codicis,
2599 2801 2688 2868 qui
2719 2798 2846 2852 olim
2877 2798 2945 2851 ad
2971 2799 3345 2851 monasterium
3371 2798 3559 2850 sancti
3592 2798 3703 2852 Sal-

2130 2894 2219 2958 vii,
2241 2892 2607 2946 Ambiancnsis
2639 2891 2862 2960 fortasse
2887 2889 3122 2959 episc0pi
3145 2899 3194 2942 et
3224 2891 3510 2958 martyris,
3544 2893 3701 2958 perti-

2130 2987 2274 3047 nuit;
2313 2993 2359 3038 et
2383 2985 2437 3037 in
2463 3000 2521 3037 eo
2547 2983 2722 3038 codice
2745 3000 2851 3036 una
2879 2999 2998 3035 cum
3035 2981 3206 3036 sancti
3232 2981 3532 3050 Augustini
3555 2983 3705 3037 Corn-

460 3076 558 3142 tis,
599 3075 808 3129 catech.
853 3091 907 3138 v,
958 3073 985 3145 §
1022 3075 1073 3142 1,
1124 3074 1322 3165 quibus
1374 3074 1689 3144 mysterium
1746 3072 2030 3129 Trinitatis
2056 3117 2099 3174 Ο
2133 3078 2410 3132 monitorio
2427 3077 2675 3132 adversus
2698 3077 3445 3146 Manichwos,interejusdem
3463 3077 3710 3146 epistolas

461 3168 674 3224 catech.
727 3185 778 3222 Iv
823 3156 1149 3238 planissime
1192 3180 1514 3240 aperuerat;
1568 3170 1640 3223 ita
1683 3185 1787 3221 non
1832 3183 2030 3223 come-

462 3261 621 3314 niunt
651 3258 871 3324 Maneti,
912 3259 1234 3330 qui,tlyrillo
1275 3269 1408 3316 teste
1438 3262 1643 3316 catech.
1675 3277 1747 3323 vi,
1784 3259 1811 3330 §
1844 3259 2032 3324 2!,ne-

463 3368 568 3421 que
589 3351 933 3406 Christianus
958 3367 1220 3418 unquam,
1246 3369 1418 3422 neque
1441 3354 1509 3408 ab
1534 3353 1769 3407 Ecclesia
1798 3352 2032 3422 rejectus

465 3444 661 3508 fuerat,
699 3444 898 3498 nedum
933 3445 1358 3499 catechumcnus
1389 3454 1483 3498 aut
1511 3445 2031 3500 calechumenorum

465 3534 690 3602 gradum
744 3550 1149 3603 supergressus,
1199 3543 1365 3606 atque
1394 3535 1466 3588 ita
1494 3533 1747 3590 Ecclesiae
1776 3536 1920 3589 lilius
1956 3535 2035 3588 fa-

465 3635 589 3681 ctus
617 3633 782 3690 esset,
812 3625 1157 3691 Procatech.,
1193 3626 1220 3697 §
1256 3627 1338 3680 15.
1369 3625 1502 3680 Nam
1531 3627 1951 3683 catechumenos
1978 3643 2036 3683 re

466 3733 594 3774 vera
621 3719 690 3772 ab
714 3716 957 3772 Ecclesia
987 3719 1138 3787 rejici
1173 3719 1367 3787 prohat
1395 3718 1635 3785 Lucifer,
1667 3721 1758 3790 qui
1806 3723 1860 3775 in
1898 3722 2036 3775 libro

468 3812 546 3866 De
578 3827 681 3866 non
701 3812 1071 3876 conveniendo,
1099 3822 1225 3878 etc.,
1249 3812 1630 3867 Constantium
1657 3814 2033 3883 imperatorem

467 3915 626 3962 vocat
666 3907 926 3961 hominem
956 3909 1190 3962 excisum
1226 3926 1253 3963 e
1291 3926 1504 3979 corpore
1532 3922 1729 3966 sanctte
1767 3912 2034 3968 Ecclesiw.

546 4017 564 4051 ι
591 3998 681 4051 Ait
705 3998 782 4058 2°.
811 4015 932 4068 quae
954 4016 1100 4055 nunc
1128 4001 1384 4071 mysteria
1413 4002 1532 4056 sine
1558 4002 1853 4059 involucris
1879 4021 2040 4075 expo-

469 4089 568 4155 nit,
600 4089 752 4144 nefas
780 4105 904 4144 esse
930 4105 1114 4144 coram
1156 4092 1448 4158 gentilibus
1494 4095 1763 4165 proloqui.
1793 4095 1954 4166 Atqui
1986 4097 2039 4150 in

471 4181 749 4249 gentilium
805 4180 1078 4234 auditorio
1132 4180 1453 4249 loquebatur
1507 4183 1829 4247 Archelaus,
1885 4193 1944 4238 ut
1973 4199 2041 4238 ex

471 4271 548 4340 §l
584 4270 870 4341 fragmenti
918 4270 1199 4341 Cyrilliani
1243 4273 1536 4342 colligitur.
1579 4275 1658 4329 Illi
1693 4275 1856 4346 igitur
1890 4277 2042 4329 aliin-

473 4371 626 4432 θεῖαι·
649 4363 1029 4416 contradicens
1050 4365 1246 4426 oratio,
1271 4380 1377 4433 qua
1405 4376 1556 4435 neget
1587 4382 1645 4420 se
1666 4383 1848 4420 coram
1871 4369 2045 4422 ethni-

2131 3170 2295 3231 edito,
2341 3169 2657 3222 haberentur
2684 3175 2900 3236 exerpta
2929 3168 3170 3236 quwdam
3196 3181 3259 3218 ea:
3293 3166 3449 3219 Actis
3474 3168 3711 3237 disputa-

2134 3262 2290 3315 tionis
2341 3259 2588 3314 Archelai
2633 3277 2666 3313 a
2711 3275 2827 3327 cap.
2855 3259 2917 3313 5|
2960 3275 3120 3328 usque
3157 3258 3225 3310 ad
3263 3274 3386 3326 cap.
3418 3259 3514 3324 55,
3552 3273 3713 3327 opera

2133 3356 2357 3423 pretium
2391 3353 2566 3408 censui
2595 3353 2770 3406 varias
2804 3367 2868 3404 ea:
2900 3351 3079 3404 eodem
3123 3351 3431 3420 apographo
3475 3353 3712 3404 lectiones

2133 3446 2304 3504 edere.
2339 3463 2456 3498 cum
2484 3447 2713 3514 ipsorum
2749 3460 2843 3513 ope
2869 3443 3110 3512 quasdam
3140 3443 3392 3495 Archelai
3424 3443 3550 3496 loca
3577 3445 3711 3497 resti-

2138 3547 2373 3591 tuantur.
2409 3535 2532 3591 Hzec
2557 3536 2664 3590 ille.
2692 3535 2968 3605 Ejusmodi
2999 3543 3178 3588 autem
3212 3535 3399 3589 varias
3427 3535 3706 3600 lectiones,

2139 3630 2282 3684 haud
2315 3646 2446 3685 sane
2477 3630 2923 3693 contemnendas,
2949 3628 3093 3682 aliud
3124 3643 3290 3698 agens
3325 3629 3596 3696 praeteriit
3619 3629 3710 3684 Fa-

2140 3724 2368 3784 bricius.
2400 3722 2484 3776 vir
2512 3731 2706 3777 caetera
2733 3721 2986 3792 diligens,
3031 3721 3084 3774 in
3122 3736 3223 3776 suo
3263 3718 3563 3792 Spicilegio
3607 3739 3717 3776 saa-

2140 3827 2342 3870 ctorum
2379 3814 2604 3868 Patrum
2647 3813 2828 3868 seculi
2868 3828 2949 3878 ιιι,
2990 3811 3224 3882 Operam
3261 3811 3710 3884 llippolyteorum

2142 3909 2350 3962 adnexo
2383 3927 2396 3961 :
2426 3915 2480 3960 at
2505 3907 2625 3961 illas
2647 3907 2779 3960 scite
2805 3906 3034 3960 intexuit
3063 3905 3284 3974 reliquis
3313 3905 3550 3960 editoris
3584 3905 3713 3959 notis

2142 3999 2489 4053 doctissimus
2527 4006 2717 4050 auctor
2748 3995 3109 4065 Supplementi
3137 3995 3205 4047 ad
3231 3996 3468 4048 concilia
3517 3994 3716 4049 Veneto-

2143 4088 2424 4143 Labbeana
2454 4088 2552 4158 (cl).
2589 4085 2855 4153 Prmterea
2907 4086 3267 4156 fragmentum
3320 4087 3712 4155 Disputationis

2144 4183 2391 4237 Archelai
2421 4197 2487 4236 ex
2518 4181 2701 4252 Cyrilli
2731 4179 3202 4251 llierosolymitani
3237 4182 3523 4235 cateehesi
3550 4195 3604 4234 γι
3631 4179 3713 4233 de-

2146 4284 2422 4343 sumptum
2466 4281 2627 4341 atque
2656 4273 2844 4327 iisdem
2885 4271 3034 4327 Actis
3081 4273 3182 4327 sub
3214 4272 3378 4325 linem
3423 4272 3713 4343 adjectum,

2147 4366 2477 4421 contulimus
2507 4381 2631 4419 cum
2681 4367 2977 4422 novissima
3005 4366 3240 4420 editione
3272 4363 3580 4421 εδει-ἰδίειιεί
3618 4363 3710 4417 BB.

473 4455 552 4509 cis
577 4453 744 4524 loqui,
769 4469 908 4523 quos
941 4465 1122 4508 tamen
1150 4455 1786 4526 disceptationisjudices
1815 4459 2040 4525 habeat;
2073 4451 2118 4508 D
2147 4457 2462 4529 Cyrilliana,
2494 4459 2911 4529 versionemque
2941 4459 3337 4520 recensuimus,
3371 4466 3426 4511 et
3458 4460 3533 4513 cl.
3562 4459 3716 4512 edito-

472 4546 812 4615 aﬂirmetque
863 4561 918 4600 se
961 4562 1023 4600 ea
1079 4547 1333 4616 mysteria
1387 4549 1678 4616 explicare,
1735 4548 1800 4602 de
1847 4551 2047 4618 quibus

475 4638 706 4708 qumstio
745 4638 894 4692 nulla
940 4649 1077 4693 erat.
1111 4638 1244 4693 Cum
1295 4639 1479 4708 itaque
1515 4641 1701 4707 verba,
1754 4640 1925 4694 ταῦτα
1977 4641 2045 4694 τὰ

479 4731 773 4802 μυστήρια,
802 4730 1102 4786 certissime
1138 4734 1246 4786 sint
1279 4732 1486 4803 Cyrilli,
1522 4748 1693 4802 eaque
1728 4749 1848 4786 eum
1882 4750 2043 4803 supe-

478 4823 717 4877 rioribus
761 4824 1066 4878 necessaria
1118 4827 1456 4878 connexione
1498 4825 1909 4887 devinciantur;
1955 4841 2047 4878 ne-

475 4913 719 4969 cessario
748 4914 1089 4984 parenthesis
1121 4915 1334 4968 initium
1371 4919 1422 4969 in
1460 4916 1564 4970 hoc
1598 4917 1718 4971 loco
1753 4917 2041 4971 collocavi-

552 5092 626 5162 (a)
653 5073 922 5153 'Travasa,
967 5091 1110 5148 Stor.
1137 5095 1258 5148 crit.
1284 5095 1416 5148 delle
1440 5096 1540 5149 vite
1569 5095 1707 5162 degli
1729 5111 1882 5162 eres.,
1911 5106 1948 5148 t.
1979 5095 2039 5156 V,

471 5161 616 5229 pag.
639 5161 743 5214 215
776 5171 828 5216 et
865 5179 1017 5230 seqq.

553 5232 629 5298 (ὁ)
667 5231 912 5301 Touttée,
946 5230 1080 5301 Opp.
1129 5231 1186 5288 S.
1227 5230 1409 5305 Cyrilli
1455 5231 1688 5300 llieros.,
1741 5249 1864 5306 pag.
1921 5234 2041 5298 105,

471 5310 594 5360 uel...
621 5305 720 5374 (τι).

2150 4551 2226 4605 ris
2258 4562 2414 4605 notas
2443 4551 2798 4620 subjecimus.
2849 4551 3146 4606 Nonnullae
3195 4551 3436 4620 denique
3468 4553 3718 4606 observa-

2149 4643 2346 4706 tiones,
2373 4645 2439 4697 ad
2470 4643 2728 4698 Actorum
2755 4652 2958 4698 textum
2989 4642 3330 4712 potissimum
3362 4645 3714 4712 pertinentes.

2149 4744 2309 4803 prout
2341 4749 2399 4788 se
2443 4736 2566 4789 tulit
2609 4735 2848 4800 occasio,
2881 4735 3224 4797 addidimus;
3266 4749 3331 4789 ea
3378 4735 3604 4803 quidem
3637 4748 3716 4786 ra-

2151 4824 2296 4876 tione
2330 4839 2493 4892 quam
2539 4825 2592 4877 in
2627 4824 2748 4878 aliis
2792 4835 3034 4878 veterum
3084 4822 3305 4876 Patrum
3350 4821 3715 4876 monumentis

2153 4915 2413 4969 hactenus
2447 4915 2712 4984 evulgatis
2747 4915 2949 4984 passim
2980 4914 3237 4968 adhibere
3269 4914 3681 4968 consuevimus.

2222 5091 2291 5162 (c)
2327 5090 2588 5162 Zacagnq
2612 5090 2829 5145 Collect.
2858 5098 3245 5162 manum._ret.,
3283 5095 3420 5162 tom.
3451 5086 3495 5152 1,
3523 5103 3576 5156 p.
3601 5085 3711 5162 ἴῳ,

2221 5157 2300 5235 (ά)
2333 5157 2525 5230 Mansi,
2553 5161 2817 5232 Supplem.
2856 5161 2925 5212 ad
2958 5158 3170 5223 concil.,
3207 5169 3341 5214 tom.
3374 5159 3419 5226 ι,
3439 5173 3598 5229 pagg.
3622 5157 3713 5211 HS

2155 5249 2306 5312 seqq.
