3888 6512
198 336 335 393 ιλιι

1400 342 1731 398 VETERUM
1771 344 2214 401 TESTIMONIA.

3322 350 3460 407 1422

1116 726 1427 817 VE'I‘E
1453 728 1693 815 RUM
1774 728 2521 821 TESTIMONIA

557 913 646 968 DE
680 914 737 970 S.
779 914 1127 970 ARCHELAI
1168 915 1475 972 EPISCOPI
1512 914 2021 972 DISPUTAT‘IONE
2059 916 2203 974 CUM
2244 918 2526 976 MANETE
2566 920 3104 977 HERESIARCHA.

629 1358 641 1370 .
671 1315 905 1387 Cyrillus
944 1317 1482 1387 Ilierosolymitanus,
1516 1318 1784 1375 Cateclies.
1812 1338 1884 1386 γι,
1920 1320 1945 1391 §
1977 1320 2070 1387 ‘27,
2102 1337 2222 1391 pag.
2260 1321 2529 1382 106,edit.
2576 1324 2689 1381 BB.
2736 1326 2913 1381 Paris.
2948 1328 3099 1383 1720.

271 1431 464 1501 Φεύγει
500 1432 565 1485 ἐκ
608 1433 707 1504 τῆς
738 1433 982 1505 φυλακῆς
1017 1434 1248 1505 (Μάνης)
1294 1435 1387 1488 καλ⁵
1428 1435 1644 1506 ἔρχεται
1691 1438 1772 1500 εἰς

1944 1436 2107 1507 Fugit
2140 1452 2170 1491 e
2199 1452 2418 1492 carcere
2449 1438 2680 1509 (Manes)
2710 1452 2763 1495 et
2794 1443 2845 1495 in
2873 1443 3314 1512 Mesopotamiam
3360 1463 3457 1503 ve-

190 1523 299 1593 τὴν
330 1523 783 1593 Μεσοποταμίαν·
811 1523 923 1576 ἀλλ’
955 1524 1169 1593 ἀπαντᾷ
1205 1523 1352 1593 αὐτῷ
1384 1525 1544 1577 ὅπλον
1571 1525 1779 1597 δικαιο-

194 1614 367 1685 σύνης
384 1615 458 1683 (l)
477 1616 760 1687 Ἀρχέλαος
778 1617 1093 1679 ἐπίσκοπος,
1116 1618 1208 1670 καὶ
1231 1618 1321 1669 ἐπὶ
1344 1616 1642 1685 φιλοσόφων
1672 1635 1788 1687 κρι-

190 1708 311 1759 τῶν
346 1707 585 1777 ἐλέγξας,
622 1710 983 1779 ἀκροατήριον
1019 1708 1327 1779 Ἑλληνικὸν
1354 1710 1782 1779 συστησάμενος,

195 1799 289 1851 ἴνα
325 1799 398 1869 μὴ
432 1800 769 1871 Χριστιανῶν
809 1801 1100 1872 κρινόντων
1131 1800 1360 1854 δοκῶσιν
1388 1804 1434 1854 οἱ
1463 1802 1649 1872 κριταὶ
1674 1817 1777 1870 χα-

196 1890 479 1963 ρίζεσθαι-
509 1892 670 1961 Λέγε,
706 1896 869 1964 φησὶν
914 1892 1225 1963 Ἀρχέλαος,
1263 1910 1315 1945 κ.
1347 1910 1395 1944 τ.
1428 1893 1476 1944 λ.

1884 1529 1964 1583 nit
1994 1546 2008 1583 :
2043 1544 2233 1583 verum
2257 1529 2469 1585 obstitit
2516 1531 2565 1586 ei
2610 1543 2823 1587 scutum
2857 1535 3083 1603 justitiae
3106 1575 3121 1603 ,
3157 1535 3459 1595 Archelaus

1883 1620 2192 1689 cpiscopus,
2230 1637 2464 1690 eumque
2494 1638 2677 1676 coram
2712 1624 3052 1695 philosophis
3073 1628 3348 1688 iudicibus
3377 1644 3460 1683 re-

1887 1711 2254 1780 prehendens,
2279 1713 2507 1767 collecto
2530 1715 2807 1781 gentilium
2835 1717 3129 1783 auditorio,
3151 1734 3217 1774 ne
3236 1720 3280 1773 si
3307 1720 3461 1774 Chri-

1888 1803 2050 1857 stiani
2082 1804 2294 1873 judiccs
2323 1814 2535 1868 essent,
2572 1802 2887 1862 viderentur
2928 1807 3161 1875 favisse,
3194 1811 3307 1880 Age
3338 1827 3461 1881 pro-

1888 1892 1989 1960 fer,
2026 1895 2099 1948 ait
2122 1896 2441 1962 Archelaus,
2481 1906 2609 1963 etc.,

730 2017 789 2060 ut
835 2006 979 2075 infra
1011 2006 1079 2058 ad
1124 2006 1318 2059 calcem
1345 2005 1757 2073 disputationis;
1787 2005 1975 2073 quibus
2001 2006 2282 2070 absolutis,
2305 2008 2488 2061 statim
2518 2007 2694 2061 subdit
2727 2007 2754 2079 §
2784 2008 2852 2062 30
2888 2026 2899 2062 :

270 2121 541 2185 Τοιούτοις
574 2123 666 2175 καὶ
705 2124 883 2187 ἄλλοις
926 2123 1165 2177 πλείοσιν
1201 2124 1527 2194 ἀνετρέπετο
1567 2125 1594 2175 6
1644 2124 1775 2195 δρά-

192 2231 347 2266 κων·
401 2214 674 2278 τοιαύταις
729 2215 1067 2285 συμπλοκαῖς
1127 2215 1495 2267 κατεπάλαισε
1552 2214 1628 2285 (2)
1684 2214 1775 2266 τὸν

195 2305 393 2375 Μάνην
417 2306 444 2357 ό
484 2305 789 2377 Ἀρχέλαος.
817 2306 1008 2375 Φεύγει
1038 2306 1195 2359 πάλιν
1232 2308 1324 2359 καὶ
1365 2304 1612 2359 ἐντεῦθεν
1650 2306 1678 2357 ό
1711 2306 1775 2356 ὲκ

193 2398 300 2467 τῆς
333 2398 575 2467 φυλακῆς
609 2399 792 2468 φυγών
813 2418 825 2429 ⁸
859 2401 952 2452 καὶ
992 2401 1081 2452 τὸν
1121 2399 1520 2469 ἀνταγωνιστὴν
1554 2396 1774 2469 διαδρά-

196 2506 320 2551 “agi
340 2490 554 2560 ἔρχεται
584 2491 673 2543 ὲ’πὶ
700 2490 892 2562 κώμην
926 2492 1335 2562 εὐτελεστάτην,
1360 2491 1497 2545 κατὰ
1523 2491 1612 2543 τὸν
1632 2491 1775 2559 ὅφιν,

193 2581 291 2635 τὸν
335 2585 389 2635 ὲν
436 2583 743 2654 παραδείσῳ
785 2584 1151 2637 καταλιπόντα
1196 2584 1283 2636 τὸν
1343 2582 1528 2651 Ἀδάμ,
1574 2582 1666 2634 καὶ
1711 2583 1775 2651 τῇ

195 2674 315 2745 Εὕα
348 2675 732 2745 προσελθόντα.
784 2676 921 2728 Ἀλλ’
961 2680 988 2729 6
1028 2677 1188 2739 καλὸς
1222 2675 1424 2746 ποιμὴν
1465 2672 1773 2745 Ἀρχέλαος,

1955 2122 2050 2179 liis
2076 2124 2305 2195 aliisque
2329 2125 2575 2195 pluribus
2601 2128 2942 2183 sermonibus
2964 2128 3309 2184 evertebatur
3336 2128 3454 2186 dra-

1884 2230 1970 2279 co,
2008 2216 2208 2270 talibus
2237 2217 2536 2273 Archelaus
2563 2217 3057 2273 conllictationibus
3083 2218 3292 2275 Manem
3325 2237 3453 2291 pro-

1885 2307 2096 2361 stravit.
2165 2306 2361 2361 lterum
2395 2317 2448 2363 et
2478 2308 2601 2363 inde
2626 2308 2795 2380 fugit,
2824 2312 2913 2379 qui
2946 2310 3012 2365 de
3045 2325 3263 2367 carcere
3292 2311 3453 2367 aufu-

1884 2406 2071 2467 gerat;
2108 2408 2161 2452 et
2186 2399 2407 2469 elapsus
2453 2401 2801 2463 adversario,
2842 2403 2990 2456 venit
3033 2403 3099 2456 ad
3128 2404 3454 2459 vilissimum

1885 2492 2173 2559 quemdam
2205 2509 2441 2562 pagum,
2494 2493 2559 2548 ad
2604 2495 2777 2549 instar
2809 2496 3097 2563 serpentis,
3124 2497 3241 2565 qui,
3268 2497 3456 2551 relicto

1885 2581 2057 2635 Adam
2102 2582 2157 2635 in
2204 2584 2495 2652 paradiso,
2533 2584 2600 2637 ad
2644 2584 2807 2639 Evam
2842 2586 3092 2640 accessit.
3152 2586 3255 2641 Sed
3279 2587 3458 2644 bonus

1887 2682 2074 2741 pastor
2104 2674 2405 2729 Archelaus
2431 2715 2445 2740 ,
2499 2675 2682 2729 ovium
2711 2676 2868 2730 saluti
2904 2678 3194 2745 providens
3218 2718 3232 2742 ,
3274 2678 3457 2733 audita

194 2766 308 2819 τῶν
342 2769 623 2839 προϐάτων
658 2768 919 2839 προνοῶν,
958 2769 1194 2833 ἀκούσας
1222 2768 1317 2839 τὴν
1348 2768 1544 2838 φυγὴν,
1573 2764 1773 2827 εύθὲως

1892 2762 2038 2834 fuga,
2069 2780 2237 2819 cursu
2268 2766 2452 2833 citato,
2485 2766 2552 2819 ad
2578 2767 2765 2837 lupum
2794 2769 3179 2837 requirendum
3215 2768 3456 2829 festinat.

191 2859 452 2930 δρομαῖος
485 2862 576 2915 ἐπὶ
607 2861 705 2929 τὴν
738 2861 829 2913 τοῦ
866 2861 1027 2914 λύκου
1074 2862 1321 2929 ἐπείγετο
1366 2861 1611 2931 ζήτησιν.
1658 2856 1778 2911 Μά-

192 2969 297 3020 νης
329 2952 403 3014 δὲ,
435 2952 557 3005 ἰδὼν
597 2953 855 3024 ἐξαίφνης
887 2954 975 3007 τὸν
1008 2954 1293 3017 ἀντίδικον,
1334 2952 1655 3022 ἐξεπήδησε,
1681 2948 1775 3001 καὶ

196 3042 422 3111 ἔφυγεν.

1792 3155 1857 3210 ll.

1884 2855 2071 2912 Manes
2102 2868 2286 2912 autem
2333 2861 2515 2915 statim
2564 2870 2725 2929 atque
2753 2862 3126 2917 adversarium
3151 2864 3457 2934 conspexit,

1886 2948 2094 3003 exsiliit
2126 2950 2273 3016 inde,
2308 2960 2471 3021 atque
2499 2951 2727 3022 aufugit.

1369 3254 1431 3309 S.
1473 3253 1822 3325 Epiphanius,
1861 3249 2006 3306 "ter.
2037 3268 2181 3318 LXVI,
2215 3252 2241 3324 ᾗ
2274 3254 2325 3307 7.

268 3352 591 3424 Συμόἐόηκε
631 3353 739 3425 γὰρ
780 3354 1063 3425 Ἀρχέλαον
1088 3354 1177 3406 τὸν
1208 3352 1305 3424 τῆς
1333 3353 1535 3416 πόλεως
1558 3351 1779 3404 ἐπίσκο-

196 3460 301 3498 πον
333 3445 511 3497 οἴκαδε
546 3445 663 3516 ἅμα
686 3445 834 3515 αὐτῷ
868 3448 1102 3498 συνεῖναι
1135 3447 1255 3499 κατ’
1284 3444 1496 3513 εκείνην
1521 3443 1617 3515 τὴν
1646 3443 1779 3514 ὴμέ-

199 3552 328 3607 ραν,
370 3538 425 3589 ὲν
534 3537 632 3608 τὴν
675 3537 959 3609 ἐπιστολὴν
1006 3536 1093 3589 τοί
1142 3536 1440 3605 Μανιχαῐου
1488 3536 1625 3607 μετά
1669 3539 1779 3606 χεῖ-

197 3650 303 3705 ρας
348 3633 567 3703 εἴληφεν
608 3635 636 3685 6
678 3632 770 3687 τοῦ
815 3631 950 3686 Θεοῦ
996 3633 1201 3697 δοῦλος.
1251 3634 1309 3686 '0
1356 3631 1411 3684 δὲ
1465 3629 1771 3701 Ἀρχέλαος»

193 3724 361 3793 γνοὺς
407 3726 507 3795 τὴν
559 3726 773 3791 αἰτίαν,
831 3726 929 3778 καὶ
976 3726 1074 3796 τὴν
1140 3723 1426 3793 ἐπιστολὴν
1485 3724 1771 3791 ἀναγνοὺς,

193 3816 397 3887 ἔϐρυκε
438 3819 564 3881 τοὺς
609 3818 843 3881 ὀδόντας,
891 3816 1078 3888 ῶσπερ
1122 3815 1258 3869 λέων
1299 3815 1631 3887 ὡρυόμενος,
1680 3814 1774 3866 καὶ

195 3909 360 3980 ζῆλον
392 3909 524 3962 Θεοῦ
553 3909 833 3964 ἀναλαϐὼν
869 3911 1125 3980 ἐπειρᾶτο
1158 3908 1397 3979 ὁρμῆσαι
1435 3908 1632 3979 μᾶλλον
1671 3908 1775 3970 ἕως

194 4001 386 4065 αὑτοῦ,
418 4002 510 4055 καὶ
535 4002 898 4073 χειρώσασθαι
918 4003 1009 4054 τὸν
1039 4001 1274 4053 τοιοῦτον
1314 4002 1389 4064 ὡς
1424 4000 1676 4054 ὲπίλυτον
1712 4002 1777 4052 ὲκ

196 4092 513 4164 βαρϐάρων,
557 4094 681 4146 ὅθεν
724 4094 819 4147 καὶ
862 4094 1105 4165 ὡρμᾶτο,
1152 4092 1289 4163 πρὸς
1322 4093 1623 4163 ἀφανισμὸν
1671 4094 1779 4146 τῶν

196 4184 333 4237 υίῶν
363 4183 472 4237 τῶν
504 4182 805 4254 ἀνθρώπων
836 4184 1237 4237 ἐπαναστάντα.

1959 3348 2037 3402 Ac
2063 3357 2177 3403 tum
2216 3348 2351 3405 forte
2381 3350 2638 3421 contigit,
2682 3358 2739 3406 ut
2765 3350 2951 3407 eodem
2988 3351 3072 3407 die
3101 3366 3210 3422 quo
3245 3352 3391 3407 illam
3424 3368 3456 3407 a

1884 3438 2185 3497 Manichteo
2213 3443 2493 3513 epistolam
2524 3443 2618 3499 Dei
2648 3458 2838 3499 servus
2870 3443 3111 3513 accepit,
3158 3443 3458 3499 Archelaus

1885 3533 2038 3589 urbis
2086 3534 2377 3604 episcopus
2426 3551 2533 3589 una
2574 3552 2698 3591 cum
2751 3536 2842 3590 illo
2867 3536 3013 3591 domi
3042 3546 3203 3592 esset.
3265 3536 3369 3603 Qui
3400 3552 3458 3591 re

1884 3626 2034 3679 omni
2068 3638 2348 3696 perspecta
2379 3626 2633 3681 dentibus
2666 3626 2936 3694 fremens,
2986 3629 3249 3699 rugientis
3284 3629 3456 3682 leonis

1883 3715 2080 3783 instar,
2112 3730 2175 3769 ac
2200 3716 2386 3771 divino
2418 3716 2655 3787 quodam
2679 3718 2873 3773 ardore
2898 3719 3157 3789 percitus,
3198 3720 3263 3773 ad
3284 3718 3458 3773 Mani-

1882 3808 2092 3863 chazum
2138 3808 2321 3878 potius
2363 3808 2635 3879 proﬁcisci
2679 3810 2959 3879 cupiebat,
3012 3810 3398 3879 hominemque
3425 3825 3457 3864 e

1884 3901 2151 3965 barbaris,
2180 3901 2323 3955 unde
2348 3900 2394 3957 is
2424 3910 2578 3956 ortus
2606 3911 2741 3965 erat,
2773 3902 3166 3968 advenientem,
3189 3911 3243 3957 et
3263 3902 3331 3958 ad
3354 3902 3457 3956 hu-

1886 3997 2035 4051 mani
2070 3997 2285 4067 generis
2313 3996 2607 4067 pernicicm
2638 3996 3008 4067 insurgentem
3042 4009 3256 4067 capere.

1621 4273 1949 4338 Idem,ibid.,
1979 4270 2006 4338 §
2031 4266 2084 4323 8.

1621 4273 1773 4330 Idem

278 4366 339 4424 '0
372 4370 427 4422 δὲ
467 4370 761 4431 ἐπίσκοπος
800 4368 1105 4438 Ἀρχέλαος,
1147 4366 1283 4435 ἔχων
1323 4366 1380 4419 ὲν
1410 4365 1584 4436 ἑαυτῷ
1635 4366 1771 4435 μετά

1892 4276 1949 4338 t.,
2031 4270 2084 4323 8.
3400 4273 3409 4278 ’

1944 4270 2015 4417 A§t
2047 4358 2347 4415 Archelaus
2372 4357 2683 4430 episcopus,
2710 4369 2904 4429 praeter
2935 4359 3240 4415 doctrinam
3262 4402 3277 4425 ,
3327 4358 3451 4415 ﬁdei

190 4457 288 4513 τὸν
328 4458 481 4527 λόγον
513 4460 607 4512 καὶ
631 4457 690 4512 τὸ
711 4459 1004 4529 ζηλωτικὸν
1026 4458 1123 4527 τῆς
1159 4457 1412 4520 πίστεως,
1437 4455 1770 4520 ἐϐουλεύετο,

196 4552 249 4604 εἰ
292 4546 359 4622 ἦν
391 4550 631 4615 δυνατὸν,
682 4551 741 4614 ἐξ
781 4551 946 4619 αὐτῆς
983 4550 1072 4601 τὸν
1116 4548 1302 4618 ἄνδρα,
1340 4548 1527 4618 ῶσπερ
1569 4548 1775 4619 πάρδα-

194 4642 304 4707 λιν,
346 4641 377 4714 ἢ
425 4642 606 4705 λύκον,
656 4643 689 4713 ἡ
738 4660 788 4695 τι
842 4641 1025 4711 ἕτερον
1068 4638 1176 4691 τῶν
1223 4638 1426 4709 Θηρίων
1476 4638 1770 4709 ὰγρεύσας,

193 4735 414 4805 θανάτῳ
449 4734 799 4805 παραδοῦναι,
838 4734 923 4785 ἴνα
961 4731 1033 4803 μὴ
1073 4731 1317 4801 λυμανθῇ
1351 4730 1419 4783 τὰ
1460 4730 1768 4802 θρέμματα,

188 4827 439 4881 τοιούτου
464 4826 629 4901 θηρὸς
652 4829 735 4896 ἐφ’
762 4824 881 4879 ὁδοῦ
906 4825 1003 4893 τὴν
1037 4824 1237 4876 εἴσοδον
1263 4822 1560 4875 κατανοῶν.

1882 4456 2101 4522 insuper
2124 4452 2320 4506 ardore
2350 4450 2632 4522 praeditus,
2657 4461 2845 4505 auctor
2870 4460 2987 4507 erat
3032 4452 3163 4514 ut,si
3190 4452 3300 4506 lieri
3326 4466 3453 4521 pos-

1882 4558 1984 4612 set,
2033 4546 2197 4599 homo
2223 4544 2313 4597 ille
2347 4543 2499 4613 pardi
2534 4544 2709 4598 instar
2751 4559 2816 4599 ac
2846 4544 2957 4613 lupi
2992 4543 3074 4598 vel
3101 4543 3342 4613 cujusvis
3373 4545 3445 4598 al—

1882 4638 2051 4692 terius
2079 4635 2268 4689 bestia:
2290 4634 2642 4703 interceptus,
2667 4634 2826 4687 morti
2863 4634 3185 4700 traderetur,
3212 4648 3279 4687 ne
3307 4633 3450 4701 ejus-

1880 4727 2029 4783 modi
2062 4724 2187 4780 l‘erae
2218 4724 2533 4779 incursione
2561 4739 2756 4792 pecora
2780 4724 3126 4789 laederentur,
3150 4738 3273 4778 cum
3304 4723 3449 4777 illius

1880 4822 2189 4891 ingressum
2217 4826 2586 4887 cognosceret.

1595 4955 1980 5027 Idem,ibid.,§
2021 4954 2107 5007 to.

276 5051 367 5117 Ὠς
388 5053 445 5106 δὲ
476 5055 645 5107 ταῦτα
686 5051 754 5124 ἦν
786 5054 978 5117 οὕτως,
1009 5056 1100 5106 καὶ
1126 5056 1183 5106 ὲν
1215 5053 1513 5124 καταλήψει
1547 5054 1773 5123 γεγένη-

187 5162 282 5197 ται
323 5146 423 5198 ὑπὸ
456 5145 547 5198 τοῦ
587 5146 874 5216 Ἀρχελάου
909 5147 986 5208 είς
1024 5145 1123 5215 τὴν
1156 5144 1438 5215 ἀντιὸολὴν
1477 5143 1571 5196 τοῦ
1607 5143 1772 5214 ζητή-

194 5254 387 5306 ματος,
417 5237 761 5307 ἑτοιμότατος
796 5236 1054 5305 ὑπάρχων
1097 5234 1185 5288 διὰ
1218 5236 1318 5305 τὴν
1353 5235 1486 5306 πρὸς
1514 5234 1647 5287 Θεὸν
1675 5250 1773 5287 πο-

189 5327 502 5381 λυποίκιλον
527 5328 725 5397 γνῶσιν
756 5328 847 5380 τοῦ
878 5328 1086 5398 ἀνδρὸς,
1123 5326 1215 5379 καὶ
1242 5326 1309 5378 δι’
1338 5325 1403 5395 ἢν
1432 5324 1770 5395 προεντεθεί-

188 5434 343 5472 κειτο
574 5417 667 5471 τοῦ
698 5417 981 5487 Τύρϐωνος
1023 5416 1263 5487 ἀκριϐῶς
1303 5414 1637 5485 μεμαθηκὼς
1670 5416 1768 5484 τῆς

265 5576 343 5644 (Ι)
386 5576 617 5630 Ὄπλον
646 5576 762 5629 δικ.
820 5575 876 5628 1η
907 5575 1066 5629 editis
1093 5574 1239 5643 ὅπλῳ
1271 5572 1375 5644 δικ.
1410 5590 1447 5644 ξ(
1482 5573 1648 5644 armis
1673 5573 1765 5644 ju-

188 5640 377 5702 s’titiae.
425 5665 443 5697 ι
487 5646 740 5704 Legimus
782 5645 942 5698 ὅπλον
992 5646 1043 5698 in
1098 5640 1231 5698 mss.
1278 5642 1444 5696 Coisl.
1483 5640 1629 5704 Roe,
1658 5640 1763 5698 Ca-

190 5717 354 5769 saub.
386 5715 546 5770 Petro
564 5711 671 5771 Sic.
700 5717 862 5770 Grod.
889 5718 981 5783 qui
1006 5718 1165 5768 vertit
1199 5732 1216 5764 ι
1242 5711 1712 5779 scutumjustitiae.
1738 5733 1755 5761 ι

190 5785 433 5841 Omnino
474 5803 541 5841 ex
583 5788 721 5859 stylo
769 5784 974 5852 Cyrilli.
1035 5783 1169 5840 Vide
1213 5783 1434 5840 Catech.
1479 5798 1549 5847 Il,
1584 5799 1637 5837 ιι.
1673 5783 1759 5835 15.

1956 5049 2082 5104 Haec
2108 5049 2271 5118 igitur
2301 5062 2424 5101 cum
2452 5047 2523 5100 ita
2550 5061 2608 5101 se
2631 5045 2911 5109 haberent,
2950 5054 3003 5100 et
3028 5045 3325 5101 Archelaus
3351 5060 3447 5115 pe-

1880 5142 2029 5196 nitus
2056 5138 2240 5193 omnia
2280 5145 2595 5207 cognosset,
2636 5145 2697 5191 ut
2729 5136 2793 5190 de
2819 5137 3119 5206 quaestione
3148 5136 3237 5190 illa
3263 5136 3450 5205 dispu-

1881 5241 1995 5285 tare
2044 5240 2265 5299 posset;
2304 5242 2537 5296 cumque
2582 5226 2649 5281 ad
2694 5227 2747 5281 id
2789 5236 2933 5283 esset
2968 5227 3444 5289 instructissimus,

1879 5322 2076 5391 partim
2104 5319 2248 5389 quod
2275 5334 2305 5371 a
2331 5318 2616 5386 multiplici
2665 5317 2971 5373 divinarum
3002 5332 3186 5372 rerum
3218 5316 3447 5371 scientia

1879 5410 2260 5481 paratissimus
2280 5416 2415 5473 erat,
2434 5409 2630 5479 partim
2655 5408 2799 5478 quod
2828 5413 2867 5461 a'
2886 5406 3137 5477 Tyrboue
3155 5406 3448 5476 perdoctus

1874 5569 2085 5625 Tourr.

1943 5638 2018 5710 (2)
2062 5636 2473 5710 ιςατεπὰλαισε
2498 5653 2565 5710 ex
2583 5636 2775 5710 Coisl,_,
2794 5635 2997 5710 Ottob.,
3018 5632 3163 5710 _Roe,
3183 5631 3445 5701 Casaub.,

1871 5703 2037 5767 Grod.
2074 5708 2218 5765 Edit't
2253 5718 2308 5763 et
2334 5708 2514 5763 caeteri
2544 5706 2893 5762 κατεπάλαιε.
2932 5703 3027 5759 In.‘
