3888 6486
488 291 628 347 1425

1324 292 1380 348 8.
1417 291 1838 349 ARCHELAUS
1873 291 2388 350 MESOPOTAMME
2426 295 2820 353 EPISCOPUS.

3621 301 3750 356 ιιει

489 417 617 461 ante
652 404 866 473 fuerat,
912 416 966 461 et
1008 421 1197 460 omnes
1242 405 1434 460 nefarii
1491 406 1727 459 hominis
1761 406 2063 474 prmstigias

2168 407 2294 477 περὶ
2343 407 2432 460 τὸν
2465 407 2632 479 ἄνδρα
2665 409 2920 480 γοητείας
2960 412 3029 464 τὰ
3074 412 3272 478 πάντα,
3320 411 3434 466 ξδοῦ
3487 413 3519 466 ό
3561 415 3747 484 Μάνης

489 500 744 552 accurate
812 498 1074 553 didicerat
1107 491 1307 564 {ecce
1358 513 1481 553 cum
1532 514 1756 552 suorum
1803 499 2062 552 comitatu

487 587 677 644 Manes
727 587 976 643 accessit.
1034 587 1214 654 Quare
1260 586 1527 652 subinde,
1584 587 1729 639 nulla
1783 586 2063 654 interjecta

488 696 677 747 mora,
727 681 1000 750 publicam
1049 681 1393 735 collationem
1448 678 1740 733 instituunt
1778 678 1832 730 in
1865 675 2064 746 oppido

490 771 612 838 ipso
640 771 914 826 Caschara
937 811 952 836 ,
1003 781 1060 825 ut
1089 782 1216 824 ante
1246 771 1431 825 omnia
1454 769 1882 823 controversiam
1915 768 2060 820 illam

489 863 777 932 agitarent.
834 863 914 916 Ad
943 864 995 917 id
1027 880 1156 917 vero
1187 863 1611 918 concertationis
1661 862 1894 916 arbitros
1923 859 2062 914 deli-

490 964 643 1022 gunt,
677 953 974 1024 Marsipum
1009 955 1300 1022 quemdam
1322 997 1336 1020 ,
1367 963 1421 1008 et
1453 953 1763 1016 Claudium,
1796 961 1847 1005 et
1877 950 2062 1018 ngia-

483 1047 631 1101 leum
659 1084 674 1109 ,
726 1053 780 1098 et
806 1043 1126 1100 Cleobulum
1153 1087 1167 1112 ,
1212 1060 1444 1114 quorum
1474 1044 1684 1113 primus
1714 1043 1946 1097 ethnica:
1972 1058 2060 1096 sa-

481 1139 737 1210 pientiae,
801 1138 1076 1192 secundus
1137 1138 1416 1192 medicina:
1486 1135 1804 1208 professor,
1869 1136 2059 1190 tertius

483 1231 894 1301 grammaticus,
929 1241 1236 1299 postremus
1265 1239 1378 1283 erat
1404 1228 1673 1296 sophista.
1719 1226 1882 1279 Multa
1915 1227 1968 1280 in
1994 1241 2058 1281 ea

480 1321 850 1391 disputatione
903 1322 1045 1375 ultro
1078 1324 1324 1390 citroque
1350 1321 1552 1390 jactata
1579 1328 1739 1384 sunt;
1775 1334 1897 1373 eum
1933 1318 2060 1372 hinc

479 1414 667 1470 Manes
695 1414 907 1470 fabulas
938 1431 1066 1470 suas
1091 1413 1571 1484 pmponeret,inde
1593 1411 1912 1475 Archelaus,
1941 1411 2058 1466 vel-

480 1514 541 1560 ut
593 1506 843 1576 egregius
877 1506 1052 1572 miles,
1090 1504 1388 1560 adversarii
1428 1505 1535 1560 tela
1561 1503 1614 1558 vi
1642 1519 1740 1559 sua
1765 1519 1830 1559 ac
1858 1504 2058 1559 virtute

478 1599 798 1654 discuteret.
853 1597 1139 1653 Postremo
1167 1598 1344 1652 vietus
1369 1605 1451 1652 est
1483 1596 1691 1664 Manes,
1722 1613 1786 1652 ac
1820 1597 1888 1653 de
1915 1596 2057 1666 judi-

479 1708 606 1748 cum
637 1693 907 1749 sententia
947 1691 1161 1744 veritati
1185 1689 1372 1745 cessit.

2167 500 2506 570 παρεγένετο
2550 501 2667 572 μεθ’
2709 498 2785 558 ὧν
2832 499 2944 572 εἶχε
2985 502 3103 573 μεθ’
3146 504 3342 558 ἑαυτοῦ
3387 503 3637 577 ἀνδρῶν.
3672 509 3751 573 Ἐξ

2165 591 2334 662 αὐτῆς
2360 589 2452 644 οὖν
2481 594 2576 647 καὶ
2608 593 2770 658 εὐθὺς
2810 597 3174 669 παρέρχονται
3211 599 3290 662 εἰς
3324 597 3637 668 συξήτησιν
3667 599 3748 670 δη..

2168 683 2328 754 post;
2354 686 2410 736 ἐν
2437 685 2572 756 αὐτῇ
2608 689 2674 756 τῇ
2716 687 3007 759 Κασχάρῃ,
3051 688 3312 760 πρότερον
3347 692 3430 752 εις
3453 689 3558 759 τὴν
3580 689 3748 742 αὐτῶν

2163 773 2444 844 ἀντιϐολὴν
2486 774 2579 826 τοῦ
2615 774 2927 847 ζητήματος
2957 779 3314 848 αἱρησάμενοι
3355 778 3501 848 ὁμοῦ
3539 782 3747 849 κριτὰς,

2163 862 2452 932 Μάρσιπόν
2501 881 2620 916 τινα
2662 865 2906 935 ὀνόματι,
2943 867 3038 919 καὶ
3065 867 3378 932 -Κλαύδιον,
3428 871 3526 921 καὶ
3567 871 3749 937 Αίτῑ²’

2162 952 2278 1017 λέα,
2319 955 2411 1008 καὶ
2455 955 2807 1022 Κλεόϐουλον,
2844 958 2934 1010 τὸν
2977 959 3074 1028 μὲν
3107 959 3214 1011 τῶν
3256 961 3417 1022 ἐκτὸς
3453 961 3637 1028 λόγων
3670 981 3748 1031 φι-

2160 1043 2386 1114 λόσοφον
2409 1087 2422 1112 ,
2458 1047 2548 1100 τὸν
2585 1047 2641 1100 δὲ
2684 1049 3116 1120 ίατροσοφιστὴν,
3151 1051 3241 1102 τὸν
3271 1051 3327 1104 δὲ
3367 1053 3535 1120 φύσει
3574 1070 3746 1122 γραμ-

2163 1138 2412 1207 ματικὸν,
2453 1139 2546 1192 καὶ
2578 1140 2669 1194 τὸν
2710 1139 2868 1194 ἄλλον
2912 1141 3193 1211 σοφιστήν.
3243 1143 3352 1194 Καὶ
3392 1143 3617 1194 πολλῶν
3660 1148 3745 1214 pr,

2163 1229 2347 1300 μάτων
2381 1231 2687 1302 εἰρημένων
2724 1231 2782 1298 ἐξ
2835 1233 3111 1306 ἑκατέρων
3157 1231 3265 1287 τῶν
3312 1234 3522 1306 μερῶν,
3563 1236 3662 1288 τοῦ
3693 1255 3743 1289 τε

2158 1322 2316 1394 Μάνη
2345 1322 2414 1376 τὰ
2451 1323 2551 1394 τῆς
2590 1323 2870 1394 μυθώδους
2901 1325 3246 1389 διδασκαλίας
3278 1326 3740 1397 προϐαλλομένου,

2158 1412 2250 1464 καὶ
2296 1410 2388 1465 τοῦ
2448 1413 2770 1484 Ἀρχελάου,
2819 1413 3007 1486 ῶσπερ
3049 1415 3427 1486 ἀριστεύοντος
3487 1417 3741 1478 ὁπλίτου,

2157 1505 2251 1558 καὶ
2281 1507 2348 1576 τῇ
2379 1503 2485 1578 ίδίᾳ
2508 1506 2672 1558 αὐτοῦ
2706 1506 2930 1577 δυνάμει
2962 1507 3353 1578 καθαιροῦντος
3373 1510 3443 1561 τὰ
3472 1509 3609 1580 βέλη
3647 1511 3742 1562 τῶν

2153 1599 2475 1664 διεναντίας,
2519 1600 2580 1654 τὸ
2619 1601 2794 1672 πέρας
2834 1601 2894 1654 τὸ
2938 1597 3100 1674 ἦττον
3149 1602 3606 1671 ἀπενεγκαμένου
3657 1603 3740 1656 τοῦ

2155 1692 2335 1764 Μάνη,
2365 1693 2460 1745 καὶ
2490 1693 2790 1764 κρινάντων
2821 1693 2930 1746 τῶν
2964 1692 3188 1765 κριτῶν,
3218 1693 3278 1746 τὸ
3313 1693 3575 1764 βραϐεῖον
3610 1691 3739 1748 εἶναι

2085 1778 2128 1832 Β
2156 1785 2222 1853 τῇ
2252 1781 2499 1854 ἀληθείᾳ.

1866 1868 2039 1937 Idem,
2070 1872 2224 1940 ibid.,
2272 1873 2298 1945 §
2328 1874 2414 1928 Η.

550 1970 677 2024 Inde
723 1968 887 2039 igitur
932 1968 1220 2024 discedens
1246 1965 1431 2022 Manes
1475 1964 1823 2020 Diodoridem
1856 1963 2050 2036 (pagus

477 2064 524 2120 is
556 2071 639 2118 est
663 2063 716 2116 in
742 2061 1054 2130 Carcharis)
1083 2077 1204 2118 sese
1238 2059 1472 2114 contulit
1501 2077 1514 2113 ι
1557 2057 1648 2112 ubi
1677 2056 1938 2128 Tryphon
1971 2057 2046 2126 (5)

476 2156 698 2228 quidam
733 2163 850 2207 erat
873 2153 956 2206 vir
983 2152 1243 2222 optimus,
1276 2166 1340 2204 ac
1365 2160 1476 2203 tum
1507 2148 1612 2202 loci
1647 2149 1791 2204 illius
1820 2147 2045 2220 presby-

471 2234 574 2303 ter.
637 2247 717 2301 Ad
766 2246 911 2301 hunc
954 2245 1139 2299 Manes
1182 2243 1495 2308 divertens,
1548 2256 1768 2296 rursum
1817 2239 2050 2295 miscere

478 2341 657 2397 omnia
683 2382 697 2407 ,
742 2355 808 2394 ac
837 2355 896 2394 se
928 2347 1246 2407 arroganter
1275 2334 1466 2390 efferre
1492 2374 1507 2397 ,
1540 2343 1734 2389 nactus
1771 2333 2045 2388 hominem

473 2431 676 2502 alioqui
744 2431 988 2492 bonum,
1043 2437 1096 2482 et
1145 2426 1430 2482 excellenti
1481 2425 1679 2495 pietate
1737 2425 2044 2494 praeditum,

474 2523 568 2578 sed
609 2523 874 2578 orationis
923 2520 1177 2594 praesidio
1223 2517 1562 2572 destitutum.
1613 2513 1811 2570 Verum
1858 2531 1925 2570 ne
1967 2514 2046 2570 sic

473 2614 723 2685 quidem,
775 2613 850 2666 uti
878 2618 1224 2682 speraverat,
1262 2609 1486 2664 illudere
1509 2607 1714 2662 Christi
1759 2625 1915 2662 servo
1943 2624 2045 2677 po-

475 2707 600 2761 luit.

2239 1966 2519 2022 Ἐντεῦθεν
2565 1969 2594 2020 ό
2623 1967 2816 2037 Μάνης
2848 1966 3179 2040 ἀποδράσας,
3201 1976 3304 2021 etc.
3348 1967 3739 2038 Ἀναχωρήσας

2155 2059 2212 2112 δὲ
2270 2059 2489 2131 ἔρχεται
2542 2058 2623 2122 εἰς
2686 2056 2881 2130 κώμην
2933 2059 3034 2129 τῆς
3075 2059 3384 2130 Καρχάρων
3445 2060 3738 2132 Διοδωρίδα

2154 2150 2512 2221 καλουμένην,
2565 2152 2622 2204 ἐν
2753 2149 2984 2222 Τρύφων
3025 2169 3107 2214 τις
3154 2153 3564 2214 ἐπιεικέστατκ
3626 2154 3738 2204 κατ’

2152 2244 2328 2296 ἐκεῖνο
2375 2241 2565 2314 καιροῦ
2612 2241 2873 2312 ἐτύγχανε
2921 2242 3029 2296 τῶν
3081 2242 3268 2297 αὐτόθι
3325 2241 3735 2314 πρεσϐύτερος·

2153 2334 2283 2406 παρ’
2321 2324 2366 2402 ᾧ
2405 2335 2432 2386 ὁ
2466 2334 2658 2404 Μάνης
2690 2334 2998 2404 γενόμενος,
3037 2335 3195 2388 πάλιν
3239 2335 3413 2387 ἐκύκα
3445 2336 3714 2404 καυῃὲηδε

2151 2443 2259 2490 νος,
2289 2426 2604 2480 καταλαϐὼν
2633 2427 2723 2480 τὸν
2761 2427 2928 2498 ἄνδρα
2966 2428 3166 2496 ἀγαθὸν
3203 2427 3300 2498 μὲν
3332 2428 3404 2480 τά
3441 2427 3604 2486 ἄλλα,
3648 2433 3734 2479 καὶ

2153 2514 2459 2586 θαυμαστὸν
2487 2517 2550 2586 τῇ
2587 2514 2884 2587 θεοσεϐείᾳ,
2916 2517 3164 2587 πενιχρὸν
3189 2515 3245 2569 δὲ
3272 2517 3348 2587 τῷ
3367 2517 3539 2586 λόγῳ.
3586 2518 3736 2569 Ἀ)λὰ

2152 2606 2247 2660 καὶ
2289 2608 2358 2659 ἐν·
2387 2605 2617 2670 τούτοις,
2657 2607 2733 2670 ὡς
2777 2607 3092 2678 ὑπείληφεν,
3127 2607 3226 2662 οὐκ
3271 2608 3496 2678 ἴσχυσεν
3545 2610 3736 2661 ἐπιτω-

2152 2698 2335 2765 θάζειν
2366 2698 2443 2772 τῷ
2474 2699 2568 2754 τοῦ
2604 2699 2837 2770 Χριστοῦ
2863 2699 3055 2772 δούλῳ.

1915 2815 2088 2871 Paulo
2127 2827 2243 2888 post
2274 2833 2292 2872 :

546 2910 650 2966 Sed
696 2925 818 2966 cum
871 2909 1056 2964 Manes
1104 2908 1299 2963 iterum
1345 2921 1467 2962 cum
1506 2907 1795 2980 Tryphone
1822 2908 2043 2979 presby-
2073 2915 2116 2971 ο

472 3012 590 3058 tero
621 3001 881 3074 congredi
915 3001 1093 3066 vellet,
1130 3001 1222 3070 qui
1257 2999 1358 3055 sibi
1391 2999 1443 3052 in
1471 2999 1742 3069 plerisque
1765 3000 2043 3054 contradi-

471 3103 648 3161 xerat,
697 3094 786 3148 ille
808 3109 920 3148 rem
949 3106 1164 3147 omnem
1211 3104 1306 3160 per
1338 3089 1542 3145 litteras
1572 3086 1838 3144 Archelao
1870 3089 2040 3160 signi-

474 3191 618 3244 ticat.

2235 2907 2512 2961 Ἐντεῦθεν
2567 2906 2725 2961 πάλιν
2777 2905 3128 2978 βουληθέντος
3189 2906 3552 2972 διαλέξασθαι
3608 2909 3733 2978 πρκ

2148 3000 2414 3072 Τρύφωνα
2436 3000 2523 3055 τὸν
2556 2998 2937 3072 πρεσϐύτερον,
2957 2999 3049 3052 καὶ
3081 2998 3241 3052 αὑτοῦ
3270 3001 3329 3051 ἐν
3363 2999 3589 3062 πολλοῖς
3619 3002 3734 3052 iv:-

2148 3091 2413 3155 ειπόντος,
2442 3090 2752 3162 γράψαντός
2773 3107 2832 3143 τε
2867 3089 2945 3160 τῷ
2986 3090 3270 3162 Ἀρχελάῳ,
3282 3099 3391 3146 etc.

1861 3270 1926 3324 Et
1974 3280 2091 3341 post
2113 3289 2281 3343 pauca
2307 3289 2325 3328 :

539 3372 861 3435 Archelaus,
909 3370 991 3424 his
1018 3369 1254 3438 acceptis
1285 3367 1502 3433 litteris,
1533 3368 1669 3422 duos
1704 3366 1770 3420 ad
1811 3380 1936 3420 eum
1975 3365 2041 3419 li-

471 3466 599 3521 bros
634 3464 820 3527 mittit,
851 3477 989 3534 quos
1014 3462 1066 3516 in
1097 3470 1350 3530 promptu
1379 3459 1648 3530 facileque
1679 3459 2042 3528 comprehen-

469 3561 664 3620 deret,
719 3565 909 3611 contra
960 3553 1172 3609 Manem
1229 3554 1591 3624 conscriptos.
1670 3551 1934 3606 Creterum
1986 3561 2046 3605 ut

470 3653 760 3707 adventum
808 3663 969 3704 suum
1024 3645 1429 3716 praestolaretur
1461 3643 1760 3699 admonuit.
1822 3641 2042 3695 Interim

471 3741 657 3797 Manes
683 3739 922 3794 medium
955 3738 1008 3792 in
1035 3752 1228 3807 pagum
1259 3751 1474 3791 summo
1499 3734 1738 3789 diluculo
1764 3733 2040 3804 prodieus,

471 3831 817 3903 Tryphonem
863 3829 928 3883 ad
955 3827 1343 3899 diSputandum
1370 3833 1648 3896 provocat.
1699 3823 1952 3890 Quicum
1983 3838 2042 3879 se

472 3924 733 3988 stitisset,
784 3929 836 3976 et
866 3920 932 3975 ad
964 3920 1147 3974 omnia
1192 3907 1313 3989 qua:
1340 3917 1631 3988 qua:sierat
1656 3956 1670 3982 ,
1723 3913 2039 3985 singillatim

470 4030 568 4087 pro
596 4030 659 4070 ea
684 4028 848 4084 quam
880 4026 906 4066 a
937 4010 1050 4066 Deo
1096 4018 1375 4079 acceperat
1426 4007 1690 4079 sapientia
1724 4005 2042 4076 respondis-

469 4117 572 4175 set,
598 4118 759 4179 atque
781 4109 1131 4178 impostorem
1159 4105 1334 4160 lenius
1364 4106 1613 4175 agitaret,
1644 4105 1785 4176 apud
1815 4119 1873 4158 se
1903 4120 2040 4160 non-

469 4202 605 4257 nihil
635 4201 920 4267 hzesitans;
954 4211 1170 4268 repente
1203 4198 1502 4253 Archelaus
1526 4213 1624 4253 nec
1658 4199 1880 4267 opinato
1907 4214 2039 4253 con-

469 4303 686 4366 spectus
711 4301 814 4356 est,
846 4293 938 4363 qui
970 4302 1226 4361 tanquam
1275 4291 1574 4346 acerrimus
1625 4291 2038 4363 paterfamilias,

471 4400 806 4454 suorumque
853 4382 1324 4447 studiosissimus,
1362 4383 1615 4437 audacter
1645 4383 1697 4436 in
1728 4384 2038 4460 przedonem

2228 3365 2285 3418 '0
2324 3364 2381 3418 δὲ
2425 3362 2738 3418 ἀπέστειλεν
2779 3361 2927 3434 αῦτῴ
2967 3362 3061 3416 δύο
3106 3363 3299 3433 λόγους
3345 3367 3409 3418 ἐν
3458 3368 3729 3437 προχείρῳ

2146 3456 2545 3512 καταλαϐέσθαι
2592 3455 2668 3528 τῷ
2718 3456 2900 3526 Μάνη,
2951 3455 3273 3519 ἐκδέξασθαι
3312 3457 3371 3510 δέ
3420 3458 3520 3529 τὴν
3577 3458 3727 3511 αὐτοῦ

2147 3549 2449 3622 παρουσίαν
2473 3545 2620 3617 αὐτῷ
2655 3545 3047 3616 ἐσήμανενυὈ
3083 3545 3273 3616 Μάνης
3301 3547 3358 3598 δὲ
3392 3549 3456 3599 ἐν
3490 3551 3559 3618 τῇ
3599 3548 3729 3617 μέση

2151 3639 2314 3714 κώμῃ
2343 3638 2610 3711 προῆλθεν
2641 3634 3033 3708 ὀρθριαίτερον,
3065 3636 3566 3718 προσκαλούμενος-
3585 3639 3642 3718 ξξ

2150 3712 2531 3803 συνάρξασθαι,
2572 3727 2956 3802 προκαλεῖσθαι
2987 3729 3077 3781 τὸν
3110 3728 3379 3800 Τρύφωνα
3426 3733 3511 3794 εἰς
3549 3712 3726 3798 λόγους

2145 3826 2319 3896 ἥκειν.
2360 3825 2466 3878 Καὶ
2507 3823 2599 3876 τοῦ
2640 3820 2930 3893 Τρύφωνος
2967 3820 3361 3891 ίνδαλλομένου,
3397 3824 3726 3894 ἀποκριθὲν-

2145 3935 2236 3982 τος
2264 3917 2320 3970 δὲ
2354 3915 2518 3970 αὐτοῦ
2555 3917 2690 3988 πρὸς
2719 3917 2847 3982 ἔπος
2880 3911 2953 3971 ὧν
2994 3916 3160 3988 ᾔτησε
3187 3917 3330 3969 κατὰ
3362 3916 3466 3988 τὴν
3497 3918 3565 3969 ἐκ
3595 3915 3721 3969 Θεοῦ

2146 4008 2387 4063 δοθεῖσαν
2421 4009 2566 4082 αὐτῷ
2600 4009 2834 4075 σύνεσιν,
2869 4012 2963 4065 καὶ
2999 4009 3398 4083 στροϐήσαντος
3443 4010 3539 4062 τὸν
3587 4011 3720 4062 ἀπα-

2143 4100 2336 4167 τεῶνα,
2384 4101 2566 4172 ἠρέμα
2596 4101 2732 4165 πῶς,
2770 4103 2826 4155 ἐν
2856 4097 2900 4171 ᾧ
2933 4101 3108 4172 ἐαυτῷ
3152 4099 3491 4167 ὲνεδοίαζενς
3525 4099 3721 4153 ἀνακύ-

2147 4210 2271 4247 πτει
2311 4196 2338 4247 ὁ
2392 4193 2676 4266 Ἀρχέλαος
2709 4195 2896 4267 ῶσπερ
2933 4194 3148 4267 ἰσχυρὸς
3183 4193 3581 4265 οἰκοδεσπότης
3621 4195 3719 4246 τῶν

2151 4283 2293 4337 ἰδίων
2332 4284 2776 4355 ἐπιμελούμενος,
2812 4286 2906 4339 καὶ
2946 4285 3085 4356 μετὰ
3123 4283 3438 4357 παρρησίας
3483 4284 3716 4337 ἐπελθὼν

2146 4376 2223 4447 τῷ
2263 4375 2423 4446 συλᾷν
2450 4376 2810 4448 ἐπιχειροῦντι
2845 4378 3196 4449 ὲνεϐριμεῖτο.
3230 4376 3408 4440 Εὐθὺς
3449 4378 3507 4429 δὲ
3542 4379 3622 4440 ὡς
3649 4373 3718 4428 εἷ-

472 4480 710 4536 fremens
740 4473 988 4531 incurrit.
1021 4475 1190 4542 Quem
1229 4484 1285 4527 ut
1309 4474 1493 4529 Manes
1530 4477 1760 4554 aspexit,
1786 4475 2038 4558 simulata

2157 4466 2232 4519 55v
2253 4467 2280 4518 ό
2306 4466 2496 4536 Μάνης
2526 4466 2616 4518 τὸν
2653 4467 2957 4539 Ἀρχέλαον,
2985 4467 3418 4539 ὑποκοριστικῶς
3445 4468 3570 4519 καθ’
3597 4468 3717 4519 ὑπό-

472 4569 765 4637 blanditia,
804 4567 931 4622 Sine
955 4581 1062 4633 me,
1119 4566 1314 4636 inquit,
1349 4582 1470 4620 cum
1503 4550 1794 4637 Tryplione
1819 4550 2043 4620 conten-

471 4658 633 4724 dere;
685 4667 740 4710 tu
774 4654 918 4709 enim
963 4670 1048 4708 me
1073 4695 1086 4717 ,
1139 4670 1262 4709 cum
1300 4655 1374 4709 sis
1409 4655 1697 4734 episcopus
1722 4695 1738 4718 ,
1783 4655 2042 4726 dignitate

471 4765 715 4820 Superas.
751 4747 1051 4802 Archelaus
1078 4763 1228 4812 vero,
1259 4762 1323 4800 ex
1353 4762 1419 4799 eo
1451 4729 1594 4816 quod
1616 4729 1727 4818 jam
1764 4745 1909 4799 illius
1939 4745 2041 4800 do-

471 4853 596 4909 gma
618 4837 960 4893 confutatum
1005 4845 1142 4901 erat,
1191 4837 1362 4890 multo
1410 4823 1571 4906 quam
1603 4836 1785 4891 verbis
1811 4837 2041 4906 exprimi

471 4941 691 5003 posset,
726 4930 1018 4985 simulandi
1049 4929 1384 4986 callidiorem
1427 4946 1548 4986 esse
1591 4930 1818 4997 docuit,
1870 4945 2043 4999 osque

474 5023 550 5077 illi
599 5037 825 5092 prorsus
871 5023 1121 5077 occlusit.
1176 5021 1314 5076 Tum
1358 5039 1479 5093 quae
1528 5024 1596 5078 ab
1627 5024 1718 5077 illo
1765 5025 2040 5094 proposita

475 5115 690 5170 fuerant
729 5113 1072 5179 dissolvens,
1129 5130 1330 5170 novum
1376 5116 1423 5168 ei
1469 5116 1728 5184 pudorem
1790 5115 2038 5180 incussit,

472 5220 597 5260 cum
629 5218 695 5256 ne
723 5201 934 5257 hiscere
962 5202 1182 5272 quidem
1215 5204 1450 5274 amplius
1481 5205 1723 5259 auderet.
1774 5205 1889 5260 Sub
1926 5207 2040 5262 hwc

475 5297 745 5367 populus,
807 5293 1126 5349 ardentibus
1184 5311 1402 5371 rursum
1436 5296 1693 5362 animis,
1749 5298 2037 5352 scelestum

474 5387 626 5441 illum
671 5387 980 5455 opprimere
1026 5395 1256 5441 conatus
1285 5397 1384 5441 est.
1440 5387 1686 5454 Quorum
1734 5388 1823 5443 ille
1846 5405 2040 5444 manus

472 5479 735 5550 effugiens
764 5477 832 5533 ad
863 5463 1144 5533 castellum
1170 5478 1459 5532 Arabionis
1485 5495 1735 5535 reversus
1759 5489 1860 5535 est.

546 5613 622 5684 (³5)
661 5611 761 5668 llic
789 5614 1108 5678 notandum,
1140 5611 1502 5683 Epiphanium
1536 5627 1815 5684 perperam
1860 5632 1877 5662 ι
1911 5612 2041 5684 Tr}-

472 5683 708 5764 phonem
747 5701 765 5733 I
796 5698 990 5764 vocare
1021 5684 1395 5764 presbyterum
1425 5685 1600 5764 illum,
1650 5683 1892 5764 quicum
1921 5683 2037 5764 hla-

473 5763 597 5808 uete
630 5753 954 5821 disputavit;
993 5769 1120 5808 nam
1154 5753 1208 5807 id
1242 5755 1392 5809 Actis
1424 5753 1806 5824 disputationis
1834 5753 2038 5807 Arche-

2145 4574 2322 4628 κρίσιν
2375 4557 2515 4628 ἔφη’
2575 4559 2680 4611 Ἔα
2728 4575 2792 4629 με
2839 4559 2973 4631 πρὸς
3014 4558 3278 4631 Τρύερωνα
3329 4558 3711 4626 διαλέγεσθαι·

2144 4650 2457 4720 ὑπερϐαίνει
2491 4651 2598 4722 γάρ
2634 4669 2700 4722 με
2737 4652 2797 4704 τὸ
2846 4652 2936 4705 σὺν
2978 4651 3193 4721 ἀξίωμα
3231 4631 3319 4703 διὰ
3362 4650 3456 4702 τον
3502 4652 3714 4704 ἐπὶσκο-

2143 4759 2262 4794 πον.
2305 4742 2361 4795 ’0
2390 4742 2467 4807 δὲ,
2497 4743 2590 4796 καὶ
2618 4742 2756 4813 μετὰ
2783 4742 3036 4813 ἐλέγχους
3056 4742 3149 4795 τοῦ
3177 4742 3334 4809 λόγου
3365 4741 3595 4811 μείζονα
3624 4743 3713 4793 cxi-

2142 4832 2232 4884 τὸν
2271 4833 2567 4904 ὑποκριτὴν
2608 4833 2915 4897 ἀποδείξας,
2965 4832 3350 4902 άπεφίμωσεν·
3394 4831 3508 4884 τῶν
3543 4831 3598 4883 δὲ
3630 4830 3714 4881 ὑπ’

2142 4923 2351 4976 ἐκείνου
2385 4923 2751 4994 προτεθέντων
2786 4925 2957 4994 λόγων
2984 4923 3082 4986 τάς
3111 4923 3385 4985 ἐπιλύσεις
3415 4921 3713 4992 ποιησάμε-

2141 5033 2250 5079 νος,
2277 5012 2430 5079 αὖθις
2459 5019 2537 5080 είς
2565 5005 2824 5088 αἰσχύνην
2849 5017 3008 5070 αὑτὸν
3043 5015 3363 5086 κατέστησε,
3404 5016 3607 5086 μηκέτι
3630 5015 3715 5067 δυ-

2142 5107 2370 5177 νάμενον
2391 5108 2617 5180 διαίρειν
2646 5109 2840 5178 στόμα.
2871 5110 2934 5161 υί
2963 5108 3018 5161 δὲ
3040 5107 3158 5160 λαοὶ
3182 5106 3341 5176 ζῆλον
3381 5107 3548 5161 πάλιν
3574 5109 3711 5159 ἀνει-

2141 5205 2388 5276 ληφότες,
2438 5205 2733 5277 ἐπειρῶντο
2777 5205 2866 5258 τὸν
2922 5204 3196 5274 ἀλιτήριον
3256 5202 3704 5274 διαχειρίσασθαι.

2153 5296 2210 5349 Ὁ
2237 5296 2312 5359 δὲ,
2343 5295 2584 5367 ἀποδράς
2614 5297 2740 5360 τοὺς
2770 5296 2994 5367 δήμους,
3023 5294 3116 5348 καὶ
3150 5295 3230 5358 εἰς
3257 5295 3346 5347 τὸν
3383 5293 3709 5367 προειρημέ-

2140 5404 2227 5441 νον
2260 5386 2548 5440 κάστελλον
2589 5387 2912 5458 Ἀραϐίωνος
2933 5385 3092 5441 πάλιν
3118 5387 3362 5455 ἀφῖκται.

2141 5617 2208 5668 lai
2247 5635 2265 5666 ι
2306 5616 2574 5670 Diodorus
2609 5633 2628 5666 ι
2666 5615 2868 5670 diserte
2893 5615 3235 5683 appellatur._
3261 5611 3528 5670 Eumdem
3559 5627 3702 5670 erro-

2141 5702 2255 5742 rem
2285 5687 2487 5742 erravit
2510 5685 2738 5742 Photius
2763 5683 2902 5739 infra
2929 5681 3086 5739 num.
3115 5683 3169 5737 7.
3201 5681 3437 5739 Zamas.
