3888 6494
42 424 185 478 1425

1232 415 1564 471 VETEltUM
1608 416 2051 477 TESTIMO‘NIA.

3169 414 3299 469 1426

1413 536 1582 599 Idem,
1614 539 1768 604 ibid.,
1800 538 1936 604 §2L

1413 538 1582 599 Idem,
1614 539 1638 590 ii

122 632 265 700 Ἅιδη
298 630 354 683 δὲ
390 630 616 703 ἀνδράσι
650 631 905 702 μεγάλοις
953 631 1279 702 θαυμαστῶς
1308 633 1425 686 κατ’
1461 633 1624 686 αὑτοῦ

1754 579 1768 604 ,
1847 539 1936 592 21.

1799 538 1917 687 ἕδη)
1948 649 1977 687 a
2004 634 2215 703 magnis
2248 633 2379 687 viris
2409 630 2757 688 admirabiles
2782 630 2847 685 ad
2879 630 3023 685 illius
3056 627 3302 685 refutan-

41 724 399 794 ἀπιρῤἦσεις
426 722 519 777 τοῦ
559 723 778 793 ἐλέγχου
815 724 1137 796 πεποίηνται
1162 742 1174 754 ·
1215 724 1488 807 ’Λρχελάω
1526 724 1622 795 μὲν

37 815 124 885 τῷ
166 815 466 886 ὲπισκόπῳ,
498 815 572 880 ὡς
604 816 941 889 προείρηται.

1729 724 1831 778 dos
1858 740 2073 778 errores
2106 725 2512 779 lucubrationes
2557 732 2684 779 sunt
2708 723 2863 778 edita:
2886 761 2902 786 ,
2928 722 3075 778 velut
3103 722 3171 776 ab
3201 720 3304 773 Ar-

1731 817 1922 871 chelao
1949 817 2229 886 episcopo,
2272 826 2329 870 ut
2360 826 2516 870 antea
2541 816 2745 871 dictum
2778 823 2879 868 est.

1532 909 1598 962 Et
1640 908 1666 980 §
1708 910 1798 964 25.

120 1004 281 1055 Κατὰ
314 1003 458 1067 λέξιν
486 1004 541 1056 δὲ
569 1003 804 1073 καθεξῆς
855 1004 1108 1071 ὑποτάξω
1164 1005 1544 1077 ἀρμοττόντως
1566 1003 1627 1056 τὸ

39 1091 216 1144 αὑτοῦ
240 1092 493 1162 φρόνημα
518 1092 626 1145 ἀπὸ
662 1092 951 1162 Ἀρχελάου
975 1094 1111 1165 πρὸς
1130 1094 1288 1147 αὑτὸν
1309 1110 1628 1164 πεπραγμα-

37 1183 328 1252 τευμένων
360 1186 418 1236 ὲν
475 1187 539 1253 τῇ
577 1184 713 1254 πρὸς
767 1184 925 1236 αὐτὸν
972 1186 1279 1257 ἀντιλογίᾳ,
1342 1186 1416 1249 ὡς
1464 1185 1626 1249 αὐτὸς

42 1273 374 1342 ἀπεκάλυῲε
430 1274 678 1346 Τύρϐων,
714 1271 793 1338 εἷς
846 1275 953 1328 τῶν
996 1276 1160 1329 αὑτοῦ
1195 1276 1469 1347 μαθητῶν,
1500 1277 1628 1347 περὶ

41 1358 113 1417 οὗ
150 1365 261 1419 ἄνω
312 1366 682 1437 ἐπεμνήσθην.
760 1369 1254 1439 Ἐπερωτησάντων
1308 1368 1487 1421 τοίνυν
1520 1368 1628 1423 τῶν

43 1457 184 1527 περὶ
226 1459 511 1529 Ἀρχέλαον
558 1459 646 1512 τὸν
675 1459 975 1514 ἐπίσκοπον
1002 1463 1094 1515 καὶ
1145 1461 1461 1533 Μάρκελλον
1488 1461 1629 1534 Τύρ-

44 1550 204 1601 ϐωνα
236 1550 360 1621 περὶ
386 1551 483 1622 τῆς
509 1550 602 1603 τοῦ
627 1552 784 1623 Μάνη
812 1551 1176 1619 διδασκαλίας,
1199 1554 1228 1606 ὁ
1255 1554 1478 1625 Τύρϐων
1505 1554 1632 1607 ἀπε-

45 1639 281 1709 κρίνατο
309 1640 500 1709 λέγων,
534 1642 689 1696 ἅτινα
718 1644 784 1696 ὲκ
804 1642 897 1697 τοῦ
932 1642 1135 1715 βιϐλίου
1166 1644 1503 1715 παρεθέμην,
1539 1645 1634 1697 καὶ

42 1732 173 1785 ἔστι
206 1732 349 1785 τάδε.

1804 1001 1907 1058 Sed
1942 1018 2086 1057 nunc
2114 1002 2259 1059 illius
2284 1003 2478 1072 dogma
2517 1003 2582 1057 ad
2620 1002 2840 1057 verbum
2870 1044 2884 1069 ,
2914 1003 2993 1057 uti
3016 1012 3305 1057 consenta-

1736 1110 1898 1149 neum
1928 1104 2012 1149 est
2035 1134 2050 1158 ,
2081 1095 2347 1149 ascribam
2375 1134 2390 1157 ,
2441 1110 2504 1148 ex
2532 1094 2780 1149 Archelai
2812 1110 2974 1163 opere
2998 1133 3013 1157 ,
3043 1094 3185 1163 quod
3212 1096 3307 1149 ad-

1736 1199 1926 1238 versus
1971 1184 2220 1237 eumdem
2261 1184 2412 1238 illum
2440 1185 2626 1248 edidit,
2662 1201 2725 1239 ex
2760 1185 2827 1239 iis
2852 1200 2973 1254 qua:
2998 1200 3028 1238 a
3058 1183 3309 1256 Tyrbone

1736 1274 2007 1345 discipulo
2054 1275 2199 1331 illius
2227 1285 2541 1347 acceperat,
2570 1279 2637 1332 de
2666 1292 2775 1347 quo
2818 1276 3147 1331 mentionem
3183 1285 3310 1330 ante

1738 1365 1992 1423 fecimus.
2028 1364 2162 1420 Nam
2196 1384 2318 1421 eum
2351 1369 2650 1423 Archelaus
2680 1369 2986 1439 episcopus,
3007 1377 3059 1423 et
3084 1367 3309 1422 Marcel-

1739 1461 1824 1513 lus
1855 1459 1922 1513 de
1945 1458 2117 1513 Manis
2147 1460 2494 1529 dogmatibus
2524 1460 2826 1530 Tyrbonem
2861 1461 3307 1532 interrogassent,

1738 1554 1854 1609 haec
1892 1554 1980 1607 ille
2006 1553 2124 1623 ipsa
2149 1551 2451 1621 respondit,
2483 1567 2605 1618 quae
2633 1567 2732 1606 nos
2760 1568 2820 1605 ex
2850 1568 2915 1605 eo
2944 1552 3082 1605 libro
3108 1549 3311 1604 descri-

1743 1644 1977 1715 psimus,
2014 1654 2248 1713 suntque
2271 1642 2560 1713 ejusmodi.

132 1826 445 1896 Sequuntur
464 1838 718 1898 excerpta
759 1844 823 1883 ex
856 1830 1004 1884 Ac'is
1050 1827 1440 1897 disputationis
1469 1828 1719 1882 Archelai
1752 1843 1875 1881 cum
1894 1826 2126 1889 Manete,
2153 1842 2272 1894 quae
2300 1824 2343 1879 G
2400 1824 2459 1878 L.
2497 1825 2767 1879 habentur
2792 1823 2845 1878 in
2872 1823 3105 1877 editione
3130 1830 3312 1877 nostra

44 1929 177 1983 cap.
206 1913 318 1968 γιι.
346 1947 415 1955 -
441 1916 586 1970 Idem
619 1916 955 1987 Epiphanius
985 1918 1039 1971 in
1072 1916 1210 1971 libro
1242 1915 1318 1970 De
1352 1917 1612 1971 mensuris
1639 1925 1687 1971 et
1724 1916 2061 1984 ponderibus,
2096 1916 2123 1987 §
2150 1916 2240 1981 20,
2283 1916 2480 1970 iterum
2521 1915 2771 1969 meminit
2807 1912 3056 1970 Archelai
3088 1914 3313 1986 ejusque

43 2008 443 2079 disputationis
468 2024 591 2064 cum
621 2009 852 2065 Manete.

1642 2103 1728 2159 Ill.

990 2198 1048 2255 S.
1088 2199 1461 2270 Hieronymus,
1499 2200 1589 2253 lib.
1625 2201 1688 2253 de
1722 2198 1834 2254 Vir.
1861 2199 2087 2262 illustr.,
2133 2216 2249 2267 cap.
2286 2198 2372 2252 72.

126 2290 451 2347 ARCHELAUS
483 2291 771 2362 episcopus
794 2290 1197 2363 Mesopotamiae
1223 2295 1419 2347 librum
1446 2294 1634 2363 dispu-
1667 2306 1708 2359 Β
1738 2294 2035 2349 translatus
2088 2294 2141 2347 in
2191 2293 2437 2347 Grrecum
2493 2292 2723 2346 habetur
2767 2306 2793 2343 a
2842 2291 3047 2345 multis.
3104 2289 3312 2346 Claruit

46 2384 287 2439 talionis
314 2399 426 2437 suae
452 2399 616 2453 quam
659 2384 846 2439 habuit
890 2387 1149 2442 adversus
1174 2385 1526 2440 Maniehtrum
1551 2401 1641 2439 ex-

44 2484 279 2531 euntem
311 2474 376 2529 de
401 2472 653 2537 Perside,
689 2473 827 2546 Syro
858 2490 1107 2531 sermone
1151 2477 1491 2548 composuit;
1544 2479 1637 2547 qui

1641 2593 1730 2649 IV.

1746 2387 1849 2441 sub
1881 2387 2205 2456 imperatore
2240 2383 2439 2451 Probo,
2474 2384 2565 2455 qui
2593 2382 2883 2437 Aureliano
2906 2392 2961 2439 et
2986 2383 3175 2439 Tacito
3198 2398 3317 2440 sue-

1746 2489 1995 2536 cesserat,

152 2710 507 2765 Heraclianus
531 2711 965 2767 Chalcedonensis
992 2713 1281 2783 episcopus,
1308 2715 1360 2769 in
1394 2714 1543 2770 libris
1575 2716 1820 2770 adversus
1851 2715 2192 2770 Manio/neos.
2222 2714 2375 2786 Apud
2408 2715 2655 2769 I’ltotium
2685 2713 2939 2769 Biblioth.
2976 2713 3091 2765 cod.
3119 2727 3239 2767 xcv.

139 2831 461 2903 Ἀνατρέπει
514 2831 569 2884 δὲ
609 2832 670 2885 τὸ
735 2832 882 2903 παρὰ
932 2833 1252 2904 Μανιχαίοις
1308 2835 1639 2905 καλούμενον

49 2923 415 2991 Εὐαγγέλιον,
446 2924 538 2976 καὶ
566 2923 663 2995 τὴν
693 2924 1001 2992 Γιγάντειον
1024 2925 1221 2995 βίϐλον,
1254 2928 1346 2979 καὶ
1376 2928 1499 2989 τοὺς
1532 2926 1640 2997 Θη-

52 3034 160 3068 σαυ
173 3014 316 3085 ρούς.
352 3015 650 3083 Καταλὲγει
675 3015 769 3069 καὶ
790 3017 900 3069 ὅσοι
928 3016 1032 3087 πρὸ
1054 3016 1215 3070 αὑτοῦ
1250 3017 1390 3070 κατά
1419 3017 1517 3087 τῆς
1544 3016 1636 3070 τοῦ

49 3106 365 3176 Μανιχαίου
423 3105 765 3177 συνέγραψαν
820 3106 1139 3177 ἀθεότητος,
1207 3107 1520 3178 Ἦγεμόνιόν
1578 3125 1639 3160 τε

52 3198 156 3251 τὸν
190 3198 292 3262 τὰς
338 3198 628 3270 Ἀρχελάου
670 3200 804 3270 πρὸς
832 3200 990 3254 αὑτὸν
1038 3201 1344 3270 ἀντιλογίας
1403 3203 1641 3274 ἀναγρά-

48 3290 259 3359 «ξαντα.

1816 2837 2015 2891 Evertit
2050 2852 2175 2890 vero
2208 2836 2258 2890 id
2286 2877 2301 2903 ,
2351 2836 2496 2905 quod
2528 2833 2810 2888 Manichtei
2843 2831 3117 2899 appellant
3142 2828 3319 2882 Evan-

1746 2930 1965 3000 gelium,
1994 2937 2046 2983 et
2073 2927 2395 2997 Giganteum
2420 2926 2639 2987 librum,
2671 2934 2830 2994 atque
2862 2922 3192 2976 Thesauros.
3214 2919 3321 2974 Re-

1747 3026 1931 3073 censet
1981 3017 2205 3086 insuper
2249 3032 2377 3079 eos,
2430 3015 2521 3083 qui
2573 3023 2697 3068 ante
2727 3029 2785 3068 se
2817 3013 2868 3065 in
2899 3011 3319 3064 Manichaeorum

1749 3110 2079 3179 impietatem
2110 3110 2382 3164 calamum
2410 3108 2781 3169 strinxerunt,
2816 3102 3207 3174 llegemonium
3241 3101 3322 3154 ni-

1750 3202 1972 3267 mirum,
2002 3201 2092 3271 qui
2122 3199 2544 3269 disputationem
2568 3195 2819 3252 Archelai
2847 3196 3109 3250 adversus
3141 3193 3316 3263 ipsum

1748 3291 2014 3347 Manetem
2053 3290 2391 3362 perscripsit,
2426 3300 2530 3344 etc.

1137 3492 1405 3556 Socrates,
1446 3494 1587 3548 Hist.
1612 3495 1796 3550 eccles.
1855 3495 1928 3548 lib
1951 3511 1989 3563 ι,
2015 3511 2131 3564 cap.
2180 3494 2269 3547 22.

125 3580 319 3634 Ταῦτα
344 3582 400 3634 δὲ
424 3584 584 3651 ἡμεῖς
616 3582 676 3635 οὐ
734 3581 1037 3645 πλάσαντες
1089 3582 1341 3654 λέγομεν·
1379 3584 1513 3637 ἀλλά
1546 3585 1635 3637 διὰ

1813 3584 1990 3654 Atque
2028 3586 2141 3637 haec
2175 3599 2276 3638 nos
2308 3583 2729 3651 haudquaquam
2755 3578 3049 3634 commenti
3080 3593 3272 3634 sumus
3303 3595 3322 3648 ;

48 3676 221 3743 λόγου
285 3673 575 3744 Ἀρχελάου
621 3673 715 3727 τοῦ
772 3675 1071 3727 ἐπισκόπου
1127 3677 1452 3746 Κασχάρων,
1512 3677 1640 3745 μιᾶς

49 3767 168 3819 τῶν
205 3767 263 3816 ὲν
294 3764 687 3835 Μεσοποταμίᾳ
717 3764 943 3827 πόλεων,
988 3766 1299 3834 ἐντυχόντες
1333 3766 1638 3837 συνηγάγο-

1744 3677 1836 3731 sed
1866 3692 1929 3729 ex
1968 3676 2335 3743 disputatione
2365 3674 2599 3744 quadam
2642 3671 2888 3727 Archelai
2921 3670 3322 3726 Cascharorum

1748 3766 1901 3821 urbis
1930 3768 1983 3820 in
2018 3767 2411 3836 Mesopotamia
2462 3765 2737 3834 episcopi,
2767 3780 2798 3818 a
2832 3763 2990 3818 nobis
3020 3762 3155 3818 lecta
3176 3802 3191 3827 ,
3223 3779 3322 3817 ex-

53 3876 191 3929 μεψ
230 3857 391 3919 αὐτὸς
416 3857 523 3927 γὰρ
587 3856 872 3927 ’Δρχέλαος
918 3858 1262 3929 διαλεχθῆναι
1307 3859 1453 3931 αὑτῷ
1508 3878 1638 3931 φησι

1753 3860 2066 3929 :erpsimus.
2089 3858 2184 3913 llic
2211 3860 2353 3912 enim
2372 3858 2667 3911 Archelaus
2682 3857 2776 3920 ait,
2798 3872 2853 3910 se
2877 3871 2998 3910 cum
3026 3855 3323 3908 Manichmo

50 3953 152 4005 καὶ
184 3949 256 4003 τὰ
286 3948 754 4020 προγεγραμμένα
788 3951 867 4013 εἰς
889 3949 977 4003 τὸν
1014 3950 1126 4020 βίον
1155 3951 1445 4005 ἐκτίθεται.

1643 4159 1731 4215 Vl.

134 4246 363 4304 Pmnus
400 4248 628 4304 SICULUS
660 4248 713 4303 in
744 4248 989 4304 Historia
1022 4250 1435 4306 Maniclueorum
1455 4293 1469 4318 ,
1525 4268 1647 4322 pag.

1743 3952 1862 4021 ipso
1889 3952 2199 4021 disputasse
2226 3992 2241 4017 ,
2273 3960 2327 4003 et
2350 3964 2413 4005 ea
2439 3964 2561 4019 quae
2604 3950 2853 4017 superius
2905 3964 2935 4001 a
2972 3946 3129 4001 nobis
3154 3947 3322 4000 relata

1747 4052 1897 4109 sunt,
1931 4044 1997 4097 de
2030 4042 2178 4097 illius
2207 4042 2317 4096 vita
2349 4050 2759 4097 commemorat.

1758 4254 1898 4307 suris
1929 4263 1979 4307 et
2008 4251 2346 4323 ponderibus,
2379 4260 2431 4305 et
2460 4266 2523 4304 ex
2555 4248 2795 4305 Socratis
2824 4246 3065 4302 Historia
3084 4244 3325 4301 ecclesia-

51 4341 147 4402 95,
179 4340 254 4394 55
278 4349 332 4393 et
354 4338 445 4405 '57,
470 4355 534 4394 ea
557 4350 753 4395 cuncta
780 4342 847 4396 ad
876 4342 1100 4397 verbum
1127 4341 1311 4409 refert,
1342 4359 1463 4413 qua:
1486 4358 1651 4413 supra
1756 4346 1911 4408 stica,
1941 4345 2007 4398 de
2033 4343 2302 4397 Archelao
2324 4341 2552 4413 ejusque
2576 4356 2697 4396 cum
2724 4338 2933 4394 Maneto
2961 4336 3326 4408 disputatione

51 4448 119 4487 ex
146 4431 361 4504 Cyrillo
389 4429 879 4504 Hierosolymitano
905 4476 921 4500 ,
972 4432 1030 4488 S.
1063 4432 1367 4503 Epiphanio
1405 4434 1482 4489 De
1503 4451 1647 4489 men-

1758 4434 1920 4489 modo
1954 4433 2257 4489 retulimus.

1650 4526 1758 4583 Vll.

206 4621 459 4689 Photius,
502 4624 594 4679 lib.
624 4640 663 4691 1,
703 4623 950 4679 adversus
978 4624 1317 4679 Manichteos.
1354 4624 1546 4679 Exstat
1586 4626 1759 4680 editus
1795 4626 1851 4678 in
1886 4623 2141 4679 Biblioth.
2180 4622 2406 4678 Coislin.
2438 4638 2483 4675 υ.
2530 4619 2597 4673 cl.
2645 4618 2937 4687 Montluuc.
2974 4634 3025 4686 ν).
3058 4613 3182 4670 556.

122 4710 320 4779 Φυγάς
374 4711 422 4781 (ό
467 4712 679 4783 Μάνης)
728 4711 1133 4783 καταλαμϐάνει
1192 4712 1632 4782 Μεσοποταμίαν,

46 4804 148 4858 καὶ
177 4798 433 4870 σπείρειν
462 4800 623 4853 πάλιν
652 4802 955 4871 ἀπάρχεται
987 4803 1053 4855 τὰ
1076 4802 1175 4872 τῆς
1201 4800 1533 4863 ἀποστασίας
1559 4802 1638 4865 ζι-

48 4895 243 4958 ζάνια.
297 4892 354 4944 Ὀ
400 4892 456 4944 δὲ
488 4892 594 4945 τῶν
648 4894 954 4965 Καρχάρων
996 4893 1309 4956 ἐπίσκοπος,
1354 4892 1639 4964 Ἀρχέλαος

50 4984 211 5054 αὑτῷ
269 4982 460 5052 ὄνομα,
494 4982 631 5054 ἀνὴρ
689 4984 852 5053 ίερὸς,
880 4985 971 5039 καὶ
1022 4985 1150 5055 περὶ
1192 4984 1380 5053 λόγους
1433 4983 1557 5047 τούς
1579 5000 1638 5036 τε

52 5074 247 5137 θείους
281 5074 522 5137 καὶτοὺς
555 5074 927 5146 ἀνθρωπίνους
976 5078 1295 5149 περιδέξιος,
1338 5077 1649 5149 Ἑλληνικὸν

54 5167 464 5240 ἀθροισάμενος
497 5168 875 5241 ἀκροατήριον,
908 5170 993 5222 ἵνα
1024 5170 1096 5241 μὴ
1128 5169 1274 5241 δόξῃ,
1308 5170 1648 5241 Χριστιανῶν

55 5259 387 5328 κρινόντων,
421 5258 699 5329 φιλοτιμίᾳ
724 5259 1016 5331 λαμϐάνειν
1049 5261 1118 5315 τὰ
1139 5263 1429 5334 νικητήρια
1462 5264 1495 5333 ή
1519 5262 1648 5331 ἀλή-

57 5349 204 5414 θεια,
235 5349 377 5419 πρὸς
401 5349 493 5401 τὸν
528 5350 625 5420 τῆς
663 5352 858 5421 μανίας
910 5352 1215 5424 ἐπώνυμον,
1245 5353 1335 5407 τὸν
1361 5355 1459 5424 τῆς
1493 5354 1646 5408 εὐσε-

60 5440 219 5505 ϐείας
253 5442 592 5511 ἀνακινήσας
622 5441 800 5510 λόγον,
853 5444 995 5497 οὕτω
1045 5445 1346 5516 κατῄσχυνε
1402 5446 1495 5498 καὶ
1541 5445 1646 5498 διέ-

63 5535 221 5603 λίγξε
256 5534 351 5586 τὸν
382 5532 806 5605 τρισαλιτήριον,
840 5536 915 5599 ὡς
950 5537 1147 5590 αὐτίκα
1177 5555 1237 5591 τε
1272 5540 1463 5605 φυγεῖν
1502 5538 1646 5589 ὲκεί-

65 5628 173 5691 θεν,
211 5627 314 5680 καὶ
346 5625 481 5697 μηδὲ
506 5626 643 5696 φυὴν
665 5626 848 5680 λαϐεῖν
880 5628 947 5681 τὰ
974 5630 1072 5699 τῆς
1113 5629 1450 5692 ἀποστασίας
1479 5627 1644 5681 αὐτοῦ

67 5722 387 5793 ππέρματα.
460 5718 596 5770 Ἀλλ’
648 5720 851 5773 ἐκεῖθεν
919 5722 1185 5791 ἀποδρὰς,
1242 5720 1645 5791 καταλαμϐάνει

69 5812 265 5887 ιώμμην
299 5808 423 5865 τινὰ
447 5809 552 5863 τῶν
580 5809 998 5882 εὐτελεστάτων,
1029 5814 1189 5867 κάκεῖ
1216 5814 1375 5868 πάλιν
1412 5811 1645 5867 ὑποθάλ-

1818 4713 1860 4767 E
1893 4728 2115 4768 carcere
2161 4710 2373 4781 fugiens
2407 4707 2633 4779 (Manes)
2677 4710 2729 4762 in
2759 4707 3202 4777 MeSOpotamiam
3241 4720 3326 4759 ve-

1746 4804 1857 4871 nit,
1903 4805 2088 4875 ibique
2138 4803 2407 4857 bazreseos
2457 4816 2569 4856 suae
2604 4801 2810 4854 zizania
2841 4801 3033 4853 iterum
3069 4812 3324 4867 spargere

1748 4897 1932 4965 cmpit.
1966 4896 2035 4950 At
2057 4896 2459 4951 Carcharorum
2486 4894 2776 4963 episcopus
2800 4892 2884 4947 cui
2910 4906 3105 4944 nomen
3129 4888 3327 4943 Arche-

1752 4989 1894 5055 laus,
1945 4990 2029 5043 vir
2056 5004 2230 5052 sacer,
2287 4997 2339 5042 et
2365 4986 2533 5039 multa
2570 4986 2621 5039 in
2656 4984 3000 5040 sermonibus
3030 4983 3095 5037 de
3125 4981 3326 5036 divinis

1755 5080 2118 5148 humanisque
2192 5078 2355 5133 rebus
2408 5078 2726 5132 dexteritate
2779 5076 3075 5142 praeditus,
3134 5082 3327 5129 coacto

1753 5171 2093 5225 ethnicorum
2128 5167 2401 5223 auditorio
2424 5209 2438 5233 ,
2474 5184 2541 5222 ne
2571 5170 2616 5222 si
2648 5167 2940 5222 Christiani
2965 5166 3322 5235 judicassent,

1754 5265 1971 5318 veritati
2024 5262 2307 5318 victoriam
2348 5260 2592 5331 judicum
2634 5261 2816 5315 favore
2856 5259 3088 5313 cessisse
3111 5257 3325 5311 videre-

1754 5363 1861 5420 tur,
1915 5368 2090 5423 usque
2140 5352 2275 5406 adeo
2306 5351 2691 5420 impiissimum
2720 5351 2868 5404 illum
2905 5348 3176 5417 redarguit
3205 5354 3327 5400 tan-

1753 5462 1917 5515 toque
1947 5446 2152 5515 pudore
2180 5443 2423 5509 sntfudit,
2478 5451 2537 5497 ut
2584 5443 2764 5497 statim
2797 5441 2976 5511 fugam
3008 5438 3320 5508 arripuerit,

1754 5548 1807 5592 ct
1839 5539 1957 5607 ejus
1986 5538 2255 5592 luereseos
2306 5536 2514 5591 semina
2540 5576 2554 5600 ,
2610 5543 2899 5601 antequam
2946 5536 3321 5591 nascerentur,

1756 5641 2015 5696 oppressa
2041 5624 2263 5679 fuerint.
2321 5624 2493 5678 Porro
2524 5623 2649 5677 inde
2677 5623 2888 5691 fugiens
2914 5618 3119 5683 Manes,
3147 5618 3213 5671 ad
3244 5619 3326 5670 vi-

1754 5719 2021 5773 lissimum
2049 5717 2319 5787 quoddam
2350 5716 2605 5787 oppidum
2632 5714 2895 5784 pervenit,
2925 5712 3106 5781 ibique
3132 5725 3324 5763 rursus

1754 5808 1938 5865 fovere.
1987 5816 2151 5879 atque
2199 5807 2453 5878 evulgare
2491 5820 2646 5862 suam
2678 5804 3009 5876 impietatem
3040 5800 3323 5857 machina-
