3888 6484
537 363 672 417 ΗΞΠ
1397 353 1451 406 S.
1491 353 1902 410 ARCHELAUS
1946 350 2454 407 MESOPOTASlle
2494 351 2878 407 EPISCOPUS.
3641 345 3776 400 “28

533 455 722 520 batur;
760 452 854 509 sed
885 453 1182 508 acerrimus
1203 453 1416 522 pietatis
1445 462 1810 522 propugnator
1833 461 1886 507 et
1912 467 1970 507 re
2002 468 2096 507 ve-

2209 469 2323 506 πειν
2375 451 2705 522 ἐμηχανᾶτο,
2736 453 2829 504 καὶ
2863 445 3274 517 παραδεικνύειν
3304 443 3368 496 τὸ
3395 441 3603 499 οἱαεῖον
3650 438 3778 490 ευτ’

534 561 594 599 ra
624 554 808 614 pastor
852 544 1151 600 Archelaus
1191 545 1284 614 qui
1314 545 1552 599 sedulam
1581 544 1760 598 ovium
1796 559 1978 598 curam
2011 559 2101 614 ge-

2209 546 2434 616 σέϐημα’
2471 544 2585 598 ἀλλ’
2616 546 2644 597 6
2669 542 2867 614 θερμὸς
2893 539 2990 610 τῆς
3026 537 3303 600 εὐσεϐείας
3333 535 3662 604 ὑπέρμαχος
3687 530 3778 580 καὶ

535 641 724 702 rebat,
773 641 1025 693 eumdem
1061 640 1188 708 lupo
1222 639 1501 693 saaviorem
1544 638 1595 691 in
1637 637 1837 692 Christi
1862 653 2096 706 gregem,

2209 637 2272 700 Li);
2300 636 2514 707 ἀληθῶς
2569 634 2768 705 ποιμὴν
2809 632 3112 703 Ἀρχέλαος,
3142 631 3202 682 οὐ
3229 629 3327 698 τὴν
3363 624 3643 695 τυχοῦσαν
3675 620 3778 672 τῶν

533 741 592 785 ut
613 746 735 784 eum
773 731 1127 800 disperderet,
1151 731 1443 784 irruentem
1475 730 1724 801 persequi
1756 745 2095 799 nequaquam

2209 728 2483 800 προϐάτων
2544 726 2863 796 ποιούμενος
2912 723 3201 796 πρόνοιαν,
3253 720 3355 772 οὐκ
3405 713 3775 786 ὲνερῤᾳθὸμει

532 820 787 874 cessavit.
2193 819 2412 875 διώκειν
2459 820 2547 874 τὸν
2580 819 2900 890 πικρότερον
2929 817 3116 896 λύκου.
3148 813 3210 866 τὸ
3241 811 3500 881 ποίμνιον
3543 807 3775 858 διασπα-

2194 911 2414 982 ράσσειν
2449 911 2890 980 ἐπανιστάμενον.
3110 906 3112 908 ’

1826 1001 1893 1056 Et
1913 1004 2074 1072 infra,
2101 1021 2220 1075 pag.
2248 1005 2353 1059 558
2378 1024 2392 1060 :

603 1093 703 1150 llic
757 1095 942 1164 itaque
987 1094 1173 1152 Manes
1222 1105 1332 1150 tam
1370 1095 1549 1166 impia:
1594 1094 1860 1150 haereseos
1911 1106 2102 1149 auctor

534 1201 680 1241 nono
708 1201 853 1240 anno
883 1185 1154 1241 Valeriani
1186 1196 1241 1241 et
1267 1187 1516 1253 Gallieni,
1550 1187 1641 1256 qui
1675 1186 1975 1239 Romanum
2004 1186 2100 1239 ob-

531 1274 778 1328 tinebant
803 1274 1116 1343 imperium,
1149 1290 1215 1329 ex
1240 1273 1528 1330 Persarum
1553 1275 1863 1330 carceribus
1891 1273 2101 1344 fugiens

531 1363 630 1431 (nil
659 1365 803 1419 enim
834 1374 1018 1429 vetat,
1071 1367 1366 1435 quominus
1415 1382 1477 1422 ea
1507 1381 1900 1437 persequamur
1924 1408 1940 1432 ,
1980 1381 2100 1435 qua:

531 1470 696 1525 supra
731 1456 976 1512 historia:
1003 1459 1266 1514 decursus
1297 1460 1658 1529 prmtermisit)
1689 1475 1810 1513 cum
1846 1458 1900 1512 in
1929 1457 2104 1514 Meso-

529 1547 824 1615 potamiam
859 1549 1136 1612 venisset,
1170 1565 1200 1604 a
1229 1550 1414 1604 divino
1443 1549 1708 1604 Archelao
1756 1547 1894 1619 (erat
1918 1558 2098 1604 autem

530 1655 687 1694 sacer
714 1641 814 1694 iste
850 1641 931 1694 vir
958 1639 1358 1696 Careharorum
1407 1641 1648 1711 ejusdem
1683 1642 1918 1710 regionis
1950 1642 2099 1696 urbis

2286 1099 2345 1149 '0
2380 1098 2476 1167 μὲν
2505 1092 2597 1149 οὖν
2623 1096 2814 1166 Μάνης
2849 1088 3019 1158 οὗτος,
3071 1095 3099 1146 6
3125 1092 3223 1162 τῆς
3276 1088 3624 1159 τηλικαύτης
3648 1087 3777 1138 ἀπο-

2209 1188 2431 1251 στασίας
2459 1187 2702 1259 ἔξαρχος,
2765 1186 2873 1238 ἔτει
2899 1185 2998 1255 τῆς
3034 1181 3306 1253 βασιλείας
3347 1181 3558 1248 ἐννάτῳ
3583 1177 3781 1229 Οὐαλε-

2211 1277 2392 1348 ριανοῢ
2423 1280 2517 1331 καὶ
2545 1275 2860 1348 Γαλλιηνοῢ,
2885 1276 2935 1328 οἳ
2972 1274 3188 1344 Ῥώμης
3235 1269 3380 1342 εἶχον
3412 1271 3479 1323 τὸ
3516 1269 3780 1339 βασίλειον

2207 1370 2426 1440 κράτος,
2459 1369 2559 1440 τὴν
2601 1371 2658 1422 ἐν
2711 1368 2950 1437 Πέρσαις
2997 1364 3240 1434 φυλακὴν
3271 1361 3562 1431 διαφυγὼν
3613 1360 3781 1428 (οὐδὲν

2205 1461 2315 1530 γὰρ
2343 1459 2538 1514 κωλύει
2568 1458 2796 1513 διελθεῖν
2819 1457 2854 1510 ἃ
2878 1458 2980 1526 τῆς
3010 1457 3248 1529 ἱστορίας
3274 1458 3302 1508 6
3337 1455 3543 1525 δρόμος
3570 1451 3779 1518 παρῆλ-

2207 1551 2298 1604 θεν
2323 1551 2568 1621 ἄνωθεν),
2603 1551 2694 1604 καὶ
2722 1550 2860 1622 μετά
2932 1547 3356 1618 Μεσοποταμίαν
3381 1543 3653 1614 γεγονὼς,
3688 1543 3783 1595 6:6

2203 1642 2260 1695 δὲ
2291 1642 2384 1694 τοῦ
2410 1642 2695 1695 Θεσπεσίου
2737 1641 3028 1714 Ἀρχελάου
3072 1639 3400 1710 (Καρχάρων
3449 1636 3511 1689 δὲ
3562 1637 3668 1703 τῆς
3695 1635 3784 1686 αὖ·

528 1729 856 1802 episcopus)
913 1730 1032 1798 eius
1089 1731 1338 1800 impietas
1396 1731 1608 1802 egregie
1658 1731 2101 1802 abundanterque

2209 1734 2303 1804 τῆς
2327 1732 2509 1806 χώρας
2538 1730 2690 1798 οὗτος
2713 1736 2741 1787 6
2775 1735 2920 1806 ἱερὸς
2965 1733 3107 1804 ἀνὴρ
3142 1732 3332 1802 ἔφορος
3382 1725 3505 1800 ἦν),
3555 1728 3782 1790 πολλοὺς

529 1819 808 1875 confutata
833 1830 934 1876 est.
971 1821 1145 1890 Atque
1173 1822 1317 1888 inde,
1355 1822 1628 1890 insperato
1656 1823 1896 1877 suffusus
1924 1824 2098 1893 pudo-

533 1928 610 1977 re,
647 1911 878 1983 fugiens,
909 1913 975 1967 ad
1011 1913 1282 1968 Dioridem
1315 1911 1715 1968 Carcharorum
1748 1915 1985 1984 regionis
2011 1929 2100 1984 op-

447 2053 456 2062 ,
533 2005 717 2073 pidum
744 2003 882 2058 clam
908 2005 1138 2059 accessit
1161 2046 1176 2070 ,
1233 2004 1321 2058 ubi
1350 2003 1402 2058 in
1432 2003 1776 2075 'l'ryphonem
1807 2005 2096 2075 quemdam

530 2110 748 2150 sacrum
781 2095 1176 2165 probatumque
1203 2095 1378 2150 virum
1412 2105 1464 2150 et
1487 2085 1545 2149 in
1582 2096 1898 2167 presbyterii
1931 2096 2097 2166 gradu

529 2187 770 2255 positum
806 2186 1071 2250 incidens,
1101 2201 1206 2239 non
1239 2187 1504 2240 minorem
1533 2187 1884 2256 ignominiam
1919 2198 2105 2257 perlu-

529 2279 602 2334 lit
649 2279 790 2345 Quin
821 2289 876 2334 et
906 2280 1022 2349 ipse
1046 2280 1345 2336 Archelaus
1366 2280 1636 2336 Manetem
1671 2281 1798 2336 illuc
1817 2282 2103 2337 advenisse

527 2385 862 2442 cognoscens
897 2371 1032 2441 (erat
1059 2371 1202 2425 enim
1239 2372 1324 2424 vir
1361 2386 1486 2426 acer
1510 2379 1564 2426 et
1594 2371 1808 2441 pietatis
1835 2373 1950 2427 zelo
1977 2389 2104 2428 suc-

526 2462 767 2530 census),
802 2462 868 2516 ad
900 2462 1041 2516 idem
1086 2463 1344 2532 Oppidum
1377 2463 1642 2528 accessit;
1673 2472 1727 2517 et
1759 2464 2101 2534 deceptorem

528 2553 681 2607 illum
713 2554 779 2608 ad
809 2553 1025 2608 consilii
1055 2553 1293 2624 in0piam
1320 2553 1596 2608 redactum
1621 2593 1636 2618 ,
1682 2565 1735 2608 et
1779 2555 2100 2613 confusione

527 2661 692 2714 quam
723 2645 959 2699 maxime
987 2645 1210 2712 vitabat,
1241 2645 1543 2716 perfusum,
1576 2647 1770 2700 iterum
1819 2647 1887 2702 iis
1927 2650 2099 2704 ratio-

526 2738 689 2792 nibus
723 2735 922 2806 quibus
948 2752 1111 2792 exosa
1150 2739 1268 2808 ejus
1297 2737 1550 2810 dogmata
1581 2738 1862 2804 subvertit,
1889 2749 1941 2794 et
1966 2755 2104 2794 cun-

529 2827 632 2882 etis
675 2826 970 2881 deridenda
1016 2835 1177 2896 atque
1203 2827 1517 2883 detestanda
1549 2827 1862 2897 proposuit,
1916 2829 2096 2899 fugam

527 2918 767 2988 arripere
791 2917 985 2988 coegit.

2208 1827 2306 1896 μὲν
2329 1827 2421 1879 καὶ
2449 1826 2714 1897 μεγάλους
2751 1826 3006 1895 ἐλέγχους
3028 1824 3126 1895 τῆς
3150 1821 3471 1883 δυσσεϐείας
3502 1819 3778 1890 ἁπητήθη.

2218 1917 2454 1971 Ἐκεῖθεν
2477 1918 2534 1971 δὲ
2554 1918 2640 1970 διὰ
2677 1916 2774 1988 τὴν
2803 1917 3068 1986 ἀδόκητον
3111 1914 3375 1984 αἰσχύνην
3407 1913 3685 1982 ἀποδρὰς,
3713 1913 3783 1972 εἰς

2204 2009 2435 2080 Διωρίδα
2479 2009 2789 2080 Καρχάρων
2838 2007 3028 2078 κώμην
3081 2005 3437 2078 παραδύεται.
3498 2005 3588 2058 Ἐν
3619 2003 3782 2074 ταύτῃ

2202 2100 2258 2152 δὲ
2291 2100 2545 2172 Τρύφωνι
2575 2118 2682 2154 τινι
2710 2100 3001 2170 σπουδαίῳ,
3067 2099 3197 2170 ἱερῷ
3254 2099 3351 2169 μὲν
3379 2098 3560 2169 ἀνδρὶ,
3597 2098 3692 2148 τὸν
3733 2095 3783 2148 δὲ

2203 2192 2298 2246 τοῦ
2332 2191 2704 2264 πρεσϐυτέρου
2733 2192 2968 2246 διέποντι
3001 2191 3226 2262 βαθμὸν,
3271 2193 3536 2261 ἐντυχὼν.
3597 2189 3674 2241 τὰ
3704 2190 3781 2240 ἴσα

2205 2283 2433 2355 ὑπέστη.
2462 2285 2610 2356 Πλὴν
2637 2284 2774 2338 ἀλλὰ
2828 2285 2924 2337 καὶ
2978 2283 3140 2346 αὐτός
3172 2300 3230 2335 τε
3273 2285 3302 2334 6
3358 2281 3662 2351 ’Δρχέλαος
3693 2281 3782 2348 τήν

2205 2376 2382 2428 ἐκεῖσε
2407 2375 2756 2447 παρείσδυσιν
2783 2375 2876 2430 τοῦ
2901 2375 3108 2430 πλάνου
3157 2373 3345 2445 μαθὼν
3381 2373 3537 2441 (ὀξὺς
3582 2374 3698 2443 γὰρ
3723 2369 3783 2442 ἦν

2205 2468 2297 2520 καὶ¹
2326 2467 2526 2539 θερμὸς
2554 2469 2644 2522 τὸν
2681 2469 2878 2539 εὐσεϐῆ
2911 2465 3115 2537 ζῆλον),
3147 2463 3564 2534 καταλαμϐάνει
3588 2464 3655 2516 τὸ
3687 2483 3779 2531 χω-

2205 2559 2338 2630 ρίον’
2376 2561 2470 2612 καὶ
2495 2559 2693 2632 πολλῆς
2745 2560 3030 2632 ἐμπλήσας
3076 2558 3164 2611 τὸν
3217 2557 3418 2611 πλάνον
3449 2560 3777 2626 ἀμηχανίας,

2206 2652 2298 2703 καὶ
2324 2651 2390 2722 ἢν
2419 2651 2643 2721 ἔφευγεν
2669 2653 2949 2724 αἰσχύνης,
2981 2646 3063 2707 οἷς
3084 2650 3247 2704 αὐτοῦ
3277 2649 3346 2702 τὰ
3403 2649 3632 2720 μυσαρὰ
3686 2647 3778 2699 τῶν

2202 2739 2487 2811 δογμάτων
2515 2743 2776 2816 ἀνέτρεπέ
2805 2761 2888 2806 τε,
2925 2743 3018 2796 καὶ
3047 2739 3406 2804 ἀνεσκεύαξε,
3439 2742 3542 2794 καὶ
3569 2740 3776 2811 προύτί-

2205 2830 2289 2883 θει
2347 2833 2479 2886 πᾶσι
2513 2835 2724 2902 γέλωτά
2759 2853 2818 2888 τε
2869 2835 2964 2888 καὶ
3019 2833 3316 2904 βδέλυγμα,
3370 2831 3777 2904 παρασκευάζει

2206 2923 2367 2976 πάλιν
2397 2926 2610 2994 φυγάδα
2641 2927 2910 2996 γενέσθαι.

2078 3009 2204 3067 Vlll.

1499 3104 1698 3157 Auctor
1736 3121 2027 3174 anonymus
2066 3105 2252 3161 Libelli
2281 3106 2552 3175 Synodici,
2583 3130 2697 3182 cap.
2737 3114 2825 3167 27.

601 3191 856 3266 Synodus
887 3194 1068 3248 divina
1115 3202 1170 3248 et
1211 3207 1367 3248 sacra
1397 3193 1744 3262 particularis
1791 3195 2016 3252 collecta
2047 3195 2100 3248 in
2131 3202 2171 3257 (ζ

527 3285 916 3356 Mesopotamia
948 3286 1016 3340 ab
1038 3286 1304 3342 Archelao
1333 3285 1732 3341 Careharorum
1759 3286 2016 3356 episcOpo
2044 3296 2100 3342 et

529 3377 766 3432 Diodoro
819 3377 1140 3443 sacerdote,
1186 3385 1377 3432 contra
1426 3375 1636 3430 Manent
1682 3376 2000 3433 infernalem
2045 3387 2099 3433 et

529 3467 908 3524 Diodoriadem
937 3469 1334 3539 presbyterum,
1361 3484 1482 3538 quae
1504 3469 1689 3525 multis
1712 3469 1888 3525 modis
1915 3468 2098 3525 confu-

529 3568 673 3616 tatos
701 3559 865 3614 hosce
889 3557 1181 3614 abdicavit.

2080 3655 2172 3713 IX.

2280 3197 2505 3262 Σύνοδος
2535 3201 2653 3254 θεία
2708 3203 2800 3256 καὶ
2841 3202 2962 3275 ἱερά
3011 3203 3210 3275 μερικὴ
3239 3202 3698 3274 συναθροισθεῖσα
3727 3204 3774 3253 ἐν

2202 3292 2265 3358 τῇ
2302 3290 2697 3365 Μεσοποταμία
2734 3295 2839 3348 ὑπὸ
2882 3294 3174 3366 Ἀρχελάου
3221 3293 3540 3346 ἐπισκόπου
3571 3293 3773 3364 Καρκί-

2205 3397 2312 3451 ρων
2338 3383 2432 3435 καὶ
2457 3385 2718 3458 Διοδώρου
2750 3388 2937 3459 ἱερέως
2971 3387 3109 3441 κατὰ
3137 3387 3421 3448 Μάνεντος
3451 3384 3554 3438 τοῦ
3593 3383 3770 3456 ἐρεϐώ-

2201 3473 2324 3538 δους
2353 3478 2446 3530 καὶ
2473 3479 2823 3552 Διοδωριάδου
2861 3479 3252 3552 πρεσϐυτέρου,
3277 3478 3408 3548 ἥτις
3435 3478 3770 3549 πολυτρόπως

2204 3565 2426 3633 τούτους
2458 3571 2723 3640 ἐλέγξασα
2747 3573 3077 3646 ἀπεκήρυξε.

879 3744 1078 3800 Auctor
1122 3759 1410 3814 anonymus
1462 3744 1712 3800 Historia:
1757 3746 2010 3804 [ueraseos
2047 3745 2481 3820 Manio/urorum,
2513 3773 2542 3811 e
2566 3775 2664 3814 ms.
2695 3761 2869 3814 codice
2891 3761 3031 3831 regio
3057 3759 3396 3814 Taurinensi.

602 3862 917 3936 Scythianus
947 3865 1021 3930 (4)
1064 3863 1282 3933 quidam
1329 3865 1432 3920 fuit
1467 3880 1534 3920 ex
1576 3881 1770 3936 genere
1801 3865 2100 3922 Saraceno-

530 3972 673 4022 rum,
700 3971 730 4011 a
756 3972 864 4026 quo
892 3955 1112 4010 haeresis
1135 3955 1554 4011 Manichzeorum
1603 3968 1721 4013 orta
1745 3969 1824 4014 est
1847 3977 1860 4026 ;
1887 3959 1977 4030 qui
2004 3960 2100 4014 ad-

537 4062 727 4102 versus
755 4061 937 4101 veram
965 4054 1280 4115 rectamque
1314 4046 1472 4101 ﬁdem
1507 4057 1742 4117 quatuor
1771 4047 1938 4104 libros
1966 4064 2099 4102 con-

531 4138 772 4208 scripsit,
806 4151 1040 4206 quorum
1073 4152 1240 4190 unum
1276 4138 1488 4191 vocavit
1515 4137 1856 4208 Mysterium,
1905 4155 2098 4194 secun-

531 4232 658 4285 dum
709 4227 1114 4296 Capitulorum,
1163 4227 1379 4280 tertium
1415 4227 1758 4299 Evangelium
1785 4271 1800 4295 ,
1846 4241 2099 4299 quartum

531 4337 660 4374 vero
683 4320 1004 4374 Thesaurum
1029 4319 1349 4387 appellavit:
1370 4329 1422 4374 et
1445 4321 1633 4374 habuit
1657 4321 1981 4390 discipulum
2010 4337 2106 4375 n0-

531 4411 676 4465 mine
704 4407 1055 4469 Terebintum,
1079 4405 1172 4474 qui
1197 4406 1515 4474 discipulus,
1545 4416 1759 4461 mortuo
1791 4404 2098 4475 Scythiam,

530 4517 754 4559 sumens
779 4499 851 4570 (5)
885 4508 1214 4554 memoratos
1264 4507 1499 4568 quatuor
1528 4499 1697 4554 libros
1721 4539 1734 4558 .
1781 4515 1878 4554 nec
1905 4514 2012 4552 non
2048 4507 2101 4552 et

530 4595 819 4668 pecuniam
850 4608 958 4647 non
989 4607 1232 4662 parvam,
1257 4590 1514 4660 quoniam
1549 4589 1649 4644 fuit
1679 4589 1754 4657 (6)
1780 4589 2098 4660 Scythianus

2206 3885 2455 3943 crperat,
2485 3893 2582 3946 pro
2609 3890 2779 3935 morte
2807 3882 2926 3951 ejus
2968 3880 3212 3950 pecunia;
3255 3879 3570 3948 cupiditate
3609 3878 3762 3948 gavisa

2206 3985 2431 4039 puerum
2467 3974 2570 4028 sibi
2613 3989 2713 4042 pro
2740 3973 3033 4029 senectutis
3077 3971 3273 4026 solatio
3301 3971 3652 4040 comparatit
3682 3969 3761 4032 (Ti,

2205 4061 2423 4116 nomine
2453 4061 2776 4127 Curbicium,
2799 4078 2958 4132 quem
2982 4062 3244 4117 etlitteris
3278 4076 3386 4114 non
3419 4059 3762 4115 mediocribus

2206 4152 2439 4207 erudivit
2469 4172 2481 4207 :
2519 4163 2642 4223 post
2667 4155 2822 4224 cujus
2846 4163 3070 4207 mortem
3097 4167 3206 4206 non
3229 4151 3412 4205 solum
3441 4152 3620 4205 libros
3645 4163 3760 4218 quos

2212 4244 2519 4299 Terebintus
2554 4246 2868 4315 reliquerat,
2899 4245 2989 4300 sed
3020 4253 3072 4299 et
3097 4243 3386 4314 pecuniam
3420 4243 3660 4297 (Ζυγὸίάί
3687 4256 3759 4295 sn-

2207 4351 2362 4390 mens
2387 4379 2402 4401 ,
2451 4335 2669 4390 Trembi
2703 4337 2780 4406 (8)
2829 4335 3128 4404 discipulos
3177 4334 3520 4402 acquisivit,
3549 4346 3758 4404 quorum

2208 4444 2348 4482 unus
2387 4427 2634 4493 Thomas,
2669 4429 2809 4483 alius
2844 4425 3014 4490 Abda,
3043 4425 3232 4479 tertius
3265 4435 3349 4477 est
3383 4423 3640 4477 Hermas.
3669 4420 3760 4474 llos

2206 4521 2272 4574 ad
2306 4522 2704 4591 praedicandum
2737 4521 2903 4575 libros
2925 4534 3062 4588 quos
3088 4516 3408 4587 Scythianus
3434 4517 3758 4584 conscripsi!-

2207 4622 2312 4677 rat,
2341 4612 2610 4673 tnittebat,
2644 4612 2844 4681 quibus
2874 4610 2951 4679 (9)
2983 4609 3228 4678 plurima:
3255 4609 3562 4677 provinciae
3600 4609 3650 4660 in
3673 4621 3757 4658 me

530 4687 685 4742 "inde
712 4685 1018 4739 diliSSimus
1043 4691 1196 4749 πθίῖ
1223 4697 1354 4751 "3°
1377 4723 1392 4748 ν
1423 4690 1483 4736 ut
1506 4681 1932 4735 memorabimus
1955 4723 1970 4748 ν
2006 4681 2100 4736 Τε·
2133 4708 2176 4766 D
2206 4714 2414 4757 morata
2440 4714 2584 4758 secta
2610 4704 2831 4758 irrelita:
2853 4711 2999 4758 sunt.
3037 4699 3238 4754 Tamen
3272 4709 3325 4754 et
3358 4700 3476 4769 ipse
3501 4700 3753 4754 Curtii-iu

530 4779 764 4833 rebintus
793 4777 1006 4832 devenit
1050 4776 1102 4830 in
1130 4774 1372 4840 Persida,
1421 4783 1476 4829 et
1505 4789 1535 4829 a
1560 4773 1795 4843 quadam
1821 4773 1980 4828 vidua
2007 4789 2098 4828 so-

530 4872 708 4927 litaria
747 4881 1030 4940 susceptus
1073 4878 1186 4935 est,
1233 4885 1353 4939 qua:
1390 4868 1505 4923 sola
1560 4877 1768 4922 secreta
1800 4867 1919 4936 ejus
1957 4867 2098 4922 scire

530 4965 722 5036 potuit.
784 4962 882 5016 llic
921 4961 1151 5016 elatione
1191 4960 1432 5015 tumidus
1475 4959 1688 5013 dicebat
1716 4973 1773 5013 se
1793 4958 1859 5012 de
1887 4956 2096 5028 virgine

530 5065 755 5121 natum,
799 5063 853 5108 et
896 5052 963 5106 ab
1007 5051 1198 5122 angelo
1226 5052 1278 5105 in
1312 5051 1590 5104 montibus
1632 5049 1964 5106 enutritum:
2001 5047 2094 5116 qui

529 5147 692 5200 etiam
716 5187 731 5210 ,
766 5153 971 5198 mutato
1000 5143 1101 5196 sibi
1136 5141 1391 5205 nomine,
1441 5140 1686 5194 Buddam
1720 5155 1778 5193 se
1811 5154 1907 5206 pro
1943 5137 2096 5190 Tere-

527 5235 675 5290 binto
707 5234 1012 5304 appellavit.
1075 5231 1178 5287 Sed
1225 5249 1349 5286 cum
1400 5231 1631 5300 quadam
1678 5230 1766 5283 die
1809 5229 1862 5282 in
1895 5227 2096 5283 solario

527 5327 887 5390 ascenderet,
938 5326 1007 5380 ab
1051 5325 1330 5378 immundo
1387 5323 1578 5391 spiritu
1607 5321 1801 5376 exinde
1828 5322 2092 5392 dejectus,

527 5427 746 5490 repente
771 5419 1020 5489 spiritum
1047 5415 1445 5472 reddidit.Tum
1474 5417 1655 5483 vidua,
1673 5431 1794 5485 qua:
1817 5431 1941 5471 eum
1969 5431 2094 5471 sus-

598 5554 678 5622 (ι)
717 5552 818 5606 Ms.
858 5571 875 5604 ι
913 5551 1207 5606 Seitianus.
1240 5569 1258 5601 ι

621 5625 677 5692 5)
724 5642 758 5692 «γ
785 5623 1061 5677 Sumebat.
1101 5641 1119 5672 ι

623 5690 679 5758 6)
715 5691 828 5748 Hoc
863 5713 879 5743 ι
921 5692 1022 5746 fuit
1057 5712 1075 5742 ι
1110 5691 1394 5746 delendum
1427 5705 1546 5746 esse
1576 5690 1831 5750 arbitror.

628 5762 680 5835 7)
717 5761 816 5817 Ms.
856 5782 873 5815 ι
907 5761 1258 5834 comparabit.
1300 5780 1316 5812 ι

2203 4804 2324 4865 post
2367 4803 2594 4849 mortem
2626 4795 2821 4858 viduae,
2868 4794 3154 4847 inunutato
3199 4791 3301 4844 sibi
3333 4793 3565 4845 nomine
3595 4791 3753 4843 Μειεη

2204 4903 2260 4941 se
2291 4903 2388 4957 pro
2433 4887 2678 4941 Curbicio
2717 4886 2824 4957 (l0)
2862 4883 3224 4954 nuncupavit,
3278 4882 3374 4952 qui
3423 4883 3751 4951 aliquandoa

2204 4994 2327 5047 rege
2352 4976 2640 5032 Persarum
2667 4977 3110 5046 comprehensus,
3133 4973 3226 5027 tali
3255 4974 3531 5027 sententia
3557 4974 3752 5027 dana-

2205 5079 2290 5122 tns
2322 5076 2424 5132 est,
2463 5077 2520 5122 ut
2547 5068 2821 5122 hircorum
2853 5082 3002 5120 more
3034 5064 3386 5126 discoriatus,
3419 5073 3543 5118 uter
3570 5057 3745 5134 ejusad

2204 5168 2412 5229 portam
2447 5159 2725 5228 penderet,
2777 5171 2970 5212 carnes
3001 5169 3130 5208 vero
3153 5155 3274 5223 ejus
3306 5154 3625 5208 volucribus
3649 5145 3742 5203 cosli

2204 5251 2270 5305 ad
2314 5266 2494 5306 eseam
2539 5253 2880 5321 proﬁcerent.
2950 5247 3074 5301 "me
3107 5247 3178 5301 ita
3223 5261 3347 5303 esse
3379 5247 3578 5302 melius
3612 5252 3741 5299 nos!

2203 5343 2480 5411 cupientes
2514 5340 2834 5395 Archelaum
2869 5340 3063 5410 legant.

2268 5545 2343 5602 (Si
2385 5543 2605 5597 Videtur
2628 5543 2910 5612 legendum
2947 5561 2964 5592 ι
2999 5551 3126 5595 tres.
3161 5559 3182 5592 ι

2268 5621 2344 5680 (tl)
2385 5615 2481 5668 Ms.
2521 5633 2539 5664 ι
2575 5631 2666 5682 per
2695 5613 2913 5683 quibus.
2955 5632 2973 5662 ι

2269 5687 2378 5758 (l0)
2417 5685 2516 5740 Ms.
2562 5704 2578 5736 ι
2613 5683 2946 5739 Curbiciutn.
2985 5701 3002 5735 ο
