3888 6500
133 346 264 402 1429

985 323 1162 383 ACTA
1203 324 1370 382 DISP.
1410 324 1466 378 S.
1510 324 1783 380 ARCHEL
1843 330 1982 384 CUM
2024 332 2300 388 ΜΑΝΕΤΕ
2341 333 2500 391 IIER.

3222 349 3354 402 H30

876 684 1296 817 ACTA
1423 687 2634 817 DISPUTATIONIS

1282 945 1402 1058 S.
1502 945 2208 1062 ARCHELAI

381 1187 1243 1282 CASCHARORUM
1372 1189 1496 1276 IN
1590 1185 3064 1285 MESOPOTAMIAEPISCOPI

1140 1377 1296 1441 CUM
1344 1377 1678 1439 MANETE
1731 1378 2342 1440 HIERESIARCHA.

193 1695 236 1749 l.
275 1693 590 1750 Thesaurus
647 1708 809 1747 verus
833 1733 850 1759 ,
900 1693 1011 1747 sive
1059 1691 1352 1762 disputatio
1402 1692 1582 1747 habita
1637 1693 1693 1748 in
1725 1697 1770 1754 Α
1797 1695 1969 1762 pretia
1999 1695 2285 1758 militibus,
2321 1711 2419 1749 nec
2448 1711 2675 1750 numero
2698 1697 2880 1766 aliquo
2915 1711 3013 1751 nec
3039 1695 3362 1752 discretione

119 1787 362 1842 Carchar
408 1787 519 1856 (ll)
567 1786 784 1841 civitate
855 1783 1278 1854 Mesopotamiae,
1319 1784 1693 1855 iudicantibus

121 1877 379 1947 Manippo
415 1876 547 1947 (12),
578 1884 631 1931 et
660 1875 907 1946 .IEgialeo
930 1917 944 1940 ,
976 1885 1028 1930 et
1052 1875 1297 1942 Claudio,
1333 1885 1387 1930 et
1416 1875 1690 1932 Cleobolo.

119 1967 185 2022 ln
217 1985 318 2037 qua
349 1968 483 2024 urbe
515 1968 912 2037 Mesopotamia:
937 1975 1052 2022 erat
1077 1969 1295 2038 quidam
1331 1968 1433 2032 vir,
1466 1967 1695 2024 Marcel-

124 2058 216 2113 lus
244 2059 480 2118 nomine,
509 2059 600 2128 qui
632 2059 738 2112 vita
766 2067 820 2112 et
857 2058 1050 2112 studiis
1080 2068 1133 2112 et
1162 2075 1378 2128 genere,
1412 2059 1695 2129 prudentia

116 2163 342 2219 quoque
367 2157 421 2203 et
443 2149 728 2202 honestate
765 2148 919 2202 valde
946 2147 1126 2202 clarus
1160 2148 1492 2214 habebatur;
1521 2148 1691 2204 facul-

120 2241 330 2296 tatibus
358 2241 520 2295 etiam
547 2242 822 2309 copiosus,
858 2248 911 2295 et
944 2241 1088 2310 quod
1117 2240 1361 2294 omnium
1395 2242 1694 2296 maximum

117 2341 247 2397 est,
300 2332 708 2403 religiosissime
756 2331 924 2387 Deum
972 2332 1204 2397 timens,
1255 2343 1307 2388 et
1350 2333 1434 2389 his
1483 2349 1604 2404 qua:
1630 2335 1697 2390 de

116 2423 345 2478 Christo
365 2425 707 2488 dicebantur,
726 2440 940 2495 semper
971 2441 1093 2479 cum
1122 2425 1316 2481 timore
1341 2428 1654 2484 auscultans
1679 2447 1693 2496 ;

118 2531 224 2570 nec
257 2515 552 2585 quidquam
582 2515 808 2570 omnino
834 2515 962 2569 boni
991 2527 1130 2581 erat,
1168 2519 1310 2589 quod
1346 2519 1421 2573 illi
1452 2520 1570 2574 viro
1599 2520 1694 2574 de-

112 2617 270 2663 esset
304 2626 316 2661 :
354 2608 496 2661 unde
520 2618 572 2661 et
597 2606 807 2661 honore
841 2608 1074 2678 plurimo
1101 2611 1168 2665 ab
1200 2613 1453 2667 universa
1479 2613 1697 2669 civitate

117 2699 444 2765 colebatur,
480 2699 840 2768 plurimisque
890 2700 1004 2769 ipse
1051 2702 1323 2758 civitatem
1380 2720 1534 2758 suam
1588 2704 1694 2759 fre-

116 2797 354 2858 quenter
403 2787 783 2856 largitionibus
831 2791 1311 2856 remunerabatur,
1367 2792 1696 2862 pauperibus

116 2881 368 2936 tribuens
391 2919 405 2944 ,
441 2881 669 2936 afﬂictos
697 2881 940 2936 relevans
966 2921 980 2945 ,
1021 2883 1291 2937 tribulatis
1321 2885 1586 2938 auxilium
1619 2885 1696 2939 le-

118 2985 274 3024 rens.
333 2969 438 3025 Sed
471 2986 539 3025 ne
565 2971 879 3026 infirmitate
919 2973 1208 3027 verborum
1256 2973 1548 3029 virtutibus
1594 2976 1691 3029 viri

1799 1783 1908 1838 ulla
1941 1783 2226 1854 distinguit
2260 1784 2396 1854 (l3),
2432 1794 2488 1838 ιιι
2516 1787 2688 1856 magis
2719 1785 2861 1839 dona
2891 1801 3053 1855 quam
3081 1785 3252 1856 pretia
3278 1785 3361 1838 vi-

1798 1875 2074 1929 derentur.
2102 1877 2172 1928 At
2203 1876 2276 1928 illi
2303 1876 2551 1930 admirati
2578 1887 2629 1929 et
2655 1878 2884 1945 amplexi
2912 1887 3017 1931 tam
3044 1877 3362 1931 immensam

1799 1967 1900 2020 viri
1945 1967 2198 2037 pietatem
2248 1968 2819 2038 muniﬁcentiamque,
2871 1977 2924 2022 et
2967 1969 3091 2023 facti
3145 1978 3366 2039 stupore

1799 2060 2029 2128 permoti
2052 2100 2067 2122 ,
2101 2061 2349 2130 exemplo
2377 2059 2761 2113 misericordia:
2789 2070 3200 2114 commonentur
3227 2061 3362 2132 (14),

1800 2165 1854 2206 ut
1889 2150 2103 2220 plurimi
2131 2167 2194 2205 ex
2227 2152 2359 2221 ipsis
2381 2151 2708 2206 adderentur
2737 2151 2802 2204 ad
2835 2152 2989 2204 tidem
3020 2151 3235 2206 Domini
3264 2169 3363 2207 no-

1799 2245 1895 2298 stri
1938 2243 2065 2299 Jesu
2113 2243 2347 2308 (Jhristi,
2397 2243 2657 2298 derelicto
2706 2243 2910 2298 militia:
2945 2243 3160 2314 cingulo
3205 2244 3361 2314 (15);

1800 2334 1889 2386 alii
1926 2350 2052 2388 vero
2074 2377 2087 2400 ,
2121 2334 2207 2388 vix
2252 2344 2444 2405 quarta
2477 2334 2772 2403 pretiorum
2821 2333 3063 2403 portione
3090 2345 3364 2404 suscepta,

1798 2425 1863 2478 ad
1894 2425 2111 2494 propria
2143 2436 2321 2480 castra
2349 2427 2718 2492 discederent;
2749 2427 2926 2481 caeteri
2961 2437 3138 2482 autem
3171 2443 3361 2497 parum

1799 2518 2025 2570 omnino
2067 2517 2305 2586 aliquid,
2353 2528 2614 2587 quantum
2659 2517 2856 2573 viatico
2891 2517 3189 2583 sulliceret,
3223 2517 3365 2574 acci-

1798 2609 2009 2679 pientes
2033 2608 2265 2662 abirent.

1870 2703 1935 2754 ll.
1982 2700 2076 2755 llis
2107 2702 2288 2771 itaque
2334 2701 2499 2770 gestis
2547 2701 2703 2756 huius
2739 2699 3022 2755 Marcellus
3052 2713 3166 2755 erat
3191 2700 3361 2766 valde,

1797 2803 1849 2848 et
1879 2794 2053 2848 accito
2085 2807 2193 2846 uno
2221 2809 2282 2846 ex
2313 2793 2560 2861 captivis,
2594 2793 2854 2864 Cortyuio
2883 2793 3122 2856 nomine,
3151 2792 3367 2862 perqui-

1801 2890 1953 2942 rebat
1987 2887 2054 2942 ab
2076 2903 2141 2941 eo
2173 2903 2394 2941 causam
2427 2886 2576 2948 belli,
2609 2887 2688 2940 vel
2717 2901 2826 2955 quo
2857 2901 2984 2939 casu
3019 2884 3117 2953 ipsi
3154 2882 3370 2938 inferio-

1798 2994 1884 3032 res
1915 2977 2221 3032 cxstiterint
2242 3016 2256 3039 ,
2307 2992 2370 3030 ac
2399 2975 2631 3028 vinculis
2662 2974 2988 3043 captivitatis
3021 2972 3200 3026 innexi
3236 2973 3362 3026 sint.

115 3061 447 3131 derogemus
499 3062 682 3132 potius
737 3079 901 3133 quam
947 3064 1109 3134 digna
1165 3065 1542 3136 proferamus,
1579 3067 1694 3122 hac
1724 3047 1766 3100 Β
1801 3070 2000 3133 Atille,
2035 3067 2289 3137 loquendi
2329 3067 2431 3121 sibi
2471 3075 2733 3136 potestate
2759 3065 3044 3133 permissa,
3101 3065 3171 3118 ita
3205 3078 3364 3118 exor-

115 3153 330 3206 dixisse
358 3152 587 3207 suﬂieiat
617 3173 630 3211 :
661 3155 726 3208 ad
750 3171 888 3224 opus
919 3157 1060 3225 quod
1092 3157 1434 3227 propositum
1464 3168 1566 3222 est,
1597 3175 1692 3213 ve-

117 3242 295 3296 niam.
353 3240 598 3308 Quodam
635 3245 688 3298 in
719 3253 962 3316 tempore
993 3264 1115 3301 cum
1152 3249 1415 3304 Archelao
1439 3250 1694 3320 episcopo

113 3333 464 3402 captivorum
496 3335 787 3391 multitudo
814 3336 1008 3392 fuisset
1047 3339 1226 3394 oblata
1259 3356 1290 3395 a
1316 3342 1577 3397 militibus
1601 3344 1694 3412 qui

114 3423 194 3478 ibi
225 3431 406 3478 castra
443 3427 774 3493 servabant,
826 3438 1030 3500 septem
1072 3431 1238 3486 millia
1270 3449 1498 3489 numero
1526 3445 1578 3490 et
1604 3451 1693 3492 se-

117 3516 410 3585 ptingenti,
448 3533 557 3571 non
591 3521 884 3577 mediocris
927 3539 1052 3578 eum
1079 3524 1386 3581 sollicitudo
1419 3529 1694 3582 constrin-

115 3615 302 3676 xerat,
333 3623 398 3664 eo
432 3612 574 3683 quod
608 3628 705 3682 pro
737 3614 912 3670 salute
946 3615 1186 3685 ipsorum
1225 3634 1417 3673 aurum
1449 3636 1480 3675 a
1508 3622 1694 3675 militi-

117 3700 228 3754 bus
278 3715 628 3772 posceretur;
681 3706 772 3775 qui
803 3722 928 3762 cum
960 3708 1306 3764 dissimulare
1335 3727 1443 3766 non
1489 3722 1692 3782 posset,

114 3807 224 3862 pro
269 3792 528 3862 religione
571 3804 624 3849 et
674 3796 868 3851 timore
900 3796 994 3851 Dei
1027 3799 1374 3856 vehementer
1404 3804 1692 3867 aestuabat,

112 3891 174 3935 et
211 3881 432 3936 tandem
481 3884 547 3937 ad
582 3883 892 3940 Marcellum
931 3902 1250 3957 properans,
1295 3890 1373 3944 rei
1405 3901 1570 3960 gestae
1601 3908 1697 3947 ne-

116 3974 336 4042 gotium
365 3976 608 4045 exponit.
664 3976 886 4042 Verum,
935 3989 994 4032 ut
1023 3981 1136 4036 haec
1169 3983 1376 4037 audivit
1401 3985 1483 4036 vir
1514 3985 1698 4054 piissi-

115 4082 251 4122 mus
277 4066 567 4123 Marcellus
588 4111 602 4137 ,
647 4071 779 4126 nihil
813 4076 1037 4128 omnino
1069 4085 1346 4142 moratus,
1400 4076 1697 4147 ingreditur

115 4159 376 4223 domum,
413 4174 726 4229 prmparans
756 4163 926 4232 pretia
958 4164 1320 4234 captivorum,
1353 4177 1696 4236 quantacun-

113 4264 234 4318 que
264 4250 644 4319 p0poscissent
675 4258 766 4321 qui
799 4253 1134 4309 deduxerant
1160 4257 1406 4325 vinctos;
1441 4268 1491 4313 et
1526 4259 1699 4314 conti-

114 4355 261 4409 nuo,
293 4341 550 4398 reseratis
580 4343 850 4400 bonorum
887 4361 1111 4402 suorum
1144 4349 1414 4405 thesauris
1435 4394 1448 4418 ,
1481 4351 1696 4422 pietatis

195 4567 314 4639 (ll)
354 4566 482 4624 Haec
501 4570 688 4642 eadem
717 4571 846 4628 urbs
873 4571 1015 4627 infra
1041 4589 1159 4642 cap.
1191 4575 1224 4629 3
1261 4594 1279 4626 ι
1310 4575 1512 4632 Charra
1552 4598 1568 4629 ι
1602 4596 1698 4634 vo-

111 4650 316 4720 catur}
349 4654 456 4720 non
481 4657 508 4720 _¢
543 4641 814 4720 tiarchar,
855 4661 906 4720 Dn
929 4652 1024 4697 aut
1057 4663 1074 4695 ‹
1101 4641 1442 4720 -Ca_sclia_r,_i
1485 4649 1700 4720 utiEpi-

118 4708 370 4780 phanius
406 4709 588 4780 habet.
653 4710 832 4777 Quare
857 4713 1150 4780 disputatio
1187 4715 1285 4768 ista
1320 4708 1497 4770 habita
1531 4708 1699 4776 fuisse

111 4779 346 4855 videtur
379 4779 522 4855 apud
563 4779 799 4855 Carrhas
841 4779 1246 4855 celeberrimam
1301 4784 1700 4855 Mesopotamia:

115 4849 346 4970 ulrblem.
388 4849 522 4904 Vide
545 4851 702 4920 plura
736 4852 790 4906 in
821 4851 1136 4921 praefatione
1164 4863 1370 4922 nostra,
1395 4849 1485 4911 ubi
1507 4859 1573 4913 de
1595 4859 1699 4912 Ar-

115 4934 152 4970 c
175 4933 227 4970 te
253 4934 344 4970 ao.

113 4933 344 4974 cnetao.

197 4987 316 5065 (ἰῇ
359 4988 644 5065 Μάρσιπος
678 5000 902 5045 vocatur
934 4991 1469 5065 apudiEpipbanium
1496 4997 1550 5051 in
1578 4996 1699 5055 lla:-

110 5074 234 5113 rern
269 5060 689 5114 Manichaeorum
726 5077 868 5126 vai,
895 5060 1046 5117 num.
1080 5060 1165 5117 1οξ

198 5128 320 5196 (15)
362 5129 542 5193 Forte,
577 5148 595 5180 ι
634 5131 928 5186 distribuit.
968 5151 987 5184 ι

199 5197 320 5266 (14)
362 5197 542 5265 Forte,
580 5218 598 5251 ι
637 5213 1070 5256 commoventur.
1109 5221 1128 5254 ι

200 5268 726 5347 (ξωᾈῦιιοπυίεεθ
759 5286 788 5324 a
823 5271 1011 5326 militia
1053 5272 1393 5347 Christianos
1418 5277 1700 5347 primitivae

110 5338 410 5415 EccleSiaé,
442 5356 507 5394 ne
541 5356 874 5415 paganorum
901 5345 1228 5399 commercio
1251 5338 1703 5415 atque-supersti-

112 5410 379 5482 tionibus
428 5414 833 5466 macularentur
854 5453 868 5475 ,
925 5415 1106 5469 notius
1137 5427 1220 5469 est
1251 5410 1698 5482 ex'Tertulliano,

109 5479 209 5534 De
243 5496 438 5554 corona
472 5482 732 5554 militiae.
776 5483 834 5536 ll
860 5524 874 5547 ,
921 5499 1083 5552 quam
1118 5495 1175 5539 ut
1204 5486 1450 5554 pluribus
1477 5479 1701 5542 demoné

113 5553 298 5627 strari
326 5565 463 5627 opus
495 5554 584 5627 s_it_.
647 5552 749 5606 Sed
768 5555 842 5627 ad
874 5552 1427 5627 illustrandumltunc
1452 5557 1699 5627 disputa-

116 5620 578 5694 tionisArchelai
601 5638 722 5677 eum
763 5622 970 5678 Manete
992 5625 1192 5687 locum,
1225 5625 1517 5694 plurimum
1541 5620 1702 5693 'facit,

111 5690 281 5768 quod
312 5691 509 5745 ibidem
533 5693 608 5768 ait
632 5694 1001 5768 _Tertu|lian_us
1034 5715 1046 5768 ς
1081 5715 1097 5745 ‹
1127 5690 1293 5768 Plane
1318 5697 1361 5752 si
1390 5712 1530 5766 quos
1555 5690 1693 5751 milii

114 5763 203 5813 iia
239 5772 544 5830 praeventus
578 5763 708 5820 tides
735 5766 1001 5835 posterior
1035 5766 1269 5834 imenit,
1323 5763 1428 5823 alia
1455 5769 1691 5824 conditio

1801 3177 1896 3216 sus
1929 3169 2028 3213 est.
2065 3158 2195 3225 Nos,
2231 3159 2447 3212 domine
2480 3159 2547 3211 mi
2577 3156 2846 3219 Marcelle,
2880 3155 3076 3208 viventi
3109 3153 3216 3209 Deo
3247 3171 3364 3210 cre-

1800 3253 1983 3305 (liuius
2029 3251 2149 3305 soli.
2218 3247 2313 3302 Est
2344 3259 2521 3302 autem
2568 3247 2724 3301 nobis
2762 3263 2880 3300 mos
2914 3247 3224 3315 hujusmodi
3257 3245 3368 3300 fra-

1802 3357 1942 3400 trum
1979 3323 2290 3397 nostrorum
2329 3340 2380 3394 in
2407 3357 2506 3395 nos
2534 3339 2823 3393 traditione
2860 3339 3212 3405 descendens,
3253 3341 3367 3409 qui-

1801 3451 1908 3508 que
1960 3451 1990 3490 a
2037 3435 2190 3490 nobis
2232 3434 2549 3487 observatus
2584 3439 2667 3486 est
2697 3447 2868 3502 usque
2904 3433 2967 3487 ad
3004 3433 3146 3486 hunc
3175 3433 3316 3486 diem
3347 3448 3363 3485 :

1801 3543 1897 3598 per
1942 3542 2113 3579 annos
2159 3524 2404 3595 singulos
2447 3532 2595 3577 extra
2630 3523 2817 3577 urbem
2847 3523 3048 3594 egressi
3085 3537 3190 3576 una
3241 3536 3364 3575 eum

1802 3617 2126 3686 conjugibus
2161 3632 2224 3671 ac
2249 3614 2430 3669 liberis
2451 3653 2465 3678 ,
2507 3615 2875 3683 supplicamus
2904 3613 3000 3668 soli
3031 3621 3085 3667 et
3111 3611 3365 3667 invisibili

1804 3707 1946 3772 Deo,
1989 3709 2186 3762 imbres
2233 3707 2300 3761 ab
2331 3707 2396 3760 eo
2417 3705 2558 3760 satis
2590 3707 2792 3759 nostris
2827 3722 2890 3760 ac
2932 3704 3177 3774 frugibus
3206 3703 3364 3758 obse-

1804 3811 2020 3855 crantes
2055 3799 2241 3869 :quod
2282 3813 2405 3851 cum
2458 3805 2699 3866 tempore
2752 3813 2815 3851 ac
2857 3811 3006 3850 more
3040 3795 3201 3850 solito
3228 3795 3369 3849 cele-

1803 3894 2090 3947 braremus
2114 3930 2130 3955 ,
2180 3891 2530 3943 immorantes
2569 3889 2786 3958 jejunos
2815 3903 3002 3956 vesper
3029 3886 3230 3940 obtexit
3251 3927 3265 3950 ,
3312 3893 3366 3940 et

1805 3983 2105 4054 gravabant
2130 3995 2230 4034 nos
2264 3980 2373 4033 duo
2403 3980 2647 4032 omnium
2679 3978 2987 4032 ditiicillima
3011 4017 3024 4040 ,
3070 3977 3361 4046 jejunium,

1803 4083 1859 4130 et
1885 4073 2100 4143 vigiliae.
2145 4070 2303 4125 Circa
2339 4069 2574 4122 medium
2604 4084 2731 4122 vero
2759 4068 2932 4122 noctis
2962 4068 3179 4120 invidus
3207 4066 3366 4121 nobis

1804 4178 1858 4226 et
1903 4169 2245 4237 importunus
2290 4179 2517 4219 somnus
2546 4162 2818 4231 obrepsit,
2867 4172 2918 4216 et
2942 4160 3242 4215 cervicibus
3272 4159 3364 4214 deo

1805 4270 2042 4334 gravatis
2066 4274 2132 4314 ac
2159 4257 2317 4322 laxis,
2343 4257 2590 4311 demerso
2619 4255 2728 4326 (16)
2773 4255 2967 4324 capite,
3012 4252 3243 4308 frontem
3274 4266 3366 4324 ge-

1806 4354 1964 4410 nibus
1987 4351 2156 4408 elidit.
2188 4347 2302 4405 Hoc
2323 4358 2502 4405 autem
2531 4348 2729 4404 factum
2754 4356 2855 4415 est,
2875 4345 3128 4418 quoniam
3153 4357 3366 4416 tempus

1799 4587 1916 4644 est,
1958 4585 2018 4631 ut
2066 4576 2460 4646 illorum‘quos
2486 4570 2730 4646 Joannes
2769 4570 3084 4624 admittebat
3125 4566 3363 4646 ad‘lava-

1800 4636 1983 4710 crum;
2019 4636 2475 4702 utcenturioirum
2514 4642 2972 4702 ﬁdelissimorum,
3010 4653 3170 4706 quem
3199 4636 3360 4688 Chri—

1800 4729 1918 4773 stus
1949 4709 2160 4786 probat,
2189 4724 2242 4767 et
2263 4729 2423 4783 quem
2439 4712 2639 4786 Petrus
2671 4711 2997 4786 catechizat;
3021 4709 3148 4786 dum
3179 4714 3359 4786 tamen

1802 4779 2053 4857 suscepta
2088 4788 2190 4857 [ide
2214 4779 2375 4852 atoue
2408 4783 2638 4851 signata,
2669 4779 3142 4857 aut_deserendum
3173 4779 3357 4857 statim

1801 4862 1872 4912 sit
1897 4845 2009 4910 ut'a
2039 4856 2223 4910 multis
2251 4845 2433 4906 actum
2456 4845 2596 4917 {aut
2618 4850 2869 4903 omnibus
2905 4847 3080 4901 modis
3101 4845 3358 4900 cavillan-

1799 4929 1949 4992 dum,
1985 4943 2052 4980 ne
2081 4926 2206 4995 quid
2232 4925 2490 4995 adversus
2515 4921 2682 4975 Deum
2707 4919 3095 4995 committatur,
3116 4929 3360 4995 qumnec

1799 5013 1864 5051 ex
1902 4989 2539 5064 militia-permittuntur;
2593 4999 2706 5064 aut
2733 4989 3025 5042 novissime
3057 4989 3358 5064 pet-petiero.

1799 5069 1926 5122 dum
1959 5081 2056 5134 pro
2081 5058 2188 5134 Deo
2211 5105 2226 5129 ,
2260 5063 2402 5132 quod
2441 5075 2593 5130 atque
2640 5060 2770 5134 lides
2801 5073 3005 5134 pagana
3034 5058 3290 5111 condixit.
3332 5071 3353 5132 ξ

1801 5129 2102 5192 Concilium
2135 5129 2410 5187 Nieaanum
2436 5171 2451 5196 ,
2483 5129 2603 5184 ean.
2639 5129 2704 5182 12
2737 5145 2752 5182 :
2785 5145 2803 5178 ι
2837 5129 3154 5193 Quicunque
3183 5129 3357 5177 vocati

1802 5223 1896 5276 per
1925 5205 2174 5276 gratiam,
2212 5204 2445 5276 primum
2477 5201 2693 5276 quidem
2731 5198 2988 5276 impetum
3021 5205 3355 5276 monstrave-

1801 5269 1952 5342 runt:
1984 5269 2311 5342 deponentes
2337 5271 2540 5343 militiae
2569 5270 2868 5343 cingulum,
2905 5269 3248 5343 postmodum
3274 5278 3362 5343 ve-

1802 5362 1864 5400 ro
1902 5338 1968 5399 ad
2001 5338 2276 5415 proprium
2312 5341 2572 5415 vomitum
2606 5349 2733 5394 sunt
2762 5338 3120 5415 t'elapsi_;uita
3149 5345 3216 5415 ut.
3237 5338 3358 5415 qui-

1800 5418 1923 5471 dam
1974 5407 2027 5468 et
2060 5407 2318 5482 pecunias
2347 5410 2677 5474 tribuerent,
2713 5419 2766 5462 et
2799 5407 3354 5482 beneliciis__militiam

1801 5476 2102 5554 repeterent
2131 5501 2143 5536 :
2175 5483 2232 5554 hi
2265 5483 2447 5534 decem
2499 5495 2702 5554 annos_
2721 5476 3099 5554 postmtriennii
3146 5487 3358 5542 tempus

1800 5547 1909 5625 quo
1945 5553 2394 5625 inter_autli_entes
2452 5560 2640 5625 erunt,
2691 5547 3091 5625 in_atlli_ctione
3133 5560 3355 5625 perma—

1801 5618 1982 5680 neant.
2010 5643 2027 5674 ι
2066 5621 2196 5678 Vide
2225 5621 2435 5690 Lupum
2455 5629 2508 5676 et
2532 5618 2960 5690 Beveregiumin
2985 5618 3234 5677 eumdem
3269 5631 3360 5668 ea.

1803 5710 2020 5749 ιηκιιθιιι.

1873 5765 1982 5833 (l6)
2021 5762 2060 5816 F
2065 5775 2200 5831 orte,
2237 5781 2256 5814 ι
2290 5761 2534 5817 dimisso.
2569 5779 2588 5812 ›
