3922 6498
521 329 652 388 “5|

1513 331 1690 386 ACTA
1727 327 2248 386 DlSPUTATlONlS
2289 327 2347 384 s.
2388 308 2723 384 ARCHELAI

3617 321 3752 376 “Si

519 449 744 513 aderat,
784 457 840 502 ut
886 448 977 503 Dei
1015 448 1224 517 judicio
1249 463 1437 518 pcenas
1462 464 1560 517 pro
1588 446 1795 502 meritis
1824 446 2078 516 penderc-
2103 447 2150 503 Α
2179 444 2423 514 prmcipit
2486 460 2582 516 per
2625 443 2872 500 convivia
2928 441 3219 508 reclinari,
3282 439 3749 511 septingentisque

523 555 673 606 mus;
719 539 944 595 forsitan
993 543 1138 596 enim
1190 549 1475 612 peccantes
1528 541 1954 610 ignorabamus,
1992 545 2086 590 aut

517 634 678 690 etiam
713 647 1066 706 agnoscentes
1115 652 1223 693 non
1251 637 1654 692 desinebamus.
1711 634 1768 689 in
1794 635 1882 688 illa
1920 634 2083 705 igitur

521 729 652 782 hora
683 729 864 783 subito
903 729 1132 783 militum
1180 744 1280 784 nos
1316 727 1604 783 multitudo
1635 724 1972 789 circumdat,
2023 735 2080 780 ut

514 819 724 873 aestimo
745 863 760 886 ,
797 829 1045 890 putantes
1073 835 1172 875 nos
1201 836 1298 889 pro
1324 820 1534 874 insidiis
1580 819 1891 875 consedisse
1915 860 1929 883 ,
1986 827 2079 872 aut

512 910 735 964 omnino
783 925 939 964 usum
989 912 1069 964 vel
1112 912 1348 965 studium
1395 911 1594 965 habere
1649 910 1989 980 ptazliorum;
2021 918 2077 964 et

517 999 663 1053 nulla
720 1014 1018 1056 conventus
1069 1002 1240 1056 nostri
1290 1017 1454 1056 causa
1505 1001 1720 1070 penitus
1772 1004 2072 1070 explorata,

513 1091 712 1145 bellum
743 1092 900 1146 nobis
925 1093 1266 1156 denuntiant,
1304 1108 1409 1145 non
1436 1108 1706 1156 sermone,
1733 1093 1825 1147 sed
1852 1093 2029 1162 gladio
2055 1111 2069 1154 ;

510 1191 564 1235 ct
593 1183 840 1238 homines
867 1184 959 1252 qui
985 1183 1235 1253 injuriam
1265 1182 1440 1238 facere
1470 1184 1722 1252 cuiquam
1753 1199 1860 1238 non
1888 1183 2074 1239 didici-

509 1287 653 1334 mus,
705 1273 826 1326 sine
857 1273 964 1327 ulla
995 1273 1366 1330 misericordia
1399 1274 1758 1329 missibilibus
1791 1274 1902 1345 (t7)
1952 1273 2066 1327 vul-

510 1373 724 1428 nerant,
757 1365 930 1419 hastis
951 1364 1291 1432 confodiunt,
1327 1366 1678 1421 mucronibus
1700 1366 1969 1436 jugulant.
2007 1367 2070 1420 Et

509 1456 890 1510 interfecerunt
935 1456 1153 1525 quidem
1201 1473 1265 1510 ex
1314 1456 1470 1510 nobis
1515 1457 1580 1510 ad
1613 1457 1756 1510 mille
1801 1467 2066 1513 trecentos

503 1547 673 1611 viros,
704 1546 1122 1603 vulneraverunt
1166 1556 1343 1600 autem
1375 1549 1716 1616 quingentos.
1774 1547 1907 1602 Cum
1935 1564 2064 1603 vero

501 1634 617 1688 dies
649 1635 919 1701 inclaruit,
950 1637 1042 1705 qui
1075 1634 1451 1705 superfuerant
1480 1653 1543 1691 ex
1573 1637 1758 1700 nobis.
1797 1638 1902 1693 huc
1936 1654 2061 1708 per-

501 1725 1051 1796 duxeruntcaptivos,
1079 1743 1177 1783 nec
1205 1729 1281 1784 sic
1309 1730 1524 1799 quidem
1553 1731 1753 1800 aliquid
1783 1732 1938 1786 nobis
1961 1732 2061 1784 mi-

501 1818 813 1872 sericordire
862 1820 1218 1875 concedentes
1262 1839 1276 1875 :

497 1924 691 1979 equos,
714 1913 988 1967 bastilium
1018 1914 1331 1970 verberibus
1367 1916 1692 1978 stimulatos,
1721 1927 1773 1971 et
1792 1932 2055 1986 equorum

498 1988 768 2057 frontibus
807 2003 1088 2072 impulsos.
1148 2003 1214 2058 Et
1256 2005 1565 2075 perduravit
1594 2007 1847 2076 quidem,
1897 2008 1942 2062 si
1969 2009 2055 2062 cui

495 2091 639 2147 vires
683 2092 901 2148 fuerunt
929 2095 1222 2161 tolerandi;
1279 2097 1498 2166 plurimi
1526 2113 1652 2152 vero
1678 2109 1801 2152 ante
1830 2113 1926 2152 ora
1953 2099 2053 2153 do-

496 2185 766 2239 minorum
782 2187 1079 2241 crudelium
1095 2188 1455 2255 coucidentes,
1471 2189 1680 2244 animas
1693 2189 2051 2258 exhalabant;

494 2279 788 2346 pendentes
821 2278 1080 2334 uberibus
1104 2281 1360 2349 parvulos
1393 2295 1522 2335 suos
1552 2291 1768 2345 matres,
1795 2269 2055 2351 defatiga-

492 2369 561 2422 tis
591 2384 655 2424 ac
680 2369 920 2426 dimissis
953 2387 1116 2426 onere
1146 2372 1415 2436 brachiis,
1451 2373 1603 2427 humi
1635 2374 1882 2428 decidere
1909 2375 2053 2429 sine-

489 2460 640 2524 bant,
694 2461 908 2530 agitatze
955 2462 1355 2530 insequentium
1379 2463 1575 2530 minis;
1612 2465 1791 2519 omnis
1817 2481 1942 2520 vero
1966 2481 2051 2520 se-

487 2551 614 2606 nilis
646 2561 776 2606 mtas
805 2553 946 2607 victa
983 2553 1261 2608 laboribus
1288 2569 1353 2608 ac
1382 2556 1615 2609 resoluta
1659 2571 1753 2623 per
1787 2556 2046 2624 inediam,

485 2645 775 2698 corruebat
807 2645 860 2697 in
886 2653 1106 2700 terram.
1171 2644 1398 2715 Superbi
1426 2661 1554 2700 vero
1582 2646 1777 2701 milites
1812 2648 1914 2702 hoc
1937 2657 2044 2702 tam

484 2744 712 2789 cruento
739 2737 1123 2790 collabentiurn
1152 2737 1480 2806 spectaculo,
1512 2746 1769 2806 tanquam
1807 2739 2047 2809 volupta-

490 2837 541 2883 te
580 2827 758 2897 aliqua
804 2828 1163 2896 fruebantur,
1197 2846 1320 2885 cum
1365 2830 1498 2884 alios
1537 2829 1849 2886 deficientes
1875 2831 2042 2886 sterni

485 2915 601 2969 salo
629 2928 942 2984 cernerent;
978 2919 1028 2972 in
1057 2919 1178 2972 aliis
1205 2920 1326 2975 sitis
1359 2921 1646 2976 ardoribus
1673 2919 1931 2991 fatigatis,
1960 2921 2043 2974 in-

483 3014 763 3061 tuerentur
803 3008 964 3062 etiam
1013 3009 1162 3063 vocis
1205 3019 1439 3064 meatum
1465 3051 1480 3075 ,
1527 3021 1804 3068 arescente
1845 3012 2042 3083 linguae

2184 536 2439 590 omnibus
2462 533 2758 588 exstructis
2775 531 3000 598 mensis,
3028 547 3148 587 cum
3178 531 3382 601 ingenti
3411 530 3603 585 laetitia
3626 528 3720 584 reti

2180 628 2357 684 ciebat
2397 627 2717 692 universos;
2772 627 2844 680 ita
2875 635 2931 680 ut
2958 625 3050 696 qui
3096 638 3385 693 superesse
3437 630 3745 692 potuerant,

2179 720 2504 775 oblivionem
2558 726 2813 789 caperent
2855 717 3125 782 laborum,
3175 733 3240 772 ac
3271 718 3445 772 totius
3475 717 3611 770 mali
3643 717 3745 771 elli-

2177 823 2431 868 cerentur
2458 814 2821 867 immemores.
2872 810 3006 864 Cum
3032 821 3210 864 autem
3235 809 3466 879 quintus
3499 810 3745 864 decimus

2175 905 2566 974 transigeretur
2611 904 2760 969 dies,
2792 903 3044 958 Marcello
3089 912 3282 958 cuncta
3315 902 3527 956 affatim
3589 901 3744 954 mini-

2174 1005 2380 1052 strante
2421 997 2672 1066 captivis,
2717 997 2919 1066 placuit
2948 995 3028 1050 eis
3059 995 3313 1049 omnibus
3347 992 3638 1048 remeandi
3683 992 3743 1046 ad

2170 1088 2386 1157 propria
2416 1087 2583 1142 tribui
2617 1086 2927 1143 facultatem
2950 1127 2965 1152 ,
3024 1093 3218 1156 praeter
3245 1101 3340 1140 eos
3370 1099 3516 1154 quos
3558 1083 3745 1136 vulne-

2170 1195 2290 1234 rum
2326 1195 2454 1235 cura
2487 1179 2771 1245 retinebat,
2798 1179 2994 1248 quibus
3015 1187 3325 1247 competens
3355 1177 3609 1230 adhibita
3638 1191 3744 1229 me-

2169 1273 2310 1338 dela,
2343 1272 2408 1326 ad
2439 1288 2539 1327 sua
2568 1278 2792 1327 eteteros
2829 1271 2978 1324 abire
3011 1271 3280 1340 prarcepit.
3309 1268 3414 1322 Sed
3450 1269 3537 1322 his
3560 1271 3739 1321 omni-

2168 1363 2271 1416 bus
2305 1361 2514 1431 majora
2547 1361 2753 1416 addidit
2797 1359 3082 1415 lllarcellus
3106 1361 3322 1429 pietatis
3346 1358 3531 1413 ofticia
3570 1378 3586 1412 :
3620 1375 3738 1414 cum

2168 1454 2400 1523 plurima
2448 1468 2682 1522 namque
2724 1467 2948 1508 suorum
2981 1467 3142 1505 manu
3177 1467 3505 1520 progressus
3555 1459 3644 1504 est
3675 1450 3737 1502 ad

2165 1545 2469 1616 sepelienda
2487 1561 2716 1615 corpora
2732 1545 2785 1599 in
2808 1545 2998 1599 itinere
3023 1552 3450 1614 peremptorum,
3475 1551 3527 1596 et
3551 1542 3735 1596 omnia

2163 1651 2499 1706 qumcunque
2532 1635 2778 1690 invenire
2804 1634 3002 1705 potuit,
3048 1644 3104 1688 ut
3125 1633 3347 1702 dignum
3377 1641 3520 1696 erat,
3563 1631 3735 1686 tradi-

2160 1730 2239 1782 dit
2267 1728 2558 1797 sepulturte
2594 1746 2608 1782 :
2645 1742 2754 1797 quo
2785 1741 3009 1780 munere
3057 1726 3312 1794 impleto,
3366 1725 3432 1779 ad
3464 1723 3735 1780 Char-ram

1319 1821 1548 1892 agebant
1595 1822 1738 1876 enim
1790 1838 1889 1877 nos
1936 1832 2060 1878 ante
2092 1803 2133 1858 Β
2163 1821 2273 1890 (l8)
2301 1821 2480 1885 rediit,
2504 1827 2667 1889 atque
2692 1819 2888 1873 exinde
2916 1827 3226 1886 recuperata
3254 1816 3516 1878 sanitate,
3550 1816 3736 1871 vulne-

2160 1919 2308 1967 ratos
2364 1912 2430 1966 ad
2473 1911 2702 1981 patriam
2760 1925 3002 1964 remeare
3058 1907 3361 1977 permittit,
3412 1907 3733 1977 largissimo

2157 2003 2225 2058 ad
2253 2003 2356 2058 iter
2387 2003 2586 2057 viatico
2615 2011 2938 2072 prmparato.
2998 2001 3067 2053 At
3094 2016 3223 2053 vero
3252 1999 3379 2052 facti
3405 1999 3578 2067 hujus
3615 2001 3732 2068 upi-

2157 2099 2248 2152 nio
2277 2097 2347 2152 ad
2377 2096 2586 2165 reliqua
2620 2095 2854 2149 Marcelli
2897 2095 3032 2148 bene
3072 2102 3218 2163 gesta
3259 2093 3597 2147 immensum
3633 2111 3728 2148 cu-

2155 2190 2363 2244 mulum
2414 2188 2678 2254 contulit;
2736 2203 2831 2256 per
2879 2187 3186 2240 universam
3241 2186 3388 2241 enim
3443 2187 3726 2256 regionem

2154 2281 2299 2334 illam
2336 2279 2526 2349 ingens
2551 2278 2692 2332 fama
2724 2279 2980 2333 discurrit
3008 2277 3074 2332 dc
3103 2277 3298 2346 pietate
3325 2275 3614 2338 Marcelli,
3657 2278 3726 2329 ita

2155 2377 2210 2422 ut
2237 2367 2456 2436 plurimi
2478 2382 2544 2420 ex
2573 2367 2800 2421 diversis
2827 2366 3052 2420 urbibus
3082 2364 3297 2419 videndi
3329 2373 3499 2434 atque
3534 2380 3734 2435 cogno-

2153 2460 2340 2514 scendi
2367 2459 2470 2513 viri
2503 2459 2798 2528 cupiditate
2829 2457 3137 2528 ﬂagrarent,
3162 2468 3216 2512 et
3252 2458 3493 2512 maxime
3521 2457 3575 2510 hi
3600 2457 3720 2526 qui-

2150 2552 2253 2607 bus
2287 2551 2426 2606 ferre
2475 2550 2760 2620 penuriam
2795 2565 2927 2603 usus
2961 2558 3086 2604 ante
3119 2564 3226 2603 non
3263 2548 3468 2614 fuerat,
3522 2550 3726 2619 quibus

2149 2643 2404 2698 omnibus
2433 2644 2518 2697 vir
2545 2643 2792 2712 egregius
2842 2641 3311 2710 indulgentissime
3344 2642 3721 2707 ministrabat,

2150 2734 2384 2789 Marcelli
2413 2734 2612 2788 veteris
2636 2733 2878 2787 imitatus
2905 2731 3149 2801 exempla
3171 2773 3186 2798 ,
3220 2732 3292 2785 ita
3322 2740 3384 2785 ut
3405 2748 3606 2787 omnes
3640 2733 3722 2785 di-

2146 2837 2324 2883 cerent
2354 2828 2456 2883 hoc
2484 2827 2602 2883 viro
2636 2827 2843 2881 nullum
2870 2826 3069 2895 pietate
3092 2824 3564 2895 praestantiorem.
3617 2825 3718 2881 Sed

2143 2932 2197 2976 et
2226 2921 2404 2976 viduae
2449 2919 2712 2974 universae
2766 2919 2821 2973 in
2877 2918 3108 2973 Domino
3159 2916 3444 2972 credentes
3486 2919 3560 2972 ad
3597 2934 3716 2973 eum

2144 3013 2576 3078 concurrebant;
2607 3027 2730 3066 cum
2762 3011 3017 3066 imbecilli
3047 3024 3265 3080 quoque
3293 3025 3358 3065 ex
3391 3025 3459 3064 eo
3490 3012 3596 3066 sibi
3625 3028 3720 3065 au-

482 3099 688 3168 glutino
710 3139 724 3164 ,
759 3101 1078 3169 praepediri;
1111 3102 1248 3157 alios
1276 3119 1404 3157 vero
1435 3101 1710 3171 viderent,
1760 3105 2039 3159 conversis
2066 3138 2111 3200 ο
2141 3108 2332 3161 xilium
2403 3104 2766 3160 certissimum
2843 3105 3282 3174 praesumebant,
3336 3119 3439 3159 nec
3502 3122 3613 3160 non
3665 3113 3718 3159 et

478 3199 601 3256 post
629 3199 773 3260 terga
796 3193 986 3257 oculis,
1028 3194 1420 3262 exspirantium
1445 3196 1788 3264 parvulorum
1812 3211 2034 3250 suorum

480 3280 894 3352 ingemiscentes
919 3285 1127 3351 exitiis;
1160 3301 1282 3340 cum
1316 3287 1390 3340 illi
1412 3287 1808 3343 infelicissimas
1838 3301 2038 3343 matres

477 3373 748 3442 vagitibus
808 3374 1200 3443 inclamareut,
1242 3378 1344 3432 illa:
1383 3393 1512 3432 vero
1542 3380 1851 3446 praedonum
1885 3396 2036 3435 acer-

478 3461 740 3518 bitatibus
787 3465 1033 3534 agitatae,
1088 3467 1285 3536 quibus
1335 3469 1464 3524 solis
1496 3469 1663 3523 libere
1697 3470 1772 3523 uti
1817 3471 2033 3535 licebat,

477 3555 766 3624 gemitibus
806 3563 1222 3628 responderent;
1267 3577 1500 3631 quarum
1541 3563 1587 3617 si
1639 3579 1759 3632 quae
1795 3565 2034 3620 tenerius

476 3647 709 3717 propriis
767 3648 1104 3717 indulgercnt
1148 3653 1486 3718 visceribus,
1539 3654 1788 3708 interitus
1832 3663 2030 3709 sortem

474 3747 666 3808 sponte
694 3739 797 3794 sibi
815 3756 996 3810 parem
1015 3757 1136 3796 cum
1157 3743 1282 3798 [iliis
1310 3755 1802 3814 praesumpserunt;
1838 3747 1882 3801 si
1914 3762 2033 3816 qua:

471 3845 599 3884 vero
633 3831 830 3887 habere
874 3833 1075 3903 aliquid
1119 3837 1416 3891 tolerantiae
1459 3846 1768 3906 potuerunt,
1809 3841 2034 3908 captiva:

472 3923 578 3978 huc
612 3940 783 3992 usque
833 3927 1104 3995 perducta:
1148 3939 1292 3989 sunt.
1361 3929 1565 3986 Triduo
1600 3930 1781 4001 itaque
1815 3943 2029 3999 exacto,

471 4029 594 4069 cum
631 4031 698 4070 ne
730 4019 977 4074 noctibus
1008 4021 1224 4090 quidem
1253 4022 1486 4092 aliquam
1519 4025 1760 4094 requiem
1792 4023 2030 4093 cepisse-

469 4119 613 4170 mus,
649 4107 714 4160 ad
750 4107 925 4162 locum
963 4109 1105 4163 hunc
1135 4110 1514 4179 perducimur,
1543 4113 1732 4183 inquo
1767 4122 1888 4185 post
1917 4114 2032 4168 hate

463 4195 576 4264 jam
613 4198 739 4265 quid
772 4209 978 4268 gestum
1013 4202 1098 4265 sit,
1140 4205 1330 4258 melius
1365 4206 1478 4275 ipse
1510 4207 1672 4261 nosti.

541 4285 627 4338 lll.
670 4288 766 4342 His
790 4291 987 4344 auditis
1015 4292 1095 4344 vir
1126 4294 1402 4363 piissimus
1428 4297 1712 4355 Marcellus
1732 4305 2026 4371 plurimum

409 4445 412 4450 ‘
467 4377 520 4432 in
557 4378 821 4449 lacrymas
855 4382 1110 4450 profusus
1144 4395 1265 4451 est,
1313 4388 1568 4445 misertus
1622 4400 1802 4448 tantos
1826 4402 1880 4449 et
1915 4404 2022 4449 tam

2140 3196 2370 3266 orphani
2412 3210 2604 3250 omnes
2650 3194 2719 3248 ab
2762 3194 2881 3263 ipso
2932 3193 3347 3259 nutriebantur,
3408 3195 3714 3264 domusque

2137 3289 2257 3359 ejus
2289 3287 2695 3356 peregrinorum
2731 3296 2785 3341 et
2812 3302 3114 3356 pauperum
3156 3287 3460 3356 hospitium
3495 3288 3710 3342 diceba-

2139 3386 2254 3443 tur;
2284 3391 2446 3444 super
2473 3375 2655 3430 omnia
2690 3390 2820 3429 vero
2847 3377 2979 3440 haec,
3015 3374 3137 3430 fidei
3180 3392 3373 3430 curam
3402 3377 3628 3447 egregie
3654 3391 3711 3431 ac

2136 3468 2488 3537 singulariter
2536 3467 2823 3534 retinebat,
2875 3467 3150 3524 aediﬁcans
3194 3482 3291 3523 cor
3339 3484 3514 3524 suum
3553 3485 3711 3537 super

2134 3558 2466 3613 immobilem
2493 3567 2722 3629 petram.

2208 3651 2294 3705 IV.
2339 3651 2451 3725 (l9)
2494 3651 2662 3723 Igitur
2685 3667 2807 3706 cum
2840 3652 3070 3707 diversis
3117 3651 3172 3707 in
3204 3652 3339 3707 locis
3369 3651 3526 3708 fama
3554 3653 3623 3710 de
3651 3668 3708 3708 eo

2133 3745 2431 3812 smpissime
2464 3752 2832 3814 spargeretur,
2874 3745 3037 3798 etiam
3072 3743 3304 3814 Stranga
3339 3743 3518 3799 ﬂuvio
3548 3761 3704 3816 supe-

2134 3841 2273 3897 rato,
2308 3832 2598 3888 Persarum
2634 3835 2686 3888 in
2717 3835 2988 3904 regionem
3028 3850 3151 3888 eum
3179 3835 3407 3904 pertulit
3429 3835 3704 3890 admiran-

2130 3925 2259 3979 dum
2282 3964 2297 3989 ,
2347 3927 2400 3979 in
2431 3942 2536 3995 qua
2564 3927 2947 3981 demorabatur
2974 3926 3156 3982 Manes
3189 3927 3452 3993 quidam;
3497 3931 3596 3998 qui
3641 3929 3700 3982 ad

2131 4032 2190 4071 se
2223 4018 2596 4086 hujuscemodi
2630 4017 2730 4071 viri
2765 4019 3018 4087 opinione
3067 4019 3289 4089 perlata,
3331 4020 3579 4089 plurima
3616 4037 3697 4075 se-

2130 4124 2252 4164 cum
2289 4111 2399 4178 ipse
2437 4109 2716 4172 volvebat,
2770 4110 3220 4178 quemadmodum
3266 4126 3394 4164 eum
3443 4111 3698 4166 doctrina-

2129 4214 2241 4252 suae.
2289 4205 2472 4266 posset
2517 4199 2726 4267 laqueis
2778 4198 3024 4265 irretire,
3081 4215 3308 4268 sperans
3363 4210 3696 4256 assertorem

2130 4290 2398 4359 dogmatis
2439 4291 2526 4345 sui
2572 4291 2687 4346 ﬁeri
2731 4306 2889 4362 posse
2929 4291 3259 4348 Marcellum.
3324 4292 3698 4350 Pnesumebat

2129 4385 2272 4435 enim
2307 4382 2614 4436 universam
2649 4398 2709 4438 se
2735 4399 3000 4454 occupare
3040 4400 3202 4455 posse
3230 4387 3576 4455 provinciam
3598 4428 3614 4452 ,
3654 4387 3695 4442 si

466 4467 647 4522 varios
683 4483 876 4536 casus;
933 4473 1027 4526 sed
1077 4475 1206 4528 nihil
1258 4486 1520 4543 moratus,
1554 4480 1706 4534 cibos
1738 4495 2023 4553 praeparat,

2150 4474 2282 4529 trius
2308 4475 2466 4528 talem
2493 4475 2670 4529 virum
2697 4477 2912 4530 sibimet
2933 4477 3161 4532 subdere
3183 4479 3489 4546 potuisset;
3512 4479 3568 4532 in
3596 4493 3697 4547 quo

464 4556 702 4629 fatigatis
734 4576 829 4630 per
855 4565 1204 4633 semetipsum
1242 4569 1538 4624 ministeria
1567 4573 1850 4641 exhibens,
1901 4576 2023 4629 imi-

462 4658 608 4704 tatus
654 4662 858 4719 patrem
913 4664 1157 4711 nostrum
1192 4659 1461 4714 Abraham
1486 4663 1854 4731 patriarebam
1882 4668 1896 4696 ‘
1927 4670 2020 4736 qui

460 4742 733 4809 quondam
765 4746 970 4815 angelis
1003 4763 1033 4802 a
1068 4764 1125 4803 se
1157 4751 1388 4820 hospitio
1417 4757 1717 4825 susceptis,
1752 4773 1858 4812 non
1896 4775 2019 4814 ver-

459 4834 673 4889 naeulis
702 4836 986 4904 imperavit
1016 4840 1243 4895 vitulum
1275 4843 1483 4899 deferre
1505 4846 1572 4900 de
1600 4849 1853 4918 gregibus
1879 4868 1892 4916 ;
1925 4851 2018 4906 sed

458 4924 576 4993 ipse
612 4929 1133 5000 seniorimpositum
1170 4934 1411 4991 humeris
1443 4939 1683 5006 pertulit,
1713 4955 1777 4994 ac
1813 4957 1909 5010 per
1933 4959 2020 4997 se-

459 5027 569 5071 met
594 5032 922 5088 pracparatos
966 5024 1118 5078 cibos
1148 5027 1379 5095 propriis
1405 5029 1656 5084 manibus
1690 5029 1894 5102 angelis
1923 5050 2020 5104 ap-

369 5179 376 5188 .
457 5112 659 5178 posuit.
727 5113 900 5166 Simili
930 5123 982 5168 et
1012 5113 1294 5172 Marcellus
1328 5117 1547 5175 functus
1577 5120 1751 5176 obicio
1776 5166 1789 5188 ,
1846 5123 2017 5180 denos

531 5246 546 5274 ¹
579 5245 714 5299 Gen.
751 5262 903 5300 XVIII.

527 5353 639 5428 tl?)
677 5355 915 5428 Barbara
943 5375 1042 5411 vox
1076 5377 1172 5428 pro
1211 5383 1229 5412 ί
1275 5363 1595 5420 missilibus.
1631 5385 1649 5417 ι
1739 5395 1742 5398 ~

527 5422 637 5495 (18)
678 5424 870 5506 llaltita
903 5438 985 5483 est
1011 5422 1191 5506 itaque
1239 5433 1350 5487 haec
1391 5435 1687 5506 disputatio
1713 5439 1852 5506 apud
1883 5437 2016 5492 Car-

458 5492 584 5547 rbas
615 5492 1018 5579 celeberrimam
1052 5492 1450 5579 lllesopotamire
1481 5492 1887 5579 'urbern,_eujus
1907 5512 2013 5579 epi-

455 5577 654 5641 scopus
673 5574 800 5641 erat
825 5567 1143 5641 Archelaus,
1183 5567 1256 5625 uti
1290 5589 1449 5641 supra
1476 5567 1876 5631 adnotavimus.

490 5632 636 5709 _(I9)
673 5633 810 5715 Hinc
839 5637 1028 5715 incipit
1054 5655 1177 5715 pars
1214 5632 1374 5715 hujus
1405 5645 1584 5711 eperis
1613 5645 1758 5699 edita
1793 5663 1822 5700 a
1854 5646 2013 5702 Vale-

457 5706 539 5754 sio
565 5718 626 5756 ex
652 5706 836 5760 codice
863 5706 1136 5776 Bobiensi,
1168 5713 1258 5782 qui
1286 5706 1512 5768 nunc-in
1546 5715 1901 5773 Ambrosiana
1934 5720 2013 5773 bi-

2129 4564 2326 4633 duplici
2380 4565 2708 4634 cogitatione
2762 4566 2978 4620 animus
3031 4567 3332 4632 aestuabat,
3383 4577 3695 4621 utrumnam

2129 4656 2246 4724 ipse
2279 4656 2346 4709 ad
2381 4671 2506 4710 eum
2539 4665 2814 4726 pergeret,
2846 4672 2913 4709 an
2945 4656 3137 4710 litteris
3158 4672 3280 4710 eum
3315 4661 3498 4726 primo
3530 4669 3696 4712 tenta-

2125 4759 2209 4800 ret
2240 4747 2473 4812 adoriri;
2510 4747 2793 4801 verebatur
2822 4748 2988 4814 enitn,
3023 4765 3090 4801 ne
3122 4748 3264 4802 forte
3320 4750 3627 4819 improviso
3647 4762 3697 4805 et

2125 4841 2307 4894 subito
2340 4841 2586 4910 ingressu
2624 4840 2824 4894 malum
2855 4842 2958 4895 sibi
2991 4841 3209 4911 aliquod
3239 4855 3598 4911 nasceretur;
3635 4843 3694 4898 ad

2129 4929 2380 4983 ultimum
2409 4930 2800 4985 versutioribus
2824 4931 3066 4984 consiliis
3085 4945 3303 4999 parens,
3332 4933 3582 4988 scribere
3607 4934 3694 4988 de-

2124 5022 2294 5075 crevit
2326 5036 2339 5073 :
2377 5022 2719 5090 accitumque
2749 5037 2918 5075 unum
2947 5037 3012 5076 ex
3043 5021 3349 5090 discipulis,
3383 5022 3690 5079 Turbonem

2124 5112 2240 5184 (20)
2271 5113 2610 5183 nomine,qui
2646 5129 2740 5182 per
2767 5113 2974 5167 Addant
3003 5113 3179 5168 fuerat
3213 5115 3543 5182 instructus,
3584 5127 3691 5171 tra-

2124 5365 2393 5420 bliotbeca
2421 5373 2686 5418 servatur.

2200 5435 2311 5508 (20)
2348 5435 2528 5508 Codex
2550 5435 2835 5508 ABobienlsis
2865 5437 3022 5508 legit,
3061 5457 3080 5490 ι
3113 5436 3263 5494 Adda
3295 5436 3341 5491 Τ
3345 5438 3628 5494 urbonem.
3659 5456 3676 5489 ι

2129 5505 2456 5578 Ὲυὶῑᾳυιρη)
2482 5506 2632 5578 Adda
2663 5522 2802 5561 unus
2824 5505 3189 5578 crdiscipulis
3220 5511 3358 5570 suis,
3390 5511 3482 5563 cui
3505 5510 3683 5561 Orien-

2129 5585 2234 5628 tem
2267 5575 2827 5699 biuirssijnliciendum
2856 5575 3447 5646 Manes'demandavit,
3471 5590 3529 5634 ut
3548 5579 3677 5633 inin

2129 5661 2247 5699 cat).
2418 5654 2594 5699 tCllur.

2129 5661 2247 5714 cap.
2290 5654 2344 5698 ll
2378 5654 2594 5700 dtcuur.
