3922 6512
232 295 376 350 H33

1317 298 1464 356 CUM
1502 300 1783 356 MANETE
1815 301 2349 360 "AERESIARCHA.

3331 302 3470 357 1454

229 388 344 442 dita
377 383 618 456 Epistola
646 430 661 452 ,
713 389 864 445 abire
891 388 1086 459 jubet,
1139 405 1203 444 ac
1240 391 1477 461 perferre
1505 392 1798 460 Marcello;
1833 399 1877 455 Α
1905 405 2018 450 tum
2045 397 2158 467 (25)
2193 397 2299 451 sibi
2335 409 2531 450 nomen
2560 409 2668 448 non
2698 393 2925 449 libenter
2956 393 3224 464 amplexi,
3260 393 3473 450 Turbo-

229 479 437 550 quique
464 477 578 548 (21)
608 489 886 550 acceptam
931 497 1048 536 eam
1087 481 1234 544 huic,
1268 483 1355 537 cui
1389 499 1419 538 a
1443 482 1600 539 Mane
1630 482 1800 538 fuerat

231 581 560 641 praeceptum
583 612 598 637 ,
636 573 889 643 pertulit,
920 573 1066 626 omni
1104 574 1298 628 itinere
1329 574 1520 630 diebus
1565 576 1804 644 quinque

228 672 524 717 transacto.
591 663 768 718 Veloci
816 666 1014 719 etenim
1070 682 1203 722 usus
1235 677 1320 720 est
1358 682 1561 732 cursu,
1609 667 1661 720 in
1694 681 1803 736 quo

229 753 530 823 plurimum
578 756 923 824 supradictus
972 754 1156 810 Turbo
1207 756 1408 811 laboris
1460 765 1513 810 et
1545 755 1804 810 molestia:

230 848 484 916 pertulit;
521 847 805 918 siquando
833 848 975 901 enim
1010 848 1174 900 veluti
1206 847 1558 918 peregrinaris
1584 846 1695 916 (22)
1734 847 1800 900 ad

235 937 533 1006 hospitium
561 938 931 1007 pervenisset,
965 954 1085 1006 quae
1111 939 1327 1007 quidem
1361 936 1665 993 diversoria
1690 937 1820 1007 (25)

228 1029 693 1098 hospitalissimus
720 1028 1002 1085 Marcellus
1035 1030 1388 1096 instruxerat,
1407 1046 1528 1083 cum
1559 1045 1588 1082 a
1617 1044 1801 1082 scrva-

230 1122 444 1178 toribus
496 1121 853 1192 hospitiorum
884 1123 1328 1192 interrogaretur,
1376 1123 1536 1187 unde,
1571 1130 1624 1174 et
1654 1123 1797 1190 quis.

225 1216 315 1268 vel
343 1231 372 1269 a
400 1231 510 1285 quo
542 1215 744 1269 missus
791 1224 974 1280 esset,
1031 1215 1208 1268 aiebat
1239 1233 1254 1270 :
1286 1216 1416 1270 Sum
1442 1214 1658 1283 quidem
1689 1213 1799 1282 (24)

231 1305 741 1375 Mesopotamensis,
777 1308 844 1360 de
871 1306 1090 1362 Persida
1136 1317 1316 1360 autem
1363 1307 1540 1370 venio,
1577 1322 1606 1360 a
1633 1305 1802 1360 Mani-

230 1398 382 1451 chaeo
413 1399 672 1468 magistro
704 1398 1142 1452 Christianorum
1178 1399 1400 1454 missus.
1444 1399 1512 1452 At
1533 1399 1618 1452 illi
1650 1399 1803 1468 igno-

814 1513 1198 1566 ΜΑΝΙΧΛΙΟΣ

242 1601 602 1674 Ἀπόστολος
675 1604 868 1670 Ἰησοῦ
920 1603 1200 1671 Χριστοῦ,
1256 1604 1354 1658 καὶ
1409 1608 1462 1658 οι
1510 1604 1630 1658 σὺν
1671 1606 1799 1674 ἐμοὶ

301 1672 520 1740 πάντες
569 1674 742 1742 ἅγιοι,
779 1674 874 1727 καὶ
921 1675 1219 1742 παρθένοι,
1250 1674 1578 1743 Μαρκέλλῳ
1615 1672 1803 1742 τέκνῳ

299 1743 832 1822 ἀπαντῴη-χάρις,
864 1746 1299 1822 ξλιῖοςηξὶρήιςη
1315 1747 1447 1822 -ᾀπό
1492 1746 1640 1822 Θεοῦ
1686 1750 1802 1822 Ila:
1835 1769 1874 1822 Β

302 1814 440 1880 τρὸς
475 1814 570 1867 καὶ
605 1814 1024 1882 Κυρίουιὴμῶν
1071 1815 1264 1882 Ἰησοῦ
1309 1816 1584 1884 Χριστοῦ,
1636 1817 1732 1869 καὶ
1762 1818 1798 1884 ἡ

300 1884 466 1947 δεξιὰ
508 1884 614 1938 τοῦ
649 1884 840 1952 φωτὸς
868 1883 1212 1953 διατηρήσει
1262 1904 1336 1940 σε
1354 1883 1488 1940 ’ἀπὸ
1524 1885 1629 1940 τοῦ
1675 1883 1802 1940 ἐνεὲ

301 1953 526 2026 στῶτος
551 1955 762 2026 αἰῶνος
790 1957 1074 2026 πονηροῦ.
1097 1957 1192 2009 καὶ
1217 1956 1334 2010 τῶν
1353 1956 1803 2026 συμπτωμάτων

300 2025 503 2088 αὑτοῦ,
537 2025 632 2078 καὶ
665 2025 928 2095 παῖ-ἔδων
956 2027 1061 2078 τοῦ
1089 2028 1375 2094 πονηροῦ,
1408 2027 1585 2096 ἀμήν.

301 2115 410 2187 Τὴν
461 2116 557 2187 μὲν
605 2117 731 2188 περὶ
771 2117 828 2168 σὲ
865 2116 1082 2188 ἀγάπην
1119 2117 1379 2187 μεγίστην
1413 2112 1574 2172 οὖσαν
1615 2115 1802 2187 αἰσθη-

223 2209 366 2275 οεὶς,
389 2211 506 2265 λίαν
537 2213 740 2283 ἐχάρην
760 2229 772 2241 ’
802 2213 899 2283 τὴν
934 2211 989 2264 δὲ
1024 2211 1204 2263 πίστιν
1234 2213 1331 2265 οὐκ
1357 2207 1522 2265 οὖσαν
1552 2211 1689 2264 κατὰ
1710 2211 1801 2264 τὸν

224 2303 387 2375 ὀρθὸν
420 2304 596 2372 λόγον,
642 2304 910 2375 ἠχθέσθην
930 2322 942 2334 ’
981 2304 1100 2358 ὅθεν
1130 2305 1269 2376 πρὸς
1306 2304 1674 2378 ἐπανόρθωσιν
1705 2302 1798 2356 τοῦ

225 2393 338 2446 τῶν
369 2393 666 2464 ἀνθρώπων
695 2395 882 2462 γένους
909 2394 1251 2457 ἀποσταλεὶς,
1276 2394 1583 2465 φειδόμενος
1611 2411 1670 2446 τε
1695 2391 1800 2445 τῶν

227 2483 412 2555 ἀπάτῃ
463 2484 556 2536 καί
591 2483 762 2555 πλάνῃ
815 2485 1040 2546 ἑαυτοὺς
1087 2483 1482 2549 ἐκδεδωκότων,
1517 2485 1689 2539 ταῦτα
1732 2485 1799 2536 τὰ

226 2577 534 2648 γράμματα
557 2575 692 2647 πρὸς
728 2576 785 2628 σὲ
818 2577 1111 2644 ἀναγκαῖον
1140 2577 1433 2648 ἡγησάμην
1464 2578 1798 2639 ἀποστεῖλαι,

229 2669 445 2741 πρῶτον
506 2669 601 2739 μὲν
655 2668 790 2739 πρὸς
853 2669 1124 2739 σωτηρίαν
1173 2670 1271 2740 τῆς
1315 2669 1540 2722 σεαυτοῦ
1589 2669 1797 2741 ψυχῆς,

228 2763 422 2816 ἔπειτα
473 2763 528 2816 δὲ
570 2762 802 2816 καὶτῶν
848 2763 961 2834 ἅμα
1000 2781 1079 2816 σοι
1125 2763 1518 2832 τυγχανόντων,
1568 2766 1705 2836 πρὸς
1740 2767 1801 2819 τὸ

231 2853 312 2924 μὴ
364 2853 671 2924 ἁδιάκριτόν
719 2871 777 2906 σε
811 2852 952 2923 ἔχειν
999 2855 1090 2907 τὸν
1142 2854 1416 2925 λογισμὸν,
1475 2855 1551 2920 ὡς
1605 2859 1652 2909 οἱ
1693 2858 1801 2910 τῶν

227 2945 610 3016 ἁπλουστέρων
655 2945 1028 3016 καθηγεμόνες
1073 2945 1380 2998 διδάσκουσι
1414 2945 1698 3013 λέγοντες,
1741 2946 1802 2998 τὸ

227 3039 435 3107 ἀγαθὸν
465 3039 557 3092 καὶ
591 3038 648 3091 τὸ
680 3031 845 3091 κακὸν
879 3038 984 3090 ἀπὸ
1027 3038 1118 3090 τοῦ
1157 3037 1320 3091 αὐτοῦ
1362 3038 1620 3109 φέρεσθαι
1642 3079 1656 3093 .
1706 3039 1801 3092 καὶ

1905 503 2028 542 nem
2059 489 2223 543 etiam
2257 486 2390 557 ipsis
2417 484 2667 554 hospitiis
2697 485 3072 548 detrudebant,
3093 501 3160 539 ne
3181 501 3335 554 aqua:
3355 490 3474 556 qui-

1905 581 2027 635 dem
2057 581 2230 651 ipsius
2274 579 2340 634 ad
2373 579 2663 635 bibendum
2713 577 2970 633 facultate
3002 595 3294 645 concessa;
3351 596 3472 649 qua:

1905 687 2027 726 cum
2062 672 2274 741 singula
2305 671 2547 740 quotidie
2569 679 2730 739 atque
2757 670 2951 724 horum
2977 672 3238 740 nequiora
3266 671 3472 741 perfer-

1905 775 1987 819 ret
2017 765 2218 826 abhis,
2251 766 2342 834 qui
2380 780 2478 833 per
2517 765 2730 832 singula
2755 764 2872 818 loca
2909 765 3282 819 mansionibus
3307 775 3472 834 atque

1907 856 2154 924 hospitiis
2204 864 2509 924 praeerant,
2559 856 2662 908 nisi
2713 856 2778 909 ad
2829 857 3078 910 ultimum
3135 857 3388 911 Marcello
3414 875 3470 911 se

1905 956 2120 1015 portare
2148 949 2357 1002 litteras
2390 946 2704 1008 indicasset,
2725 948 3042 1017 peregrinus
3069 947 3252 1002 Turbo
3280 949 3470 1004 mortis

1904 1040 2215 1108 pertulisset
2241 1039 2425 1092 exitia.

1976 1131 2040 1185 V.
2081 1133 2346 1200 Acceptas
2382 1132 2545 1200 igitur
2571 1130 2856 1184 Marcellus
2879 1129 3088 1184 litteras
3119 1131 3373 1195 resolvit,
3406 1145 3470 1186 ac

1905 1224 2051 1292 legit,
2085 1233 2346 1292 praesente
2371 1223 2635 1278 Archelao
2663 1223 2896 1278 civitatis
2925 1224 3199 1294 episcopo,
3229 1238 3462 1294 quarum

1903 1315 2208 1384 exemplum
2243 1316 2344 1369 hoc
2374 1324 2475 1369 est.

2393 1515 2503 1584 (es)
2530 1514 2957 1570 MANICHAEUS

1904 1601 2185 1671 Apostolus
2221 1601 2349 1656 Jesu
2395 1602 2614 1662 Christi.
2656 1614 2704 1657 et
2756 1607 2844 1673 qui
2883 1622 3084 1659 mecum
3125 1618 3244 1661 sunt
3291 1625 3467 1662 omnes

1975 1673 2225 1746 sanctiet
2253 1675 2476 1746 virgines
2498 1711 2514 1736 .
2558 1674 2808 1746 Marcello
2841 1676 2952 1746 ﬁlio
2988 1678 3297 1732 charissima
3341 1695 3468 1746 gra-

1977 1745 2070 1808 tia,
2096 1737 2471 1815 misericordia,
2504 1761 2608 1815 pax
2638 1763 2669 1797 a
2705 1744 2812 1797 Deo
2841 1737 3000 1798 Patre
3035 1756 3084 1800 et
3112 1737 3470 1802 Dominouno-

1973 1824 2082 1867 stro
2117 1814 2243 1867 Iesu
2285 1815 2493 1869 Christo
2519 1858 2532 1878 ,
2588 1823 2634 1866 et
2674 1815 2890 1868 dextera
2945 1817 3076 1870 lucis
3113 1828 3372 1872 conservet
3421 1829 3470 1873 te

1971 1901 2003 1937 a
2025 1885 2272 1953 prmsenti
2297 1887 2490 1938 sarculo
2523 1885 2684 1947 malo,
2711 1895 2760 1938 et
2786 1902 2818 1938 a
2854 1889 3010 1941 ruina
3033 1887 3145 1953 ejus
3170 1929 3186 1956 ,
3227 1898 3275 1942 et
3319 1907 3350 1943 a
3387 1889 3470 1943 la-

1969 1956 2114 2025 queis
2143 1956 2253 2026 (9.7)
2287 1956 2526 2027 maligni.

1971 2115 2323 2172 Dilectionem
2375 2117 2590 2188 quidem
2642 2129 2788 2172 tuam
2832 2120 3151 2175 immensam
3189 2122 3464 2187 sentiens,

1901 2207 2241 2261 vehementer
2258 2208 2474 2279 gavisus
2497 2226 2616 2264 sum
2634 2228 2648 2267 :
2667 2209 2796 2265 fides
2810 2226 2955 2273 vero,
2971 2211 3094 2280 quia
3113 2227 3218 2266 non
3237 2212 3468 2281 sitjuxta

1904 2308 1955 2352 te
1976 2309 2124 2354 recta
2153 2302 2360 2354 ratione
2383 2299 2516 2370 (28),
2541 2301 2764 2356 moleste
2795 2301 2890 2355 tuli
2929 2319 2943 2355 :
2975 2313 3191 2371 propter
3215 2303 3359 2372 quod
3401 2301 3469 2357 ad

1901 2392 2330 2446 emendationem
2366 2396 2579 2464 generis
2605 2395 2826 2449 humani
2862 2396 3061 2452 missus
3090 2413 3232 2460 sum,
3266 2405 3318 2451 et
3341 2397 3472 2452 sul)-

1900 2483 2121 2538 veniens
2153 2483 2265 2552 (29)
2300 2485 2384 2539 his
2409 2487 2498 2554 qui
2535 2501 2592 2540 se
2622 2486 3030 2543 seductionilms
3063 2498 3227 2558 atque
3257 2487 3469 2542 errori-

1901 2573 2002 2628 bus
2041 2572 2416 2636 tradiderun't,
2470 2575 2584 2630 hate
2639 2577 2838 2643 scripta
2887 2576 2952 2629 ad
3003 2585 3054 2631 te
3101 2576 3482 2640 necessarium,

1901 2665 2026 2720 duxi
2058 2664 2167 2735 (50)
2215 2666 2612 2731 transmittere;
2650 2667 2826 2735 primo
2871 2667 3088 2736 quidem
3125 2667 3194 2721 ad
3238 2668 3470 2722 salutem

1902 2760 2096 2836 animae
2126 2768 2253 2822 tuae,
2287 2759 2481 2814 deinde
2510 2767 2562 2814 et
2596 2774 2786 2814 eorum
2829 2760 2921 2829 qui
2954 2769 3129 2815 tecum
3182 2769 3344 2827 sunt;
3385 2760 3466 2816 uti

1903 2867 1970 2906 ne
1997 2852 2319 2907 indiscretos
2351 2852 2563 2906 animos
2596 2867 2753 2918 geras
2794 2851 2938 2920 (51),
2990 2852 3130 2907 sicut
3173 2851 3472 2921 simplicio-

1903 2959 2020 2999 run:
2055 2945 2298 3015 magistri
2323 2945 2519 3000 docent
2541 2945 2781 3000 dicentes
2804 2946 2938 3014 (52),
2964 2946 3163 3000 malum
3188 2956 3240 3000 et
3268 2946 3472 3001 bonum

1904 3037 1972 3092 ab
2004 3037 2191 3092 eodem
2223 3036 2544 3102 subsistere,
2576 3045 2629 3090 et
2667 3053 2830 3090 unum
2869 3037 3084 3090 initium
3119 3037 3472 3093 introducen-

232 3105 363 3203 μίαν
391 3131 561 3202 ἀρχὴν
595 3131 990 3200 εἰσηγούμενοι,
1023 3131 1082 3184 ού
1117 3105 1500 3202 διακρίνοντες,
1528 3131 1647 3184 οὐδὲ
1671 3131 1799 3183 διαι-

1925 3144 2008 3192 es,
2038 3143 2213 3198 neque
2248 3127 2542 3196 quidquam
2570 3137 2972 3196 perscrutantes
3001 3129 3082 3182 vel
3104 3128 3473 3185 discernentes

233 3223 453 3296 ροῦντες
486 3225 592 3278 ἀπὸ
611 3225 703 3278 τοῦ
739 3225 915 3294 φωτὸς
943 3225 1002 3277 τὸ
1036 3223 1243 3287 σκότος,
1271 3223 1360 3276 καὶ
1389 3223 1448 3277 τὸ
1474 3223 1674 3292 ἀγαθὸν
1699 3223 1804 3276 ἀπὸ

226 3315 325 3368 τοῦ
362 3316 529 3368 καικοῦ
578 3315 670 3368 καὶ
717 3314 940 3384 φαύλου,
998 3314 1091 3367 καὶ
1141 3313 1230 3366 τὸν
1282 3311 1477 3376 ἔξωθεν
1518 3313 1802 3384 ἄνθρωπον

228 3407 340 3459 ἀπὸ
372 3407 464 3460 τοῦ
500 3407 675 3471 ἔνδον,
709 3408 784 3472 ὼς
821 3408 1181 3479 προείπομενσ
1219 3405 1353 3458 ἀλλὰ
1385 3405 1676 3477 κιρνῶντες
1709 3407 1803 3459 καὶ

231 3500 729 3569 ἐγκαταμιγνύντες
771 3499 993 3569 Θάτερον
1037 3498 1246 3568 Θατέρῳ
1287 3498 1346 3550 ού
1398 3498 1677 3551 παύονται.
1727 3499 1799 3552 Σὺ

228 3592 310 3656 δὲ,
355 3585 399 3645 ὦ
430 3593 640 3654 τέκνον,
679 3591 751 3662 μὴ
805 3593 893 3644 ἴσα
941 3593 1053 3655 τοῖς
1089 3591 1298 3654 πολλοῖς
1345 3590 1452 3643 τῶν
1498 3587 1800 3661 ἀνθρώπων

227 3684 529 3754 ἀλογίστως
564 3685 659 3740 καλ⁴
699 3683 883 3748 ἁπλῶς
916 3685 1218 3755 ἀμφότερα,
1254 3684 1328 3746 ὡς
1361 3681 1426 3735 ἂν
1457 3681 1632 3752 τύχοι,
1669 3681 1801 3735 ἑνώ-

308 3897 416 3962 (21)
456 3896 638 3952 Codex
663 3895 968 3959 Bobiensis,
1009 3919 1026 3945 ι
1059 3893 1286 3964 Quippe.
1327 3913 1343 3942 ι
1382 3895 1519 3947 mala
1544 3894 1726 3946 lectio.

308 3968 420 4036 (22)
461 3966 605 4021 Idem
657 3967 825 4021 codex
878 3984 896 4016 ι
931 3966 998 4020 ad
1030 3962 1310 4035 vesperam
1354 3964 1519 4019 veluti
1563 3962 1798 4032 peregri-

231 4055 415 4094 nus.»

311 4107 423 4176 (25)
463 4106 607 4160 ldem
626 4107 815 4168 codex,
848 4125 866 4158 ι
890 4121 1011 4175 quae
1037 4105 1254 4176 quidem
1280 4105 1395 4173 ipsa
1427 4103 1748 4176 diversoria.
1774 4121 1792 4152 ι

229 4177 374 4233 Hinc
407 4173 584 4232 autem
613 4187 830 4247 apparet
857 4173 1018 4247 quam
1055 4173 1242 4247 Sedulo
1271 4173 1637 4247 _hospita_lita_t_i
1671 4189 1800 4241 ope-

231 4265 352 4304 ram
385 4243 950 4317 dederintprimitivae
976 4246 1227 4300 Ecclesia:
1258 4245 1461 4311 ﬁdeles,
1481 4243 1630 4317 Pauli
1663 4259 1799 4317 pise—

230 4328 391 4386 cepto
418 4319 469 4371 in
502 4313 738 4386 Epistola
763 4318 828 4370 ad
858 4316 1110 4372 Πρίηπος
1138 4331 1256 4382 cap.
1278 4331 1553 4386 xnt,vers.
1585 4314 1608 4386 ί
1640 4313 1800 4366 obse-

230 4385 369 4442 cuti.
425 4388 832 4453 Tertullianus,
883 4389 959 4441 De
1003 4385 1484 4454 proscriptionibus
1539 4385 1797 4454 adversus

233 4459 626 4527 llaeresesirap.
662 4458 732 4510 20
768 4477 781 4512 :
824 4477 841 4508 ι
876 4457 966 4512 Sic
997 4473 1185 4511 omnes
1221 4454 1497 4523 (Ecclesiae
1530 4453 1775 4527 videlicet

230 4531 426 4601 primae
458 4541 510 4582 et
545 4524 885 4601 apostolicae;
916 4529 1041 4580 dum
1079 4542 1182 4601 una
1209 4542 1398 4601 omnes
1416 4526 1661 4601 probant
1686 4524 1800 4601 uni-

230 4595 424 4661 tatem,
456 4607 580 4652 dum
616 4607 697 4651 est
726 4599 831 4652 illis
860 4597 1277 4652 communicatio
1313 4596 1482 4663 pacis,
1533 4605 1586 4649 et
1617 4595 1800 4663 appel-

230 4671 365 4725 latio
415 4669 800 4731 fraternitatis,
838 4679 891 4721 et
935 4666 1322 4722 contesseratio
1376 4665 1795 4734 hospitalitatis;

232 4757 356 4811 qua?
387 4739 511 4804 jura
546 4754 651 4792 non
680 4739 782 4811 alia
809 4738 1135 4811 ratio_regit,
1162 4751 1324 4806 quam
1353 4736 1593 4811 ejusdem
1624 4750 1800 4811 sacra-

233 4805 404 4864 menti
437 4825 543 4863 una
580 4810 816 4862 traditio.
851 4827 868 4859 ι
933 4806 1067 4860 Nota
1096 4805 1243 4866 sunt.
1295 4807 1507 4872 qmede
1533 4805 1797 4858 Christia-

232 4897 432 4934 norum
462 4896 585 4947 erga
623 4878 964 4948 Peregrinum
990 4877 1250 4946 ImSpitetn
1277 4876 1464 4948 ciliciis
1498 4876 1655 4928 refert
1681 4874 1791 4948 Ln-

232 4952 428 5004 cianus
463 4951 514 5001 in
529 4944 681 5001 'libro
717 4944 782 5002 de
823 4950 1062 5018 ejusdem
1094 4944 1284 5018 morte.
1342 4946 1445 5018 Sed
1476 4944 1701 5018 etquod
1723 4945 1789 5018 de

232 5020 550 5075 diversoriis
583 5029 742 5087 atque
767 5014 1028 5087 hospitiis,
1059 5033 1148 5086 per
1176 5017 1350 5086 regias
1384 5017 1496 5070 vias
1531 5016 1581 5087 in
1615 5014 1791 5087 Persi-

235 5092 359 5143 dem
396 5086 673 5145 ducentes.
711 5105 740 5141 a
768 5086 1018 5143 Marcello
1046 5089 1397 5151 constructis,
1430 5087 1514 5138 hic
1541 5086 1789 5150 legimus.

237 5161 290 5213 id
333 5159 454 5213 aliis
500 5160 552 5211 in
606 5159 773 5219 locis,
825 5175 887 5212 ac
933 5158 1129 5223 ubique
1175 5155 1341 5211 ferme
1390 5172 1419 5210 a
1469 5155 1794 5210 Christianis

237 5230 443 5284 factum
472 5229 659 5293 fuisse,
684 5241 865 5298 aperte
892 5228 1162 5298 colligitur
1188 5243 1252 5279 ex
1285 5224 1796 5298 GregoriiNazian-

237 5302 360 5355 zenl
393 5300 655 5354 invectiva
687 5296 730 5360 ι,
758 5299 810 5350 in
839 5297 1114 5352 Julianum
1139 5296 1473 5364 Apostatam,
1500 5297 1590 5350 ubi
1625 5297 1796 5363 impc-

237 5380 475 5425 ratorem
512 5371 655 5422 hunc
687 5368 751 5421 ad
777 5368 1210 5423 Christianorum
1239 5367 1587 5420 imitationem
1621 5365 1797 5418 diver-

238 5441 382 5495 soria
429 5448 482 5494 et
531 5439 763 5506 hospitia
813 5454 909 5508 per
953 5435 1491 5508 orbemﬂliomanum
1537 5435 1796 5508 aedificari

239 5510 530 5563 mandasse
575 5506 830 5574 testatur,
887 5517 945 5562 ut
990 5507 1268 5576 gentilium
1322 5506 1796 5576 superstitionibus

240 5580 500 5648 majorem
525 5579 734 5648 laudem
762 5575 1269 5648 venerationemque
1297 5577 1630 5631 conciliaret.
1666 5575 1796 5648 Vide

241 5646 399 5718 plura
427 5651 567 5717 apud
596 5647 861 5703 Prior-ium
898 5648 973 5701 De
1001 5647 1192 5718 litteri_s
1228 5648 1512 5716 canonicis,
1537 5661 1654 5712 cap.
1681 5646 1796 5700 5.et

245 5715 400 5788 etsqq.
462 5715 514 5774 et
569 5718 958 5774 Thomasinum
1014 5717 1091 5771 De
1145 5715 1795 5791 Teucrishospitalitatis,

1781 4426 1877 4522 SD

1906 3236 1936 3275 a
1977 3221 2095 3275 luce
2119 3218 2368 3273 tenebras
2399 3219 2533 3287 (55),
2566 3228 2620 3272 et
2646 3219 2846 3273 bonum
2877 3235 2908 3272 a
2942 3219 3104 3284 malo,
3135 3229 3188 3274 et
3234 3222 3474 3277 exterio-

1904 3329 2017 3366 rem
2053 3311 2329 3365 hominem
2363 3311 2430 3364 ab
2461 3311 2724 3373 interiori,
2772 3311 2914 3366 sicut
2949 3312 3333 3380 praediximus;
3375 3313 3472 3368 sed

1905 3404 2236 3459 confundere
2269 3419 2333 3459 ac
2364 3405 2690 3474 permiSCere
2718 3405 2948 3459 alterum
2995 3405 3146 3460 alteri
3183 3421 3290 3460 non
3341 3422 3461 3463 oes-

1905 3506 2047 3551 sant.
2085 3496 2164 3550 Tu
2199 3512 2350 3563 vero,
2377 3511 2410 3550 o
2437 3497 2532 3559 fili,
2582 3512 2649 3552 ne
2695 3497 2944 3552 similiter
2989 3506 3048 3552 ut
3091 3499 3244 3553 multi
3291 3499 3472 3554 homi-

1908 3604 2072 3655 num,
2120 3587 2564 3642 irrationabiliter
2592 3596 2647 3643 et
2698 3589 3016 3659 simpliciter
3057 3599 3284 3660 utraque
3326 3590 3473 3644 indi-

1908 3689 2084 3735 screta
2113 3679 2440 3749 permisceas
2478 3679 2615 3750 (54),
2649 3695 2825 3750 neque
2861 3680 3116 3738 bonitatis
3138 3680 3244 3737 Deo
3271 3681 3474 3738 inferas

1905 3903 2023 3943 can.
2056 3889 2146 3943 26.

1971 3905 2310 4026 ῗ24ῗοίίοᾶοι
2337 3957 2469 4013 Bob.
2507 3978 2526 4010 ι
2555 3957 3046 4028 Mesopotamenns.
3086 3976 3105 4009 ι

1978 4029 2088 4096 (25)
2125 4029 2307 4083 Codex
2338 4028 2640 4092 Bobiensis,
2676 4048 2692 4080 ι
2731 4030 3056 4094 ignoratum.
3099 4047 3117 4078 ι

1976 4099 2088 4169 (26)
2118 4098 2264 4169 Hanc
2285 4097 2566 4169 epistolam
2588 4115 2710 4152 cum
2742 4097 2979 4169 Marcelli
3013 4099 3365 4169 responsione
3387 4097 3472 4169 in:

1906 4167 2111 4239 tegram
2148 4167 2312 4223 refert
2349 4167 2679 4236 Epiphanius
2726 4169 2778 4221 in
2811 4168 3231 4222 Manichzeorum
3279 4168 3471 4224 haeresi

1907 4239 2096 4308 (LXVI),
2124 4256 2179 4292 n.
2207 4239 2260 4304 6,
2287 4253 2352 4308 ett
2381 4254 2490 4306 quo
2515 4239 2701 4294 Graaca
2726 4239 3150 4308 desumpsimus.

1978 4309 2088 4378 (27)
2119 4309 2296 4364 Codex
2323 4307 2624 4378 Bobiensis,
2661 4329 2679 4361 ι
2715 4325 2744 4362 a
2778 4307 2952 4364 ruinis
2991 4308 3109 4378 ejus
3133 4349 3146 4374 ,
3189 4316 3243 4362 et
3287 4307 3354 4364 de
3390 4307 3473 4364 la-

1903 4377 2080 4450 queis.
2126 4398 2142 4430 ι
2182 4378 2270 4433 Sic
2308 4377 2735 4450 etiEpiphanius.

1975 4450 2088 4517 (28)
2118 4450 2261 4504 Idem
2288 4446 2536 4514 codex,‘¢
2568 4450 2723 4518 juxta
2749 4457 2949 4504 rectam
2991 4449 3277 4503 rationem.
3314 4466 3333 4500 ι
3381 4446 3472 4505 Sic

1903 4533 1955 4577 et
1984 4521 2336 4590 Epiphanius.

1975 4586 2256 4661 (29'ﬂdem
2290 4590 2480 4653 codex,
2507 4611 2523 4642 ι
2556 4591 2755 4645 missus
2777 4605 2897 4644 sum
2918 4587 3261 4644 subveniens.
3293 4605 3314 4641 ι
3343 4586 3473 4658 Epi-

1905 4664 2212 4734 phanius_,_«
2253 4661 2452 4734 missus
2478 4671 2530 4714 et
2562 4661 2906 4734 subveniens.
2932 4678 2971 4734 _»

1973 4732 2082 4803 (50)
2133 4731 2275 4785 ldem
2319 4732 2528 4797 codex,
2589 4751 2606 4782 ι
2661 4732 2773 4784 haec
2839 4729 3040 4798 scripta
3099 4727 3468 4783 necessarium

1900 4803 2050 4856 duxL
2101 4821 2119 4852 ι

1971 4872 2082 4942 (51)
2126 4870 2266 4942 Hinc
2311 4879 2456 4942 patet
2503 4869 2742 4942 recte_in
2768 4868 2954 4942 Graeco
2989 4867 3276 4942 Epiphanii
3320 4876 3466 4924 textu

1899 4938 2214 4996 emendasse
2243 4940 2552 5006 Petavium,
2592 4939 2725 5011 πρὸς
2769 4939 2828 4992 τὸ
2864 4938 2937 5010 μὴ
2984 4938 3313 5008 ἀδιάκριτον,
3341 4956 3468 4994 nam

1899 5017 2072 5083 prius;
2107 5013 2178 5083 μή
2239 5013 2441 5083 deerat.
2603 5081 2610 5083 _
2853 5071 2860 5078 ς

1973 5082 2084 5152 (52)
2108 5077 2294 5136 Codex
2330 5080 2665 5140 Casinensis,
2699 5098 2716 5130 ‹
2754 5077 2999 5152 magistri
3023 5078 3284 5152 dicentes.
3315 5098 3333 5132 ι
3363 5079 3468 5136 Sed

1900 5148 2370 5206 aliam'lectionem
2411 5152 2666 5220 exprimit
2700 5150 2860 5202 etiam
2896 5148 3252 5217 Epiphanius.

1970 5223 2078 5292 (55)
2109 5221 2245 5277 Male
2273 5223 2412 5275 idem
2441 5223 2630 5286 codex,
2661 5239 2677 5269 ι
2713 5237 2741 5275 a
2771 5221 2910 5285 luce,
2944 5234 2975 5272 a
3009 5220 3263 5292 tenebris.
3304 5239 3323 5272 ι

1970 5289 2272 5362 (54)(Σοὰοκ
2293 5292 2654 5354 Casinensis,«
2677 5292 3016 5362 permiscens
3034 5306 3048 5354 ;
3063 5299 3144 5342 tat
3161 5289 3465 5362 Bobiensis,

1904 5384 1921 5415 ι
1964 5358 2293 5432 permisceas
2335 5379 2510 5432 neque
2535 5358 2792 5415 bonitatis
2817 5359 2908 5413 Dei
2929 5358 3150 5432 inieras.
3186 5380 3202 5412 ι
3231 5360 3468 5432 Epipha-

1898 5430 2042 5498 nius,
2072 5453 2090 5484 ι
2123 5430 2472 5502 permisceas,
2490 5447 2663 5502 neque
2686 5434 2749 5486 ad
2777 5430 3035 5502 bonitatis
3054 5431 3218 5497 Deum
3240 5431 3463 5502 referas.

1896 5498 2294 5566 Initiumenim,
2320 5514 2423 5559 etc.
2460 5498 2485 5556 ἰ
2527 5498 2790 5557 Przeterea
2818 5498 3131 5555 Casinensis
3158 5501 3282 5570 legit
3305 5502 3466 5570 paulo

1897 5584 2038 5644 post,
2075 5593 2092 5625 ι
2133 5573 2348 5628 Initium
2380 5585 2432 5628 et
2465 5578 2645 5628 linem.
2699 5592 2716 5624 ι
2771 5571 2879 5627 Nos
2921 5581 3099 5628 autem
3132 5587 3196 5625 ex
3237 5582 3467 5644 utroque

1897 5643 2109 5712 codice,
2155 5654 2318 5716 atque
2364 5644 2667 5717 Epiphanio
2714 5644 2860 5700 hunc
2912 5645 3093 5700 locum
3148 5643 3464 5699 emendavi‘

1897 5731 2041 5771 ιηαε.
