3922 6532
299 316 435 370 “37

1384 315 1528 374 CUM
1565 316 1844 372 MANETE
1885 316 2414 373 "EBESIARCIIA.

3393 317 3531 373 H38

365 430 428 483 Εί
458 429 554 500 τὴν
584 430 677 483 τοῦ
696 430 857 502 Μάνη
890 431 1072 488 πίστιν
1093 433 1273 488 θέλετε
1312 434 1503 506 μαθεῖν
1546 437 1676 506 παρ’
1708 433 1835 506 ἐμοῦ

2042 433 2151 488 Vll.
2193 435 2303 505 (47)
2336 435 2391 487 Si
2421 431 2577 487 ﬁdem
2604 432 2884 488 Manichaei
2911 433 3115 488 discere
3145 448 3174 487 a
3209 449 3294 489 me
3325 436 3487 490 vultis
3510 478 3527 502 ,

292 523 562 579 ἀκούσατε
597 527 894 597 συντόμως.
932 520 1098 591 Οὗτος
1126 528 1219 581 δύο
1247 528 1390 582 σέϐει
1435 530 1588 593 θεοὺς
1633 530 1860 599 ἀγεννή-

290 634 435 681 τους,
464 617 769 685 αὐτοφυεῖς,
789 617 1008 682 ἀϊδίους,
1033 619 1128 672 ἕνα
1152 619 1229 690 τῷ
1255 621 1333 672 ἐν).
1354 621 1742 691 ἀντικείμενον,
1767 620 1861 673 καὶ

288 707 381 762 τὸν
405 709 503 780 μὲν
531 696 754 776 ἀγαθὸν,
788 709 878 762 τὸν
921 709 977 762 δὲ
1005 711 1236 782 πονηρὸν
1270 713 1586 782 εἰσηγεῖται,
1632 731 1754 780 φως
1783 711 1860 782 τῷ

290 799 371 852 ἐνὶ
387 799 555 870 ὄνομα
588 800 832 870 θέμενος,
865 803 956 854 καὶ⁸
976 802 1053 872 τῷ
1085 804 1252 874 έτέρῳ
1279 805 1515 871 σκότος’
1539 807 1632 857 καὶ
1650 805 1740 858 τοῦ
1762 806 1860 876 μὲν

291 889 470 958 φωτὸς
500 886 636 943 εἶναι
669 891 832 961 μέρος
874 893 973 964 τὴν
1003 896 1059 945 ὲν
1106 891 1408 965 ἀνθρώποις
1445 892 1639 964 ψυχὴν,
1665 895 1756 947 τοῦ
1802 895 1858 946 δὲ

289 979 511 1044 σκότους
540 980 598 1034 τὸ
626 982 803 1052 σῶμα,
821 983 915 1035 καὶ
926 983 984 1035 τὸ
997 983 1091 1053 τῆς
1123 982 1250 1054 ὕλης
1271 984 1677 1056 δημιούργημα.
1699 985 1860 1049 Μίξιν

290 1071 369 1139 δὲ,
403 1073 520 1142 ἦτοι
555 1071 854 1143 σύγκρασιν
892 1073 1078 1127 τοῦτον
1118 1073 1264 1142 λέγει
1298 1077 1576 1143 γεγονέναι
1609 1076 1695 1129 τὸν
1729 1076 1855 1145 τρό-

287 1180 409 1226 πον,
455 1163 766 1228 ἀπεικάζων
806 1166 931 1227 τοὺς
963 1164 1054 1218 δύο
1103 1165 1240 1236 τῷδε
1296 1166 1374 1237 τῷ
1421 1167 1853 1237 παραδείγματι·

289 1253 555 1325 Καθάπερ
582 1254 672 1307 δύο
701 1255 934 1324 βασιλεῖς
961 1257 1379 1328 άντιμαχόμενοι
1401 1259 1537 1329 πρὸς
1566 1258 1853 1330 ἀλλήλους,

283 1345 437 1409 ὄντες
468 1347 721 1418 ἁπαρχῆς
753 1348 956 1420 ἐχθροὶ,
989 1349 1081 1400 καὶ
1110 1349 1379 1421 ἁναμέρος
1407 1349 1634 1403 ἑκάστου
1660 1351 1726 1403 τὰ
1748 1351 1854 1404 ἴδια

282 1437 521 1508 ἔχοντοςο
559 1439 700 1493 κατὰ
729 1439 784 1492 δὲ
811 1440 1066 1494 σύστασιν
1089 1441 1149 1494 τὸ
1184 1444 1370 1504 σκότος
1401 1442 1624 1496 ἐπελθὸν
1655 1444 1719 1496 ὲκ
1745 1443 1854 1496 τῶν

279 1531 444 1600 ὁρίων
473 1531 637 1584 αὑτοῦ
666 1534 1122 1603 προσεμαχήσατο
1146 1533 1222 1604 τῷ
1253 1533 1408 1602 φωτί.
1441 1535 1479 1586 Γ
1481 1534 1637 1587 νόντα
1675 1535 1731 1588 δὲ
1761 1537 1850 1590 τὸν

282 1623 484 1690 ἀγαθὸν
532 1622 749 1694 Πατέρα
780 1623 840 1675 τὸ
872 1625 1060 1686 σκότος
1107 1626 1164 1677 έν
1194 1627 1260 1695 τῇ
1295 1628 1363 1695 γῇ
1408 1626 1569 1679 αὑτοῦ
1606 1629 1851 1698 ἐπιδεδη-

283 1713 476 1783 μηκὸς,
509 1714 831 1782 προϐάλλειν
861 1714 919 1780 ἐξ
951 1714 1115 1766 αὑτοῦ
1141 1715 1388 1786 δύναμιν,
1420 1717 1716 1790 λεγομένην
1737 1721 1849 1790 Μη-

277 1803 412 1874 τέρα
442 1804 540 1873 τῆς
573 1802 736 1873 ζωῆς,
777 1803 869 1856 καὶ
903 1802 1072 1874 αὐτὴν
1114 1805 1540 1876 προϐεϐληκέναι
1571 1807 1660 1861 τὸν
1697 1809 1846 1879 πρῶ-

276 1911 370 1946 τον
403 1894 705 1966 ἄνθρωπον,
749 1895 816 1948 τὰ
857 1896 1018 1950 πέντε
1062 1900 1314 1966 στοιχεῖα.
1347 1898 1466 1950 Εἰσὶ
1496 1897 1572 1963 δὲ,
1610 1898 1841 1971 ἄνεμος,

277 1985 416 2054 φῶς,
443 1984 602 2056 ὕδωρ,
620 1986 729 2057 πῦρ
755 1987 848 2039 καὶ
874 1986 995 2058 ὕλη,
1014 1987 1122 2041 Καὶ
1145 1988 1316 2042 ταῦτα
1347 1989 1702 2060 ἐνδυσάμενον
1722 2033 1738 2059 ,
1769 1992 1844 2056 ὡς

278 2076 415 2146 πρὸς
449 2077 790 2148 κατασκευὴν
820 2079 1079 2150 πολέμου,
1112 2079 1388 2134 κατελθεῖν
1422 2081 1589 2144 κάτω,
1616 2085 1708 2136 καὶ
1745 2101 1843 2137 πο-

274 2165 508 2237 λεμῆσαι
535 2166 611 2237 τῷ
643 2169 843 2222 σκότει.
876 2173 937 2223 Οἱ
967 2171 1023 2223 δὲ
1050 2171 1144 2225 τοῦ
1187 2173 1408 2238 σκότους
1441 2176 1712 2246 ἄρχοντες,
1750 2177 1844 2230 ἀν-

271 2259 682 2329 τιπολεμοῦντες
704 2261 868 2331 αὐτῷ,
893 2261 1092 2332 ἔφαγον
1117 2265 1180 2316 ὲκ
1205 2263 1304 2334 τῆς
1327 2265 1626 2329 πανοπλίας
1655 2266 1838 2333 αὐτοῦ,

271 2349 302 2400 ὅ
327 2350 474 2401 ἐστιν
498 2351 530 2420 ἡ
567 2349 729 2422 ψυχή.
762 2352 890 2403 Τότε
915 2351 1100 2415 δεινῶς
1125 2352 1308 2424 έθλίϐη
1339 2355 1457 2408 ἐκεῖ
1481 2355 1628 2409 κάτω
1647 2358 1674 2409 ό
1699 2356 1840 2426 πρῶ·

269 2455 361 2501 τος
387 2438 666 2512 ἄνθρωπος
696 2441 798 2493 ὑπὸ
827 2441 918 2494 τοῦ
951 2441 1193 2505 σκότους,
1220 2444 1311 2496 καὶ
1346 2446 1394 2498 εἰ
1437 2446 1512 2516 μὴ
1542 2446 1838 2516 εὐξαμένου

271 2529 639 2599 εἰσήκουσενό
673 2531 879 2602 Πατὴρ,
916 2533 1008 2585 καὶ
1047 2535 1359 2589 ἀπέστειλεν
1398 2538 1586 2609 ἑτέραν
1615 2538 1838 2610 δύναμιν

269 2619 665 2689 προόληθεῖσαν
717 2622 806 2674 ὑπ’
837 2623 1018 2691 αὐτοῦ,
1065 2625 1362 2697 λεγομένην
1410 2628 1516 2691 ζῶν
1571 2631 1833 2701 Πνεῦμα,

269 2708 363 2761 καὶ
395 2710 441 2761 εί
479 2709 553 2782 μὴ
587 2711 857 2764 κατελθὼν
897 2713 1126 2769 δέδωκεν
1155 2715 1302 2787 αὐτῷ
1334 2717 1532 2783 δεξιὰν,
1573 2721 1663 2772 καὶ
1707 2721 1838 2792 ἀνή-

267 2817 463 2868 νεγκεν
488 2803 553 2854 ἐκ
577 2803 670 2856 τοῦ
699 2804 940 2868 σκότους,
985 2807 1150 2860 πάλαι
1174 2807 1238 2861 ἂν
1265 2811 1291 2862 ὁ
1317 2810 1528 2882 πρῶτος
1557 2812 1838 2884 ἄνθρωπος

265 2893 626 2964 κατεχόμενος
649 2895 1017 2950 ἐκινδύνευσεν
1073 2901 1296 2954 ’Έκτοτε
1320 2898 1411 2955 οὖν
1439 2904 1716 2974 κατέλειψε
1740 2906 1838 2959 κά-

265 3001 346 3035 τω
372 2984 470 3055 τὴν
507 2985 683 3056 ψυχήν
707 3005 720 3018 ο
757 2988 850 3041 καὶ
885 2989 972 3041 διὰ
997 2989 1152 3044 τοῦτο
1177 2993 1483 3064 Μανιχαῖοι,
1513 2995 1608 3049 ἐὰν
1643 3015 1834 3051 συναν-

1963 526 2200 580 breviter
2233 526 2436 579 audite.
2477 524 2574 580 llic
2599 525 2736 580 duos
2769 525 2898 579 colit
2931 525 3059 580 deos
3085 525 3319 590 innatos,
3344 541 3407 580 ex
3440 544 3529 582 se-

1963 617 2204 686 metipsis
2226 626 2522 680 exstantes,
2553 623 2803 682 aeternos,
2822 631 2988 669 unum
3009 615 3100 668 uni
3127 616 3525 683 adversantem;

1961 717 2014 762 et
2046 708 2275 761 alterum
2309 707 2526 776 quidem
2559 707 2782 770 bonum,
2831 707 3058 761 alterum
3100 719 3274 762 autem
3324 710 3528 764 malum

1963 797 2276 854 introducit.
2309 797 2428 848 Lua:
2469 797 2560 850 uni
2589 811 2784 850 nomen
2814 797 3063 866 imponit,
3093 807 3146 851 et
3189 799 3341 852 alteri
3382 808 3526 852 tene-

1963 894 2091 949 brat.
2120 894 2184 947 Et
2216 895 2353 948 lucis
2381 894 2596 962 quidem
2625 908 2745 946 esse
2791 903 2997 961 partem
3039 892 3276 946 animum
3313 908 3432 962 quae
3469 893 3522 946 in

1961 985 2270 1039 hominibus
2302 998 2403 1050 est,
2448 985 2793 1038 tenebrarum
2834 992 3012 1036 autem
3050 997 3268 1052 corpus,
3313 993 3368 1037 et
3402 998 3525 1052 quin

1957 1091 2023 1129 ex
2058 1077 2281 1130 materia
2308 1086 2390 1130 est
2423 1075 2686 1130 conditio.
2725 1073 3133 1128 Permistionem
3175 1083 3352 1128 autem
3374 1115 3388 1140 ,
3438 1074 3523 1128 vel

1958 1168 2394 1236 conjunctionem
2428 1167 2531 1222 hoc
2554 1167 2714 1221 modo
2746 1167 2877 1221 dicit
2905 1166 3016 1237 (48)
3042 1167 3306 1232 cilectam,
3336 1166 3522 1221 confe-

1954 1275 2080 1314 rens
2103 1260 2291 1314 ambos
2316 1261 2444 1315 deos
2469 1261 2524 1314 in
2557 1260 2928 1329 hujuscemodi
2949 1261 3251 1329 exemplum
3279 1279 3290 1313 :
3315 1258 3519 1326 Quem-

1954 1350 2244 1404 admodum
2277 1351 2321 1404 si
2348 1351 2456 1404 duo
2487 1366 2641 1418 reges
2663 1350 2772 1404 sint
2796 1351 3079 1404 adversum
3109 1366 3166 1404 se
3195 1361 3520 1420 pugnantes,

1953 1440 2047 1510 qui
2080 1440 2149 1494 ab
2187 1441 2341 1494 initio
2367 1439 2568 1493 fuerint
2596 1440 2836 1506 inimici,
2874 1441 3130 1495 habentes
3154 1442 3350 1511 singuli
3388 1458 3520 1497 suas

1951 1532 2245 1603 portiones;
2273 1530 2528 1584 acciderit
2558 1539 2737 1584 autem
2765 1539 2824 1584 ut
2850 1531 3084 1585 tenebrae
3111 1533 3518 1600 progredientes

1951 1624 2085 1680 lines
2109 1639 2256 1686 suos,
2285 1624 2481 1677 bellum
2507 1639 2632 1678 cum
2658 1624 2775 1677 luce
2800 1623 3185 1679 commiserint.
3215 1623 3366 1690 Quod
3389 1641 3513 1679 cum

1951 1716 2291 1784 cognovisset
2322 1715 2496 1770 bonus
2529 1715 2704 1782 Pater,
2741 1715 2993 1769 tenebras
3022 1715 3087 1770 ad
3122 1726 3318 1770 terram
3357 1732 3514 1770 suam

1879 1791 1919 1844 Β
1949 1807 2345 1876 supervenisse,
2376 1806 2628 1875 produxit
2660 1822 2725 1860 ex
2749 1823 2807 1861 se
2841 1807 3092 1860 virtutem
3121 1806 3254 1877 (49),
3285 1823 3405 1875 quae
3426 1807 3512 1860 di-

1946 1898 2088 1954 citur
2116 1897 2285 1953 Mater
2321 1899 2463 1964 vitae;
2494 1915 2602 1968 qua
2634 1901 2833 1954 virtute
2861 1899 3224 1954 circumdedit
3255 1899 3367 1968 (50)
3398 1899 3511 1967 pri-

1943 2005 2092 2044 mum
2124 1989 2417 2054 hominem,
2449 2006 2570 2059 quae
2598 1999 2724 2045 sunt
2745 1991 2984 2060 quinque
3005 1991 3288 2053 elementa,
3326 1990 3377 2044 id
3407 2001 3514 2054 est,

1941 2088 2157 2144 ventus,
2198 2079 2288 2134 lux
2311 2122 2325 2145 ,
2367 2095 2529 2149 aqua,
2563 2080 2700 2149 ignis
2728 2090 2780 2135 et
2804 2080 3023 2134 materia
3050 2081 3182 2147 (5t);
3211 2081 3407 2148 quibus
3430 2079 3512 2132 in-

1942 2170 2126 2233 dutus,
2179 2180 2432 2240 tanquam
2477 2171 2540 2226 ad
2585 2179 2832 2240 paratum
2875 2171 2997 2224 belli
3040 2169 3180 2239 (59.),
3237 2169 3517 2224 descendit

1941 2262 2194 2316 deorsum
2231 2278 2470 2332 pugnare
2496 2263 2780 2317 adversum
2812 2263 3082 2316 tenebras.
3113 2261 3181 2315 At
3207 2278 3335 2314 vero
3363 2271 3511 2315 tene-

1941 2353 2161 2407 brarum
2194 2354 2502 2424 principes,
2541 2363 2902 2423 repugnantes
2942 2352 3020 2418 ei,
3057 2352 3406 2406 comederunt
3442 2349 3512 2405 de

1941 2456 2218 2500 armatura
2243 2445 2382 2513 ejus,
2417 2445 2561 2515 quod
2593 2454 2674 2499 est
2699 2444 2902 2498 anima.
2936 2442 3089 2496 Tunc
3115 2444 3182 2496 ibi
3215 2443 3512 2496 vehemen-

1940 2542 2022 2590 ter
2049 2534 2276 2588 alllictus
2300 2542 2383 2589 est
2407 2534 2662 2588 deorsum
2690 2533 2897 2602 primus
2925 2549 3121 2601 parcns
3147 2533 3306 2588 homo
3339 2531 3448 2600 (55)
3472 2546 3504 2584 a

1941 2626 2198 2692 tenebris;
2227 2634 2278 2681 et
2301 2627 2403 2680 nisi
2433 2635 2677 2679 orantem
2707 2640 2830 2678 eum
2866 2625 3178 2678 exaudisset
3211 2623 3401 2689 Pater,
3449 2633 3506 2678 et

1942 2715 2179 2770 misisset
2223 2715 2446 2768 alteram
2482 2715 2737 2768 virtutem
2780 2728 2900 2782 qua:
2947 2721 3285 2781 processerat
3317 2728 3381 2765 cx
3420 2727 3503 2779 se,

1938 2813 2059 2877 qna:
2083 2808 2284 2862 dicitur
2315 2806 2549 2876 Spiritus
2575 2807 2849 2869 vivens,et
2874 2804 3203 2858 descendens
3236 2803 3510 2872 porrexis-

1938 2910 2018 2953 set
2047 2900 2094 2953 ei
2127 2900 2404 2954 dexteram
2428 2910 2480 2952 et
2506 2899 2782 2953 eduxisset
2813 2912 2936 2951 eum
2968 2897 3034 2950 de
3068 2896 3303 2950 tenebris
3323 2937 3336 2961 ,
3375 2896 3507 2950 olim

1939 2989 2148 3059 primus
2190 2989 2353 3042 homo
2402 2989 2652 3043 detentus
2704 2989 3118 3058 periclitaretur.
3152 2986 3230 3041 Ex
3279 3003 3343 3041 eo
3375 3002 3507 3059 ergo

262 3076 510 3146 τήσωσιν
553 3077 818 3147 ἀλλήλοις,
865 3081 1040 3148 δεξιάς
1085 3083 1314 3138 διδόασιν
1360 3088 1568 3152 ἑαυτοῖς
1608 3089 1831 3160 σημείου

1941 3080 2172 3133 animam
2197 3079 2448 3133 deorsum
2479 3079 2694 3146 reliquit
2729 3078 2840 3146 (54)
2880 3096 2894 3131 :
2923 3086 2976 3131 ct
3009 3088 3294 3146 propterea
3324 3076 3504 3132 Matti-

264 3165 444 3237 χάριν,
481 3168 556 3232 ὡς
596 3169 702 3223 ἀπὸ
732 3172 953 3236 σκότους
995 3174 1283 3239 σωθέντεςο
1321 3179 1378 3230 ὲν
1408 3180 1514 3249 γὰρ
1546 3180 1620 3250 τῷ
1653 3181 1830 3234 σκότει

262 3255 444 3319 πάσας
481 3256 580 3320 τὰς
625 3259 859 3330 αἱρέσεις
906 3257 1047 3316 εἶναι
1081 3264 1248 3334 λέγει.
1286 3267 1416 3319 Τότε
1463 3266 1569 3331 ζῶν
1610 3269 1832 3340 Πνεῦμα

260 3346 442 3400 ἔκτισε
477 3348 568 3400 τὸν
598 3352 828 3419 κόσμον,
871 3356 964 3407 καὶ
1006 3356 1136 3410 αὐτὸ
1181 3358 1414 3429 φορέσαν
1457 3359 1646 3432 ἑτέρας
1684 3365 1830 3433 τρεῖς

258 3439 536 3510 δυνάμεις,
587 3444 841 3497 κατελθὸν
890 3447 1158 3517 ἀνήνεγκε
1210 3451 1336 3516 τοὺς
1388 3451 1679 3521 ἄρχοντας,
1737 3454 1828 3507 καὶ

259 3528 591 3600 ἐστερέωσεν
614 3534 671 3585 ὲν
693 3532 769 3603 τῷ
798 3535 1158 3608 στερεώματι,
1192 3539 1219 3591 ὅ
1245 3541 1388 3592 ἐστιν
1416 3540 1589 3594 αὐτῶν
1617 3541 1822 3614 σῶμαὴ

261 3625 489 3693 σφαῖρα.
519 3624 648 3678 Τότε
681 3627 840 3680 πάλιν
882 3629 941 3682 τὸ
982 3630 1089 3694 ζῶν
1116 3633 1342 3703 Πνεῦμα
1365 3633 1541 3686 ἔκτισε
1566 3637 1688 3697 τοὺς
1711 3653 1824 3703 φω-

261 3712 487 3783 στῆρας,
516 3713 551 3768 ἃ
572 3716 685 3770 ἐστι
707 3718 805 3788 τῆς
823 3718 997 3790 ψυχῆς
1023 3720 1270 3791 λείψανα,
1298 3725 1388 3776 καὶ
1411 3723 1580 3788 οὕτως
1605 3726 1822 3796 εποίησε

257 3803 319 3855 τὸ
356 3805 636 3876 στερέωμα
673 3808 970 3879 κυκλῆσαι’
1014 3813 1106 3864 καὶ
1154 3813 1312 3867 πάλιν
1359 3814 1535 3867 ἔκτισε
1584 3815 1680 3886 τὴν
1719 3817 1822 3887 γῆν

257 3893 338 3954 εἰς
375 3892 490 3964 εῖδη
525 3893 686 3947 ὀκτώ.
729 3897 786 3949 '0
823 3898 879 3950 δὲ
923 3900 1220 3972 Ὠμοφόρος
1254 3903 1401 3956 κάτω
1429 3903 1701 3974 βαστάζει,
1730 3907 1822 3960 καὶ

257 3985 396 4039 ἐπάν
452 3988 602 4060 κάμῃ
642 3988 944 4058 βαστάζων,
985 3993 1197 4064 τρέμει,
1243 3995 1337 4049 καὶ
1383 3996 1604 4066 σεισμοῦ
1651 3999 1818 4062 αἴτιος

255 4079 464 4148 γίνεται
499 4083 648 4153 παρὰ
696 4083 787 4136 τὸν
819 4083 1121 4156 ὡρισμένον
1166 4086 1375 4158 καιρόν.
1412 4087 1613 4141 Τούτου
1660 4089 1819 4141 ἓνεκα

253 4172 344 4226 τὸν
377 4174 502 4226 Υἱὸν
537 4175 702 4228 αὑτοῦ
737 4176 1052 4230 ἀπέστειλεν
1083 4182 1111 4232 ό
1171 4180 1372 4248 ἀγαθὸς
1399 4181 1587 4252 Πατὴρ
1619 4183 1681 4234 ὲκ
1710 4181 1818 4235 τῶν

254 4264 469 4319 κόλπων
504 4267 583 4328 είς
614 4266 711 4336 τὴν
740 4267 962 4339 καρδίαν
992 4270 1092 4341 τῆς
1121 4270 1244 4340 γῆς,
1275 4272 1369 4325 καὶ
1405 4273 1483 4336 είς
1516 4271 1582 4325 τὰ
1617 4272 1816 4342 ταύτης

327 4461 437 4533 (4³7)
479 4463 766 4538 διιῳιθῃξία
808 4481 989 4538 usque
1036 4466 1101 4520 ad
1155 4483 1272 4538 cap.
1320 4468 1423 4534 l2,
1471 4469 1537 4524 ad
1579 4471 1802 4526 verbum
1837 4464 1882 4519 D

251 4529 436 4602 (ἔναξοὲ
468 4529 645 4602 retulit
671 4529 1002 4602 Epiphanius
1031 4552 1181 4590 num.
1217 4529 1304 4593 '25.

324 4601 436 4680 (48.)
469 4601 603 4656 llinc
623 4601 919 4680 patet’apud
941 4605 1293 4680 Epiphaniam
1322 4607 1423 4678 legi
1454 4609 1668 4680 debere,
1690 4611 1815 4666 τοῦ-

247 4687 338 4723 τον
365 4670 529 4739 λέγει,
559 4670 680 4727 cum
716 4670 868 4740 prius
897 4670 1059 4736 esset,
1093 4677 1312 4731 τούτων.

323 4741 432 4815 (49)
478 4743 656 4815 codex
692 4741 1009 4807 Bobiensis,
1057 4765 1075 4795 ‹
1131 4748 1385 4815 produxit
1428 4763 1493 4802 ex
1534 4749 1748 4804 virtute.
1790 4769 1810 4803 ι

246 4807 585 4874 Casinensis,
620 4832 637 4862 ‹
672 4814 984 4880 produxerit
1011 4824 1062 4866 et
1093 4807 1212 4870 esse
1244 4818 1516 4872 virtutem.
1552 4838 1568 4869 ι
1607 4819 1711 4874 Sed
1735 4821 1814 4874 le-

245 4881 480 4950 gendum
511 4898 572 4934 cx
608 4881 907 4950 Epiphanio
939 4885 1014 4936 uti
1042 4888 1383 4940 emendatum
1411 4896 1506 4941 est.

319 4949 430 5023 (5θ)
471 4949 979 5023 Codex’Bobiensis,
1016 4971 1170 5023 cqua
1204 4954 1577 5013 circumdedit.
1614 4977 1632 5011 ι
1663 4959 1816 5013 Casi-

242 5020 457 5100 nensis,
497 5039 516 5071 ι
560 5037 680 5100 qua:
714 5022 928 5100 virtute.
975 5041 993 5074 ι
1031 5020 1134 5100 Sed
1165 5041 1229 5080 ex
1278 5027 1550 5095 Bobiensi,
1594 5038 1646 5084 et
1686 5028 1814 5100 Epi~

245 5093 447 5160 phanio
475 5093 774 5154 emendavi,
812 5109 830 5142 ι
868 5109 974 5160 (pta
1003 5094 1223 5150 virtute.
1267 5116 1286 5147 ι

317 5158 429 5225 (51)
465 5161 644 5238 C_odex
678 5158 983 5238 gobiensis,
1021 5182 1038 5213 ι
1074 5163 1124 5238 id
1152 5177 1256 5238 est,
1297 5167 1410 5229 lux,
1440 5181 1577 5235 aqua
1605 5209 1620 5231 ,
1670 5169 1814 5238 ignis

241 5239 299 5280 et
326 5229 572 5309 materia.
610 5250 628 5282 ι
676 5231 778 5285 Sed
826 5230 1158 5309 Epiphanius
1206 5229 1330 5309 legit
1367 5229 1663 5309 «ﬂventu's,
1693 5229 1812 5302 lux,

243 5313 407 5364 aqua,
442 5299 661 5378 igniset
692 5299 940 5378 materia,
973 5321 993 5378 ξ
1021 5313 1077 5378 ut
1105 5305 1155 5378 in
1183 5299 1366 5361 codice
1394 5299 1698 5375 Casinensi,
1719 5299 1810 5378 qui

242 5383 426 5438 veram
461 5371 677 5424 exhibet
708 5372 870 5438 hujus
894 5371 996 5424 loci
1026 5372 1336 5429 lectionem.

459 5436 796 5518 Epiphanius
818 5441 965 5518 legit,
997 5459 1016 5492 ι
1048 5443 1112 5494 ad
1143 5455 1458 5518 apparatum
1489 5446 1637 5518 belli.
1685 5467 1703 5498 ι

314 5507 632 5628 £3202?“
666 5507 973 5576 Bobiensis,
1006 5507 1323 5570 concinente
1348 5517 1672 5586 Epiphanio,
1703 5517 1814 5587 pri-

241 5592 357 5628 mus
390 5592 562 5632 nomo.

314 5645 428 5714 (54)
452 5647 630 5724 Codex
658 5648 960 5724 Bobiensis,
995 5670 1014 5704 ι
1053 5653 1339 5724 relinquit;
1381 5675 1400 5706 ι
1444 5657 1582 5712 mala
1628 5657 1809 5724 lectio,

240 5725 300 5772 ut
331 5725 473 5784 patet
503 5735 567 5773 ex
592 5718 914 5788 Epiphanio.

1935 3173 2066 3226 chwi
2099 3188 2220 3226 cum
2251 3171 2352 3225 sibi
2392 3171 2618 3224 invicem
2651 3178 2975 3235 occurrunt,
3006 3171 3136 3224 dant
3169 3169 3268 3224 sibi
3311 3169 3499 3224 dexte-

1933 3280 2026 3317 ras
2055 3263 2218 3332 hujus
2243 3263 2382 3331 signi
2409 3263 2600 3333 gratia,
2635 3270 2892 3330 tanquam
2927 3275 2989 3314 ex
3026 3260 3263 3314 tenebris
3291 3261 3492 3314 libera-

1931 3356 1991 3420 ti,
2012 3356 2063 3409 in
2096 3355 2331 3409 tenebris
2353 3356 2494 3407 enim
2524 3367 2713 3406 omnes
2741 3353 2971 3406 haereses
2997 3367 3118 3406 esse
3139 3352 3326 3406 dicunt
3352 3351 3492 3420 (55).

1931 3445 2085 3501 Tunc
2110 3446 2294 3500 vivens
2325 3445 2560 3515 Spiritus
2591 3445 2794 3499 creavit
2830 3443 3089 3498 mundum
3113 3483 3126 3508 ,
3176 3452 3230 3497 et
3275 3444 3500 3498 indutus

1930 3539 2063 3593 alias
2094 3548 2201 3592 tres
2233 3538 2479 3602 virtutes,
2512 3536 2843 3590 descendens
2876 3535 3059 3590 eduxit
3088 3533 3360 3604 principes
3387 3577 3402 3602 ,
3445 3546 3500 3590 ct

1926 3631 2196 3684 crucilixit
2245 3645 2338 3685 eos
2386 3630 2440 3683 in
2495 3629 2878 3691 ﬁrmamento,
2929 3627 3074 3696 quod
3107 3636 3189 3681 est
3218 3628 3330 3698 (56)
3371 3628 3495 3697 ejus

1924 3738 2122 3791 corpus
2170 3721 2397 3791 sphazra.
2457 3717 2522 3772 Et
2574 3734 2792 3774 rursum
2849 3719 2964 3788 ipse
3016 3719 3201 3773 vivens
3253 3719 3491 3788 Spiritus

1922 3815 2122 3869 creavit
2152 3811 2463 3879 luminaria,
2491 3828 2612 3882 quae
2641 3819 2768 3866 sunt
2792 3810 3032 3880 reliquiae
3053 3811 3244 3866 anima:
3275 3811 3409 3881 (57),
3441 3821 3497 3867 et

1921 3898 2046 3960 fecit
2091 3921 2152 3959 ea
2200 3903 2597 3958 ﬁrmamentum
2649 3903 2937 3958 circumire
2987 3901 3138 3971 (58);
3191 3910 3245 3955 et
3294 3901 3493 3956 iterum

1919 3999 2120 4052 creavit
2149 4007 2371 4062 terram,
2405 4005 2458 4055 et
2487 4006 2612 4050 sunt
2640 4005 2785 4049 octo.
2817 3994 2912 4049 Est
2944 4003 3124 4048 autem
3150 3992 3495 4063 Omophorus

1918 4089 2170 4143 deorsum
2202 4089 2332 4158 (59),
2387 4088 2441 4141 id
2473 4096 2573 4152 est,
2615 4088 2708 4156 qui
2753 4103 2872 4140 eam
2904 4095 3080 4154 portat
3111 4087 3163 4138 in
3208 4086 3492 4154 humeris;

1917 4190 1971 4235 et
2000 4197 2121 4235 cum
2150 4179 2471 4234 laboraverit
2495 4189 2736 4248 portans,
2779 4179 3099 4232 intremiscit
3138 4197 3150 4232 :
3184 4187 3236 4232 et
3267 4179 3378 4232 haec
3406 4189 3492 4233 est

1921 4287 2088 4327 causa
2121 4283 2274 4326 terra:
2304 4279 2484 4325 motus
2511 4279 2703 4340 praiter
2726 4272 3077 4326 constitutum
3116 4280 3345 4339 tempus.
3374 4269 3488 4326 [lac

1985 4474 2094 4544 (55)
2135 4473 2312 4528 Codex
2348 4473 2651 4539 Bobiensis,
2714 4490 2732 4524 ι
2775 4472 2952 4544 omnis
2996 4471 3216 4544 Inprcsis
3253 4486 3372 4544 esse
3404 4471 3490 4526 di-

1915 4541 2085 4598 citur.
2113 4563 2130 4595 ι
2171 4544 2273 4598 Sed
2314 4545 2451 4598 hanc
2477 4544 2759 4600 lectionem
2797 4542 2974 4610 rejicit
3019 4541 3381 4610 Epiphanius.

1987 4614 2098 4683 (56)
2139 4613 2263 4668 Haec
2312 4625 2392 4668 est
2429 4615 2590 4681 hujus
2637 4613 2740 4666 loci
2783 4609 2908 4665 vera
2935 4609 3142 4683 lectio,
3171 4609 3490 4683 Epiphanio

1915 4678 2158 4753 probata.
2218 4683 2388 4749 Quam
2422 4678 2564 4736 enim
2597 4697 2660 4736 ex
2697 4683 2882 4736 codice
2935 4679 3182 4753 Bobiensi
3242 4678 3487 4753 Valesius

1914 4749 2196 4823 exprimit,
2228 4762 2539 4823 corruptam
2570 4768 2688 4823 esse
2721 4767 2877 4823 nemo
2901 4765 3005 4823 non
3036 4749 3206 4823 videt;
3235 4749 3312 4803 sic
3341 4752 3486 4823 enim

1917 4817 2189 4885 se'liabct,
2217 4841 2235 4874 ι
2268 4817 2608 4876 Descendens
2627 4821 2810 4874 eduxit
2836 4819 3102 4887 principes
3129 4817 3271 4878 Jeru,
3301 4820 3487 4875 exiens

1915 4894 1970 4946 in
2004 4894 2422 4948 firmamentum.
2453 4892 2596 4960 quod
2627 4899 2738 4960 est,
2758 4886 2862 4942 etcf.
2897 4907 2914 4938 ι
2947 4889 3002 4940 In
3034 4886 3487 4960 GrzccoiEpipha-

1915 4963 1989 5015 nii
2025 4971 2126 5026 est,
2169 4980 2186 5011 ε
2233 4961 2295 5014 Et
2323 4957 2581 5014 stabilivit
2626 4959 2678 5011 in
2715 4957 3072 5018 (irritamento,
3100 4959 3240 5024 quod
3275 4957 3364 5011 est
3403 4960 3484 5027 ip-

1915 5047 2100 5085 sorum
2132 5046 2330 5099 corpus
2361 5032 2592 5099 sphaera.
2635 5047 2654 5079 ι
2692 5027 2796 5081 Sed
2828 5027 2947 5081 vide
2974 5027 3224 5081 eumdem
3250 5027 3486 5097 Epipha-

1915 5101 2084 5160 nium,
2101 5114 2222 5168 cap.
2255 5102 2343 5155 48.

1986 5170 2098 5239 (57)
2143 5165 2214 5223 Ita
2261 5180 2313 5224 et
2366 5167 2722 5239 Epiphanius.
2779 5166 2935 5239 Male
2968 5166 3118 5239 apud
3163 5165 3434 5226 Valesium
3461 5207 3481 5236 ,

1920 5259 1938 5287 σ
1983 5235 2224 5308 Reliquae
2267 5235 2486 5291 animi».
2545 5258 2563 5289 ι
2606 5237 2739 5291 Vide
2780 5237 3028 5291 eumdem
3078 5235 3479 5307 Epiphanium,

1920 5310 2089 5362 ibid..
2154 5325 2272 5362 can.
2326 5308 2416 5362 49.

1915 5310 2089 5369 ibid.,
2154 5325 2272 5369 cap.
2326 5309 2416 5362 49.

1991 5325 2089 5369 ιι..
2154 5325 2272 5378 cap.
2326 5325 2416 5362 [ιν.

1987 5379 2099 5449 (58)
2141 5377 2204 5430 Ει
2249 5377 2334 5449 hic
2385 5377 2523 5430 male
2572 5377 2738 5430 codex
2787 5374 3097 5449 Bol'iiensis,
3138 5395 3157 5427 ‹
3198 5376 3252 5430 in
3298 5376 3485 5432 ﬁrma-

1915 5445 2097 5504 mento
2129 5448 2378 5505 circuire.
2433 5465 2450 5498 ι
2486 5456 2544 5500 ut
2574 5455 2719 5515 patet
2746 5462 2808 5499 ex
2843 5445 3162 5515 Epiphanio.

1987 5517 2096 5586 (59)
2139 5516 2471 5588 Epiphanius
2515 5514 2676 5570 habet
2698 5519 2788 5588 ei;
2822 5514 2931 5588 εἴδη
2982 5517 3143 5570 ὀκτώ.
3197 5534 3215 5567 ι
3261 5514 3481 5588 Creavit

1917 5585 2122 5658 terram
2155 5587 2410 5658 octuplici
2451 5588 2649 5658 specie.
2687 5585 3238 5658 Omophdrusautem
3263 5627 3275 5650 ,
3317 5605 3336 5636 ι
3375 5587 3476 5641 hoc

1913 5666 1993 5712 est
2041 5657 2254 5724 bajulus
2281 5697 2295 5718 ,
2344 5675 2361 5707 ι
2402 5657 2539 5708 intra
2572 5655 2874 5709 sustinet.)
2915 5655 3020 5711 Sed
3048 5655 3269 5712 Latinus
3295 5666 3477 5712 noster

1915 5729 2181 5795 interpres
2211 5726 2367 5796 legit,
2397 5728 2500 5778 εἰσὶ
2533 5726 2609 5792 δέ,
2641 5725 2742 5791 vel,
2771 5727 2875 5779 εἱσι
2902 5726 2986 5800 δή.
