  <div class='ocr_page' id='page_1' title='image "/cluster/home/n/w/nwhite01/storage/ocr_20150623/10/hvd.32044019207620/729.png"; bbox 0 0 3922 6534; ppageno 0'>
   <div class='ocr_carea' id='block_1_1' title="bbox 357 349 495 404">
    <p class='ocr_par' dir='ltr' id='par_1_1' title="bbox 357 349 495 404">
     <span class='ocr_line' id='line_1_1' title="bbox 357 349 495 404; baseline 0.014 -2"><span class='ocrx_word' id='word_1_1' title='bbox 357 349 495 404; x_wconf 61' lang='lat'><strong>1-339</strong></span> 
     </span>
    </p>
   </div>
   <div class='ocr_carea' id='block_1_2' title="bbox 1403 307 2638 400">
    <p class='ocr_par' dir='ltr' id='par_1_2' title="bbox 1403 307 2638 400">
     <span class='ocr_line' id='line_1_2' title="bbox 1403 307 2638 400; baseline -0.002 -2"><span class='ocrx_word' id='word_1_2' title='bbox 1403 343 1588 399; x_wconf 85' lang='lat' dir='ltr'><strong>ACTA</strong></span> <span class='ocrx_word' id='word_1_3' title='bbox 1617 339 2147 400; x_wconf 66' lang='lat' dir='ltr'><strong>msrurarrorns</strong></span> <span class='ocrx_word' id='word_1_4' title='bbox 2181 339 2236 394; x_wconf 81' lang='grc' dir='ltr'>ε.</span> <span class='ocrx_word' id='word_1_5' title='bbox 2279 307 2638 396; x_wconf 68' lang='lat' dir='ltr'><strong>Aluzusmr</strong></span> 
     </span>
    </p>
   </div>
   <div class='ocr_carea' id='block_1_3' title="bbox 3465 338 3616 395">
    <p class='ocr_par' dir='ltr' id='par_1_3' title="bbox 3465 338 3616 395">
     <span class='ocr_line' id='line_1_3' title="bbox 3465 338 3616 395; baseline -0.013 0"><span class='ocrx_word' id='word_1_6' title='bbox 3465 338 3616 395; x_wconf 69' lang='grc' dir='ltr'><strong>ιηθ</strong></span> 
     </span>
    </p>
   </div>
   <div class='ocr_carea' id='block_1_4' title="bbox 355 457 1930 534">
    <p class='ocr_par' dir='ltr' id='par_1_4' title="bbox 355 462 1923 534">
     <span class='ocr_line' id='line_1_4' title="bbox 355 462 1923 534; baseline -0.003 -14"><span class='ocrx_word' id='word_1_7' title='bbox 355 468 422 520; x_wconf 90' lang='lat' dir='ltr'><strong>de</strong></span> <span class='ocrx_word' id='word_1_8' title='bbox 446 479 610 521; x_wconf 85' lang='lat' dir='ltr'><strong>causa</strong></span> <span class='ocrx_word' id='word_1_9' title='bbox 626 463 824 520; x_wconf 87' lang='lat' dir='ltr'><strong>Filium</strong></span> <span class='ocrx_word' id='word_1_10' title='bbox 845 479 1002 521; x_wconf 90' lang='lat' dir='ltr'><strong>suum</strong></span> <span class='ocrx_word' id='word_1_11' title='bbox 1029 462 1178 518; x_wconf 95' lang='lat' dir='ltr'><strong>misit</strong></span> <span class='ocrx_word' id='word_1_12' title='bbox 1197 463 1465 534; x_wconf 81' lang='lat' dir='ltr'><strong>benignus</strong></span> <span class='ocrx_word' id='word_1_13' title='bbox 1495 463 1654 520; x_wconf 88' lang='lat' dir='ltr'><strong>Pater</strong></span> <span class='ocrx_word' id='word_1_14' title='bbox 1689 463 1754 518; x_wconf 87' lang='lat' dir='ltr'><strong>de</strong></span> <span class='ocrx_word' id='word_1_15' title='bbox 1786 462 1923 518; x_wconf 88' lang='lat' dir='ltr'><strong>sini-</strong></span> 
     </span>
    </p>
   </div>
   <div class='ocr_carea' id='block_1_5' title="bbox 2039 457 3618 534">
    <p class='ocr_par' dir='ltr' id='par_1_5' title="bbox 2039 457 3618 531">
     <span class='ocr_line' id='line_1_5' title="bbox 2039 457 3618 531; baseline -0.004 -19"><span class='ocrx_word' id='word_1_16' title='bbox 2039 457 2311 514; x_wconf 78' lang='grc' dir='ltr'>ιατὼτατα</span> <span class='ocrx_word' id='word_1_17' title='bbox 2342 458 2505 530; x_wconf 83' lang='grc' dir='ltr'>μέρη,</span> <span class='ocrx_word' id='word_1_18' title='bbox 2537 460 2685 522; x_wconf 86' lang='grc' dir='ltr'><strong>ὅπως</strong></span> <span class='ocrx_word' id='word_1_19' title='bbox 2713 459 2859 530; x_wconf 83' lang='grc' dir='ltr'>αὐτῷ</span> <span class='ocrx_word' id='word_1_20' title='bbox 2887 459 2984 530; x_wconf 85' lang='grc' dir='ltr'><strong>τὴν</strong></span> <span class='ocrx_word' id='word_1_21' title='bbox 3013 459 3397 531; x_wconf 80' lang='grc' dir='ltr'>προσήκουσαν</span> <span class='ocrx_word' id='word_1_22' title='bbox 3433 460 3618 511; x_wconf 71' lang='grc' dir='ltr'>ἐπιτι-</span> 
     </span>
    </p>
   </div>
   <div class='ocr_carea' id='block_1_6' title="bbox 359 554 1930 626">
    <p class='ocr_par' dir='ltr' id='par_1_6' title="bbox 359 554 1930 626">
     <span class='ocr_line' id='line_1_6' title="bbox 359 554 1930 626; baseline -0.003 -15"><span class='ocrx_word' id='word_1_23' title='bbox 359 561 459 612; x_wconf 87' lang='lat' dir='ltr'><strong>bus</strong></span> <span class='ocrx_word' id='word_1_24' title='bbox 492 557 608 612; x_wconf 86' lang='lat' dir='ltr'><strong>suis</strong></span> <span class='ocrx_word' id='word_1_25' title='bbox 637 556 815 611; x_wconf 89' lang='lat' dir='ltr'><strong>in&#39;cor</strong></span> <span class='ocrx_word' id='word_1_26' title='bbox 845 564 1000 610; x_wconf 86' lang='lat' dir='ltr'><strong>terrae</strong></span> <span class='ocrx_word' id='word_1_27' title='bbox 1027 555 1136 626; x_wconf 88' lang='lat'><strong>(60)</strong></span> <span class='ocrx_word' id='word_1_28' title='bbox 1166 562 1220 609; x_wconf 91' lang='lat' dir='ltr'><strong>et</strong></span> <span class='ocrx_word' id='word_1_29' title='bbox 1249 555 1304 609; x_wconf 91' lang='lat' dir='ltr'><strong>in</strong></span> <span class='ocrx_word' id='word_1_30' title='bbox 1333 554 1621 609; x_wconf 87' lang='lat' dir='ltr'><strong>interiores</strong></span> <span class='ocrx_word' id='word_1_31' title='bbox 1651 556 1769 624; x_wconf 88' lang='lat' dir='ltr'><strong>ejus</strong></span> <span class='ocrx_word' id='word_1_32' title='bbox 1801 570 1930 624; x_wconf 83' lang='lat' dir='ltr'><strong>par-</strong></span> 
     </span>
    </p>
   </div>
   <div class='ocr_carea' id='block_1_7' title="bbox 357 643 1930 719">
    <p class='ocr_par' dir='ltr' id='par_1_7' title="bbox 357 643 1930 719">
     <span class='ocr_line' id='line_1_7' title="bbox 357 643 1930 719; baseline -0.002 -16"><span class='ocrx_word' id='word_1_33' title='bbox 357 658 457 711; x_wconf 68' lang='lat' dir='ltr'><strong>tes,</strong></span> <span class='ocrx_word' id='word_1_34' title='bbox 486 664 594 719; x_wconf 89' lang='lat' dir='ltr'><strong>quo</strong></span> <span class='ocrx_word' id='word_1_35' title='bbox 624 647 796 710; x_wconf 92' lang='lat' dir='ltr'><strong>illum,</strong></span> <span class='ocrx_word' id='word_1_36' title='bbox 832 655 892 701; x_wconf 92' lang='lat' dir='ltr'><strong>ut</strong></span> <span class='ocrx_word' id='word_1_37' title='bbox 925 661 1021 715; x_wconf 88' lang='lat' dir='ltr'><strong>par</strong></span> <span class='ocrx_word' id='word_1_38' title='bbox 1059 653 1194 708; x_wconf 86' lang='lat' dir='ltr'><strong>erat,</strong></span> <span class='ocrx_word' id='word_1_39' title='bbox 1225 653 1497 700; x_wconf 89' lang='lat' dir='ltr'><strong>coerceret</strong></span> <span class='ocrx_word' id='word_1_40' title='bbox 1524 643 1632 716; x_wconf 80' lang='grc'>(61)</span> <span class='ocrx_word' id='word_1_41' title='bbox 1669 662 1682 697; x_wconf 93' lang='lat'><strong>:</strong></span> <span class='ocrx_word' id='word_1_42' title='bbox 1715 643 1930 713; x_wconf 89' lang='lat' dir='ltr'><strong>quoties</strong></span> 
     </span>
    </p>
   </div>
   <div class='ocr_carea' id='block_1_8' title="bbox 355 738 1926 802">
    <p class='ocr_par' dir='ltr' id='par_1_8' title="bbox 355 738 1926 802">
     <span class='ocr_line' id='line_1_8' title="bbox 355 738 1926 802; baseline -0.004 -7"><span class='ocrx_word' id='word_1_43' title='bbox 355 741 502 795; x_wconf 83' lang='lat' dir='ltr'><strong>enim</strong></span> <span class='ocrx_word' id='word_1_44' title='bbox 528 739 753 794; x_wconf 85' lang='lat' dir='ltr'><strong>etlicitur</strong></span> <span class='ocrx_word' id='word_1_45' title='bbox 780 751 934 792; x_wconf 77' lang='lat' dir='ltr'><strong>terrae</strong></span> <span class='ocrx_word' id='word_1_46' title='bbox 965 748 1164 802; x_wconf 90' lang='lat' dir='ltr'><strong>motus,</strong></span> <span class='ocrx_word' id='word_1_47' title='bbox 1215 747 1478 792; x_wconf 90' lang='lat' dir='ltr'><strong>tremente</strong></span> <span class='ocrx_word' id='word_1_48' title='bbox 1516 751 1581 791; x_wconf 91' lang='lat' dir='ltr'><strong>eo</strong></span> <span class='ocrx_word' id='word_1_49' title='bbox 1623 753 1690 790; x_wconf 77' lang='lat' dir='ltr'><strong>ex</strong></span> <span class='ocrx_word' id='word_1_50' title='bbox 1721 738 1926 800; x_wconf 87' lang='lat' dir='ltr'><strong>labore,</strong></span> 
     </span>
    </p>
   </div>
   <div class='ocr_carea' id='block_1_9' title="bbox 355 825 1926 894">
    <p class='ocr_par' dir='ltr' id='par_1_9' title="bbox 355 825 1926 894">
     <span class='ocr_line' id='line_1_9' title="bbox 355 825 1926 894; baseline -0.004 -9"><span class='ocrx_word' id='word_1_51' title='bbox 355 834 440 885; x_wconf 78' lang='lat' dir='ltr'><strong>vel</strong></span> <span class='ocrx_word' id='word_1_52' title='bbox 484 834 549 885; x_wconf 92' lang='lat' dir='ltr'><strong>de</strong></span> <span class='ocrx_word' id='word_1_53' title='bbox 591 833 816 884; x_wconf 86' lang='lat' dir='ltr'><strong>humero</strong></span> <span class='ocrx_word' id='word_1_54' title='bbox 864 829 915 882; x_wconf 94' lang='lat' dir='ltr'><strong>in</strong></span> <span class='ocrx_word' id='word_1_55' title='bbox 952 830 1236 883; x_wconf 88' lang='lat' dir='ltr'><strong>humerum</strong></span> <span class='ocrx_word' id='word_1_56' title='bbox 1287 826 1647 881; x_wconf 83' lang='lat' dir='ltr'><strong>transferente</strong></span> <span class='ocrx_word' id='word_1_57' title='bbox 1693 825 1926 894; x_wconf 88' lang='lat' dir='ltr'><strong>pondus,</strong></span> 
     </span>
    </p>
   </div>
   <div class='ocr_carea' id='block_1_10' title="bbox 356 917 1930 990">
    <p class='ocr_par' dir='ltr' id='par_1_10' title="bbox 356 917 1930 990">
     <span class='ocr_line' id='line_1_10' title="bbox 356 917 1930 990; baseline -0.006 -12"><span class='ocrx_word' id='word_1_58' title='bbox 356 923 602 978; x_wconf 88' lang='lat' dir='ltr'><strong>ellicitur.</strong></span> <span class='ocrx_word' id='word_1_59' title='bbox 647 921 799 976; x_wconf 84' lang='lat' dir='ltr'><strong>Tunc</strong></span> <span class='ocrx_word' id='word_1_60' title='bbox 846 936 974 990; x_wconf 79' lang='lat' dir='ltr'><strong>ergo</strong></span> <span class='ocrx_word' id='word_1_61' title='bbox 1021 929 1075 974; x_wconf 87' lang='lat' dir='ltr'><strong>et</strong></span> <span class='ocrx_word' id='word_1_62' title='bbox 1115 919 1227 988; x_wconf 92' lang='lat' dir='ltr'><strong>ipsa</strong></span> <span class='ocrx_word' id='word_1_63' title='bbox 1259 919 1484 972; x_wconf 88' lang='lat' dir='ltr'><strong>materia</strong></span> <span class='ocrx_word' id='word_1_64' title='bbox 1529 917 1732 972; x_wconf 84' lang='lat' dir='ltr'><strong>creavit</strong></span> <span class='ocrx_word' id='word_1_65' title='bbox 1763 931 1826 969; x_wconf 86' lang='lat' dir='ltr'><strong>ex</strong></span> <span class='ocrx_word' id='word_1_66' title='bbox 1871 931 1930 970; x_wconf 80' lang='lat' dir='ltr'><strong>se</strong></span> 
     </span>
    </p>
   </div>
   <div class='ocr_carea' id='block_1_11' title="bbox 357 1007 1928 1087">
    <p class='ocr_par' dir='ltr' id='par_1_11' title="bbox 357 1007 1928 1087">
     <span class='ocr_line' id='line_1_11' title="bbox 357 1007 1928 1087; baseline -0.006 -18"><span class='ocrx_word' id='word_1_67' title='bbox 357 1020 569 1087; x_wconf 85' lang='lat' dir='ltr'><strong>plantas</strong></span> <span class='ocrx_word' id='word_1_68' title='bbox 597 1015 678 1069; x_wconf 77' lang='lat' dir='ltr'><strong>vel</strong></span> <span class='ocrx_word' id='word_1_69' title='bbox 707 1015 980 1082; x_wconf 72' lang='lat' dir='ltr'><strong>germina;</strong></span> <span class='ocrx_word' id='word_1_70' title='bbox 1013 1027 1133 1080; x_wconf 72' lang='lat' dir='ltr'><strong>qum</strong></span> <span class='ocrx_word' id='word_1_71' title='bbox 1167 1027 1289 1064; x_wconf 90' lang='lat' dir='ltr'><strong>cum</strong></span> <span class='ocrx_word' id='word_1_72' title='bbox 1320 1011 1506 1063; x_wconf 69' lang='lat' dir='ltr'><strong>l&#39;uratzc</strong></span> <span class='ocrx_word' id='word_1_73' title='bbox 1539 1017 1723 1063; x_wconf 80' lang='lat' dir='ltr'><strong>essent.</strong></span> <span class='ocrx_word' id='word_1_74' title='bbox 1754 1023 1782 1062; x_wconf 91' lang='lat' dir='ltr'><strong>a</strong></span> <span class='ocrx_word' id='word_1_75' title='bbox 1809 1007 1928 1077; x_wconf 87' lang='lat' dir='ltr'><strong>qni-</strong></span> 
     </span>
    </p>
   </div>
   <div class='ocr_carea' id='block_1_12' title="bbox 355 1099 1926 1176">
    <p class='ocr_par' dir='ltr' id='par_1_12' title="bbox 355 1099 1926 1176">
     <span class='ocr_line' id='line_1_12' title="bbox 355 1099 1926 1176; baseline -0.008 -12"><span class='ocrx_word' id='word_1_76' title='bbox 355 1109 583 1164; x_wconf 88' lang='lat' dir='ltr'><strong>busdam</strong></span> <span class='ocrx_word' id='word_1_77' title='bbox 617 1105 976 1176; x_wconf 86' lang='lat' dir='ltr'><strong>principibus,</strong></span> <span class='ocrx_word' id='word_1_78' title='bbox 1013 1102 1331 1158; x_wconf 68' lang='lat' dir='ltr'><strong>convocavit</strong></span> <span class='ocrx_word' id='word_1_79' title='bbox 1361 1101 1472 1173; x_wconf 75' lang='lat'><strong>(6‘2)</strong></span> <span class='ocrx_word' id='word_1_80' title='bbox 1506 1115 1694 1153; x_wconf 89' lang='lat' dir='ltr'><strong>omnes</strong></span> <span class='ocrx_word' id='word_1_81' title='bbox 1721 1099 1926 1168; x_wconf 87' lang='lat' dir='ltr'><strong>princi-</strong></span> 
     </span>
    </p>
   </div>
   <div class='ocr_carea' id='block_1_13' title="bbox 357 1193 1926 1271">
    <p class='ocr_par' dir='ltr' id='par_1_13' title="bbox 357 1193 1926 1271">
     <span class='ocr_line' id='line_1_13' title="bbox 357 1193 1926 1271; baseline -0.004 -19"><span class='ocrx_word' id='word_1_82' title='bbox 357 1219 448 1271; x_wconf 79' lang='lat' dir='ltr'><strong>pes</strong></span> <span class='ocrx_word' id='word_1_83' title='bbox 475 1201 780 1270; x_wconf 80' lang='lat' dir='ltr'><strong>primarius,</strong></span> <span class='ocrx_word' id='word_1_84' title='bbox 833 1213 886 1252; x_wconf 88' lang='lat' dir='ltr'><strong>et</strong></span> <span class='ocrx_word' id='word_1_85' title='bbox 930 1197 1160 1266; x_wconf 88' lang='lat' dir='ltr'><strong>sumpsit</strong></span> <span class='ocrx_word' id='word_1_86' title='bbox 1191 1196 1257 1248; x_wconf 91' lang='lat' dir='ltr'><strong>ab</strong></span> <span class='ocrx_word' id='word_1_87' title='bbox 1281 1195 1359 1249; x_wconf 93' lang='lat' dir='ltr'><strong>eis</strong></span> <span class='ocrx_word' id='word_1_88' title='bbox 1409 1193 1648 1262; x_wconf 79' lang='lat' dir='ltr'><strong>singulas</strong></span> <span class='ocrx_word' id='word_1_89' title='bbox 1681 1194 1926 1256; x_wconf 85' lang='lat' dir='ltr'><strong>virtutes,</strong></span> 
     </span>
    </p>
   </div>
   <div class='ocr_carea' id='block_1_14' title="bbox 351 1285 1926 1356">
    <p class='ocr_par' dir='ltr' id='par_1_14' title="bbox 351 1285 1926 1356">
     <span class='ocr_line' id='line_1_14' title="bbox 351 1285 1926 1356; baseline -0.006 -8"><span class='ocrx_word' id='word_1_90' title='bbox 351 1301 410 1348; x_wconf 90' lang='lat' dir='ltr'><strong>et</strong></span> <span class='ocrx_word' id='word_1_91' title='bbox 459 1293 580 1346; x_wconf 81' lang='lat' dir='ltr'><strong>l‘ecit</strong></span> <span class='ocrx_word' id='word_1_92' title='bbox 624 1293 894 1344; x_wconf 85' lang='lat' dir='ltr'><strong>hominem</strong></span> <span class='ocrx_word' id='word_1_93' title='bbox 945 1290 1089 1342; x_wconf 91' lang='lat' dir='ltr'><strong>hunc</strong></span> <span class='ocrx_word' id='word_1_94' title='bbox 1140 1287 1434 1341; x_wconf 89' lang='lat' dir='ltr'><strong>secundum</strong></span> <span class='ocrx_word' id='word_1_95' title='bbox 1487 1286 1720 1356; x_wconf 86' lang='lat' dir='ltr'><strong>speciem</strong></span> <span class='ocrx_word' id='word_1_96' title='bbox 1766 1285 1926 1354; x_wconf 86' lang='lat' dir='ltr'><strong>primi</strong></span> 
     </span>
    </p>
   </div>
   <div class='ocr_carea' id='block_1_15' title="bbox 355 1379 1682 1461">
    <p class='ocr_par' dir='ltr' id='par_1_15' title="bbox 355 1379 1682 1461">
     <span class='ocr_line' id='line_1_15' title="bbox 355 1379 1682 1461; baseline -0.007 -21"><span class='ocrx_word' id='word_1_97' title='bbox 355 1385 595 1461; x_wconf 79' lang='lat' dir='ltr'><strong>hominis</strong></span> <span class='ocrx_word' id='word_1_98' title='bbox 626 1385 793 1448; x_wconf 87' lang='lat' dir='ltr'><strong>illius,</strong></span> <span class='ocrx_word' id='word_1_99' title='bbox 824 1391 876 1434; x_wconf 90' lang='lat' dir='ltr'><strong>et</strong></span> <span class='ocrx_word' id='word_1_100' title='bbox 897 1381 1075 1449; x_wconf 77' lang='lat' dir='ltr'><strong>junxit</strong></span> <span class='ocrx_word' id='word_1_101' title='bbox 1104 1381 1340 1434; x_wconf 86' lang='lat' dir='ltr'><strong>animam</strong></span> <span class='ocrx_word' id='word_1_102' title='bbox 1375 1379 1427 1432; x_wconf 92' lang='lat' dir='ltr'><strong>in</strong></span> <span class='ocrx_word' id='word_1_103' title='bbox 1455 1395 1519 1432; x_wconf 84' lang='lat' dir='ltr'><strong>eo</strong></span> <span class='ocrx_word' id='word_1_104' title='bbox 1550 1379 1682 1446; x_wconf 81' lang='lat'><strong>(65).</strong></span> 
     </span>
    </p>
   </div>
   <div class='ocr_carea' id='block_1_16' title="bbox 427 1467 1926 1539">
    <p class='ocr_par' dir='ltr' id='par_1_16' title="bbox 427 1467 1926 1539">
     <span class='ocr_line' id='line_1_16' title="bbox 427 1467 1926 1539; baseline -0.001 -16"><span class='ocrx_word' id='word_1_105' title='bbox 427 1469 557 1523; x_wconf 84' lang='lat' dir='ltr'><strong>Vlll.</strong></span> <span class='ocrx_word' id='word_1_106' title='bbox 600 1470 732 1524; x_wconf 89' lang='lat' dir='ltr'><strong>Cum</strong></span> <span class='ocrx_word' id='word_1_107' title='bbox 793 1479 970 1522; x_wconf 87' lang='lat' dir='ltr'><strong>autem</strong></span> <span class='ocrx_word' id='word_1_108' title='bbox 1026 1469 1248 1523; x_wconf 81' lang='lat' dir='ltr'><strong>vidisset</strong></span> <span class='ocrx_word' id='word_1_109' title='bbox 1297 1467 1456 1522; x_wconf 83' lang='lat' dir='ltr'><strong>Pater</strong></span> <span class='ocrx_word' id='word_1_110' title='bbox 1523 1469 1710 1523; x_wconf 82' lang='lat' dir='ltr'><strong>vivens</strong></span> <span class='ocrx_word' id='word_1_111' title='bbox 1765 1467 1926 1539; x_wconf 75' lang='lat' dir='ltr'><strong>afﬂigi</strong></span> 
     </span>
    </p>
   </div>
   <div class='ocr_carea' id='block_1_17' title="bbox 353 1561 1930 1630">
    <p class='ocr_par' dir='ltr' id='par_1_17' title="bbox 353 1561 1930 1630">
     <span class='ocr_line' id='line_1_17' title="bbox 353 1561 1930 1630; baseline -0.002 -13"><span class='ocrx_word' id='word_1_112' title='bbox 353 1564 591 1617; x_wconf 82' lang='lat' dir='ltr'><strong>animam</strong></span> <span class='ocrx_word' id='word_1_113' title='bbox 633 1563 685 1615; x_wconf 90' lang='lat' dir='ltr'><strong>in</strong></span> <span class='ocrx_word' id='word_1_114' title='bbox 717 1577 959 1630; x_wconf 87' lang='lat' dir='ltr'><strong>corpore,</strong></span> <span class='ocrx_word' id='word_1_115' title='bbox 1000 1562 1126 1630; x_wconf 94' lang='lat' dir='ltr'><strong>quia</strong></span> <span class='ocrx_word' id='word_1_116' title='bbox 1159 1569 1240 1614; x_wconf 90' lang='lat' dir='ltr'><strong>est</strong></span> <span class='ocrx_word' id='word_1_117' title='bbox 1280 1561 1389 1628; x_wconf 61' lang='grc'>(64)</span> <span class='ocrx_word' id='word_1_118' title='bbox 1432 1561 1717 1614; x_wconf 87' lang='lat' dir='ltr'><strong>miserator</strong></span> <span class='ocrx_word' id='word_1_119' title='bbox 1748 1571 1800 1616; x_wconf 85' lang='lat' dir='ltr'><strong>et</strong></span> <span class='ocrx_word' id='word_1_120' title='bbox 1831 1563 1930 1615; x_wconf 91' lang='lat' dir='ltr'><strong>mi-</strong></span> 
     </span>
    </p>
   </div>
   <div class='ocr_carea' id='block_1_18' title="bbox 358 1650 1928 1723">
    <p class='ocr_par' dir='ltr' id='par_1_18' title="bbox 358 1650 1928 1723">
     <span class='ocr_line' id='line_1_18' title="bbox 358 1650 1928 1723; baseline -0.003 -14"><span class='ocrx_word' id='word_1_121' title='bbox 358 1655 614 1718; x_wconf 81' lang='lat' dir='ltr'><strong>sericors,</strong></span> <span class='ocrx_word' id='word_1_122' title='bbox 643 1655 789 1707; x_wconf 89' lang='lat' dir='ltr'><strong>misit</strong></span> <span class='ocrx_word' id='word_1_123' title='bbox 824 1652 1021 1705; x_wconf 89' lang='lat' dir='ltr'><strong>Filium</strong></span> <span class='ocrx_word' id='word_1_124' title='bbox 1053 1668 1210 1705; x_wconf 90' lang='lat' dir='ltr'><strong>suum</strong></span> <span class='ocrx_word' id='word_1_125' title='bbox 1261 1651 1512 1706; x_wconf 88' lang='lat' dir='ltr'><strong>dilectum</strong></span> <span class='ocrx_word' id='word_1_126' title='bbox 1543 1650 1654 1723; x_wconf 83' lang='grc'>(65)</span> <span class='ocrx_word' id='word_1_127' title='bbox 1685 1651 1752 1706; x_wconf 83' lang='lat' dir='ltr'><strong>ad</strong></span> <span class='ocrx_word' id='word_1_128' title='bbox 1782 1653 1928 1706; x_wconf 85' lang='lat' dir='ltr'><strong>salu-</strong></span> 
     </span>
    </p>
   </div>
   <div class='ocr_carea' id='block_1_19' title="bbox 353 1743 1924 1813">
    <p class='ocr_par' dir='ltr' id='par_1_19' title="bbox 353 1743 1924 1813">
     <span class='ocr_line' id='line_1_19' title="bbox 353 1743 1924 1813; baseline -0.001 -13"><span class='ocrx_word' id='word_1_129' title='bbox 353 1753 462 1802; x_wconf 82' lang='lat' dir='ltr'><strong>tem</strong></span> <span class='ocrx_word' id='word_1_130' title='bbox 509 1747 733 1810; x_wconf 67' lang='lat' dir='ltr'><strong>animm;</strong></span> <span class='ocrx_word' id='word_1_131' title='bbox 783 1746 883 1798; x_wconf 89' lang='lat' dir='ltr'><strong>hac</strong></span> <span class='ocrx_word' id='word_1_132' title='bbox 911 1745 1054 1798; x_wconf 89' lang='lat' dir='ltr'><strong>enim</strong></span> <span class='ocrx_word' id='word_1_133' title='bbox 1085 1759 1270 1808; x_wconf 88' lang='lat' dir='ltr'><strong>causa,</strong></span> <span class='ocrx_word' id='word_1_134' title='bbox 1305 1751 1358 1797; x_wconf 89' lang='lat' dir='ltr'><strong>et</strong></span> <span class='ocrx_word' id='word_1_135' title='bbox 1397 1749 1614 1813; x_wconf 84' lang='lat' dir='ltr'><strong>propter</strong></span> <span class='ocrx_word' id='word_1_136' title='bbox 1648 1743 1924 1813; x_wconf 84' lang='lat' dir='ltr'><strong>Otnopho-</strong></span> 
     </span>
    </p>
   </div>
   <div class='ocr_carea' id='block_1_20' title="bbox 355 1835 1927 1899">
    <p class='ocr_par' dir='ltr' id='par_1_20' title="bbox 355 1835 1927 1899">
     <span class='ocr_line' id='line_1_20' title="bbox 355 1835 1927 1899; baseline 0.001 -9"><span class='ocrx_word' id='word_1_137' title='bbox 355 1853 476 1890; x_wconf 90' lang='lat' dir='ltr'><strong>rum</strong></span> <span class='ocrx_word' id='word_1_138' title='bbox 505 1837 655 1891; x_wconf 73' lang='lat' dir='ltr'><strong>misit</strong></span> <span class='ocrx_word' id='word_1_139' title='bbox 684 1853 825 1890; x_wconf 82' lang='lat' dir='ltr'><strong>elllll.</strong></span> <span class='ocrx_word' id='word_1_140' title='bbox 861 1835 925 1890; x_wconf 90' lang='lat' dir='ltr'><strong>Et</strong></span> <span class='ocrx_word' id='word_1_141' title='bbox 958 1837 1177 1890; x_wconf 87' lang='lat' dir='ltr'><strong>veniens</strong></span> <span class='ocrx_word' id='word_1_142' title='bbox 1209 1835 1400 1899; x_wconf 83' lang='lat' dir='ltr'><strong>Filius,</strong></span> <span class='ocrx_word' id='word_1_143' title='bbox 1430 1835 1836 1892; x_wconf 78' lang='lat' dir='ltr'><strong>transformavit</strong></span> <span class='ocrx_word' id='word_1_144' title='bbox 1868 1852 1927 1892; x_wconf 90' lang='lat' dir='ltr'><strong>se</strong></span> 
     </span>
    </p>
   </div>
   <div class='ocr_carea' id='block_1_21' title="bbox 357 1927 1929 1999">
    <p class='ocr_par' dir='ltr' id='par_1_21' title="bbox 357 1927 1929 1999">
     <span class='ocr_line' id='line_1_21' title="bbox 357 1927 1929 1999; baseline -0.001 -16"><span class='ocrx_word' id='word_1_145' title='bbox 357 1929 411 1983; x_wconf 88' lang='lat' dir='ltr'><strong>in</strong></span> <span class='ocrx_word' id='word_1_146' title='bbox 443 1930 673 1999; x_wconf 90' lang='lat' dir='ltr'><strong>speciem</strong></span> <span class='ocrx_word' id='word_1_147' title='bbox 709 1929 976 1992; x_wconf 85' lang='lat' dir='ltr'><strong>hominis;</strong></span> <span class='ocrx_word' id='word_1_148' title='bbox 1004 1935 1054 1981; x_wconf 77' lang='lat' dir='ltr'><strong>et</strong></span> <span class='ocrx_word' id='word_1_149' title='bbox 1085 1929 1375 1998; x_wconf 79' lang='lat' dir='ltr'><strong>apparebat</strong></span> <span class='ocrx_word' id='word_1_150' title='bbox 1405 1927 1515 1998; x_wconf 87' lang='lat'><strong>(66)</strong></span> <span class='ocrx_word' id='word_1_151' title='bbox 1571 1929 1787 1998; x_wconf 86' lang='lat' dir='ltr'><strong>quidem</strong></span> <span class='ocrx_word' id='word_1_152' title='bbox 1832 1929 1929 1982; x_wconf 91' lang='lat' dir='ltr'><strong>ho-</strong></span> 
     </span>
    </p>
   </div>
   <div class='ocr_carea' id='block_1_22' title="bbox 357 2018 1928 2080">
    <p class='ocr_par' dir='ltr' id='par_1_22' title="bbox 357 2018 1928 2080">
     <span class='ocr_line' id='line_1_22' title="bbox 357 2018 1928 2080; baseline 0 -8"><span class='ocrx_word' id='word_1_153' title='bbox 357 2019 598 2073; x_wconf 86' lang='lat' dir='ltr'><strong>minibus</strong></span> <span class='ocrx_word' id='word_1_154' title='bbox 631 2025 689 2071; x_wconf 88' lang='lat' dir='ltr'><strong>ut</strong></span> <span class='ocrx_word' id='word_1_155' title='bbox 715 2018 898 2080; x_wconf 88' lang='lat' dir='ltr'><strong>homo,</strong></span> <span class='ocrx_word' id='word_1_156' title='bbox 934 2033 1056 2071; x_wconf 89' lang='lat' dir='ltr'><strong>cum</strong></span> <span class='ocrx_word' id='word_1_157' title='bbox 1089 2035 1193 2070; x_wconf 87' lang='lat' dir='ltr'><strong>non</strong></span> <span class='ocrx_word' id='word_1_158' title='bbox 1219 2027 1361 2071; x_wconf 81' lang='lat' dir='ltr'><strong>esset</strong></span> <span class='ocrx_word' id='word_1_159' title='bbox 1387 2018 1570 2080; x_wconf 82' lang='lat' dir='ltr'><strong>homo,</strong></span> <span class='ocrx_word' id='word_1_160' title='bbox 1597 2027 1650 2071; x_wconf 91' lang='lat' dir='ltr'><strong>et</strong></span> <span class='ocrx_word' id='word_1_161' title='bbox 1681 2018 1928 2072; x_wconf 88' lang='lat' dir='ltr'><strong>homines</strong></span> 
     </span>
    </p>
   </div>
   <div class='ocr_carea' id='block_1_23' title="bbox 355 2107 1927 2181">
    <p class='ocr_par' dir='ltr' id='par_1_23' title="bbox 355 2107 1927 2181">
     <span class='ocr_line' id='line_1_23' title="bbox 355 2107 1927 2181; baseline -0.002 -15"><span class='ocrx_word' id='word_1_162' title='bbox 355 2118 684 2181; x_wconf 85' lang='lat' dir='ltr'><strong>putaverunt</strong></span> <span class='ocrx_word' id='word_1_163' title='bbox 713 2126 833 2164; x_wconf 78' lang='lat' dir='ltr'><strong>eum</strong></span> <span class='ocrx_word' id='word_1_164' title='bbox 877 2119 1059 2164; x_wconf 89' lang='lat' dir='ltr'><strong>natum</strong></span> <span class='ocrx_word' id='word_1_165' title='bbox 1093 2125 1212 2164; x_wconf 86' lang='lat' dir='ltr'><strong>esse</strong></span> <span class='ocrx_word' id='word_1_166' title='bbox 1247 2109 1379 2179; x_wconf 87' lang='lat'><strong>(67).</strong></span> <span class='ocrx_word' id='word_1_167' title='bbox 1423 2107 1557 2162; x_wconf 87' lang='lat' dir='ltr'><strong>Cum</strong></span> <span class='ocrx_word' id='word_1_168' title='bbox 1588 2123 1716 2178; x_wconf 82' lang='lat' dir='ltr'><strong>ergo</strong></span> <span class='ocrx_word' id='word_1_169' title='bbox 1749 2109 1927 2163; x_wconf 88' lang='lat' dir='ltr'><strong>venis-</strong></span> 
     </span>
    </p>
   </div>
   <div class='ocr_carea' id='block_1_24' title="bbox 355 2202 1932 2274">
    <p class='ocr_par' dir='ltr' id='par_1_24' title="bbox 355 2202 1932 2274">
     <span class='ocr_line' id='line_1_24' title="bbox 355 2202 1932 2274; baseline -0.003 -15"><span class='ocrx_word' id='word_1_170' title='bbox 355 2211 470 2269; x_wconf 84' lang='lat' dir='ltr'><strong>set,</strong></span> <span class='ocrx_word' id='word_1_171' title='bbox 504 2202 806 2257; x_wconf 87' lang='lat' dir='ltr'><strong>machinam</strong></span> <span class='ocrx_word' id='word_1_172' title='bbox 841 2202 1128 2272; x_wconf 85' lang='lat' dir='ltr'><strong>quamdam</strong></span> <span class='ocrx_word' id='word_1_173' title='bbox 1165 2204 1510 2256; x_wconf 88' lang='lat' dir='ltr'><strong>concinnavit</strong></span> <span class='ocrx_word' id='word_1_174' title='bbox 1541 2202 1650 2274; x_wconf 88' lang='lat'><strong>(68)</strong></span> <span class='ocrx_word' id='word_1_175' title='bbox 1682 2202 1747 2255; x_wconf 91' lang='lat' dir='ltr'><strong>ad</strong></span> <span class='ocrx_word' id='word_1_176' title='bbox 1789 2202 1932 2257; x_wconf 89' lang='lat' dir='ltr'><strong>salu-</strong></span> 
     </span>
    </p>
   </div>
   <div class='ocr_carea' id='block_1_25' title="bbox 359 2291 1924 2359">
    <p class='ocr_par' dir='ltr' id='par_1_25' title="bbox 359 2291 1924 2359">
     <span class='ocr_line' id='line_1_25' title="bbox 359 2291 1924 2359; baseline 0.003 -15"><span class='ocrx_word' id='word_1_177' title='bbox 359 2299 462 2344; x_wconf 81' lang='lat' dir='ltr'><strong>tem</strong></span> <span class='ocrx_word' id='word_1_178' title='bbox 513 2291 849 2356; x_wconf 80' lang='lat' dir='ltr'><strong>animarum,</strong></span> <span class='ocrx_word' id='word_1_179' title='bbox 903 2291 953 2344; x_wconf 88' lang='lat' dir='ltr'><strong>id</strong></span> <span class='ocrx_word' id='word_1_180' title='bbox 1008 2301 1091 2345; x_wconf 86' lang='lat' dir='ltr'><strong>est</strong></span> <span class='ocrx_word' id='word_1_181' title='bbox 1143 2301 1312 2346; x_wconf 87' lang='lat' dir='ltr'><strong>rotam</strong></span> <span class='ocrx_word' id='word_1_182' title='bbox 1358 2293 1583 2359; x_wconf 81' lang='lat' dir='ltr'><strong>statuit,</strong></span> <span class='ocrx_word' id='word_1_183' title='bbox 1636 2293 1924 2348; x_wconf 80' lang='lat' dir='ltr'><strong>habentem</strong></span> 
     </span>
    </p>
   </div>
   <div class='ocr_carea' id='block_1_26' title="bbox 356 2381 1930 2453">
    <p class='ocr_par' dir='ltr' id='par_1_26' title="bbox 356 2381 1930 2453">
     <span class='ocr_line' id='line_1_26' title="bbox 356 2381 1930 2453; baseline 0.004 -19"><span class='ocrx_word' id='word_1_184' title='bbox 356 2381 642 2436; x_wconf 81' lang='lat' dir='ltr'><strong>duodecim</strong></span> <span class='ocrx_word' id='word_1_185' title='bbox 673 2395 862 2436; x_wconf 92' lang='lat' dir='ltr'><strong>urceos</strong></span> <span class='ocrx_word' id='word_1_186' title='bbox 893 2399 906 2436; x_wconf 90' lang='lat'><strong>:</strong></span> <span class='ocrx_word' id='word_1_187' title='bbox 942 2397 1062 2452; x_wconf 65' lang='lat' dir='ltr'><strong>quae</strong></span> <span class='ocrx_word' id='word_1_188' title='bbox 1085 2389 1204 2436; x_wconf 88' lang='lat' dir='ltr'><strong>rota</strong></span> <span class='ocrx_word' id='word_1_189' title='bbox 1227 2399 1322 2452; x_wconf 90' lang='lat' dir='ltr'><strong>per</strong></span> <span class='ocrx_word' id='word_1_190' title='bbox 1347 2384 1484 2438; x_wconf 89' lang='lat' dir='ltr'><strong>hanc</strong></span> <span class='ocrx_word' id='word_1_191' title='bbox 1517 2384 1780 2453; x_wconf 69' lang='lat' dir='ltr'><strong>sphmram</strong></span> <span class='ocrx_word' id='word_1_192' title='bbox 1811 2399 1930 2441; x_wconf 87' lang='lat' dir='ltr'><strong>ver-</strong></span> 
     </span>
    </p>
   </div>
   <div class='ocr_carea' id='block_1_27' title="bbox 357 2471 1930 2546">
    <p class='ocr_par' dir='ltr' id='par_1_27' title="bbox 357 2471 1930 2546">
     <span class='ocr_line' id='line_1_27' title="bbox 357 2471 1930 2546; baseline 0.004 -22"><span class='ocrx_word' id='word_1_193' title='bbox 357 2471 486 2525; x_wconf 86' lang='lat' dir='ltr'><strong>titur</strong></span> <span class='ocrx_word' id='word_1_194' title='bbox 511 2510 526 2534; x_wconf 88' lang='lat'><strong>,</strong></span> <span class='ocrx_word' id='word_1_195' title='bbox 579 2471 835 2526; x_wconf 88' lang='lat' dir='ltr'><strong>hauriens</strong></span> <span class='ocrx_word' id='word_1_196' title='bbox 869 2473 1080 2527; x_wconf 88' lang='lat' dir='ltr'><strong>animas</strong></span> <span class='ocrx_word' id='word_1_197' title='bbox 1107 2474 1455 2528; x_wconf 90' lang='lat' dir='ltr'><strong>morientium</strong></span> <span class='ocrx_word' id='word_1_198' title='bbox 1489 2473 1636 2544; x_wconf 84' lang='lat'><strong>(69),</strong></span> <span class='ocrx_word' id='word_1_199' title='bbox 1686 2491 1930 2546; x_wconf 89' lang='lat' dir='ltr'><strong>quasque</strong></span> 
     </span>
    </p>
   </div>
   <div class='ocr_carea' id='block_1_28' title="bbox 357 2562 1928 2638">
    <p class='ocr_par' dir='ltr' id='par_1_28' title="bbox 357 2562 1928 2638">
     <span class='ocr_line' id='line_1_28' title="bbox 357 2562 1928 2638; baseline 0.006 -23"><span class='ocrx_word' id='word_1_200' title='bbox 357 2563 622 2617; x_wconf 89' lang='lat' dir='ltr'><strong>luminare</strong></span> <span class='ocrx_word' id='word_1_201' title='bbox 661 2563 857 2631; x_wconf 86' lang='lat' dir='ltr'><strong>majus,</strong></span> <span class='ocrx_word' id='word_1_202' title='bbox 897 2562 948 2615; x_wconf 92' lang='lat' dir='ltr'><strong>id</strong></span> <span class='ocrx_word' id='word_1_203' title='bbox 979 2571 1062 2617; x_wconf 91' lang='lat' dir='ltr'><strong>est</strong></span> <span class='ocrx_word' id='word_1_204' title='bbox 1094 2565 1172 2618; x_wconf 89' lang='lat' dir='ltr'><strong>sol</strong></span> <span class='ocrx_word' id='word_1_205' title='bbox 1207 2565 1369 2620; x_wconf 84' lang='lat' dir='ltr'><strong>radiis</strong></span> <span class='ocrx_word' id='word_1_206' title='bbox 1399 2567 1513 2620; x_wconf 91' lang='lat' dir='ltr'><strong>suis</strong></span> <span class='ocrx_word' id='word_1_207' title='bbox 1544 2565 1788 2622; x_wconf 89' lang='lat' dir='ltr'><strong>adimcns</strong></span> <span class='ocrx_word' id='word_1_208' title='bbox 1819 2569 1928 2638; x_wconf 88' lang='grc'>(70)</span> 
     </span>
    </p>
   </div>
   <div class='ocr_carea' id='block_1_29' title="bbox 355 2655 1931 2724">
    <p class='ocr_par' dir='ltr' id='par_1_29' title="bbox 355 2655 1931 2724">
     <span class='ocr_line' id='line_1_29' title="bbox 355 2655 1931 2724; baseline 0.005 -20"><span class='ocrx_word' id='word_1_209' title='bbox 355 2661 568 2723; x_wconf 82' lang='lat' dir='ltr'><strong>purgat,</strong></span> <span class='ocrx_word' id='word_1_210' title='bbox 619 2661 671 2706; x_wconf 87' lang='lat' dir='ltr'><strong>et</strong></span> <span class='ocrx_word' id='word_1_211' title='bbox 713 2655 856 2706; x_wconf 74' lang='lat' dir='ltr'><strong>lunze</strong></span> <span class='ocrx_word' id='word_1_212' title='bbox 905 2655 1085 2719; x_wconf 86' lang='lat' dir='ltr'><strong>tradit,</strong></span> <span class='ocrx_word' id='word_1_213' title='bbox 1118 2661 1172 2708; x_wconf 90' lang='lat' dir='ltr'><strong>et</strong></span> <span class='ocrx_word' id='word_1_214' title='bbox 1215 2655 1286 2708; x_wconf 90' lang='lat' dir='ltr'><strong>ita</strong></span> <span class='ocrx_word' id='word_1_215' title='bbox 1321 2657 1641 2724; x_wconf 90' lang='lat' dir='ltr'><strong>adimpletur</strong></span> <span class='ocrx_word' id='word_1_216' title='bbox 1680 2659 1820 2712; x_wconf 67' lang='lat' dir='ltr'><strong>[unm</strong></span> <span class='ocrx_word' id='word_1_217' title='bbox 1849 2660 1931 2712; x_wconf 81' lang='lat' dir='ltr'><strong>di-</strong></span> 
     </span>
    </p>
   </div>
   <div class='ocr_carea' id='block_1_30' title="bbox 356 2743 1927 2814">
    <p class='ocr_par' dir='ltr' id='par_1_30' title="bbox 356 2743 1927 2814">
     <span class='ocr_line' id='line_1_30' title="bbox 356 2743 1927 2814; baseline 0.003 -16"><span class='ocrx_word' id='word_1_218' title='bbox 356 2759 482 2798; x_wconf 86' lang='lat' dir='ltr'><strong>scus</strong></span> <span class='ocrx_word' id='word_1_219' title='bbox 514 2743 664 2814; x_wconf 84' lang='grc'>(71),</span> <span class='ocrx_word' id='word_1_220' title='bbox 706 2745 796 2814; x_wconf 85' lang='lat' dir='ltr'><strong>qui</strong></span> <span class='ocrx_word' id='word_1_221' title='bbox 841 2760 870 2797; x_wconf 91' lang='lat' dir='ltr'><strong>a</strong></span> <span class='ocrx_word' id='word_1_222' title='bbox 915 2745 1069 2798; x_wconf 85' lang='lat' dir='ltr'><strong>nobis</strong></span> <span class='ocrx_word' id='word_1_223' title='bbox 1104 2745 1175 2799; x_wconf 88' lang='lat' dir='ltr'><strong>ita</strong></span> <span class='ocrx_word' id='word_1_224' title='bbox 1207 2747 1524 2814; x_wconf 87' lang='lat' dir='ltr'><strong>appellatur.</strong></span> <span class='ocrx_word' id='word_1_225' title='bbox 1579 2747 1750 2803; x_wconf 80' lang='lat' dir='ltr'><strong>Naves</strong></span> <span class='ocrx_word' id='word_1_226' title='bbox 1785 2751 1927 2803; x_wconf 87' lang='lat' dir='ltr'><strong>enim</strong></span> 
     </span>
    </p>
   </div>
   <div class='ocr_carea' id='block_1_31' title="bbox 356 2836 1933 2907">
    <p class='ocr_par' dir='ltr' id='par_1_31' title="bbox 356 2836 1933 2907">
     <span class='ocr_line' id='line_1_31' title="bbox 356 2836 1933 2907; baseline 0.006 -19"><span class='ocrx_word' id='word_1_227' title='bbox 356 2836 438 2889; x_wconf 88' lang='lat' dir='ltr'><strong>vel</strong></span> <span class='ocrx_word' id='word_1_228' title='bbox 467 2837 840 2891; x_wconf 88' lang='lat' dir='ltr'><strong>translatorias</strong></span> <span class='ocrx_word' id='word_1_229' title='bbox 886 2837 1108 2907; x_wconf 72' lang='lat' dir='ltr'><strong>cymbas</strong></span> <span class='ocrx_word' id='word_1_230' title='bbox 1148 2854 1267 2893; x_wconf 87' lang='lat' dir='ltr'><strong>esse</strong></span> <span class='ocrx_word' id='word_1_231' title='bbox 1314 2839 1443 2894; x_wconf 90' lang='lat' dir='ltr'><strong>dicit</strong></span> <span class='ocrx_word' id='word_1_232' title='bbox 1473 2843 1580 2895; x_wconf 92' lang='lat' dir='ltr'><strong>duo</strong></span> <span class='ocrx_word' id='word_1_233' title='bbox 1627 2843 1726 2897; x_wconf 86' lang='lat' dir='ltr'><strong>ista</strong></span> <span class='ocrx_word' id='word_1_234' title='bbox 1774 2843 1933 2897; x_wconf 92' lang='lat' dir='ltr'><strong>lumi-</strong></span> 
     </span>
    </p>
   </div>
   <div class='ocr_carea' id='block_1_32' title="bbox 357 2927 1932 2996">
    <p class='ocr_par' dir='ltr' id='par_1_32' title="bbox 357 2927 1932 2996">
     <span class='ocr_line' id='line_1_32' title="bbox 357 2927 1932 2996; baseline 0.004 -16"><span class='ocrx_word' id='word_1_235' title='bbox 357 2929 532 2990; x_wconf 87' lang='lat' dir='ltr'><strong>naria;</strong></span> <span class='ocrx_word' id='word_1_236' title='bbox 565 2935 612 2979; x_wconf 88' lang='lat' dir='ltr'><strong>et</strong></span> <span class='ocrx_word' id='word_1_237' title='bbox 649 2942 770 2979; x_wconf 88' lang='lat' dir='ltr'><strong>cum</strong></span> <span class='ocrx_word' id='word_1_238' title='bbox 801 2927 998 2996; x_wconf 88' lang='lat' dir='ltr'><strong>repleta</strong></span> <span class='ocrx_word' id='word_1_239' title='bbox 1035 2927 1198 2982; x_wconf 78' lang='lat' dir='ltr'><strong>fuerit</strong></span> <span class='ocrx_word' id='word_1_240' title='bbox 1235 2929 1384 2994; x_wconf 89' lang='lat' dir='ltr'><strong>luna,</strong></span> <span class='ocrx_word' id='word_1_241' title='bbox 1431 2931 1784 2988; x_wconf 86' lang='lat' dir='ltr'><strong>transfretare</strong></span> <span class='ocrx_word' id='word_1_242' title='bbox 1811 2935 1932 2986; x_wconf 90' lang='lat' dir='ltr'><strong>ani-</strong></span> 
     </span>
    </p>
   </div>
   <div class='ocr_carea' id='block_1_33' title="bbox 359 3017 1926 3094">
    <p class='ocr_par' dir='ltr' id='par_1_33' title="bbox 359 3017 1926 3094">
     <span class='ocr_line' id='line_1_33' title="bbox 359 3017 1926 3094; baseline 0.004 -24"><span class='ocrx_word' id='word_1_243' title='bbox 359 3032 498 3079; x_wconf 72' lang='lat' dir='ltr'><strong>mus,</strong></span> <span class='ocrx_word' id='word_1_244' title='bbox 533 3017 597 3070; x_wconf 90' lang='lat' dir='ltr'><strong>ad</strong></span> <span class='ocrx_word' id='word_1_245' title='bbox 635 3017 980 3072; x_wconf 84' lang='lat' dir='ltr'><strong>subsolanam</strong></span> <span class='ocrx_word' id='word_1_246' title='bbox 1015 3030 1244 3088; x_wconf 85' lang='lat' dir='ltr'><strong>partem,</strong></span> <span class='ocrx_word' id='word_1_247' title='bbox 1280 3029 1333 3075; x_wconf 91' lang='lat' dir='ltr'><strong>et</strong></span> <span class='ocrx_word' id='word_1_248' title='bbox 1366 3021 1436 3076; x_wconf 91' lang='lat' dir='ltr'><strong>ita</strong></span> <span class='ocrx_word' id='word_1_249' title='bbox 1469 3023 1756 3092; x_wconf 83' lang='lat' dir='ltr'><strong>apocrusin</strong></span> <span class='ocrx_word' id='word_1_250' title='bbox 1793 3023 1926 3094; x_wconf 76' lang='grc'>(72),</span> 
     </span>
    </p>
   </div>
   <div class='ocr_carea' id='block_1_34' title="bbox 2035 541 3614 620">
    <p class='ocr_par' dir='ltr' id='par_1_34' title="bbox 2035 541 3614 620">
     <span class='ocr_line' id='line_1_34' title="bbox 2035 541 3614 620; baseline 0.001 -20"><span class='ocrx_word' id='word_1_251' title='bbox 2035 549 2162 619; x_wconf 79' lang='grc' dir='ltr'>μίαν</span> <span class='ocrx_word' id='word_1_252' title='bbox 2200 548 2306 619; x_wconf 83' lang='grc' dir='ltr'><strong>δῷ·</strong></span> <span class='ocrx_word' id='word_1_253' title='bbox 2340 549 2434 602; x_wconf 68' lang='grc' dir='ltr'><strong>καὶ</strong></span> <span class='ocrx_word' id='word_1_254' title='bbox 2476 549 2666 612; x_wconf 85' lang='grc' dir='ltr'>ὁσάκις</span> <span class='ocrx_word' id='word_1_255' title='bbox 2693 541 2760 602; x_wconf 74' lang='lat' dir='ltr'><strong>a&#39;v</strong></span> <span class='ocrx_word' id='word_1_256' title='bbox 2793 549 3008 619; x_wconf 63' lang='grc' dir='ltr'>σεισμδθ</span> <span class='ocrx_word' id='word_1_257' title='bbox 3037 549 3283 619; x_wconf 81' lang='grc' dir='ltr'>γένηται,</span> <span class='ocrx_word' id='word_1_258' title='bbox 3329 549 3364 618; x_wconf 82' lang='grc' dir='ltr'><strong>ἦ</strong></span> <span class='ocrx_word' id='word_1_259' title='bbox 3411 549 3614 620; x_wconf 76' lang='grc' dir='ltr'>τρέμει</span> 
     </span>
    </p>
   </div>
   <div class='ocr_carea' id='block_1_35' title="bbox 2030 635 3618 712">
    <p class='ocr_par' dir='ltr' id='par_1_35' title="bbox 2030 635 3618 712">
     <span class='ocr_line' id='line_1_35' title="bbox 2030 635 3618 712; baseline 0 -20"><span class='ocrx_word' id='word_1_260' title='bbox 2030 639 2273 710; x_wconf 79' lang='grc' dir='ltr'><strong>κάμνων,</strong></span> <span class='ocrx_word' id='word_1_261' title='bbox 2313 641 2345 711; x_wconf 81' lang='grc' dir='ltr'><strong>ἦ</strong></span> <span class='ocrx_word' id='word_1_262' title='bbox 2383 639 2662 712; x_wconf 82' lang='grc' dir='ltr'>ἁντιφέρει</span> <span class='ocrx_word' id='word_1_263' title='bbox 2688 641 2767 704; x_wconf 84' lang='grc' dir='ltr'>εἰς</span> <span class='ocrx_word' id='word_1_264' title='bbox 2789 639 2880 693; x_wconf 82' lang='grc' dir='ltr'>τὸν</span> <span class='ocrx_word' id='word_1_265' title='bbox 2913 641 3100 710; x_wconf 78' lang='grc' dir='ltr'>ἓτερον</span> <span class='ocrx_word' id='word_1_266' title='bbox 3137 635 3305 711; x_wconf 83' lang='grc' dir='ltr'>ὦμον.</span> <span class='ocrx_word' id='word_1_267' title='bbox 3345 641 3482 693; x_wconf 78' lang='grc' dir='ltr'>Τότε</span> <span class='ocrx_word' id='word_1_268' title='bbox 3505 641 3618 693; x_wconf 62' lang='grc' dir='ltr'>τοία</span> 
     </span>
    </p>
   </div>
   <div class='ocr_carea' id='block_1_36' title="bbox 2030 729 3610 801">
    <p class='ocr_par' dir='ltr' id='par_1_36' title="bbox 2030 729 3610 801">
     <span class='ocr_line' id='line_1_36' title="bbox 2030 729 3610 801; baseline 0.003 -23"><span class='ocrx_word' id='word_1_269' title='bbox 2030 745 2122 780; x_wconf 90' lang='grc' dir='ltr'>νυν</span> <span class='ocrx_word' id='word_1_270' title='bbox 2151 729 2245 784; x_wconf 79' lang='grc' dir='ltr'><strong>καὶ</strong></span> <span class='ocrx_word' id='word_1_271' title='bbox 2277 733 2310 800; x_wconf 87' lang='grc' dir='ltr'>ἠ</span> <span class='ocrx_word' id='word_1_272' title='bbox 2351 729 2448 800; x_wconf 78' lang='grc' dir='ltr'>ὕλη</span> <span class='ocrx_word' id='word_1_273' title='bbox 2483 731 2574 800; x_wconf 83' lang='grc' dir='ltr'><strong>ἀφ’</strong></span> <span class='ocrx_word' id='word_1_274' title='bbox 2621 730 2820 801; x_wconf 75' lang='grc' dir='ltr'>ἑαυτῆς</span> <span class='ocrx_word' id='word_1_275' title='bbox 2853 730 3034 783; x_wconf 80' lang='grc' dir='ltr'><strong>ἔκτισε</strong></span> <span class='ocrx_word' id='word_1_276' title='bbox 3066 730 3135 782; x_wconf 80' lang='grc' dir='ltr'>τὰ</span> <span class='ocrx_word' id='word_1_277' title='bbox 3169 731 3334 798; x_wconf 70' lang='grc' dir='ltr'>φυτὰ,</span> <span class='ocrx_word' id='word_1_278' title='bbox 3375 731 3471 784; x_wconf 74' lang='grc' dir='ltr'><strong>καὶ</strong></span> <span class='ocrx_word' id='word_1_279' title='bbox 3507 749 3610 783; x_wconf 83' lang='grc' dir='ltr'>συ-</span> 
     </span>
    </p>
   </div>
   <div class='ocr_carea' id='block_1_37' title="bbox 2029 818 3614 891">
    <p class='ocr_par' dir='ltr' id='par_1_37' title="bbox 2029 818 3614 891">
     <span class='ocr_line' id='line_1_37' title="bbox 2029 818 3614 891; baseline 0.001 -21"><span class='ocrx_word' id='word_1_280' title='bbox 2029 818 2290 890; x_wconf 80' lang='grc' dir='ltr'>λωμένων</span> <span class='ocrx_word' id='word_1_281' title='bbox 2329 819 2507 872; x_wconf 80' lang='grc' dir='ltr'>αὐτῶν</span> <span class='ocrx_word' id='word_1_282' title='bbox 2534 819 2640 872; x_wconf 84' lang='grc' dir='ltr'><strong>ἀπό</strong></span> <span class='ocrx_word' id='word_1_283' title='bbox 2664 837 2824 872; x_wconf 83' lang='grc' dir='ltr'>τινων</span> <span class='ocrx_word' id='word_1_284' title='bbox 2849 819 3122 891; x_wconf 84' lang='grc' dir='ltr'><strong>ἀρχόντων</strong></span> <span class='ocrx_word' id='word_1_285' title='bbox 3147 819 3374 872; x_wconf 69' lang='grc' dir='ltr'>ἐκάλεσε</span> <span class='ocrx_word' id='word_1_286' title='bbox 3399 821 3614 884; x_wconf 55' lang='grc' dir='ltr'>παῖδας</span> 
     </span>
    </p>
   </div>
   <div class='ocr_carea' id='block_1_38' title="bbox 2028 909 3614 983">
    <p class='ocr_par' dir='ltr' id='par_1_38' title="bbox 2028 909 3614 983">
     <span class='ocr_line' id='line_1_38' title="bbox 2028 909 3614 983; baseline 0 -21"><span class='ocrx_word' id='word_1_287' title='bbox 2028 911 2154 972; x_wconf 84' lang='grc' dir='ltr'>τοὺς</span> <span class='ocrx_word' id='word_1_288' title='bbox 2179 909 2285 962; x_wconf 82' lang='grc' dir='ltr'>τῶν</span> <span class='ocrx_word' id='word_1_289' title='bbox 2320 909 2596 981; x_wconf 81' lang='grc' dir='ltr'><strong>ἀρχόντων</strong></span> <span class='ocrx_word' id='word_1_290' title='bbox 2623 909 2976 983; x_wconf 79' lang='grc' dir='ltr'>πρωτίστους,</span> <span class='ocrx_word' id='word_1_291' title='bbox 3007 911 3100 963; x_wconf 85' lang='grc' dir='ltr'>καὶ</span> <span class='ocrx_word' id='word_1_292' title='bbox 3136 909 3330 963; x_wconf 74' lang='grc' dir='ltr'>ἔλαϐεν</span> <span class='ocrx_word' id='word_1_293' title='bbox 3367 911 3464 962; x_wconf 74' lang='grc' dir='ltr'><strong>ἀπ’</strong></span> <span class='ocrx_word' id='word_1_294' title='bbox 3509 911 3614 964; x_wconf 80' lang='grc' dir='ltr'><strong>αὗ-</strong></span> 
     </span>
    </p>
   </div>
   <div class='ocr_carea' id='block_1_39' title="bbox 2028 1003 3618 1076">
    <p class='ocr_par' dir='ltr' id='par_1_39' title="bbox 2028 1003 3618 1076">
     <span class='ocr_line' id='line_1_39' title="bbox 2028 1003 3618 1076; baseline 0 -20"><span class='ocrx_word' id='word_1_295' title='bbox 2028 1003 2138 1058; x_wconf 85' lang='grc' dir='ltr'><strong>τῶν</strong></span> <span class='ocrx_word' id='word_1_296' title='bbox 2171 1004 2273 1058; x_wconf 73' lang='grc' dir='ltr'><strong>ἀνὰ</strong></span> <span class='ocrx_word' id='word_1_297' title='bbox 2304 1005 2432 1074; x_wconf 90' lang='grc' dir='ltr'>μίαν</span> <span class='ocrx_word' id='word_1_298' title='bbox 2459 1004 2706 1074; x_wconf 79' lang='grc' dir='ltr'>δύναμιν,</span> <span class='ocrx_word' id='word_1_299' title='bbox 2740 1006 2835 1057; x_wconf 74' lang='grc' dir='ltr'><strong>καὶ</strong></span> <span class='ocrx_word' id='word_1_300' title='bbox 2868 1003 3231 1058; x_wconf 78' lang='grc' dir='ltr'><strong>κατεσκεύασε</strong></span> <span class='ocrx_word' id='word_1_301' title='bbox 3269 1005 3363 1056; x_wconf 74' lang='grc' dir='ltr'><strong>τὸν</strong></span> <span class='ocrx_word' id='word_1_302' title='bbox 3399 1004 3618 1076; x_wconf 74' lang='grc' dir='ltr'>ἅνθρω-</span> 
     </span>
    </p>
   </div>
   <div class='ocr_carea' id='block_1_40' title="bbox 2030 1093 3612 1168">
    <p class='ocr_par' dir='ltr' id='par_1_40' title="bbox 2030 1093 3612 1168">
     <span class='ocr_line' id='line_1_40' title="bbox 2030 1093 3612 1168; baseline -0.003 -16"><span class='ocrx_word' id='word_1_303' title='bbox 2030 1117 2152 1164; x_wconf 84' lang='grc' dir='ltr'>πον,</span> <span class='ocrx_word' id='word_1_304' title='bbox 2179 1097 2271 1150; x_wconf 81' lang='grc' dir='ltr'>τὸν</span> <span class='ocrx_word' id='word_1_305' title='bbox 2295 1096 2436 1149; x_wconf 82' lang='grc' dir='ltr'>κατὰ</span> <span class='ocrx_word' id='word_1_306' title='bbox 2461 1096 2558 1167; x_wconf 84' lang='grc' dir='ltr'><strong>τὴν</strong></span> <span class='ocrx_word' id='word_1_307' title='bbox 2587 1097 2728 1150; x_wconf 80' lang='grc' dir='ltr'>ἰδέαν</span> <span class='ocrx_word' id='word_1_308' title='bbox 2757 1096 2850 1149; x_wconf 82' lang='grc' dir='ltr'><strong>τοῦ</strong></span> <span class='ocrx_word' id='word_1_309' title='bbox 2890 1095 3103 1168; x_wconf 78' lang='grc' dir='ltr'><strong>πρώτου</strong></span> <span class='ocrx_word' id='word_1_310' title='bbox 3134 1093 3424 1166; x_wconf 79' lang='grc' dir='ltr'>ἀνθρώπου</span> <span class='ocrx_word' id='word_1_311' title='bbox 3461 1097 3612 1148; x_wconf 78' lang='grc' dir='ltr'>ὲκεί-</span> 
     </span>
    </p>
   </div>
   <div class='ocr_carea' id='block_1_41' title="bbox 2027 1183 3614 1258">
    <p class='ocr_par' dir='ltr' id='par_1_41' title="bbox 2027 1183 3614 1258">
     <span class='ocr_line' id='line_1_41' title="bbox 2027 1183 3614 1258; baseline -0.003 -17"><span class='ocrx_word' id='word_1_312' title='bbox 2027 1205 2144 1251; x_wconf 89' lang='grc' dir='ltr'>νου,</span> <span class='ocrx_word' id='word_1_313' title='bbox 2187 1187 2280 1240; x_wconf 83' lang='grc' dir='ltr'><strong>καὶ</strong></span> <span class='ocrx_word' id='word_1_314' title='bbox 2316 1187 2470 1256; x_wconf 80' lang='grc' dir='ltr'><strong>ἔδησε</strong></span> <span class='ocrx_word' id='word_1_315' title='bbox 2516 1186 2614 1256; x_wconf 76' lang='grc' dir='ltr'>τὴν</span> <span class='ocrx_word' id='word_1_316' title='bbox 2654 1185 2830 1258; x_wconf 79' lang='grc' dir='ltr'>ψυχὴν</span> <span class='ocrx_word' id='word_1_317' title='bbox 2870 1186 2929 1239; x_wconf 80' lang='grc' dir='ltr'>ὲν</span> <span class='ocrx_word' id='word_1_318' title='bbox 2971 1183 3136 1256; x_wconf 77' lang='grc' dir='ltr'>αὐτῷ.</span> <span class='ocrx_word' id='word_1_319' title='bbox 3180 1185 3332 1257; x_wconf 79' lang='grc' dir='ltr'>Αὕτη</span> <span class='ocrx_word' id='word_1_320' title='bbox 3363 1187 3483 1238; x_wconf 72' lang='grc' dir='ltr'>ἐστὶ</span> <span class='ocrx_word' id='word_1_321' title='bbox 3511 1185 3614 1256; x_wconf 74' lang='grc' dir='ltr'>τῆς</span> 
     </span>
    </p>
   </div>
   <div class='ocr_carea' id='block_1_42' title="bbox 2029 1273 2767 1349">
    <p class='ocr_par' dir='ltr' id='par_1_42' title="bbox 2029 1273 2767 1349">
     <span class='ocr_line' id='line_1_42' title="bbox 2029 1273 2767 1349; baseline -0.001 -19"><span class='ocrx_word' id='word_1_322' title='bbox 2029 1278 2384 1349; x_wconf 78' lang='grc' dir='ltr'>συγκράσεως</span> <span class='ocrx_word' id='word_1_323' title='bbox 2418 1277 2450 1347; x_wconf 82' lang='grc' dir='ltr'>ὴ</span> <span class='ocrx_word' id='word_1_324' title='bbox 2496 1273 2767 1340; x_wconf 73' lang='grc' dir='ltr'>ὑπόθεσίς.</span> 
     </span>
    </p>
   </div>
   <div class='ocr_carea' id='block_1_43' title="bbox 2103 1445 3614 1532">
    <p class='ocr_par' dir='ltr' id='par_1_43' title="bbox 2103 1445 3614 1532">
     <span class='ocr_line' id='line_1_43' title="bbox 2103 1445 3614 1532; baseline -0.001 -20"><span class='ocrx_word' id='word_1_325' title='bbox 2103 1459 2233 1512; x_wconf 82' lang='grc' dir='ltr'><strong>Ὅτε</strong></span> <span class='ocrx_word' id='word_1_326' title='bbox 2257 1459 2314 1512; x_wconf 84' lang='grc' dir='ltr'><strong>δὲ</strong></span> <span class='ocrx_word' id='word_1_327' title='bbox 2348 1454 2486 1514; x_wconf 74' lang='grc' dir='ltr'>εἶδεν</span> <span class='ocrx_word' id='word_1_328' title='bbox 2520 1461 2548 1512; x_wconf 86' lang='grc' dir='ltr'><strong>ὁ</strong></span> <span class='ocrx_word' id='word_1_329' title='bbox 2576 1459 2765 1532; x_wconf 78' lang='grc' dir='ltr'>Πατὴρ</span> <span class='ocrx_word' id='word_1_330' title='bbox 2802 1463 2830 1513; x_wconf 86' lang='grc' dir='ltr'><strong>ὁ</strong></span> <span class='ocrx_word' id='word_1_331' title='bbox 2886 1458 2994 1522; x_wconf 77' lang='grc' dir='ltr'><strong>ζῶν</strong></span> <span class='ocrx_word' id='word_1_332' title='bbox 3029 1457 3350 1529; x_wconf 71' lang='grc' dir='ltr'>θλιϐομένην</span> <span class='ocrx_word' id='word_1_333' title='bbox 3383 1459 3482 1518; x_wconf 70' lang='grc' dir='ltr'><strong>τὴν</strong></span> 
     </span>
    </p>
   </div>
   <div class='ocr_carea' id='block_1_44' title="bbox 2027 1549 3610 1622">
    <p class='ocr_par' dir='ltr' id='par_1_44' title="bbox 2027 1549 3610 1622">
     <span class='ocr_line' id='line_1_44' title="bbox 2027 1549 3610 1622; baseline -0.001 -19"><span class='ocrx_word' id='word_1_334' title='bbox 2027 1551 2128 1622; x_wconf 81' lang='grc' dir='ltr'>χὴν</span> <span class='ocrx_word' id='word_1_335' title='bbox 2163 1552 2220 1604; x_wconf 83' lang='grc' dir='ltr'><strong>ὲν</strong></span> <span class='ocrx_word' id='word_1_336' title='bbox 2249 1550 2326 1621; x_wconf 80' lang='grc' dir='ltr'>τῷ</span> <span class='ocrx_word' id='word_1_337' title='bbox 2361 1550 2612 1622; x_wconf 80' lang='grc' dir='ltr'>σώματι,</span> <span class='ocrx_word' id='word_1_338' title='bbox 2676 1551 3046 1621; x_wconf 76' lang='grc' dir='ltr'>εὖσπλαγχνος</span> <span class='ocrx_word' id='word_1_339' title='bbox 3087 1549 3162 1603; x_wconf 79' lang='grc' dir='ltr'>ὢν</span> <span class='ocrx_word' id='word_1_340' title='bbox 3201 1553 3296 1603; x_wconf 74' lang='grc' dir='ltr'><strong>καὶ</strong></span> <span class='ocrx_word' id='word_1_341' title='bbox 3329 1549 3610 1620; x_wconf 71' lang='grc' dir='ltr'>ἐλεήμων,</span> 
     </span>
    </p>
   </div>
   <div class='ocr_carea' id='block_1_45' title="bbox 2027 1642 3612 1714">
    <p class='ocr_par' dir='ltr' id='par_1_45' title="bbox 2027 1642 3612 1714">
     <span class='ocr_line' id='line_1_45' title="bbox 2027 1642 3612 1714; baseline -0.001 -19"><span class='ocrx_word' id='word_1_342' title='bbox 2027 1642 2239 1714; x_wconf 72' lang='grc' dir='ltr'>ἔπεμψε</span> <span class='ocrx_word' id='word_1_343' title='bbox 2273 1643 2362 1696; x_wconf 83' lang='grc' dir='ltr'>τὸν</span> <span class='ocrx_word' id='word_1_344' title='bbox 2383 1644 2510 1697; x_wconf 79' lang='grc' dir='ltr'>Υἱὸν</span> <span class='ocrx_word' id='word_1_345' title='bbox 2537 1643 2698 1697; x_wconf 77' lang='grc' dir='ltr'>αὑτοῦ</span> <span class='ocrx_word' id='word_1_346' title='bbox 2730 1643 2817 1697; x_wconf 86' lang='grc' dir='ltr'>τὸν</span> <span class='ocrx_word' id='word_1_347' title='bbox 2845 1643 3196 1714; x_wconf 69' lang='grc' dir='ltr'>ἠγαπημένον</span> <span class='ocrx_word' id='word_1_348' title='bbox 3225 1645 3306 1706; x_wconf 82' lang='grc' dir='ltr'>εἰς</span> <span class='ocrx_word' id='word_1_349' title='bbox 3329 1643 3612 1714; x_wconf 73' lang='grc' dir='ltr'><strong>σωτηρίαν</strong></span> 
     </span>
    </p>
   </div>
   <div class='ocr_carea' id='block_1_46' title="bbox 2027 1735 3613 1808">
    <p class='ocr_par' dir='ltr' id='par_1_46' title="bbox 2027 1735 3613 1808">
     <span class='ocr_line' id='line_1_46' title="bbox 2027 1735 3613 1808; baseline -0.001 -21"><span class='ocrx_word' id='word_1_350' title='bbox 2027 1735 2126 1805; x_wconf 84' lang='grc' dir='ltr'>τῆς</span> <span class='ocrx_word' id='word_1_351' title='bbox 2153 1735 2350 1806; x_wconf 66' lang='grc' dir='ltr'>ψυχῆς</span> <span class='ocrx_word' id='word_1_352' title='bbox 2377 1735 2466 1788; x_wconf 79' lang='grc' dir='ltr'><strong>διὰ</strong></span> <span class='ocrx_word' id='word_1_353' title='bbox 2510 1737 2618 1808; x_wconf 81' lang='grc' dir='ltr'>γὰρ</span> <span class='ocrx_word' id='word_1_354' title='bbox 2670 1736 2870 1805; x_wconf 86' lang='grc' dir='ltr'>ταύτην</span> <span class='ocrx_word' id='word_1_355' title='bbox 2914 1735 3012 1806; x_wconf 80' lang='grc' dir='ltr'>τὴν</span> <span class='ocrx_word' id='word_1_356' title='bbox 3063 1737 3334 1806; x_wconf 67' lang='grc' dir='ltr'>πρόφασιν</span> <span class='ocrx_word' id='word_1_357' title='bbox 3382 1735 3480 1788; x_wconf 64' lang='grc' dir='ltr'><strong>καὶ</strong></span> <span class='ocrx_word' id='word_1_358' title='bbox 3507 1735 3613 1804; x_wconf 70' lang='grc' dir='ltr'>τὴν</span> 
     </span>
    </p>
   </div>
   <div class='ocr_carea' id='block_1_47' title="bbox 2029 1825 3616 1898">
    <p class='ocr_par' dir='ltr' id='par_1_47' title="bbox 2029 1825 3616 1898">
     <span class='ocr_line' id='line_1_47' title="bbox 2029 1825 3616 1898; baseline -0.001 -19"><span class='ocrx_word' id='word_1_359' title='bbox 2029 1826 2120 1880; x_wconf 81' lang='grc' dir='ltr'>τοῦ</span> <span class='ocrx_word' id='word_1_360' title='bbox 2163 1827 2459 1898; x_wconf 66' lang='grc' dir='ltr'>Ὤμοφόρου</span> <span class='ocrx_word' id='word_1_361' title='bbox 2493 1828 2806 1880; x_wconf 83' lang='grc' dir='ltr'>ἀπέστειλεν</span> <span class='ocrx_word' id='word_1_362' title='bbox 2833 1829 3014 1881; x_wconf 72' lang='grc' dir='ltr'>αὐτόν.</span> <span class='ocrx_word' id='word_1_363' title='bbox 3062 1829 3170 1882; x_wconf 78' lang='grc' dir='ltr'><strong>Καὶ</strong></span> <span class='ocrx_word' id='word_1_364' title='bbox 3207 1825 3376 1880; x_wconf 78' lang='grc' dir='ltr'>ἐλθὼν</span> <span class='ocrx_word' id='word_1_365' title='bbox 3405 1827 3436 1878; x_wconf 81' lang='grc' dir='ltr'>ὁ</span> <span class='ocrx_word' id='word_1_366' title='bbox 3477 1827 3616 1890; x_wconf 73' lang='grc' dir='ltr'>Υἱὸς</span> 
     </span>
    </p>
   </div>
   <div class='ocr_carea' id='block_1_48' title="bbox 2031 1915 3616 1992">
    <p class='ocr_par' dir='ltr' id='par_1_48' title="bbox 2031 1915 3616 1992">
     <span class='ocr_line' id='line_1_48' title="bbox 2031 1915 3616 1992; baseline 0 -22"><span class='ocrx_word' id='word_1_367' title='bbox 2031 1936 2264 1989; x_wconf 78' lang='grc' dir='ltr'>μετεσχη</span> <span class='ocrx_word' id='word_1_368' title='bbox 2275 1919 2496 1990; x_wconf 81' lang='grc' dir='ltr'>μάτισεν</span> <span class='ocrx_word' id='word_1_369' title='bbox 2529 1920 2718 1973; x_wconf 73' lang='grc' dir='ltr'>ἑαυτὸν</span> <span class='ocrx_word' id='word_1_370' title='bbox 2743 1923 2822 1983; x_wconf 80' lang='grc' dir='ltr'><strong>είς</strong></span> <span class='ocrx_word' id='word_1_371' title='bbox 2842 1919 3127 1992; x_wconf 83' lang='grc' dir='ltr'>ἀνθρώπου</span> <span class='ocrx_word' id='word_1_372' title='bbox 3150 1915 3307 1982; x_wconf 77' lang='grc' dir='ltr'>εἶδος,</span> <span class='ocrx_word' id='word_1_373' title='bbox 3341 1919 3436 1972; x_wconf 76' lang='grc' dir='ltr'><strong>καὶ</strong></span> <span class='ocrx_word' id='word_1_374' title='bbox 3457 1919 3616 1987; x_wconf 60' lang='grc' dir='ltr'>ἐξαί-</span> 
     </span>
    </p>
   </div>
   <div class='ocr_carea' id='block_1_49' title="bbox 2027 2010 3610 2084">
    <p class='ocr_par' dir='ltr' id='par_1_49' title="bbox 2027 2010 3610 2084">
     <span class='ocr_line' id='line_1_49' title="bbox 2027 2010 3610 2084; baseline -0.001 -22"><span class='ocrx_word' id='word_1_375' title='bbox 2027 2028 2146 2062; x_wconf 89' lang='grc' dir='ltr'>νετο</span> <span class='ocrx_word' id='word_1_376' title='bbox 2174 2015 2284 2074; x_wconf 82' lang='grc' dir='ltr'>τοῖς</span> <span class='ocrx_word' id='word_1_377' title='bbox 2320 2011 2622 2084; x_wconf 83' lang='grc' dir='ltr'>ἀνθρώποις</span> <span class='ocrx_word' id='word_1_378' title='bbox 2648 2012 2722 2075; x_wconf 83' lang='grc' dir='ltr'><strong>ὡς</strong></span> <span class='ocrx_word' id='word_1_379' title='bbox 2751 2011 2845 2066; x_wconf 81' lang='grc' dir='ltr'>ἄνθ</span> <span class='ocrx_word' id='word_1_380' title='bbox 2855 2025 3056 2082; x_wconf 80' lang='grc' dir='ltr'>ρωπος,</span> <span class='ocrx_word' id='word_1_381' title='bbox 3085 2012 3157 2082; x_wconf 85' lang='grc' dir='ltr'><strong>μὴ</strong></span> <span class='ocrx_word' id='word_1_382' title='bbox 3179 2010 3254 2064; x_wconf 85' lang='grc' dir='ltr'>ὣν</span> <span class='ocrx_word' id='word_1_383' title='bbox 3292 2010 3610 2080; x_wconf 79' lang='grc' dir='ltr'>ἄνθρωπος,</span> 
     </span>
    </p>
   </div>
   <div class='ocr_carea' id='block_1_50' title="bbox 2029 2101 3610 2175">
    <p class='ocr_par' dir='ltr' id='par_1_50' title="bbox 2029 2101 3610 2175">
     <span class='ocr_line' id='line_1_50' title="bbox 2029 2101 3610 2175; baseline -0.001 -20"><span class='ocrx_word' id='word_1_384' title='bbox 2029 2103 2123 2155; x_wconf 73' lang='grc' dir='ltr'><strong>καὶ</strong></span> <span class='ocrx_word' id='word_1_385' title='bbox 2156 2104 2204 2155; x_wconf 85' lang='grc' dir='ltr'><strong>οἱ</strong></span> <span class='ocrx_word' id='word_1_386' title='bbox 2267 2103 2542 2175; x_wconf 82' lang='grc' dir='ltr'>ἄνθρωποι</span> <span class='ocrx_word' id='word_1_387' title='bbox 2588 2102 2966 2174; x_wconf 76' lang='grc' dir='ltr'>ὑπελάμϐανον</span> <span class='ocrx_word' id='word_1_388' title='bbox 3013 2103 3174 2156; x_wconf 75' lang='grc' dir='ltr'>αὑτὸν</span> <span class='ocrx_word' id='word_1_389' title='bbox 3217 2101 3610 2172; x_wconf 74' lang='grc' dir='ltr'>γεγεννῆσθαι.</span> 
     </span>
    </p>
   </div>
   <div class='ocr_carea' id='block_1_51' title="bbox 2042 2191 3612 2267">
    <p class='ocr_par' dir='ltr' id='par_1_51' title="bbox 2042 2191 3612 2267">
     <span class='ocr_line' id='line_1_51' title="bbox 2042 2191 3612 2267; baseline -0.001 -21"><span class='ocrx_word' id='word_1_390' title='bbox 2042 2195 2238 2246; x_wconf 83' lang='grc' dir='ltr'>Ἐλθὼν</span> <span class='ocrx_word' id='word_1_391' title='bbox 2269 2191 2360 2249; x_wconf 79' lang='grc' dir='ltr'>οὖν</span> <span class='ocrx_word' id='word_1_392' title='bbox 2389 2197 2619 2248; x_wconf 83' lang='grc' dir='ltr'>ποιεῖται</span> <span class='ocrx_word' id='word_1_393' title='bbox 2642 2193 2739 2267; x_wconf 76' lang='grc' dir='ltr'><strong>τὴν</strong></span> <span class='ocrx_word' id='word_1_394' title='bbox 2769 2195 3124 2266; x_wconf 77' lang='grc' dir='ltr'><strong>δημιουργίαν</strong></span> <span class='ocrx_word' id='word_1_395' title='bbox 3157 2195 3292 2266; x_wconf 82' lang='grc' dir='ltr'>πρὸς</span> <span class='ocrx_word' id='word_1_396' title='bbox 3329 2195 3612 2265; x_wconf 81' lang='grc' dir='ltr'>σωτηρίαν</span> 
     </span>
    </p>
   </div>
   <div class='ocr_carea' id='block_1_52' title="bbox 2027 2283 3616 2356">
    <p class='ocr_par' dir='ltr' id='par_1_52' title="bbox 2027 2283 3616 2356">
     <span class='ocr_line' id='line_1_52' title="bbox 2027 2283 3616 2356; baseline 0 -20"><span class='ocrx_word' id='word_1_397' title='bbox 2027 2285 2135 2336; x_wconf 77' lang='grc' dir='ltr'>τῶν</span> <span class='ocrx_word' id='word_1_398' title='bbox 2167 2283 2373 2354; x_wconf 72' lang='grc' dir='ltr'>ψυχῶν,</span> <span class='ocrx_word' id='word_1_399' title='bbox 2405 2283 2500 2337; x_wconf 73' lang='grc' dir='ltr'>καὶ</span> <span class='ocrx_word' id='word_1_400' title='bbox 2536 2285 2781 2356; x_wconf 75' lang='grc' dir='ltr'>μηχανὴν</span> <span class='ocrx_word' id='word_1_401' title='bbox 2837 2286 3197 2356; x_wconf 79' lang='grc' dir='ltr'>συνεστήσατο</span> <span class='ocrx_word' id='word_1_402' title='bbox 3244 2285 3474 2354; x_wconf 75' lang='grc' dir='ltr'>ἔχουσαν</span> <span class='ocrx_word' id='word_1_403' title='bbox 3501 2283 3616 2336; x_wconf 77' lang='grc' dir='ltr'><strong>δὼ-</strong></span> 
     </span>
    </p>
   </div>
   <div class='ocr_carea' id='block_1_53' title="bbox 2028 2375 3614 2447">
    <p class='ocr_par' dir='ltr' id='par_1_53' title="bbox 2028 2375 3614 2447">
     <span class='ocr_line' id='line_1_53' title="bbox 2028 2375 3614 2447; baseline -0.001 -18"><span class='ocrx_word' id='word_1_404' title='bbox 2028 2377 2160 2429; x_wconf 78' lang='grc' dir='ltr'>δεκα</span> <span class='ocrx_word' id='word_1_405' title='bbox 2185 2375 2397 2438; x_wconf 81' lang='grc' dir='ltr'>κάδους,</span> <span class='ocrx_word' id='word_1_406' title='bbox 2419 2377 2538 2446; x_wconf 76' lang='grc' dir='ltr'>ἥτις</span> <span class='ocrx_word' id='word_1_407' title='bbox 2564 2375 2667 2428; x_wconf 80' lang='grc' dir='ltr'><strong>ὑπὸ</strong></span> <span class='ocrx_word' id='word_1_408' title='bbox 2687 2375 2785 2447; x_wconf 82' lang='grc' dir='ltr'><strong>τῆς</strong></span> <span class='ocrx_word' id='word_1_409' title='bbox 2818 2375 3054 2447; x_wconf 68' lang='grc' dir='ltr'>σφαίρας</span> <span class='ocrx_word' id='word_1_410' title='bbox 3093 2377 3460 2446; x_wconf 69' lang='grc' dir='ltr'>στρεφομένη,</span> <span class='ocrx_word' id='word_1_411' title='bbox 3491 2378 3614 2428; x_wconf 82' lang='grc' dir='ltr'><strong>ἀνι-</strong></span> 
     </span>
    </p>
   </div>
   <div class='ocr_carea' id='block_1_54' title="bbox 2035 2467 3618 2539">
    <p class='ocr_par' dir='ltr' id='par_1_54' title="bbox 2035 2467 3618 2539">
     <span class='ocr_line' id='line_1_54' title="bbox 2035 2467 3618 2539; baseline 0 -19"><span class='ocrx_word' id='word_1_412' title='bbox 2035 2470 2199 2539; x_wconf 81' lang='grc' dir='ltr'>μᾶται</span> <span class='ocrx_word' id='word_1_413' title='bbox 2227 2468 2332 2520; x_wconf 85' lang='grc' dir='ltr'>τῶν</span> <span class='ocrx_word' id='word_1_414' title='bbox 2369 2467 2710 2537; x_wconf 76' lang='grc' dir='ltr'>θνησκόντων</span> <span class='ocrx_word' id='word_1_415' title='bbox 2733 2469 2830 2532; x_wconf 80' lang='grc' dir='ltr'>τὰς</span> <span class='ocrx_word' id='word_1_416' title='bbox 2853 2469 3047 2538; x_wconf 72' lang='grc' dir='ltr'>ψυχάς.</span> <span class='ocrx_word' id='word_1_417' title='bbox 3084 2468 3192 2521; x_wconf 72' lang='grc' dir='ltr'>Καὶ</span> <span class='ocrx_word' id='word_1_418' title='bbox 3222 2467 3422 2530; x_wconf 77' lang='grc' dir='ltr'>ταύτας</span> <span class='ocrx_word' id='word_1_419' title='bbox 3448 2470 3478 2520; x_wconf 82' lang='grc' dir='ltr'>ὁ</span> <span class='ocrx_word' id='word_1_420' title='bbox 3511 2468 3618 2538; x_wconf 78' lang='grc' dir='ltr'>μέ-</span> 
     </span>
    </p>
   </div>
   <div class='ocr_carea' id='block_1_55' title="bbox 2030 2559 3618 2631">
    <p class='ocr_par' dir='ltr' id='par_1_55' title="bbox 2030 2559 3618 2631">
     <span class='ocr_line' id='line_1_55' title="bbox 2030 2559 3618 2631; baseline -0.011 -5"><span class='ocrx_word' id='word_1_421' title='bbox 2030 2578 2064 2628; x_wconf 85' lang='grc' dir='ltr'><strong>γ</strong></span> <span class='ocrx_word' id='word_1_422' title='bbox 2068 2576 2132 2623; x_wconf 84' lang='grc' dir='ltr'><strong>ας</strong></span> <span class='ocrx_word' id='word_1_423' title='bbox 2165 2560 2388 2631; x_wconf 75' lang='grc' dir='ltr'>φωστὴρ</span> <span class='ocrx_word' id='word_1_424' title='bbox 2416 2563 2535 2623; x_wconf 85' lang='grc' dir='ltr'>ταῖς</span> <span class='ocrx_word' id='word_1_425' title='bbox 2567 2560 2746 2612; x_wconf 84' lang='grc' dir='ltr'>ἀκτῖσι</span> <span class='ocrx_word' id='word_1_426' title='bbox 2769 2559 2946 2612; x_wconf 77' lang='grc' dir='ltr'>λαϐὼν</span> <span class='ocrx_word' id='word_1_427' title='bbox 2987 2559 3291 2630; x_wconf 79' lang='grc' dir='ltr'>καθαρίζει,</span> <span class='ocrx_word' id='word_1_428' title='bbox 3320 2559 3414 2612; x_wconf 70' lang='grc' dir='ltr'><strong>καὶ</strong></span> <span class='ocrx_word' id='word_1_429' title='bbox 3441 2575 3618 2628; x_wconf 82' lang='grc' dir='ltr'>μετα-</span> 
     </span>
    </p>
   </div>
   <div class='ocr_carea' id='block_1_56' title="bbox 2031 2649 3612 2726">
    <p class='ocr_par' dir='ltr' id='par_1_56' title="bbox 2031 2649 3612 2726">
     <span class='ocr_line' id='line_1_56' title="bbox 2031 2649 3612 2726; baseline -0.003 -20"><span class='ocrx_word' id='word_1_430' title='bbox 2031 2653 2210 2706; x_wconf 83' lang='grc' dir='ltr'>δίδωσι</span> <span class='ocrx_word' id='word_1_431' title='bbox 2242 2655 2305 2723; x_wconf 80' lang='grc' dir='ltr'>τῇ</span> <span class='ocrx_word' id='word_1_432' title='bbox 2343 2653 2557 2726; x_wconf 79' lang='grc' dir='ltr'>σελήνῃ,</span> <span class='ocrx_word' id='word_1_433' title='bbox 2583 2653 2675 2705; x_wconf 63' lang='grc' dir='ltr'><strong>καὶ¹</strong></span> <span class='ocrx_word' id='word_1_434' title='bbox 2712 2651 2884 2716; x_wconf 72' lang='grc' dir='ltr'>οὕτως</span> <span class='ocrx_word' id='word_1_435' title='bbox 2911 2651 3208 2725; x_wconf 80' lang='grc' dir='ltr'>πληροῦται</span> <span class='ocrx_word' id='word_1_436' title='bbox 3231 2651 3332 2720; x_wconf 79' lang='grc' dir='ltr'>τῆς</span> <span class='ocrx_word' id='word_1_437' title='bbox 3376 2649 3612 2720; x_wconf 71' lang='grc' dir='ltr'>σελήνης</span> 
     </span>
    </p>
   </div>
   <div class='ocr_carea' id='block_1_57' title="bbox 2030 2744 3608 2818">
    <p class='ocr_par' dir='ltr' id='par_1_57' title="bbox 2030 2744 3608 2818">
     <span class='ocr_line' id='line_1_57' title="bbox 2030 2744 3608 2818; baseline -0.001 -21"><span class='ocrx_word' id='word_1_438' title='bbox 2030 2747 2058 2797; x_wconf 81' lang='grc' dir='ltr'>ὁ</span> <span class='ocrx_word' id='word_1_439' title='bbox 2092 2745 2292 2808; x_wconf 83' lang='grc' dir='ltr'>δίσκος,</span> <span class='ocrx_word' id='word_1_440' title='bbox 2322 2747 2350 2798; x_wconf 83' lang='grc' dir='ltr'>ὁ</span> <span class='ocrx_word' id='word_1_441' title='bbox 2375 2747 2502 2816; x_wconf 80' lang='grc' dir='ltr'>παρ’</span> <span class='ocrx_word' id='word_1_442' title='bbox 2531 2748 2661 2816; x_wconf 80' lang='grc' dir='ltr'><strong>ἡμῖν</strong></span> <span class='ocrx_word' id='word_1_443' title='bbox 2688 2746 3236 2818; x_wconf 74' lang='grc' dir='ltr'>προσαγορευόμενος.</span> <span class='ocrx_word' id='word_1_444' title='bbox 3273 2745 3438 2796; x_wconf 84' lang='grc' dir='ltr'><strong>Πλοῖα</strong></span> <span class='ocrx_word' id='word_1_445' title='bbox 3473 2744 3608 2814; x_wconf 73' lang='grc' dir='ltr'>γὰρ,</span> 
     </span>
    </p>
   </div>
   <div class='ocr_carea' id='block_1_58' title="bbox 2033 2833 3604 2908">
    <p class='ocr_par' dir='ltr' id='par_1_58' title="bbox 2033 2833 3604 2908">
     <span class='ocr_line' id='line_1_58' title="bbox 2033 2833 3604 2908; baseline 0.001 -19"><span class='ocrx_word' id='word_1_446' title='bbox 2033 2837 2148 2907; x_wconf 79' lang='grc' dir='ltr'>ἤτοι</span> <span class='ocrx_word' id='word_1_447' title='bbox 2181 2835 2450 2908; x_wconf 81' lang='grc' dir='ltr'>πορθμεῖα</span> <span class='ocrx_word' id='word_1_448' title='bbox 2477 2833 2616 2891; x_wconf 76' lang='grc' dir='ltr'>εἶναι</span> <span class='ocrx_word' id='word_1_449' title='bbox 2644 2837 2790 2906; x_wconf 82' lang='grc' dir='ltr'>λέγει</span> <span class='ocrx_word' id='word_1_450' title='bbox 2822 2839 2945 2902; x_wconf 72' lang='grc' dir='ltr'>τοὺς</span> <span class='ocrx_word' id='word_1_451' title='bbox 2973 2837 3065 2891; x_wconf 76' lang='grc' dir='ltr'>δύο</span> <span class='ocrx_word' id='word_1_452' title='bbox 3098 2839 3407 2908; x_wconf 76' lang='grc' dir='ltr'>φωστῆρας.</span> <span class='ocrx_word' id='word_1_453' title='bbox 3445 2833 3604 2896; x_wconf 80' lang='grc' dir='ltr'>Εἶτα,</span> 
     </span>
    </p>
   </div>
   <div class='ocr_carea' id='block_1_59' title="bbox 2033 2926 3608 3000">
    <p class='ocr_par' dir='ltr' id='par_1_59' title="bbox 2033 2926 3608 3000">
     <span class='ocr_line' id='line_1_59' title="bbox 2033 2926 3608 3000; baseline 0.001 -22"><span class='ocrx_word' id='word_1_454' title='bbox 2033 2926 2128 2980; x_wconf 80' lang='grc' dir='ltr'><strong>ἐὰν</strong></span> <span class='ocrx_word' id='word_1_455' title='bbox 2160 2927 2391 2998; x_wconf 84' lang='grc' dir='ltr'>γεμισθῇ</span> <span class='ocrx_word' id='word_1_456' title='bbox 2429 2929 2461 2998; x_wconf 83' lang='grc' dir='ltr'>ἡ</span> <span class='ocrx_word' id='word_1_457' title='bbox 2493 2927 2709 3000; x_wconf 81' lang='grc' dir='ltr'>σελήνη,</span> <span class='ocrx_word' id='word_1_458' title='bbox 2768 2927 3203 3000; x_wconf 83' lang='grc' dir='ltr'>μεταπορθμεύει</span> <span class='ocrx_word' id='word_1_459' title='bbox 3249 2931 3328 2990; x_wconf 79' lang='grc' dir='ltr'><strong>είς</strong></span> <span class='ocrx_word' id='word_1_460' title='bbox 3357 2927 3608 2998; x_wconf 81' lang='grc' dir='ltr'>ἀπηλιώ-</span> 
     </span>
    </p>
   </div>
   <div class='ocr_carea' id='block_1_60' title="bbox 2033 3017 3610 3092">
    <p class='ocr_par' dir='ltr' id='par_1_60' title="bbox 2033 3017 3610 3092">
     <span class='ocr_line' id='line_1_60' title="bbox 2033 3017 3610 3092; baseline 0.001 -20"><span class='ocrx_word' id='word_1_461' title='bbox 2033 3035 2151 3088; x_wconf 86' lang='grc' dir='ltr'>την,</span> <span class='ocrx_word' id='word_1_462' title='bbox 2179 3020 2273 3073; x_wconf 78' lang='grc' dir='ltr'>καὶ</span> <span class='ocrx_word' id='word_1_463' title='bbox 2304 3017 2473 3082; x_wconf 76' lang='grc' dir='ltr'>οὕτως</span> <span class='ocrx_word' id='word_1_464' title='bbox 2505 3021 2835 3091; x_wconf 80' lang='grc' dir='ltr'>ἀπόκρουσιν</span> <span class='ocrx_word' id='word_1_465' title='bbox 2865 3025 3116 3082; x_wconf 85' lang='grc' dir='ltr'>ποιεῖται,</span> <span class='ocrx_word' id='word_1_466' title='bbox 3151 3021 3244 3074; x_wconf 81' lang='grc' dir='ltr'>τοῦ</span> <span class='ocrx_word' id='word_1_467' title='bbox 3283 3021 3454 3092; x_wconf 82' lang='grc' dir='ltr'>γόμου</span> <span class='ocrx_word' id='word_1_468' title='bbox 3485 3020 3610 3074; x_wconf 72' lang='grc' dir='ltr'>ἐλα-</span> 
     </span>
    </p>
   </div>
   <div class='ocr_carea' id='block_1_61' title="bbox 355 3109 1930 3197">
    <p class='ocr_par' dir='ltr' id='par_1_61' title="bbox 355 3109 1925 3178">
     <span class='ocr_line' id='line_1_61' title="bbox 355 3109 1925 3178; baseline 0.005 -15"><span class='ocrx_word' id='word_1_469' title='bbox 355 3109 734 3164; x_wconf 80' lang='lat' dir='ltr'><strong>detrinientum</strong></span> <span class='ocrx_word' id='word_1_470' title='bbox 783 3111 1020 3178; x_wconf 86' lang='lat' dir='ltr'><strong>patitur,</strong></span> <span class='ocrx_word' id='word_1_471' title='bbox 1070 3127 1193 3166; x_wconf 91' lang='lat' dir='ltr'><strong>cum</strong></span> <span class='ocrx_word' id='word_1_472' title='bbox 1225 3129 1387 3169; x_wconf 89' lang='lat' dir='ltr'><strong>onere</strong></span> <span class='ocrx_word' id='word_1_473' title='bbox 1417 3113 1583 3169; x_wconf 80' lang='lat' dir='ltr'><strong>fuerit</strong></span> <span class='ocrx_word' id='word_1_474' title='bbox 1633 3117 1872 3171; x_wconf 87' lang='lat' dir='ltr'><strong>relevata</strong></span> <span class='ocrx_word' id='word_1_475' title='bbox 1911 3135 1925 3171; x_wconf 73' lang='grc' dir='ltr'><strong>τ</strong></span> 
     </span>
    </p>
   </div>
   <div class='ocr_carea' id='block_1_62' title="bbox 2039 3109 3608 3197">
    <p class='ocr_par' dir='ltr' id='par_1_62' title="bbox 2039 3111 3608 3186">
     <span class='ocr_line' id='line_1_62' title="bbox 2039 3111 3608 3186; baseline 0.002 -24"><span class='ocrx_word' id='word_1_476' title='bbox 2039 3112 2361 3186; x_wconf 67' lang='grc' dir='ltr'>φρυνομένηθ</span> <span class='ocrx_word' id='word_1_477' title='bbox 2392 3114 2485 3166; x_wconf 78' lang='grc' dir='ltr'><strong>καὶ</strong></span> <span class='ocrx_word' id='word_1_478' title='bbox 2527 3111 2667 3164; x_wconf 75' lang='grc' dir='ltr'>οὕτω</span> <span class='ocrx_word' id='word_1_479' title='bbox 2701 3112 2899 3184; x_wconf 83' lang='grc' dir='ltr'>πληροῖ</span> <span class='ocrx_word' id='word_1_480' title='bbox 2945 3112 3008 3164; x_wconf 77' lang='grc' dir='ltr'>τὸ</span> <span class='ocrx_word' id='word_1_481' title='bbox 3038 3113 3350 3184; x_wconf 82' lang='grc' dir='ltr'>πορθμεῖον,</span> <span class='ocrx_word' id='word_1_482' title='bbox 3377 3111 3472 3164; x_wconf 72' lang='grc' dir='ltr'>καὶ</span> <span class='ocrx_word' id='word_1_483' title='bbox 3503 3111 3608 3166; x_wconf 64' lang='grc' dir='ltr'><strong>παι</strong></span> 
     </span>
    </p>
   </div>
   <div class='ocr_carea' id='block_1_63' title="bbox 356 3201 1928 3276">
    <p class='ocr_par' dir='ltr' id='par_1_63' title="bbox 356 3201 1928 3276">
     <span class='ocr_line' id='line_1_63' title="bbox 356 3201 1928 3276; baseline 0.006 -22"><span class='ocrx_word' id='word_1_484' title='bbox 356 3209 412 3254; x_wconf 88' lang='lat' dir='ltr'><strong>et</strong></span> <span class='ocrx_word' id='word_1_485' title='bbox 443 3203 632 3254; x_wconf 80' lang='lat' dir='ltr'><strong>iterum</strong></span> <span class='ocrx_word' id='word_1_486' title='bbox 654 3201 844 3270; x_wconf 85' lang='lat' dir='ltr'><strong>repleri</strong></span> <span class='ocrx_word' id='word_1_487' title='bbox 871 3201 981 3272; x_wconf 83' lang='grc'>(75)</span> <span class='ocrx_word' id='word_1_488' title='bbox 1010 3205 1279 3274; x_wconf 84' lang='lat' dir='ltr'><strong>cymbam,</strong></span> <span class='ocrx_word' id='word_1_489' title='bbox 1328 3214 1381 3259; x_wconf 90' lang='lat' dir='ltr'><strong>et</strong></span> <span class='ocrx_word' id='word_1_490' title='bbox 1409 3222 1599 3261; x_wconf 90' lang='lat' dir='ltr'><strong>rursus</strong></span> <span class='ocrx_word' id='word_1_491' title='bbox 1623 3209 1928 3276; x_wconf 80' lang='lat' dir='ltr'><strong>exonerari,</strong></span> 
     </span>
    </p>
   </div>
   <div class='ocr_carea' id='block_1_64' title="bbox 357 3289 1934 3368">
    <p class='ocr_par' dir='ltr' id='par_1_64' title="bbox 357 3289 1934 3368">
     <span class='ocr_line' id='line_1_64' title="bbox 357 3289 1934 3368; baseline 0.007 -25"><span class='ocrx_word' id='word_1_492' title='bbox 357 3289 487 3343; x_wconf 88' lang='lat' dir='ltr'><strong>dum</strong></span> <span class='ocrx_word' id='word_1_493' title='bbox 521 3290 842 3345; x_wconf 84' lang='lat' dir='ltr'><strong>hauriuntur</strong></span> <span class='ocrx_word' id='word_1_494' title='bbox 873 3307 969 3362; x_wconf 90' lang='lat' dir='ltr'><strong>per</strong></span> <span class='ocrx_word' id='word_1_495' title='bbox 997 3309 1188 3349; x_wconf 90' lang='lat' dir='ltr'><strong>urceos</strong></span> <span class='ocrx_word' id='word_1_496' title='bbox 1229 3296 1453 3361; x_wconf 63' lang='lat' dir='ltr'><strong>animae,</strong></span> <span class='ocrx_word' id='word_1_497' title='bbox 1497 3313 1779 3368; x_wconf 85' lang='lat' dir='ltr'><strong>usquequo</strong></span> <span class='ocrx_word' id='word_1_498' title='bbox 1809 3315 1934 3368; x_wconf 91' lang='lat' dir='ltr'><strong>par-</strong></span> 
     </span>
    </p>
   </div>
   <div class='ocr_carea' id='block_1_65' title="bbox 357 3385 1932 3458">
    <p class='ocr_par' dir='ltr' id='par_1_65' title="bbox 357 3385 1932 3458">
     <span class='ocr_line' id='line_1_65' title="bbox 357 3385 1932 3458; baseline 0.004 -21"><span class='ocrx_word' id='word_1_499' title='bbox 357 3390 465 3437; x_wconf 82' lang='lat' dir='ltr'><strong>tem</strong></span> <span class='ocrx_word' id='word_1_500' title='bbox 498 3399 649 3436; x_wconf 88' lang='lat' dir='ltr'><strong>suam</strong></span> <span class='ocrx_word' id='word_1_501' title='bbox 683 3385 950 3453; x_wconf 89' lang='lat' dir='ltr'><strong>propriam</strong></span> <span class='ocrx_word' id='word_1_502' title='bbox 981 3385 1170 3439; x_wconf 90' lang='lat' dir='ltr'><strong>liberet</strong></span> <span class='ocrx_word' id='word_1_503' title='bbox 1203 3386 1508 3440; x_wconf 89' lang='lat' dir='ltr'><strong>animarum</strong></span> <span class='ocrx_word' id='word_1_504' title='bbox 1541 3387 1671 3458; x_wconf 76' lang='grc'>(74).</span> <span class='ocrx_word' id='word_1_505' title='bbox 1705 3388 1779 3442; x_wconf 90' lang='lat' dir='ltr'><strong>De</strong></span> <span class='ocrx_word' id='word_1_506' title='bbox 1803 3391 1932 3444; x_wconf 90' lang='lat' dir='ltr'><strong>sub-</strong></span> 
     </span>
    </p>
   </div>
   <div class='ocr_carea' id='block_1_66' title="bbox 359 3474 1933 3550">
    <p class='ocr_par' dir='ltr' id='par_1_66' title="bbox 359 3474 1933 3550">
     <span class='ocr_line' id='line_1_66' title="bbox 359 3474 1933 3550; baseline 0.006 -21"><span class='ocrx_word' id='word_1_507' title='bbox 359 3474 554 3529; x_wconf 85' lang='lat' dir='ltr'><strong>stantia</strong></span> <span class='ocrx_word' id='word_1_508' title='bbox 608 3484 784 3528; x_wconf 86' lang='lat' dir='ltr'><strong>antem</strong></span> <span class='ocrx_word' id='word_1_509' title='bbox 819 3475 946 3528; x_wconf 87' lang='lat' dir='ltr'><strong>boni</strong></span> <span class='ocrx_word' id='word_1_510' title='bbox 979 3475 1152 3530; x_wconf 87' lang='lat' dir='ltr'><strong>Patris</strong></span> <span class='ocrx_word' id='word_1_511' title='bbox 1195 3492 1408 3531; x_wconf 91' lang='lat' dir='ltr'><strong>omnem</strong></span> <span class='ocrx_word' id='word_1_512' title='bbox 1454 3479 1726 3548; x_wconf 87' lang='lat' dir='ltr'><strong>animam,</strong></span> <span class='ocrx_word' id='word_1_513' title='bbox 1773 3490 1933 3550; x_wconf 89' lang='lat' dir='ltr'><strong>atque</strong></span> 
     </span>
    </p>
   </div>
   <div class='ocr_carea' id='block_1_67' title="bbox 358 3568 1932 3638">
    <p class='ocr_par' dir='ltr' id='par_1_67' title="bbox 358 3568 1932 3638">
     <span class='ocr_line' id='line_1_67' title="bbox 358 3568 1932 3638; baseline 0.004 -16"><span class='ocrx_word' id='word_1_514' title='bbox 358 3581 520 3622; x_wconf 90' lang='lat' dir='ltr'><strong>omne</strong></span> <span class='ocrx_word' id='word_1_515' title='bbox 543 3568 743 3620; x_wconf 89' lang='lat' dir='ltr'><strong>animal</strong></span> <span class='ocrx_word' id='word_1_516' title='bbox 775 3568 916 3636; x_wconf 88' lang='lat' dir='ltr'><strong>quod</strong></span> <span class='ocrx_word' id='word_1_517' title='bbox 951 3579 1214 3634; x_wconf 83' lang='lat' dir='ltr'><strong>movetur,</strong></span> <span class='ocrx_word' id='word_1_518' title='bbox 1251 3579 1457 3638; x_wconf 90' lang='lat' dir='ltr'><strong>partem</strong></span> <span class='ocrx_word' id='word_1_519' title='bbox 1485 3572 1697 3626; x_wconf 91' lang='lat' dir='ltr'><strong>trahere</strong></span> <span class='ocrx_word' id='word_1_520' title='bbox 1736 3573 1932 3628; x_wconf 85' lang='lat' dir='ltr'><strong>conﬁr-</strong></span> 
     </span>
    </p>
   </div>
   <div class='ocr_carea' id='block_1_68' title="bbox 361 3655 1928 3732">
    <p class='ocr_par' dir='ltr' id='par_1_68' title="bbox 361 3655 1928 3732">
     <span class='ocr_line' id='line_1_68' title="bbox 361 3655 1928 3732; baseline 0.004 -22"><span class='ocrx_word' id='word_1_521' title='bbox 361 3664 497 3710; x_wconf 89' lang='lat' dir='ltr'><strong>mat.</strong></span> <span class='ocrx_word' id='word_1_522' title='bbox 533 3655 665 3710; x_wconf 89' lang='lat' dir='ltr'><strong>Cum</strong></span> <span class='ocrx_word' id='word_1_523' title='bbox 699 3657 860 3725; x_wconf 76' lang='lat' dir='ltr'><strong>igitur</strong></span> <span class='ocrx_word' id='word_1_524' title='bbox 886 3657 1012 3711; x_wconf 88' lang='lat' dir='ltr'><strong>luna</strong></span> <span class='ocrx_word' id='word_1_525' title='bbox 1043 3673 1181 3712; x_wconf 91' lang='lat' dir='ltr'><strong>onus</strong></span> <span class='ocrx_word' id='word_1_526' title='bbox 1215 3661 1358 3728; x_wconf 89' lang='lat' dir='ltr'><strong>quod</strong></span> <span class='ocrx_word' id='word_1_527' title='bbox 1404 3661 1558 3728; x_wconf 73' lang='lat' dir='ltr'><strong>gerit,</strong></span> <span class='ocrx_word' id='word_1_528' title='bbox 1602 3661 1928 3732; x_wconf 90' lang='lat' dir='ltr'><strong>animarum,</strong></span> 
     </span>
    </p>
   </div>
   <div class='ocr_carea' id='block_1_69' title="bbox 363 3749 1929 3828">
    <p class='ocr_par' dir='ltr' id='par_1_69' title="bbox 363 3749 1929 3828">
     <span class='ocr_line' id='line_1_69' title="bbox 363 3749 1929 3828; baseline 0.006 -25"><span class='ocrx_word' id='word_1_529' title='bbox 363 3750 576 3804; x_wconf 72' lang='lat' dir='ltr'><strong>saaculis</strong></span> <span class='ocrx_word' id='word_1_530' title='bbox 614 3751 894 3804; x_wconf 88' lang='lat' dir='ltr'><strong>tradiderit</strong></span> <span class='ocrx_word' id='word_1_531' title='bbox 937 3749 1112 3805; x_wconf 87' lang='lat' dir='ltr'><strong>Patris</strong></span> <span class='ocrx_word' id='word_1_532' title='bbox 1139 3793 1152 3818; x_wconf 92' lang='lat'><strong>,</strong></span> <span class='ocrx_word' id='word_1_533' title='bbox 1203 3764 1520 3821; x_wconf 89' lang='lat' dir='ltr'><strong>permanent</strong></span> <span class='ocrx_word' id='word_1_534' title='bbox 1555 3755 1658 3810; x_wconf 83' lang='lat' dir='ltr'><strong>illae</strong></span> <span class='ocrx_word' id='word_1_535' title='bbox 1705 3756 1816 3828; x_wconf 83' lang='lat'><strong>(75)</strong></span> <span class='ocrx_word' id='word_1_536' title='bbox 1877 3759 1929 3812; x_wconf 89' lang='lat' dir='ltr'><strong>in</strong></span> 
     </span>
    </p>
   </div>
   <div class='ocr_carea' id='block_1_70' title="bbox 361 3841 1926 3920">
    <p class='ocr_par' dir='ltr' id='par_1_70' title="bbox 361 3841 1926 3920">
     <span class='ocr_line' id='line_1_70' title="bbox 361 3841 1926 3920; baseline 0.005 -23"><span class='ocrx_word' id='word_1_537' title='bbox 361 3841 616 3897; x_wconf 89' lang='lat' dir='ltr'><strong>columna</strong></span> <span class='ocrx_word' id='word_1_538' title='bbox 662 3841 873 3912; x_wconf 75' lang='lat' dir='ltr'><strong>gloriae,</strong></span> <span class='ocrx_word' id='word_1_539' title='bbox 928 3842 1072 3913; x_wconf 87' lang='lat' dir='ltr'><strong>quod</strong></span> <span class='ocrx_word' id='word_1_540' title='bbox 1120 3852 1344 3898; x_wconf 88' lang='lat' dir='ltr'><strong>vocatur</strong></span> <span class='ocrx_word' id='word_1_541' title='bbox 1373 3843 1466 3898; x_wconf 83' lang='lat' dir='ltr'><strong>Vir</strong></span> <span class='ocrx_word' id='word_1_542' title='bbox 1495 3845 1765 3915; x_wconf 84' lang='lat' dir='ltr'><strong>perfectus</strong></span> <span class='ocrx_word' id='word_1_543' title='bbox 1795 3849 1926 3920; x_wconf 87' lang='grc'>(76).</span> 
     </span>
    </p>
   </div>
   <div class='ocr_carea' id='block_1_71' title="bbox 434 4015 1924 4088">
    <p class='ocr_par' dir='ltr' id='par_1_71' title="bbox 434 4015 1924 4088">
     <span class='ocr_line' id='line_1_71' title="bbox 434 4015 1924 4088; baseline 0.005 -18"><span class='ocrx_word' id='word_1_544' title='bbox 434 4015 544 4088; x_wconf 87' lang='grc'>(60)</span> <span class='ocrx_word' id='word_1_545' title='bbox 584 4017 764 4072; x_wconf 82' lang='lat' dir='ltr'><strong>Codex</strong></span> <span class='ocrx_word' id='word_1_546' title='bbox 793 4019 1094 4088; x_wconf 83' lang='lat' dir='ltr'><strong>Bobiensis,</strong></span> <span class='ocrx_word' id='word_1_547' title='bbox 1128 4038 1146 4072; x_wconf 86' lang='grc'><strong><em>‹</em></strong></span> <span class='ocrx_word' id='word_1_548' title='bbox 1177 4021 1243 4077; x_wconf 90' lang='lat' dir='ltr'><strong>de</strong></span> <span class='ocrx_word' id='word_1_549' title='bbox 1277 4021 1476 4080; x_wconf 85' lang='lat' dir='ltr'><strong>ﬁnibus</strong></span> <span class='ocrx_word' id='word_1_550' title='bbox 1505 4023 1558 4078; x_wconf 89' lang='lat' dir='ltr'><strong>in</strong></span> <span class='ocrx_word' id='word_1_551' title='bbox 1589 4039 1683 4079; x_wconf 91' lang='lat' dir='ltr'><strong>cor</strong></span> <span class='ocrx_word' id='word_1_552' title='bbox 1705 4032 1877 4079; x_wconf 76' lang='lat' dir='ltr'><strong>terrae.</strong></span> <span class='ocrx_word' id='word_1_553' title='bbox 1905 4044 1924 4077; x_wconf 73' lang='grc' dir='ltr'><strong>ι</strong></span> 
     </span>
    </p>
   </div>
   <div class='ocr_carea' id='block_1_72' title="bbox 365 4085 1090 4158">
    <p class='ocr_par' dir='ltr' id='par_1_72' title="bbox 365 4085 1090 4158">
     <span class='ocr_line' id='line_1_72' title="bbox 365 4085 1090 4158; baseline 0.006 -18"><span class='ocrx_word' id='word_1_554' title='bbox 365 4085 457 4141; x_wconf 91' lang='lat' dir='ltr'><strong>Sic</strong></span> <span class='ocrx_word' id='word_1_555' title='bbox 489 4085 614 4158; x_wconf 76' lang='lat' dir='ltr'><strong>legit</strong></span> <span class='ocrx_word' id='word_1_556' title='bbox 645 4099 698 4142; x_wconf 91' lang='lat' dir='ltr'><strong>et</strong></span> <span class='ocrx_word' id='word_1_557' title='bbox 739 4085 1090 4158; x_wconf 76' lang='lat' dir='ltr'><strong>Epiphanius.</strong></span> 
     </span>
    </p>
   </div>
   <div class='ocr_carea' id='block_1_73' title="bbox 433 4157 1930 4234">
    <p class='ocr_par' dir='ltr' id='par_1_73' title="bbox 433 4157 1930 4234">
     <span class='ocr_line' id='line_1_73' title="bbox 433 4157 1930 4234; baseline 0.006 -24"><span class='ocrx_word' id='word_1_558' title='bbox 433 4157 558 4227; x_wconf 84' lang='grc'>(61)</span> <span class='ocrx_word' id='word_1_559' title='bbox 587 4159 730 4234; x_wconf 71' lang='lat' dir='ltr'><strong>Idem</strong></span> <span class='ocrx_word' id='word_1_560' title='bbox 769 4157 961 4234; x_wconf 80' lang='lat' dir='ltr'><strong>codex,</strong></span> <span class='ocrx_word' id='word_1_561' title='bbox 999 4180 1016 4212; x_wconf 76' lang='grc' dir='ltr'><strong>ι</strong></span> <span class='ocrx_word' id='word_1_562' title='bbox 1049 4162 1192 4234; x_wconf 77' lang='lat' dir='ltr'><strong>quod</strong></span> <span class='ocrx_word' id='word_1_563' title='bbox 1221 4163 1394 4229; x_wconf 86' lang='lat' dir='ltr'><strong>illum,</strong></span> <span class='ocrx_word' id='word_1_564' title='bbox 1429 4173 1487 4218; x_wconf 91' lang='lat' dir='ltr'><strong>ut</strong></span> <span class='ocrx_word' id='word_1_565' title='bbox 1515 4172 1748 4234; x_wconf 71' lang='lat' dir='ltr'><strong>pareret,</strong></span> <span class='ocrx_word' id='word_1_566' title='bbox 1778 4179 1930 4220; x_wconf 83' lang='lat' dir='ltr'><strong>coer-</strong></span> 
     </span>
    </p>
   </div>
   <div class='ocr_carea' id='block_1_74' title="bbox 358 4228 1926 4304">
    <p class='ocr_par' dir='ltr' id='par_1_74' title="bbox 358 4228 1926 4304">
     <span class='ocr_line' id='line_1_74' title="bbox 358 4228 1926 4304; baseline 0.004 -22"><span class='ocrx_word' id='word_1_567' title='bbox 358 4237 523 4304; x_wconf 76' lang='lat' dir='ltr'><strong>ceret.</strong></span> <span class='ocrx_word' id='word_1_568' title='bbox 535 4247 578 4304; x_wconf 48' lang='grc' dir='ltr'><em>λ</em></span> <span class='ocrx_word' id='word_1_569' title='bbox 615 4228 790 4304; x_wconf 64' lang='lat' dir='ltr'><strong>i’rava</strong></span> <span class='ocrx_word' id='word_1_570' title='bbox 829 4231 1004 4284; x_wconf 90' lang='lat' dir='ltr'><strong>lectio.</strong></span> <span class='ocrx_word' id='word_1_571' title='bbox 1063 4228 1198 4304; x_wconf 28' lang='lat' dir='ltr'><strong>llin‘c</strong></span> <span class='ocrx_word' id='word_1_572' title='bbox 1241 4228 1420 4304; x_wconf 83' lang='lat' dir='ltr'><strong>autem</strong></span> <span class='ocrx_word' id='word_1_573' title='bbox 1458 4228 1604 4304; x_wconf 73' lang='lat' dir='ltr'><strong>patet</strong></span> <span class='ocrx_word' id='word_1_574' title='bbox 1651 4228 1926 4289; x_wconf 86' lang='lat' dir='ltr'><strong>Petavium</strong></span> 
     </span>
    </p>
   </div>
   <div class='ocr_carea' id='block_1_75' title="bbox 361 4297 1929 4418">
    <p class='ocr_par' dir='ltr' id='par_1_75' title="bbox 361 4297 1929 4418">
     <span class='ocr_line' id='line_1_75' title="bbox 361 4297 1929 4418; baseline 0.009 -71"><span class='ocrx_word' id='word_1_575' title='bbox 361 4297 502 4418; x_wconf 55' lang='lat' dir='ltr'><strong>gpnd</strong></span> <span class='ocrx_word' id='word_1_576' title='bbox 535 4297 890 4416; x_wconf 50' lang='lat' dir='ltr'><strong>[Epiphanium</strong></span> <span class='ocrx_word' id='word_1_577' title='bbox 921 4317 1018 4370; x_wconf 88' lang='lat' dir='ltr'><strong>pro</strong></span> <span class='ocrx_word' id='word_1_578' title='bbox 1061 4301 1352 4371; x_wconf 76' lang='grc' dir='ltr'>ἐπιθυμίαν</span> <span class='ocrx_word' id='word_1_579' title='bbox 1377 4345 1392 4370; x_wconf 88' lang='grc'><strong>,</strong></span> <span class='ocrx_word' id='word_1_580' title='bbox 1428 4297 1572 4359; x_wconf 77' lang='lat' dir='ltr'><strong>recte</strong></span> <span class='ocrx_word' id='word_1_581' title='bbox 1615 4307 1929 4361; x_wconf 84' lang='lat' dir='ltr'><strong>emendasse</strong></span> 
     </span>
     <span class='ocr_line' id='line_1_76' title="bbox 395 4383 660 4418; baseline 0 0"><span class='ocrx_word' id='word_1_582' title='bbox 395 4383 551 4418; x_wconf 78' lang='grc' dir='ltr'>πιτιυ.</span> <span class='ocrx_word' id='word_1_583' title='bbox 577 4383 660 4418; x_wconf 77' lang='grc' dir='ltr'><strong>αν.</strong></span> 
     </span>
    </p>
   </div>
   <div class='ocr_carea' id='block_1_76' title="bbox 395 4383 660 4434">
    <p class='ocr_par' dir='ltr' id='par_1_76' title="bbox 395 4383 660 4434">
     <span class='ocr_line' id='line_1_77' title="bbox 395 4383 660 4434; baseline 0 -16"><span class='ocrx_word' id='word_1_584' title='bbox 395 4383 660 4434; x_wconf 85' lang='grc' dir='ltr'>πιτιμιαν.</span> 
     </span>
    </p>
   </div>
   <div class='ocr_carea' id='block_1_77' title="bbox 432 4435 1930 4507">
    <p class='ocr_par' dir='ltr' id='par_1_77' title="bbox 432 4435 1930 4507">
     <span class='ocr_line' id='line_1_78' title="bbox 432 4435 1930 4507; baseline 0.007 -21"><span class='ocrx_word' id='word_1_585' title='bbox 432 4435 542 4504; x_wconf 75' lang='grc'>(62)</span> <span class='ocrx_word' id='word_1_586' title='bbox 579 4436 780 4507; x_wconf 35' lang='lat' dir='ltr'><strong>CodexA</strong></span> <span class='ocrx_word' id='word_1_587' title='bbox 801 4437 1149 4502; x_wconf 78' lang='lat' dir='ltr'><strong>Casinensis,</strong></span> <span class='ocrx_word' id='word_1_588' title='bbox 1189 4459 1206 4490; x_wconf 79' lang='grc' dir='ltr'><strong>ι</strong></span> <span class='ocrx_word' id='word_1_589' title='bbox 1245 4439 1434 4495; x_wconf 68' lang='lat' dir='ltr'><strong>iuratae</strong></span> <span class='ocrx_word' id='word_1_590' title='bbox 1479 4450 1686 4507; x_wconf 88' lang='lat' dir='ltr'><strong>essent,</strong></span> <span class='ocrx_word' id='word_1_591' title='bbox 1728 4458 1930 4496; x_wconf 89' lang='lat' dir='ltr'><strong>convo-</strong></span> 
     </span>
    </p>
   </div>
   <div class='ocr_carea' id='block_1_78' title="bbox 361 4504 1926 4586">
    <p class='ocr_par' dir='ltr' id='par_1_78' title="bbox 361 4504 1926 4586">
     <span class='ocr_line' id='line_1_79' title="bbox 361 4504 1926 4586; baseline 0.006 -28"><span class='ocrx_word' id='word_1_592' title='bbox 361 4507 520 4586; x_wconf 77' lang='lat' dir='ltr'><strong>cavit.</strong></span> <span class='ocrx_word' id='word_1_593' title='bbox 560 4524 578 4556; x_wconf 64' lang='grc' dir='ltr'><strong>ι</strong></span> <span class='ocrx_word' id='word_1_594' title='bbox 613 4505 721 4560; x_wconf 77' lang='lat' dir='ltr'><strong>Nos</strong></span> <span class='ocrx_word' id='word_1_595' title='bbox 750 4504 1068 4562; x_wconf 90' lang='lat' dir='ltr'><strong>Bobiensem</strong></span> <span class='ocrx_word' id='word_1_596' title='bbox 1102 4509 1338 4564; x_wconf 87' lang='lat' dir='ltr'><strong>codicem</strong></span> <span class='ocrx_word' id='word_1_597' title='bbox 1369 4521 1422 4564; x_wconf 89' lang='lat' dir='ltr'><strong>ct</strong></span> <span class='ocrx_word' id='word_1_598' title='bbox 1447 4504 1808 4580; x_wconf 82' lang='lat' dir='ltr'><strong>Epiphaniam</strong></span> <span class='ocrx_word' id='word_1_599' title='bbox 1841 4528 1926 4568; x_wconf 82' lang='lat' dir='ltr'><strong>se-</strong></span> 
     </span>
    </p>
   </div>
   <div class='ocr_carea' id='block_1_79' title="bbox 360 4585 707 4630">
    <p class='ocr_par' dir='ltr' id='par_1_79' title="bbox 360 4585 707 4630">
     <span class='ocr_line' id='line_1_80' title="bbox 360 4585 707 4630; baseline -0.003 -1"><span class='ocrx_word' id='word_1_600' title='bbox 360 4585 468 4629; x_wconf 80' lang='lat' dir='ltr'><strong>cuti</strong></span> <span class='ocrx_word' id='word_1_601' title='bbox 500 4592 707 4630; x_wconf 89' lang='lat' dir='ltr'><strong>sumus.</strong></span> 
     </span>
    </p>
   </div>
   <div class='ocr_carea' id='block_1_80' title="bbox 433 4645 1928 4716">
    <p class='ocr_par' dir='ltr' id='par_1_80' title="bbox 433 4645 1928 4716">
     <span class='ocr_line' id='line_1_81' title="bbox 433 4645 1928 4716; baseline 0.007 -21"><span class='ocrx_word' id='word_1_602' title='bbox 433 4646 542 4716; x_wconf 69' lang='lat'><strong>(65)</strong></span> <span class='ocrx_word' id='word_1_603' title='bbox 583 4646 720 4699; x_wconf 82' lang='lat' dir='ltr'><strong>Male</strong></span> <span class='ocrx_word' id='word_1_604' title='bbox 746 4646 914 4700; x_wconf 81' lang='lat' dir='ltr'><strong>codex</strong></span> <span class='ocrx_word' id='word_1_605' title='bbox 950 4645 1251 4714; x_wconf 82' lang='lat' dir='ltr'><strong>Bobiensis,</strong></span> <span class='ocrx_word' id='word_1_606' title='bbox 1290 4667 1308 4700; x_wconf 75' lang='grc' dir='ltr'><strong>ι</strong></span> <span class='ocrx_word' id='word_1_607' title='bbox 1345 4659 1398 4703; x_wconf 83' lang='lat' dir='ltr'><strong>et</strong></span> <span class='ocrx_word' id='word_1_608' title='bbox 1431 4653 1572 4705; x_wconf 85' lang='lat' dir='ltr'><strong>vexit</strong></span> <span class='ocrx_word' id='word_1_609' title='bbox 1605 4651 1839 4705; x_wconf 81' lang='lat' dir='ltr'><strong>animam</strong></span> <span class='ocrx_word' id='word_1_610' title='bbox 1875 4653 1928 4706; x_wconf 91' lang='lat' dir='ltr'><strong>in</strong></span> 
     </span>
    </p>
   </div>
   <div class='ocr_carea' id='block_1_81' title="bbox 359 4719 1926 4790">
    <p class='ocr_par' dir='ltr' id='par_1_81' title="bbox 359 4719 1926 4790">
     <span class='ocr_line' id='line_1_82' title="bbox 359 4719 1926 4790; baseline 0.004 -20"><span class='ocrx_word' id='word_1_611' title='bbox 359 4729 536 4790; x_wconf 46' lang='grc' dir='ltr'>θος)</span> <span class='ocrx_word' id='word_1_612' title='bbox 589 4732 750 4785; x_wconf 88' lang='lat' dir='ltr'><strong>quam</strong></span> <span class='ocrx_word' id='word_1_613' title='bbox 797 4719 1222 4790; x_wconf 85' lang='lat' dir='ltr'><strong>lectioncmnon</strong></span> <span class='ocrx_word' id='word_1_614' title='bbox 1268 4721 1512 4790; x_wconf 84' lang='lat' dir='ltr'><strong>sequitur</strong></span> <span class='ocrx_word' id='word_1_615' title='bbox 1539 4721 1873 4790; x_wconf 85' lang='lat' dir='ltr'><strong>Epiphanius</strong></span> <span class='ocrx_word' id='word_1_616' title='bbox 1913 4740 1926 4776; x_wconf 93' lang='lat'>:</span> 
     </span>
    </p>
   </div>
   <div class='ocr_carea' id='block_1_82' title="bbox 361 4787 1931 4856">
    <p class='ocr_par' dir='ltr' id='par_1_82' title="bbox 361 4787 1931 4856">
     <span class='ocr_line' id='line_1_83' title="bbox 361 4787 1931 4856; baseline 0.003 -17"><span class='ocrx_word' id='word_1_617' title='bbox 361 4787 718 4854; x_wconf 69' lang='lat' dir='ltr'><strong>sulnliturtpie</strong></span> <span class='ocrx_word' id='word_1_618' title='bbox 767 4790 906 4856; x_wconf 89' lang='lat' dir='ltr'><strong>apud</strong></span> <span class='ocrx_word' id='word_1_619' title='bbox 940 4789 1222 4855; x_wconf 81' lang='lat' dir='ltr'><strong>euludem,</strong></span> <span class='ocrx_word' id='word_1_620' title='bbox 1264 4809 1282 4840; x_wconf 72' lang='grc' dir='ltr'><strong>ι</strong></span> <span class='ocrx_word' id='word_1_621' title='bbox 1329 4787 1394 4843; x_wconf 89' lang='lat' dir='ltr'><strong>Et</strong></span> <span class='ocrx_word' id='word_1_622' title='bbox 1427 4792 1539 4845; x_wconf 67' lang='lat' dir='ltr'><strong>haec</strong></span> <span class='ocrx_word' id='word_1_623' title='bbox 1585 4787 1931 4852; x_wconf 69' lang='lat' dir='ltr'><strong>cst-commi-</strong></span> 
     </span>
    </p>
   </div>
   <div class='ocr_carea' id='block_1_83' title="bbox 361 4855 1931 4926">
    <p class='ocr_par' dir='ltr' id='par_1_83' title="bbox 361 4855 1931 4926">
     <span class='ocr_line' id='line_1_84' title="bbox 361 4855 1931 4926; baseline 0.006 -20"><span class='ocrx_word' id='word_1_624' title='bbox 361 4855 550 4926; x_wconf 76' lang='lat' dir='ltr'><strong>stionis</strong></span> <span class='ocrx_word' id='word_1_625' title='bbox 599 4859 765 4922; x_wconf 78' lang='lat' dir='ltr'><strong>ratio;</strong></span> <span class='ocrx_word' id='word_1_626' title='bbox 806 4855 829 4908; x_wconf 55' lang='grc' dir='ltr'><strong>ι</strong></span> <span class='ocrx_word' id='word_1_627' title='bbox 869 4874 985 4926; x_wconf 70' lang='lat' dir='ltr'><strong>qua:</strong></span> <span class='ocrx_word' id='word_1_628' title='bbox 1037 4861 1198 4914; x_wconf 87' lang='lat' dir='ltr'><strong>verba</strong></span> <span class='ocrx_word' id='word_1_629' title='bbox 1235 4861 1300 4914; x_wconf 90' lang='lat' dir='ltr'><strong>de</strong></span> <span class='ocrx_word' id='word_1_630' title='bbox 1329 4877 1428 4916; x_wconf 86' lang='lat' dir='ltr'><strong>suo</strong></span> <span class='ocrx_word' id='word_1_631' title='bbox 1464 4861 1694 4916; x_wconf 82' lang='lat' dir='ltr'><strong>fortasse</strong></span> <span class='ocrx_word' id='word_1_632' title='bbox 1725 4863 1931 4917; x_wconf 89' lang='lat' dir='ltr'><strong>addidit</strong></span> 
     </span>
    </p>
   </div>
   <div class='ocr_carea' id='block_1_84' title="bbox 361 4923 714 4994">
    <p class='ocr_par' dir='ltr' id='par_1_84' title="bbox 361 4923 714 4994">
     <span class='ocr_line' id='line_1_85' title="bbox 361 4923 714 4994; baseline 0.014 -18"><span class='ocrx_word' id='word_1_633' title='bbox 361 4923 714 4994; x_wconf 81' lang='lat' dir='ltr'><strong>Epiphanius.</strong></span> 
     </span>
    </p>
   </div>
   <div class='ocr_carea' id='block_1_85' title="bbox 435 4995 1510 5066">
    <p class='ocr_par' dir='ltr' id='par_1_85' title="bbox 435 4995 1510 5066">
     <span class='ocr_line' id='line_1_86' title="bbox 435 4995 1510 5066; baseline 0.011 -23"><span class='ocrx_word' id='word_1_634' title='bbox 435 4995 544 5064; x_wconf 65' lang='grc'>(64.1</span> <span class='ocrx_word' id='word_1_635' title='bbox 586 4997 762 5066; x_wconf 69' lang='lat' dir='ltr'><strong>Codex</strong></span> <span class='ocrx_word' id='word_1_636' title='bbox 803 4995 1106 5066; x_wconf 74' lang='lat' dir='ltr'><strong>Bobiensis,</strong></span> <span class='ocrx_word' id='word_1_637' title='bbox 1145 5018 1162 5050; x_wconf 75' lang='grc' dir='ltr'><strong>ι</strong></span> <span class='ocrx_word' id='word_1_638' title='bbox 1197 5000 1287 5066; x_wconf 86' lang='lat' dir='ltr'><strong>qui</strong></span> <span class='ocrx_word' id='word_1_639' title='bbox 1322 5009 1424 5054; x_wconf 82' lang='lat' dir='ltr'><strong>cst.</strong></span> <span class='ocrx_word' id='word_1_640' title='bbox 1467 5022 1510 5056; x_wconf 74' lang='grc' dir='ltr'>ι.</span> 
     </span>
    </p>
   </div>
   <div class='ocr_carea' id='block_1_86' title="bbox 430 5057 1976 5140">
    <p class='ocr_par' dir='ltr' id='par_1_86' title="bbox 430 5057 1976 5140">
     <span class='ocr_line' id='line_1_87' title="bbox 430 5057 1976 5140; baseline 0.008 -26"><span class='ocrx_word' id='word_1_641' title='bbox 430 5057 541 5140; x_wconf 58' lang='grc'>(66)</span> <span class='ocrx_word' id='word_1_642' title='bbox 577 5065 656 5140; x_wconf 76' lang='lat' dir='ltr'><strong>ita</strong></span> <span class='ocrx_word' id='word_1_643' title='bbox 688 5067 811 5140; x_wconf 63' lang='lat' dir='ltr'><strong>cod.</strong></span> <span class='ocrx_word' id='word_1_644' title='bbox 836 5057 1138 5134; x_wconf 84' lang='lat' dir='ltr'><strong>Bobiensis,</strong></span> <span class='ocrx_word' id='word_1_645' title='bbox 1169 5057 1228 5123; x_wconf 51' lang='lat' dir='ltr'><strong>et&#39;</strong></span> <span class='ocrx_word' id='word_1_646' title='bbox 1247 5069 1598 5140; x_wconf 85' lang='lat' dir='ltr'><strong>Epiphanius.</strong></span> <span class='ocrx_word' id='word_1_647' title='bbox 1617 5070 1930 5126; x_wconf 86' lang='lat' dir='ltr'><strong>Casinensis</strong></span> <span class='ocrx_word' id='word_1_648' title='bbox 1969 5057 1976 5066; x_wconf 60' lang='grc'><strong>’</strong></span> 
     </span>
    </p>
   </div>
   <div class='ocr_carea' id='block_1_87' title="bbox 360 5135 1070 5191">
    <p class='ocr_par' dir='ltr' id='par_1_87' title="bbox 360 5135 1070 5191">
     <span class='ocr_line' id='line_1_88' title="bbox 360 5135 1070 5191; baseline 0.008 -6"><span class='ocrx_word' id='word_1_649' title='bbox 360 5147 468 5186; x_wconf 89' lang='lat' dir='ltr'><strong>non</strong></span> <span class='ocrx_word' id='word_1_650' title='bbox 503 5135 661 5188; x_wconf 77' lang='lat' dir='ltr'><strong>habet</strong></span> <span class='ocrx_word' id='word_1_651' title='bbox 693 5155 708 5185; x_wconf 80' lang='grc' dir='ltr'><strong>ι</strong></span> <span class='ocrx_word' id='word_1_652' title='bbox 743 5137 1015 5191; x_wconf 85' lang='lat' dir='ltr'><strong>dilectum.</strong></span> <span class='ocrx_word' id='word_1_653' title='bbox 1052 5157 1070 5190; x_wconf 83' lang='grc'><strong>›</strong></span> 
     </span>
    </p>
   </div>
   <div class='ocr_carea' id='block_1_88' title="bbox 437 5203 1934 5280">
    <p class='ocr_par' dir='ltr' id='par_1_88' title="bbox 437 5203 1934 5280">
     <span class='ocr_line' id='line_1_89' title="bbox 437 5203 1934 5280; baseline 0.005 -26"><span class='ocrx_word' id='word_1_654' title='bbox 437 5203 550 5280; x_wconf 74' lang='grc'>(66)</span> <span class='ocrx_word' id='word_1_655' title='bbox 587 5203 823 5280; x_wconf 70' lang='lat' dir='ltr'><strong>Uterque</strong></span> <span class='ocrx_word' id='word_1_656' title='bbox 855 5209 1042 5272; x_wconf 79' lang='lat' dir='ltr'><strong>codex,</strong></span> <span class='ocrx_word' id='word_1_657' title='bbox 1079 5227 1096 5258; x_wconf 76' lang='grc' dir='ltr'><strong>ι</strong></span> <span class='ocrx_word' id='word_1_658' title='bbox 1129 5217 1178 5263; x_wconf 91' lang='lat' dir='ltr'><strong>et</strong></span> <span class='ocrx_word' id='word_1_659' title='bbox 1209 5209 1446 5278; x_wconf 88' lang='lat' dir='ltr'><strong>parebat.</strong></span> <span class='ocrx_word' id='word_1_660' title='bbox 1485 5229 1504 5261; x_wconf 72' lang='grc' dir='ltr'><strong>ι</strong></span> <span class='ocrx_word' id='word_1_661' title='bbox 1541 5209 1646 5264; x_wconf 89' lang='lat' dir='ltr'><strong>Sed</strong></span> <span class='ocrx_word' id='word_1_662' title='bbox 1677 5226 1776 5266; x_wconf 90' lang='lat' dir='ltr'><strong>nos</strong></span> <span class='ocrx_word' id='word_1_663' title='bbox 1808 5209 1934 5280; x_wconf 89' lang='lat' dir='ltr'><strong>Epi-</strong></span> 
     </span>
    </p>
   </div>
   <div class='ocr_carea' id='block_1_89' title="bbox 368 5273 1255 5344">
    <p class='ocr_par' dir='ltr' id='par_1_89' title="bbox 368 5273 1255 5344">
     <span class='ocr_line' id='line_1_90' title="bbox 368 5273 1255 5344; baseline 0.007 -20"><span class='ocrx_word' id='word_1_664' title='bbox 368 5273 554 5342; x_wconf 89' lang='lat' dir='ltr'><strong>phanii</strong></span> <span class='ocrx_word' id='word_1_665' title='bbox 585 5273 866 5328; x_wconf 85' lang='lat' dir='ltr'><strong>lectionem</strong></span> <span class='ocrx_word' id='word_1_666' title='bbox 905 5273 1255 5344; x_wconf 68' lang='lat' dir='ltr'><strong>prmtulimus.</strong></span> 
     </span>
    </p>
   </div>
   <div class='ocr_carea' id='block_1_90' title="bbox 443 5344 1935 5419">
    <p class='ocr_par' dir='ltr' id='par_1_90' title="bbox 443 5344 1935 5419">
     <span class='ocr_line' id='line_1_91' title="bbox 443 5344 1935 5419; baseline 0.005 -23"><span class='ocrx_word' id='word_1_667' title='bbox 443 5344 552 5410; x_wconf 78' lang='grc'>(67)</span> <span class='ocrx_word' id='word_1_668' title='bbox 593 5345 772 5398; x_wconf 77' lang='lat' dir='ltr'><strong>Codex</strong></span> <span class='ocrx_word' id='word_1_669' title='bbox 804 5345 1104 5414; x_wconf 84' lang='lat' dir='ltr'><strong>Bubiensis,</strong></span> <span class='ocrx_word' id='word_1_670' title='bbox 1135 5353 1394 5417; x_wconf 82' lang='lat' dir='ltr'><strong>probante</strong></span> <span class='ocrx_word' id='word_1_671' title='bbox 1422 5349 1742 5418; x_wconf 87' lang='lat' dir='ltr'><strong>Epiphanio,</strong></span> <span class='ocrx_word' id='word_1_672' title='bbox 1779 5369 1796 5401; x_wconf 86' lang='grc'><strong>‹</strong></span> <span class='ocrx_word' id='word_1_673' title='bbox 1837 5367 1935 5419; x_wconf 89' lang='lat' dir='ltr'><strong>pu-</strong></span> 
     </span>
    </p>
   </div>
   <div class='ocr_carea' id='block_1_91' title="bbox 371 5415 1933 5486">
    <p class='ocr_par' dir='ltr' id='par_1_91' title="bbox 371 5415 1933 5486">
     <span class='ocr_line' id='line_1_92' title="bbox 371 5415 1933 5486; baseline 0.005 -21"><span class='ocrx_word' id='word_1_674' title='bbox 371 5415 553 5467; x_wconf 85' lang='lat' dir='ltr'><strong>tabant</strong></span> <span class='ocrx_word' id='word_1_675' title='bbox 580 5431 704 5468; x_wconf 89' lang='lat' dir='ltr'><strong>cum</strong></span> <span class='ocrx_word' id='word_1_676' title='bbox 735 5428 918 5469; x_wconf 84' lang='lat' dir='ltr'><strong>natum</strong></span> <span class='ocrx_word' id='word_1_677' title='bbox 949 5434 1085 5474; x_wconf 79' lang='lat' dir='ltr'><strong>esse.</strong></span> <span class='ocrx_word' id='word_1_678' title='bbox 1124 5415 1148 5470; x_wconf 66' lang='grc'><em>5</em></span> <span class='ocrx_word' id='word_1_679' title='bbox 1181 5415 1492 5474; x_wconf 78' lang='lat' dir='ltr'><strong>Casinensis</strong></span> <span class='ocrx_word' id='word_1_680' title='bbox 1521 5415 1680 5486; x_wconf 82' lang='lat' dir='ltr'><strong>male,</strong></span> <span class='ocrx_word' id='word_1_681' title='bbox 1721 5439 1737 5471; x_wconf 78' lang='grc' dir='ltr'><strong>ι</strong></span> <span class='ocrx_word' id='word_1_682' title='bbox 1773 5415 1933 5474; x_wconf 70' lang='lat' dir='ltr'><strong>natu-</strong></span> 
     </span>
    </p>
   </div>
   <div class='ocr_carea' id='block_1_92' title="bbox 369 5499 707 5538">
    <p class='ocr_par' dir='ltr' id='par_1_92' title="bbox 369 5499 707 5538">
     <span class='ocr_line' id='line_1_93' title="bbox 369 5499 707 5538; baseline 0 -2"><span class='ocrx_word' id='word_1_683' title='bbox 369 5499 481 5536; x_wconf 82' lang='lat' dir='ltr'><strong>ram</strong></span> <span class='ocrx_word' id='word_1_684' title='bbox 510 5499 646 5538; x_wconf 85' lang='lat' dir='ltr'><strong>esse.</strong></span> <span class='ocrx_word' id='word_1_685' title='bbox 689 5505 707 5536; x_wconf 67' lang='grc' dir='ltr'><strong>ι</strong></span> 
     </span>
    </p>
   </div>
   <div class='ocr_carea' id='block_1_93' title="bbox 443 5555 1935 5628">
    <p class='ocr_par' dir='ltr' id='par_1_93' title="bbox 443 5555 1935 5628">
     <span class='ocr_line' id='line_1_94' title="bbox 443 5555 1935 5628; baseline 0.005 -24"><span class='ocrx_word' id='word_1_686' title='bbox 443 5555 552 5628; x_wconf 30' lang='grc'>(68.)</span> <span class='ocrx_word' id='word_1_687' title='bbox 592 5555 770 5628; x_wconf 86' lang='lat' dir='ltr'><strong>Codex</strong></span> <span class='ocrx_word' id='word_1_688' title='bbox 807 5557 1106 5628; x_wconf 57' lang='lat' dir='ltr'><strong>Eobiensis.</strong></span> <span class='ocrx_word' id='word_1_689' title='bbox 1143 5576 1160 5608; x_wconf 77' lang='grc' dir='ltr'><strong>ι</strong></span> <span class='ocrx_word' id='word_1_690' title='bbox 1194 5557 1596 5613; x_wconf 86' lang='lat' dir='ltr'><strong>concinnatum.</strong></span> <span class='ocrx_word' id='word_1_691' title='bbox 1639 5577 1657 5608; x_wconf 79' lang='grc'><strong>›</strong></span> <span class='ocrx_word' id='word_1_692' title='bbox 1696 5557 1935 5628; x_wconf 82' lang='lat' dir='ltr'><strong>Epipha-</strong></span> 
     </span>
    </p>
   </div>
   <div class='ocr_carea' id='block_1_94' title="bbox 369 5623 1936 5696">
    <p class='ocr_par' dir='ltr' id='par_1_94' title="bbox 369 5623 1936 5696">
     <span class='ocr_line' id='line_1_95' title="bbox 369 5623 1936 5696; baseline 0.006 -23"><span class='ocrx_word' id='word_1_693' title='bbox 369 5623 494 5675; x_wconf 80' lang='lat' dir='ltr'><strong>nius</strong></span> <span class='ocrx_word' id='word_1_694' title='bbox 527 5623 726 5696; x_wconf 77' lang='lat' dir='ltr'><strong>habet:</strong></span> <span class='ocrx_word' id='word_1_695' title='bbox 763 5645 780 5676; x_wconf 85' lang='grc'>‹</span> <span class='ocrx_word' id='word_1_696' title='bbox 819 5624 1048 5680; x_wconf 85' lang='lat' dir='ltr'><strong>Veniens</strong></span> <span class='ocrx_word' id='word_1_697' title='bbox 1077 5628 1236 5696; x_wconf 76' lang='lat' dir='ltr'><strong>igitur</strong></span> <span class='ocrx_word' id='word_1_698' title='bbox 1265 5643 1401 5696; x_wconf 88' lang='lat' dir='ltr'><strong>opus</strong></span> <span class='ocrx_word' id='word_1_699' title='bbox 1432 5629 1698 5696; x_wconf 82' lang='lat' dir='ltr'><strong>quoddam</strong></span> <span class='ocrx_word' id='word_1_700' title='bbox 1729 5623 1936 5682; x_wconf 34' lang='lat' dir='ltr'><strong>aid—ani-</strong></span> 
     </span>
    </p>
   </div>
   <div class='ocr_carea' id='block_1_95' title="bbox 372 5695 1934 5760">
    <p class='ocr_par' dir='ltr' id='par_1_95' title="bbox 372 5695 1934 5760">
     <span class='ocr_line' id='line_1_96' title="bbox 372 5695 1934 5760; baseline 0.004 -16"><span class='ocrx_word' id='word_1_701' title='bbox 372 5707 582 5744; x_wconf 85' lang='lat' dir='ltr'><strong>marum</strong></span> <span class='ocrx_word' id='word_1_702' title='bbox 616 5695 840 5749; x_wconf 81' lang='lat' dir='ltr'><strong>salutem</strong></span> <span class='ocrx_word' id='word_1_703' title='bbox 879 5695 1108 5750; x_wconf 88' lang='lat' dir='ltr'><strong>molitus</strong></span> <span class='ocrx_word' id='word_1_704' title='bbox 1125 5708 1227 5760; x_wconf 87' lang='lat' dir='ltr'><strong>est,</strong></span> <span class='ocrx_word' id='word_1_705' title='bbox 1263 5695 1315 5750; x_wconf 82' lang='lat' dir='ltr'><strong>et</strong></span> <span class='ocrx_word' id='word_1_706' title='bbox 1349 5695 1652 5751; x_wconf 84' lang='lat' dir='ltr'><strong>machinam</strong></span> <span class='ocrx_word' id='word_1_707' title='bbox 1687 5708 1934 5752; x_wconf 88' lang='lat' dir='ltr'><strong>constru-</strong></span> 
     </span>
    </p>
   </div>
   <div class='ocr_carea' id='block_1_96' title="bbox 353 5762 1934 5846">
    <p class='ocr_par' dir='ltr' id='par_1_96' title="bbox 353 5762 1934 5846">
     <span class='ocr_line' id='line_1_97' title="bbox 353 5762 1934 5846; baseline 0.003 -28"><span class='ocrx_word' id='word_1_708' title='bbox 353 5762 472 5846; x_wconf 47' lang='grc' dir='ltr'><strong>μὴ,</strong></span> <span class='ocrx_word' id='word_1_709' title='bbox 501 5764 663 5819; x_wconf 87' lang='lat' dir='ltr'><strong>cados</strong></span> <span class='ocrx_word' id='word_1_710' title='bbox 689 5765 972 5820; x_wconf 84' lang='lat' dir='ltr'><strong>duodecim</strong></span> <span class='ocrx_word' id='word_1_711' title='bbox 1009 5767 1316 5836; x_wconf 82' lang='lat' dir='ltr'><strong>habentem,</strong></span> <span class='ocrx_word' id='word_1_712' title='bbox 1349 5783 1468 5837; x_wconf 75' lang='lat' dir='ltr'><strong>qua:</strong></span> <span class='ocrx_word' id='word_1_713' title='bbox 1497 5787 1524 5822; x_wconf 88' lang='lat' dir='ltr'><strong>a</strong></span> <span class='ocrx_word' id='word_1_714' title='bbox 1562 5770 1772 5838; x_wconf 61' lang='lat' dir='ltr'><strong>sphaera</strong></span> <span class='ocrx_word' id='word_1_715' title='bbox 1799 5785 1934 5824; x_wconf 88' lang='lat' dir='ltr'><strong>con-</strong></span> 
     </span>
    </p>
   </div>
   <div class='ocr_carea' id='block_1_97' title="bbox 1960 4483 2008 4542">
    <p class='ocr_par' dir='ltr' id='par_1_97' title="bbox 1960 4483 2008 4542">
     <span class='ocr_line' id='line_1_98' title="bbox 1960 4483 2008 4542; baseline 0 0"><span class='ocrx_word' id='word_1_716' title='bbox 1960 4483 2008 4542; x_wconf 91' lang='lat' dir='ltr'><strong>D</strong></span> 
     </span>
    </p>
   </div>
   <div class='ocr_carea' id='block_1_98' title="bbox 2033 3201 3606 3276">
    <p class='ocr_par' dir='ltr' id='par_1_98' title="bbox 2033 3201 3606 3276">
     <span class='ocr_line' id='line_1_99' title="bbox 2033 3201 3606 3276; baseline -0.001 -21"><span class='ocrx_word' id='word_1_717' title='bbox 2033 3201 2116 3256; x_wconf 90' lang='grc' dir='ltr'><strong>λιν</strong></span> <span class='ocrx_word' id='word_1_718' title='bbox 2141 3203 2410 3274; x_wconf 83' lang='grc' dir='ltr'>ἀπογομοῖ</span> <span class='ocrx_word' id='word_1_719' title='bbox 2433 3203 2792 3276; x_wconf 84' lang='grc' dir='ltr'>ἅνιμωμένων</span> <span class='ocrx_word' id='word_1_720' title='bbox 2824 3204 2927 3257; x_wconf 83' lang='grc' dir='ltr'><strong>ὑπὸ</strong></span> <span class='ocrx_word' id='word_1_721' title='bbox 2974 3203 3080 3257; x_wconf 81' lang='grc' dir='ltr'>τῶν</span> <span class='ocrx_word' id='word_1_722' title='bbox 3131 3203 3309 3257; x_wconf 82' lang='grc' dir='ltr'>κάδων</span> <span class='ocrx_word' id='word_1_723' title='bbox 3341 3202 3451 3255; x_wconf 78' lang='grc' dir='ltr'><strong>τῶν</strong></span> <span class='ocrx_word' id='word_1_724' title='bbox 3505 3203 3606 3272; x_wconf 68' lang='grc' dir='ltr'><strong>ψυ-</strong></span> 
     </span>
    </p>
   </div>
   <div class='ocr_carea' id='block_1_99' title="bbox 2033 3291 3602 3369">
    <p class='ocr_par' dir='ltr' id='par_1_99' title="bbox 2033 3291 3602 3369">
     <span class='ocr_line' id='line_1_100' title="bbox 2033 3291 3602 3369; baseline 0.006 -20"><span class='ocrx_word' id='word_1_725' title='bbox 2033 3299 2161 3368; x_wconf 84' lang='grc' dir='ltr'>χῶν,</span> <span class='ocrx_word' id='word_1_726' title='bbox 2197 3299 2354 3369; x_wconf 81' lang='grc' dir='ltr'>ἄχρις</span> <span class='ocrx_word' id='word_1_727' title='bbox 2389 3291 2449 3351; x_wconf 69' lang='grc' dir='ltr'><strong>οὗ</strong></span> <span class='ocrx_word' id='word_1_728' title='bbox 2469 3298 2528 3351; x_wconf 78' lang='grc' dir='ltr'>τὸ</span> <span class='ocrx_word' id='word_1_729' title='bbox 2551 3298 2677 3352; x_wconf 78' lang='grc' dir='ltr'>ἴδιον</span> <span class='ocrx_word' id='word_1_730' title='bbox 2706 3297 2871 3350; x_wconf 75' lang='grc' dir='ltr'>αὑτοῦ</span> <span class='ocrx_word' id='word_1_731' title='bbox 2899 3298 3059 3369; x_wconf 81' lang='grc' dir='ltr'>μέρος</span> <span class='ocrx_word' id='word_1_732' title='bbox 3087 3295 3246 3348; x_wconf 82' lang='grc' dir='ltr'>σώσει</span> <span class='ocrx_word' id='word_1_733' title='bbox 3275 3296 3374 3366; x_wconf 80' lang='grc' dir='ltr'>τῆς</span> <span class='ocrx_word' id='word_1_734' title='bbox 3403 3295 3602 3366; x_wconf 68' lang='grc' dir='ltr'><strong>ψυχῆς.</strong></span> 
     </span>
    </p>
   </div>
   <div class='ocr_carea' id='block_1_100' title="bbox 2033 3375 3606 3461">
    <p class='ocr_par' dir='ltr' id='par_1_100' title="bbox 2033 3375 3606 3461">
     <span class='ocr_line' id='line_1_101' title="bbox 2033 3375 3606 3461; baseline 0.001 -20"><span class='ocrx_word' id='word_1_735' title='bbox 2033 3389 2144 3458; x_wconf 80' lang='grc' dir='ltr'>Τῆς</span> <span class='ocrx_word' id='word_1_736' title='bbox 2167 3389 2272 3460; x_wconf 82' lang='grc' dir='ltr'><strong>γὰρ</strong></span> <span class='ocrx_word' id='word_1_737' title='bbox 2315 3388 2409 3442; x_wconf 78' lang='grc' dir='ltr'>τοῦ</span> <span class='ocrx_word' id='word_1_738' title='bbox 2455 3375 2662 3457; x_wconf 79' lang='grc' dir='ltr'>ἀγαθοῦ</span> <span class='ocrx_word' id='word_1_739' title='bbox 2695 3391 2907 3461; x_wconf 79' lang='grc' dir='ltr'>Πατρὸς</span> <span class='ocrx_word' id='word_1_740' title='bbox 2961 3389 3145 3452; x_wconf 84' lang='grc' dir='ltr'>οὐσίας</span> <span class='ocrx_word' id='word_1_741' title='bbox 3192 3391 3373 3442; x_wconf 80' lang='grc' dir='ltr'>πᾶσαν</span> <span class='ocrx_word' id='word_1_742' title='bbox 3401 3390 3606 3460; x_wconf 70' lang='grc' dir='ltr'>ψυχὴν,</span> 
     </span>
    </p>
   </div>
   <div class='ocr_carea' id='block_1_101' title="bbox 2031 3478 3606 3552">
    <p class='ocr_par' dir='ltr' id='par_1_101' title="bbox 2031 3478 3606 3552">
     <span class='ocr_line' id='line_1_102' title="bbox 2031 3478 3606 3552; baseline 0.001 -19"><span class='ocrx_word' id='word_1_743' title='bbox 2031 3481 2126 3534; x_wconf 74' lang='grc' dir='ltr'><strong>καὶ</strong></span> <span class='ocrx_word' id='word_1_744' title='bbox 2165 3483 2272 3535; x_wconf 80' lang='grc' dir='ltr'>πᾶν</span> <span class='ocrx_word' id='word_1_745' title='bbox 2294 3481 2607 3552; x_wconf 85' lang='grc' dir='ltr'>κινούμενον</span> <span class='ocrx_word' id='word_1_746' title='bbox 2640 3480 2772 3546; x_wconf 79' lang='grc' dir='ltr'><strong>ζῶον</strong></span> <span class='ocrx_word' id='word_1_747' title='bbox 2805 3481 3052 3552; x_wconf 82' lang='grc' dir='ltr'>μετέχειν</span> <span class='ocrx_word' id='word_1_748' title='bbox 3071 3481 3236 3550; x_wconf 82' lang='grc' dir='ltr'>λέγει.</span> <span class='ocrx_word' id='word_1_749' title='bbox 3255 3482 3368 3551; x_wconf 80' lang='grc' dir='ltr'><strong>Τῆς</strong></span> <span class='ocrx_word' id='word_1_750' title='bbox 3395 3478 3488 3535; x_wconf 72' lang='grc' dir='ltr'><strong>οὖν</strong></span> <span class='ocrx_word' id='word_1_751' title='bbox 3525 3500 3606 3535; x_wconf 84' lang='grc' dir='ltr'>σε·</span> 
     </span>
    </p>
   </div>
   <div class='ocr_carea' id='block_1_102' title="bbox 2030 3570 3602 3644">
    <p class='ocr_par' dir='ltr' id='par_1_102' title="bbox 2030 3570 3602 3644">
     <span class='ocr_line' id='line_1_103' title="bbox 2030 3570 3602 3644; baseline -0.007 -18"><span class='ocrx_word' id='word_1_752' title='bbox 2030 3570 2196 3644; x_wconf 84' lang='grc' dir='ltr'>λήνης</span> <span class='ocrx_word' id='word_1_753' title='bbox 2223 3571 2604 3643; x_wconf 78' lang='grc' dir='ltr'>μεταδιδοὺσης</span> <span class='ocrx_word' id='word_1_754' title='bbox 2623 3573 2711 3624; x_wconf 77' lang='grc' dir='ltr'><strong>τὸν</strong></span> <span class='ocrx_word' id='word_1_755' title='bbox 2749 3573 2916 3642; x_wconf 76' lang='grc' dir='ltr'>γόμον</span> <span class='ocrx_word' id='word_1_756' title='bbox 2941 3571 3047 3628; x_wconf 84' lang='grc' dir='ltr'>τῶν</span> <span class='ocrx_word' id='word_1_757' title='bbox 3077 3571 3262 3642; x_wconf 71' lang='grc' dir='ltr'>ψυχῶν</span> <span class='ocrx_word' id='word_1_758' title='bbox 3292 3575 3408 3635; x_wconf 75' lang='grc' dir='ltr'>τοῖς</span> <span class='ocrx_word' id='word_1_759' title='bbox 3441 3571 3602 3625; x_wconf 66' lang='grc' dir='ltr'><strong>αξῶπ</strong></span> 
     </span>
    </p>
   </div>
   <div class='ocr_carea' id='block_1_103' title="bbox 2029 3661 3608 3736">
    <p class='ocr_par' dir='ltr' id='par_1_103' title="bbox 2029 3661 3608 3736">
     <span class='ocr_line' id='line_1_104' title="bbox 2029 3661 3608 3736; baseline -0.001 -18"><span class='ocrx_word' id='word_1_760' title='bbox 2029 3665 2122 3718; x_wconf 77' lang='grc' dir='ltr'>τοῦ</span> <span class='ocrx_word' id='word_1_761' title='bbox 2147 3666 2378 3736; x_wconf 78' lang='grc' dir='ltr'>Πατρὸς,</span> <span class='ocrx_word' id='word_1_762' title='bbox 2408 3664 2812 3734; x_wconf 83' lang='grc' dir='ltr'>παραμένουσιν</span> <span class='ocrx_word' id='word_1_763' title='bbox 2837 3665 2895 3716; x_wconf 79' lang='grc' dir='ltr'>ὲν</span> <span class='ocrx_word' id='word_1_764' title='bbox 2927 3661 3003 3733; x_wconf 79' lang='grc' dir='ltr'>τῷ</span> <span class='ocrx_word' id='word_1_765' title='bbox 3021 3663 3193 3735; x_wconf 78' lang='grc' dir='ltr'>στύλῳ</span> <span class='ocrx_word' id='word_1_766' title='bbox 3223 3666 3320 3734; x_wconf 81' lang='grc' dir='ltr'>τῆς</span> <span class='ocrx_word' id='word_1_767' title='bbox 3348 3664 3530 3735; x_wconf 72' lang='grc' dir='ltr'>δόξης,</span> <span class='ocrx_word' id='word_1_768' title='bbox 3548 3665 3608 3729; x_wconf 63' lang='grc' dir='ltr'>ὃς</span> 
     </span>
    </p>
   </div>
   <div class='ocr_carea' id='block_1_104' title="bbox 2031 3747 3606 3826">
    <p class='ocr_par' dir='ltr' id='par_1_104' title="bbox 2031 3747 3606 3826">
     <span class='ocr_line' id='line_1_105' title="bbox 2031 3747 3606 3826; baseline 0.001 -18"><span class='ocrx_word' id='word_1_769' title='bbox 2031 3756 2272 3808; x_wconf 81' lang='grc' dir='ltr'>καλεῖται</span> <span class='ocrx_word' id='word_1_770' title='bbox 2296 3756 2400 3826; x_wconf 79' lang='grc' dir='ltr'><strong>ἀὴρ</strong></span> <span class='ocrx_word' id='word_1_771' title='bbox 2433 3757 2460 3807; x_wconf 86' lang='grc' dir='ltr'>ὁ</span> <span class='ocrx_word' id='word_1_772' title='bbox 2501 3753 2724 3817; x_wconf 84' lang='grc' dir='ltr'>τέλειος.</span> <span class='ocrx_word' id='word_1_773' title='bbox 2745 3755 2801 3806; x_wconf 83' lang='grc' dir='ltr'>Ὀ</span> <span class='ocrx_word' id='word_1_774' title='bbox 2827 3753 2881 3805; x_wconf 77' lang='grc' dir='ltr'><strong>δὲ</strong></span> <span class='ocrx_word' id='word_1_775' title='bbox 2915 3753 3022 3825; x_wconf 80' lang='grc' dir='ltr'>ἀὴρ</span> <span class='ocrx_word' id='word_1_776' title='bbox 3060 3747 3214 3816; x_wconf 75' lang='grc' dir='ltr'>οὗτος</span> <span class='ocrx_word' id='word_1_777' title='bbox 3254 3755 3449 3818; x_wconf 79' lang='grc' dir='ltr'>στῦλὸς</span> <span class='ocrx_word' id='word_1_778' title='bbox 3491 3758 3606 3809; x_wconf 75' lang='grc' dir='ltr'>ἐστι</span> 
     </span>
    </p>
   </div>
   <div class='ocr_carea' id='block_1_105' title="bbox 2031 3845 3606 3920">
    <p class='ocr_par' dir='ltr' id='par_1_105' title="bbox 2031 3845 3606 3920">
     <span class='ocr_line' id='line_1_106' title="bbox 2031 3845 3606 3920; baseline -0.001 -19"><span class='ocrx_word' id='word_1_779' title='bbox 2031 3848 2206 3919; x_wconf 81' lang='grc' dir='ltr'>φωτός</span> <span class='ocrx_word' id='word_1_780' title='bbox 2226 3865 2239 3878; x_wconf 82' lang='grc'><em>’</em></span> <span class='ocrx_word' id='word_1_781' title='bbox 2259 3847 2442 3918; x_wconf 76' lang='grc' dir='ltr'>ἐπειδὴ</span> <span class='ocrx_word' id='word_1_782' title='bbox 2459 3845 2616 3918; x_wconf 83' lang='grc' dir='ltr'>γέμει</span> <span class='ocrx_word' id='word_1_783' title='bbox 2631 3845 2816 3916; x_wconf 77' lang='grc' dir='ltr'>ψυχῶν</span> <span class='ocrx_word' id='word_1_784' title='bbox 2844 3845 2948 3898; x_wconf 85' lang='grc' dir='ltr'><strong>τῶν</strong></span> <span class='ocrx_word' id='word_1_785' title='bbox 2967 3845 3436 3918; x_wconf 77' lang='grc' dir='ltr'>καθαριζομὲνων.</span> <span class='ocrx_word' id='word_1_786' title='bbox 3453 3847 3606 3920; x_wconf 73' lang='grc' dir='ltr'>Αὕτη</span> 
     </span>
    </p>
   </div>
   <div class='ocr_carea' id='block_1_106' title="bbox 2031 4021 3320 4080">
    <p class='ocr_par' dir='ltr' id='par_1_106' title="bbox 2031 4021 3320 4080">
     <span class='ocr_line' id='line_1_107' title="bbox 2031 4021 3320 4080; baseline -0.004 -1"><span class='ocrx_word' id='word_1_787' title='bbox 2031 4039 2184 4080; x_wconf 87' lang='lat' dir='ltr'><strong>versa</strong></span> <span class='ocrx_word' id='word_1_788' title='bbox 2212 4033 2551 4077; x_wconf 90' lang='lat' dir='ltr'><strong>mortuorum</strong></span> <span class='ocrx_word' id='word_1_789' title='bbox 2581 4023 2792 4077; x_wconf 84' lang='lat' dir='ltr'><strong>animas</strong></span> <span class='ocrx_word' id='word_1_790' title='bbox 2822 4037 3037 4077; x_wconf 88' lang='lat' dir='ltr'><strong>sursum</strong></span> <span class='ocrx_word' id='word_1_791' title='bbox 3065 4021 3260 4075; x_wconf 79' lang='lat' dir='ltr'><strong>evehit.</strong></span> <span class='ocrx_word' id='word_1_792' title='bbox 3301 4041 3320 4074; x_wconf 76' lang='grc' dir='ltr'><strong>ι</strong></span> 
     </span>
    </p>
   </div>
   <div class='ocr_carea' id='block_1_107' title="bbox 2101 4090 3604 4165">
    <p class='ocr_par' dir='ltr' id='par_1_107' title="bbox 2101 4090 3604 4165">
     <span class='ocr_line' id='line_1_108' title="bbox 2101 4090 3604 4165; baseline -0.001 -17"><span class='ocrx_word' id='word_1_793' title='bbox 2101 4095 2212 4165; x_wconf 85' lang='grc'>(69)</span> <span class='ocrx_word' id='word_1_794' title='bbox 2251 4094 2433 4165; x_wconf 75' lang='lat' dir='ltr'><strong>Codex</strong></span> <span class='ocrx_word' id='word_1_795' title='bbox 2469 4092 2792 4165; x_wconf 84' lang='lat' dir='ltr'><strong>Bobiensis,_</strong></span> <span class='ocrx_word' id='word_1_796' title='bbox 2821 4111 2838 4142; x_wconf 76' lang='grc' dir='ltr'><strong>ι</strong></span> <span class='ocrx_word' id='word_1_797' title='bbox 2873 4109 2994 4162; x_wconf 69' lang='lat' dir='ltr'><strong>qua:</strong></span> <span class='ocrx_word' id='word_1_798' title='bbox 3031 4108 3137 4165; x_wconf 68' lang='lat' dir='ltr'><strong>per</strong></span> <span class='ocrx_word' id='word_1_799' title='bbox 3161 4095 3299 4165; x_wconf 80' lang='lat' dir='ltr'><strong>hanc</strong></span> <span class='ocrx_word' id='word_1_800' title='bbox 3321 4090 3604 4165; x_wconf 82' lang='lat' dir='ltr'><strong>_sph:eram</strong></span> 
     </span>
    </p>
   </div>
   <div class='ocr_carea' id='block_1_108' title="bbox 2031 4162 3606 4228">
    <p class='ocr_par' dir='ltr' id='par_1_108' title="bbox 2031 4162 3606 4228">
     <span class='ocr_line' id='line_1_109' title="bbox 2031 4162 3606 4228; baseline -0.001 -9"><span class='ocrx_word' id='word_1_801' title='bbox 2031 4162 2288 4219; x_wconf 86' lang='lat' dir='ltr'><strong>hauriens</strong></span> <span class='ocrx_word' id='word_1_802' title='bbox 2340 4164 2550 4218; x_wconf 88' lang='lat' dir='ltr'><strong>animas</strong></span> <span class='ocrx_word' id='word_1_803' title='bbox 2599 4162 2914 4217; x_wconf 88' lang='lat' dir='ltr'><strong>viventium.</strong></span> <span class='ocrx_word' id='word_1_804' title='bbox 2969 4182 2988 4214; x_wconf 74' lang='grc' dir='ltr'><strong>ι</strong></span> <span class='ocrx_word' id='word_1_805' title='bbox 3039 4162 3176 4216; x_wconf 82' lang='lat' dir='ltr'><strong>Mala</strong></span> <span class='ocrx_word' id='word_1_806' title='bbox 3209 4162 3408 4228; x_wconf 84' lang='lat' dir='ltr'><strong>lectio,</strong></span> <span class='ocrx_word' id='word_1_807' title='bbox 3451 4171 3510 4216; x_wconf 90' lang='lat' dir='ltr'><strong>ut</strong></span> <span class='ocrx_word' id='word_1_808' title='bbox 3539 4179 3606 4218; x_wconf 79' lang='lat' dir='ltr'><strong>ex</strong></span> 
     </span>
    </p>
   </div>
   <div class='ocr_carea' id='block_1_109' title="bbox 2029 4235 2596 4305">
    <p class='ocr_par' dir='ltr' id='par_1_109' title="bbox 2029 4235 2596 4305">
     <span class='ocr_line' id='line_1_110' title="bbox 2029 4235 2596 4305; baseline -0.004 -17"><span class='ocrx_word' id='word_1_809' title='bbox 2029 4235 2327 4305; x_wconf 75' lang='lat' dir='ltr'><strong>Epiphanio</strong></span> <span class='ocrx_word' id='word_1_810' title='bbox 2358 4241 2596 4305; x_wconf 85' lang='lat' dir='ltr'><strong>apparet.</strong></span> 
     </span>
    </p>
   </div>
   <div class='ocr_carea' id='block_1_110' title="bbox 2102 4301 3310 4372">
    <p class='ocr_par' dir='ltr' id='par_1_110' title="bbox 2102 4301 3310 4372">
     <span class='ocr_line' id='line_1_111' title="bbox 2102 4301 3310 4372; baseline -0.006 -15"><span class='ocrx_word' id='word_1_811' title='bbox 2102 4301 2214 4372; x_wconf 88' lang='grc'>(70)</span> <span class='ocrx_word' id='word_1_812' title='bbox 2254 4301 2608 4372; x_wconf 88' lang='lat' dir='ltr'><strong>Epiphanius,</strong></span> <span class='ocrx_word' id='word_1_813' title='bbox 2646 4301 2844 4364; x_wconf 81' lang='grc' dir='ltr'>λαϐὼν,</span> <span class='ocrx_word' id='word_1_814' title='bbox 2885 4318 2904 4352; x_wconf 73' lang='grc' dir='ltr'><strong>ι</strong></span> <span class='ocrx_word' id='word_1_815' title='bbox 2931 4314 3252 4372; x_wconf 83' lang='lat' dir='ltr'><strong>assumens.</strong></span> <span class='ocrx_word' id='word_1_816' title='bbox 3291 4317 3310 4350; x_wconf 73' lang='grc' dir='ltr'><strong>ι</strong></span> 
     </span>
    </p>
   </div>
   <div class='ocr_carea' id='block_1_111' title="bbox 2031 4305 3606 4498">
    <p class='ocr_par' dir='ltr' id='par_1_111' title="bbox 2031 4305 3606 4498">
     <span class='ocr_line' id='line_1_112' title="bbox 2102 4305 3510 4444; baseline -0.004 -88"><span class='ocrx_word' id='word_1_817' title='bbox 2102 4305 2214 4444; x_wconf 57' lang='grc'>(70)</span> <span class='ocrx_word' id='word_1_818' title='bbox 2254 4305 2608 4372; x_wconf 88' lang='lat' dir='ltr'><strong>Epiphanius,</strong></span> <span class='ocrx_word' id='word_1_819' title='bbox 2646 4305 2844 4364; x_wconf 80' lang='grc' dir='ltr'>λαϐὼν,</span> <span class='ocrx_word' id='word_1_820' title='bbox 2885 4318 2904 4352; x_wconf 73' lang='grc' dir='ltr'><strong>ι</strong></span> <span class='ocrx_word' id='word_1_821' title='bbox 2946 4314 3252 4382; x_wconf 82' lang='lat' dir='ltr'><strong>assumens.</strong></span> <span class='ocrx_word' id='word_1_822' title='bbox 3291 4317 3310 4350; x_wconf 73' lang='grc' dir='ltr'><strong>ι</strong></span> <span class='ocrx_word' id='word_1_823' title='bbox 3499 4372 3510 4383; x_wconf 72' lang='lat'>_</span> 
     </span>
     <span class='ocr_line' id='line_1_113' title="bbox 2031 4370 3606 4498; baseline 0 -71"><span class='ocrx_word' id='word_1_824' title='bbox 2031 4375 2206 4498; x_wconf 69' lang='lat' dir='ltr'><strong>le</strong></span> <span class='ocrx_word' id='word_1_825' title='bbox 2252 4374 2430 4429; x_wconf 81' lang='lat' dir='ltr'><strong>Codex</strong></span> <span class='ocrx_word' id='word_1_826' title='bbox 2476 4371 2788 4436; x_wconf 87' lang='lat' dir='ltr'><strong>Bobiensis,</strong></span> <span class='ocrx_word' id='word_1_827' title='bbox 2842 4389 2860 4422; x_wconf 73' lang='grc' dir='ltr'><strong>ι</strong></span> <span class='ocrx_word' id='word_1_828' title='bbox 2913 4370 3235 4437; x_wconf 78' lang='lat' dir='ltr'><strong>discursus,</strong></span> <span class='ocrx_word' id='word_1_829' title='bbox 3289 4388 3308 4421; x_wconf 73' lang='grc' dir='ltr'><strong>ι</strong></span> <span class='ocrx_word' id='word_1_830' title='bbox 3361 4385 3606 4440; x_wconf 72' lang='lat' dir='ltr'><strong>pessuma</strong></span> 
     </span>
    </p>
   </div>
   <div class='ocr_carea' id='block_1_112' title="bbox 2049 4445 2206 4499">
    <p class='ocr_par' dir='ltr' id='par_1_112' title="bbox 2049 4445 2206 4499">
     <span class='ocr_line' id='line_1_114' title="bbox 2049 4445 2206 4499; baseline -0.019 0"><span class='ocrx_word' id='word_1_831' title='bbox 2049 4445 2206 4499; x_wconf 87' lang='lat' dir='ltr'><strong>ectio.</strong></span> 
     </span>
    </p>
   </div>
   <div class='ocr_carea' id='block_1_113' title="bbox 2106 4509 3608 4584">
    <p class='ocr_par' dir='ltr' id='par_1_113' title="bbox 2106 4509 3608 4584">
     <span class='ocr_line' id='line_1_115' title="bbox 2106 4509 3608 4584; baseline 0.001 -21"><span class='ocrx_word' id='word_1_832' title='bbox 2106 4513 2216 4584; x_wconf 67' lang='lat'><strong>(72)</strong></span> <span class='ocrx_word' id='word_1_833' title='bbox 2259 4511 2312 4584; x_wconf 94' lang='lat' dir='ltr'><strong>l_n</strong></span> <span class='ocrx_word' id='word_1_834' title='bbox 2349 4510 2535 4584; x_wconf 84' lang='lat' dir='ltr'><strong>codice</strong></span> <span class='ocrx_word' id='word_1_835' title='bbox 2562 4511 2867 4584; x_wconf 85' lang='lat' dir='ltr'><strong>Casinensi,</strong></span> <span class='ocrx_word' id='word_1_836' title='bbox 2923 4529 2940 4561; x_wconf 76' lang='grc' dir='ltr'><strong>ι</strong></span> <span class='ocrx_word' id='word_1_837' title='bbox 2983 4509 3288 4584; x_wconf 75' lang='lat' dir='ltr'><strong>Aporrisin,</strong></span> <span class='ocrx_word' id='word_1_838' title='bbox 3321 4527 3356 4584; x_wconf 56' lang='grc' dir='ltr'><strong>-ξ</strong></span> <span class='ocrx_word' id='word_1_839' title='bbox 3405 4511 3608 4584; x_wconf 78' lang='lat' dir='ltr'><strong>scribi-</strong></span> 
     </span>
    </p>
   </div>
   <div class='ocr_carea' id='block_1_114' title="bbox 2033 4579 3606 4647">
    <p class='ocr_par' dir='ltr' id='par_1_114' title="bbox 2033 4579 3606 4647">
     <span class='ocr_line' id='line_1_116' title="bbox 2033 4579 3606 4647; baseline -0.003 -11"><span class='ocrx_word' id='word_1_840' title='bbox 2033 4579 2152 4647; x_wconf 79' lang='lat' dir='ltr'><strong>tur;</strong></span> <span class='ocrx_word' id='word_1_841' title='bbox 2190 4579 2281 4636; x_wconf 69' lang='lat' dir='ltr'><strong>Sed</strong></span> <span class='ocrx_word' id='word_1_842' title='bbox 2313 4597 2411 4636; x_wconf 88' lang='lat' dir='ltr'><strong>nos</strong></span> <span class='ocrx_word' id='word_1_843' title='bbox 2440 4582 2616 4634; x_wconf 91' lang='lat' dir='ltr'><strong>locum</strong></span> <span class='ocrx_word' id='word_1_844' title='bbox 2645 4583 2978 4636; x_wconf 86' lang='lat' dir='ltr'><strong>restituimus</strong></span> <span class='ocrx_word' id='word_1_845' title='bbox 3009 4598 3072 4634; x_wconf 82' lang='lat' dir='ltr'><strong>ex</strong></span> <span class='ocrx_word' id='word_1_846' title='bbox 3102 4579 3286 4634; x_wconf 85' lang='lat' dir='ltr'><strong>codice</strong></span> <span class='ocrx_word' id='word_1_847' title='bbox 3321 4579 3606 4646; x_wconf 85' lang='lat' dir='ltr'><strong>Bobiensi,</strong></span> 
     </span>
    </p>
   </div>
   <div class='ocr_carea' id='block_1_115' title="bbox 2031 4651 3604 4721">
    <p class='ocr_par' dir='ltr' id='par_1_115' title="bbox 2031 4651 3604 4721">
     <span class='ocr_line' id='line_1_117' title="bbox 2031 4651 3604 4721; baseline -0.001 -15"><span class='ocrx_word' id='word_1_848' title='bbox 2031 4654 2084 4706; x_wconf 91' lang='lat' dir='ltr'><strong>in</strong></span> <span class='ocrx_word' id='word_1_849' title='bbox 2121 4667 2228 4721; x_wconf 89' lang='lat' dir='ltr'><strong>quo</strong></span> <span class='ocrx_word' id='word_1_850' title='bbox 2277 4670 2295 4701; x_wconf 86' lang='grc'><strong>‹</strong></span> <span class='ocrx_word' id='word_1_851' title='bbox 2345 4651 2650 4718; x_wconf 83' lang='lat' dir='ltr'><strong>Apocrusin</strong></span> <span class='ocrx_word' id='word_1_852' title='bbox 2697 4671 2715 4703; x_wconf 76' lang='grc' dir='ltr'><strong>ι</strong></span> <span class='ocrx_word' id='word_1_853' title='bbox 2751 4661 2894 4704; x_wconf 87' lang='lat' dir='ltr'><strong>recte</strong></span> <span class='ocrx_word' id='word_1_854' title='bbox 2945 4652 3176 4718; x_wconf 76' lang='lat' dir='ltr'><strong>legitur,</strong></span> <span class='ocrx_word' id='word_1_855' title='bbox 3227 4651 3350 4704; x_wconf 85' lang='lat' dir='ltr'><strong>licet</strong></span> <span class='ocrx_word' id='word_1_856' title='bbox 3391 4651 3444 4702; x_wconf 91' lang='lat' dir='ltr'><strong>in</strong></span> <span class='ocrx_word' id='word_1_857' title='bbox 3483 4652 3604 4704; x_wconf 79' lang='lat' dir='ltr'><strong>aliis</strong></span> 
     </span>
    </p>
   </div>
   <div class='ocr_carea' id='block_1_116' title="bbox 2031 4721 3602 4790">
    <p class='ocr_par' dir='ltr' id='par_1_116' title="bbox 2031 4721 3602 4790">
     <span class='ocr_line' id='line_1_118' title="bbox 2031 4721 3602 4790; baseline 0 -15"><span class='ocrx_word' id='word_1_858' title='bbox 2031 4722 2119 4775; x_wconf 92' lang='lat' dir='ltr'><strong>hic</strong></span> <span class='ocrx_word' id='word_1_859' title='bbox 2161 4721 2639 4790; x_wconf 85' lang='lat' dir='ltr'><strong>depravatissimus</strong></span> <span class='ocrx_word' id='word_1_860' title='bbox 2703 4722 2946 4790; x_wconf 81' lang='lat' dir='ltr'><strong>exsistat.</strong></span> <span class='ocrx_word' id='word_1_861' title='bbox 3002 4721 3356 4788; x_wconf 82' lang='grc' dir='ltr'>Ἀπόκρουσιν</span> <span class='ocrx_word' id='word_1_862' title='bbox 3417 4733 3602 4775; x_wconf 87' lang='lat' dir='ltr'><strong>autem</strong></span> 
     </span>
    </p>
   </div>
   <div class='ocr_carea' id='block_1_117' title="bbox 2029 4789 3604 4858">
    <p class='ocr_par' dir='ltr' id='par_1_117' title="bbox 2029 4789 3604 4858">
     <span class='ocr_line' id='line_1_119' title="bbox 2029 4789 3604 4858; baseline 0.003 -16"><span class='ocrx_word' id='word_1_863' title='bbox 2029 4789 2336 4844; x_wconf 76' lang='lat' dir='ltr'><strong>Alexandro</strong></span> <span class='ocrx_word' id='word_1_864' title='bbox 2363 4790 2793 4858; x_wconf 82' lang='lat' dir='ltr'><strong>Aphrodisiensi,</strong></span> <span class='ocrx_word' id='word_1_865' title='bbox 2820 4802 2872 4844; x_wconf 89' lang='lat' dir='ltr'><strong>et</strong></span> <span class='ocrx_word' id='word_1_866' title='bbox 2897 4789 3168 4843; x_wconf 87' lang='lat' dir='ltr'><strong>Tralliano</strong></span> <span class='ocrx_word' id='word_1_867' title='bbox 3195 4791 3394 4842; x_wconf 85' lang='lat' dir='ltr'><strong>dicitur</strong></span> <span class='ocrx_word' id='word_1_868' title='bbox 3423 4790 3604 4846; x_wconf 79' lang='lat' dir='ltr'><strong>facere</strong></span> 
     </span>
    </p>
   </div>
   <div class='ocr_carea' id='block_1_118' title="bbox 2031 4860 3475 4923">
    <p class='ocr_par' dir='ltr' id='par_1_118' title="bbox 2031 4860 3475 4923">
     <span class='ocr_line' id='line_1_120' title="bbox 2031 4860 3475 4923; baseline -0.001 -9"><span class='ocrx_word' id='word_1_869' title='bbox 2031 4861 2178 4923; x_wconf 91' lang='lat' dir='ltr'><strong>luna,</strong></span> <span class='ocrx_word' id='word_1_870' title='bbox 2214 4875 2334 4913; x_wconf 91' lang='lat' dir='ltr'><strong>cum</strong></span> <span class='ocrx_word' id='word_1_871' title='bbox 2371 4860 2628 4914; x_wconf 85' lang='lat' dir='ltr'><strong>decrescit</strong></span> <span class='ocrx_word' id='word_1_872' title='bbox 2659 4875 2750 4914; x_wconf 89' lang='lat' dir='ltr'><strong>seu</strong></span> <span class='ocrx_word' id='word_1_873' title='bbox 2783 4861 3032 4922; x_wconf 89' lang='lat' dir='ltr'><strong>senescit,</strong></span> <span class='ocrx_word' id='word_1_874' title='bbox 3067 4871 3338 4912; x_wconf 84' lang='lat' dir='ltr'><strong>ut-notum</strong></span> <span class='ocrx_word' id='word_1_875' title='bbox 3367 4867 3475 4913; x_wconf 81' lang='lat' dir='ltr'><strong>est.</strong></span> 
     </span>
    </p>
   </div>
   <div class='ocr_carea' id='block_1_119' title="bbox 2104 4929 3310 5000">
    <p class='ocr_par' dir='ltr' id='par_1_119' title="bbox 2104 4929 3310 5000">
     <span class='ocr_line' id='line_1_121' title="bbox 2104 4929 3310 5000; baseline -0.002 -19"><span class='ocrx_word' id='word_1_876' title='bbox 2104 4931 2214 5000; x_wconf 81' lang='grc'>(75)</span> <span class='ocrx_word' id='word_1_877' title='bbox 2257 4929 2585 5000; x_wconf 69' lang='lat' dir='ltr'><strong>Epiphanius</strong></span> <span class='ocrx_word' id='word_1_878' title='bbox 2616 4929 2777 4994; x_wconf 72' lang='grc' dir='ltr'>οὕτω,</span> <span class='ocrx_word' id='word_1_879' title='bbox 2809 4948 2826 4978; x_wconf 73' lang='grc' dir='ltr'><strong>ι</strong></span> <span class='ocrx_word' id='word_1_880' title='bbox 2861 4940 2911 5000; x_wconf 87' lang='lat' dir='ltr'><strong>et</strong></span> <span class='ocrx_word' id='word_1_881' title='bbox 2943 4930 3014 4982; x_wconf 89' lang='lat' dir='ltr'><strong>ita</strong></span> <span class='ocrx_word' id='word_1_882' title='bbox 3047 4929 3257 5000; x_wconf 84' lang='lat' dir='ltr'><strong>repleri.</strong></span> <span class='ocrx_word' id='word_1_883' title='bbox 3293 4947 3310 4978; x_wconf 76' lang='grc' dir='ltr'><strong>ι</strong></span> 
     </span>
    </p>
   </div>
   <div class='ocr_carea' id='block_1_120' title="bbox 2104 4997 3600 5069">
    <p class='ocr_par' dir='ltr' id='par_1_120' title="bbox 2104 4997 3600 5069">
     <span class='ocr_line' id='line_1_122' title="bbox 2104 4997 3600 5069; baseline 0 -19"><span class='ocrx_word' id='word_1_884' title='bbox 2104 4997 2214 5068; x_wconf 61' lang='grc'>(7-4)</span> <span class='ocrx_word' id='word_1_885' title='bbox 2255 4997 2398 5052; x_wconf 82' lang='lat' dir='ltr'><strong>Idem</strong></span> <span class='ocrx_word' id='word_1_886' title='bbox 2427 4997 2789 5068; x_wconf 78' lang='lat' dir='ltr'><strong>Epiphanius,</strong></span> <span class='ocrx_word' id='word_1_887' title='bbox 2825 4999 2924 5068; x_wconf 78' lang='grc' dir='ltr'>τῆς</span> <span class='ocrx_word' id='word_1_888' title='bbox 2950 4999 3152 5069; x_wconf 56' lang='grc' dir='ltr'>ψυχῆς,</span> <span class='ocrx_word' id='word_1_889' title='bbox 3211 5017 3228 5047; x_wconf 77' lang='grc' dir='ltr'><strong>ι</strong></span> <span class='ocrx_word' id='word_1_890' title='bbox 3285 4997 3523 5064; x_wconf 62' lang='lat' dir='ltr'><strong>animat;</strong></span> <span class='ocrx_word' id='word_1_891' title='bbox 3581 5019 3600 5050; x_wconf 74' lang='grc' dir='ltr'><strong>ι</strong></span> 
     </span>
    </p>
   </div>
   <div class='ocr_carea' id='block_1_121' title="bbox 2033 5069 3606 5139">
    <p class='ocr_par' dir='ltr' id='par_1_121' title="bbox 2033 5069 3606 5139">
     <span class='ocr_line' id='line_1_123' title="bbox 2033 5069 3606 5139; baseline -0.001 -15"><span class='ocrx_word' id='word_1_892' title='bbox 2033 5071 2124 5124; x_wconf 84' lang='lat' dir='ltr'><strong>sed</strong></span> <span class='ocrx_word' id='word_1_893' title='bbox 2153 5087 2216 5124; x_wconf 84' lang='lat' dir='ltr'><strong>ex</strong></span> <span class='ocrx_word' id='word_1_894' title='bbox 2250 5071 2410 5138; x_wconf 87' lang='lat' dir='ltr'><strong>hujus</strong></span> <span class='ocrx_word' id='word_1_895' title='bbox 2455 5070 2664 5137; x_wconf 88' lang='lat' dir='ltr'><strong>antiqui</strong></span> <span class='ocrx_word' id='word_1_896' title='bbox 2700 5071 3008 5139; x_wconf 82' lang='lat' dir='ltr'><strong>interpretis</strong></span> <span class='ocrx_word' id='word_1_897' title='bbox 3061 5069 3308 5122; x_wconf 84' lang='lat' dir='ltr'><strong>versione</strong></span> <span class='ocrx_word' id='word_1_898' title='bbox 3349 5069 3512 5122; x_wconf 86' lang='lat' dir='ltr'><strong>debet</strong></span> <span class='ocrx_word' id='word_1_899' title='bbox 3549 5085 3606 5123; x_wconf 87' lang='lat' dir='ltr'><strong>e-</strong></span> 
     </span>
    </p>
   </div>
   <div class='ocr_carea' id='block_1_122' title="bbox 2033 5141 2300 5196">
    <p class='ocr_par' dir='ltr' id='par_1_122' title="bbox 2033 5141 2300 5196">
     <span class='ocr_line' id='line_1_124' title="bbox 2033 5141 2300 5196; baseline 0.007 -2"><span class='ocrx_word' id='word_1_900' title='bbox 2033 5143 2190 5194; x_wconf 90' lang='lat' dir='ltr'><strong>mend</strong></span> <span class='ocrx_word' id='word_1_901' title='bbox 2199 5141 2274 5194; x_wconf 87' lang='lat' dir='ltr'><strong>ari</strong></span> <span class='ocrx_word' id='word_1_902' title='bbox 2286 5181 2300 5196; x_wconf 93' lang='lat'><strong>.</strong></span> 
     </span>
    </p>
   </div>
   <div class='ocr_carea' id='block_1_123' title="bbox 2106 5205 3604 5279">
    <p class='ocr_par' dir='ltr' id='par_1_123' title="bbox 2106 5205 3604 5279">
     <span class='ocr_line' id='line_1_125' title="bbox 2106 5205 3604 5279; baseline 0 -19"><span class='ocrx_word' id='word_1_903' title='bbox 2106 5210 2218 5279; x_wconf 74' lang='lat'>(75)</span> <span class='ocrx_word' id='word_1_904' title='bbox 2259 5207 2565 5276; x_wconf 80' lang='lat' dir='ltr'><strong>Legendum</strong></span> <span class='ocrx_word' id='word_1_905' title='bbox 2603 5227 2620 5258; x_wconf 84' lang='grc'><em>‹</em></span> <span class='ocrx_word' id='word_1_906' title='bbox 2659 5209 2790 5279; x_wconf 79' lang='lat' dir='ltr'><strong>ilhc,</strong></span> <span class='ocrx_word' id='word_1_907' title='bbox 2823 5227 2841 5258; x_wconf 71' lang='grc' dir='ltr'><strong>ι</strong></span> <span class='ocrx_word' id='word_1_908' title='bbox 2885 5207 2988 5261; x_wconf 89' lang='lat' dir='ltr'><strong>hoc</strong></span> <span class='ocrx_word' id='word_1_909' title='bbox 3015 5218 3117 5271; x_wconf 86' lang='lat' dir='ltr'><strong>est,</strong></span> <span class='ocrx_word' id='word_1_910' title='bbox 3161 5222 3357 5279; x_wconf 75' lang='lat' dir='ltr'><strong>ammte</strong></span> <span class='ocrx_word' id='word_1_911' title='bbox 3383 5223 3452 5262; x_wconf 79' lang='lat' dir='ltr'><strong>ex</strong></span> <span class='ocrx_word' id='word_1_912' title='bbox 3481 5205 3604 5277; x_wconf 83' lang='lat' dir='ltr'><strong>Epi-</strong></span> 
     </span>
    </p>
   </div>
   <div class='ocr_carea' id='block_1_124' title="bbox 2036 5278 3380 5350">
    <p class='ocr_par' dir='ltr' id='par_1_124' title="bbox 2036 5278 3380 5350">
     <span class='ocr_line' id='line_1_126' title="bbox 2036 5278 3380 5350; baseline -0.004 -16"><span class='ocrx_word' id='word_1_913' title='bbox 2036 5278 2415 5350; x_wconf 47' lang='lat' dir='ltr'><strong>phanioLIicet</strong></span> <span class='ocrx_word' id='word_1_914' title='bbox 2442 5289 2666 5348; x_wconf 87' lang='lat' dir='ltr'><strong>uterque</strong></span> <span class='ocrx_word' id='word_1_915' title='bbox 2696 5278 2865 5350; x_wconf 79' lang='lat' dir='ltr'><strong>codex</strong></span> <span class='ocrx_word' id='word_1_916' title='bbox 2907 5279 3100 5331; x_wconf 84' lang='lat' dir='ltr'><strong>habeat</strong></span> <span class='ocrx_word' id='word_1_917' title='bbox 3155 5297 3193 5350; x_wconf 9' lang='grc' dir='ltr'><strong>«ᾗ</strong></span> <span class='ocrx_word' id='word_1_918' title='bbox 3212 5278 3320 5330; x_wconf 89' lang='lat' dir='ltr'><strong>illa.</strong></span> <span class='ocrx_word' id='word_1_919' title='bbox 3359 5295 3380 5328; x_wconf 72' lang='grc' dir='ltr'><strong>ι</strong></span> 
     </span>
    </p>
   </div>
   <div class='ocr_carea' id='block_1_125' title="bbox 2105 5347 3600 5418">
    <p class='ocr_par' dir='ltr' id='par_1_125' title="bbox 2105 5347 3600 5418">
     <span class='ocr_line' id='line_1_127' title="bbox 2105 5347 3600 5418; baseline 0.003 -19"><span class='ocrx_word' id='word_1_920' title='bbox 2105 5349 2216 5418; x_wconf 85' lang='grc'>(76)</span> <span class='ocrx_word' id='word_1_921' title='bbox 2259 5347 2591 5418; x_wconf 85' lang='lat' dir='ltr'><strong>Epiphanius</strong></span> <span class='ocrx_word' id='word_1_922' title='bbox 2621 5349 2803 5413; x_wconf 89' lang='lat' dir='ltr'><strong>habet,</strong></span> <span class='ocrx_word' id='word_1_923' title='bbox 2864 5366 2881 5398; x_wconf 70' lang='grc' dir='ltr'><strong>ι</strong></span> <span class='ocrx_word' id='word_1_924' title='bbox 2937 5365 3030 5418; x_wconf 84' lang='lat' dir='ltr'><strong>aer</strong></span> <span class='ocrx_word' id='word_1_925' title='bbox 3073 5347 3364 5416; x_wconf 82' lang='lat' dir='ltr'><strong>perfectus,</strong></span> <span class='ocrx_word' id='word_1_926' title='bbox 3406 5349 3600 5418; x_wconf 55' lang='lat' dir='ltr'><strong>tunde</strong></span> 
     </span>
    </p>
   </div>
   <div class='ocr_carea' id='block_1_126' title="bbox 2034 5417 3600 5488">
    <p class='ocr_par' dir='ltr' id='par_1_126' title="bbox 2034 5417 3600 5488">
     <span class='ocr_line' id='line_1_128' title="bbox 2034 5417 3600 5488; baseline 0 -15"><span class='ocrx_word' id='word_1_927' title='bbox 2034 5417 2309 5488; x_wconf 73' lang='lat' dir='ltr'><strong>colligitur</strong></span> <span class='ocrx_word' id='word_1_928' title='bbox 2343 5417 2592 5472; x_wconf 87' lang='lat' dir='ltr'><strong>Latinum</strong></span> <span class='ocrx_word' id='word_1_929' title='bbox 2625 5419 2787 5488; x_wconf 90' lang='lat' dir='ltr'><strong>hujus</strong></span> <span class='ocrx_word' id='word_1_930' title='bbox 2814 5417 2990 5486; x_wconf 89' lang='lat' dir='ltr'><strong>operis</strong></span> <span class='ocrx_word' id='word_1_931' title='bbox 3033 5419 3308 5486; x_wconf 84' lang='lat' dir='ltr'><strong>exemplar</strong></span> <span class='ocrx_word' id='word_1_932' title='bbox 3337 5433 3368 5470; x_wconf 92' lang='lat' dir='ltr'><strong>e</strong></span> <span class='ocrx_word' id='word_1_933' title='bbox 3411 5417 3600 5473; x_wconf 68' lang='lat' dir='ltr'><strong>Graeco</strong></span> 
     </span>
    </p>
   </div>
   <div class='ocr_carea' id='block_1_127' title="bbox 2033 5489 3602 5560">
    <p class='ocr_par' dir='ltr' id='par_1_127' title="bbox 2033 5489 3602 5560">
     <span class='ocr_line' id='line_1_129' title="bbox 2033 5489 3602 5560; baseline -0.001 -18"><span class='ocrx_word' id='word_1_934' title='bbox 2033 5505 2095 5542; x_wconf 83' lang='lat' dir='ltr'><strong>ex</strong></span> <span class='ocrx_word' id='word_1_935' title='bbox 2107 5505 2348 5557; x_wconf 87' lang='lat' dir='ltr'><strong>pressum</strong></span> <span class='ocrx_word' id='word_1_936' title='bbox 2381 5503 2520 5552; x_wconf 86' lang='lat' dir='ltr'><strong>esse,</strong></span> <span class='ocrx_word' id='word_1_937' title='bbox 2549 5497 2601 5560; x_wconf 89' lang='lat' dir='ltr'><strong>et</strong></span> <span class='ocrx_word' id='word_1_938' title='bbox 2629 5489 2770 5541; x_wconf 89' lang='lat' dir='ltr'><strong>male</strong></span> <span class='ocrx_word' id='word_1_939' title='bbox 2815 5489 3157 5556; x_wconf 87' lang='lat' dir='ltr'><strong>interpretem</strong></span> <span class='ocrx_word' id='word_1_940' title='bbox 3197 5489 3390 5560; x_wconf 72' lang='lat' dir='ltr'><strong>legisse</strong></span> <span class='ocrx_word' id='word_1_941' title='bbox 3413 5529 3432 5554; x_wconf 82' lang='lat'><strong>,</strong></span> <span class='ocrx_word' id='word_1_942' title='bbox 3462 5490 3602 5560; x_wconf 68' lang='grc' dir='ltr'>ἀνήρ</span> 
     </span>
    </p>
   </div>
   <div class='ocr_carea' id='block_1_128' title="bbox 2035 5558 3600 5630">
    <p class='ocr_par' dir='ltr' id='par_1_128' title="bbox 2035 5558 3600 5630">
     <span class='ocr_line' id='line_1_130' title="bbox 2035 5558 3600 5630; baseline 0 -19"><span class='ocrx_word' id='word_1_943' title='bbox 2035 5575 2134 5628; x_wconf 90' lang='lat' dir='ltr'><strong>pro</strong></span> <span class='ocrx_word' id='word_1_944' title='bbox 2164 5559 2307 5630; x_wconf 83' lang='grc' dir='ltr'><strong>ἀήρ;</strong></span> <span class='ocrx_word' id='word_1_945' title='bbox 2369 5559 2695 5630; x_wconf 72' lang='lat' dir='ltr'><strong>vertendum</strong></span> <span class='ocrx_word' id='word_1_946' title='bbox 2719 5565 2898 5612; x_wconf 89' lang='lat' dir='ltr'><strong>autem</strong></span> <span class='ocrx_word' id='word_1_947' title='bbox 2921 5598 2935 5622; x_wconf 95' lang='lat'><strong>,</strong></span> <span class='ocrx_word' id='word_1_948' title='bbox 2973 5577 2991 5607; x_wconf 76' lang='grc' dir='ltr'><strong>ι</strong></span> <span class='ocrx_word' id='word_1_949' title='bbox 3021 5573 3130 5630; x_wconf 34' lang='lat' dir='ltr'><strong>.aer</strong></span> <span class='ocrx_word' id='word_1_950' title='bbox 3168 5558 3460 5630; x_wconf 79' lang='lat' dir='ltr'><strong>perfectus.</strong></span> <span class='ocrx_word' id='word_1_951' title='bbox 3491 5558 3600 5612; x_wconf 76' lang='lat' dir='ltr'><strong>Aer</strong></span> 
     </span>
    </p>
   </div>
   <div class='ocr_carea' id='block_1_129' title="bbox 2035 5625 3598 5698">
    <p class='ocr_par' dir='ltr' id='par_1_129' title="bbox 2035 5625 3598 5698">
     <span class='ocr_line' id='line_1_131' title="bbox 2035 5625 3598 5698; baseline 0.002 -16"><span class='ocrx_word' id='word_1_952' title='bbox 2035 5625 2356 5694; x_wconf 63' lang='lat' dir='ltr'><strong>autem&#39;hic,</strong></span> <span class='ocrx_word' id='word_1_953' title='bbox 2387 5637 2511 5690; x_wconf 89' lang='lat' dir='ltr'><strong>etc.,</strong></span> <span class='ocrx_word' id='word_1_954' title='bbox 2537 5649 2556 5679; x_wconf 72' lang='grc' dir='ltr'><strong>ι</strong></span> <span class='ocrx_word' id='word_1_955' title='bbox 2587 5627 2842 5683; x_wconf 66' lang='grc' dir='ltr'>ιιῐϐναξοε</span> <span class='ocrx_word' id='word_1_956' title='bbox 2869 5643 2991 5682; x_wconf 91' lang='lat' dir='ltr'><strong>cum</strong></span> <span class='ocrx_word' id='word_1_957' title='bbox 3019 5625 3222 5684; x_wconf 78' lang='lat' dir='ltr'><strong>Latinis</strong></span> <span class='ocrx_word' id='word_1_958' title='bbox 3255 5631 3598 5698; x_wconf 72' lang='lat' dir='ltr'><strong>conveniant,</strong></span> 
     </span>
    </p>
   </div>
   <div class='ocr_carea' id='block_1_130' title="bbox 2035 5699 2950 5770">
    <p class='ocr_par' dir='ltr' id='par_1_130' title="bbox 2035 5699 2950 5770">
     <span class='ocr_line' id='line_1_132' title="bbox 2035 5699 2950 5770; baseline -0.002 -17"><span class='ocrx_word' id='word_1_959' title='bbox 2035 5709 2088 5753; x_wconf 91' lang='lat' dir='ltr'><strong>et</strong></span> <span class='ocrx_word' id='word_1_960' title='bbox 2113 5699 2310 5770; x_wconf 84' lang='lat' dir='ltr'><strong>aliquis</strong></span> <span class='ocrx_word' id='word_1_961' title='bbox 2337 5699 2460 5754; x_wconf 87' lang='lat' dir='ltr'><strong>inde</strong></span> <span class='ocrx_word' id='word_1_962' title='bbox 2485 5715 2677 5755; x_wconf 89' lang='lat' dir='ltr'><strong>sensus</strong></span> <span class='ocrx_word' id='word_1_963' title='bbox 2709 5709 2950 5754; x_wconf 87' lang='lat' dir='ltr'><strong>eruatur.</strong></span> 
     </span>
    </p>
   </div>
  </div>
