3922 6482
211 360 216 364 -
249 323 385 381 ’13!

1351 326 1497 384 CUM
1536 327 1826 386 MANETE
1862 328 2400 388 H/ERESIARCHA.

3345 340 3487 395 Hi“!

245 440 396 496 ἐστὶν
410 444 444 514 ἡ
461 442 631 507 αἰτία,
648 439 795 518 δι’ἦς
809 444 1045 516 αῑψυχαὶ
1062 445 1342 511 σώζονται.
1361 447 1423 500 Ἦ
1439 449 1494 502 δὲ
1511 449 1603 502 τοῦ
1621 449 1814 503 ἀποθα-

1931 450 2031 506 llic
2065 461 2246 507 autem
2274 453 2356 506 vir
2383 459 2465 508 est
2489 452 2747 513 columna
2781 454 2918 511 lucis
2943 495 2957 517 ,
3010 457 3208 526 repleta
3245 468 3327 513 est
3357 463 3505 515 enim

243 537 357 586 νεῖν
387 538 511 599 τοὺς
549 535 870 609 ἀνθρώπους
903 539 1019 591 ἐστὶ
1053 538 1212 593 πάλιν
1246 538 1405 610 αὖττγ
1444 541 1719 613 Παρθένος
1743 559 1826 605 τις

240 621 422 698 ὡραία
435 642 675 698 κεκοσμη
686 627 819 698 μένη
829 668 841 690 ,
859 628 1057 700 πιθανὴ
1072 631 1207 684 πάνυ
1217 669 1231 694 ,
1248 632 1411 702 συλᾷν
1423 632 1576 702 ἐπιχε
1586 651 1600 683 ι
1607 635 1690 704 ρεί
1701 633 1828 697 τοὺς

241 714 532 786 ἄρχοντας.
551 719 674 778 τοὺς
689 720 744 771 ὲν
759 719 833 789 τῷ
853 719 1190 791 στερεὼματι
1209 723 1312 776 ὑπὸ
1323 723 1414 776 τοῦ
1440 725 1638 788 ζῶντος
1656 725 1826 778 Ilvati-

244 826 415 878 ματος
436 810 819 882 ἀνενεχθέντας
853 812 945 865 καὶ
981 814 1405 885 σταυρωθέντας’
1443 816 1737 887 φαινομένη
1767 816 1823 868 δὲ

237 909 352 970 τοῖς
369 906 562 978 ἄρρεσι
586 906 775 977 θήλεια
808 906 1100 977 εὔμορφος,
1123 912 1238 972 ταῖς
1256 909 1312 961 δὲ
1335 909 1574 980 θηλείαις
1610 911 1821 974 νεανίας

238 999 454 1070 εὐειδὴς
471 998 936 1070 καὶὲπιθυμητός.
968 1001 1077 1052 Καὶ
1107 1003 1154 1053 οἱ
1184 1001 1281 1071 μὲν
1314 1002 1594 1074 ἄρχοντες,
1621 1005 1822 1058 ὁπόταν

243 1089 437 1144 ἴδωσιν
458 1091 626 1161 αὐτὴν
661 1091 1203 1163 κεκαλλωπισμένην,
1239 1094 1578 1165 οἰστροῦνται
1600 1095 1676 1165 τῷ
1699 1096 1820 1164 φίλ-

236 1197 373 1254 τρῳ,
403 1181 498 1234 καὶ
540 1181 614 1251 μὴ
671 1181 956 1251 δυνάμενοι
1013 1182 1182 1252 αὐτὴν
1225 1183 1586 1248 καταλαϐεῖν,
1635 1185 1822 1250 δεινῶς

237 1271 529 1341 φλέγονται
560 1269 634 1341 τῷ
663 1272 911 1342 ἐρωτικῷ
971 1271 1120 1343 πόθῳ
1157 1273 1248 1325 τὸν
1283 1273 1406 1326 νοῦν
1451 1273 1821 1345 ἐξαρπασθέν-

236 1382 348 1426 τες.
390 1365 556 1418 Ὅταν
583 1361 696 1428 οὖν,
732 1365 1032 1437 τρεχόντων
1057 1366 1256 1428 αὐτῶν,
1289 1369 1320 1437 ἡ
1351 1366 1624 1438 Παρθένος
1651 1368 1821 1436 ἀφαν⁹

235 1471 327 1516 τος
356 1455 603 1526 γένηται,
636 1455 759 1508 τότε
817 1457 844 1507 ὁ
875 1457 1058 1527 ἅρχων
1101 1458 1130 1509 ὁ
1184 1457 1356 1527 μέγας
1404 1457 1691 1528 προϐάλλει
1721 1458 1820 1522 τὰς

235 1545 466 1614 νεφέλας
503 1547 562 1612 ἐξ
594 1547 783 1610 αὑτοῦ,
814 1549 961 1611 ὅπως
1013 1549 1236 1622 σκοτίσῃ
1267 1552 1332 1620 τῇ
1357 1551 1490 1620 ὀργῇ
1542 1550 1705 1602 αὑτοῦ
1728 1549 1818 1602 τὸν

236 1637 465 1706 κόσμον·
501 1638 594 1692 καὶ
625 1638 798 1702 οὕτως
829 1639 925 1693 ὲάν
949 1639 1104 1711 θλίὸῃ
1141 1642 1302 1703 πάνυ,
1336 1641 1584 1711 καθάπερ
1612 1642 1819 1714 ἄνθρω-

239 1747 344 1794 πος
381 1730 538 1801 ἱδρῶν
568 1731 961 1785 ἁποκοποῦται·
1029 1735 1057 1785 ὁ
1102 1734 1158 1786 δὲ
1211 1733 1369 1805 ἱδρὼς
1402 1734 1566 1788 αὐτοῦ
1606 1736 1752 1790 ἐστιν
1781 1739 1815 1808 ἡ

1927 545 2252 599 mundarum
2285 545 2615 610 animarum,
2647 557 2698 601 et
2731 549 2844 603 haec
2870 556 2954 603 est
2981 564 3143 603 causa
3171 551 3362 605 salutis
3391 556 3508 606 ani—

1926 652 2182 702 marum;
2237 639 2430 692 mortis
2480 654 2606 698 vero
2653 636 2818 696 eausa
2871 640 3182 696 hominibus
3235 652 3317 697 est
3375 643 3502 698 ista.

1925 730 2364 802 Virgo.qua2dam
2398 732 2597 786 decora
2629 743 2684 788 et
2734 744 3026 798 exornata,
3078 735 3296 804 elegans
3327 737 3500 798 vah-le,

1924 823 2069 878 furto
2099 827 2302 893 appetit
2348 824 2648 893 principes,
2694 826 2788 894 qui
2836 827 3048 880 suntin
3085 828 3426 883 firmamento
3469 845 3501 883 a

1922 918 2135 971 vivente
2161 915 2366 985 Spiritu
2387 917 2567 972 educti
2603 927 2656 971 et
2685 918 2968 984 cruciﬁxi;
3019 935 3138 988 qua:
3175 936 3300 973 cum
3336 937 3503 990 appa-

1923 1009 2130 1075 ruerit,
2183 1011 2430 1066 maribus
2478 1010 2680 1065 femina
2731 1011 2925 1066 decora
2967 1022 3226 1082 apparet;
3284 1013 3503 1069 feminis

1922 1114 2049 1152 vero
2102 1098 2500 1155 adolescentem
2554 1101 2862 1170 speciosum
2913 1111 2966 1156 et
3017 1104 3496 1173 concupiscibilem

1921 1188 2278 1245 demonstrat.
2328 1188 2431 1245 Sed
2464 1190 2738 1260 principes
2775 1192 3016 1260 quidem,
3045 1210 3166 1248 cum
3198 1211 3314 1248 eam
3351 1197 3503 1250 vide-

1920 1281 2032 1334 rint
2059 1280 2524 1352 exornatam(77),
2555 1297 2738 1336 amore
2760 1282 2878 1351 ejus
2904 1284 2956 1337 in
2985 1285 3258 1339 libidinem
3287 1302 3504 1341 movea-

1923 1382 2042 1440 tur;
2084 1381 2137 1428 et
2167 1374 2294 1443 quia
2324 1389 2444 1428 eam
2478 1375 2882 1442 apprehendere
2914 1393 3022 1430 non
3052 1388 3301 1447 possunt,
3333 1379 3499 1433 vehe-

1920 1475 2133 1522 menter
2167 1467 2492 1536 instigantur
2528 1469 2733 1524 amoris
2762 1469 3030 1523 incendiis
3058 1470 3305 1533 excitati;
3358 1470 3498 1540 rapti

1921 1568 2050 1613 sunt
2090 1559 2237 1613 enim
2282 1557 2526 1612 libidinis
2550 1558 2730 1614 calore
2765 1581 2776 1614 :
2810 1575 2934 1615 cum
2971 1560 3115 1614 enim
3147 1563 3495 1616 currentibus

1920 1661 2044 1722 post
2087 1667 2206 1709 eam
2249 1653 2398 1707 anxii
2442 1653 2616 1710 effecti
2667 1652 2925 1718 fuissent,
2977 1652 3138 1723 Virgo
3175 1653 3282 1722 (78)
3316 1655 3498 1710 subito

1921 1758 2192 1812 nusquam
2255 1747 2581 1813 comparuit.
2633 1744 2785 1800 Tunc
2829 1744 3078 1813 princeps
3130 1744 3219 1798 ille
3268 1761 3499 1814 magnus

237 1823 430 1897 βροχή.
472 1825 638 1896 Ὁμοῦ
664 1828 756 1878 καὶ
787 1829 816 1878 ὁ
846 1827 1104 1899 θερισμὸς
1140 1828 1324 1900 ἄρχων
1353 1829 1446 1882 ἐὰν
1477 1829 1680 1901 συληθῇ
1711 1832 1814 1884 ὑπὸ

1924 1835 2166 1904 producit
2212 1836 2439 1891 nebulas
2465 1853 2531 1891 ex
2561 1838 2870 1906 semetipso,
2903 1837 2979 1892 uti
3009 1837 3265 1891 obscuret
3312 1837 3363 1890 in
3412 1837 3497 1895 ira

233 1919 334 1988 τῆς
384 1919 678 1986 παρθένου,
721 1923 975 1992 καταχέει
1026 1921 1211 1992 λοιμὸν
1269 1923 1355 1992 ἐφ’
1387 1924 1514 1994 ὅλης
1566 1925 1663 1995 τῆς
1693 1925 1814 1996 γῆς,

234 2009 386 2072 ὅπως
415 2009 701 2083 θανατώσῃ
732 2013 858 2076 τοὺς
889 2012 1230 2084 ἀνθρώπους·
1257 2014 1315 2066 τὸ
1337 2013 1443 2086 γὰρ
1482 2015 1639 2086 σῶμα
1665 2015 1818 2069 τοῦτο

235 2102 440 2173 κόσμος
472 2103 718 2158 καλεῖται
755 2105 890 2176 πρὸς
916 2105 1006 2157 τὸν
1051 2105 1228 2176 μέγαν
1268 2108 1492 2176 κόσμον’
1519 2109 1613 2160 καὶ
1643 2109 1690 2160 οἱ
1729 2109 1818 2162 ἄν·

235 2194 449 2267 θρωποι
473 2198 676 2262 πάντες
705 2198 863 2269 ῥίζας
899 2198 1101 2268 ἔχουσι,
1156 2198 1304 2252 κάτω
1341 2199 1680 2263 συνδεθείσας
1705 2201 1817 2261 τοῖς

233 2288 371 2345 ἀνω.
415 2289 646 2344 Ὀπύταν
675 2287 767 2344 οὖν
816 2292 1015 2362 συληθῇ
1055 2292 1158 2346 ὑπὸ
1210 2291 1308 2362 τῆς
1345 2291 1636 2364 παρθένου,
1690 2292 1809 2344 τότε

231 2382 461 2455 ἄρχεται
496 2384 718 2438 κόπτειν
760 2385 859 2448 τὰς
890 2384 1042 2456 ῥίζας
1073 2385 1180 2438 τῶν
1213 2385 1534 2457 ἀνθρώπων·
1571 2387 1663 2438 καὶ
1685 2386 1811 2439 ὅταν

232 2475 476 2530 κοπῶσιν
505 2479 558 2530 αἱ
593 2477 737 2548 ῥίζαι
766 2478 966 2540 αὐτῶν,
1014 2479 1132 2531 τότε
1183 2479 1410 2551 ἄρχεται
1451 2479 1634 2549 λοιμὸς
1664 2479 1811 2548 γίνε-

233 2565 379 2632 σθαι,
415 2569 510 2622 κει)⁹
539 2569 711 2633 οὕτως
742 2571 1198 2641 ἀποθνήσκουσιν.
1237 2570 1360 2624 Ἐὰν
1383 2570 1438 2623 δὲ
1470 2571 1538 2623 τὰ
1573 2570 1684 2623 ἄνω
1712 2569 1810 2639 τῆς

235 2658 397 2729 ῥίζης
431 2661 576 2731 πόνῳ
608 2661 864 2733 σαλεῦσῃ,
901 2664 1123 2734 σεισμὸς
1165 2663 1408 2732 γίγνεταί
1443 2681 1524 2726 τε,
1560 2665 1653 2716 καὶ
1681 2665 1812 2716 ἐπα-

235 2751 502 2811 κολουθεῖ,
536 2755 958 2824 συγκινουμένου
993 2756 1090 2825 μὲν
1138 2754 1231 2808 τοῦ
1294 2756 1614 2826 Ὠμοφόρου·
1671 2753 1809 2825 αῦτη

231 2848 268 2916 ἡ
297 2846 443 2900 αἰτία
471 2847 562 2900 τοῦ
609 2847 860 2902 θανάτου.

1915 1943 2016 1996 sua
2065 1942 2283 1982 omnem
2331 1929 2636 1996 mundum;
2673 1930 2764 1998 qui
2817 1945 2940 1984 cum
2990 1930 3282 1986 tribulatus
3331 1931 3498 1985 fuerit

1914 2016 2230 2086 plurimum,
2267 2017 2408 2072 sicut
2442 2018 2607 2074 homo
2655 2021 2816 2074 sudat
2865 2029 2986 2089 post
3028 2021 3296 2088 laborem,
3345 2023 3416 2078 ita
3444 2031 3500 2078 et

1915 2106 2003 2159 hic
2038 2106 2292 2176 princeps
2337 2109 2493 2162 sudat
2527 2125 2592 2164 ex
2627 2110 2974 2165 tribulatione
3029 2110 3146 2180 (79)
3176 2128 3294 2176 sua,
3337 2115 3495 2181 cujus

1914 2199 2082 2254 sudor
2108 2198 2304 2267 pluviae
2337 2207 2468 2255 sunt
2498 2199 2632 2270 (80).
2690 2201 2798 2256 Sed
2829 2210 2882 2255 et
2921 2202 3116 2256 messis
3141 2203 3411 2271 princeps,
3447 2205 3492 2259 si

1915 2291 2171 2360 deceptus
2195 2288 2359 2344 fuerit
2391 2289 2703 2362 a.Virgine,
2733 2292 2960 2346 ell'undit
2991 2301 3194 2361 pestem
3240 2295 3348 2363 (8|)
3395 2310 3493 2350 su-

1915 2389 2010 2453 per
2037 2393 2260 2448 terram,
2316 2382 2393 2438 ita
2433 2393 2490 2437 ut
2524 2394 2698 2438 morte
2729 2384 2927 2439 alliciat
2959 2385 3244 2452 homines;
3292 2402 3494 2456 corpus

1915 2476 2059 2530 enim
2101 2475 2204 2530 hoc
2234 2474 2470 2530 mundus
2495 2485 2741 2539 vocatur,
2769 2475 2833 2529 ad
2866 2461 3275 2532 similitudinem
3311 2479 3494 2545 magni

1915 2566 2080 2636 hujus
2113 2566 2322 2627 mundi,
2348 2575 2402 2620 et
2431 2582 2621 2621 omnes
2650 2568 2898 2622 homines
2929 2569 3020 2638 qui
3058 2578 3185 2622 sunt
3209 2570 3490 2632 deorsum,

1911 2659 2124 2712 radices
2171 2657 2369 2712 habent
2419 2674 2638 2712 sursum
2688 2659 2966 2729 colligatus
2998 2659 3129 2730 (82).
3183 2659 3318 2714 Cum
3362 2675 3494 2730 ergo

1913 2751 2172 2820 deceptus
2199 2749 2362 2804 fuerit
2396 2763 2426 2802 a
2454 2747 2698 2819 Virgine,
2732 2757 2861 2804 tunc
2891 2751 3078 2819 incipit
3105 2750 3214 2820 (8⁸5)
3242 2751 3495 2806 excidere

1915 2842 2126 2896 radices
2169 2840 2491 2906 hominum;
2542 2849 2597 2894 et
2641 2856 2762 2894 cum
2794 2844 2989 2904 excisa:
3036 2841 3239 2896 fuerint
3282 2841 3496 2897 radices

231 2954 448 3004 eorum,
481 2941 710 2994 efﬁcitur
771 2942 1096 3011 pestilentia.
1149 2953 1203 2998 et
1252 2944 1324 2997 ita
1360 2944 1690 2998 moriuntur.
1748 2939 1954 3008 Quodsi
2001 2935 2310 3006 superiores
2343 2945 2526 3004 partes
2576 2936 2815 2990 radicum
2863 2937 3093 2994 validius
3135 2938 3492 3001 concusserit,

231 3029 294 3108 fit
343 3043 500 3083 terra:
546 3042 746 3094 motus,
801 3041 855 3085 et
906 3032 1206 3101 insequitur
1234 3033 1527 3102 0m0phori
1578 3031 1868 3087 concussio
1899 3027 2010 3099 (84)
2047 3044 2060 3080 :
2090 3035 2144 3080 et
2171 3027 2286 3080 haac
2315 3035 2399 3079 est
2429 3025 2616 3080 mortis
2645 3027 2882 3081 occasio.

319 3120 460 3192 Ἐρῶ
487 3121 542 3174 δὲ
566 3123 692 3192 ὑμῖν
726 3124 818 3175 καὶ
845 3123 1023 3186 τοῦτο,
1053 3125 1169 3188 πῶς
1203 3126 1584 3196 μεταγγιζεται
1612 3129 1645 3196 ἡ
1668 3123 1813 3195 ψυχὴ
1842 3129 1883 3184 C

232 3212 317 3276 εἰς
343 3213 504 3266 πέντε
533 3213 780 3284 σώματα.
804 3216 1024 3288 Πρῶτον
1045 3216 1399 3288 καθαρίζεται
1427 3217 1620 3289 μικρόν
1643 3235 1692 3270 τι
1710 3217 1803 3268 ἀπ’

227 3305 420 3375 αῦτῆςο
441 3301 559 3359 εἶτα
591 3309 978 3376 μεταγγίζεται
1004 3311 1084 3371 εἰς
1113 3309 1291 3374 κυνὸς,
1315 3309 1348 3381 ἢ
1373 3312 1450 3374 εἰς
1482 3309 1748 3380 καμήλου,
1771 3308 1804 3380 ἢ

229 3399 313 3462 εἰς
330 3398 515 3469 ἑτέρου
539 3397 675 3460 {dion
696 3399 872 3469 σῶμα.
892 3401 1014 3454 Ἐὰν
1035 3398 1138 3474 6ὲῇ
1162 3404 1528 3470 πεφονευκυῖα
1543 3401 1709 3473 ψυχὴ,
1729 3403 1808 3464 εἰς

230 3489 476 3558 κελεφῶν
499 3488 609 3560 [ἷσ.
643 3491 999 3564 ὲλεςραντιῶν]
1033 3493 1190 3564 σῶμα
1223 3497 1606 3566 μεταφέρεται·
1635 3495 1727 3548 ἐὰν
1751 3492 1808 3545 δὲ

229 3580 495 3652 θερίσασα
525 3581 746 3654 εὑρεθῇ,
777 3585 856 3647 εἰς
885 3584 1227 3654 μογιλάλους.
1257 3585 1370 3656 Τῆς
1395 3586 1451 3639 δὲ
1484 3585 1660 3656 ψυχῆς
1691 3587 1807 3638 ἐστι

227 3676 302 3724 τὰ
321 3670 560 3743 ὀνόματα
588 3672 780 3737 ταῦτα,
801 3672 946 3737 νοῦς,
968 3674 1166 3738 ἔννοια,
1189 3674 1472 3748 φρόνησις,
1490 3673 1806 3745 ὲνθύμησις,

229 3762 509 3834 λογισμός.
534 3766 595 3817 Οἱ
617 3765 674 3817 δὲ
707 3764 971 3837 θερισταὶ,
997 3766 1109 3818 ὅσοι
1133 3765 1458 3836 θερίζουσιν.
1474 3760 1681 3819 ἐοίκασι
1698 3769 1808 3830 τοῖς

230 3855 461 3926 ἄρχουσι
481 3858 592 3920 τοῖς
624 3857 874 3928 ἀπαρχῆς
906 3853 1054 3910 οὖσιν
1076 3859 1154 3922 εἰς
1172 3857 1379 3923 σκότος,
1409 3859 1496 3911 ὅτε
1517 3858 1718 3928 ἔφαγον
1745 3860 1809 3911 ὲκ

227 3947 332 4016 τῆς
353 3946 445 4000 τοῦ
464 3946 678 4018 πρώτου
710 3947 996 4020 ἀνθρώπου
1028 3949 1346 4014 πανοπλίας.
1373 3951 1463 4003 Διὸ
1487 3951 1698 4022 ἀνάγκη
1721 3951 1813 4003 αὐ-

228 4039 361 4102 τοὺς
375 4039 800 4112 μεταγγισθῆναι
817 4042 896 4104 εἰς
907 4041 1114 4112 χόρτον,
1134 4042 1167 4113 ἢ
1184 4044 1262 4107 εἰς
1279 4042 1536 4116 φασήλια,
1553 4043 1586 4114 ἢ
1604 4043 1683 4106 εἰς
1699 4059 1814 4114 κρι-

307 4212 417 4284 (77)
457 4212 644 4268 Melior
682 4214 737 4268 in
784 4229 954 4286 seqq.
984 4213 1267 4286 Epiphanii
1316 4215 1513 4281 lcetio,
1565 4229 1687 4284 qua:
1731 4214 1812 4270 sic

228 4283 426 4340 Latine
483 4293 682 4339 sonat:
720 4302 738 4335 ι
774 4283 992 4338 Amoris
1031 4283 1208 4340 histro
1253 4295 1526 4355 aguntur,
1577 4283 1811 4353 cumque

227 4371 352 4409 eam
402 4356 618 4424 assequi
668 4363 964 4423 nequeant,
1017 4365 1167 4410 extra
1213 4367 1446 4410 mentem
1501 4355 1644 4421 acti,
1702 4371 1811 4423 prae

229 4439 421 4479 amore
449 4435 502 4478 et
533 4425 823 4494 cupiditate
852 4426 1046 4479 mirum
1081 4425 1132 4478 in
1169 4426 1388 4480 modum
1427 4425 1807 4491 exardescunt,

227 4495 372 4549 Cum
403 4495 586 4564 igitur,
613 4495 1024 4566 accurrentibus
1065 4495 1191 4561 illis,
1222 4497 1373 4566 virgo
1397 4511 1457 4550 se
1484 4511 1551 4549 ex
1590 4496 1808 4550 illorum

226 4575 456 4632 aspectu
489 4565 827 4628 subduxerit,
858 4574 1005 4628 tunc,
1039 4575 1141 4620 etc.
1181 4585 1201 4618 ι

305 4634 420 4705 (78)
459 4633 597 4689 Male
622 4637 788 4689 codex
822 4635 1125 4699 Bobiensis,
1157 4653 1176 4687 ι
1210 4635 1450 4690 libidinis
1479 4635 1682 4692 amoris
1717 4653 1810 4693 ca-

230 4702 440 4771 lorem;
475 4720 599 4760 cum
640 4720 769 4776 ergo
798 4707 1141 4761 currentibus
1176 4707 1256 4761 eis
1286 4714 1410 4776 post
1434 4721 1577 4774 eam,
1617 4708 1766 4778 virgo
1790 4749 1803 4774 ,

231 4784 342 4828 etc.
384 4793 402 4824 ι

311 4842 423 4913 (79)
463 4841 607 4898 ldem
651 4843 856 4911 codex,
897 4861 917 4895 ι
954 4846 1114 4900 sudat
1144 4844 1193 4900 ei
1239 4859 1304 4899 ex
1355 4844 1745 4913 tribulatione;
1783 4865 1802 4897 ι

232 4929 402 4983 prava
437 4914 619 4983 lectio.
1484 4919 1486 4922 ’

308 4983 419 5053 (80)
462 4982 796 5052 Epiphanius
821 4983 982 5037 habet
1008 4999 1072 5039 ex
1102 4983 1355 5039 versione
1376 4982 1581 5053 Petavii
1611 5001 1624 5037 :
1661 5003 1680 5036 ι
1718 4984 1809 5040 Sic

232 5063 289 5107 et
321 5052 569 5122 princeps
595 5053 751 5119 alter,
785 5069 995 5107 messor
1022 5055 1354 5123 appellatus,
1389 5057 1434 5110 si
1471 5052 1706 5124 Virginis
1740 5057 1807 5108 il-

232 5124 450 5178 lecehra
475 5124 738 5191 capiatur,
771 5134 972 5192 pestem
1010 5127 1063 5177 in
1100 5126 1408 5178 universam
1457 5134 1654 5180 terram
1689 5141 1810 5192 per-

232 5194 430 5248 dendis
465 5193 777 5248 hominibus
823 5194 1082 5248 immittit.
1129 5213 1146 5246 ι
1184 5195 1240 5248 ln
1277 5204 1424 5249 textu
1454 5205 1633 5247 tamen
1662 5193 1810 5249 Grae-

233 5278 327 5328 co,
363 5280 384 5315 ι
413 5264 618 5335 messis
641 5282 672 5335 -ι
704 5273 806 5330 εει,
835 5280 942 5317 ιιοιι
973 5279 1213 5331 messor;
1249 5266 1340 5320 sed
1369 5265 1598 5320 fortasse
1633 5266 1812 5335 legen-

233 5337 368 5404 dum
406 5332 686 5404 θερισμοῦ.

315 5402 428 5472 (81)
464 5402 643 5456 Codex
675 5403 1010 5468 Casinensis,
1058 5422 1077 5456 ‹
1117 5405 1342 5459 ellundit
1374 5405 1592 5460 famem.
1636 5423 1654 5455 ι
1705 5403 1810 5459 Bo-

237 5473 466 5544 lgiernsis,
495 5491 514 5524 ι
551 5474 785 5527 effundet
807 5475 1022 5528 famem.
1060 5495 1077 5526 ι
1120 5475 1222 5529 Sed
1255 5492 1350 5529 nos
1374 5492 1438 5530 ex
1477 5491 1627 5544 seqq.
1663 5484 1716 5529 et
1744 5492 1809 5528 cx

237 5543 566 5612 Epiphanio,
603 5563 620 5594 ι
658 5554 882 5612 pestem,
927 5564 944 5595 ι
977 5547 1378 5600 substituimus.
1422 5543 1605 5600 Facile
1627 5557 1808 5598 autem

240 5614 349 5668 fuit
397 5614 561 5684 veteri
598 5613 791 5668 Latino
840 5615 1120 5684 interpreti
1167 5618 1237 5670 ob
1270 5616 1682 5670 similitudinem
1715 5631 1808 5667 vo-

239 5697 391 5750 cum,
422 5683 595 5754 λιμός,
654 5684 913 5756 «fames,
971 5683 998 5736 ι
1039 5695 1093 5741 ει
1137 5685 1341 5756 λοιμός,
1396 5704 1414 5737 ι
1474 5687 1660 5754 pestis,
1699 5704 1717 5735 ι
1755 5687 1807 5737 in

242 5757 390 5808 hunc
420 5768 662 5808 errorem
692 5755 947 5810 incidere.

1989 3119 2082 3174 IX.
2125 3118 2312 3173 Dicam
2345 3126 2525 3172 autem
2559 3118 2732 3184 vobis,
2783 3119 3056 3189 quomodo
3099 3128 3154 3175 et
3197 3121 3393 3176 anima;
3436 3122 3491 3179 in

1908 3213 2012 3267 alia
2063 3225 2281 3280 quoque
2329 3224 2558 3278 corpora
2601 3209 3056 3265 trausfunduntur
3088 3211 3222 3282 (85).
3277 3212 3334 3266 In
3385 3215 3491 3270 hoc

1908 3305 2084 3375 primo
2112 3312 2374 3374 purgatur
2396 3300 2599 3371 aliquid
2629 3317 2690 3355 ex
2725 3318 2788 3358 ea
2817 3317 3036 3371 parum;
3082 3305 3276 3359 deinde
3309 3317 3492 3361 trans-

1910 3396 2159 3451 funditur
2194 3399 2248 3453 in
2299 3415 2513 3464 canem,
2571 3408 2664 3454 aut
2709 3399 2764 3453 in
2799 3401 3096 3467 camelum,
3147 3411 3241 3458 aut
3275 3403 3326 3460 in
3359 3405 3493 3460 alte-

1909 3487 2025 3542 rius
2043 3491 2296 3545 animalis
2319 3507 2537 3560 corpus.
2573 3491 2728 3557 Quod
2753 3492 2798 3546 si
2836 3493 3182 3548 homicidium
3211 3496 3493 3550 commisit

1909 3582 2112 3646 anima,
2137 3582 2189 3635 in
2213 3583 2709 3651 elephantiacorum
2739 3599 2964 3653 corpora
3005 3584 3115 3653 (86)
3152 3585 3490 3641 transfundi-

1912 3678 2033 3736 tur;
2087 3670 2231 3739 quod
2280 3671 2324 3724 si
2377 3686 2608 3725 messem
2658 3673 2870 3739 secuit,
2921 3675 2976 3727 in
3013 3684 3212 3729 mutos.
3260 3673 3490 3732 Nomina

1911 3771 2089 3814 autem
2129 3761 2325 3816 animae
2354 3771 2481 3818 sunt
2514 3765 2616 3818 ista
2636 3805 2649 3827 ,
2687 3779 2839 3818 meus
2860 3806 2874 3831 ,
2908 3781 3132 3830 sensus,
3163 3768 3446 3837 prudentia
3467 3809 3483 3833 ,

1913 3850 2237 3916 intellectus,
2268 3853 2525 3922 cogitatio
2554 3853 2686 3924 (87).
2725 3854 2990 3910 Messores
3011 3848 3188 3910 autem
3217 3858 3306 3926 qui
3341 3873 3486 3912 mes-

1911 3957 2024 3996 sem
2061 3951 2288 4009 metunt,
2323 3945 2679 4000 conferuntur
2709 3948 3065 4015 principibus,
3097 3949 3190 4017 qui
3219 3964 3283 4002 ex
3314 3958 3486 4002 matc-

1912 4036 1990 4089 ria
2018 4037 2119 4091 orti
2151 4036 2382 4109 (88-89),
2404 4038 2458 4092 in
2490 4039 2726 4094 tenebris
2753 4049 2979 4105 sunt,ex
3003 4057 3108 4111 quo
3130 4042 3488 4098 manducave-

1983 4213 2095 4283 (82)
2138 4212 2473 4284 Epiphanius
2513 4211 2676 4267 habet
2705 4231 2719 4267 :
2757 4231 2775 4264 ι
2809 4211 2874 4265 Ει
2902 4227 3090 4284 omnes
3123 4211 3369 4267 homines
3400 4230 3484 4267 ra-

1913 4283 2060 4338 dices
2087 4283 2288 4338 habent
2321 4284 2462 4338 inl'ra
2489 4299 2612 4338 cum
2641 4283 3012 4353 superioribus
3046 4299 3337 4337 connexas.
3373 4303 3392 4336 ι

1986 4354 2096 4424 (85)
2136 4354 2317 4409 Codex
2351 4355 2653 4424 Bobiensis,
2690 4373 2708 4405 ι
2747 4363 2874 4406 tunc
2897 4369 3019 4407 cum
3049 4354 3284 4424 incipiet.
3322 4371 3340 4405 ι

1987 4423 2098 4495 (84)
2137 4424 2292 4493 Apud
2328 4423 2685 4494 Epiphanium
2719 4424 2914 4492 legitur
2953 4445 2964 4477 :
3005 4443 3022 4475 ‹
3055 4423 3207 4490 Quod
3241 4424 3286 4477 si
3322 4438 3485 4494 supe-

1841 4481 1885 4536 ι)
1913 4481 2093 4550 ι·ἰοίἐε’
2124 4481 2304 4565 με’τιεε
2334 4481 2575 4548 radicum
2610 4510 2720 4563 prae
2744 4481 2926 4565 labore
2957 4481 3293 4565 qtlariantur,
3330 4481 3487 4565 terra:

1909 4576 2089 4619 motus
2113 4563 2169 4618 lit
2193 4574 2372 4633 ,atque
2393 4565 2762 4634 consequitur,
2782 4563 3093 4633 OmOphoro
3115 4563 3328 4633 quidem
3356 4564 3488 4618 insi-

1910 4653 1960 4689 ιιι
1971 4636 2021 4689 ul
2049 4650 2335 4690 concusso.
2374 4655 2392 4687 ι

1979 4706 2092 4776 (85)
2118 4705 2317 4776 _Codex
2366 4703 2665 4776 Bobiensis,
2723 4722 2742 4754 ‹
2786 4701 3300 4776 transferunt_ur;_i
3348 4702 3486 4776 mala

1908 4771 2088 4830 lectio.
2117 4774 2449 4845 Epiphanius
2475 4774 2659 4845 habet,
2689 4791 2706 4822 ‹
2735 4773 3007 4845 quomodo
3035 4771 3213 4824 anima
3243 4771 3296 4823 in
3326 4773 3488 4840 quin-

1909 4863 2019 4916 que
2047 4842 2275 4914 corpora
2312 4842 3038 4916 transfundatur.Primum,
3070 4850 3174 4895 etc.
3195 4859 3238 4916 _r

1980 4915 2091 4985 (86)
2134 4910 2312 4969 Codex
2341 4913 2645 4974 Bobiensis,
2692 4931 2710 4963 ‹
2751 4911 3100 4985 homicidium
3144 4910 3382 4985 admisit,
3424 4927 3482 4985 a-

1911 4979 2142 5038 nima'in
2173 4986 2580 5053 elephantorum
2617 4996 2868 5050 corpora.
2904 5001 2923 5033 ‹
2958 4983 3013 5035 In
3040 4979 3319 5053 Casinensi
3349 4982 3485 5053 scr-if

1910 5056 2056 5108 bitur
2078 5094 2093 5117 ,
2135 5073 2153 5106 ι
2193 5051 2529 5108 ἱιιέἱεΐίιιιιὶο
2561 5065 2750 5106 eorum
2776 5068 3001 5120 corpora
3021 5090 3034 5113 ,
3074 5069 3093 5102 ι
3125 5051 3267 5120 quod
3300 5052 3486 5118 procul

1910 5126 2098 5190 dubio,
2130 5144 2148 5176 ι
2186 5124 2706 5193 elephantiacorum,
2747 5140 2764 5172 ι
2800 5123 2900 5192 legi
2937 5123 3115 5193 debet.
3154 5120 3486 5193 Epiphanius

1912 5205 2090 5248 tamen
2146 5191 2335 5260 habet,
2387 5191 2670 5263 κελεφῶν,
2709 5209 2728 5244 ι
2780 5191 3125 5262 celephorum
3183 5209 3201 5242 ι
3242 5192 3482 5258 ignotum

1912 5265 2313 5338 tnilii_an_imal._
2528 5333 2562 5338 __
2791 5332 2802 5338 _
3007 5332 3018 5338 ,
3077 5329 3116 5338 ,,
3160 5329 3172 5338 ,
3217 5331 3228 5338 .
3329 5327 3340 5338 .

1980 5335 2092 5403 (87)
2133 5333 2387 5409 Petavius
2436 5333 2636 5409 melius
2672 5332 2832 5409 vertit
2881 5332 3019 5409 apud
3071 5329 3438 5409 Epiphaniqu
3466 5369 3482 5392 ,

1918 5421 1935 5453 ‹
1971 5420 2144 5468 ιιιειιε,
2199 5404 2382 5468 notio,
2435 5404 2816 5472 intelligentia,
2863 5404 3152 5472 cogitatio,
3193 5404 3483 5453 ratiocina-

1911 5484 2007 5529 tto.
2043 5492 2061 5525 ι

1985 5541 2198 5612 (88-89)
2232 5542 2409 5598 Codex
2427 5541 2726 5607 Bobiensis,
2751 5559 2770 5593 ι
2793 5541 2886 5610 qui
2914 5556 2980 5595 ex
3011 5538 3235 5613 materia
3251 5538 3429 5613 __ho_rti,
3456 5555 3476 5588 ι

1911 5608 2399 5683 typographorum,
2443 5624 2498 5667 ut
2537 5613 2781 5683 videtur,
2812 5608 3018 5683 errore.
3062 5609 3218 5683 Apud
3250 5608 3484 5678 Epipha-

1912 5681 2060 5737 niuni
2090 5681 2306 5752 legitur,
2341 5703 2360 5736 ι
2393 5685 2486 5754 qui
2517 5685 2586 5738 ab
2616 5682 2769 5736 initio
2792 5683 2847 5735 in
2875 5681 3109 5736 tenebris
3143 5689 3289 5735 sunt.
3326 5697 3346 5730 ι
