3922 6490
433 337 580 393 “13

1431 338 1614 393 ACTA
1667 334 2196 395 DlSl’UTATIONlS
2237 338 2294 393 S.
2337 331 2689 392 ARCHELM

3573 335 3718 390 HM

436 467 566 512 runt
598 457 665 513 de
699 458 856 528 primi
883 459 1119 515 hominis
1150 469 1448 518 armatura.
1483 461 1710 532 Propter
1740 463 1882 533 quod
1927 478 2016 517 ne-

2128 462 2240 534 θὴν,
2271 462 2302 534 ἢ
2330 464 2410 527 είς
2442 463 2663 533 στάχυν,
2690 460 2724 533 ἢ
2759 461 2838 525 είς
2875 460 3102 532 λάχανα,
3163 460 3252 514 ῖνα
3283 456 3586 524 θερισθῶσι
3617 458 3720 511 καὶ

437 565 592 606 cesse
636 559 717 606 est
757 567 851 607 eos
892 552 1197 607 transfundi
1247 553 1300 607 in
1351 553 1556 609 {mnum
1584 563 1677 608 aut
1725 555 1779 608 in
1837 553 2017 609 faseo~

437 640 586 708 lum,
631 651 724 698 aut
769 643 822 697 in
859 644 1147 710 hordeum,
1178 656 1272 700 aut
1297 645 1352 700 in
1377 646 1546 714 olera,
1587 656 1648 701 ut
1675 655 1728 701 et
1768 647 1870 717 ipsi
1923 647 2018 702 de-

439 724 695 791 secentur
745 744 798 790 et
861 737 1242 791 demetantur:
1272 747 1326 792 et
1385 739 1477 808 qui
1523 738 1855 794 manducant
1923 754 2020 808 pa-

445 843 590 895 nem,
631 843 853 883 necesse
897 839 980 883 est
1031 839 1089 882 ut
1129 838 1182 883 et
1226 829 1327 898 ipsi
1391 832 1810 897 mauducentur,
1864 832 2020 901 panis

442 917 637 972 etl'ecti.
671 908 796 985 ’ριιὶ
847 919 1106 973 occiderit
1142 921 1371 988 pullum,
1423 930 1476 976 et
1509 922 1623 992 ipsc
1669 924 1852 993 pullus
1878 923 2013 990 erit,

443 1009 535 1079 qui
564 1025 794 1073 murem,
846 1026 971 1064 mus
1003 1011 1163 1064 etiam
1197 1011 1311 1082 ipse
1342 1014 1464 1066 erit.
1521 1011 1577 1067 Si
1607 1015 1730 1084 quis
1770 1032 1896 1070 vero
1937 1025 2019 1070 est

441 1101 593 1156 dives
626 1100 737 1172 (90)
766 1102 819 1155 in
857 1100 959 1157 hoc
1005 1103 1228 1167 mundo,
1278 1119 1400 1158 cum
1453 1105 1645 1160 exierit
1688 1107 1754 1161 de
1793 1122 2020 1176 corpore

346 1204 348 1206 '
443 1208 565 1259 suo,
603 1208 824 1248 necesse
856 1203 938 1248 est
968 1210 1092 1248 eum
1133 1197 1186 1249 in
1230 1212 1428 1266 corpus
1458 1199 1710 1266 pauperis
1743 1197 1914 1268 injici,
1950 1199 2020 1252 ita

444 1297 503 1342 ut
524 1289 781 1352 ambulet,
812 1296 866 1342 et
888 1288 1156 1342 mendicet
1185 1288 1318 1360 (9|),
1343 1298 1395 1343 et
1422 1300 1544 1359 post
1569 1291 1682 1344 haec
1709 1301 1795 1344 eat
1827 1293 1878 1345 in
1907 1307 2021 1361 pm-

448 1394 545 1433 uas
569 1389 817 1433 aeternas.
844 1380 975 1434 Cum
1000 1396 1130 1451 ergo
1157 1397 1355 1450 corpus
1401 1382 1502 1436 hoc
1528 1383 1831 1451 principum
1855 1385 1945 1450 sit,
1969 1397 2023 1438 et

446 1472 704 1538 materiai,
742 1488 962 1528 necesse
985 1483 1067 1527 cst
1091 1487 1237 1535 eum,
1271 1473 1362 1542 qui
1399 1474 1722 1542 plantaverit
1751 1491 2018 1545 perseam,

448 1565 676 1618 transire
702 1580 795 1636 per
820 1567 986 1620 multa
1009 1581 1260 1636 corpora,
1282 1581 1564 1636 usquequo
1587 1581 1775 1636 persea
1798 1568 1889 1622 illa
1910 1569 2022 1641 (92)

445 1675 608 1730 quam
650 1661 1006 1729 plautaverat,
1040 1660 1310 1715 concidat.
1345 1659 1448 1725 Qui
1479 1671 1661 1714 autem
1701 1657 2017 1715 aediﬁcave-

451 1755 518 1808 rit
570 1754 671 1808 sibi
721 1755 966 1822 domum,
1019 1755 1364 1824 dispergetur
1393 1755 1504 1823 (95)
1548 1770 1641 1824 per
1671 1754 1852 1808 omnia
1893 1770 2019 1809 cor—

2121 554 2351 608 κοπῶσι.
2383 555 2492 608 Καὶ
2518 554 2573 607 ετ
2596 572 2681 618 τις
2734 553 2897 607 πάλιν
2937 553 3105 606 ἐσθίει
3129 553 3314 624 ἄρτον,
3346 552 3567 622 ἀνάγκη
3619 553 3720 603 καὶ

2118 645 2281 698 αὐτὸν
2308 644 2604 716 βρωθῆναι,
2667 645 2830 717 ἄρτον
2871 645 3182 715 γενόμενον.
3233 644 3304 697 Εἴ
3340 662 3429 707 τις
3461 643 3718 712 φονεύσει

2118 736 2373 809 ὀρνίθιον,
2403 735 2636 808 ὀρνίθιον
2659 735 2831 788 ἔσται.
2861 734 2929 789 Ei
2951 753 3036 798 τις
3055 735 3302 804 φονεύσει
3327 735 3456 805 μῦν,
3491 735 3594 786 καὶ
3622 734 3720 786 αὖ-

2119 829 2208 893 τὸς
2241 828 2346 900 μῦς
2379 828 2552 882 ἔσται.
2582 829 2650 881 Εἴ
2697 846 2782 892 τις
2816 827 2976 880 πάλιν
3013 828 3130 880 ἐστὶ
3157 826 3415 889 πλούσιος
3446 829 3507 879 ἐν
3539 824 3721 891 τούτῳ

2120 919 2198 990 τῷ
2231 920 2441 990 κόσμῳ,
2465 919 2558 973 καὶ
2585 918 2679 973 ἐὰν
2705 918 2896 992 ἐξέλθῃ
2926 919 2988 970 ἐκ
3007 917 3100 970 τοῦ
3129 917 3491 990 σκηνώματός
3521 916 3718 977 αὑτοῦ,

2122 1013 2334 1082 ἀνάγκη
2362 1011 2521 1064 αὑτὸν
2544 1013 2624 1074 είς
2645 1011 2861 1081 πτωχοῦ
2889 1009 3048 1081 σῶμα
3087 1010 3548 1081 μεταγγισθῆναι,
3577 1009 3720 1061 ὥστε

2123 1103 2529 1176 περιπατοῦντα
2589 1103 2754 1158 αὐτὸν
2812 1103 3128 1173 ὲπαιτῆσαι,
3182 1102 3276 1155 καὶ
3331 1109 3469 1172 μετα
3542 1119 3723 1155 ταυτα

2122 1197 2361 1252 ἀνελθεῖν
2395 1197 2557 1250 αὑτὸν
2588 1198 2668 1259 εἰς
2692 1197 2910 1250 κόλασιν
2940 1193 3175 1248 αἰώνιον.
3229 1194 3336 1248 Τοῦ
3363 1194 3422 1248 δὲ
3460 1194 3721 1265 adipate;

2121 1290 2310 1345 τούτου
2351 1289 2502 1353 ὖντος
2547 1287 2654 1341 τῶν
2701 1289 2976 1361 ἀρχόντων
3017 1289 3111 1341 καὶ
3160 1288 3258 1360 τῆς
3288 1287 3444 1359 ὕλης,
3495 1289 3719 1359 ἀνάγκη

2122 1384 2212 1437 τὸν
2240 1382 2540 1453 φυτεύοντα
2568 1381 2808 1453 περσέαν
2849 1380 3074 1434 διελθεῖν
3121 1379 3290 1433 πολλὰ
3325 1381 3585 1451 σώματα,
3618 1381 3722 1443 ἕως

2124 1476 2190 1530 ἂν
2216 1473 2526 1545 καταϐληθῇ
2561 1475 2594 1545 ή
2637 1474 2847 1544 περσέα
2870 1474 3072 1544 ἐκείνη.
3120 1475 3182 1527 Εἰ
3226 1473 3282 1526 δέ
3317 1491 3402 1537 τις
3434 1473 3722 1544 οἰκοδομεῖ

2125 1565 2301 1636 ἐαυτῷ
2330 1565 2530 1627 οἰκίαν,
2554 1564 3095 1636 διασπαραχθήσεται
3123 1565 3204 1628 εἰς
3230 1564 3298 1617 τὰ
3331 1563 3428 1617 ὅλα
3460 1564 3720 1635 σώματα.

2125 1658 2192 1710 Εῖ
2216 1674 2298 1720 τις
2324 1655 2538 1709 λούεται
2562 1656 2642 1719 εἰς
2685 1656 2742 1708 τὸ
2769 1654 2939 1725 ὕδωρ,
2981 1657 3080 1727 τὴν
3127 1655 3322 1709 ἑαυτοῦ
3354 1655 3537 1726 ψυχὴν
3580 1659 3720 1725 πήσ-

2127 1767 2228 1803 σει·
2255 1750 2349 1803 καὶ
2376 1750 2532 1813 εἴτις
2562 1750 2622 1802 οὐ
2661 1748 2844 1801 δίδωσι
2873 1751 2984 1812 τοῖς
3020 1748 3297 1820 ἐκλεκτοῖς
3342 1749 3509 1801 αὑτοῦ
3554 1749 3719 1801 εὗσέ-

447 1857 598 1913 pora.
631 1841 684 1896 Si
719 1843 842 1913 quis
869 1844 1061 1897 laverit
1089 1843 1223 1898 sein
1249 1858 1412 1912 aqua,
1439 1843 1677 1896 animam
1713 1858 1868 1896 suam
1902 1843 2018 1894 vul-

2128 1843 2292 1906 ϐειαν,
2324 1843 2716 1913 κολασθήσεται
2746 1845 2825 1905 είς
2856 1841 2955 1905 τὰς
2985 1840 3198 1910 γενεὰς,
3231 1843 3325 1895 καὶ
3357 1860 3721 1912 μετενσωμα-

449 1943 604 1989 uerat
633 1935 787 2005 (94);
821 1944 875 1990 et
911 1935 1004 2005 qui
1044 1951 1152 1990 non
1184 1935 1498 2004 praestiterit
1537 1935 1726 1988 electis
1768 1934 2018 2004 ejusali-

448 2037 628 2081 menta
661 2027 801 2096 (95),
830 2028 1006 2097 pcenis
1035 2025 1297 2082 subdetur
1316 2027 1575 2096 gehennae
1606 2027 1737 2098 (96),
1768 2038 1817 2081 ει
1843 2037 2020 2081 trans-

447 2113 714 2170 formatur
761 2117 813 2170 in
870 2118 1394 2172 catechumenorum
1440 2133 1692 2186 corpora,
1736 2134 2019 2188 usquequo

447 2207 610 2262 faciat
655 2209 1060 2265 misericordias
1105 2211 1348 2276 multas;
1393 2219 1447 2264 et
1496 2211 1781 2279 propterea
1817 2211 1860 2265 si
1890 2211 2018 2281 quid

445 2303 710 2369 optimum
739 2312 823 2356 est
851 2304 902 2356 in
936 2302 1100 2365 escis,
1140 2303 1375 2357 ollcrunt
1403 2303 1536 2357 illud
1559 2304 1748 2359 electis
1779 2304 1892 2372 (97)
1921 2319 1931 2350 :
1967 2313 2022 2357 et

442 2409 568 2448 cum
604 2396 877 2448 voluerint
901 2397 1230 2449 manducare
1255 2411 1475 2466 panem,
1505 2405 1666 2450 orant
1689 2395 1888 2465 primo,
1917 2396 2020 2451 ism

443 2485 684 2542 dicentes
733 2487 800 2541 ad
837 2504 1030 2558 panem
1062 2506 1073 2540 :
1115 2486 1303 2558 Neque
1335 2504 1436 2558 ego
1468 2497 1520 2543 te
1575 2489 1807 2554 messui,
1844 2503 2022 2558 neque

444 2579 636 2643 molui,
674 2594 853 2648 neque
907 2580 1161 2634 tribulavi
1211 2580 1348 2651 (98),
1393 2596 1494 2635 nec
1540 2581 1593 2634 in
1647 2582 1924 2636 clibanum
1969 2591 2022 2638 te

444 2670 568 2724 misi
594 2687 608 2736 ;
636 2670 778 2724 alius
803 2679 852 2724 te
883 2669 1030 2735 fecit,
1056 2681 1108 2724 et
1133 2670 1328 2726 detulit
1354 2681 1406 2726 te
1443 2673 1608 2740 mihi;
1635 2689 1734 2744 ego
1760 2673 2022 2728 innocen-

443 2770 526 2815 ter
557 2769 610 2814 te
641 2761 910 2815 manduco
946 2762 1080 2831 (99).
1117 2761 1182 2816 Et
1201 2764 1490 2840 cumiutra
1527 2766 1878 2834 semetipsum
1906 2765 2020 2821 haec

441 2853 663 2918 dixerit,
704 2856 996 2925 respondet
1044 2856 1112 2909 ad
1153 2872 1278 2910 eum
1332 2857 1426 2927 qui
1477 2857 1526 2911 ei
1583 2856 1816 2912 detulit:
1856 2858 2019 2914 Oravi

445 2961 546 3016 pro
575 2955 630 3000 te
656 2947 768 3017 (l);
796 2959 849 3002 et
875 2948 966 3002 ille
992 2949 1224 3004 discedit
1249 2949 1343 3004 ita.
1382 2947 1538 3004 Sicut
1564 2966 1694 3021 ergo
1725 2951 1835 3006 dixi
1866 2952 2020 3007 vobis

445 3041 611 3112 paulo
640 3053 785 3108 ante,
822 3041 868 3097 si
897 3043 1021 3112 quis
1059 3044 1373 3110 messuerit,
1421 3044 1758 3110 demetetur;
1793 3045 1863 3100 ita
1895 3055 1947 3100 et
1975 3047 2018 3101 si

445 3134 570 3205 quis
596 3135 932 3190 lrumentum
971 3137 1025 3190 in
1059 3137 1258 3190 molam
1289 3138 1518 3204 miserit,
1548 3139 1712 3192 etiam
1743 3137 1857 3208 ipse
1888 3140 2014 3192 mit-

2120 1935 2306 1988 τοῦται
2337 1937 2413 1998 εἰς
2437 1934 2864 2008 κατηχουμένων
2900 1933 3148 2005 σώματα,
3205 1934 3310 1996 ἓως
3349 1930 3408 1988 οὗ
3451 1934 3527 2004 δῷ
3560 1937 3720 1987 εὐσε-

2121 2027 2271 2091 ϐείας
2298 2027 2517 2090 πολλάς·
2555 2028 2649 2080 κα),
2672 2027 2759 2080 διὰ
2780 2025 2961 2091 τοῦτο,
3002 2025 3131 2078 εἴτι
3161 2025 3452 2078 κάλλιστον
3484 2027 3545 2078 ἐν
3579 2026 3720 2096 βρώ-

2124 2137 2276 2190 μασι,
2306 2123 2418 2184 τοῖς
2451 2119 2726 2183 ἐκλεκτοῖς
2756 2119 3145 2192 προσφέρουσι.
3191 2118 3300 2170 Καὶ
3340 2119 3472 2171 ὅταν
3505 2118 3718 2189 μέλλω-

2124 2229 2205 2265 σιν
2236 2212 2435 2266 ὲσθίειν
2458 2213 2644 2282 ἄρτον,
2670 2211 3064 2284 προσεύχονται
3090 2208 3328 2281 πρῶτον,
3352 2210 3502 2263 οὕτω
3529 2211 3720 2278 λέγον-

2121 2319 2211 2366 τες
2238 2302 2373 2374 πρὸς
2411 2302 2502 2354 τὸν
2532 2303 2718 2372 ἄρτον’
2757 2300 2895 2355 Οὔτε
2923 2318 2979 2354 σε
3011 2300 3122 2369 ἐγὼ
3157 2300 3401 2372 ἐθέρισαν
3434 2300 3562 2353 οὗτε
3597 2302 3721 2370 ἧλε·

2124 2412 2211 2457 σα,
2249 2393 2374 2448 οὗτε
2399 2394 2592 2464 ἕθλιψὰ
2631 2413 2712 2460 σε,
2757 2393 2880 2447 οὔτε
2909 2397 2988 2458 εἰς
3043 2393 3294 2447 κλίϐανον
3328 2393 3547 2446 ἔϐαλον·
3582 2394 3719 2446 ἀλλὰ

2122 2487 2277 2552 ἄλλος
2301 2490 2526 2560 ἐποίησε
2557 2489 2748 2552 ταῦτα,
2775 2489 2870 2542 καὶ
2915 2488 3112 2559 ἤνεγκέ
3144 2506 3256 2559 μοι,
3297 2487 3410 2555 ἐγὼ
3452 2489 3722 2550 ἀναιτίως

2121 2579 2340 2649 ἔφαγον.
2385 2581 2494 2633 Καὶ
2521 2581 2649 2633 ὅταν
2681 2579 2801 2633 καθ’
2841 2580 3031 2632 ἑαυτὸν
3055 2580 3184 2653 εῖπῃ
3218 2579 3414 2641 ταῦτα,
3449 2579 3603 2648 λέγει
3645 2580 3721 2649 τῷ

2121 2672 2529 2744 κατηχουμένῳο
2557 2672 2820 2743 Ηὺξάμην
2850 2673 2988 2743 ὑπὲρ
3017 2671 3132 2724 σοῦ·
3165 2672 3258 2724 καὶ
3281 2671 3459 2735 οὕτως
3491 2672 3723 2741 ἀφίστα-

2121 2783 2208 2819 ται
2237 2768 2463 2828 ἐκεῖνος.
2513 2767 2601 2829 Ὠς
2647 2765 2756 2837 γὰρ
2787 2762 2937 2818 εἷπον
2967 2766 3096 2836 ὑμῖν
3150 2764 3256 2832 πρὸ
3301 2765 3519 2834 ὀλίγου,
3553 2768 3610 2819 εἴ
3639 2783 3719 2828 τις

2122 2856 2325 2930 θερίζει
2378 2857 2714 2929 θερισθῆναι⁸
2751 2845 2924 2920 οὓτως
2984 2857 3078 2910 ἐὰν
3136 2860 3216 2922 εἰς
3279 2859 3540 2930 μηχανὴν
3577 2862 3720 2912 σῖτον

2123 2947 2314 3022 βάλλῃ,
2344 2947 2672 3020 βληθήσεται
2699 2949 2792 3002 καὶ
2819 2949 3001 3013 αὐτὸς,
3053 2949 3086 3020 ἢ
3126 2950 3372 3021 φοράσας
3409 2944 3721 3022 φοραθήσε-

2119 3059 2233 3107 ται,
2263 3043 2296 3114 ἢ
2327 3043 2572 3115 ὀπτήσας
2623 3042 2786 3114 ἄρτον
2837 3041 3225 3114 όπτηθήσεται·
3280 3044 3378 3097 καὶ
3418 3044 3515 3098 διὰ
3564 3044 3717 3097 τοῦτο

2122 3135 2415 3205 ἀπείρηται
2471 3135 2652 3190 αὐτοῖς
2686 3134 2847 3205 ἔργον
2903 3135 3145 3206 ποιῆσαι.
3195 3136 3307 3190 Kal
3374 3136 3544 3190 πάλιν
3585 3137 3714 3190 εἰσιν

443 3237 589 3282 tetur
616 3228 668 3281 in
703 3228 922 3293 molam,
958 3237 1052 3282 aut
1094 3229 1137 3282 si
1173 3229 1297 3298 quis
1331 3230 1721 3299 consperserit,
1755 3245 2016 3300 consper—

2128 3228 2299 3299 ἕτεροι
2337 3228 2530 3297 κόσμοι
2577 3227 2742 3292 τινὲς,
2797 3227 2904 3280 τῶν
2959 3229 3264 3298 φωστήρων
3305 3228 3589 3284 δυνάντων
3615 3232 3719 3282 ἀπο

445 3330 622 3392 getur,
665 3330 759 3374 aut
804 3321 850 3376 si
898 3337 1091 3390 panem
1143 3322 1221 3391 (‘2)
1269 3322 1500 3388 coxerit,
1546 3332 1915 3392 excoquetur;
1967 3332 2021 3377 ει

443 3421 665 3484 propter
702 3413 805 3468 hoc
852 3414 1099 3468 illicitum
1141 3423 1224 3468 est
1257 3415 1398 3484 apud
1435 3431 1529 3470 eos
1559 3431 1694 3484 opus
1722 3415 1919 3470 facere.
1955 3415 2022 3470 Et

445 3505 645 3560 iterum
692 3505 880 3560 dicunt
934 3522 1054 3561 esse
1108 3507 1242 3562 alios
1287 3509 1579 3578 quosdam,
1612 3517 1810 3578 praeter
1869 3510 2017 3564 hunc

443 3612 608 3666 quem
660 3596 931 3664 videmus,
976 3598 1214 3652 mundos
1262 3599 1360 3669 (5),
1390 3601 1590 3669 quibus
1628 3601 1792 3671 hujus
1829 3601 2017 3659 mundi

445 3688 758 3756 luminaria,
789 3705 912 3742 cum
965 3691 1052 3744 hic
1098 3692 1421 3759 occiderint,
1452 3693 1799 3748 oboriuntur.
1825 3693 1892 3748 Et
1937 3694 2014 3747 illi

443 3780 634 3835 dicunt
662 3780 756 3851 (4),
782 3781 828 3852 si
874 3781 997 3851 quis
1025 3782 1266 3836 ambulat
1311 3785 1363 3837 in
1413 3795 1576 3851 terra,
1609 3784 1754 3839 liedit
1789 3792 2012 3850 terrain,

442 3882 493 3927 ει
517 3872 610 3942 qui
641 3881 820 3926 movet
851 3888 1069 3926 manum
1103 3873 1202 3943 (5),
1222 3874 1367 3928 ιςειὶίι
1392 3890 1599 3939 aerem,
1633 3875 1762 3946 quia
1787 3891 1879 3930 aer
1902 3875 2018 3930 ani-

2121 3319 2311 3373 τούτου
2337 3318 2431 3372 τοῦ
2460 3320 2687 3390 κόσμου,
2722 3319 2781 3384 ἐξ
2843 3313 2917 3373 ὧν
2971 3319 3344 3373 ἁνατέλλουσι.
3386 3321 3503 3374 Kal
3562 3323 3718 3382 εἴτις

2123 3416 2416 3483 περιπατεῖ
2463 3413 2656 3482 χαμαὶ,
2711 3412 2937 3483 βλάπτει
2995 3413 3086 3466 τὸν
3138 3412 3298 3484 ἀέρα·
3331 3413 3584 3484 ὲπειδὴό
3613 3415 3715 3486 ἀὴρ

2123 3505 2267 3576 ψυχή
2291 3507 2406 3557 ἐστι
2436 3505 2543 3556 τῶν
2596 3503 2918 3576 ἀνθρώπων,
2952 3504 3046 3556 καὶ
3101 3505 3209 3557 τῶν
3235 3503 3414 3570 ζώων,
3468 3507 3568 3558 κα)⁵
3614 3505 3715 3558 τῶν

2127 3598 2386 3650 πετεινῶν
2416 3599 2511 3650 καὶ
2569 3597 2676 3650 τῶν
2711 3597 2928 3669 ἰχθύων,
2973 3598 3065 3650 καὶ
3085 3597 3190 3650 τῶν
3212 3597 3487 3668 ἑρπετῶν.
3529 3598 3642 3651 Καὶ
3669 3596 3718 3650 εῖ

2125 3707 2208 3753 τις
2241 3692 2296 3742 ἐν
2329 3689 2517 3760 κόσμῳ
2552 3690 2720 3752 ἐστὶν,
2770 3685 2920 3743 εἷπον
2956 3690 3105 3760 ὑμῖν,
3135 3689 3218 3741 ὅτι
3260 3689 3322 3742 τὸ
3360 3689 3532 3760 σῶμα
3563 3689 3716 3743 τοῦτο

2121 3784 2222 3838 οὐκ
2255 3783 2370 3836 ἔστι
2402 3783 2492 3835 τοῦ
2521 3781 2678 3846 Θεοῦ,
2711 3781 2847 3835 ἀλλὰ
2905 3782 3004 3852 τῆς
3051 3781 3184 3854 ὕλης
3234 3783 3353 3836 ἐστὶ
3386 3784 3484 3836 καὶ
3524 3783 3712 3846 σκότος

2122 3875 2261 3938 ἐστὶ,
2294 3875 2388 3929 καὶ
2421 3875 2552 3927 αὐτὸ
2575 3875 2909 3945 σκοτωθῆναι
2940 3875 3050 3929 δεῖ.

445 3985 534 4024 ma
570 3978 656 4025 est
702 3969 1009 4035 hominum,
1069 3981 1118 4025 ει
1183 3971 1523 4039 animalium,
1571 3985 1625 4027 et
1666 3973 1990 4038 volatilium,
2035 3980 2090 4027 et
2119 3971 2372 4042 piscium,
2432 3979 2486 4026 et
2535 3969 2866 4040 repentium,
2905 3980 2958 4025 et
2999 3971 3045 4024 si
3095 3970 3223 4039 quid
3257 3968 3336 4042 (6)
3366 3979 3457 4025 est
3503 3970 3565 4024 in
3612 3973 3711 4026 hoc

443 4067 647 4122 mundo
675 4081 689 4117 :
718 4067 828 4120 dixi
861 4067 1006 4120 enim
1046 4067 1221 4136 vobis,
1251 4069 1378 4140 quia
1420 4085 1618 4140 corpus
1643 4073 1746 4125 hoe
1802 4085 1909 4124 non
1969 4076 2054 4124 est
2088 4066 2215 4137 Dei,
2255 4068 2348 4123 sed
2369 4066 2704 4122 materiaeest
2727 4077 2780 4122 et
2811 4075 3180 4133 tenebrarum,
3216 4076 3269 4120 et
3295 4054 3440 4122 (ideo
3486 4081 3712 4123 nm

443 4170 529 4216 est
562 4161 694 4216 illud
733 4161 1015 4216 obscurari
1043 4163 1142 4232 (7).

516 4254 625 4330 (90)
663 4254 846 4330 Codex
881 4255 1196 4330 Bobiensis,
1252 4278 1270 4310 ι
1323 4275 1545 4330 necesse
1587 4269 1710 4322 est,
1749 4269 1801 4314 et
1845 4259 2019 4330 ipsum

444 4327 762 4400 manducari
799 4342 991 4400 panem
1020 4328 1303 4400 edoctum.
1337 4329 1492 4395 Quod
1534 4331 1578 4385 si
1607 4327 1876 4385 occiderit
1897 4332 2021 4400 pul-

443 4395 578 4456 lum,
613 4405 666 4449 et
698 4397 810 4464 ipse
841 4397 1024 4465 pullus
1053 4399 1174 4451 eiit.
1205 4398 1342 4464 Quis
1373 4417 1498 4453 vero
1531 4410 1613 4456 est
1644 4403 1813 4455 dives.
1859 4420 1876 4453 ι
1897 4395 2016 4456 ”8ε(]

444 4465 787 4534 Epiphanius
819 4481 940 4519 cum
972 4467 1258 4522 Casinensi
1313 4471 1500 4524 codice
1532 4473 1806 4525 convenit.
1874 4471 2015 4527 Male

2206 4259 2316 4330 (98)
2353 4261 2410 4312 In
2464 4255 2652 4330 Graeco
2706 4253 3261 4330 Ερὶρῖιιιηνίἱηὲθλιψα,
3305 4254 3566 4324 «subegi,
3599 4275 3616 4304 ι
3647 4270 3708 4307 eo

2127 4326 2429 4400 sensuque
2458 4327 2687 4400 farinam
2710 4327 2959 4400 subigere
2985 4326 3239 4400 dicimus.

2221 4402 2310 4466 99)
2339 4392 2674 4463 Casineusis,
2713 4414 2731 4446 ι
2757 4392 3031 4450 manduco
3055 4403 3120 4466 Act
3163 4393 3338 4448 solvo.
3364 4410 3382 4443 ι
3444 4392 3554 4448 Sed
3611 4410 3710 4446 nn;

2126 4463 2410 4526 Bobiensis
2441 4469 2668 4532 codicis,
2700 4475 2755 4522 et
2785 4463 3074 4536 Epiphani’:
3109 4464 3397 4519 lectionem
3431 4466 3705 4534 expressi-

442 4547 623 4590 autein
658 4537 710 4590 in
746 4537 988 4613 margine
1035 4540 1343 4593 emendavit
1392 4539 1656 4609 Valesius,
1696 4559 1714 4592 ι
1753 4539 2012 4613 Quisquis
2045 4542 2088 4596 D
2118 4558 2260 4596 mus.

442 4622 572 4661 vero
612 4618 694 4662 est
743 4608 914 4662 dives.
951 4627 967 4659 ι

511 4701 624 4769 (9i)
662 4700 845 4756 Codex
877 4700 1192 4769 Bobiensis,
1226 4721 1244 4752 ‹
1293 4713 1349 4757 ut
1375 4703 1644 4768 ambulet,
1675 4705 1963 4760 mendicet.
2001 4725 2018 4756 ι

515 4772 807 4846 (92),Μ;ιΙε
855 4773 935 4846 ἰιιΔ
962 4772 1247 4829 Casineusi
1283 4776 1467 4846 codice
1518 4775 1812 4845 legebatur,
1865 4799 1881 4827 ι
1931 4794 2025 4846 per

442 4859 502 4917 se
536 4845 601 4896 ad
646 4843 814 4917 illam.
851 4842 1074 4917 i__l_’oi'r9
1107 4846 1310 4917 περσέα
1343 4842 1595 4900 Petavius
1621 4847 1799 4914 vertit,
1843 4867 1860 4900 ι
1892 4842 2023 4902 Per-

443 4915 558 4968 sica
587 4915 770 4967 arbor.
820 4932 838 4964 ›
877 4913 1004 4969 Vide
1031 4913 1392 4985 Epiphanium
1427 4933 1576 4969 num.
1611 4917 1664 4971 9.

519 5006 632 5082 (95)
678 5005 866 5082 Codex
918 5006 1227 5082 Bobieiisis,
1291 5009 1677 5082 odispcrgitur.
1707 5028 1726 5062 ι
1783 5010 2021 5082 Epipha-

443 5076 572 5132 nius
607 5077 769 5131 habet
795 5086 853 5129 ut
877 5081 1048 5131 codex
1082 5078 1420 5140 Casiuensis.

516 5170 629 5247 (9i)
659 5169 739 5247 ⁸1η
787 5169 977 5247 Graeco
1031 5170 1316 5247 Epiphanii
1383 5183 1467 5228 est
1507 5176 1726 5246 πήσσει,
1776 5175 2018 5247 «frigore

445 5241 721 5320 astringit,
761 5243 1029 5320 congelat.
1054 5261 1072 5292 ι
1113 5242 1337 5298 Latinus
1387 5241 1579 5300 tamen
1628 5241 2016 5320 interpres'le-

445 5313 590 5382 gisse
621 5313 834 5365 videtur
859 5313 1109 5382 πλήσσει.

518 5381 631 5452 (95)
656 5383 813 5452 Apud
856 5381 1219 5453 Epiphaniam
1272 5385 1481 5451 scribit,
1514 5388 1814 5452 εὐσέϐειαν,
1851 5407 1871 5440 ι
1896 5388 2014 5458 pie—

446 5459 632 5506 tatem.
661 5471 679 5504 ι

519 5523 633 5589 (96)
676 5522 1032 5601 Epiphanius,
1067 5543 1085 5576 ι
1110 5540 1205 5595 per
1230 5527 1430 5581 multas
1459 5528 1859 5598 generationes,
1892 5541 2017 5601 pm-

448 5607 546 5647 nas
572 5596 856 5663 expendet.
881 5613 900 5646 ι

522 5663 634 5732 (97)
673 5665 852 5719 Codex
903 5666 1208 5733 Bobiensis,
1243 5685 1261 5719 ι
1287 5668 1523 5723 oﬂ‘erunt
1570 5671 1706 5726 illud
1747 5670 1854 5726 illis
1907 5671 2009 5726 ele-

449 5734 618 5810 etis?
648 5733 985 5810 Casiuensis,
1018 5757 1042 5796 -ι
1066 5738 1261 5793 offerre
1315 5741 1446 5794 illud
1495 5741 1759 5810 electis;i
1795 5740 1893 5796 sed
1939 5758 2006 5798 ex

446 5803 749 5875 Epiphanio
770 5805 1053 5878 legendum
1084 5818 1145 5864 ut
1167 5810 1457 5866 edidimus.

2127 4622 2146 4636 '
2203 4613 2278 4680 (ι)
2310 4611 2492 4666 Codex
2538 4606 2903 4680 Bobiensis,_i
2929 4604 3220 4680 respondet
3273 4604 3371 4680 adA
3399 4605 3584 4680 illum,
3613 4605 3706 4675 qui

2129 4676 2322 4736 detulit
2357 4701 2368 4735 :
2399 4681 2558 4734 Uravi
2593 4697 2690 4750 pro
2737 4677 2909 4750 te.‘Si
2937 4679 3062 4746 quis
3105 4676 3706 4750 incssueiit._(lemetc~

2131 4762 2238 4817 tur,
2281 4763 2385 4808 etc.
2410 4772 2427 4804 ι
2463 4745 2800 4821 Epiphanius
2826 4745 2990 4821 habet
3020 4767 3032 4801 :
3061 4745 3704 4821 c_l)icit_catecliumeno,

2126 4814 2289 4877 Oravi
2317 4839 2416 4893 pro
2457 4814 2530 4884 ιε,
2565 4814 2619 4875 et
2657 4821 2749 4893 ita
2775 4889 2784 4893 _
2809 4819 2897 4872 ille
2926 4817 3174 4893 discedit.
3211 4814 3386 4893 ‘Nani,
3422 4818 3567 4870 sicut
3599 4835 3703 4893 ego

2124 4897 2286 4963 paulo
2317 4885 2438 4948 ante
2459 4893 2592 4956 dixi,
2625 4891 2669 4945 si
2696 4889 2826 4963 quis
2851 4889 3159 4963 messuerit,
3194 4885 3521 4941 demetetur.
3543 4906 3563 4938 ι
3596 4887 3699 4940 Sed

2123 4959 2865 5038 iiiel_ioi'_Latiiiijuterpretis
2891 4959 3073 5038 lectio.
3124 5028 3133 5038 .
3241 5027 3251 5038 .

2142 5086 2146 5090 .
2195 5035 2273 5101 (2)
2307 5035 2487 5089 Codex
2515 5028 2818 5094 Bobiensis,
2859 5049 2876 5080 ι
2900 5031 2970 5083 ita
3010 5039 3063 5083 et
3091 5028 3135 5082 si
3161 5028 3286 5096 quis
3319 5042 3541 5101 panem.
3569 5046 3588 5077 ι

2217 5037 2273 5101 2)
2307 5037 2487 5089 Codex
2515 5037 2818 5094 Bobiensis,
2859 5049 2876 5080 ι
2900 5037 2970 5083 ita
3010 5039 3063 5083 et
3091 5037 3135 5082 si
3161 5037 3286 5096 quis
3319 5042 3541 5096 panem.
3569 5046 3588 5077 ι

2191 5037 2267 5176 ίό)
2304 5105 2673 5176 ldeincodcx,
2714 5121 2732 5152 ι
2755 5103 2894 5156 alios
2939 5110 3132 5169 praeter
3184 5099 3530 5165 huuc'quem
3556 5098 3701 5153 vide-

2120 5175 2264 5239 mus,
2302 5175 2582 5228 mundum.
2611 5194 2628 5224 ι
3319 5176 3325 5182 ‘

2191 5247 2268 5312 (4)
2296 5245 2481 5300 Codex
2509 5243 2816 5306 Bobiensis,
2849 5248 2948 5312 «et
2981 5239 3051 5293 ibi
3077 5239 3285 5294 dicunt.
3311 5257 3331 5290 ι

2190 5311 2269 5387 (5)
2297 5315 2440 5369 Idem
2468 5317 2658 5387 codex,
2700 5333 2717 5364 ι
2740 5315 2832 5382 qui
2863 5311 3005 5387 levat
3032 5326 3280 5387 manuni.
3307 5328 3326 5360 ι

2187 5379 2264 5454 (6)
2295 5389 2442 5441 ldem
2465 5385 2660 5449 codex,
2696 5403 2712 5434 ι
2736 5379 3091 5452 reptantium.
3126 5381 3190 5435 Et
3213 5383 3256 5436 si
3287 5379 3512 5454 quod.)
3554 5451 3564 5454 _
3617 5433 3630 5445 _

2187 5397 2242 5454 (ti
2296 5397 2442 5441 Idem
2465 5397 2660 5449 eooex,
2696 5403 2712 5434 ι
2736 5397 3091 5452 reptantium.
3126 5397 3190 5435 bl.
3213 5397 3256 5436 ει
3287 5397 3456 5451 quoa.
3492 5399 3512 5432 ›
3617 5433 3630 5445 ,

2187 5397 2267 5527 (7)
2301 5457 2482 5512 Codex
2516 5455 2891 5527 Bobiensis,_i
2920 5454 3258 5527 corpus__hoc
3292 5468 3404 5527 nou
3434 5451 3567 5527 illud
3597 5465 3686 5503 ne-

2115 5522 2268 5582 cesse
2313 5537 2397 5582 est
2449 5526 2801 5581 obscurari.»
2841 5523 2946 5578 Sed
2995 5523 3247 5577 mutilum
3305 5525 3454 5575 hunc
3509 5522 3687 5574 locum

2114 5613 2234 5653 esse
2261 5607 2407 5666 patet
2439 5613 2505 5651 ex
2541 5595 2995 5666 Epiphaniotqui
3021 5609 3144 5648 cum
3177 5592 3365 5648 Casin.
3396 5594 3522 5666 cod.
3557 5605 3687 5666 con—

2113 5663 2320 5724 cordat.
2351 5667 2465 5721 Nisi
2493 5663 2658 5736 quod
2675 5667 2836 5720 habet
2870 5663 3229 5735 Epiphanius,
3260 5682 3278 5714 ι
3317 5664 3411 5720 sed
3444 5663 3688 5718 materia

2113 5751 2214 5804 est,
2247 5742 2536 5811 ipsumque
2563 5752 2764 5808 corpus
2793 5736 3104 5793 obscuritas
3135 5743 3238 5791 est.
3267 5752 3288 5787 ›
