3922 6478
199 352 339 408 1115

1319 364 1462 419 CUM
1499 365 1778 421 MANETE
1816 362 2352 419 “ERESIARCHA.

3308 370 3444 426 “16

268 470 406 542 Περὶ
468 471 524 525 δὲ
574 472 668 526 τοῦ
735 475 1096 547 παραδείσου,
1149 479 1208 532 οὒ
1258 480 1499 536 καλεῖται
1547 484 1757 554 κόσμος

1945 481 2012 536 Χ.
2051 481 2343 537 Paradisus
2387 491 2566 537 autem
2593 483 2685 552 qui
2715 492 2940 538 vocatur
2966 486 3202 544 mundus
3239 488 3343 558 (8),
3387 497 3438 544 et

197 560 318 614 ἐστι
369 561 426 615 δὲ
468 564 534 616 τὰ
585 565 728 634 φυτὰ
766 568 834 620 τὰ
875 569 933 619 ὲν
979 568 1126 640 αὐτῷ
1166 571 1427 643 ἐπιθυμία
1479 575 1572 628 καὶ
1615 576 1771 628 ἄλλαι

194 651 426 719 ἀπάται,
469 654 875 727 διαφθείρουσαι
917 663 1042 724 τοὺς
1076 662 1370 736 λογισμοὺς
1413 667 1520 720 τῶν
1564 667 1773 739 ἀνθρώ-

196 760 316 796 πων
349 746 589 800 ἐκείνων.
629 750 700 802 Τὸ
727 751 782 804 δὲ
814 754 870 805 ὲν
895 755 1206 826 παραδείσῳ
1240 757 1421 824 φυτὸν,
1455 759 1515 824 ἐξ
1545 755 1605 813 οὗ
1629 775 1772 827 γνω-

198 833 410 907 ρίζουσι
449 838 508 891 τὸ
555 839 738 906 καλὸν,
786 843 916 898 αὑτό
957 847 1102 900 ἐστιν
1146 848 1174 899 ὁ
1224 850 1460 918 Ἰησοῦςο
1499 853 1532 921 ἡ
1575 851 1774 919 γνῶσις

195 929 387 993 αὐτοῦ,
421 933 452 1003 ἡ
489 933 547 986 ὲν
571 933 648 1004 τῷ
681 935 901 1007 κόσμῳ·
938 938 966 990 ὁ
1008 939 1064 992 δὲ
1092 940 1381 1012 λαμϐάνων
1423 943 1684 1016 διακρίνει
1715 946 1774 998 τὸ

197 1020 362 1075 καλὸν
406 1025 498 1076 καὶ
530 1025 588 1077 τὸ
622 1028 874 1099 πονηρόν.
917 1030 974 1082 '0
1022 1031 1119 1102 μέν
1151 1050 1230 1086 τοι
1278 1034 1501 1104 κόσμος,
1534 1035 1642 1087 οὐδ’
1673 1038 1772 1089 αύ-

195 1112 288 1176 τός
315 1115 428 1166 ἐστι
450 1116 543 1168 τοῦ
569 1117 722 1181 Θεοῦ,
756 1120 869 1173 ἀλλ’
900 1121 930 1193 ἢ
957 1123 1063 1176 ἀπὸ
1089 1123 1289 1195 μέρους
1313 1126 1411 1196 τῆς
1445 1125 1573 1196 ὕλης
1606 1126 1773 1180 ἐπλά-

197 1205 324 1276 σθη,
360 1208 453 1260 καὶ
483 1208 568 1262 διὰ
600 1209 757 1263 τοῦτο
786 1213 961 1266 πάντα
998 1214 1349 1283 ἀφανίζεται·
1375 1217 1402 1269 ὅ
1423 1217 1477 1270 δὲ
1505 1218 1773 1289 ἐσύλησαν

193 1298 242 1348 οἱ
279 1297 538 1367 ἄρχοντες
561 1301 668 1354 ἀπὸ
701 1303 792 1355 τοῦ
828 1304 1044 1375 πρώτου
1072 1306 1380 1378 ἀνθρώπου,
1411 1311 1540 1363 αὑτό
1573 1312 1688 1364 ἐστι
1713 1313 1773 1364 τὸ

195 1389 420 1458 γεμίζον
462 1391 561 1461 τὴν
605 1394 853 1464 σελήνην,
895 1397 954 1450 τὸ
1005 1397 1431 1469 καθαριζόμενον
1476 1403 1775 1475 καθημερι-

195 1480 286 1533 νὸν
331 1483 436 1535 ἀπὸ
479 1484 570 1536 τοῦ
617 1486 858 1556 κόσμου·
905 1490 997 1542 καὶ
1045 1490 1138 1543 ἐὰν
1183 1490 1371 1563 ἐξέλθῃ
1417 1494 1450 1564 ἡ
1495 1492 1659 1565 ψυχὴ,
1699 1496 1772 1568 μὴ

197 1575 400 1644 γνοῦσα
423 1578 518 1648 τὴν
539 1578 815 1649 ἀλήθειαν,
848 1582 1195 1652 παραδίδοται
1222 1588 1332 1647 τοῖς
1358 1585 1602 1655 δαίμοσιν
1627 1589 1773 1650 ὅπως

195 1661 510 1732 δαμάσωσιν
556 1665 724 1736 αὐτὴν
768 1668 823 1718 ἐν
868 1671 982 1730 ταῖς
1023 1669 1269 1737 γεένναις
1309 1670 1402 1723 τοῦ
1443 1673 1643 1743 πυρός’
1681 1675 1774 1726 καὶ

201 1754 339 1822 μετά
381 1754 476 1824 τὴν
517 1756 794 1810 παίδευσιν
842 1760 1228 1829 psam-{lieni
1269 1764 1348 1824 είς
1394 1760 1640 1833 σώματα,
1687 1765 1773 1818 ἵνα

1874 573 2095 628 arbores
2124 589 2245 643 qua:
2291 577 2345 628 in
2379 575 2498 645 ipso
2524 585 2672 640 sunt,
2723 577 3178 644 concupiscentiis
3216 592 3362 648 sunt,
3385 593 3437 636 et

1874 675 2080 720 caetera:
2123 666 2467 722 seductiones
2521 679 2936 737 corrumpentes
2979 672 3337 741 cogitationes
3361 674 3438 745 (9)

1873 754 2179 811 hominum.
2213 757 2306 811 Illa
2343 767 2526 812 autem
2565 760 2727 813 arbor
2761 777 2881 829 qure
2935 771 3016 815 est
3063 762 3119 816 in
3164 766 3438 833 paradiso,

1872 855 1925 900 et
1959 864 2065 916 qua
2089 850 2401 918 agnoscitur
2429 850 2650 913 bonum,
2677 850 2791 920 ipse
2813 860 2894 906 est
2923 850 3102 920 Jcsus,
3137 863 3191 909 et
3214 857 3438 910 scientia

1873 939 2016 994 illius
2041 939 2151 1010 (l0)
2181 957 2302 1009 quae
2340 949 2422 994 est
2452 941 2504 994 in
2539 942 2778 1006 mundo;
2808 958 2972 1011 quam
3015 945 3107 1014 qui
3148 947 3436 1016 acceperit,

1871 1029 2132 1083 discernit
2185 1031 2390 1084 bonum
2431 1046 2460 1084 a
2507 1030 2669 1084 malo.
2698 1031 2930 1087 Mundus
2957 1046 3138 1088 autem
3176 1053 3274 1091 nec
3321 1038 3438 1108 ipse

1872 1130 1953 1173 est
2003 1120 2118 1184 Dei,
2162 1122 2255 1175 sed
2294 1137 2360 1174 ex
2412 1131 2566 1191 parte
2617 1123 2857 1177 materia:
2889 1124 2998 1193 (11)
3029 1127 3348 1195 plasmatus,
3377 1138 3431 1183 et

1873 1210 1993 1264 ideo
2014 1211 2194 1264 omnia
2222 1212 2670 1268 exterminantur.
2701 1213 2856 1279 Quod
2883 1225 3063 1269 autem
3101 1217 3265 1272 furati
3309 1231 3439 1276 sunt

1873 1301 2142 1370 principes
2197 1317 2227 1354 a
2287 1304 2462 1371 primo
2506 1304 2741 1371 homine,
2779 1306 2952 1374 ipsum
2978 1315 3060 1362 est
3090 1310 3232 1378 quod
3264 1311 3440 1365 adim-

1872 1394 1980 1461 plet
2026 1393 2232 1458 lunam,
2266 1395 2411 1463 quod
2445 1395 2691 1464 quotidie
2739 1407 3006 1467 purgatur
3038 1415 3066 1452 a
3105 1401 3349 1456 mundo:
3384 1411 3439 1458 et

1873 1483 1916 1537 si
1949 1485 2140 1538 exierit
2162 1485 2341 1537 anima
2367 1501 2487 1553 qua:
2513 1499 2618 1539 non
2645 1489 2958 1556 cognoverit
2989 1489 3290 1556 veritatem,
3325 1501 3436 1547 tra-

1872 1574 2018 1629 ditur
2049 1577 2160 1646 (12)
2203 1576 2562 1642 daemonibus,
2597 1587 2654 1630 ut
2683 1580 3056 1634 eam'domcnt
3099 1581 3152 1634 in
3189 1584 3433 1651 gchcnna

1873 1666 2056 1736 ignis:
2090 1677 2142 1721 et
2201 1677 2549 1737 posteaquam
2596 1681 2835 1724 correcta
2885 1671 3068 1736 fuerit,
3098 1675 3434 1730 transfundi-

1874 1766 1962 1809 tur
1990 1757 2100 1824 (15)
2143 1757 2195 1809 in
2224 1758 2329 1811 alia
2369 1774 2619 1827 corpora,
2661 1771 2718 1814 ut
2759 1761 3029 1828 dometur,
3065 1773 3119 1818 et
3149 1764 3220 1819 ita
3258 1765 3436 1836 injici—

196 1843 467 1915 δαμασθῇ,
499 1848 591 1900 καὶ
623 1847 762 1900 οὕτω
791 1825 1041 1919 βάλλεται
1075 1853 1153 1914 είς
1195 1852 1254 1904 τὺ
1289 1854 1430 1923 μέγα
1468 1825 1757 1929 πῦρμέἄχρι

1875 1856 1964 1901 tur
2015 1847 2068 1900 in
2110 1847 2260 1901 illum
2290 1865 2542 1918 magnum
2571 1852 2746 1920 ignem
2786 1869 2964 1923 usque
2987 1856 3050 1910 ad
3080 1846 3434 1912 consumma-

195 1935 293 2004 τῆς
325 1937 648 2001 συντελείας.
692 1939 827 2009 Περὶ
876 1941 932 1993 δὲ
971 1941 1078 1994 τῶν
1119 1946 1246 2015 παρ’
1295 1945 1423 2014 ὑμῖν
1470 1948 1768 2018 προφητῶν

196 2027 371 2090 οὕτως
407 2027 585 2097 λέγει’
625 2030 846 2102 Πνεῦμα
903 2029 1040 2087 εἶναι
1080 2035 1350 2099 ἀσεϐείας,
1385 2038 1502 2107 ἦτοι
1543 2041 1770 2110 ἀνομίας

194 2116 288 2168 τοῦ
347 2117 590 2181 σκότους,
642 2120 735 2173 τοῦ
783 2121 878 2175 ἀπ’
922 2125 1098 2196 ἀρχῆς
1138 2127 1468 2191 ἀνελθόντος.
1514 2131 1625 2182 Καὶ
1675 2133 1766 2188 διὰ

193 2205 356 2259 τοῦτο
380 2209 741 2280 πλανηθέντες
761 2213 860 2265 οὐκ
887 2214 1152 2284 ἐλάλησαν
1172 2233 1184 2245 ·
1220 2217 1526 2287 ἐτύφλωσεν
1551 2223 1658 2292 γὰρ
1680 2224 1770 2275 αύ-

191 2297 303 2351 τῶν
330 2299 357 2351 ό
390 2301 570 2371 ἄρχων
600 2302 697 2373 τὴν
730 2303 964 2358 διάνοιαν
983 2323 994 2335 ⁸
1031 2307 1123 2360 καὶ
1158 2309 1210 2360 εἴ
1237 2326 1318 2372 τις
1351 2310 1629 2364 ἀκολουθεῖ
1659 2316 1769 2377 τοῖς

191 2387 372 2458 λόγοις
395 2393 594 2457 αὐτῶν,
626 2395 955 2466 ἀποθνήσκει
984 2399 1061 2460 είς
1083 2400 1207 2462 τοὺς
1243 2400 1464 2465 αἰῶνας,
1490 2402 1768 2471 δεδεμένος

191 2483 273 2543 είς
298 2482 394 2553 τὴν
423 2483 612 2552 βῶλον,
647 2485 729 2538 ὅτι
755 2487 852 2539 οὐκ
891 2487 1058 2557 ἔμαθε
1084 2489 1181 2559 τὴν
1223 2489 1425 2559 γνῶσιν
1466 2491 1558 2545 τοῦ
1589 2494 1768 2564 Παρα-

192 2573 416 2644 κλήτου.
463 2576 792 2630 Ἐνετείλατο
817 2579 873 2631 δὲ
898 2583 1008 2643 τοῖς
1046 2580 1319 2646 ἐκλεκτοῖς
1351 2581 1514 2635 αὑτοῦ
1566 2583 1764 2653 μόνοις,

193 2669 258 2723 οὑ
314 2667 474 2721 πλέον
525 2669 660 2722 ἑπτὰ
694 2665 810 2723 οὖσι
852 2671 942 2724 τὸν
986 2671 1248 2743 ἀριθμόν·
1313 2674 1438 2726 Ἐὰν
1489 2674 1765 2742 παύσησθε

193 2758 487 2822 ἐσθίοντες,
534 2759 792 2830 εὔχεσθε,
843 2763 932 2816 καὶ
977 2763 1196 2832 βάλλετε
1240 2765 1332 2816 ἐπὶ
1377 2766 1474 2836 τῆς
1526 2766 1766 2835 κεφαλῆς

192 2852 371 2904 ἔλαιον
418 2850 814 2922 ὲξωρκισμένον
860 2854 1083 2924 ὀνόμασι
1130 2853 1342 2918 πολλοῖς
1394 2857 1528 2927 πρὸς
1577 2875 1763 2929 στηρι-

191 2942 332 3013 γμὸν
374 2944 473 3014 τῆς
513 2944 747 3008 πίστεως
777 2947 1012 3009 ταύτης·
1050 2945 1116 2999 τὰ
1153 2945 1209 2998 δὲ
1248 2947 1487 3016 ὀνόματά
1531 2966 1619 3018 μοι.
1665 2951 1764 3004 οὐκ

189 3032 508 3103 ἐφανερώθη
533 3051 545 3063 ·
586 3035 734 3105 μόνοι
759 3036 866 3106 γάρ
895 3040 941 3089 οἰ
971 3038 1108 3090 ἑπτὰ
1134 3037 1344 3099 τούτοις
1369 3038 1625 3107 χρῶνται.
1653 3041 1764 3093 Καὶ

1873 1941 2096 1993 tionem.
2126 1941 2199 1994 De
2219 1941 2498 2008 prophetis
2530 1951 2711 1996 autem
2735 1944 3000 2015 qui'apud
3026 1963 3119 2001 vos
3147 1957 3277 2001 sunt
3297 1949 3433 2020 (14),

1873 2030 1986 2084 haec
2017 2029 2186 2084 dicit:
2217 2032 2454 2100 Spiritus
2481 2049 2600 2089 esse
2630 2035 2920 2104 impietatis
2964 2039 3077 2092 sive
3132 2039 3434 2110 iniquitatis

1872 2121 2217 2174 tenebrarum
2240 2122 2480 2186 illarum,
2508 2140 2627 2193 quae
2647 2125 2714 2178 ab
2733 2125 2887 2179 initio
2905 2128 3267 2183 ascenderunt
3296 2130 3430 2200 (15),

1869 2226 1900 2264 a
1919 2211 2118 2279 quibus
2147 2211 2378 2281 decepti,
2406 2229 2513 2266 non
2545 2224 2670 2268 sunt.
2699 2215 2862 2269 locuti
2888 2217 2940 2270 in
2966 2218 3224 2285 veritate;
3250 2235 3427 2275 excae-

1870 2303 2012 2357 cavit
2043 2303 2185 2355 enim
2205 2305 2474 2372 princeps
2499 2303 2586 2358 ille
2617 2314 2824 2359 mentes
2859 2307 3096 2375 ipsorum
3126 2308 3273 2379 (16);
3303 2319 3356 2363 et
3384 2312 3429 2366 si

1870 2393 1994 2461 quis
2028 2393 2276 2462 sequitur
2311 2393 2474 2447 verba
2527 2393 2793 2464 ipsorum,
2830 2397 3094 2451 morietur
3121 2400 3175 2451 in
3208 2403 3426 2464 smcula,

1869 2485 2153 2538 devinctus
2184 2485 2294 2555 (17)
2327 2485 2466 2539 intra
2503 2501 2765 2551 massam,
2799 2487 3053 2555 quoniam
3104 2505 3211 2542 non
3243 2491 3432 2546 didicit

1869 2577 2148 2630 scientiam
2179 2575 2463 2632 Paracleti.
2492 2577 2754 2647 Prmcepit
2779 2589 2956 2633 autem
2986 2581 3171 2635 electis
3193 2583 3306 2638 suis
3335 2599 3428 2639 so-

1868 2667 1954 2733 lis,
1989 2668 2080 2737 qui
2123 2682 2229 2721 non
2263 2678 2389 2722 sunt
2417 2667 2526 2739 (I8)
2566 2669 2803 2738 amplius
2847 2686 3010 2740 quam
3062 2681 3268 2740 septem
3325 2690 3428 2727 nu-

1866 2774 2040 2825 mero,
2079 2769 2137 2812 ut
2185 2775 2308 2814 cum
2357 2760 2668 2815 desinerent
2701 2762 2812 2832 (19)
2864 2764 3274 2830 manducantes,
3307 2783 3425 2821 ora-

1866 2861 2005 2911 rent,
2051 2859 2104 2904 et
2144 2851 2420 2904 mitterent
2473 2851 2654 2906 oleum
2709 2869 2872 2922 super
2907 2866 3088 2925 caput,
3123 2858 3427 2914 exorcidia—

1865 2949 1979 2994 tum
2015 2939 2148 3011 (20),
2181 2941 2446 2996 invocatis
2483 2942 2795 2998 nominibus
2828 2944 3093 3013 plurimis,
3138 2948 3203 3002 ad
3237 2950 3430 3003 contir-

1865 3030 2154 3084 mationcm
2184 3032 2304 3085 lidei
2333 3032 2527 3101 hujus:
2561 3033 2779 3087 nomina
2813 3034 2922 3104 (21)
2949 3043 3126 3090 tamen
3151 3038 3283 3092 mihi
3315 3055 3426 3095 non

191 3124 354 3178 πάλιν
391 3126 451 3177 τὸ
482 3127 610 3197 παρ’
643 3128 768 3196 ὑμῖν
803 3128 980 3198 τίμιον
1012 3128 1103 3180 καὶ
1145 3127 1285 3197 μέγα
1323 3127 1491 3197 ὄνομα
1515 3125 1757 3195 Σαϐαὼθ,

1869 3120 2269 3189 manifestavit;
2303 3123 2404 3177 soli
2431 3124 2574 3177 enim
2606 3124 2720 3192 (22)
2750 3125 2826 3178 illi
2857 3134 3061 3195 septem
3087 3137 3314 3183 utuntur
3341 3131 3427 3186 his

191 3216 326 3269 αὐτὸ
362 3213 617 3289 εἶναιτὴν
655 3217 813 3286 φύσιν
843 3218 936 3271 τοῦ
959 3217 1265 3288 ἀνθρώπου,
1296 3218 1387 3270 καὶ
1422 3217 1632 3288 πατέρα.
1663 3219 1760 3289 τῆς

192 3305 488 3376 ἐπιθυμίας
507 3325 522 3337 ’
553 3303 648 3360 καὶ
671 3308 756 3361 διὰ
794 3307 951 3361 τοῦτο
989 3308 1238 3378 ἀπλάριοι
1273 3307 1634 3378 προσκυνοῦσι
1665 3309 1761 3380 τὴν

189 3395 506 3466 ἐπιθυμίαν,
531 3397 648 3449 θεὸν
678 3398 843 3468 αὐτὴν
865 3397 1171 3469 ἡγούμενοι.
1211 3398 1342 3469 Περὶ
1368 3397 1424 3450 δὲ
1457 3397 1548 3450 τοῦ
1595 3399 1762 3471 Ἀδὰμ

188 3487 309 3551 πῶς
356 3489 598 3560 ἐκτίσθη,
629 3489 775 3557 λέγει
799 3488 1000 3555 οὕτως,
1031 3491 1131 3554 ὅτι,
1177 3490 1205 3541 ὀ
1233 3487 1419 3554 εἰπὼν,
1442 3489 1635 3554 Δεῦτε,
1663 3492 1759 3544 καὶ

266 3624 344 3695 (8)
383 3624 518 3678 llinc
564 3635 709 3694 patet
743 3624 883 3693 apud
941 3625 1299 3695 Epiphanium
1348 3624 1449 3694 legi
1479 3625 1676 3681 debere
1701 3627 1759 3692 ὃς

189 3693 434 3766 καλεῖται
463 3693 663 3765 κόσμος
688 3713 699 3725 ·
732 3693 1062 3750 nouantem.
1097 3696 1154 3747 ού
1188 3693 1430 3748 καλεῖται
1465 3697 1689 3766 κόσμος,

268 3765 564 3836 (θλϐυιιειι
606 3766 926 3828 Bobiensis,
973 3783 990 3816 ι
1015 3766 1418 3836 cogitationem.
1447 3785 1466 3816 ι
1524 3765 1759 3836 Epipha-

183 3834 322 3888 nius
360 3835 539 3899 habet,
574 3854 591 3884 ι
618 3836 975 3904 cogitationes
999 3836 1277 3888 hominum
1311 3835 1548 3889 illorum.
1572 3834 1758 3891 'A'rbor

191 3915 395 3957 autem.
413 3924 430 3954 ι
464 3904 570 3957 Sed
595 3908 785 3959 melior
807 3906 1016 3958 videtur
1039 3904 1212 3958 Latini
1243 3905 1550 3973 interpretis
1573 3907 1752 3961 lectio.

266 3974 376 4041 (16)
413 3973 592 4045 codex
619 3974 923 4039 Bobiensis,
955 3994 972 4025 ι
996 3975 1285 4030 etscientia
1307 3976 1446 4043 ejus.
1480 3994 1499 4026 ›
1524 3975 1758 4045 Epipha-

190 4043 342 4104 nius,
371 4044 588 4112 γνῶσις,
622 4046 939 4115 «cognitio,»
972 4047 1054 4099 vel
1087 4046 1247 4099 etiam
1283 4043 1590 4099 «scientiafi
1619 4043 1757 4102 Hinc

191 4122 376 4188 autem
424 4123 582 4188 pater
613 4116 898 4188 legendum
951 4131 1070 4170 esse
1110 4117 1261 4188 apud
1292 4115 1564 4181 eumdem,
1593 4117 1687 4170 καὶ
1721 4119 1753 4188 ή

189 4183 396 4255 γνῶσις
413 4184 606 4255 αὐτοῦ,
638 4204 656 4236 ι
674 4183 900 4254 ejusque
924 4183 1179 4255 cognitio.
1203 4205 1220 4236 ι

263 4253 374 4325 (id)
397 4253 486 4325 _lta
518 4256 658 4323 apud
687 4253 1068 4325 Epiphaniuin,
1092 4267 1145 4312 et
1169 4257 1222 4310 in
1250 4255 1437 4311 codice
1476 4253 1748 4312 Bobiensi.

181 4323 256 4378 At
283 4323 620 4385 Casinensis,
667 4345 684 4375 ι
703 4323 766 4378 ex
791 4323 1036 4381 materia.
1066 4345 1084 4377 ι

259 4393 371 4463 (12)
406 4394 584 4456 Codex
618 4395 922 4461 Bobiensis,
961 4406 1050 4449 «et
1075 4395 1120 4448 si
1164 4396 1376 4459 exierit,
1399 4395 1752 4466 animamque

184 4479 299 4517 non
333 4466 648 4532 cognoverit
678 4467 894 4530 veritas,
919 4467 1180 4518 tradetur.
1207 4485 1224 4516 ι
1261 4466 1364 4522 Sed
1395 4467 1601 4522 codicis
1635 4466 1742 4522 Ca-

181 4533 436 4604 sinensis,
454 4535 734 4604 lectionem
759 4538 935 4589 lil'tllal
967 4535 1319 4604 Epiphanius.

260 4602 374 4672 (15)
399 4603 580 4658 Codex
604 4602 905 4668 Bobiensis,
943 4625 961 4655 ι
991 4602 1236 4673 correpta
1262 4605 1741 4670 fuerit,transfun-

175 4670 776 4744 detur._i_Casinensis,
814 4693 831 4725 ι
856 4687 1102 4744 correpta
1150 4670 1344 4740 'fuerit,
1413 4677 1743 4732 transfundi-

177 4752 295 4864 ἓιις.
323 4739 489 4863 LNos
543 4752 741 4810 tamen,
775 4764 792 4796 ι
819 4739 1062 4800 correcta
1106 4739 1339 4812 fuerit,r
1362 4746 1630 4800 edidimus
1673 4763 1738 4802 ex

233 4827 322 4864 om
365 4827 509 4864 amo.

271 4827 509 4866 IDDﬁlllO.

233 4827 539 4956 Tigaillliiic
586 4892 729 4956 patet
779 4881 919 4956 apud
971 4882 1329 4954 Epiphanium
1362 4898 1458 4953 pro
1479 4885 1604 4956 ὑμῖν
1630 4900 1740 4940 non

173 4964 306 5024 esse
319 4951 600 5021 legendum
618 4955 765 5024 ἡμῖν,
782 4964 840 5006 ιιι
857 4951 1104 5024 Petavius
1122 4956 1172 5007 in
1193 4951 1432 5024 margine
1449 4951 1742 5010 emendau-

172 5020 314 5075 dum
352 5020 472 5076 esse
496 5020 734 5090 monuit;
763 5041 885 5077 nam
913 5025 1026 5079 haec
1049 5023 1230 5078 Turbo
1250 5020 1461 5079 videtur
1486 5040 1740 5080 narrasse

170 5103 474 5162 antequam
511 5095 754 5147 haeresim
778 5095 1133 5162 deposuisset.
1180 5095 1310 5149 Vide
1340 5095 1478 5149 infra
1509 5106 1620 5150 not.
1646 5098 1735 5148 24.

256 5161 370 5234 (15)
395 5162 574 5234 Codex
628 5161 926 5228 Bobiensis,
955 5183 972 5217 ι
996 5166 1374 5230 ascenderunt,
1407 5165 1606 5234 quibus
1643 5165 1740 5219 de-

173 5233 375 5298 ceptis.
404 5250 420 5281 ι
475 5231 832 5302 Epiphanius,
876 5253 894 5286 ι
919 5245 971 5288 et
999 5237 1070 5289 ob
1107 5235 1158 5288 id
1184 5231 1517 5290 aberrantes.
1541 5254 1561 5287 ι
1599 5235 1738 5288 Male

171 5310 367 5374 autem
395 5302 470 5374 ibi
500 5307 906 5374 expungendum
932 5320 1053 5358 esse
1089 5305 1737 5374 negativampartieulam

173 5371 398 5424 censuit
445 5371 718 5444 Petavius,
761 5390 878 5428 eam
920 5376 1062 5428 enim
1102 5371 1358 5444 antiquus
1397 5371 1624 5430 Latinus
1654 5375 1737 5428 in-

176 5443 642 5530 terp'res'retinet;
673 5445 764 5513 qui
791 5455 967 5530 tamen
992 5446 1193 5530 legisse
1221 5443 1432 5500 videtur
1461 5445 1516 5498 in
1548 5444 1737 5500 Graeco

139 5507 343 5586 ‘text_u_
366 5513 464 5586 ad}:
498 5507 761 5586 ἐλάλησαν
795 5517 851 5567 ὲν
869 5507 1130 5586 ἀληθείᾳ.

285 5581 368 5648 16)
399 5583 584 5637 Codex
627 5581 932 5649 Bobiensis,
973 5581 1011 5635 ἰ
1035 5581 1270 5642 mentem
1326 5585 1607 5641 illorum.»
1649 5586 1729 5640 lta

139 5659 228 5721 δίει
253 5650 605 5721 Epiphanius.

159 5707 187 5804 ‘_
248 5707 371 5804 (Ιξῖ)⁵
393 5707 570 5804 Codex
595 5707 902 5786 Bobiensis,
939 5741 959 5776 ι
980 5724 1243 5794 devictus,
1265 5746 1284 5780 ι
1321 5725 1469 5798 quod
1494 5736 1576 5782 est
1602 5743 1731 5783 con-

171 5791 264 5847 tra
288 5791 462 5848 Graeci
492 5803 667 5850 textus
693 5811 932 5850 sensum.

1866 3210 2198 3269 nominibus.
2230 3211 2296 3265 Et
2331 3212 2525 3265 iterum
2563 3213 2631 3266 ho
2697 3212 2996 3283 (25),(ιιιο(1
3028 3215 3168 3284 apud
3195 3232 3289 3270 vos
3307 3217 3423 3288 (24)

1863 3320 2116 3374 magnum
2171 3313 2225 3358 et
2273 3304 2590 3379 honorabile
2615 3313 2697 3359 est
2734 3305 2870 3375 (25),
2901 3321 3098 3360 nomen
3154 3306 3421 3373 Sabaoth,

1861 3395 1948 3449 ille
1982 3395 2112 3449 dicit
2153 3401 2403 3448 naturam
2447 3409 2570 3450 esse
2603 3394 2862 3462 hominis,
2888 3404 2941 3450 et
2966 3406 3172 3466 patrem
3214 3414 3421 3454 concu-

1861 3489 2175 3559 piscentiae;
2223 3497 2276 3543 et
2329 3502 2634 3560 propterea,
2683 3490 2877 3561 inquit,
2915 3489 3273 3559 simpliciores
3307 3491 3420 3564 (26)

1931 3624 2039 3694 (18)
2075 3623 2214 3695 idem
2238 3625 2426 3687 codex,
2465 3643 2484 3676 ι
2508 3624 2600 3695 qui
2630 3634 2775 3686 sunt,
2803 3644 2820 3676 ι
2857 3625 2996 3678 mala
3026 3625 3205 3682 lectio.

1931 3696 2042 3761 (l9)
2069 3694 2250 3748 Codex
2284 3694 2586 3758 Bobiensis,
2634 3715 2652 3746 ι
2673 3696 2990 3750 desilierint.
3015 3715 3033 3747 ι

1933 3764 2045 3832 (20)
2073 3764 2264 3819 Oleum
2324 3784 2342 3815 ι
2367 3765 2761 3820 exorcidiatum
2784 3784 2802 3817 ι
2834 3766 2928 3830 ait,
2984 3781 3080 3835 pro
3137 3769 3416 3825 exorciza-

1860 3840 1997 3915 tum,
2023 3847 2209 3915 contra
2245 3851 2406 3915 quam
2439 3844 2658 3915 veteres
2693 3836 2962 3915 interdum
3005 3837 3244 3915 scribere
3273 3841 3416 3915 sole:

1858 3903 2026 3957 bant:
2053 3905 2139 3958 hic
2183 3903 2336 3976 enim
2372 3906 2580 3976 syllaba
2610 3922 2670 3956 πα
2700 3906 2752 3957 in
2803 3905 2891 3976 dia
2939 3907 3306 3973 convertitur;
3341 3911 3417 3965 illi

1858 3984 2038 4028 autem
2067 3974 2502 4042 przepositionem
2545 3974 2785 4028 Graecam
2831 3975 2936 4036 διὰ.
2967 3984 3020 4028 et
3039 3979 3069 4044 j
3105 3991 3417 4034 consonans

1857 4044 2135 4097 vocalibus
2154 4046 2466 4112 adjunctum
2488 4046 2538 4098 in
2569 4061 2597 4095 ι
2621 4044 2934 4109 mutabant;
2961 4045 3038 4100 sic
3064 4067 3080 4094 ο
3106 4044 3366 4111 Zabulus,
3387 4067 3408 4100 ι

1858 4128 1954 4181 pro
1987 4133 2005 4164 ι
2029 4112 2309 4176 Diabolus,
2338 4133 2356 4165 ι
2389 4124 2441 4169 et
2468 4114 2685 4169 similia.
2715 4114 2848 4168 Vide
2876 4114 3152 4168 Barthium
3183 4117 3238 4170 in
3270 4120 3413 4174 notis

1857 4183 1922 4257 ad
1957 4182 2492 4257 thbadium,_cap.
2530 4186 2583 4257 l.
2607 4214 2679 4223 —
2705 4183 2856 4257 Quod
2881 4185 3076 4257 attinet
3102 4187 3166 4239 ad
3202 4202 3264 4240 ea
3294 4203 3412 4257 quae

1857 4252 1945 4323 hic
1968 4254 2218 4307 observat
2249 4253 2318 4308 cl.
2356 4252 2678 4323 Zacagnius,
2724 4255 2922 4309 videsis
2979 4255 3234 4310 adnotata
3275 4252 3413 4314 infe-

1856 4322 1971 4376 rius
2002 4323 2068 4375 ad
2097 4322 2549 4378 Commodianum
2578 4323 2742 4376 lustr.
2769 4340 2930 4387 xxxv,
2956 4340 3006 4376 v.
3043 4326 3167 4379 515.

1929 4393 2041 4459 (21)
2076 4393 2255 4447 Codex
2282 4393 2586 4457 Bobiensis,
2626 4414 2642 4444 ι
2668 4395 2732 4448 ad
2763 4395 3228 4449 conﬁrmationem
3261 4396 3404 4452 ﬁdei.

1857 4458 2030 4532 Ilujus
2057 4465 2322 4532 nomina.
2349 4483 2367 4514 ι
2401 4464 2736 4530 Casinensis,
2779 4483 2796 4514 ι
2825 4467 2889 4518 ad
2937 4467 3407 4520 conlirmationem

1850 4533 1998 4605 ﬁdei.
2029 4531 2230 4586 Horum
2257 4535 2495 4588 nomina.
2524 4553 2542 4585 ι
2563 4533 2674 4588 Nos
2696 4536 2848 4602 juxta
2881 4534 3039 4588 tidem
3071 4535 3241 4589 Graeci
3264 4537 3406 4605 apud

1845 4599 2209 4671 Epiphanium
2256 4612 2439 4659 textus
2479 4599 2912 4667 emendavimus,
2965 4606 3071 4657 «ad
3119 4599 3408 4659 conﬁrma-

1842 4671 2044 4725 tionem
2081 4673 2202 4726 lidei
2239 4674 2420 4740 hujus.
2453 4672 2683 4727 Nomina
2713 4681 3038 4734 tamen,etc.
3090 4693 3108 4726 ι

1914 4743 2026 4810 (22)
2053 4743 2236 4796 Codex
2265 4743 2600 4806 Casinensis,
2633 4763 2648 4794 ι
2676 4744 2774 4798 soli
2806 4753 3005 4795 autem.
3036 4759 3052 4791 ι

1912 4811 2025 4880 (25)
2060 4812 2342 4866 Bobiensis
2370 4814 2561 4875 codex,
2599 4831 2616 4863 ι
2647 4814 2842 4866 iterum
2873 4811 3039 4879 quod.
3067 4829 3085 4862 ι

1917 4883 2032 4946 (24)
2064 4880 2201 4935 Hinc
2229 4891 2376 4950 patet
2415 4883 2558 4951 apud
2590 4881 2950 4950 Epiphaniam
2981 4880 3266 4952 legendum
3297 4896 3405 4937 non

1839 4967 1960 5009 esse
1981 4953 2129 5021 ἡμῖν,
2162 4954 2397 5021 utpanlo
2431 4960 2556 5006 ante
2580 4953 2914 5005 monuimus.

1935 5021 2027 5088 25)
2061 5022 2238 5074 Codex
2272 5021 2577 5088 Bobiensis,
2614 5040 2631 5071 ι
2655 5032 2816 5075 esset.
2844 5040 2862 5072 ι

1935 5025 2004 5075 25
2061 5025 2238 5074 Codex
2272 5025 2577 5088 Bobiensis,
2614 5040 2631 5071 ι
2655 5032 2816 5075 esset.
2844 5040 2862 5072 ι

1912 5025 2028 5163 (26)
2067 5090 2207 5156 Quid
2235 5091 2545 5146 Maniclueis
2598 5091 2876 5163 ἁπλαρίων
2915 5106 3016 5163 vox
3049 5089 3402 5163 signiﬁcaret,

1840 5159 2068 5218 eruditis
2092 5163 2485 5229 explorandum
2518 5163 2734 5230 reliquit
2764 5160 3038 5216 Petavius.
3064 5159 3263 5214 Verum
3298 5161 3402 5215 hoc

1842 5233 2063 5287 nomine
2090 5231 2423 5295 Catholieos,
2452 5233 2608 5300 quasi
2649 5250 2666 5282 ι
2692 5231 3073 5300 simpliciores,
3098 5250 3115 5282 ι
3159 5238 3218 5283 ιιι
3253 5231 3403 5283 anti-

1840 5317 1984 5373 quus
2021 5300 2248 5373 Latinus
2294 5301 2562 5370 interpres
2593 5303 2887 5367 transtulit,
2923 5303 2992 5355 ab
3021 5302 3225 5373 eisdem
3249 5301 3400 5373 desif

1855 5371 2033 5440 gnatos
2081 5371 2251 5424 fuisse
2299 5387 2365 5425 ex
2412 5373 2900 5432 anathematismis,
2938 5386 3076 5440 quos
3100 5371 3227 5424 olim
3257 5371 3400 5437 apud

1891 5456 2056 5496 raacos
2093 5442 2305 5508 publice
2339 5443 2657 5495 emittebant
2680 5441 2906 5495 Manetis
2945 5441 3184 5503 asseclae,
3222 5441 3287 5508 ad
3317 5454 3404 5492 ca-

1841 5506 2274 5566 tholicanitidem
2295 5513 2586 5573 venientes,
2615 5513 2806 5580 probat
2830 5510 3140 5580 Ducangius
3169 5510 3223 5563 in
3248 5506 3401 5562 Glos-

1839 5583 1980 5634 sario
2028 5583 2212 5634 media:
2259 5590 2308 5634 et
2355 5583 2552 5650 inﬁma:
2583 5579 2908 5637 Graecitatis.
2944 5579 3081 5634 Male
3119 5588 3300 5650 autem
3341 5579 3397 5633 in

1839 5653 2099 5705 Caesarea:
2133 5649 2474 5706 bibliotheca:
2494 5652 2694 5720 scripto
2717 5651 2926 5714 codice,
2951 5665 3017 5720 e_x
3041 5665 3151 5718 quo
3177 5649 3396 5720 eqsdem

1839 5722 2320 5776 anathemazismos
2370 5739 2400 5775 2
2455 5716 2757 5775 clarissimo
2794 5721 2911 5774 viro
2963 5716 3168 5773 Jacobo
3222 5716 3398 5775 'l‘ollio

1841 5793 2233 5848 humanissime
2260 5792 2559 5863 descriptos
2589 5792 2784 5862 habeo,
2799 5806 2898 5862 pro
2915 5789 3232 5862 ἁπλαρίους,
3258 5789 3397 5846 scri-
