3922 6506
211 303 238 357 1
252 305 359 358 Ην

1344 301 1492 358 CUM
1529 303 1809 357 ΜΑΝΕἸῈ
1847 297 2378 357 ΗκΕΙὶΕΞῗΑΠΟΗΛ.

3347 305 3480 362 1450

207 421 395 492 γῆται,
425 425 517 477 καὶ
553 424 585 495 ἡ
625 423 889 493 παρθένος
939 422 1032 474 τοῦ
1067 423 1258 490 φωτδς,
1294 425 1385 476 καὶ
1415 425 1443 475 ὁ
1488 423 1785 496 πρεσϐύτης

1899 434 1980 476 est
2029 424 2082 476 in
2137 423 2347 476 modica
2403 423 2545 480 navi.
2591 432 2644 475 et
2707 432 2878 475 mater
2933 422 3074 483 vitae,
3106 429 3158 474 et
3187 421 3477 477 duodecim

207 515 240 566 ὁ
271 513 473 584 τρίτος,
500 518 527 567 ο
557 515 613 565 ὲν
645 514 722 584 τῷ
753 513 968 585 μεγάλῳ
1003 513 1190 583 πλοίῳ,
1224 513 1316 565 καὶ
1359 514 1417 565 τὸ
1447 511 1552 576 ζῶν
1580 513 1796 586 πνεῦμα

210 607 311 661 καὶ
340 608 401 660 τὸ
431 611 605 678 τεῖχος
636 607 728 660 τοῦ
774 607 1007 678 μεγάλου
1051 606 1240 678 πυρὸς,
1287 608 1377 659 καὶ
1405 612 1466 658 τὸ
1502 609 1674 678 τεῖχος
1703 608 1794 660 τοῦ

209 699 439 765 ἀνέμου,
472 702 566 753 καὶ
593 699 686 753 τοῦ
711 700 890 771 ἀέρος,
920 699 1014 752 καὶ
1040 699 1132 752 τοῦ
1169 698 1380 761 ὓδατος,
1407 701 1501 751 καὶ
1533 698 1626 751 τοῦ
1658 699 1795 751 ἐσω-

211 794 306 848 (ιεν
353 795 521 864 πυρὸς
568 794 660 846 τοῦ
716 793 932 858 ζῶντος,
981 792 1116 864 πρὸς
1157 792 1245 846 τὸν
1294 793 1488 863 μικρὸν
1537 793 1796 862 emat-Ep:

210 887 471 946 οξκςῦσιν,
507 886 665 957 ἄχρις
706 885 770 939 ἂν
804 886 864 938 τὸ
915 885 1024 954 πῦρ
1065 884 1423 957 καταναλώσῃ
1463 884 1552 938 τὸν
1594 885 1796 955 κόσμον

207 978 352 1040 ὅλον,
379 980 434 1030 ἐν
461 982 641 1039 ποσοῖς
673 995 803 1030 ποτε
830 977 1024 1040 ἔτεσιν,
1055 971 1128 1030 ὧν
1154 979 1251 1030 οὐκ
1276 976 1475 1048 ἔμαθον
1506 977 1604 1046 τὴν
1638 977 1797 1028 ποσό-

209 1087 379 1138 τητα.
410 1070 520 1123 Καὶ
555 1069 690 1140 μετὰ
725 1070 890 1122 ταῦτα
916 1069 1356 1132 ἀποκατάστασις
1383 1068 1532 1122 ἔσται
1567 1069 1674 1121 τῶν
1706 1069 1796 1122 δύο

210 1161 464 1232 φῦσεωνο
514 1163 608 1216 καὶ
653 1164 700 1214 οἱ
759 1164 1015 1232 ἄρχοντες
1065 1165 1346 1235 οἰκήσουσι
1393 1163 1459 1214 τι
1511 1162 1795 1234 κατώτερα

213 1253 354 1324 μέρη
385 1253 608 1314 ἑαυτῶν,
642 1255 671 1305 ὁ
703 1253 757 1307 δὲ
787 1253 974 1324 Πατὴρ
1012 1254 1080 1306 τὰ
1113 1253 1376 1322 ἀνώτερα,
1412 1254 1471 1305 τὸ
1508 1253 1635 1306 ἴδιον
1663 1255 1796 1306 ἁπο-

209 1343 409 1398 λαεῖών.
443 1345 658 1414 Ταύτην
688 1344 744 1397 δὲ
787 1346 969 1397 πᾶσαν
1006 1344 1101 1416 τὴν
1138 1344 1480 1397 διδασκαλίαν
1509 1345 1792 1416 παρέδωκε

209 1439 324 1499 τοῖς
374 1437 550 1507 τρισὶν
591 1437 756 1490 αὖτοῦ
807 1437 1095 1508 μαθηταῖς,
1140 1437 1403 1500 κελεύσας
1441 1437 1668 1490 ἕκαστον
1716 1440 1794 1501 εἰς

209 1525 452 1597 κλίματα
477 1527 696 1580 ὁδεύειν.
738 1528 847 1581 Καὶ
885 1529 912 1579 ὁ
948 1529 1046 1596 μὲν
1076 1528 1267 1594 Ἀὃδας
1313 1529 1380 1584 τὰ
1402 1529 1792 1602 τῆ;Ἀνατολῆς

214 1618 354 1690 μέρη
381 1619 568 1690 ἔλαχεν
585 1638 597 1650 ·
622 1621 649 1672 ὁ
674 1620 728 1672 δὲ
749 1620 949 1690 Θωμᾶς
977 1620 1073 1692 τὴν
1096 1620 1280 1693 Σύρων
1307 1623 1407 1692 γῆν
1424 1623 1787 1693 κεκλήρωται·

220 1710 479 1782 Ἑρμείας
509 1712 564 1764 δὲ
600 1712 758 1776 ἄλλος
795 1713 892 1784 τὴν
921 1715 999 1776 εἰς
1031 1713 1305 1781 Αἴγυπτον
1350 1715 1792 1786 πορείατΐὲποιή-

210 1817 338 1854 σατο
359 1819 372 1831 ·
403 1803 495 1855 καὶ
527 1803 684 1874 μέχρι
714 1806 952 1874 σήμερον
976 1805 1154 1856 ἐκεῖσε
1185 1805 1539 1876 διατρίϐουσι,
1574 1806 1672 1875 τὴν
1697 1805 1789 1858 τοῦ

206 1893 478 1965 δόγματος
511 1895 766 1948 ὑπόθεσιν
808 1897 1000 1967 στῆσαι
1036 1896 1297 1960 Οέλοντες.

289 2008 537 2084 511449)
579 2009 705 2065 llam
743 2027 867 2066 cum
903 2011 1087 2066 Turbo
1136 2013 1386 2078 dixisset,
1443 2017 1792 2070 vehementer

210 2102 607 2156 accendebatur
656 2105 986 2168 Archelaus;
1038 2105 1323 2161 Marcellus
1377 2124 1504 2162 vero
1534 2125 1639 2163 non
1675 2126 1791 2162 mo-

211 2193 460 2259 vebatur,
500 2193 670 2248 Deum
718 2207 1066 2265 exspectans,
1114 2199 1378 2252 auxilium
1422 2199 1533 2270 (50)
1574 2202 1787 2254 veritati

213 2301 326 2340 sua
373 2287 618 2340 futurum
653 2303 667 2340 :
701 2287 970 2344 Archelao
1010 2299 1189 2345 autem
1241 2301 1357 2345 erat
1389 2307 1522 2346 cura
1558 2309 1656 2362 pro
1688 2310 1786 2363 po-

213 2377 360 2448 pulo,
409 2385 667 2448 tanquam
711 2381 915 2449 pastori
957 2395 1054 2449 pro
1097 2382 1313 2445 ovibus,
1368 2398 1490 2435 cum
1532 2383 1786 2453 luporum

211 2479 472 2540 parantur
518 2470 748 2525 insidiae.
789 2470 958 2538 lgitur
995 2471 1286 2527 Marcellus
1316 2473 1626 2530 Turbonem
1663 2492 1788 2530 mu-

213 2563 432 2614 neribus
466 2560 717 2629 plurimis
753 2561 977 2629 replevit
1015 2561 1148 2633 (51),
1185 2572 1238 2616 et
1279 2564 1329 2616 in
1373 2563 1625 2618 Archelai
1667 2567 1785 2635 epi-

213 2653 360 2720 sc0pi
396 2652 508 2721 (5‘2)
538 2654 760 2706 domum
790 2653 1030 2708 residere
1063 2655 1340 2723 praecepit.
1371 2654 1570 2710 Eadem
1601 2666 1784 2712 autem

213 2745 327 2816 ipsa
345 2745 433 2798 die
458 2747 771 2799 adventavit
792 2745 998 2810 Manes,
1019 2748 1296 2804 adducens
1322 2765 1509 2804 secum
1532 2750 1784 2820 juvenes,

210 2845 264 2890 et
307 2835 544 2904 virgines
592 2835 793 2890 electos
842 2837 909 2890 ad
957 2837 1150 2908 viginti
1200 2839 1310 2892 duo
1335 2840 1449 2910 (55)
1485 2843 1650 2896 simul
1685 2861 1700 2897 :
1732 2856 1787 2900 et

211 2928 390 2996 primo
428 2928 674 2981 omnium
729 2927 1044 2984 Turboncm
1085 2931 1395 3000 requirebat
1428 2933 1541 3003 (54)
1576 2951 1674 3003 pro
1705 2936 1788 2990 fo-

210 3023 363 3076 ribus
391 3020 666 3088 Marcelli;
696 3037 857 3092 quem
891 3039 1014 3076 cum
1050 3039 1156 3076 non
1194 3025 1513 3089 invenisset,
1539 3026 1603 3080 ad
1637 3027 1784 3083 Mar-

208 3168 262 3217 et
293 3159 582 3214 duodecim
610 3160 1023 3229 gubernatores,
1057 3168 1111 3212 et
1145 3159 1295 3229 virgo
1324 3161 1481 3218 lucis.
1515 3171 1567 3215 et
1602 3162 1784 3216 senior

210 3233 422 3286 tertius.
460 3229 611 3285 Unde
642 3240 694 3285 et
717 3231 887 3298 major
919 3230 969 3281 in
995 3230 1117 3282 navi
1143 3233 1329 3283 vivens
1360 3232 1596 3299 Spiritus
1623 3235 1781 3288 adhi-

211 3303 390 3367 betur,
415 3312 469 3355 et
496 3318 686 3355 murus
718 3301 856 3369 ignis
887 3300 1248 3369 illiusmagni,
1268 3310 1320 3353 et
1351 3318 1544 3354 murus
1573 3305 1787 3356 ventiet

205 3374 373 3434 aeris,
390 3383 590 3441 etaqua
608 3372 883 3424 interioris
903 3372 1038 3436 ignis
1058 3373 1366 3438 vivensque.
1383 3371 1575 3425 Omnia
1590 3374 1641 3425 in
1659 3375 1783 3427 luna

211 3443 533 3497 habitalnint
575 3457 860 3510 usquequo
912 3451 1082 3494 totum
1120 3443 1381 3495 mundum
1426 3443 1567 3512 ignis
1621 3445 1786 3498 absu-

210 3523 358 3579 mat;
393 3513 444 3565 iu
479 3529 640 3580 quem
691 3524 870 3565 autem
924 3527 1192 3564 annorum
1234 3528 1518 3566 numerum
1551 3529 1659 3567 non
1703 3517 1785 3567 di-

211 3585 340 3638 dici.
368 3602 385 3632 »
422 3580 648 3636 Videtur
679 3591 860 3635 autent
914 3583 1172 3649 antiquus
1200 3583 1468 3651 interpres
1509 3601 1612 3639 non
1648 3586 1784 3638 bene

215 3654 547 3708 intellexisse
581 3653 905 3720 quibusdam
954 3653 1006 3704 in
1042 3655 1175 3705 locis
1211 3655 1318 3705 vim
1352 3653 1523 3707 Graeci
1575 3665 1778 3717 textus,

209 3727 372 3793 cujus
412 3725 574 3777 verba
610 3723 750 3791 apud
784 3722 1144 3793 Epiphanium
1172 3724 1242 3775 ita
1275 3722 1465 3778 Latine
1496 3735 1695 3778 sonant
1717 3741 1780 3778 cx

212 3792 462 3848 versione
486 3803 670 3848 nostra
713 3812 726 3846 :
765 3811 783 3843 ι
804 3792 1031 3846 Cuncta:
1062 3797 1653 3864 vet-ogpropagatioues.
1687 3813 1782 3850 seu

212 3864 540 3935 prolationes
572 3872 901 3932 potestatum
929 3879 994 3916 ex
1019 3864 1160 3918 bono
1192 3862 1322 3927 Deo,
1353 3862 1565 3933 netnpe,
1599 3865 1781 3929 .lesus,

208 3937 303 4006 qui
333 3936 387 3987 in
425 3935 619 4006 minori
652 3935 1091 4002 navigiomanet,
1117 3942 1170 3986 et
1199 3936 1321 3987 vita:
1353 3945 1545 3999 mater,
1587 3946 1641 3990 et
1673 3954 1776 4006 gu—

213 4005 530 4060 bernatores
564 4005 874 4068 duodecim,
899 4016 953 4056 et
983 4006 1135 4073 virgo
1177 4006 1336 4070 lucis,
1373 4013 1426 4059 et
1449 4008 1633 4059 senior
1671 4005 1782 4060 ter-

213 4078 343 4135 tius,
383 4076 475 4144 qui
511 4075 565 4127 in
600 4077 804 4142 majore
828 4075 1042 4143 navigio
1063 4075 1280 4138 residet,
1313 4083 1367 4129 et
1393 4078 1584 4130 vivens
1613 4075 1785 4144 Spiri-

212 4159 303 4201 tus
331 4156 383 4200 et
412 4146 642 4215 ingentis
667 4148 806 4214 ignis
837 4161 1048 4210 murus,
1073 4154 1126 4198 et
1144 4161 1332 4201 murus
1359 4148 1594 4208 venti,et
1617 4148 1782 4213 aeris,

209 4229 264 4272 et
296 4233 470 4290 aqum.
503 4225 555 4268 et
587 4215 858 4290 interioris
892 4217 1030 4284 ignis
1072 4217 1331 4290 viventis;
1381 4218 1482 4276 hae.
1536 4218 1781 4290 inquam,

209 4286 404 4342 omnes
436 4287 870 4354 propagationes,
904 4302 998 4340 seu
1031 4286 1385 4354 prolationes,
1419 4288 1561 4357 apud
1593 4291 1778 4342 minus

210 4359 481 4413 luminare
509 4357 773 4422 habitant,
801 4373 1087 4426 quousque
1114 4359 1251 4425 ignis
1280 4358 1593 4412 universum
1628 4375 1785 4412 mun-

207 4435 339 4483 dum
376 4429 659 4492 absumat;
687 4429 737 4480 id
787 4428 931 4496 quod
971 4435 1120 4481 certo
1145 4443 1414 4498 annorum
1445 4429 1621 4498 spatio
1647 4445 1783 4482 cono

209 4501 401 4566 tinget,
433 4514 662 4566 quorum
698 4513 984 4551 numerum
1023 4499 1226 4551 nescio.
1255 4517 1274 4549 ι
1313 4497 1417 4552 Sed
1450 4497 1516 4552 de
1547 4500 1632 4554 his
1662 4499 1780 4552 Ma-

211 4570 543 4623 nichaeorum
575 4569 791 4636 ineptiis
817 4569 1157 4622 commodior
1188 4569 1344 4622 nobis
1388 4570 1580 4637 agendi
1626 4571 1779 4624 locus

210 4641 320 4693 erit
351 4641 403 4691 in
438 4637 858 4691 Manichaaarum
889 4639 1140 4690 historia.

283 4709 395 4778 (45)
436 4708 617 4761 Codex
665 4709 1002 4772 Castnensis,
1041 4728 1058 4759 ι
1086 4708 1292 4777 majore
1338 4710 1481 4764 navi.
1511 4729 1528 4762 ι
1565 4707 1773 4776 Legen-

207 4778 342 4834 duui
375 4790 552 4831 autem
595 4798 612 4827 σ
640 4780 828 4847 majori
879 4780 931 4830 in
999 4779 1138 4830 navi.
1166 4799 1184 4829 ι
1222 4779 1392 4834 Grazci
1422 4781 1570 4834 enim
1602 4789 1780 4834 textus

207 4851 354 4919 apud
394 4849 750 4917 Epiphaniuin
795 4851 880 4902 hic
915 4858 998 4902 est
1038 4865 1251 4902 sensus.

285 4921 396 4989 (Η)
426 4923 604 4973 Coaex
653 4919 956 4981 Bobiens-s,
991 4940 1008 4969 ι
1034 4929 1084 4972 et
1117 4936 1273 4988 aqu-.e
1319 4918 1595 4972 interioris
1640 4917 1780 4985 ignis

210 4992 532 5058 vivensque.
556 5008 572 5038 ι
613 4991 948 5050 Casinensis,
987 5009 1003 5040 ι
1029 5006 1201 5058 eaque
1260 4990 1534 5044 interioris
1597 4993 1727 5042 Vivi.
1755 5009 1774 5040 ι

207 5060 410 5114 Nos'ex
437 5060 624 5113 Crteco
649 5072 793 5113 textu
827 5060 1076 5112 Latinum
1118 5064 1475 5114 correximus.

284 5131 396 5198 (-2.5)
431 5133 610 5184 Cooev
643 5133 977 5192 Casmensis,
1029 5150 1046 5180 ε
1074 5133 1510 5184 luunnariorum.
1538 5149 1556 5181 ο
1593 5128 1778 5184 Graeca

212 5212 440 5265 80113111,
477 5219 493 5250 ι
519 5202 749 5254 duarum
789 5212 1127 5254 llilLUl'lll'lllll.
1155 5222 1172 5252 ι

284 5273 397 5341 (liti)
440 5271 536 5324 llic
590 5273 780 5324 lacuna
824 5283 907 5325 est
957 5273 1010 5324 iu
1055 5274 1237 5325 Codice
1270 5269 1546 5336 Bobiensi,
1583 5270 1635 5322 ili
1668 5285 1778 5339 quo

204 5345 376 5400 etiam
411 5360 429 5393 ‹
456 5342 700 5410 recipies,
730 5361 747 5392 ι
781 5357 1060 5410 perperam
1091 5345 1303 5410 legitur.

278 5413 393 5484 (Π)
426 5410 560 5466 Hinc
595 5423 741 5480 patet
793 5425 935 5464 recte
963 5411 1241 5466 Petavtuai
1282 5414 1335 5465 iu
1363 5410 1776 5484 rGriccohujus

201 5481 312 5541 loci
346 5494 493 5536 textu
531 5500 625 5551 pro
649 5483 926 5553 κλήματα,
959 5495 1014 5536 ιιι
1045 5499 1324 5551 perperam
1361 5483 1556 5552 legitur
1589 5482 1641 5533 in
1677 5481 1774 5534 Ba-

203 5556 431 5610 Stleeusi
480 5553 767 5623 Epiphann
819 5555 1057 5622 Uperum
1107 5555 1367 5620 editione,
1427 5554 1779 5607 substituisse

200 5626 464 5696 κλίματα.

279 5691 392 5768 (248)
421 5696 600 5768 Codex
622 5694 964 5768 Bobiensis,_5
991 5709 1051 5747 ex
1072 5693 1454 5768 quibusAdda.
1481 5691 1778 5746 iC-xterum

200 5764 496 5826 cx'coilice
525 5766 780 5820 Bobiensi
821 5774 873 5818 et
925 5764 1227 5833 Epiphanio
1259 5765 1614 5820 Casincnsem
1649 5778 1778 5831 sup-

525 5867 796 5930 Ρλτιιοι.
843 5863 957 5924 GR.
995 5861 1071 5922 X.

1762 1777 1865 1832 ’Β

1762 1825 1788 1832 ..

1901 517 2314 587 gubernatores,
2341 527 2393 569 et
2425 517 2576 585 virgo
2605 517 2762 576 lucis,
2786 526 2838 569 et
2871 516 3055 569 senior
3084 519 3298 570 tertius.
3325 511 3478 571 Unde

1899 617 1951 657 et
1989 607 2177 676 majori
2214 608 2266 660 in
2313 607 2432 666 navi
2467 606 2576 676 (45)
2603 607 2789 661 vivens
2824 607 3051 675 Spiritus
3086 606 3395 667 adhibetur,
3424 615 3479 660 et

1901 713 2091 752 murus
2118 698 2264 752 illius
2312 700 2452 769 ignis
2477 699 2686 769 iuagni,
2708 708 2763 752 et
2797 714 2990 753 murus
3029 700 3193 764 venti,
3229 708 3282 754 et
3310 700 3476 762 aeris.

1899 803 1951 846 ct
1974 809 2147 862 aquae,
2179 801 2233 847 et
2257 794 2532 847 interioris
2566 793 2707 863 ignis
2743 793 2846 845 vivi
2883 792 3020 863 (M),
3049 808 3171 862 quae
3199 796 3381 846 omnia
3415 793 3470 846 in

1901 886 2026 938 luna
2080 884 2426 949 liabitabunt,
2467 901 2751 955 usquequo
2796 895 2968 938 totum
3022 885 3284 938 mundum
3337 885 3478 956 ignis

1899 979 2152 1032 absumat
2188 994 2200 1028 :
2232 977 2284 1031 in
2317 989 2449 1047 quot
2483 988 2664 1031 autem
2703 978 2886 1041 annis,
2932 992 3220 1030 numerum
3254 992 3362 1032 non
3396 978 3478 1031 di-

1898 1069 2025 1122 dici.
2061 1068 2124 1121 Et
2166 1077 2284 1137 post
2321 1069 2436 1121 haec
2493 1069 2770 1122 restitutio
2813 1068 2919 1120 erit
2953 1068 3190 1120 duorum
3241 1067 3478 1121 lumina-

1898 1161 2037 1214 rium
2068 1161 2203 1229 (45),
2238 1170 2291 1213 et
2325 1160 2600 1229 principes
2645 1160 2966 1213 liahitabunt
3015 1159 3068 1212 in
3124 1157 3476 1213 inferioribus

1898 1253 2143 1322 partibus
2200 1252 2314 1306 suis
2363 1251 2500 1320 (i6);
2533 1251 2695 1306 Pater
2739 1263 2919 1305 autem
2966 1251 3018 1303 iu
3073 1250 3474 1320 superioribus,

1897 1360 2018 1414 quae
2048 1359 2146 1397 sua
2181 1353 2308 1397 sunt
2365 1345 2650 1411 recipiens.
2685 1341 2808 1396 llaec
2855 1352 2937 1396 est
2989 1343 3171 1396 omnis
3228 1343 3473 1396 doctrina

1897 1452 2059 1507 quam
2093 1435 2314 1489 tradidit
2350 1435 2523 1490 tribus
2544 1436 2827 1506 discipulis
2867 1436 3004 1498 suis,
3039 1434 3278 1502 ctjussit
3301 1450 3395 1489 eos
3422 1435 3475 1487 in

1898 1539 2012 1582 tres
2051 1528 2235 1580 mundi
2274 1529 2458 1597 plagas
2505 1527 2617 1593 (47)
2649 1526 2939 1594 proﬁcisci.
2971 1525 3122 1580 Adda
3149 1525 3260 1596 (48)
3291 1535 3475 1596 partes

1898 1625 2123 1675 sortitus
2150 1630 2233 1674 est
2265 1619 2508 1674 Orientis
2533 1638 2546 1685 ;
2580 1618 2821 1674 Thomas
2846 1635 2972 1673 vero
3010 1617 3272 1687 Syrorum
3301 1628 3474 1673 terras

1898 1713 2170 1781 suscepit;
2204 1711 2432 1767 llermas
2458 1727 2585 1765 vero
2613 1712 2680 1765 ad
2713 1710 3008 1782 Egyptuni
3038 1710 3317 1780 profectus
3339 1721 3422 1765 cst
3454 1729 3469 1765 :

1894 1813 1948 1859 et
1982 1821 2154 1873 usque
2188 1804 2242 1857 in
2286 1804 2633 1868 hodiernum,
2677 1803 2751 1856 ibi
2803 1804 3028 1872 degunt,
3064 1801 3336 1871 dogmatis
3374 1804 3474 1856 liu-

1891 1897 1981 1966 jus
2015 1898 2186 1966 gratia
2219 1895 2576 1966 praedicandi.

1893 2011 2090 2066 cellam
2132 2008 2436 2079 ingreditur
2466 2007 2834 2063 salutandum.
2869 2005 2988 2073 Quo
3022 2009 3111 2062 ille
3135 2008 3274 2073 viso,
3301 2007 3475 2062 admi-

1893 2114 2045 2158 ratus
2070 2113 2153 2158 cst
2185 2104 2363 2173 primo
2411 2103 2634 2157 habitus
2669 2101 3023 2168 indumenta;
3062 2102 3297 2155 habebat
3326 2101 3468 2154 enim

1894 2197 2253 2253 calceamenti
2283 2212 2476 2266 genus,
2508 2195 2654 2264 quod
2694 2194 3006 2264 quadrisole
3041 2192 3152 2264 (55)
3185 2193 3344 2262 vulgo
3375 2207 3472 2263 ap-

1892 2291 2081 2362 pellari
2112 2291 2286 2355 solet;
2321 2290 2546 2359 pallium
2584 2297 2764 2342 autem
2811 2287 3046 2352 varium,
3076 2295 3336 2357 tanquam
3375 2301 3469 2339 ae-

1892 2384 2008 2436 rina
2047 2383 2255 2451 specie;
2286 2383 2339 2435 in
2369 2397 2533 2435 manu
2564 2396 2690 2434 vero
2719 2379 2831 2451 (56)
2865 2379 3260 2433 validissimum
3294 2379 3465 2433 bacu-

1891 2475 2000 2529 lum
2058 2475 2276 2528 tenebat
2323 2489 2385 2528 ex
2435 2473 2584 2543 ligno
2638 2473 2852 2526 ebcliuo
2909 2471 3058 2542 (57);
3107 2469 3465 2541 Babylonium

1892 2581 2018 2620 vero
2046 2566 2244 2619 librum
2283 2565 2532 2635 portabat
2583 2565 2686 2619 sub
2743 2564 2965 2618 sinistra
3011 2563 3130 2627 ala;
3162 2579 3322 2615 crura
3355 2562 3467 2633 (58)

1889 2658 2052 2713 etiam
2101 2657 2309 2710 braccis
2363 2657 2649 2710 obtexerat
2705 2655 2888 2707 colore
2937 2652 3172 2717 diverso,
3232 2669 3466 2723 quarum

1891 2766 1998 2805 una
2056 2748 2196 2814 rut»,
2229 2749 2334 2801 alia
2394 2747 2541 2800 velut
2593 2745 2799 2816 prasini
2848 2744 3048 2799 coloris
3099 2754 3215 2797 erat
3249 2746 3468 2800 :vultus

1888 2858 2019 2897 vero
2049 2841 2158 2912 (59)
2195 2851 2251 2894 ιιι
2281 2842 2429 2895 senis
2461 2839 2640 2893 Persm
2685 2838 2911 2892 artiﬁcis
2962 2846 3015 2891 et
3056 2837 3322 2892 bellorum
3355 2840 3464 2893 du-

1891 2928 2108 2997 cis(60)
2151 2929 2457 2981 videbatur.
2511 2927 2680 2997 Igitur
2731 2926 3015 2982 Marcellus
3052 2928 3234 2980 statim
3259 2932 3324 2982 ad
3359 2928 3462 2981 Ar-

1892 3021 2140 3074 chelaum
2183 3021 2368 3085 mittit,
2409 3019 2501 3089 qui
2529 3036 2654 3073 cum
2691 3020 2854 3074 verbo
2882 3020 3042 3074 citius
3065 3019 3351 3086 adfuisset,
3383 3020 3468 3074 in-

1891 3157 2175 3227 plevimus,
2205 3155 2256 3208 in
2291 3169 2401 3224 quo
2431 3155 2577 3227 milla
2602 3153 2826 3227 Thomas
2851 3154 3074 3208 mentio.

1963 3229 2076 3295 (49)
2104 3225 2220 3280 lluc
2254 3242 2424 3293 usque
2452 3226 2806 3294 Epiphanius.

1960 3294 2072 3368 (.30)
2114 3298 2295 3368 Codex
2323 3297 2628 3368 Bobiensis,
2663 3314 2678 3344 ι
2713 3295 2935 3368 auxilio.
2960 3313 2979 3346 ι
3036 3294 3047 3310 ⁵

1960 3367 2071 3434 (fit)
2102 3367 2283 3420 Codex
2318 3367 2619 3428 Bobiensis,
2653 3384 2670 3414 (
2693 3367 2934 3417 donavit.
2963 3384 2980 3415 ι

1959 3438 2070 3505 (5⁸2)
2104 3436 2241 3501 Vox,
2282 3457 2299 3487 ί
2323 3438 2582 3505 epis-cupi,
2612 3455 2629 3484 ι
2662 3439 2815 3489 deest
2847 3436 2898 3488 in
2933 3435 3212 3492 Bobiensi.

1959 3510 2072 3578 (53)
2101 3508 2279 3561 Codex
2306 3507 2610 3578 Bobiensis,
2653 3526 2669 3556 i
2694 3509 2758 3559 ad
2790 3507 3100 3578 duodecim.
3132 3527 3152 3558 ι

1961 3577 2073 3650 (Sili)
2109 3579 2291 3650 Codex
2307 3577 2630 3650 ABobieusis,
2668 3597 2683 3628 ί
2708 3577 2953 3650 requirit.
2977 3597 2995 3626 ο

1959 3645 2071 3718 (55)
2100 3649 2279 3702 Codex
2307 3648 2610 3708 Bobiensis,
2656 3665 2672 3697 ‹
2699 3648 2989 3700 trisolium.
3021 3666 3040 3698 ι
3080 3645 3278 3705 Persas
3329 3651 3458 3708 altis

1888 3721 2085 3774 calceis
2109 3736 2236 3774 usos
2268 3719 2435 3773 fuisse
2460 3719 2536 3771 ait
2557 3720 2754 3772 Strabo
2783 3718 2873 3770 lib.
2909 3733 2998 3770 xv.
3216 3770 3220 3774 ,

1960 3791 2073 3858 (56)
2101 3791 2235 3844 Mire
2258 3799 2656 3861 Corruptusest
2685 3789 2772 3842 hic
2795 3787 2927 3842 Bob.
2955 3791 3077 3844 cod.
3103 3808 3118 3856 ;
3141 3790 3456 3861 legitenim,

1894 3878 2024 3917 «aer
2061 3861 2285 3930 iuaspici
2322 3862 2486 3914 enim.
2521 3858 2712 3911 Manus
2746 3874 2892 3912 vero.
2931 3878 2949 3910 ι
2993 3909 2995 3912 ,

1956 3932 2069 4004 (57)
2099 3929 2282 3986 Codex
2347 3930 2652 4004 Bobiensis,
2700 3931 2970 4004 Δ«(ιιὶιΙὶιιο.
3000 3950 3015 3979 ι
3072 3929 3338 3984 Baculum
3390 3947 3457 3986 ex

1885 3999 2060 4056 ebeno
2094 4012 2336 4071 gestasse
2360 4001 2669 4068 prOphetas.
2699 3999 2798 4052 hoc
2829 4011 2930 4063 est,
2960 4016 3238 4054 sacrarum
3279 4017 3457 4071 rerum

1887 4070 2206 4142 interpretes
2231 4087 2295 4125 ex
2320 4072 2652 4142 Callisthene
2674 4071 2863 4138 probat
2889 4073 3196 4141 Ducangius
3220 4073 3274 4125 in
3298 4070 3458 4126 Glos-

1885 4141 2049 4206 sario,
2081 4144 2246 4196 verbo
2296 4141 2612 4202 Ἐϐέλλινος.
3009 4177 3012 4180 -

1979 4214 2068 4282 ’58)
2099 4212 2198 4265 Hic
2232 4212 2424 4265 lacuna
2454 4219 2537 4264 est
2568 4211 2621 4282 in
2651 4209 2837 4262 codice
2865 4208 3137 4263 Bobiensi.

1979 4220 2068 4282 ’58)
2100 4220 2198 4265 Hic
2232 4220 2424 4265 lacuna
2454 4220 2537 4264 est
2568 4226 2621 4262 ιιι
2651 4220 2837 4262 οοιιιρο
2865 4220 2919 4260 Ut

1956 4220 2069 4354 259)
2099 4282 2437 4354 Casinensis,
2478 4281 2705 4354 «vultus
2737 4292 2872 4354 erat.
2898 4300 2919 4354 _i

1957 4346 2070 4426 (69)
2100 4352 2358 4426 Artiﬁcis
2391 4360 2441 4404 et
2500 4349 2754 4426 bellorum
2785 4351 2956 4402 ducis.
2997 4347 3081 4426 .Ad
3129 4346 3457 4426 _ha:c_verba

1887 4417 2194 4495 praestabili
2220 4417 2460 4495 inediqu
2495 4421 2738 4495 proferre
2765 4437 2890 4495 uiue
2923 4417 3306 4495 animadvertit
3337 4419 3461 4495 Phi-

1815 4474 1857 4530 D
1886 4474 2533 4566 lippit'swﬁuoiiarruotiiis
2571 4505 2624 4542 ν.
2655 4474 2728 4542 cl.
2749 4474 2818 4566 iii
2847 4485 3224 4566 opereltalice.
3261 4490 3458 4566 i_uscr'i—_

1886 4559 1979 4637 plu
2017 4586 2031 4620 :
2070 4562 2438 4637 Osservazioni
2503 4563 2883 4637 sopra__alrmi_i
2921 4559 3224 4637 {mutuitanti
3254 4559 3312 4610 di
3346 4562 3458 4637 vasi

1885 4626 2083 4693 amiciti
2143 4631 2200 4686 di
2242 4641 2401 4694 vrtro,
2455 4631 2602 4683 edito
2642 4630 2928 4683 Flet-entia:
2985 4626 3141 4690 1716,
3200 4643 3324 4696 pag.
3365 4631 3457 4683 U9.

1883 4706 2044 4768 (lum,
2100 4703 2298 4770 inquit,
2340 4702 2501 4766 hujus
2550 4699 2941 4770 disputationis
2987 4697 3126 4770 Acta
3172 4711 3202 4770 e
3262 4697 3457 4770 Graeco

1885 4778 1995 4830 sint
2032 4767 2328 4830 trauSlata,
2379 4775 2494 4823 inec
2553 4772 2713 4823 verba
2763 4767 3030 4820 «artiﬁcis
3089 4776 3142 4818 et
3192 4767 3456 4824 bellorum

1885 4847 2041 4899 ducis
2069 4865 2087 4894 ι
2129 4859 2251 4910 qth
2288 4856 2412 4893 cum
2465 4839 2896 4906 praecedentibus
2957 4837 3138 4910 minus
3173 4849 3319 4892 recte
3364 4857 3456 4893 co—

1885 4917 2110 4976 lnerent,
2148 4907 2304 4965 versa
2328 4910 2578 4963 videntur
2613 4910 2682 4962 ab
2716 4910 3007 4976 interprete
3033 4907 3127 4976 qui
3156 4911 3457 4977 exemplari

1886 4987 2147 5039 mendoso
2177 4998 2309 5035 usus
2341 4979 2525 5052 fuerit,
2550 4980 2752 5052 quique
2783 4980 2861 5032 sic
2881 4977 3167 5052 legerit-Ib;
3199 4978 3432 5052 δημιουρ

1882 5056 1983 5125 γοῦ
2011 5055 2102 5106 καὶ
2141 5047 2472 5122 στρατηγοῦ,
2515 5064 2640 5125 cum
2677 5050 2869 5103 luisset
2899 5047 3185 5125 legendum
3316 5047 3458 5121 δημ-

1883 5117 2054 5198 ἆρχου
2117 5117 2221 5176 καῖ
2271 5117 2627 5198 στρατηγοῦι
2699 5135 2821 5189 qua:
2871 5118 3318 5198 pi'oiii_de_verba
3356 5117 3460 5176 rgoc

1885 5188 2042 5265 pacto
2084 5188 2349 5247 vertenda
2377 5188 2608 5265 __eSSt:lll.,
2640 5200 2698 5243 ut
2749 5205 2846 5265 pro
2873 5188 3165 5265 ’¢_artilicis
3189 5208 3206 5240 ι
3249 5192 3459 5265 legatur

1889 5260 2189 5335 ipriucipis
2231 5262 2410 5331 pepuli
2441 5279 2459 5310 ι
2516 5264 2628 5314 sive
2687 5279 2704 5311 ς
2733 5260 2955 5322 tribuni,
2983 5276 3002 5309 ι
3037 5267 3089 5311 et
3121 5274 3216 5335 pro
3245 5277 3264 5309 ι
3288 5262 3459 5335 licio-

1885 5329 2004 5390 rum
2031 5329 2188 5389 duist
2215 5329 2243 5384 ί
2268 5329 2474 5402 legatur
2514 5350 2533 5382 ι
2559 5335 2936 5400 magistratum
2962 5331 3221 5400 gerentis,
3250 5347 3268 5380 ι
3300 5329 3456 5398 juxta

1885 5411 1991 5460 vim
2021 5407 2168 5458 vocis
2196 5402 2498 5474 στρατηγός
2524 5442 2539 5468 ,
2570 5403 2942 5474 ιιυιιιψιιᾱοδι
2971 5417 3080 5474 non
3111 5410 3322 5474 tantum
3355 5404 3457 5456 ini-

1885 5481 2038 5530 litare
2093 5468 2313 5536 munus,
2349 5468 2442 5527 sed
2477 5468 2641 5526 etiam
2667 5468 2827 5525 civile
2864 5471 3062 5524 innuit.
3115 5468 3278 5536 idque
3331 5487 3460 5526 cott-

1885 5549 2086 5602 tiruiari
2127 5555 2303 5615 potest
2329 5546 2653 5615 auctoritate
2681 5542 2856 5615 l’lauti
2894 5544 2948 5594 in
2974 5539 3322 5615 Curculione,
3346 5551 3456 5599 act.

1885 5619 1947 5682 ll,
1984 5611 2142 5671 scen.
2183 5633 2268 5680 ιιι,
2306 5632 2357 5668 v.
2419 5618 2472 5678 t5,
2514 5615 2566 5679 7,
2603 5613 2693 5666 ubi
2743 5624 2974 5682 utraque
3019 5611 3134 5663 hinc
3181 5626 3282 5664 vox
3330 5627 3457 5669 cum

1884 5693 2006 5743 aliis
2028 5687 2230 5742 muniis
2257 5685 2810 5755 civilibusjungitur:
2841 5685 2953 5737 Nec
2983 5689 3343 5752 συνίεμεν..
3368 5700 3459 5741 nec

1884 5757 2216 5824 demarchus,
2245 5767 2350 5812 etc.

2950 5846 3029 5908 Ιιϐ
