3922 6486
469 274 596 329 “Eii

1471 267 1650 323 ACTA
1691 266 2209 332 DlSPUTATlONlS
2248 267 2308 324 S.
2359 265 2702 324 ARCHELAI

3569 267 3704 320 HS!

465 391 588 444 vehi
645 389 696 442 in
729 403 850 441 cum
903 387 1085 440 animo
1135 387 1426 456 urgebatur
1479 401 1545 438 ex
1595 387 1712 455 ipso
1757 385 1940 437 hahilu
1967 400 2101 458 acA
2133 385 2399 438 discerent
2452 398 2557 438 non
2601 382 3093 452 blasphemare’u
3127 381 3204 436 ita
3260 391 3314 435 et
3365 397 3462 436 vos
3505 397 3702 434 omnes

467 481 647 552 specie
695 481 836 548 ejus,
869 488 923 532 et
968 479 1202 532 maxime
1245 479 1463 546 quidem
1502 476 1636 546 (61),
1664 477 1806 544 quod
1835 485 2034 544 etquae

469 569 725 625 Turbone
785 568 1048 622 referente
1108 577 1468 634 cognoverat;
1513 567 1776 619 secretius
1831 567 2031 619 factum

466 664 607 731 apud
651 661 1000 726 semetipsum
1057 669 1462 722 retractaverat,
1497 667 1552 710 et
1577 659 1862 727 diligenter
1905 673 2036 726 prae-

468 766 691 824 paratus
760 756 1071 806 advenerat.
1129 750 1199 802 At
1233 766 1359 804 vero
1405 750 1858 818 prudentissimus
1891 749 2034 800 Mar-

467 847 637 900 eellus
665 845 816 897 omni
871 844 1290 896 contentionum
1339 842 1520 896 studio
1565 842 1798 904 sublato,
1834 851 2039 894 utrum-

471 952 578 1005 que
622 935 812 989 audire
851 933 1094 988 decernit
1125 933 1256 1002 (ϐξ),
1301 933 1542 986 invitatis
1590 934 1720 986 viris
1759 932 2034 1002 primariis

467 1028 739 1090 civitatis;
776 1041 840 1078 ex
875 1027 1073 1094 quibus
1102 1025 1315 1094 judices
1350 1025 1528 1094 elegit,
1565 1025 1824 1094 religione
1870 1023 2038 1092 genti-

463 1122 571 1184 les,
617 1129 852 1188 quatuor
893 1133 1142 1180 numero.
1187 1132 1421 1186 quorum
1456 1118 1570 1170 hmo
1618 1125 1744 1169 sunt
1769 1115 1988 1168 nomina
2019 1159 2033 1171 .

477 1212 765 1281 Manippus
793 1211 1158 1280 grammaticae
1181 1211 1314 1262 artis
1337 1219 1391 1263 et
1422 1208 1722 1276 disciplina:
1745 1207 2030 1262 rhetoricze

461 1305 855 1376 peritissimus,
897 1301 1177 1372 IEgialeus
1214 1301 1323 1370 (65)
1356 1302 1627 1355 archiater
1663 1300 2034 1354 nobilissimus

464 1409 518 1452 ct
551 1397 748 1450 litteris
779 1398 1024 1464 apprime
1055 1395 1322 1460 eruditus,
1349 1394 1613 1448 Claudius
1650 1403 1703 1447 et
1746 1393 2037 1452 Cleobulus

465 1491 574 1543 duo
597 1489 796 1542 fratres
837 1487 1040 1557 egregii
1086 1489 1331 1540 rhetores
1368 1485 1504 1554 (64).
1545 1485 1630 1539 Fit
1657 1500 1786 1554 ergo
1821 1487 2035 1556 magni-

465 1581 604 1635 licus
653 1589 987 1645 conventus;
1018 1579 1088 1630 ita
1133 1589 1190 1630 ut
1237 1581 1436 1632 domus
1463 1576 1723 1640 Marcelli,
1756 1593 1878 1646 quae
1921 1585 2038 1631 erat

465 1674 760 1735 immensa,
809 1673 1108 1742 repleretur
1141 1688 1205 1726 ex
1237 1672 1322 1724 his
1349 1671 1441 1740 qui
1473 1671 1539 1724 ad
1567 1671 1890 1724 audiendum
1916 1669 2035 1724 fue-

2133 492 2418 545 pmnarum
2462 475 2692 545 principi
2740 473 3048 538 trademini,
3077 488 3175 541 pro
3220 487 3286 528 eo
3319 475 3464 543 quod
3505 489 3706 526 manus

2135 570 2398 638 injecistis
2429 570 2482 622 in
2513 568 2726 622 Patrem
2759 566 2978 629 Christi,
3024 581 3144 620 cum
3189 581 3312 617 eum
3353 566 3540 618 dicitis
3579 582 3710 618 cau-

2135 677 2251 714 sam
2289 676 2409 714 esse
2453 661 2698 712 omnium
2751 659 3040 721 malorum,
3070 667 3122 710 et
3163 658 3506 710 conditorem
3567 658 3712 722 inju-

2133 754 2309 818 st'itix,
2347 760 2406 806 et
2448 753 2618 806 totius
2671 750 2976 818 iniquitatis
3035 761 3355 812 creatorem,
3415 766 3486 802 ex
3516 749 3710 802 eodem

2143 843 2292 896 fonte
2317 841 2530 896 dulcem
2552 849 2605 896 et
2635 857 2872 895 amaram
2905 840 3256 909 producentes
3285 856 3486 908 aquam
3519 859 3534 892 :
3567 841 3712 908 quod

2134 933 2248 986 fieri
2299 942 2393 986 aut
2433 932 2658 1001 intelligi
2701 931 2850 984 nulla
2908 931 3118 984 ratione
3163 931 3424 999 possibile
3471 931 3710 984 εει-(ἔω

2133 1023 2275 1076 enim
2300 1029 2512 1091 oportet
2537 1021 2726 1075 credi?
2755 1021 3030 1090 magistris
3051 1022 3244 1074 vestris
3279 1021 3424 1084 istis,
3455 1023 3560 1090 qui
3599 1037 3714 1075 car-

2135 1115 2296 1168 nibus
2321 1121 2616 1168 vescuntur
2641 1123 2693 1166 et
2720 1112 3144 1167 allluentissimis
3169 1113 3380 1166 deliciis
3413 1114 3716 1182 perfruun-

2139 1218 2228 1259 tur
2260 1224 2277 1262 :
2317 1215 2411 1260 aut
2441 1205 2707 1259 Salvatori
2735 1205 2953 1258 Christo
2978 1203 3104 1258 Jesu
3139 1205 3359 1270 dicenti,
3390 1207 3540 1260 sicut
3581 1209 3717 1259 scri-

2135 1308 2284 1366 ptum
2309 1307 2408 1351 est
2443 1297 2498 1350 in
2547 1297 2960 1365 Evangeliorum
2995 1297 3129 1350 libro
3159 1314 3173 1349 :
3207 1316 3224 1347 ι
3251 1296 3364 1350 Non
3403 1308 3598 1366 potest
3629 1315 3714 1352 aro

2137 1391 2235 1443 bor
2269 1390 2411 1442 bona
2447 1391 2620 1442 malos
2655 1387 2864 1442 fructus
2909 1387 3110 1452 facere,
3159 1405 3334 1458 neque
3368 1391 3544 1444 arbor
3571 1393 3714 1444 mala

2139 1481 2311 1534 heros
2365 1480 2572 1534 fruetus
2625 1479 2898 1544 facere”;
2927 1497 2946 1532 ι
2991 1490 3044 1534 et
3095 1479 3201 1532 alio
3229 1481 3282 1532 in
3315 1480 3456 1543 loco,
3491 1491 3716 1549 patrem

2139 1573 2424 1636 diaboli“,
2462 1572 2774 1625 mendacem
2808 1580 2862 1624 et
2919 1569 3244 1625 homicidam
3287 1571 3354 1624 ab
3391 1573 3560 1626 initio
3595 1589 3716 1628 esse

2140 1664 2426 1717 conﬁrmat
2451 1680 2464 1728 ;
2500 1678 2718 1716 rursum
2743 1663 3073 1716 desiderium
3103 1661 3270 1716 fuisse
3297 1664 3546 1717 tenebris
3573 1665 3714 1734 (70},

475 1773 598 1817 rant
645 1763 821 1818 vocati
864 1763 973 1834 (65)
1004 1780 1016 1814 :
1047 1773 1100 1816 et
1149 1778 1272 1816 cum
1324 1762 1377 1814 in
1437 1773 1728 1830 conspectu
1789 1763 2032 1815 omnium
2066 1751 2194 1808 But
2225 1755 2640 1824 insequerentur
2676 1754 2826 1816 illud,
2860 1754 3004 1823 quod
3053 1755 3120 1808 de
3167 1754 3286 1808 luce
3329 1755 3490 1808 initio
3521 1755 3718 1810 fuerat

467 1853 842 1908 constitissent
889 1853 925 1905 ii
979 1854 1069 1921 qui
1125 1853 1410 1906 adversum
1445 1867 1502 1906 se
1537 1853 1716 1904 dicere
1769 1867 2036 1921 propone-

467 1944 618 2006 bant,
668 1952 798 1996 tunc
843 1941 918 1995 illi
970 1943 1123 1996 electi
1174 1942 1386 2010 judices
1415 1943 1742 1994 excelsiores
1781 1943 2035 1995 omnibus

463 2037 853 2101 consederunt,
891 2043 1052 2104 atque
1104 2032 1276 2086 Mante
1330 2033 1544 2086 dicendi
1601 2034 1812 2086 initium
1848 2033 2032 2088 datum

463 2137 567 2182 est.
602 2127 827 2181 Silentio
849 2126 1012 2196 igitur
1043 2125 1206 2189 facto,
1237 2124 1472 2192 primum
1505 2122 1616 2192 (66)
1640 2137 1924 2192 aggressus
1953 2133 2037 2177 est

463 2219 570 2276 hoc
591 2219 774 2274 modo:

533 2311 671 2364 Xlll.
711 2311 822 2382 (67)
853 2310 987 2382 Ego,
1019 2309 1120 2364 viri
1154 2309 1370 2370 fratres.
1415 2308 1616 2363 Christi
1663 2308 1880 2378 quidem
1913 2325 2031 2364 sum

463 2405 786 2473 discipuius,
820 2403 1102 2472 apostolus
1132 2418 1260 2456 vero
1294 2400 1454 2464 Jesn;
1487 2417 1586 2468 pro
1635 2401 1800 2452 nimia
1850 2411 2030 2453 autem

467 2499 804 2550 humanitate
863 2496 1100 2549 Marcelli
1155 2497 1345 2548 adesse
1405 2493 1678 2560 festinari,
1713 2495 2034 2564 utqualiter

473 2597 728 2659 oporteat
769 2589 1057 2642 observare
1095 2587 1312 2640 modum
1355 2587 1548 2638 divina:
1583 2587 1879 2654 religionis,
1908 2601 2030 2638 eum

465 2681 722 2733 edoceam
753 2693 764 2729 :
795 2691 860 2730 ne
895 2678 1038 2732 sicut
1071 2687 1216 2730 muta
1268 2677 1548 2742 animalia,
1593 2693 1714 2746 qua:
1759 2677 2030 2730 intellectu

465 2775 653 2818 carent
683 2779 779 2817 nec
805 2765 935 2832 quid
970 2773 1138 2834 agunt
1168 2766 1476 2828 advertunt,
1513 2766 1586 2819 ita
1619 2768 1778 2820 etiam
1805 2763 2032 2818 Marcel-

466 2855 573 2918 lus,
603 2857 694 2925 qui
725 2873 867 2911 nunc
917 2873 974 2912 se
1017 2859 1162 2912 velut
1203 2859 1507 2914 dedititium
1541 2861 1804 2913 doctrinm
1832 2860 2034 2913 Arche-

466 2948 538 3002 lai
568 2949 897 3018 subjugavit,
924 2949 988 3003 ad
1019 2951 1269 3004 ultimum
1304 2953 1504 3006 damno
1547 2952 1741 3006 anima:
1786 2951 2030 3012 feriatur,

465 3056 590 3095 cum
637 3043 1002 3108 prmparaadte
1047 3044 1215 3096 divini
1267 3043 1447 3098 cultus
1491 3045 1854 3097 observantiae
1891 3045 2029 3096 ultra

465 3147 574 3186 non
599 3132 850 3186 habuerit
882 3131 1214 3189 facultatem.
1249 3135 1373 3190 Scio
1394 3144 1574 3188 autem
1604 3143 1657 3188 et
1679 3147 1856 3189 certus
1887 3151 2029 3196 sum,

471 3225 616 3296 quod
667 3227 954 3281 emendato
1011 3225 1121 3296 (68)
1171 3226 1446 3292 Marcello,
1488 3227 1648 3280 etiam
1695 3241 1793 3280 vos
1847 3242 2032 3280 omnes

465 3323 600 3376 salvi
635 3335 754 3377 esse
801 3322 1080 3392 poteritis;
1116 3319 1286 3388 ipsius
1334 3318 1710 3386 enimjudicio
1762 3333 2032 3386 suspensa

465 3414 659 3482 pendet
688 3413 818 3466 urbs
849 3421 1024 3468 vestra
1059 3410 1235 3481 :quod
1265 3411 1308 3463 si
1334 3409 1402 3462 ab
1429 3424 1755 3478 unoquoque
1791 3418 2028 3462 vestrum

466 3505 754 3574 abjiciatur
783 3520 925 3558 vana
969 3503 1342 3573 praesumptio,
1373 3510 1426 3554 et
1470 3515 1534 3555 ea
1563 3517 1684 3570 quae
1717 3501 1966 3553 dicentur
1999 3515 2029 3551 a

467 3611 574 3660 me,
615 3597 723 3649 veri
756 3610 942 3648 amore
980 3595 1291 3656 audiantur,
1322 3592 1491 3645 futuri
1521 3592 1705 3645 saeculi
1745 3591 2032 3644 haeredita—

467 3697 596 3750 tem,
621 3687 881 3740 cmlorum
917 3700 1081 3754 regna
1114 3685 1357 3753 capietis.
1387 3685 1518 3736 Sum
1544 3683 1762 3750 quidem
1793 3698 1891 3752 ego
1925 3683 2028 3735 Pa-

469 3775 724 3838 racletus,
762 3774 854 3844 qui
897 3775 963 3828 ab
993 3773 1118 3828 Jesu
1150 3774 1288 3826 mitti
1321 3772 1609 3841 praedictus
1641 3787 1784 3830 sum,
1807 3791 1822 3816 ι
1843 3773 1906 3824 ad
1945 3787 2033 3824 ar-

465 3867 734 3936 guendum
755 3867 1014 3920 mundum
1034 3866 1099 3920 de
1114 3877 1338 3934 peccato
1357 3873 1404 3917 et
1430 3864 1495 3918 de
1511 3864 1773 3932 injustitia
1800 3866 1817 3892 τ
1836 3865 1967 3934 (69).
1999 3884 2018 3915 ι

465 3959 619 4013 Sicut
639 3967 692 4012 et
722 3958 816 4028 qui
856 3965 981 4011 ante
1011 3972 1098 4010 me
1127 3957 1331 4010 missus
1359 3966 1441 4010 est
1473 3955 1700 4020 Paulus,
1734 3975 1750 4004 ι
1775 3971 1838 4009 ex
1873 3966 2028 4025 parte

463 4049 623 4114 scire,
655 4059 710 4104 et
738 4065 804 4104 ex
835 4058 988 4118 parte
1019 4048 1376 4117 prophetare“
1409 4068 1426 4099 ι
1463 4064 1520 4102 se
1549 4049 1705 4112 dixit,
1750 4049 1884 4100 mihi
1940 4064 2028 4102 re—

462 4156 688 4196 servans
717 4141 864 4210 quod
898 4139 1196 4210 perfectum
1229 4149 1330 4203 est,
1365 4149 1425 4192 ut
1451 4141 1553 4193 hoc
1591 4141 1738 4209 quod
1768 4155 1829 4193 ex
1881 4148 2031 4208 parte

460 4243 546 4287 est
575 4234 873 4286 destruant.
911 4233 1151 4284 Tertium
1199 4245 1329 4299 ergo
1377 4232 1749 4284 testimonium
1779 4233 2025 4299 accipite,

461 4324 769 4393 apostolum
805 4338 890 4375 me
911 4337 1033 4376 esse
1060 4321 1260 4376 Christi
1286 4322 1517 4374 electum
1539 4341 1550 4375 :
1570 4331 1622 4375 et
1651 4325 1692 4376 si
1719 4324 1881 4376 vultis
1912 4338 2026 4376 mea

2137 1848 2409 1917 prolatum
2434 1845 2693 1912 Verbum,
2722 1855 2777 1900 et
2808 1846 3090 1900 inimicum
3138 1847 3416 1900 hominem
3455 1847 3708 1900 zizanio-

2138 1955 2258 1992 rum
2307 1938 2686 1992 seminatorem
2717 1939 2778 2000 ",
2829 1947 2882 1991 et
2930 1937 3226 2006 principem
3279 1938 3470 1992 saeculi
3513 1941 3710 1991 mundi

2139 2029 2300 2096 hujus
2330 2027 2497 2082 Deum
2523 2029 2586 2088 ’³,
2617 2027 2710 2096 qui
2759 2028 3038 2080 hominum
3093 2036 3300 2081 mentes
3359 2039 3630 2092 excmcat,
3659 2043 3716 2082 ut

2137 2121 2191 2172 in
2240 2119 2531 2187 Evangelia
2583 2119 2784 2172 Christi
2839 2119 3186 2172 deserviant?
3243 2117 3432 2173 Bonus
3469 2129 3554 2174 est
3611 2123 3716 2174 iste

2139 2211 2298 2272 Deus,
2331 2210 2423 2278 qui
2473 2224 2603 2263 suos
2651 2209 2901 2262 homines
2952 2209 3152 2262 salvari
3202 2225 3314 2262 non
3344 2209 3498 2262 vult?
3525 2209 3620 2272 Et,
3659 2223 3716 2263 ut

2137 2319 2204 2356 ne
2235 2303 2402 2356 multa
2436 2303 2538 2355 alia
2581 2303 2855 2355 revolvam
2881 2309 2938 2355 et
2974 2303 3208 2370 spatium
3241 2304 3510 2371 temporis
3543 2304 3704 2356 obte-

2133 2411 2272 2458 ram,
2328 2409 2468 2448 verae
2515 2393 2778 2447 doctrinae
2835 2393 3089 2448 differens
3133 2395 3244 2464 (71)
3303 2403 3544 2464 tempus,
3600 2396 3716 2448 haec

2135 2486 2339 2540 uixisse
2362 2485 2612 2546 sulliciat,
2644 2493 2698 2539 et
2721 2484 2787 2538 ad
2823 2485 3160 2556 propositum
3195 2486 3440 2550 redeam,
3469 2495 3530 2539 ut
3553 2500 3716 2540 com-

2133 2585 2375 2646 petenter
2399 2577 2678 2630 ostendam
2725 2576 2958 2630 istorum
2996 2577 3286 2630 absurdam
3319 2591 3446 2630 esse
3497 2577 3714 2632 doctri-

2135 2683 2284 2730 nam.
2329 2683 2430 2722 nec
2481 2668 2776 2737 quidquam
2828 2667 2938 2722 Deo
2971 2677 3023 2722 et
3075 2668 3220 2723 Patri
3279 2669 3502 2723 Domini
3537 2672 3714 2724 nostri

2137 2761 2434 2815 Salvatoris
2474 2761 2876 2826 ascrihendum,
2930 2763 3022 2817 sed
3069 2764 3336 2816 malorum
3391 2774 3712 2818 nostrorum

2135 2868 2356 2907 causam
2406 2855 2650 2923 accipere
2700 2853 2956 2909 Satanam
2989 2871 3002 2906 :
3031 2855 3084 2908 in
3132 2857 3306 2924 ipsum
3339 2857 3547 2908 etenim
3575 2859 3712 2926 reji-

2135 2945 2408 3010 ciendum,
2434 2947 2576 3015 quod
2623 2948 2804 3000 omnia
2859 2947 3238 3016 hujuscemodi
3277 2947 3424 3000 mala
3471 2949 3545 3002 ab
3591 2951 3714 3018 ipso

2135 3049 2477 3110 generentur.
2503 3041 2606 3095 Sed
2631 3050 2683 3095 et
2710 3057 2771 3094 ea
2803 3058 2924 3110 qua:
2955 3043 3008 3095 in
3034 3042 3312 3111 prOphetis
3337 3053 3394 3096 et
3429 3044 3554 3112 lege
3577 3046 3712 3098 scri-

2137 3141 2224 3201 pta
2259 3141 2406 3197 sunt,
2462 3133 2568 3202 ipsi
2615 3133 2972 3188 nihilominus
3021 3135 3338 3188 ascribenda
3393 3145 3560 3202 sunt;
3595 3137 3712 3205 ipse

2133 3238 2216 3279 est
2247 3225 2416 3290 enim,
2440 3225 2533 3294 qui
2580 3225 2632 3278 in
2669 3227 2946 3295 prophetis
2975 3235 3102 3280 tunc
3147 3227 3364 3282 loculus
3391 3239 3502 3294 est,
3537 3230 3712 3299 pluri-

2136 3328 2252 3366 mas
2292 3313 2372 3366 eis
2407 3313 2472 3366 de
2525 3311 2634 3366 Deo
2675 3317 3007 3383 ignorantias
3053 3331 3368 3386 suggerens.
3425 3329 3482 3373 et
3537 3331 3712 3374 tenta-

2135 3405 2330 3468 tiones,
2355 3417 2408 3457 et
2431 3407 2922 3474 concupiscentias.
2951 3407 3056 3461 Sed
3092 3417 3146 3462 et
3172 3411 3562 3464 devoratorem
3585 3429 3708 3466 eum

2135 3497 2418 3564 sanguinis
2439 3506 2492 3552 et
2521 3501 2703 3553 carnis
2729 3502 3054 3566 ostendunt;
3087 3517 3206 3570 quae
3235 3505 3426 3556 omnia
3463 3505 3536 3558 ad
3587 3523 3708 3560 eum

2135 3587 2402 3654 pertinent
2430 3587 2688 3644 Satanam
2716 3600 2768 3645 et
2795 3592 2857 3645 ad
2881 3595 3176 3662 prophetas
3207 3595 3348 3663 ejus,
3369 3612 3499 3664 quae
3527 3609 3708 3652 trans-

2133 3677 2371 3732 formare
2413 3681 2583 3734 voluit
2611 3683 2664 3734 in
2699 3682 2914 3738 Patrem
2951 3685 3176 3750 Christi,
3207 3699 3258 3740 et
3289 3689 3542 3744 scribere
3579 3707 3710 3760 pau-

2133 3787 2194 3823 ca
2229 3773 2474 3840 quaedam
2519 3789 2668 3836 vera,
2705 3786 2764 3828 ut
2815 3792 2910 3845 per
2957 3777 3072 3832 hate
3119 3780 3282 3832 etiam
3335 3792 3542 3836 caetera
3593 3801 3708 3852 qua:

2133 3871 2261 3913 sunt
2307 3859 2463 3925 falsa,
2512 3865 2884 3920 crederentur.
2917 3865 3071 3920 Unde
3095 3869 3296 3922 bonum
3331 3872 3500 3926 nobis
3535 3883 3622 3928 est
3643 3890 3706 3927 ex

2132 3953 2386 4007 onmibus
2419 3970 2538 4022 qua:
2580 3971 2752 4024 usque
2787 3959 2852 4011 ad
2885 3957 3148 4012 Joannem
3179 3960 3386 4028 scripta
3431 3975 3592 4026 sunt,
3627 3967 3704 4016 ni-

2135 4047 2208 4099 hil
2254 4049 2478 4102 omnino
2515 4051 2814 4118 suscipere,
2851 4067 2882 4105 a
2915 4053 3110 4135 diebus
3153 4069 3284 4107 vero
3313 4055 3442 4124 ejus
3479 4073 3704 4128 evange-

2133 4138 2352 4191 lizatum
2391 4153 2616 4208 regnum
2667 4142 2927 4195 coalorum
2965 4145 3140 4197 solum
3173 4145 3434 4213 amplecti
3467 4167 3482 4202 :
3512 4159 3706 4202 semel—

2133 4229 2280 4298 ipsos
2313 4231 2457 4283 enim
2485 4231 2814 4298 ,trriserunt,
2847 4234 3075 4288 ridicula
3107 4245 3160 4288 et
3195 4237 3410 4290 ludicra
3449 4240 3700 4292 introdu-

2131 4331 2336 4384 centes,
2361 4323 2573 4390 exiguis
2605 4326 2930 4392 quibusdam
2956 4327 3134 4380 verbis
3159 4329 3211 4380 in
3249 4330 3367 4397 lege
3405 4331 3704 4385 adumbra-

460 4415 622 4468 wrha
671 4414 966 4484 suscipere.
998 4413 1286 4468 invenietis
1317 4414 1583 4478 salutem;
1635 4416 1881 4468 nolentes
1927 4431 2026 4467 au-
2057 4429 2098 4482 ι)
2130 4411 2219 4476 tis,
2247 4412 2560 4480 ignorantes
2610 4416 2735 4482 quia
2783 4418 2940 4470 malis
2969 4417 3014 4470 si
3053 4419 3498 4476 admiscet-eatur
3537 4425 3700 4488 bona,

458 4517 589 4568 tem,
615 4519 713 4559 vos
744 4515 980 4559 :eternus
1010 4504 1149 4574 ignis
1172 4505 1460 4573 absumere
1486 4507 1664 4558 habet.
1699 4505 1852 4558 Sient
1876 4507 2019 4559 enim

457 4597 781 4668 Hymenaeus
821 4605 877 4651 et
920 4596 1226 4650 Alexander
1259 4597 1483 4651 «traditi
1523 4605 1652 4651 sum
1694 4595 1929 4660 Satanae,
1961 4605 2020 4649 ut

525 4719 545 4749 '
571 4717 730 4772 Joan.
755 4733 863 4778 xw,
896 4715 948 4772 8.
1053 4717 1074 4746 ⁸
1109 4715 1126 4768 l
1154 4717 1278 4770 Cor.
1308 4733 1426 4781 xm,
1453 4718 1504 4772 9.

453 4801 576 4854 ml,
610 4787 700 4842 ‘25.
777 4788 820 4819 "
845 4787 1044 4856 Ephes.
1071 4804 1144 4851 vn,
1175 4789 1260 4841 μὶ.

525 4907 636 4977 (61)
666 4907 842 4960 Codex
873 4907 1160 4977 Bobiensis
1193 4923 1299 4959 non
1331 4907 1512 4971 habet,
1545 4927 1564 4958 ‹
1589 4909 1832 4977 quidem.
1857 4927 1875 4960 ι

526 4976 640 5048 (6‘2,
671 4977 850 5030 Codex
881 4976 1197 5048 Casinensis
1224 4979 1386 5040 male,
1423 4997 1440 5028 ι
1463 4976 1655 5032 cernit.
1683 4998 1701 5029 ι

525 5047 637 5118 (65)
677 5049 858 5100 Codex
881 5047 1188 5108 liohieusis,
1223 5067 1249 5097 4
1274 5049 1664 5117 grammaticus
1693 5061 1745 5101 et
1779 5048 2023 5117 discipli-

454 5134 538 5172 na:
565 5119 856 5188 rhetorij
878 5119 1012 5170 artis
1049 5119 1433 5186 peritissimus,
1477 5129 1529 5171 ct
1560 5118 1835 5188 ASgidius.
1867 5138 1884 5164 ι
1914 5120 2023 5171 llo-

451 5204 574 5242 runt
610 5199 790 5241 autem
841 5187 1085 5254 jndicunt
1129 5189 1389 5255 primum.
1440 5187 1722 5256 gentilium
1773 5191 2016 5257 philoso-

458 5259 600 5328 phiae
658 5257 1043 5327 professereut,
1103 5259 1398 5311 secundum
1453 5263 1740 5322 ιιινίέιωιιιι,
1803 5263 2018 5312 tertium

455 5329 899 5396 grammaticum,
935 5336 1189 5395 quartum
1223 5333 1493 5382 rhetorem
1527 5331 1654 5383 lacit
1687 5329 2019 5398 Epiphanius

450 5411 602 5450 num.
637 5401 724 5450 10.

521 5469 635 5536 (64)
665 5467 846 5521 Codex
872 5467 1210 5530 Casinensis,
1255 5485 1275 5516 ι
1301 5478 1562 5520 rectores.
1591 5487 1608 5514 ›

520 5538 634 5604 (65)
671 5537 852 5590 Codex
881 5537 1183 5602 Bobiensis,
1225 5557 1243 5586 ε
1264 5540 1567 5591 convocati.
1589 5557 1607 5588 ι

519 5609 630 5675 (uti)
664 5607 846 5660 Codex
875 5611 1212 5670 Lasinensis,
1254 5625 1271 5656 ι
1299 5609 1554 5675 plurima.
1585 5625 1602 5656 ι

501 5673 630 5744 ,(67)
661 5675 778 5731 liuc
839 5692 1011 5747 usque
1073 5673 1314 5732 Valesius
1369 5675 1536 5731 edidit
1572 5693 1635 5731 ex
1687 5678 1874 5732 codice
1903 5676 2006 5732 Bo-

1619 4719 1640 4749 ⁸
1671 4715 1692 4768 1
1722 4714 1864 4770 Tim.
1893 4732 1991 4782 vn,
2027 4717 2115 4771 50.

2131 4505 2392 4558 malorum
2433 4508 2782 4575 corruptione
2809 4509 2974 4562 etiam
3007 4525 3127 4577 qua:
3159 4511 3300 4564 bona
3331 4525 3488 4576 sunt,
3515 4527 3701 4568 exter-

2129 4598 2424 4649 minantur.
2457 4597 2598 4652 Etsi
2644 4599 2859 4665 quidem
2903 4609 2986 4653 est
3035 4601 3348 4670 quisquam,
3387 4608 3486 4674 qui
3529 4611 3704 4674 possit

2224 4717 2264 4746 ¹⁰
2296 4715 2483 4770 Matth.
2513 4733 2609 4782 vn,
2638 4717 2723 4771 18.
2851 4719 2892 4750 ¹¹
2924 4717 3080 4776 Joan.
3107 4735 3222 4783 VIII,
3246 4721 3337 4776 Li.
3433 4723 3478 4756 ¹²
3507 4723 3698 4779 Matth.

2131 4902 2326 4962 biensn.

2201 4978 2310 5046 (68)
2345 4976 2402 5029 1η
2431 4979 2618 5032 codice
2652 4977 2956 5040 Casinensi,
2998 4997 3017 5030 ι
3042 4981 3184 5034 enim
3209 4979 3358 5032 dato.
3387 4999 3406 5032 ι

2202 5051 2313 5116 (69)
2342 5046 2568 5102 Videtur
2598 5051 2684 5102 hic
2714 5052 2866 5102 locus
2887 5065 2918 5102 a
2943 5049 3168 5115 Manete,
3201 5051 3285 5103 vel
3327 5053 3400 5104 ab
3435 5053 3698 5122 imperito

2125 5119 2350 5172 librario
2383 5129 2702 5187 corruptus;
2737 5135 2861 5172 nam
2895 5122 2964 5190 in
2981 5135 3138 5173 sacro
3171 5129 3339 5184 textu,
3377 5119 3690 5190 cjusiitia,r

2127 5190 2385 5243 scribitur
2407 5191 2682 5242 contrario
2716 5205 2902 5244 sensu.
2926 5188 3082 5242 Varia
3118 5201 3298 5243 autem
3348 5188 3522 5246 sacrae
3543 5192 3698 5248 Scri-

2127 5271 2296 5326 ptura:
2353 5262 2470 5312 loca
2519 5261 2707 5312 dolose
2767 5261 3146 5327 interpolasse,
3179 5269 3341 5328 atque
3375 5265 3695 5330 corrupisse

2125 5330 2392 5382 Manetem
2427 5332 2626 5382 diserte
2652 5330 2950 5383 Arche.aus
2971 5331 3164 5383 asserit
3191 5333 3329 5383 intra
3351 5347 3477 5398 cap.
3511 5333 3606 5396 55,
3639 5343 3693 5386 et

2123 5417 2189 5452 ex
2223 5399 2524 5468 Epiphanio
2548 5400 2816 5468 colligitur
2848 5401 2899 5451 in
2923 5399 3167 5467 ejusdem
3199 5401 3388 5454 haeresi
3423 5403 3686 5457 num.56.

2195 5469 2306 5532 (70)
2351 5467 2574 5521 Videtur
2605 5467 2875 5537 respicere
2909 5471 3093 5522 Manes
3115 5471 3180 5524 ad
3213 5470 3304 5523 illa
3331 5468 3496 5524 Joan.
3531 5489 3574 5534 ι.
3595 5473 3636 5528 5
3669 5489 3686 5526 :

2129 5556 2146 5586 ‹
2171 5537 2244 5610 Et
2259 5539 2508 5610 tenebrae
2528 5554 2650 5594 eum
2685 5555 2792 5592 non
2831 5540 3378 5610 comprehenderunt.
3407 5560 3426 5590 ι

2189 5607 2298 5679 (71)
2329 5607 2385 5662 lu
2415 5609 2600 5664 codice
2627 5609 2933 5674 Casinensi,
2956 5607 2996 5660 ⁷(
3018 5610 3289 5664 disserens
3310 5627 3330 5661 ι
3361 5609 3578 5682 legitur.
