3922 6504
243 257 407 325 ’4455

1325 265 1332 272 ’
1402 267 1550 323 CUM
1584 265 1869 321 MANETE
1909 266 2454 324 HERESIABCHA.

3386 264 3526 319 εδει

262 387 576 454 ostendere,
624 388 794 457 legem
854 388 990 443 recti
1053 395 1326 442 tenentem
1364 402 1508 454 esse,
1545 387 1704 442 debet
1735 402 1838 442 cu-
1870 391 1918 448 Α
1945 389 2183 445 dicimus
2214 389 2591 445 monarebiam
2625 388 2788 442 unius
2809 398 3038 451 naturae,
3066 395 3118 440 et
3147 386 3328 440 omnia
3359 385 3522 441 Deum

263 481 493 545 stodiri;
527 480 610 534 sin
655 490 838 534 autem
883 480 1082 533 malam
1134 480 1442 544 ostendere,
1478 480 1837 534 interimenda

262 581 350 629 est
371 580 427 627 et
463 571 795 640 abiicienda,
836 573 1037 641 quippe
1069 587 1190 640 quae
1213 572 1410 626 mortis
1443 571 1555 641 (72)
1593 572 1841 626 ministe-

266 664 411 720 rium
475 663 718 718 eontinet
774 662 1370 732 iuformatum”,qu.e
1415 665 1596 718 vultus
1669 664 1839 735 Moysi

261 754 516 826 gloriam,
551 764 864 823 contegens,
898 755 1185 810 destruxit.
1222 756 1336 810 Non
1394 768 1478 812 est
1520 761 1685 830 igitur
1720 762 1839 815 sine

261 845 508 914 periculo
533 845 789 913 cuiquam
816 856 1055 899 vestrum
1094 849 1298 916 pariter
1329 865 1452 903 cum
1487 851 1601 918 lege
1630 863 1684 904 et
1714 868 1840 920 pro-

261 935 440 1004 phetis
491 950 690 987 novum
727 933 1160 1002 Testamentum,
1219 947 1477 1008 tanquam
1514 940 1627 1010 (75)
1677 942 1840 997 unius

257 1030 374 1083 sint
419 1038 669 1096 utraque,
717 1029 947 1093 docere,
984 1031 1182 1099 quippe
1225 1047 1348 1085 cum
1405 1044 1632 1086 renovet
1663 1034 1728 1087 de
1755 1035 1839 1088 die

261 1121 318 1174 in
370 1120 513 1174 diem
565 1119 866 1174 Salvator-is
897 1122 1068 1174 nostri
1094 1123 1356 1188 eruditio;
1393 1124 1482 1176 illa
1526 1141 1657 1178 vero
1691 1139 1838 1179 vete-

265 1228 490 1266 rasceus
515 1224 568 1265 et
596 1228 888 1267 senescens
926 1231 1094 1285 prope
1119 1215 1502 1268 exterminium
1531 1215 1644 1269 liat.
1680 1214 1840 1282 Quod

261 1305 618 1360 manifestum
656 1314 740 1360 est
781 1307 887 1370 his,
925 1309 1016 1376 qui
1059 1307 1443 1361 discretionem
1482 1309 1680 1362 habere
1712 1326 1840 1379 pos-

261 1405 428 1462 sunt;
460 1397 589 1464 quia
645 1397 787 1451 sicut
839 1398 1053 1451 arboris
1083 1413 1206 1450 cum
1243 1398 1527 1450 seuuerint
1564 1399 1724 1464 rami,
1757 1401 1839 1453 vel

261 1500 488 1543 truncus
514 1489 748 1542 fructum
776 1491 916 1543 ultra
955 1506 1061 1544 non
1096 1489 1269 1552 θίγω-ι,
1295 1489 1385 1542 sed
1421 1491 1838 1556 abscinduntur,

258 1591 315 1637 ct
349 1583 589 1636 membra
625 1597 915 1651 corpowm
952 1599 1075 1637 cum
1108 1593 1368 1651 corrupta
1395 1584 1617 1649 fuerint,
1649 1599 1842 1654 ampu-

258 1683 449 1728 tantur
482 1692 496 1726 :
529 1675 897 1742 corruptionis
930 1674 1073 1728 enim
1119 1674 1270 1728 virus
1315 1689 1380 1727 ex
1437 1676 1695 1730 membris
1747 1692 1842 1746 per

259 1777 425 1814 omne
457 1777 657 1832 corpus
692 1763 1017 1827 infunditur,
1054 1773 1107 1817 et
1143 1764 1251 1818 nisi
1295 1764 1521 1818 artificis
1560 1766 1840 1833 diligentia
1874 1748 1915 1801 Β

263 1855 568 1908 remedium
590 1855 816 1908 morbus
842 1856 1134 1923 acceperit,
1165 1872 1364 1926 corpus
1395 1872 1555 1911 omne
1580 1859 1839 1923 vitiatur;

265 1947 339 2000 ita
371 1961 498 2016 ergo
531 1955 584 1999 et
615 1947 938 2016 recipientes
969 1948 1164 2017 legem,
1202 1950 1308 2003 nisi
1337 1952 1706 2020 cognoveritis
1743 1969 1841 2006 cu-

260 2039 351 2108 ius
374 2039 466 2104 sit,
493 2039 706 2092 animas
753 2055 879 2093 cum
913 2041 1087 2095 salute
1120 2043 1377 2110 perdetis.
1423 2063 1440 2094 ‹
1469 2042 1578 2096 Lex
1607 2045 1751 2097 enim
1789 2055 1842 2099 et

262 2134 537 2202 praphetze
571 2147 742 2200 usque
770 2132 834 2186 ad
863 2130 1128 2187 Joannem
1154 2132 1453 2203 Baptistam
1483 2137 1546 2198 ιδ,
1581 2155 1597 2186 ›
1627 2152 1655 2188 a
1677 2135 1842 2189 Joan-

263 2241 332 2280 ne
358 2240 487 2279 vero
520 2225 604 2278 lex
639 2227 906 2288 veritatis,
940 2226 1024 2280 lex
1059 2228 1508 2296 promissionum,
1539 2230 1623 2282 lex
1675 2230 1841 2282 caelo-

264 2336 412 2381 rum,
451 2320 537 2373 lex
573 2323 932 2374 annuutiatur
969 2320 1211 2374 humano
1250 2323 1436 2390 generi
1467 2339 1626 2377 nova.
1674 2321 1842 2392 Equi-

261 2414 385 2467 dem
418 2413 589 2467 douee
617 2429 725 2466 non
778 2423 898 2466 erat
927 2414 1019 2482 qui
1043 2413 1382 2469 verissimam
1433 2416 1713 2470 scientiam
1741 2415 1843 2468 Do-

263 2507 396 2561 mini
451 2507 624 2561 nostri
666 2504 793 2561 Jesu
846 2507 1002 2559 vobis
1046 2507 1381 2571 ostenderet,
1417 2517 1703 2577 peccatum
1733 2523 1838 2560 non

263 2599 549 2653 habebatis
587 2618 599 2652 :
631 2615 778 2653 nunc
812 2608 1075 2652 autemet
1107 2600 1321 2661 videtis,
1360 2611 1413 2653 et
1435 2598 1658 2664 auditis,
1693 2609 1746 2652 et
1785 2599 1838 2652 in

262 2694 512 2748 inscitius
548 2693 658 2764 (7.1)
686 2695 761 2748 ire
795 2694 984 2757 vultis,
1011 2703 1069 2748 ut
1103 2694 1275 2763 legem
1305 2709 1428 2763 qua:
1455 2695 1731 2747 destructa
1760 2702 1843 2747 est

261 2795 318 2840 et
345 2787 552 2852 relicta,
580 2787 689 2856 (75)
727 2788 866 2841 sicut
898 2785 1100 2840 Paulus
1123 2787 1214 2856 qui
1247 2786 1390 2856 apud
1434 2801 1532 2840 vos
1568 2785 1841 2854 probatis-

262 2879 441 2932 simus
482 2878 732 2942 habetur,
777 2879 854 2932 ait
907 2879 958 2931 in
1010 2877 1244 2946 quadam
1305 2877 1542 2946 Epistola
1599 2891 1698 2932 sua
1738 2877 1841 2930 hoc

262 2971 428 3024 modo
462 2985 476 3022 :
519 2989 536 3020 ι
571 2969 626 3023 Si
653 2970 797 3024 enim
828 2986 950 3040 qua:
982 2969 1225 3023 destruxi
1271 2970 1386 3023 ha’c
1414 2970 1609 3023 iterum
1645 2968 1840 3022 reaedi-

263 3060 388 3127 lico,
430 3063 903 3130 praevaricatorem
939 3078 1024 3114 me
1057 3063 1336 3116 constituo
1363 3061 1424 3115 ¹⁶.
1449 3080 1466 3112 ι
1506 3059 1621 3115 Hoc
1649 3071 1831 3114 autem

263 3154 417 3217 dicit,
452 3155 683 3224 gentiles
712 3169 808 3208 eos
846 3153 1121 3222 judicans,
1164 3163 1383 3222 propter
1417 3152 1562 3222 quod
1601 3155 1703 3208 sub
1733 3154 1840 3208 cle-

266 3248 465 3302 mentis
511 3248 699 3301 mundi
757 3249 1033 3312 essent”,
1071 3263 1390 3317 priusquam
1425 3248 1636 3301 venerit
1674 3249 1845 3317 pleni-

266 3339 403 3393 tudo
438 3338 582 3403 tidei,
612 3339 897 3393 credentes
920 3339 971 3390 iu
1011 3338 1126 3407 lege
1155 3347 1209 3391 et
1239 3339 1537 3407 prOphetis.

334 3428 474 3483 XIV.
515 3428 730 3483 Judices
781 3429 1076 3482 dixerrml:
1122 3426 1178 3481 Si
1229 3429 1357 3496 quid
1397 3430 1575 3483 adhuc
1612 3428 1846 3484 manife-

264 3521 406 3575 stius
450 3520 637 3586 babes,
681 3520 769 3575 die
818 3522 884 3574 de
933 3519 1193 3574 doctrina:
1240 3528 1346 3572 true
1395 3519 1574 3584 modo,
1627 3531 1680 3574 et
1725 3521 1845 3573 iidei

265 3613 445 3667 titulo.
482 3612 663 3666 Manes
698 3614 835 3668 dixit
863 3627 881 3664 :
923 3611 1035 3682 Ego
1081 3612 1216 3666 duas
1267 3620 1490 3665 naturas
1535 3628 1657 3666 esse
1701 3613 1843 3676 dico,

267 3722 434 3760 unam
475 3707 694 3768 bonam,
741 3715 795 3759 et
834 3705 1058 3759 alteram
1101 3704 1334 3769 malam;
1371 3715 1422 3757 et
1460 3720 1580 3759 eam
1627 3705 1846 3773 quidem

267 3814 390 3868 quae
444 3799 580 3852 bona
628 3806 731 3860 est,
782 3797 834 3850 in
881 3798 1208 3866 quihusdam
1261 3796 1508 3866 partibus
1564 3797 1843 3862 habitare;

268 3891 469 3945 malam
502 3905 640 3944 vero
662 3899 917 3944 essetam
955 3889 1219 3943 mundum
1257 3889 1423 3953 hunc,
1459 3905 1620 3958 quam
1663 3890 1848 3943 omnia

267 4000 392 4054 qua:
428 3985 481 4037 in
517 4000 582 4037 eo
613 3991 760 4047 sunt,
801 3998 922 4052 qua:
950 3983 1106 4053 quasi
1141 3983 1411 4052 ergastula
1442 3982 1495 4035 in
1537 3990 1687 4051 parte
1728 3997 1846 4035 ma-

269 4075 399 4145 ligni
432 4075 608 4144 posita
637 4083 784 4134 sunt.
823 4073 966 4128 sicut
1001 4075 1078 4127 ait
1106 4071 1384 4128 Joannes:
1430 4091 1448 4124 ι
1489 4071 1659 4127 Totus
1686 4088 1848 4125 mun—

268 4168 372 4223 dus
426 4168 482 4221 in
525 4168 764 4238 maligno
799 4176 884 4221 est
929 4167 1140 4236 positus
1175 4166 1240 4231 ³⁸,
1283 4183 1301 4216 ι
1344 4174 1398 4220 et
1444 4181 1550 4218 non
1608 4166 1660 4218 in
1717 4165 1844 4218 Deo.

268 4258 560 4330 Propterea
595 4260 704 4314 duo
735 4260 852 4313 loca
881 4275 1002 4314 esse
1029 4260 1289 4324 diximus,
1326 4275 1494 4312 unum
1537 4260 1762 4324 bonum,
1795 4267 1851 4312 et

268 4353 437 4407 alium
469 4352 563 4421 qui
594 4361 748 4406 extra
775 4366 900 4405 eum
929 4360 1035 4416 est,
1063 4361 1120 4405 ut
1150 4352 1204 4404 in
1239 4351 1322 4406 his
1353 4351 1584 4420 spatium
1619 4351 1849 4414 habens,

1942 482 2172 550 replere,
2199 493 2251 537 et
2276 482 2482 536 nullum
2518 495 2641 534 esse
2666 489 2820 535 extra
2862 495 2988 534 eum
3029 478 3231 538 locum,
3259 477 3383 546 quis
3424 477 3530 532 erit

1941 581 2204 627 creaturae
2251 572 2572 642 susceptor?
2609 572 2696 626 ubi
2737 570 2983 640 gehenna
3027 569 3204 639 ignis?
3239 568 3328 622 ubi
3376 578 3530 623 tene-

1941 664 2052 719 brat
2080 665 2416 720 exteriores?
2447 666 2538 718 ubi
2571 663 2771 717 fletus?
2798 662 2853 715 In
2905 662 3024 730 ipso
3071 661 3290 714 dicam?
3331 660 3524 724 Absit;

1940 755 2180 824 alioquin
2218 756 2384 809 etiam
2417 755 2530 823 ipse
2565 756 2617 807 in
2659 753 2742 807 his
2773 752 2976 821 pariter
3010 750 3363 806 cruciabitur.
3407 747 3526 804 Non

1942 848 2045 902 ista
2078 847 2324 902 sentiatis
2361 855 2675 917 quicunque
2703 844 2896 899 salutis
2928 852 3120 898 vestrae
3155 859 3338 897 curam
3387 843 3530 912 geri-

1941 943 2044 1005 tis;
2080 942 2388 1010 exemplum
2434 941 2578 992 enim
2619 939 2768 992 vobis
2801 937 3001 1002 dicam,
3032 946 3089 990 ut
3124 937 3336 1006 plenius
3369 935 3528 988 intel—

1943 1033 2140 1102 ligatis.
2172 1031 2352 1088 Unum
2390 1049 2484 1086 vas
2514 1041 2596 1085 est
2626 1032 2893 1096 mundus;
2927 1030 3069 1098 quod
3103 1028 3197 1081 Dei
3226 1029 3527 1082 substantia

1943 1136 2114 1180 totum
2170 1126 2273 1178 hoc
2317 1141 2412 1178 vas
2457 1125 2717 1194 replevit,
2771 1122 3046 1193 quomodo
3085 1120 3198 1190 jam
3252 1129 3427 1190 potest
3474 1121 3528 1173 in

1943 1217 2063 1286 ipso
2095 1231 2222 1269 vase
2254 1215 2458 1283 aliquid
2491 1215 2728 1284 amplius
2764 1214 2988 1282 reponi?
3021 1213 3076 1266 Si
3117 1212 3378 1280 repletum
3422 1220 3526 1275 est,

1941 1308 2217 1376 quomodo
2279 1307 2539 1372 suscipiet
2591 1306 2735 1375 quod
2791 1306 3031 1374 ponitur,
3086 1304 3189 1356 nisi
3236 1313 3530 1357 evacuetur

1940 1400 2008 1453 de
2039 1416 2165 1454 vase
2199 1415 2324 1469 pars
2364 1399 2582 1466 aliqua?
2625 1398 2733 1451 Aut
2782 1415 2890 1466 quo
2938 1397 3182 1466 proficiet
3227 1397 3370 1465 quod
3403 1411 3529 1450 eva-

1941 1493 2215 1555 cuabitur,
2267 1507 2390 1544 cum
2437 1492 2586 1544 locus
2635 1507 2741 1543 non
2779 1490 2885 1543 sit?
2921 1490 3017 1544 Ubi
3059 1489 3239 1543 terra?
3283 1489 3373 1541 ubi
3413 1503 3528 1543 cte-

1943 1586 2095 1640 lum?
2137 1586 2228 1639 ubi
2263 1584 2534 1654 abyssus?
2562 1584 2650 1636 tibi
2685 1584 2890 1636 stellaz?
2931 1583 3021 1637 ubi
3058 1583 3250 1638 sedes?
3299 1583 3388 1637 ubi
3429 1597 3526 1650 po-

1942 1676 2204 1732 testates?
2253 1678 2343 1731 ubi
2400 1676 2706 1748 principes?
2754 1676 2844 1729 tibi
2905 1676 3138 1729 tenebrat
3191 1675 3534 1730 exteriores?

1945 1773 2070 1841 quis
2100 1779 2186 1824 est
2215 1771 2307 1839 qui
2335 1770 2532 1824 horum
2565 1770 2749 1838 posuit
2778 1767 3152 1832 fundamenta,
3176 1777 3230 1823 et
3259 1769 3386 1822 tibi?
3409 1767 3527 1822 Non

1943 1869 2123 1930 potest
2163 1859 2362 1928 aliquis
2401 1860 2603 1920 dicere,
2649 1859 2752 1912 nisi
2789 1858 2926 1912 forte
2976 1859 3336 1928 hlasphemet.’
3384 1858 3533 1924 Quo-

1945 1952 2108 2006 modo
2133 1960 2315 2004 autem
2346 1960 2398 2004 et
2423 1951 2659 2004 condere
2692 1951 2866 2019 potuit
2895 1961 3174 2006 creaturas
3205 1967 3312 2005 non
3349 1952 3531 2005 subsi-

1944 2052 2120 2096 stente
2149 2039 2492 2095 materia?Si
2528 2040 2671 2093 enim
2702 2041 2769 2094 de
2797 2056 2903 2092 nou
2936 2040 3299 2106 exstantibus,
3334 2057 3532 2094 conse-

1944 2143 2142 2204 quetur
2188 2133 2299 2203 (76)
2339 2133 2436 2186 has
2497 2132 2740 2186 visibiles
2776 2140 3053 2187 creaturas
3092 2134 3346 2188 meliores
3384 2149 3527 2198 esse,

1942 2237 1995 2281 et
2031 2226 2285 2280 omnibus
2314 2224 2607 2278 virtutibus
2640 2225 2848 2292 plenas.
2902 2223 3054 2289 Quod
3094 2226 3138 2278 si
3173 2225 3378 2278 malitia
3423 2234 3526 2286 est.

1943 2330 1997 2373 et
2026 2334 2175 2373 mors
2223 2318 2276 2371 in
2309 2316 2412 2381 eis,
2455 2326 2509 2370 et
2539 2318 2838 2385 corruptio,
2880 2327 2933 2370 et
2963 2317 3009 2371 si
3054 2318 3182 2386 quid
3225 2317 3369 2371 bono
3399 2333 3532 2372 con-

1944 2416 2170 2467 trarium
2217 2421 2335 2474 est;
2375 2408 2652 2480 quomodo
2703 2425 2768 2463 ex
2822 2410 2925 2464 alia
2968 2419 3160 2464 natura
3200 2410 3371 2468 factas
3413 2426 3532 2464 esse

1941 2523 2036 2561 eas
2065 2505 2337 2559 dicimus?
2383 2504 2439 2558 Si
2490 2519 2617 2556 vero
2648 2501 3003 2557 consideretis
3052 2504 3328 2571 quomodo
3370 2517 3532 2572 gene-

1945 2606 2138 2653 rentur
2172 2597 2267 2650 filii
2300 2597 2607 2659 hominum,
2637 2595 2924 2650 invenietis
2954 2611 3062 2647 non
3091 2610 3211 2649 esse
3243 2594 3534 2650 Dominum

1945 2691 2184 2745 hominis
2214 2699 2553 2752 creatorem;
2589 2689 2680 2742 sed
2715 2688 2904 2747 alium,
2929 2688 3021 2756 qui
3052 2695 3106 2742 et
3142 2687 3257 2756 ipse
3283 2688 3537 2756 ingenitae

1943 2793 2026 2836 est
2065 2790 2294 2846 naturae,
2331 2781 2489 2847 cujus
2517 2778 2769 2833 conditor
2802 2777 3006 2841 nullus,
3039 2793 3137 2831 nec
3167 2787 3402 2840 creator,
3435 2793 3530 2832 nec

1944 2874 2115 2929 factor
2146 2884 2250 2936 est,
2282 2873 2375 2926 sed
2410 2873 2523 2925 sola
2558 2871 2766 2924 malitia
2805 2885 2902 2924 sua
2932 2869 3092 2923 talem
3126 2885 3246 2924 eum
3281 2869 3530 2938 protulit.

1944 2964 2040 3019 Est
2081 2965 2243 3033 igitur
2282 2965 2434 3016 vobis
2479 2962 2794 3015 hominibus
2839 2963 3149 3016 conuuistio
3181 2979 3304 3016 cum
3346 2965 3533 3016 uxori-

1945 3055 2049 3108 bus
2073 3053 2292 3116 vestris,
2328 3059 2394 3106 de
2431 3051 2807 3120 hujuscemodi
2844 3053 3132 3106 occasione
3170 3053 3529 3107 descendens.

1946 3145 2082 3200 Cum
2124 3145 2248 3214 quis
2289 3153 2526 3198 vestrum
2567 3143 2878 3198 carnalibus
2914 3143 3144 3212 aliisque
3192 3143 3329 3198 cibis
3368 3143 3534 3198 fuerit

1948 3239 2199 3298 satiatus,
2232 3248 2360 3290 tunc
2389 3237 2435 3288 ei
2470 3234 2924 3303 concupiscentiae
2966 3235 3214 3289 oboritur
3262 3236 3531 3301 incitatio,

1947 3343 2002 3387 et
2054 3334 2126 3386 ita
2163 3328 2459 3400 generandi
2507 3328 2603 3382 filii
2658 3327 2872 3382 fructus
2910 3336 3160 3397 augetur,
3211 3337 3270 3382 ut
3317 3344 3424 3380 non
3463 3344 3530 3384 ex

1949 3429 2148 3483 virtute
2178 3428 2382 3496 aliqua,
2421 3441 2522 3478 nec
2550 3441 2614 3480 ex
2651 3425 3013 3494 philosophia,
3045 3441 3146 3481 nec
3178 3442 3244 3480 ex
3286 3427 3394 3480 alio
3422 3428 3533 3482 ullo

1951 3521 2263 3584 intellectu;
2301 3518 2394 3572 sed
2422 3534 2487 3572 ex
2516 3518 2632 3571 sola
2683 3517 2930 3572 ciborum
2963 3517 3232 3584 satietate,
3272 3529 3323 3572 et
3354 3519 3535 3573 libidi-

1952 3630 2038 3678 ne,
2081 3622 2134 3666 ct
2187 3611 2568 3666 fornicatione.
2617 3610 2684 3664 Et
2728 3611 3002 3680 quomodo
3055 3611 3188 3665 mihi
3240 3613 3529 3682 quiSquaut

1950 3706 2111 3770 dicet,
2143 3703 2269 3772 quia
2305 3701 2374 3755 ad
2408 3702 2698 3772 imaginem
2723 3700 2817 3756 Dei
2849 3701 3024 3756 factus
3054 3711 3136 3756 est
3164 3712 3314 3771 pater
3347 3715 3533 3758 noster

1950 3799 2144 3863 Adam,
2173 3809 2224 3851 et
2261 3797 2329 3850 ad
2375 3795 2814 3862 similitudinem,
2868 3806 2922 3849 et
2967 3796 3160 3850 similis
3213 3807 3297 3850 est
3346 3796 3394 3850 ei
3439 3797 3533 3865 qui

1951 3889 2079 3945 fecit
2148 3892 2312 3944 eum?
2360 3889 2644 3956 Quomodo
2698 3904 2887 3942 omnes
2928 3888 3042 3957 qui
3072 3903 3138 3941 ex
3183 3903 3248 3940 eo
3294 3889 3535 3958 generati

1951 3998 2164 4049 sumus,
2201 3981 2406 4036 similes
2435 3983 2482 4035 ei
2515 3981 2743 4035 sumus?
2769 3981 2877 4033 imo
2909 3995 3038 4033 vero
3066 3981 3380 4033 econtrario
3412 3981 3534 4049 plu-

1953 4076 2106 4129 rima-‘z
2155 4075 2316 4128 nobis
2360 4081 2488 4128 sunt
2536 4071 2761 4135 [οι-πω,
2812 4071 3012 4125 diversi
3068 4072 3250 4126 vultus
3300 4070 3536 4128 ferentes

1951 4165 2219 4236 elligiem?
2248 4163 2405 4229 Quod
2440 4177 2604 4232 quam
2646 4177 2834 4215 verum
2876 4163 2980 4226 sit,
3018 4161 3404 4215 demonstrabo
3441 4177 3538 4215 vo-

1953 4258 2037 4313 bis
2068 4257 2120 4310 iu
2155 4256 2450 4326 parabolis.
2495 4252 2784 4307 Intuemini
2819 4253 2950 4306 mihi
2991 4253 3228 4320 aliquem
3264 4253 3533 4309 volentem

1956 4338 2394 4406 thesaurum'aut
2418 4348 2622 4417 aliquid
2653 4348 2800 4400 aliud
2835 4347 3050 4417 signare
3076 4346 3208 4416 (77),
3239 4355 3292 4400 et
3315 4355 3534 4414 accepta

267 4454 458 4516 posset
497 4446 552 4498 in
598 4461 657 4500 se
688 4444 965 4514 suscipere
998 4455 1304 4498 creaturam
1348 4443 1556 4497 mundi.
1608 4442 1665 4497 Si
1705 4444 1849 4498 enim
1884 4463 1928 4516 υ
1957 4460 2103 4507 cera,
2149 4441 2233 4496 vel
2279 4441 2395 4496 luto
2443 4439 2580 4495 velle
2627 4439 2809 4494 vultus
2866 4439 2950 4493 sui
2998 4438 3339 4507 signaculum
3388 4438 3534 4507 quod

345 4593 392 4626 “
418 4591 463 4645 ll
487 4591 613 4647 Cor.
644 4607 718 4656 vr,
747 4590 798 4644 7.
876 4590 919 4620 ιδ
945 4588 1077 4644 Luc.
1107 4605 1218 4654 XVI,
1250 4589 1336 4642 16.
1415 4589 1459 4622 ⁸⁸
1493 4588 1611 4643 Gal.
1645 4605 1703 4655 ll,
1734 4590 1822 4644 18.

343 4729 456 4800 (72)
487 4729 585 4785 llic
617 4746 757 4800 unus
781 4747 845 4784 ex
874 4731 980 4784 illis
1014 4745 1184 4784 saerre
1220 4728 1516 4798 Scriptura:
1547 4731 1681 4785 locis
1711 4747 1833 4787 esse

269 4801 505 4863 videtur,
532 4817 670 4870 quos
693 4799 899 4864 Manes,
932 4799 1199 4853 Archelao
1232 4809 1365 4854 teste
1401 4802 1451 4853 in
1487 4817 1605 4869 cap.
1636 4801 1704 4854 55
1727 4804 1833 4856 hu-

267 4873 362 4942 jus
383 4872 873 4941 disputationis,ad
902 4887 1056 4926 suam
1084 4870 1408 4924 fulcienJatu
1445 4871 1839 4942 literesimicor-

272 4940 421 5010 rupit
448 4940 611 4996 {nam
645 4942 916 4996 diversum
958 4957 1178 4995 sensum
1213 4956 1321 5009 prae
1367 4956 1424 4995 se
1479 4940 1657 4995 ferunt
1687 4941 1842 4996 Pauli

267 5015 439 5067 verba
483 5014 550 5065 ad
593 5028 715 5084 quae
753 5013 1006 5084 respicit,
1053 5023 1162 5064 tam
1223 5013 1522 5084 iquulgata
1579 5013 1841 5084 editione,

271 5099 437 5153 quam
468 5083 612 5151 apud
639 5083 966 5137 Archelaum
995 5093 1240 5153 nostrum
1274 5082 1414 5134 i'ul'ra
1441 5097 1563 5149 cap.
1597 5083 1688 5137 45.

346 5155 462 5224 (75)
487 5157 561 5207 lta
587 5155 792 5207 codicis
818 5153 1133 5208 Casiuensis
1162 5152 1446 5224 lectionem
1474 5154 1835 5224 correximus,

274 5223 497 5289 inquo
552 5225 815 5292 scriptum
845 5233 949 5291 est,
991 5242 1010 5275 ι
1037 5238 1237 5277 novum
1288 5223 1682 5288 testiinonium,
1728 5234 1842 5277 tum

272 5304 558 5361 tauquam.
585 5313 604 5344 ι

348 5365 458 5434 (74)
499 5362 678 5419 Locus
711 5371 1038 5434 corruptus:
1069 5361 1226 5426 forte,
1258 5381 1277 5412 ‹
1311 5370 1364 5416 et
1389 5361 1619 5416 inficias.
1653 5381 1672 5414 ι

349 5433 462 5505 (75)
507 5434 666 5490 Deest
705 5433 959 5500 fortasse,
995 5452 1015 5486 ί
1056 5434 1379 5498 observetis,
1408 5450 1428 5481 ι
1475 5436 1558 5487 vel
1600 5434 1729 5502 quid
1773 5433 1850 5488 si-

274 5507 425 5561 mile.

349 5575 462 5644 (76)
499 5573 559 5629 In
591 5575 777 5630 codice
804 5574 1091 5630 Casinensi
1129 5580 1233 5636 est,
1271 5591 1290 5624 ι
1330 5584 1774 5642 eonsequentcm.
1823 5593 1842 5626 ι

349 5643 460 5715 (77)
500 5647 769 5716 Antiquos
798 5649 1012 5700 auuulis
1045 5645 1226 5716 omnia
1259 5643 1524 5716 signasse,
1545 5662 1666 5714 qua:
1691 5661 1721 5698 a
1752 5649 1849 5698 doc

277 5720 631 5774 mesticorum
648 5715 714 5773 et
740 5732 1024 5773 servorum
1071 5715 1276 5784 rapinis
1323 5715 1596 5771 vindicare
1637 5727 1848 5787 satage-

1901 4592 1943 4622 "
1985 4590 2105 4646 Gal.
2135 4604 2208 4654 tv,
2232 4587 2286 4642 5.

2363 4586 2409 4618 ⁸⁸
2449 4585 2469 4638 1
2511 4583 2670 4640 Joan.
2709 4601 2764 4650 v,
2801 4585 2886 4639 19.

1937 4732 2091 4795 bant,
2148 4743 2326 4789 arcas,
2381 4726 2640 4787 armaria,
2692 4724 3022 4795 amphoras,
3070 4737 3268 4790 penum
3316 4722 3535 4795 aliaque

1939 4794 2086 4856 furto
2116 4815 2179 4852 ac
2207 4799 2412 4866 rapina:
2438 4798 2696 4866 obnoxia,
2735 4812 2821 4848 res
2853 4794 3140 4866 notissima
3171 4801 3256 4846 est
3290 4794 3533 4861 antiqui-

1945 4873 2072 4926 tatis
2116 4863 2373 4921 Romana:
2410 4877 2462 4920 et
2505 4865 2706 4919 Graecae
2744 4863 3026 4924 studiosis,
3077 4864 3252 4931 deque
3301 4878 3362 4916 ea
3412 4872 3536 4931 post

1947 4942 2083 4996 alios
2099 4941 2202 4992 late
2229 4939 2338 5005 agit
2357 4936 2756 4989 Kircluuannus
2776 4933 2851 4986 Dc
2869 4934 3104 4995 rmnuh’s,
3134 4949 3184 4986 c.
3204 4933 3524 5005 lO.__Annuli

1945 5013 2012 5065 ad
2047 5011 2150 5064 hoc
2179 5001 2330 5068 facti,
2358 5006 2660 5075 signatorii,
2687 5014 2740 5058 et
2779 5005 2880 5073 sigi
2905 5005 3112 5066 latorii,
3145 5013 3208 5075 et
3231 5018 3259 5054 a
3291 5001 3532 5072 Vopiseo

1949 5083 2003 5135 in
2034 5073 2652 5146 Atinattxuosiyillatitii
2683 5085 3096 5142 nuncupantur;
3121 5073 3251 5142 quin
3279 5075 3537 5146 etaiguaf

1952 5153 2094 5215 cuia,
2127 5163 2184 5203 ut
2219 5143 2461 5200 Archelai
2500 5147 2884 5215 disputationis
2923 5147 3188 5212 interpres
3221 5144 3398 5215 vertit,
3424 5143 3533 5197 dici

1953 5213 2115 5290 posse
2146 5220 2280 5274 scite
2319 5218 2482 5290 tradit.
2515 5215 2818 5290 Salmasius
2859 5214 2930 5268 De
2954 5213 3341 5290 subsignandis
3374 5223 3538 5267 testa-

1956 5285 2177 5355 mentis,
2233 5304 2354 5358 cap.
2407 5288 2492 5340 19.
2543 5287 2679 5340 Cera
2723 5298 2902 5358 autem
2953 5287 3004 5358 in
3059 5285 3365 5358 hancrem
3405 5300 3536 5358 usos

1957 5360 2126 5414 fuisse
2160 5353 2367 5413 veteres
2418 5360 2522 5411 late
2570 5359 2762 5426 prohat
2811 5354 3038 5410 Vossius
3085 5354 3170 5426 De,
3201 5353 3536 5426 idololatria,

1961 5432 2056 5483 lib.
2088 5446 2160 5490 iv,
2193 5446 2312 5497 cap.
2341 5429 2430 5482 9|.
2466 5428 2538 5480 De
2564 5425 2737 5489 ereta,
2765 5441 2926 5494 quam
2963 5429 3129 5497 lutum
3161 5425 3299 5497 idem
3330 5425 3540 5497 Arche-

1961 5501 2031 5554 lai
2076 5495 2344 5568 interpres
2400 5507 2589 5556 vocat.
2647 5500 2800 5568 testis
2849 5507 2931 5549 est
2977 5495 3203 5568 Servius,
3245 5495 3300 5548 in
3345 5495 3538 5568 ηιμ-ιγ

1951 5564 2239 5634 At'ueidos,
2270 5571 2336 5624 ad
2375 5569 2463 5623 illa
2495 5570 2656 5622 verba
2688 5585 2700 5621 :
2730 5566 2991 5634 Longazva
3021 5567 3290 5629 sacerdos,
3328 5565 3416 5618 ubi
3451 5564 3538 5617 Si-

1956 5642 2109 5714 byllae
2138 5641 2286 5714 apud
2327 5640 2530 5714 Cumas
2569 5640 2751 5708 agenti
2791 5639 2860 5714 ab
2906 5636 3213 5714 Erythraeis.
3243 5635 3528 5704 epistolam

1956 5705 2188 5768 missam
2214 5709 2384 5767 fuisse
2422 5705 2627 5778 refert,
2653 5726 2674 5760 ε
2703 5709 2929 5778 antiquo
2978 5705 3130 5763 more
3171 5705 3458 5776 signatam.
3494 5723 3515 5756 ι
