3922 6482
444 275 581 332 1655

1430 275 1610 332 ACTA
1682 276 2211 334 DiSl’UTATlONIS
2253 277 2311 332 5.
2364 276 2712 331 ARCIIELAI

3561 273 3700 328 H56

439 399 597 469 gerit,
629 396 966 468 exprimere;
999 403 1142 468 quod
1178 399 1220 454 si
1269 399 1406 453 alius
1449 417 1668 470 quoque
1711 402 1892 456 vultus
1932 403 2016 456 sui
2049 412 2086 462 Δ
2120 401 2361 455 ressario
2387 409 2602 470 ex-petet
2645 399 2778 470 (89.).
2821 399 3030 452 interea
3079 396 3370 466 aliquando
3419 394 3702 464 respondit

445 493 672 562 tiguram
704 489 952 543 similiter
975 492 1324 560 expresserit,
1351 493 1596 562 nunquid
1632 493 1811 548 simile
1831 495 2017 564 signa—

441 581 626 634 culum
663 577 981 648 apparebit?
1012 577 1388 648 Nequaquam.
1427 583 1640 636 etiamsi
1675 599 1770 636 vos
1811 583 2016 644 nolitis,

417 671 581 743 quod
617 685 802 724 verum
838 677 941 735 est,
971 672 1238 725 confiteri.
1286 671 1440 737 Quod
1486 675 1530 728 si
1573 691 1678 728 non
1723 691 1914 728 sumus
1944 676 2018 728 si-

437 763 594 817 miles
643 761 697 814 in
745 761 1050 832 signaculo,
1104 765 1194 816 sed
1244 751 1326 818 est
1383 765 1434 818 in
1489 767 1647 820 nobis
1693 767 2012 828 differentia,

435 853 716 923 quomodo
753 869 858 907 non
897 854 1160 923 probatur
1193 855 1498 925 principum
1535 873 1658 920 nos,
1695 867 1747 912 et
1777 859 2016 913 materiae

435 963 556 1004 esse
591 947 898 1002 facturam:
931 950 1228 1004 secundum
1276 950 1421 1004 enim
1463 949 1573 1021 (78)
1620 951 1862 1020 ipsorum
1907 952 2018 1008 for-

435 1057 604 1106 mam,
628 1051 682 1096 et
706 1042 1141 1106 similitudinem,
1166 1053 1220 1097 et
1251 1043 1540 1112 imaginem
1563 1044 1726 1098 etiam
1751 1059 1849 1100 nos
1877 1047 2018 1100 exsi-

436 1135 633 1190 stimus
665 1133 855 1188 formae
896 1134 1146 1189 diversae.
1174 1133 1328 1200 Quod
1368 1136 1414 1189 si
1446 1149 1564 1188 eam
1595 1151 1717 1205 (piae
1754 1151 1818 1190 ex
1859 1136 2018 1191 initio

437 1223 579 1279 facta
632 1225 945 1279 commistio
991 1235 1094 1288 est,
1132 1234 1184 1278 et
1231 1225 1470 1295 qualiter
1527 1225 1666 1281 facta
1718 1227 1808 1292 sit,
1855 1229 2017 1283 vultis

410 1305 414 1308 ’
435 1317 698 1379 ediscere,
730 1317 960 1370 edicam.

505 1405 621 1462 XV.
661 1407 876 1461 Judices
907 1409 1150 1462 dirarum
1180 1426 1200 1464 :
1231 1407 1348 1462 Non
1383 1409 1533 1478 prius
1571 1411 1835 1480 quaeritur
1877 1427 2014 1480 quo-

411 1501 598 1555 'modo
629 1500 770 1556 facta
821 1501 892 1555 sit
935 1501 1106 1570 prima
1157 1501 1490 1566 commistio,
1525 1503 1630 1557 nisi
1677 1503 1829 1573 prius
1860 1504 2019 1557 detur

412 1595 596 1662 ratio,
625 1596 734 1648 duo
769 1611 888 1651 esse
919 1595 1184 1665 principia
1219 1596 1512 1649 naturalia.
1555 1595 1692 1651 Cum
1727 1597 1873 1652 enim
1907 1599 2020 1652 cla-

435 1691 604 1744 ruerit
641 1691 750 1743 duo
783 1705 905 1744 esse
951 1689 1206 1758 ingenita,
1242 1698 1370 1744 tunc
1411 1689 1572 1744 etiam
1609 1691 1818 1760 reliqua
1857 1691 2014 1745 (idem

433 1781 670 1852 capiept,
704 1782 864 1835 etiam
908 1784 950 1836 si
989 1799 1114 1851 pars
1151 1783 1330 1852 aliqua
1375 1798 1483 1836 non
1527 1759 2019 1839 accommodaverit
2052 1759 2090 1816 Β

435 1887 722 1927 assensum
754 1872 1068 1944 :judicamli
1095 1875 1239 1928 enim
1275 1875 1431 1929 nobis
1461 1885 1724 1944 potestate
1751 1877 2014 1946 permissa

433 1967 698 2030 dicemus,
750 1969 894 2037 quod
947 1979 1145 2020 nostra:
1193 1968 1438 2036 opinioni
1489 1968 1768 2024 claruerit.
1814 1969 2016 2024 Demus

433 2067 614 2112 tamen
658 2067 710 2113 et
744 2059 1008 2112 Archelao
1048 2059 1260 2114 dicendi
1311 2059 1624 2114 facultatem
1675 2061 1742 2114 ad
1788 2061 1921 2126 lucc,
1959 2071 2017 2116 ut

432 2167 554 2222 quae
583 2151 653 2205 ab
688 2159 918 2220 utroque
945 2151 1088 2204 dicta
1120 2149 1321 2205 fuerint
1350 2160 1757 2220 comparantes,
1789 2167 1889 2221 pro
1927 2167 2016 2205 ve-

433 2245 592 2297 ritate
619 2243 894 2313 poSsimus
937 2243 1077 2298 ferre
1119 2244 1467 2298 sententiam.
1503 2243 1793 2298 Archelaus
1829 2245 1967 2296 dixit
1997 2261 2014 2298 :

435 2333 672 2390 Tametsi
703 2335 938 2406 ingentis
966 2333 1228 2400 audaciae,
1269 2345 1322 2390 et
1353 2335 1705 2406 blasphemiae
1746 2338 1900 2407 plena
1934 2347 2016 2390 est

434 2428 663 2482 intentio
710 2427 1030 2480 adversarii.
1081 2426 1266 2480 Manes
1316 2427 1494 2482 dixit:
1525 2429 1740 2494 Audite,
1782 2429 2012 2498 judices,

433 2517 561 2588 quid
591 2517 791 2570 dixerit
831 2517 966 2582 (79),
1016 2515 1359 2570 adversarii?
1400 2515 1540 2585 Ergo
1579 2518 1701 2571 dum
1733 2533 1821 2570 res
1866 2531 2011 2572 sunt.

431 2608 720 2661 Archelaus
771 2607 909 2660 dixit
953 2622 971 2658 :
1019 2609 1246 2661 Insania:
1289 2608 1462 2676 magis
1507 2625 1670 2676 quam
1719 2611 2015 2678 prudentiae

432 2699 648 2753 videtur
672 2697 805 2750 mihi
847 2695 1041 2765 plenus
1071 2697 1194 2762 iste,
1227 2695 1320 2766 qui
1353 2697 1484 2749 mihi
1511 2697 1669 2750 hodie
1701 2707 2017 2751 controver-

436 2791 574 2846 siam
609 2799 809 2851 movet,
842 2789 968 2858 quia
1003 2789 1196 2842 dixero
1231 2789 1554 2852 adversarii,
1589 2790 1682 2844 sed
1715 2789 1891 2844 ablata
1918 2792 2012 2845 tibi

432 2892 516 2937 cst
547 2883 598 2936 in
634 2881 848 2936 modico
871 2895 1124 2935 sermone
1155 2881 1390 2950 obiectio
1415 2899 1428 2934 :
1455 2883 1670 2935 tametsi
1702 2883 1916 2951 quidem
1949 2899 2014 2937 ex

436 2975 538 3029 hoc
571 2972 866 3029 arbitratus
897 2989 956 3027 es
985 2987 1071 3027 me
1103 2971 1496 3026 aliirmaturum
1549 2970 1660 3040 (80)
1709 2973 1846 3027 duas
1894 2989 2016 3027 esse

2123 494 2304 547 Manes
2331 511 2342 546 :
2379 493 2814 547 iucouvertibiles
2837 491 3051 561 quidem
3079 501 3206 542 sunt
3237 499 3504 556 uti-(eque,
3529 503 3701 556 quan-

2121 598 2234 640 tum
2272 595 2476 654 spectat
2526 584 2640 653 (85)
2694 583 2760 637 ad
2793 583 3102 636 contraria:
3133 579 3522 634 convcrtibiles
3551 593 3700 640 vero,

2120 678 2263 746 quoi
2309 693 2371 745 sp
2406 685 2516 729 ctat
2555 676 2618 728 ad
2663 675 2906 744 propria.
2947 673 3236 726 Archelaus
3283 672 3426 723 dixit
3471 686 3494 722 ς
3545 668 3702 722 Vide-

2124 773 2196 823 ris
2225 769 2356 822 mihi
2389 768 2592 822 delirus
2627 782 2771 832 esse,
2805 775 2859 820 et
2895 767 3222 819 oblivisceus
3265 763 3700 832 propositionum

2123 875 2368 928 tuarum;
2402 862 2494 915 sed
2527 877 2592 914 ne
2623 875 2810 914 eorum
2855 859 3070 927 quidem
3121 875 3240 927 quae
3281 855 3526 910 didicisti
3575 855 3702 920 (Si),

2123 957 2412 1010 verborum
2445 955 2672 1008 virtutes
2702 954 2784 1006 vel
2817 953 3110 1020 qualitates
3156 965 3476 1021 agnoscere.
3523 946 3706 1016 Neque

2120 1048 2262 1100 enim
2291 1046 2577 1102 conversio
2620 1045 2746 1114 quid
2802 1045 2873 1098 sit
2917 1043 3190 1114 agnoscis,
3235 1056 3414 1110 neque
3465 1023 3606 1109 quid
3643 1039 3706 1090 sit

2120 1140 2436 1210 ingenitum,
2469 1147 2562 1192 aut
2593 1137 2722 1206 quid
2756 1136 3012 1200 dualitas,
3047 1151 3154 1189 non
3183 1133 3311 1204 quid
3345 1131 3706 1202 praeteritum,

2119 1233 2203 1286 vel
2243 1231 2370 1302 quid
2405 1247 2665 1300 praesens,
2698 1231 2896 1300 quidve
2927 1229 3168 1282 futurum
3219 1230 3310 1291 sit,
3347 1225 3490 1278 sicut
3522 1239 3594 1276 ex
3629 1223 3706 1276 his

2120 1341 2240 1394 qua:
2272 1341 2299 1377 a
2331 1335 2382 1378 te
2417 1341 2561 1376 nunc
2593 1325 2734 1377 dicla
2781 1333 2929 1389 sunt,
2973 1320 3196 1374 adverti.
3231 1317 3708 1372 lncouvertibilem

2119 1417 2263 1470 eiiim
2309 1430 2428 1470 esse
2468 1413 2747 1468 allirmasti
2785 1422 3073 1482 utramque
3113 1422 3382 1474 naturam,
3433 1416 3706 1478 quantum

2120 1509 2185 1562 ad
2249 1507 2523 1562 contraria
2579 1513 2785 1575 spectat
2837 1505 2994 1575 (85);
3063 1503 3470 1558 convertibilem
3539 1517 3706 1564 vero,

2119 1607 2380 1667 quantum
2428 1599 2492 1651 ad
2543 1597 2783 1668 propria.
2830 1595 2943 1665 Ego
2987 1611 3116 1650 vero
3152 1595 3292 1659 dico,
3339 1595 3470 1662 quia
3515 1593 3622 1662 qui
3660 1592 3708 1644 iu

2121 1690 2354 1759 prepriis
2416 1691 2662 1750 vertitur.
2724 1704 2829 1742 non
2879 1687 3094 1741 excedit
3139 1703 3168 1740 a
3215 1703 3316 1746 se,
3361 1685 3458 1738 sed
3504 1695 3598 1737 est
3661 1685 3708 1734 in

2119 1783 2348 1848 eisdem,
2381 1781 2582 1852 quibus
2617 1797 2830 1850 semper
2855 1789 2938 1834 est
2965 1777 3426 1838 incomertiltilis;
3453 1776 3554 1844 qui
3581 1791 3710 1828 vero

2118 1875 2305 1943 recipit
2332 1874 2863 1946 convertibilitatem,
2893 1872 2979 1926 hic
3011 1878 3164 1925 extra
3195 1869 3416 1940 propria
3449 1867 3708 1928 effectus,

2117 1968 2332 2020 devenit
2372 1967 2423 2019 in
2455 1966 2652 2021 aliena.

2189 2055 2326 2110 XVI.
2368 2057 2586 2111 Iudices
2617 2057 2866 2110 dixerunt
2895 2071 2912 2108 :
2960 2054 3404 2109 Convertibilitas
3435 2051 3598 2105 illum
3627 2051 3710 2106 cui

2118 2150 2333 2214 accidit,
2373 2149 2630 2204 transfert
2663 2151 2712 2202 in
2749 2151 2950 2211 alium;
2993 2159 3052 2202 ut
3077 2149 3120 2202 si
3152 2148 3424 2210 dicamus,
3459 2143 3708 2206 Judwus,

2121 2241 2161 2294 si
2210 2239 2339 2292 velit
2383 2239 2497 2292 fieri
2543 2239 2910 2304 Christianus,
2957 2250 3050 2292 aut
3093 2237 3138 2292 si
3187 2235 3538 2290 Christianus
3581 2235 3712 2286 velit

2117 2347 2236 2386 esse
2282 2331 2518 2400 gentilis,
2571 2331 2686 2385 lucc
2731 2331 2942 2399 species
2991 2339 3074 2383 est
3123 2325 3630 2382 convertibilitatis.
3661 2335 3709 2378 rt

2118 2439 2303 2478 causa.
2338 2421 2525 2493 Neque
2557 2439 2684 2477 vero
2707 2424 2750 2476 si
2785 2423 3024 2491 gentilis,
3051 2439 3174 2476 cum
3209 2423 3262 2474 in
3289 2421 3550 2474 omnibus
3583 2435 3710 2489 pro-

2120 2519 2251 2588 priis
2283 2520 2398 2573 suis
2429 2529 2666 2582 rnaneat,
2703 2533 2766 2571 ac
2795 2519 2900 2572 diis
2935 2519 3050 2572 suis
3087 2517 3295 2570 hostias
3325 2513 3546 2574 oderat,
3573 2523 3710 2566 leui-

2121 2612 2329 2680 plisquc
2369 2627 2436 2665 ex
2491 2625 2640 2663 more
2691 2609 3003 2672 deserviat,
3057 2609 3230 2662 donec.
3279 2613 3604 2676 perseverat
3661 2605 3708 2656 in

2119 2703 2375 2771 propriis,
2413 2718 2476 2756 ac
2504 2701 2738 2770 prolicit,
2771 2700 3016 2768 nunquid
3051 2700 3157 2753 dici
3195 2708 3374 2768 potest
3422 2713 3550 2751 esse
3577 2713 3712 2750 cou-

2121 2795 2344 2850 versus?
2382 2795 2522 2861 Quid
2557 2795 2722 2865 igitur
2761 2793 2938 2848 dicis?
2971 2793 3240 2860 recipiunt
3271 2792 3708 2846 convertibtttta-

2120 2901 2223 2942 lem
2255 2887 2496 2943 annon?
2543 2887 2610 2940 Et
2655 2889 2969 2939 immorante
3012 2885 3206 2949 illane,
3253 2883 3556 2938 Archelaus
3593 2885 3708 2936 ait:

2122 2981 2175 3032 Si
2212 2979 2427 3049 quidem
2473 2976 2854 3032 convertiliiles
2901 2989 3022 3029 esse
3065 2974 3197 3027 dicit
3241 2985 3514 3042 utrasque
3557 2985 3710 3027 natu-

435 3073 680 3119 uaturas.
713 3061 990 3134 ingentem
1026 3063 1331 3117 doctrinam
1363 3061 1542 3116 ferens
1568 3063 1726 3129 ades;
1759 3073 2010 3117 neutrum

2127 3087 2229 3134 ras,
2265 3069 2394 3139 quid
2441 3077 2522 3122 est
2563 3067 2704 3137 quod
2765 3067 3041 3135 impediat,
3091 3065 3165 3118 uti
3211 3081 3276 3118 ne.
3319 3081 3498 3119 unum
3551 3075 3708 3133 atque

432 3157 580 3212 enim
632 3172 821 3211 eorum
871 3171 992 3225 quia
1025 3156 1250 3220 asseris,
1279 3164 1403 3210 stat.
1442 3155 1628 3212 Potest
1654 3156 1796 3210 enim
1830 3157 1876 3211 is
1921 3157 2014 3226 qui

435 3265 541 3303 non
575 3256 790 3313 natura,
832 3249 924 3303 sed
975 3247 1254 3317 proposito
1299 3246 1644 3302 adversarius
1673 3257 1776 3315 est,
1806 3247 2016 3303 amicus

432 3341 677 3407 effectus,
707 3355 818 3394 non
869 3355 990 3394 esse
1043 3339 1410 3406 adversarius,
1443 3349 1498 3394 et
1544 3341 1616 3395 ita
1663 3355 1787 3395 cum
1829 3339 2016 3395 altere

433 3436 593 3491 nobis
626 3433 783 3488 alteri
817 3432 1167 3502 acquieveril,
1208 3448 1375 3486 unum
1414 3441 1577 3502 atque
1617 3433 1758 3486 idem
1791 3443 2017 3502 uterque

433 3525 750 3597 apparebit;
780 3538 901 3593 qua:
924 3537 1088 3576 causa
1125 3521 1328 3575 iudicat
1357 3529 1635 3576 creaturas
1664 3519 2016 3574 rationabiles

432 3617 602 3673 libero
629 3615 856 3671 arbitrio
886 3629 1005 3668 esse
1025 3612 1344 3682 permissas,
1381 3613 1523 3667 unde
1545 3620 1599 3666 et
1631 3613 2016 3667 conversiones

435 3709 722 3780 recipiunt,
769 3717 823 3763 et
860 3707 982 3762 ideo
1017 3706 1269 3776 ingenitae
1309 3713 1519 3759 naturae
1551 3720 1672 3759 esse
1723 3719 1832 3758 non
1884 3720 2014 3773 pos-

435 3809 562 3858 sunt
591 3801 725 3872 (8i).
777 3799 916 3866 Quid
952 3813 1081 3869 ergo
1130 3797 1250 3851 ais?
1291 3799 1408 3851 dua:
1443 3798 1559 3852 ista:
1587 3805 1794 3851 natur-te
1821 3797 2013 3850 incon-

434 3894 712 3950 vertibiles
759 3903 916 3954 sunt,
960 3908 1027 3946 an
1074 3891 1478 3957 convertibiles,
1531 3899 1625 3944 aut
1677 3905 1783 3943 una
1825 3905 2010 3944 eorum

435 3987 805 4045 convertitur?
855 3987 924 4040 At
973 4001 1101 4041 vero
1157 3985 1342 4040 Manes
1391 3993 1699 4040 remoratus
1740 3993 1850 4047 est,
1905 3999 2012 4037 non

437 4079 762 4135 inveniendo
789 4094 1150 4150 responsum;
1196 4077 1511 4131 intuebatur
1555 4078 1698 4131 enim
1749 4075 1892 4145 quod
1947 4091 2012 4129 ex

437 4181 670 4241 utroque
703 4171 1142 4234 concluderetur,
1167 4179 1471 4225 retractans
1509 4168 1684 4234 :Quia
1738 4169 1782 4223 si
1835 4168 2011 4222 dicam

438 4262 685 4317 converti
713 4277 824 4325 eas,
860 4262 1212 4330 respondebit
1238 4261 1372 4314 mihi
1400 4261 1554 4328 illud,
1583 4261 1729 4330 quod
1761 4260 1814 4314 in
1837 4259 2013 4313 Evan-

439 4353 578 4426 gelio
602 4354 860 4422 scriptum
886 4361 969 4407 est
991 4353 1056 4406 de
1081 4353 1404 4418 arboribus;
1431 4355 1576 4422 quod
1604 4356 1648 4408 si
1678 4369 1866 4423 negem
1893 4369 2014 4408 esse

2120 3165 2260 3219 idem
2292 3179 2384 3218 eas
2415 3177 2538 3216 esse
2592 3161 2912 3230 opinemur?
2958 3161 3012 3213 Si
3063 3159 3206 3212 enim
3255 3160 3708 3214 inconvertibilel

2119 3266 2278 3323 sunt,
2327 3272 2432 3310 non
2476 3262 2559 3309 est
2603 3256 2656 3308 in
2713 3254 2798 3308 his
2830 3255 3040 3307 naturis
3079 3269 3202 3322 qua:
3227 3254 3488 3308 similiter
3521 3257 3713 3309 incen-

2119 3351 2394 3404 vertibiles
2429 3359 2552 3402 sunt
2588 3355 2642 3400 et
2669 3346 2922 3400 similiter
2953 3347 3222 3415 ingenita},
3259 3345 3367 3398 ulla
3420 3345 3706 3408 discretio,

2118 3457 2292 3511 neque
2339 3441 2506 3494 altera
2555 3455 2622 3493 ex
2683 3438 2768 3492 his
2831 3438 2968 3490 bona
3038 3437 3352 3505 agnoscitur
3401 3445 3502 3490 aut
3547 3439 3706 3490 mala.

2117 3533 2273 3599 Quod
2305 3533 2349 3587 si
2385 3529 2764 3587 convertibiles
2787 3540 2933 3594 sont,
2959 3527 3170 3582 scilicet
3193 3529 3488 3596 provenire
3509 3536 3705 3597 potest,

2115 3634 2168 3676 rt
2199 3624 2399 3677 bonum
2429 3619 2566 3675 efﬁci
2603 3620 2830 3682 malum,
2865 3625 2918 3671 et
2947 3617 3148 3670 malum
3195 3619 3426 3671 bonum.
3460 3617 3522 3672 Si
3567 3621 3704 3672 enim

2119 3717 2219 3768 hoc
2255 3714 2539 3784 provenire
2571 3711 2826 3782 possibile
2857 3719 2959 3774 est,
2991 3725 3162 3778 quare
3197 3727 3304 3761 non
3343 3725 3522 3762 unum
3557 3710 3706 3762 dica-

2117 3824 2238 3860 mus
2269 3805 2591 3874 ingenitum,
2624 3802 2768 3872 quod
2809 3803 3108 3872 intelligere
3155 3803 3330 3870 magis
3360 3803 3594 3872 dignum
3629 3809 3706 3856 est

2111 3900 2268 3968 juxta
2295 3899 2554 3952 rationem
2587 3895 2870 3949 veritatis?
2895 3895 3094 3948 intueri
3125 3894 3266 3948 enim
3301 3905 3548 3962 oportet,
3575 3909 3706 3964 quo-

2117 3989 2278 4042 modo
2313 3987 2488 4041 malus
2519 3987 2608 4041 ille
2646 3987 2809 4040 fuerit
2849 3987 2916 4039 ab
2959 3986 3136 4048 initio,
3172 3994 3264 4038 aut
3305 3985 3360 4038 iu
3403 4003 3552 4055 quos
3591 4003 3704 4039 ma-

2115 4081 2286 4134 litiam
2315 4081 2622 4134 exercuerit
2665 4089 2789 4133 ante
2831 4079 3020 4132 mundi
3062 4079 3540 4133 constitutionem.
3571 4079 3700 4132 Cum

2116 4173 2313 4226 malum
2345 4171 2584 4225 nondum
2622 4171 2942 4235 exstitisset,
2967 4179 3018 4223 et
3069 4170 3308 4222 nomium
3343 4179 3496 4224 terra
3529 4171 3700 4224 subsi-

2116 4273 2300 4323 steret,
2331 4278 2435 4316 non
2465 4262 2648 4326 homo,
2693 4277 2799 4314 non
2839 4261 3073 4324 animal;
3123 4261 3175 4313 in
3225 4277 3368 4329 quos
3417 4265 3702 4316 exercelat

2117 4354 2416 4407 malitiam?
2439 4369 2600 4422 quem
2635 4353 2978 4424 Opprimcbat
3004 4351 3240 4422 injuste?
3261 4367 3428 4420 quem
3462 4353 3702 4422 spoliatis

437 4445 846 4510 convertibiles,
897 4443 1266 4514 permistionis
1310 4455 1510 4499 statum
1559 4455 1612 4500 et
1655 4462 1874 4500 causam
1910 4461 2006 4500 ne-
2045 4447 2088 4504 ί)
2116 4445 2344 4500 occidit?
2376 4443 2528 4509 Quod
2568 4444 2614 4496 si
2653 4445 2768 4496 suis
2809 4460 2932 4498 eum
2984 4445 3133 4498 dicas
3171 4443 3452 4498 exstitisse
3477 4446 3702 4510 malum,

441 4580 686 4636 Meminit
729 4577 1034 4631 Herodotus
1073 4577 1124 4629 in
1163 4576 1421 4649 Euterpe,
1470 4577 1572 4648 γῆς
1623 4579 2008 4649 σημαγῖριδος,

442 4672 460 4704 ι
498 4661 656 4705 terra:
692 4649 1032 4718 signatricis;
1067 4667 1084 4697 ι
1115 4657 1168 4701 et
1201 4647 1413 4712 (ἥρω-ο,
1439 4647 1576 4702 orat.
1617 4665 1666 4701 IV
1699 4653 1752 4700 in
1779 4647 2009 4710 verrem,

436 4721 680 4792 epismlaa
709 4721 910 4772 cretula
939 4718 1390 4792 signaue.__Cujus
1419 4729 1598 4792 mitem
1629 4719 1844 4792 generis
1869 4731 2014 4773 esset

440 4788 555 4846 hinc
585 4800 750 4854 terra,
796 4805 860 4842 ex
913 4795 1102 4845 eodem
1162 4788 1426 4842 Cicerone
1473 4790 1640 4856 liquet
1685 4789 1736 4841 in
1785 4803 1865 4841 or.
1918 4806 2011 4857 pro

439 4861 658 4924 Flacco,
685 4860 774 4914 ubi
805 4862 884 4912 sic
917 4861 992 4913 ait
1023 4877 1036 4912 :
1070 4877 1086 4909 ι
1123 4859 1246 4912 llazc
1270 4875 1391 4927 qua:
1417 4874 1445 4912 a
1477 4860 1632 4912 nobis
1661 4859 1865 4928 prolata
1895 4859 2013 4911 lau-

433 4933 585 4986 datio
631 4931 914 4998 obsignata
959 4939 1072 4982 erat
1111 4939 1256 4982 creta
1303 4931 1389 4982 illa
1427 4930 1688 4992 Asiatica,
1737 4944 1858 4996 quae
1901 4929 2014 4983 fere

437 5011 525 5056 est
562 5001 818 5055 omnibus
867 5009 990 5052 nota
1027 5001 1206 5062 nobis,
1249 5015 1353 5067 qua
1407 5009 1632 5053 utttntur
1671 5015 1863 5052 omnes
1907 5016 2010 5052 non

441 5071 605 5126 modo
637 5073 690 5125 in
730 5070 982 5140 publicis,
1015 5071 1106 5140 sed
1137 5080 1190 5123 et
1229 5071 1282 5121 in
1311 5069 1536 5138 privatis
1577 5070 1791 5140 litteris.
1827 5089 1844 5119 ι
1885 5070 2014 5122 Pin-

441 5144 563 5211 guis
588 5139 755 5204 enim,
784 5141 926 5193 lenta
960 5150 1012 5193 et
1039 5139 1312 5211 glutinosa
1336 5149 1419 5192 est
1457 5149 1601 5194 creta
1633 5141 1740 5192 illa.
1769 5139 2012 5209 Denique

427 5209 505 5266 de
533 5213 735 5281 proprii
761 5211 941 5264 vultus
965 5211 1197 5281 imagine
1217 5210 1266 5262 iu
1287 5211 1797 5281 auiuilisiuterdum
1817 5225 2013 5280 reprae-

437 5278 671 5344 seniata,
699 5285 848 5335 locus
883 5287 964 5334 est
993 5278 1166 5332 Plauti
1191 5281 1244 5331 iu
1281 5278 1560 5342 Pseudolo,
1595 5296 1742 5334 scen.
1771 5296 1786 5333 ι
1817 5296 1828 5330 :

577 5352 657 5404 Ea
685 5368 844 5404 causa
876 5351 1023 5403 miles
1051 5350 1134 5402 hic
1163 5351 1369 5418 reliquit
1399 5351 1708 5418 symbolum,

581 5423 896 5492 Expressam
924 5423 975 5473 in
1000 5437 1118 5492 cera
1149 5433 1212 5492 ea:
1235 5419 1394 5492 riuulo
1419 5437 1568 5492 suum
1591 5421 1891 5488 imaginem.

507 5491 771 5546 Caeterum
793 5493 1034 5546 thesauri
1060 5491 1237 5560 sigillo
1259 5491 1526 5555 obsignati
1547 5501 1749 5544 mentio
1766 5501 1849 5544 est
1869 5494 2009 5560 apud

431 5555 839 5616 ‘Tlieodoretum
871 5562 924 5615 in
956 5569 1096 5614 orat.
1112 5555 1162 5615 '5
1200 5559 1276 5613 De
1306 5561 1656 5629 prouidentia,
1697 5562 1840 5616 haud
1880 5555 2010 5632 pro-

427 5633 522 5688 cul
554 5633 623 5684 ab
649 5633 824 5694 initio,
853 5632 942 5685 ubi
971 5633 1034 5686 de
1059 5632 1269 5700 apibus.

513 5700 624 5772 (78)
663 5702 720 5756 lu
745 5703 930 5760 codice
953 5699 1236 5758 Casiniensi
1259 5708 1396 5769 erat,
1427 5719 1446 5752 ι
1475 5700 1566 5756 sed
1589 5699 1758 5757 Deum
1785 5703 1952 5768 enim,
1983 5722 2002 5752 ι

2119 4579 2264 4632 nullo
2300 4593 2463 4631 sensu
2495 4595 2507 4630 :
2535 4592 2634 4632 nos
2675 4592 2740 4630 ex
2790 4577 3029 4647 ingenio,
3079 4584 3138 4628 ut
3179 4576 3384 4630 editum
3437 4585 3546 4644 est,
3583 4593 3700 4632 car-

2117 4665 2379 4702 I'CXIIIIUS.

2188 4720 2298 4786 (79)
2339 4717 2518 4779 Forte,
2555 4737 2573 4768 σ
2603 4719 2746 4786 quod
2787 4717 3006 4778 dixerit,
3039 4737 3058 4769 ι
3089 4717 3171 4770 vel
3203 4736 3220 4766 ‹
3252 4719 3382 4786 quia
3420 4719 3646 4772 dixerit.
3677 4737 3696 4768 ι

2190 4788 2298 4859 (80)
2341 4788 2416 4842 ita
2448 4789 2593 4842 hunc
2627 4791 2804 4842 locum
2831 4789 3208 4859 restituimus;
3254 4805 3378 4840 nam
3423 4791 3480 4841 in
3513 4793 3698 4843 codice

2116 4858 2412 4930 legebatur,
2445 4877 2461 4908 ι
2497 4869 2604 4911 tam
2638 4861 2681 4912 si
2713 4858 2931 4929 quidem
2967 4875 3032 4912 ex
3069 4861 3175 4911 hoc
3201 4861 3506 4912 arbitratus
3537 4871 3620 4912 est
3643 4875 3700 4910 se

2116 4932 2539 4992 allii-maturum;
2575 4947 2592 4978 ι
2623 4931 2716 4982 sed
2755 4943 2919 4996 supra
2959 4945 3144 4982 vocem
3177 4939 3304 4988 tant,
3341 4933 3597 4996 quietiam
3633 4929 3701 4982 li-

2117 5001 2268 5054 neola
2318 5002 2509 5052 litterae
2555 5015 2582 5052 c
2624 5000 2817 5054 similis
2861 5001 3174 5066 apparebat,
3211 5015 3378 5068 quam
3419 5001 3700 5068 particulae

2115 5079 2168 5124 et
2193 5071 2567 5138 compendium
2595 5085 2716 5123 esse
2739 5073 3067 5138 putavimus.

2187 5140 2296 5210 (8|)
2339 5139 2516 5201 Forte,
2547 5159 2564 5190 ι
2597 5149 2651 5193 et
2689 5141 2810 5193 ideo
2859 5142 2978 5194 dua:
3021 5140 3273 5209 ingenitae
3319 5151 3534 5195 natura.
3577 5155 3696 5194 esse

2116 5227 2220 5262 non
2255 5221 2500 5278 possunt.
2533 5227 2551 5260 ›

2189 5277 2299 5348 (8:!)
2341 5279 2397 5332 In
2427 5281 2612 5333 codice
2635 5277 2920 5333 Casinensi
2952 5289 3088 5342 erat,
3117 5299 3135 5330 ι
3169 5281 3392 5349 expetit.
3426 5299 3444 5330 ι

2186 5351 2297 5420 (85)
2339 5351 2394 5402 ln
2429 5359 2615 5402 eodem
2641 5353 2826 5402 codice
2851 5363 2956 5402 tam
2990 5353 3042 5402 in
3079 5353 3180 5404 hoc
3211 5363 3690 5420 couimatc,qnam

2114 5420 2166 5473 in
2195 5423 2462 5488 sequenti,
2489 5437 2768 5488 perperam
2801 5422 3016 5488 legitur,
3045 5439 3064 5470 ι
3093 5431 3391 5490 exspectat.
3427 5441 3442 5470 ι

2183 5492 2293 5561 (84)
2339 5491 2514 5561 Forte,
2549 5509 2565 5540 ι
2599 5492 2802 5544 dixisti.
2837 5509 2854 5540 ι

2185 5559 2297 5632 (85)
2338 5559 2404 5613 Et
2452 5561 2539 5614 hic
2587 5565 2723 5616 male
2769 5560 2966 5630 legitur
3015 5561 3068 5616 in
3116 5561 3300 5617 codice
3355 5559 3686 5624 Casinensi,

2117 5649 2136 5682 ι
2166 5639 2460 5701 exspectat.
2492 5650 2510 5683 ι
