3922 6506
219 384 243 437 1
259 382 359 438 457

1340 383 1482 440 CUM
1520 382 1802 436 ΜΔΝΕἸῈ
1843 382 2158 438 ΗᾸΣΒΕΞΙΑ
2171 382 2374 439 RCHA.

3331 393 3466 446 MSS

212 506 334 561 sine
362 503 527 558 dubio
552 519 682 573 ergo
712 504 1020 560 ostenditur
1067 505 1218 559 illum
1265 506 1422 561 home
1469 521 1590 561 esse
1633 515 1792 562 natu-
1822 519 1862 571 Α
1896 509 2037 573 quod
2069 510 2236 570 dicis;
2275 510 2316 560 si
2349 508 2491 561 enim
2539 525 2680 563 unus
2711 511 3022 576 cessaverit,
3054 521 3145 565 aut
3179 512 3340 579 alius,
3371 526 3466 572 aut

213 613 307 652 rae.
367 596 422 650 Si
479 612 606 651 vero
653 607 706 652 et
759 597 833 650 illi
885 612 1077 652 omnes
1127 597 1256 651 mali
1296 607 1459 662 sunt,
1514 597 1790 668 quomodo

210 699 388 759 potest
422 686 680 742 Satanam
712 698 765 742 et
794 688 1027 742 Satanas
1071 689 1302 758 ejicere?
1344 687 1447 744 Sed
1498 691 1788 744 conclusus

201 796 461 836 sermone
490 782 764 837 convertis
787 782 923 851 (86),
957 792 1016 835 ut
1047 783 1218 848 dicas,
1246 782 1426 839 Bonus
1458 783 1562 836 vim
1595 799 1788 853 passus

205 885 289 930 est
322 891 350 929 a
381 876 544 930 malo.
583 875 687 929 Sed
721 893 820 930 nec
859 877 960 930 hoc
991 877 1208 946 quidem
1243 890 1325 933 est
1357 879 1452 932 tibi
1490 877 1607 932 sine
1640 877 1784 945 peri-

205 968 332 1022 culo
357 968 562 1033 dicere,
607 977 663 1022 ut
697 968 870 1022 lucem
909 970 1102 1024 victam
1137 986 1255 1026 esse
1287 973 1606 1034 confirmes;
1639 970 1782 1040 quod

202 1061 352 1114 enim
380 1062 636 1125 vincitur,
667 1063 905 1117 vicinum
937 1063 1101 1118 habet
1130 1065 1428 1120 interitum.
1462 1063 1601 1130 Quid
1637 1065 1780 1118 enim

201 1149 282 1202 ait
313 1165 494 1202 sermo
524 1151 779 1205 divinus?
810 1171 828 1202 ‹
873 1152 1007 1218 Quis
1055 1154 1198 1208 enim
1248 1163 1427 1224 potest
1473 1156 1695 1209 introire
1729 1157 1781 1209 in

200 1239 424 1294 domum
462 1240 638 1303 fortis,
679 1251 733 1296 et
781 1244 1028 1314 deripere
1079 1262 1207 1299 vasa
1252 1247 1390 1313 ejus,
1437 1247 1540 1300 nisi
1579 1248 1672 1302 illo
1712 1249 1781 1303 sit

199 1331 398 1384 fortior
424 1333 502 1384 ‘9?
532 1352 549 1382 ι
583 1332 738 1398 Quod
772 1334 818 1388 si
848 1335 1158 1390 hominibus
1205 1352 1327 1390 eum
1383 1339 1585 1392 malum
1616 1340 1780 1393 exsti-

197 1421 334 1476 tisse
364 1423 590 1490 dixeris,
620 1433 674 1478 et
706 1442 771 1479 ex
807 1442 871 1480 eo
897 1427 1115 1482 malitiae
1149 1444 1262 1482 sua:
1311 1429 1508 1483 indicia
1555 1430 1779 1483 demon-

192 1521 402 1566 strasse
428 1531 441 1566 :
469 1528 598 1583 ergo
627 1524 750 1570 ante
779 1516 880 1569 hoc
906 1516 1081 1570 bonus
1126 1515 1244 1582 fuit,
1269 1526 1320 1570 et
1352 1517 1778 1571 convcrtibilita-

193 1613 305 1658 tem
338 1605 528 1674 recipit
559 1623 624 1662 ex
649 1623 736 1672 eo,
762 1608 906 1677 quod
933 1608 1100 1662 creati
1123 1608 1358 1662 hominis
1379 1607 1489 1677 (87)
1508 1609 1779 1678 causa_in-

189 1693 412 1746 venitur
427 1696 700 1750 exstitisse
717 1697 954 1752 malitiae.
975 1697 1079 1750 Sed
1099 1708 1371 1768 postremo
1391 1697 1680 1768 dicatquod
1695 1709 1777 1753 est

191 1785 421 1850 malum,
453 1803 519 1841 ne
560 1788 698 1842 forte
723 1805 915 1842 nomen
943 1790 1118 1844 solum
1151 1790 1402 1845 defendat
1425 1800 1518 1845 aut
1541 1798 1770 1845 astruat.

1894 599 2111 666 plures;
2144 600 2233 652 alii
2284 611 2464 652 autem
2513 601 2617 654 hoc
2662 612 2901 672 agerent.
2950 603 3235 658 Archelaus
3279 603 3465 664 dixit:

1893 688 1947 742 Si
1991 692 2215 744 omnino
2246 692 2507 760 possibile
2541 703 2624 747 est
2655 709 2845 756 unum,
2878 703 2930 748 et
2955 695 3141 759 alium,
3171 705 3224 750 et
3248 698 3491 766 plures,‘

1888 781 2028 836 sicut
2077 783 2190 848 ais,
2248 801 2354 837 non
2403 801 2663 854 peccare,
2713 786 2972 855 possibile
3021 795 3104 840 cst
3152 789 3314 842 etiam
3362 789 3466 845 hoc

1887 889 2080 928 omnes
2115 890 2309 942 agerc;
2345 877 2506 929 unius
2542 877 2685 930 enim
2722 877 3021 932 conditoris
3053 888 3199 941 sunt,
3227 889 3280 933 et
3305 879 3467 936 unius

1887 979 2082 1017 massae
2111 965 2364 1019 homines
2404 980 2626 1031 omnes;
2657 978 2710 1022 et
2757 983 2824 1020 ne
2871 969 3045 1023 otiose
3092 985 3187 1038 per
3233 969 3466 1040 ineptias

1885 1072 2104 1124 sequar,
2141 1072 2201 1110 ea
2235 1074 2358 1126 qua:
2391 1059 2669 1113 incondite
2703 1062 2993 1129 protulisti,
3027 1063 3188 1116 certis
3216 1064 3465 1130 praescri-

1885 1147 2162 1216 ptionibus
2192 1150 2500 1203 excludam.
2534 1153 2626 1206 Ais
2659 1152 2867 1206 fructus
2894 1153 3048 1206 mala:
3081 1155 3280 1207 radicis
3301 1165 3465 1223 atque

1885 1239 2040 1291 make
2074 1237 2286 1291 arboris
2322 1255 2442 1294 esse
2477 1251 2630 1296 actus
2663 1242 2964 1306 hominum,
2989 1243 3179 1308 idest,
3228 1243 3466 1297 fornica-

1882 1329 2076 1390 tiones,
2131 1329 2428 1392 adulteria,
2485 1333 2756 1400 perjuria,
2810 1335 3098 1389 homicidia
3149 1344 3201 1388 ct
3255 1335 3462 1406 reliqua

1883 1419 1968 1473 his
2012 1419 2210 1473 similia
2247 1420 2270 1473 ?
2320 1420 2502 1474 Manes
2559 1424 2695 1478 dixit
2735 1441 2752 1478 :
2801 1425 2897 1479 Ila.
2952 1427 3238 1480 Archelaus
3277 1427 3461 1480 dixit:

1881 1509 2023 1578 Ergo
2078 1512 2123 1564 si
2180 1511 2480 1566 humanum
2539 1529 2709 1581 genus
2774 1517 2994 1571 interire
3061 1519 3366 1588 pervenerit
3429 1533 3459 1572 a

1879 1601 2016 1656 facie
2047 1611 2226 1666 terrae,
2263 1607 2336 1659 ita
2389 1619 2446 1660 ut
2493 1608 2633 1660 ultra
2660 1608 2770 1676 jam
2804 1625 3026 1676 peccare
3063 1627 3168 1663 non
3218 1610 3456 1679 possint,

1878 1695 2076 1762 periret
2116 1697 2328 1751 arboris
2387 1699 2552 1768 hujus
2610 1699 2950 1764 substantia,
3017 1701 3250 1755 fructum
3316 1703 3455 1756 ultra

1877 1799 1983 1835 non
1998 1784 2246 1840 aﬂ‘erens.
2265 1786 2447 1842 Manes
2473 1790 2644 1843 dixit:
2667 1790 2728 1844 Et
2750 1791 2989 1860 quando,
3006 1793 3146 1862 quod
3161 1793 3420 1856 dicis,tiet
3434 1794 3460 1847 ἲ

189 1875 346 1942 Quod
372 1879 417 1934 si
442 1895 548 1933 non
575 1896 767 1935 nomen
794 1882 941 1944 mali,
969 1883 1060 1936 sed
1084 1882 1415 1949 substantia;
1443 1881 1653 1937 fructus
1677 1898 1745 1936 no

1881 1873 2168 1927 Archelaus
2241 1875 2377 1930 dixit
2437 1893 2455 1932 :
2517 1878 2786 1945 Quoniam
2851 1882 2995 1952 quod
3067 1882 3308 1936 futurum
3371 1889 3458 1936 est

187 1967 273 2022 bis
297 1969 515 2024 malitia:
535 1978 588 2024 ct
611 1972 862 2041 nequitiae
903 1973 1065 2041 hujus
1087 1983 1339 2043 exponat,
1370 1975 1626 2044 quoniam
1655 1990 1761 2028 non

185 2061 502 2130 agnoscitur
531 2079 769 2133 unquam
796 2065 1006 2119 arboris
1036 2075 1226 2120 natura
1254 2067 1372 2121 sine
1401 2065 1580 2121 fructu
1605 2068 1670 2122 ’°.

263 2151 426 2207 XVII.
471 2154 654 2209 Manes
688 2157 868 2211 dixit:
907 2158 1132 2213 Constet
1167 2161 1307 2229 apud
1335 2168 1391 2213 te
1422 2161 1592 2230 prius,
1634 2161 1762 2232 quia

187 2253 274 2300 est
308 2247 458 2300 radix
491 2248 596 2302 alia
630 2249 870 2313 malitize,
921 2266 1085 2320 quam
1134 2266 1239 2305 non
1290 2253 1548 2320 plantavit
1596 2252 1759 2317 Deus,

182 2346 241 2391 et
277 2347 408 2393 tunc
450 2340 543 2394 tibi
588 2341 764 2396 dicam
815 2341 1024 2398 fructus
1063 2344 1202 2414 ejus.
1246 2345 1533 2399 Archelaus
1582 2347 1761 2401 dixit:

181 2424 302 2482 Non
339 2429 443 2484 hoc
481 2431 595 2486 veri
639 2434 842 2502 expetit
871 2435 1038 2501 ratio;
1089 2451 1260 2506 neque
1301 2437 1445 2491 enim
1493 2439 1762 2492 assentiar

181 2521 280 2575 tibi
328 2522 562 2578 radicem
617 2540 738 2580 esse
794 2527 949 2581 mala:
1001 2528 1218 2582 arboris
1272 2528 1452 2592 illius,
1492 2530 1559 2584 de
1601 2531 1759 2601 cujus

181 2614 450 2670 fructibus
496 2632 772 2686 nunquam
822 2619 965 2674 ullus
1016 2621 1330 2691 gustaverit.
1388 2621 1671 2693 Tanquam
1713 2625 1757 2678 si

177 2708 309 2762 velit
351 2710 555 2778 aliquid
598 2711 722 2779 quis
765 2728 984 2778 emere;
1032 2714 1135 2768 nisi
1176 2715 1328 2784 prius
1359 2717 1627 2785 gustando
1675 2718 1758 2771 di-

177 2805 317 2862 scat,
349 2807 530 2852 utrum
567 2799 719 2855 arida
754 2801 826 2854 sit
853 2803 1061 2871 species
1089 2813 1182 2858 aut
1212 2806 1436 2875 liquida,
1472 2807 1756 2877 pecuniam

178 2904 288 2940 non
320 2891 560 2958 profert;
600 2893 672 2945 ita
709 2908 884 2963 neque
910 2911 1010 2964 ego
1039 2896 1130 2948 tibi
1162 2897 1428 2952 assentiar
1455 2915 1573 2953 esse
1600 2901 1758 2955 arbo-

177 2995 292 3033 rem
326 2982 524 3035 malam
560 2994 613 3038 et
663 2987 977 3054 pessimam,
1023 2988 1127 3042 nisi
1175 2991 1324 3057 prius
1363 2992 1596 3060 qualitas
1643 2992 1758 3048 fru-

175 3081 364 3127 ctuum
409 3075 526 3144 ejus
569 3075 733 3132 fuerit
772 3080 1116 3136 manifestata
1143 3101 1156 3137 :
1186 3085 1448 3155 scriptum
1479 3096 1562 3141 est
1583 3088 1751 3153 enim,

172 3165 306 3234 quia
361 3167 426 3221 de
479 3168 743 3225 fructibus
788 3173 952 3226 arbor
1002 3175 1433 3243 cognoscitur“.
1489 3179 1580 3233 Dic
1625 3195 1754 3249 ergo

174 3259 356 3325 nobis,
388 3275 421 3314 ο
448 3260 650 3327 Manes,
685 3265 846 3319 arbor
869 3281 990 3336 qua:
1019 3267 1216 3322 dicitur
1239 3270 1402 3333 mala,
1432 3287 1592 3340 quem
1623 3273 1755 3326 alre-

172 3360 263 3406 rat
297 3352 557 3418 fructum,
594 3366 688 3410 aut
720 3358 878 3426 cujus
919 3369 1128 3416 natura:
1157 3361 1246 3424 sit,
1294 3379 1459 3431 quam
1499 3365 1752 3421 virtutem

172 3445 395 3510 habeat,
441 3458 500 3500 ut
545 3449 639 3502 tibi
685 3451 994 3515 credamus,
1047 3454 1206 3506 etiam
1257 3455 1490 3510 radicem
1542 3459 1754 3513 arboris

169 3533 349 3604 ipsius
371 3553 491 3593 esse
521 3540 718 3593 talem?
743 3540 926 3595 Manes
949 3543 1126 3596 dixit:
1151 3542 1321 3600 Radix
1345 3547 1562 3616 quidem
1589 3550 1749 3615 mala,

169 3627 340 3680 arbor
388 3637 567 3683 autem
611 3632 868 3699 pessima,
917 3634 1309 3692 incrementum
1362 3653 1491 3693 vero
1535 3657 1642 3696 non
1685 3659 1752 3698 ex

169 3718 318 3784 Deo;
352 3717 562 3776 fructus
591 3731 769 3777 autem
799 3724 1206 3792 fornicationes,
1242 3729 1526 3797 adulteria,
1575 3734 1752 3790 homi-

165 3811 335 3878 cidia,
365 3815 592 3870 avaritia
622 3826 675 3871 et
707 3833 899 3874 omnes
934 3821 1062 3874 mali
1092 3829 1247 3876 actus
1281 3825 1438 3878 mala:
1479 3826 1625 3882 illius
1657 3844 1746 3882 ra-

164 3906 329 3961 dicis.
368 3910 652 3966 Archelaus
679 3913 858 3968 dixit:
894 3914 962 3970 Ut
1003 3915 1100 3970 tibi
1143 3917 1454 3986 credamus,
1484 3921 1612 3989 quia
1656 3922 1747 3977 isti

165 4007 300 4050 sunt
359 3997 569 4056 fructus
628 4003 785 4057 mala:
840 4004 984 4059 illius
1029 4005 1258 4070 radicis,
1321 4018 1541 4079 gustum
1592 4012 1749 4068 nobis

163 4105 360 4144 eorum
405 4093 622 4160 profer;
665 4096 1025 4150 substantiam
1071 4101 1214 4153 enim
1284 4100 1579 4170 ingenitam
1627 4120 1748 4160 esse

162 4185 532 4251 pronuntiasti
590 4187 751 4256 hujus
803 4189 1036 4253 arboris,
1083 4191 1240 4260 cujus
1291 4191 1502 4248 fructus
1551 4211 1747 4250 secun-

160 4273 298 4327 dum
333 4275 418 4329 sui
461 4276 874 4334 similitudinem
920 4282 1293 4351 proferuntur.
1342 4286 1525 4342 Manes
1566 4290 1743 4343 dixit:

159 4365 294 4422 Haec
326 4368 443 4438 ipsa
476 4371 742 4440 injustitia
775 4389 897 4444 qua:
932 4377 985 4429 in
1019 4376 1330 4436 hominibus
1359 4392 1462 4448 est,
1500 4384 1745 4439 testimo-

159 4462 316 4515 nium
350 4463 547 4528 reddit,
573 4474 626 4519 et
662 4468 888 4521 avaritia
927 4469 995 4522 de
1033 4480 1196 4540 gustu
1234 4472 1380 4527 illius
1409 4475 1565 4529 malae
1599 4477 1742 4531 radi-

1867 1965 2084 2033 nescio,
2130 1967 2295 2022 homo
2339 1971 2484 2024 enim
2540 1987 2697 2037 sum;
2750 1989 2857 2026 non
2906 1984 3088 2028 tamen
3141 1989 3451 2029 sermonem

1866 2058 2030 2112 istum
2083 2060 2450 2117 indiscussum
2500 2066 2827 2135 relinquam.
2874 2069 3014 2135 Quid
3063 2069 3200 2124 dicis
3242 2070 3308 2124 de
3352 2069 3455 2124 hu-

1866 2165 2028 2205 mano
2073 2168 2290 2222 genere,
2341 2155 2642 2227 ingenitum
2686 2167 2791 2225 est,
2840 2169 2934 2213 aut
2978 2161 3226 2214 factura?
3268 2159 3452 2216 Manes

1863 2243 2002 2297 dixit
2033 2261 2050 2298 :
2083 2244 2314 2302 Factura
2356 2258 2456 2303 est.
2492 2251 2782 2304 Archelaus
2835 2253 2969 2305 dixit
2995 2268 3013 2305 :
3047 2253 3100 2306 Si
3135 2251 3344 2308 factura
3369 2263 3454 2309 est

1864 2336 2048 2404 homo,
2081 2339 2206 2409 quis
2236 2349 2319 2394 est
2351 2343 2633 2410 adulterii,
2677 2353 2730 2398 et
2775 2343 3173 2412 fornicationis,
3222 2355 3276 2400 et
3322 2346 3448 2400 reli-

1861 2442 2092 2496 quorum
2126 2431 2311 2485 talium
2347 2435 2533 2501 pater?
2561 2434 2722 2504 cujus
2748 2436 2835 2489 hic
2865 2444 2950 2489 est
2973 2435 3224 2490 fructus?
3249 2434 3441 2490 Prius-

1861 2538 2022 2590 quam
2064 2520 2217 2577 fieret
2261 2524 2445 2586 homo,
2478 2526 2601 2594 quis
2623 2535 2740 2580 erat
2788 2527 2878 2594 qui
2921 2525 3302 2590 fornicaretur,
3348 2534 3444 2580 aut

1860 2614 2208 2678 adulterarct,
2232 2625 2322 2669 aut
2345 2615 2637 2670 homicidia
2664 2617 3028 2686 perpetraret?
3054 2615 3235 2670 Manes
3255 2616 3393 2670 dixit
3421 2631 3440 2669 :

1862 2702 1967 2757 Sed
2035 2705 2199 2760 homo
2273 2721 2302 2760 a
2353 2709 2495 2761 mala
2560 2718 2755 2763 natura
2804 2708 3140 2778 plasmatus,
3217 2706 3446 2762 manife-

1859 2808 2001 2850 stum
2047 2806 2158 2861 est,
2202 2800 2326 2868 quia
2373 2801 2485 2870 ipse
2519 2801 2590 2854 sit
2633 2799 2864 2865 fructus,
2920 2801 3082 2854 etiam
3146 2801 3192 2855 si
3236 2807 3442 2870 peccet,

1857 2888 2017 2942 etiam
2062 2889 2108 2944 si
2141 2907 2248 2943 non
2290 2906 2512 2960 peccet:
2551 2893 2694 2948 unde
2743 2892 2912 2947 semel
2963 2892 3209 2946 absolute
3242 2907 3440 2945 nomen

1859 2979 2142 3034 hominum
2185 2989 2236 3036 et
2269 2998 2440 3051 genus
2471 2983 2577 3037 tale
2617 2993 2720 3047 est,
2770 2985 2982 3038 etiamsi
3015 2983 3166 3052 justa
3215 2985 3444 3050 gesserit

1859 3083 1955 3126 aut
1987 3073 2210 3144 injusta.
2245 3075 2534 3129 Archelaus
2572 3077 2710 3129 dixit
2742 3091 2760 3128 :
2791 3076 2898 3132 Sed
2942 3085 2996 3131 et
3042 3077 3186 3131 illius
3234 3075 3311 3131 rei
3356 3074 3443 3128 fa-

1857 3164 2068 3221 ciamus
2099 3167 2453 3222 mentionem.
2497 3167 2553 3222 Si
2584 3168 2719 3237 ipse,
2768 3177 2827 3222 ut
2860 3169 2963 3236 ais,
3009 3168 3284 3222 hominem
3315 3165 3446 3223 fecit

1859 3256 2153 3324 malignus,
2186 3274 2357 3328 quare
2392 3259 2653 3313 malitiam
2682 3268 2898 3313 exercet
2931 3259 3196 3313 adversus
3221 3258 3374 3313 eum?

1929 3347 2116 3402 XVIII.
2157 3349 2374 3403 Iudices
2404 3350 2650 3403 dixerunt
2676 3365 2694 3403 :
2719 3349 2830 3405 Iloc
2859 3350 3110 3405 volumus
3142 3350 3280 3404 scire
3309 3365 3339 3404 a
3365 3358 3437 3413 te,

1857 3440 2171 3509 Manichaee,
2222 3444 2498 3514 quomodo
2535 3443 2684 3498 illum
2726 3442 3006 3498 aﬂirmasti
3042 3444 3241 3498 malum
3272 3445 3440 3499 esse?

1855 3535 1932 3590 Ex
1983 3552 2070 3601 eo,
2123 3553 2231 3605 quo
2272 3537 2522 3591 homines
2570 3534 2696 3590 facti
2735 3545 2880 3600 sunt,
2937 3545 3032 3590 aut
3071 3537 3265 3590 antea?
3297 3535 3434 3604 Quia

1854 3630 1998 3683 enim
2030 3639 2254 3685 necesSe
2285 3639 2367 3684 est
2395 3638 2446 3684 te
2481 3630 2698 3684 malitiae
2732 3631 2851 3699 ejus
2886 3645 3024 3700 opus
3051 3630 3336 3685 ostendere
3368 3649 3433 3686 ex

1853 3736 1918 3774 eo
1949 3729 2193 3790 tempore
2223 3737 2286 3775 ex
2321 3736 2429 3791 quo
2460 3723 2663 3775 malum
2703 3737 2828 3777 eum
2863 3722 3034 3777 fuisse
3063 3723 3294 3788 asseris;
3319 3739 3438 3778 cer-

1852 3820 1941 3866 tus
1967 3823 2108 3878 esto,
2155 3813 2283 3882 quia
2316 3828 2492 3883 neque
2517 3815 2868 3884 cognoscitur
2899 3813 3009 3867 vini
3041 3814 3297 3883 qualitas,
3328 3816 3432 3868 nisi

1852 3906 2004 3974 prius
2049 3887 2348 3976 gustaverit
2389 3906 2531 3975 quis,
2570 3907 2790 3960 sicutet
2820 3922 2886 3960 ex
2927 3905 3104 3960 fructu
3133 3907 3313 3961 onmis
3346 3921 3434 3960 ar-

1851 3999 1951 4052 bor
1990 3999 2352 4070 dignoscitur.
2383 3997 2524 4066 Quid
2556 4014 2686 4069 ergo
2729 3998 2901 4052 dicis?
2944 4014 3011 4052 ex
3045 4013 3157 4067 quo
3189 4007 3432 4068 tempore

1850 4093 2028 4147 malus
2067 4100 2149 4146 est
2184 4092 2305 4146 hic?
2347 4093 2653 4146 necessaria
2685 4093 2831 4147 enim
2869 4091 3024 4148 nobis
3065 4092 3276 4146 videtur
3315 4093 3432 4148 haec

1850 4186 2008 4240 ratio.
2034 4185 2216 4238 Manes
2235 4185 2408 4238 dixit:
2433 4184 2676 4255 Semper.
2706 4184 2996 4240 Archelaus
3023 4185 3158 4240 dixit
3185 4201 3202 4239 :
3231 4183 3428 4241 Osten-
3486 4197 3488 4199 ’

1847 4279 1970 4332 dam
2003 4280 2166 4334 etiam
2198 4280 2320 4345 hoc,
2366 4279 2556 4348 optimi
2601 4278 2703 4332 viri
2743 4287 2796 4332 et
2824 4279 3231 4348 prudentissimi
3273 4278 3430 4332 audi-

1848 4384 2014 4435 tores,
2065 4372 2325 4442 quoniam
2374 4386 2554 4426 sermo
2601 4371 2720 4440 ejus
2755 4372 2979 4425 omnino
3026 4387 3132 4425 non
3179 4381 3424 4430 constat:

1847 4479 1971 4516 nam
2001 4473 2052 4518 et
2086 4463 2290 4517 ferrum
2321 4480 2426 4517 non
2459 4472 2776 4534 estsemper
2819 4463 3046 4530 malum,
3077 4464 3181 4517 nisi
3225 4479 3290 4518 ex
3317 4477 3428 4532 quo

158 4552 262 4605 cis.
298 4553 586 4607 Archelaus
615 4555 798 4611 dixit:
829 4556 989 4629 Ergo,
1040 4570 1099 4614 ut
1131 4562 1336 4628 dixisti,
1375 4564 1583 4620 fructus
1614 4578 1740 4622 sunt

1867 4570 2012 4608 nomo
2045 4564 2147 4618 est,
2192 4564 2246 4609 et
2284 4557 2573 4611 artificium
2622 4559 2741 4627 ejus
2775 4557 2830 4611 in
2877 4557 3024 4610 malo
3075 4569 3425 4619 conversum,

158 4644 376 4699 arboris
430 4646 594 4716 hujus
647 4649 961 4719 iniquitates
1008 4653 1156 4719 istae,
1200 4673 1323 4725 quae
1370 4669 1632 4726 geruntur
1671 4662 1740 4716 ab

159 4736 499 4794 hominibus.
531 4740 713 4795 Manes
738 4743 875 4796 dixit
904 4760 922 4796 :
952 4744 1025 4799 Ita
1056 4747 1232 4815 plane.
1253 4751 1540 4807 Archelaus
1573 4755 1739 4808 dixit:

159 4827 218 4880 Si
256 4825 470 4884 fructus
503 4831 592 4885 isti
623 4842 770 4897 sunt,
820 4835 870 4887 id
916 4847 1021 4899 ρει,
1069 4845 1222 4893 actus
1267 4841 1551 4896 hominum
1587 4845 1736 4908 mali,

158 4919 265 4987 ipsi
297 4936 427 4990 ergo
457 4923 703 4980 homines
734 4928 932 4982 radicis
962 4929 1140 4983 locum
1173 4943 1335 5002 atque
1356 4936 1568 4991 arboris
1593 4939 1737 4992 obii—-

153 5015 397 5080 nehunt;
448 5019 594 5086 ipsos
624 5020 767 5073 enim
808 5025 1172 5090 pronuntiasti
1204 5025 1417 5083 fructus
1456 5029 1596 5084 ferre
1639 5032 1738 5084 hu-

149 5103 485 5175 juscemodi.
527 5109 706 5166 Manes
739 5113 918 5167 dixit:
951 5114 1024 5169 Ita
1054 5117 1197 5173 dico.
1236 5121 1522 5175 Archelaus
1550 5125 1685 5177 dixit
1717 5142 1734 5178 :

154 5196 298 5251 Male
329 5199 484 5266 dicis,
519 5201 590 5256 Ita
627 5204 782 5271 dico;
835 5222 943 5261 non
993 5210 1137 5263 enim
1177 5212 1250 5265 ita
1297 5214 1455 5278 dicis,
1493 5217 1732 5286 alioquin

151 5308 281 5345 cum
325 5294 572 5350 homines
629 5301 962 5355 cessaverint
1015 5319 1259 5372 peccare,
1308 5309 1470 5363 arbor
1515 5312 1734 5368 malitia:

152 5387 494 5444 infructuosa
527 5394 823 5460 apparebit.
854 5394 1034 5448 Manes
1062 5398 1198 5451 dixit
1229 5415 1246 5453 :
1277 5399 1614 5470 lmpossihile
1646 5415 1729 5460 est

227 5502 272 5531 ¹⁹
309 5500 478 5558 Marc.
508 5521 588 5571 Ill,
614 5505 703 5559 Ἦ.
782 5508 827 5539 ¹⁰
868 5507 1054 5564 Matth.
1083 5528 1181 5575 vn,
1221 5514 1306 5568 I8.
1384 5517 1426 5548 ²¹
1462 5516 1598 5576 Ibid.
1641 5520 1724 5574 l6.

224 5615 339 5680 (86)
385 5617 566 5682 Forte,
597 5638 615 5671 ε
645 5637 952 5677 sermonem
985 5628 1276 5683 convertis.
1311 5647 1330 5680 ι

224 5687 341 5751 (87)
387 5688 564 5752 Forte,
600 5711 616 5740 α
648 5693 850 5745 creatio
882 5695 1140 5749 hominis.
1175 5717 1192 5748 ι

225 5758 339 5826 (88)
382 5757 562 5813 Prima
598 5760 735 5816 facie
768 5763 855 5817 hie
881 5765 1030 5820 locus
1067 5767 1352 5824 videbatur
1382 5786 1502 5825 esse
1535 5788 1729 5828 eorru-

149 5838 300 5896 ptus,
331 5829 422 5884 sed
453 5831 664 5887 modica
701 5847 892 5889 vocum
919 5839 1340 5907 transpositione
1364 5842 1508 5900 clare
1535 5858 1728 5900 sensus

1846 4646 2048 4701 utendo
2081 4663 2145 4702 ex
2177 4663 2242 4702 eo
2279 4664 2567 4717 perverse;
2609 4665 2772 4702 omne
2813 4657 3092 4718 peccatum
3127 4646 3333 4699 exstitit
3357 4661 3424 4700 ex

1843 4752 1951 4807 quo
2005 4739 2169 4794 homo
2217 4750 2319 4794 est.
2364 4739 2468 4794 Sed
2526 4755 2623 4795 nec
2651 4741 2739 4794 ille
2780 4739 2998 4807 quidem
3036 4739 3151 4808 ipse
3193 4754 3422 4808 magnus

1842 4847 2104 4900 serpens,
2173 4833 2348 4887 malus
2422 4841 2544 4886 ante
2601 4833 2878 4887 hominem
2949 4831 3080 4896 fuit;
3141 4832 3233 4886 sed
3299 4840 3424 4900 post

1843 4923 2153 4988 hominem,
2191 4926 2242 4978 in
2298 4941 2408 4996 quo
2441 4926 2661 4979 malitia:
2695 4941 2806 4981 suae
2861 4925 3097 4980 ostendit
3153 4923 3415 4992 fructum,

1839 5017 1966 5083 quia
1997 5016 2110 5087 ipse
2138 5017 2326 5072 voluit.
2366 5018 2421 5072 Si
2449 5034 2579 5090 ergo
2613 5018 2770 5072 nobis
2800 5025 2922 5088 post
2953 5018 3227 5073 hominem
3251 5033 3417 5089 appa-

1842 5119 1920 5160 ret
1969 5109 2268 5163 secundum
2330 5109 2642 5180 Seripturas
2673 5111 2894 5164 malitiae
2945 5120 3130 5181 pater;
3183 5125 3416 5181 quomo-

1837 5201 1908 5253 do
1943 5201 2213 5269 ingenitus
2251 5203 2382 5267 erit,
2433 5204 2526 5270 qui
2573 5215 2694 5272 post
2740 5205 3016 5258 hominem
3059 5205 3152 5273 qui
3205 5203 3414 5259 factura

1837 5298 1957 5355 est,
1999 5279 2175 5346 malus
2215 5292 2440 5347 effectus
2494 5296 2614 5349 est?
2657 5293 2761 5348 Sed
2805 5311 2871 5349 cx
2905 5295 3143 5348 hominis
3176 5304 3416 5364 tempore

1839 5399 1868 5436 a
1901 5398 1960 5438 se
1991 5385 2156 5438 creati
2207 5386 2342 5455 (88),
2407 5402 2504 5442 cur
2558 5388 2735 5443 malus
2772 5388 3132 5444 ostendatur?
3186 5388 3328 5454 Quid
3359 5389 3413 5442 in

1835 5635 1955 5702 ejus
1985 5635 2279 5700 constabit,
2315 5645 2371 5689 ut
2395 5637 2466 5690 sit
2498 5654 2511 5688 :
2539 5638 2630 5690 sed
2664 5651 2732 5690 ex
2767 5645 3010 5705 tempore
3073 5637 3274 5691 ominis
3299 5651 3329 5690 a
3353 5653 3412 5691 se
3495 5688 3500 5692 .

1834 5705 2024 5778 errati,
2056 5706 2159 5778 hoc
2184 5715 2298 5778 est,
2325 5722 2436 5775 quo
2469 5707 2740 5762 hominem
2774 5709 2889 5778 ipse
2915 5711 3137 5775 creavit,
3165 5723 3264 5762 cur
3296 5723 3412 5761 mar-

1835 5774 1918 5828 lus
1950 5776 2305 5832 ostendatur?
