3922 6486
423 450 448 502 1
462 447 559 502 5‘59

420 586 486 625 eo
534 558 876 632 concupivit?
919 556 967 612 si
1001 565 1163 609 omne
1207 561 1407 618 corpus
1456 559 1572 599 sua:
1609 540 1831 596 facturae
1860 543 1996 598 erat,
2027 545 2072 600 Α

423 664 552 734 quid
580 659 786 716 zelatus
817 652 936 709 est?
963 650 1067 717 Qui
1091 647 1236 720 enim
1273 643 1479 698 zelatur
1511 649 1605 692 aut
1639 628 2000 701 concupiscit,

424 752 648 808 meliora
683 755 737 802 et
780 745 953 800 aliena
994 733 1351 806 concupiscit.
1389 730 1444 785 Si
1487 743 1615 799 ergo
1648 740 1712 779 ex
1740 738 1804 775 eo
1834 722 2001 774 homo

425 855 529 911 est,
563 841 704 895 mala
736 846 952 902 natura,
975 835 1386 889 demonstratur
1411 821 1686 893 quomodo
1714 831 1847 871 suus
1877 813 2000 874 fuit,

427 937 570 990 sicut
618 931 933 999 frequenter
979 923 1218 985 ostendi,
1250 919 1433 971 homo.
1469 912 1524 966 Si
1549 909 1691 964 enim
1726 922 1860 962 suus
1885 910 2006 958 erat

427 1027 614 1089 homo,
651 1022 824 1074 malus
852 1025 970 1072 erat
990 1016 1152 1069 etiam
1183 1011 1318 1079 ipse,
1344 1018 1600 1073 tanquam
1638 1000 1760 1055 talis
1792 997 2005 1051 arboris

429 1119 641 1171 fructus
668 1133 683 1180 ;
714 1112 855 1167 mala
879 1109 1022 1164 enim
1060 1105 1244 1168 arbor,
1276 1102 1415 1156 sicut
1443 1099 1544 1159 ais,
1580 1096 1752 1148 malos
1795 1091 2006 1145 fructus

428 1209 579 1264 facit.
616 1208 751 1261 Cum
778 1218 968 1256 omnes
995 1199 1140 1253 enim
1177 1195 1305 1249 mali
1335 1199 1536 1253 essent,
1568 1186 1698 1257 quid
1732 1183 2007 1238 desidera-

429 1301 526 1363 vit,
555 1304 648 1349 aut
679 1294 821 1347 unde
854 1282 1066 1344 initium
1120 1284 1340 1340 malitiae
1389 1280 1647 1341 ostendit,
1695 1277 1741 1331 si
1768 1291 1833 1328 ex
1870 1281 2006 1325 tem-

431 1404 562 1458 pore
589 1384 837 1456 plasmati
864 1381 1101 1436 hominis
1129 1377 1346 1431 malitiae
1369 1373 1493 1441 ejus
1519 1373 1682 1425 homo
1706 1381 1870 1421 causa
1894 1364 2010 1417 est?

433 1481 574 1550 Lege
615 1488 794 1531 autent
847 1491 911 1528 ac
951 1479 1220 1543 praecepto
1272 1468 1374 1522 sibi
1405 1467 1555 1528 dato,
1597 1463 1761 1514 homo
1799 1462 2011 1526 poterat

433 1586 778 1642 nequaquam
815 1569 1190 1635 obtemperare
1232 1558 1468 1629 serpenti
1495 1567 1547 1611 et
1584 1555 1666 1607 his
1697 1567 1819 1621 quae
1852 1550 1919 1602 ab
1947 1564 2011 1601 eo

432 1660 775 1723 dicebantur,
810 1657 897 1710 cui
921 1656 965 1709 si
998 1670 1102 1708 non
1132 1654 1563 1718 obtemperasset
1591 1645 1778 1707 homo,
1813 1655 1919 1710 qua
1946 1654 2013 1692 ex

435 1768 599 1806 causa
630 1752 806 1804 malus
835 1748 1062 1802 fuisset?
1085 1745 1239 1811 Quod
1273 1743 1318 1797 si
1341 1742 1641 1810 ingenitum
1673 1743 1755 1788 cst
1785 1732 2011 1793 malum,

434 1851 489 1895 ct
515 1838 791 1910 quomodo
816 1838 1086 1891 interdum
1131 1836 1292 1888 homo
1348 1829 1537 1883 fortior
1584 1827 1678 1879 illo
1710 1819 2015 1877 invenitur?

437 1931 830 2002 Obtemperans
882 1930 1027 1984 enim
1085 1926 1342 1981 mandato
1366 1923 1461 1976 Dei
1497 1920 1807 1990 frequenter
1836 1915 2015 1968 vincet
2047 1892 2088 1946 Β
2119 1901 2310 1971 siquis
2341 1899 2393 1951 il!

437 2042 655 2081 omnem
689 2025 910 2078 malitia:
943 2022 1220 2079 radicem;
1275 2027 1328 2072 et
1377 2015 1667 2070 ridiculum
1693 2019 1798 2076 est,
1832 2009 1878 2063 si
1914 2009 2015 2062 iste

437 2123 532 2191 qui
564 2119 772 2174 factura
795 2127 898 2181 est,
943 2115 1137 2169 fortior
1185 2111 1494 2166 inveniatur
1544 2104 1809 2175 ingenito.
1845 2102 2016 2171 Cujus

440 2223 620 2266 autem
644 2221 728 2265 est
764 2211 848 2264 lex
880 2219 933 2263 et
965 2207 1303 2268 mandatum,
1333 2202 1463 2255 illud
1493 2200 1641 2261 dico,
1668 2195 1812 2266 quod
1841 2192 2017 2248 homi-

371 2313 379 2324 ‘
441 2305 494 2358 ni
526 2305 713 2358 datum
750 2301 869 2355 e‘st?
902 2299 1030 2353 Sine
1062 2297 1228 2352 dubio
1257 2292 1607 2350 conﬁtebitur
1651 2288 1745 2340 Dei
1775 2302 1914 2340 esse.
1953 2283 2020 2338 Et

440 2396 718 2466 quomodo
760 2402 939 2463 potest
980 2392 1098 2445 dari
1150 2393 1233 2443 lex
1266 2388 1466 2451 alieno,
1518 2392 1611 2437 aut
1643 2381 1862 2434 inimico
1897 2377 2020 2447 quis

441 2500 619 2562 potest
643 2493 772 2544 dare
813 2483 1183 2556 praeceptum?
1213 2483 1321 2534 Aut
1362 2479 1449 2532 ille
1479 2476 1573 2547 qui
1598 2472 1792 2541 accipit
1817 2486 2020 2542 praece-

442 2596 620 2655 ptum,
665 2581 942 2651 quomodo
985 2585 1164 2646 potest
1209 2574 1471 2627 adversus
1499 2570 1798 2630 diabolum,
1837 2566 2020 2626 idest,

446 2677 709 2730 adversus
734 2679 1032 2725 creatorem
1061 2681 1217 2720 suum
1240 2679 1501 2734 pugnare,
1522 2672 1779 2730 tanquam
1810 2658 1856 2712 si
1881 2657 2024 2710 ﬁlius

447 2764 608 2834 patri,
648 2777 774 2815 cum
809 2758 1195 2812 beneficiorum
1237 2754 1450 2807 debitor
1479 2752 1570 2815 sit,
1627 2749 1868 2816 irrogare
1899 2744 2027 2800 velit

447 2855 715 2925 injurias?
750 2852 825 2906 lta
878 2852 932 2904 in
962 2851 1062 2903 hac
1093 2857 1241 2918 parte
1282 2843 1627 2898 inutilitatem
1667 2839 1904 2893 hominis
1931 2837 2025 2891 de-

449 2954 655 3021 signas,
707 2947 752 3003 si
808 2962 901 3015 per
953 2944 1122 3013 legem
1169 2949 1222 2994 et
1262 2938 1577 2993 mandatum
1610 2935 1871 2990 adversus
1902 2948 2024 2987 eum

450 3051 543 3119 qui
575 3046 949 3118 plasniavcrit,
985 3043 1153 3106 dicat,
1189 3050 1351 3109 atque
1375 3054 1499 3092 cum
1531 3035 1750 3090 vincere
1780 3041 2026 3086 conetur.

453 3143 514 3197 in
554 3151 762 3196 tantum
790 3140 935 3194 enim
964 3134 1280 3192 stoliditatis
1312 3143 1663 3201 prOgressuni
1695 3140 1817 3181 esse
1850 3127 2028 3192 ipsum

453 3235 732 3288 diabolum
783 3230 1116 3301 putabimus,
1150 3226 1292 3296 quod
1331 3224 1619 3278 adversum
1655 3234 1713 3273 se
1755 3215 2028 3271 hominem
2057 3233 2099 3288 ρ

454 3328 651 3384 fecisse
687 3341 793 3379 non
845 3321 1098 3386 senserit,
1144 3335 1243 3373 nec
1276 3309 1866 3379 animadverteritquid
1895 3306 2034 3360 futu-

457 3436 579 3474 rum
625 3427 792 3483 esset,
847 3431 944 3470 nec
991 3411 1289 3482 providerit
1333 3409 1462 3478 quid
1498 3404 1860 3475 sequebatur;
1909 3415 2032 3454 cum

458 3513 621 3567 etiam
655 3510 708 3563 in
742 3508 897 3562 nobis
925 3505 1017 3574 qui
1073 3503 1282 3557 factura
1337 3514 1550 3562 sumus,
1604 3496 1675 3550 sit
1723 3493 1904 3561 aliqua
1952 3490 2036 3544 vel

460 3619 622 3675 parva
653 3601 898 3661 scientia,
929 3599 1069 3652 inest
1102 3605 1156 3650 et
1187 3591 1388 3663 aliquid
1417 3588 1739 3660 prudentiaa,
1768 3594 1822 3640 et
1851 3582 2039 3639 existi-

459 3697 719 3754 mationis
752 3707 1146 3761 nonnunquam
1177 3697 1360 3743 certae.
1393 3684 1460 3739 Et
1489 3680 1765 3754 quomodo
1798 3677 2039 3748 ingenito

461 3806 530 3846 ne
575 3789 833 3858 exiguum
867 3783 1085 3854 quidem
1126 3778 1482 3851 providentia:
1524 3775 1695 3830 fuisse
1743 3770 2037 3832 credimus,

464 3898 642 3952 neque
672 3876 1115 3940 existimationis,
1164 3881 1259 3927 aut
1288 3869 1629 3932 intellectus;
1662 3865 1754 3920 sed
1786 3861 2040 3917 brutissi-

463 3990 588 4031 mLs
624 3989 820 4037 sensu,
854 3979 907 4025 et
941 3965 1278 4023 obtusissimi
1299 3961 1503 4024 cordis,
1540 3969 1592 4013 et
1629 3967 1836 4012 naturae
1876 3968 2038 4024 peco-

464 4070 542 4123 ris
564 4067 860 4129 invenitur,
885 4061 1186 4117 secundum
1206 4056 1561 4113 assertionem
1593 4050 1838 4104 videlicet
1861 4045 2042 4101 tuam?

464 4161 620 4228 Quod
665 4160 711 4214 si
738 4160 810 4212 ita
837 4169 940 4220 est,
985 4152 1263 4224 quomodo
1307 4149 1472 4203 homo
1495 4146 1584 4215 qui
1629 4142 1846 4213 ingenio
1881 4148 2043 4208 atque

466 4253 696 4309 scientia
730 4266 834 4303 non
873 4263 1063 4317 parum
1112 4244 1299 4315 pollet,
1356 4241 1424 4294 ab
1456 4254 1521 4294 eo
1551 4238 1643 4306 qui
1675 4237 1896 4305 ignarus
1927 4248 2044 4285 om-

466 4344 618 4398 nium
661 4352 825 4408 atque
872 4339 1038 4391 hebes
1071 4350 1236 4390 sensu
1276 4342 1379 4396 est,
1405 4331 1581 4399 potuit
1612 4326 1887 4396 accepisse
1915 4324 2047 4377 sub-

467 4434 762 4491 stantiam?
787 4430 1070 4496 Quomodo
1105 4423 1482 4495 hujuscemodi
1507 4421 1744 4476 auctoris
1767 4434 1903 4488 opus
1927 4432 2046 4470 esse

467 4525 745 4579 hominem
780 4521 1002 4575 audebit
1031 4517 1230 4587 aliquis
1274 4513 1556 4570 conﬁteri?
1602 4511 1758 4577 Quod
1794 4512 1838 4563 si
1883 4513 2044 4564 homo

467 4619 652 4671 anima
675 4622 758 4671 est
781 4625 833 4670 ct
867 4629 1086 4682 corpus,
1128 4619 1181 4665 et
1216 4625 1323 4663 non
1363 4607 1538 4662 solum
1565 4621 1763 4675 corpus
1784 4605 1899 4658 sine
1925 4603 2044 4656 ειμι·
2077 4593 2121 4651 D

467 4727 580 4779 ma,
617 4725 740 4780 qua:
774 4709 891 4763 sine
919 4725 976 4762 se
1007 4706 1308 4760 subsistere
1342 4717 1449 4756 non
1484 4709 1752 4770 possunt;
1790 4712 1958 4767 quare
1980 4711 2044 4750 ea

469 4803 691 4856 inimica
741 4801 961 4856 sibimet
1003 4800 1153 4854 dices
1193 4807 1245 4850 et
1294 4793 1606 4849 contraria?
1648 4789 1868 4845 Videtur
1898 4789 2042 4843 enim

468 4895 602 4949 mihi
636 4893 900 4947 Dominus
927 4900 1110 4945 noster
1136 4887 1296 4942 Jesus
1320 4884 1569 4940 Christus
1597 4882 1664 4936 de
1710 4883 1795 4936 his
1841 4881 2047 4935 dixisse

469 5002 565 5056 per
594 4983 909 5055 parabolas:
942 5001 960 5033 ι
985 4980 1157 5035 Nemo
1184 4990 1359 5048 potest
1383 4981 1566 5030 vinum
1594 4988 1791 5026 novum
1818 4972 1868 5025 in
1900 4981 2048 5025 utres

468 5089 680 5133 veteres
705 5077 938 5141 mittere,
971 5073 1211 5142 alioquin
1235 5077 1558 5139 rumpentur
1589 5077 1760 5130 utres,
1783 5075 1836 5118 ct
1866 5065 2051 5118 vinum

469 5182 778 5238 cﬁundetur
810 5180 877 5233 ²².
918 5197 936 5229 ι
991 5176 1096 5230 Sed
1130 5174 1318 5228 vinum
1351 5188 1548 5226 novum
1600 5172 1654 5224 in
1705 5178 1853 5223 utres
1883 5180 2054 5221 novos

469 5283 796 5340 mittendum
832 5285 937 5342 est,
961 5277 1222 5346 quoniam
1251 5273 1470 5343 quidem
1503 5271 1643 5326 idem
1680 5269 1944 5323 Dominus
1973 5278 2056 5322 cst

469 5391 608 5445 utris
630 5397 682 5443 et
720 5385 851 5450 vini,
897 5399 1023 5437 nam
1068 5381 1170 5436 etsi
1213 5380 1428 5434 diversa
1484 5374 1790 5432 substantia
1829 5373 1919 5437 sit,
1962 5372 2053 5425 sed

469 5487 845 5543 dominatione
878 5493 931 5538 et
963 5480 1322 5538 observantia:
1360 5494 1463 5533 usu
1497 5494 1561 5532 ex
1597 5477 1683 5530 his
1705 5477 1918 5529 duabus
1944 5491 2052 5528 una

543 5626 800 5681 “Matth.
838 5642 913 5692 lx,
952 5604 1038 5680 t7.
1143 5621 1343 5680 "Ibid.
1381 5622 1466 5674 ie.
1567 5618 1798 5674 “lCor.
1849 5636 1946 5682 xu,
1990 5619 2074 5672 is.

1437 421 1624 478 ACTA
1662 409 2193 473 DlSPU'l‘ATlONlS
2233 408 2292 462 S.
2328 398 2678 458 ARCHELAI

2101 541 2334 598 persona
2369 518 2636 578 subsistit.
2681 510 2803 567 Non
2822 505 2967 564 enim
3007 513 3245 556 animam
3276 499 3520 556 dicimus
3549 497 3682 550 sub-

2103 617 2317 674 stantiae
2357 612 2522 668 unius
2554 622 2674 663 esse
2698 616 2821 660 cum
2852 611 3103 668 corpore,
3127 594 3219 650 sed
3247 591 3454 646 habere
3480 603 3681 642 unum-

2104 709 2360 782 quodque
2398 703 2712 775 qualitatem
2763 707 2952 758 suam;
2987 698 3042 744 et
3095 696 3356 756 tanquam
3406 681 3473 735 ad
3512 692 3684 733 unum

2103 816 2274 874 genus
2297 810 2458 867 atque
2485 807 2648 849 unam
2673 785 2907 858 speciem
2933 779 3233 839 hominum,
3258 784 3382 830 uter
3402 788 3467 826 ac
3496 771 3687 824 vinum

2106 902 2475 962 comparatur,
2526 887 2599 940 ita
2631 883 2699 938 ab
2730 895 2838 934 uno
2870 875 2981 929 Deo
3009 871 3279 925 hominem
3308 867 3519 921 editum
3552 863 3693 916 ratio

2105 987 2312 1057 expetit
2343 981 2587 1037 veritatis
2619 997 2632 1032 :
2669 965 2878 1046 gaudet'
2913 967 3057 1022 enim
3105 963 3285 1017 anima
3335 973 3597 1026 corpore,
3639 965 3693 1007 et

2106 1044 2280 1146 diligit
2296 1084 2348 1129 et
2367 1067 2640 1128 colitillud
2663 1044 3060 1131 {nihilominus
3083 1052 3244 1106 etiam
3257 1061 3461 1117 corpus
3490 1044 3695 1116 gaudet

2108 1173 2178 1227 ab
2199 1168 2377 1223 anima
2409 1179 2466 1218 se
2501 1157 2854 1214 vivilicatum.
2879 1145 3034 1213 Quod
3059 1144 3104 1198 si
3123 1139 3342 1209 maligni
3369 1152 3516 1205 opus
3546 1136 3702 1188 dicat

2109 1276 2228 1316 esse
2276 1256 2398 1326 quis
2439 1263 2672 1318 corpus,
2715 1255 2837 1296 cum
2889 1237 2960 1290 sit
3006 1243 3060 1287 et
3105 1227 3455 1296 corruptibile
3495 1239 3568 1276 ac
3604 1235 3700 1274 ve-

2115 1314 2322 1408 tustum
2351 1355 2511 1412 atque
2544 1335 2921 1394 deterrimum,
2950 1341 3058 1379 non
3090 1329 3264 1393 potest
3294 1318 3437 1372 ferre
3461 1314 3706 1383 spiritus

2112 1447 2390 1502 virtutem,
2425 1450 2524 1489 nec
2561 1430 2756 1484 animae
2803 1418 3226 1478 commotionem
3259 1420 3313 1466 et
3351 1409 3474 1478 ejus
3509 1406 3703 1474 splen—

2112 1533 2453 1591 didissimam
2488 1532 2821 1580 creaturam.
2875 1514 3028 1568 Sicut
3057 1510 3200 1563 enim
3229 1505 3274 1558 si
3308 1510 3706 1558 assumentum

2111 1627 2278 1699 panni
2309 1623 2460 1678 rudis
2495 1626 2682 1674 assuat
2715 1613 2840 1682 quis
2869 1608 3191 1663 vestimento
3219 1597 3386 1652 veteri
3410 1594 3478 1657 ’³,
3518 1591 3709 1659 major

2114 1719 2351 1773 scissura
2400 1712 2492 1777 ﬁt;
2527 1710 2600 1763 ita
2632 1705 2794 1760 etiam
2823 1713 3045 1770 corpus,
3069 1695 3112 1748 si
3138 1687 3564 1762 praeclarissimo
3583 1697 3712 1748 ορε-

2117 1813 2186 1874 ri,
2218 1809 2414 1864 anima:
2457 1800 2787 1857 assoeiatum
2835 1791 3020 1856 luerit,
3052 1784 3308 1842 interiret.
3347 1777 3628 1833 Similiter
3659 1784 3714 1828 et

2401 1897 2537 1950 ferat
2559 1894 2796 1947 lucernae
2818 1886 2998 1939 lumen
3030 1883 3084 1934 in
3117 1879 3294 1932 locum
3319 1870 3712 1928 tenebrosum,

2119 1996 2372 2065 fugantur
2409 1988 2668 2044 continuo
2698 1980 2953 2042 tenebrze,
2977 1989 3076 2030 nec
3099 1976 3391 2042 apparent;
3433 1964 3508 2017 ita
3542 1959 3716 2014 intel-

2118 2085 2392 2157 ligendum
2432 2089 2535 2142 est,
2567 2077 2742 2131 anima
2794 2068 3010 2140 corpori
3047 2067 3271 2124 inserta,
3319 2057 3595 2113 continuo
3635 2062 3719 2106 te-

2120 2181 2318 2235 nebras
2346 2175 2633 2244 etfugatas,
2683 2176 2738 2222 et
2785 2178 2952 2218 unam
2978 2162 3088 2232 jam
3117 2156 3361 2211 effectam
3391 2163 3517 2203 esse
3549 2153 3717 2198 natu-

2121 2285 2260 2332 ram,
2290 2276 2453 2334 atque
2489 2255 2978 2316 unum'hominem
3011 2251 3064 2303 in
3100 2260 3264 2302 unam
3298 2241 3536 2310 speciem
3576 2251 3714 2288 con-

2123 2361 2372 2415 stitutum
2405 2373 2416 2409 :
2451 2363 2505 2408 ct
2539 2353 2611 2405 ita
2639 2346 2924 2404 conveniet
2965 2344 3325 2396 consonanter
3371 2332 3561 2383 vinum
3612 2342 3710 2379 no-

2122 2470 2248 2507 vum
2283 2466 2404 2506 esse
2451 2447 2682 2500 missum
2714 2443 2766 2496 in
2802 2452 2952 2494 utres
2989 2448 3180 2496 novos,
3225 2438 3280 2483 et
3324 2432 3714 2481 assumenth

2124 2545 2288 2616 panni
2336 2542 2488 2596 rudis
2536 2544 2782 2593 assntum
2820 2545 2928 2585 non
2969 2541 3089 2580 esse
3134 2519 3300 2575 veteri
3354 2515 3716 2570 vestimento.

2128 2633 2234 2689 Sed
2261 2649 2328 2687 ex
2365 2631 2470 2685 hoc
2502 2624 2789 2682 ostendere
2818 2630 3111 2689 possumus
3141 2605 3563 2665 consonantiam
3595 2615 3719 2654 esse

2127 2729 2389 2781 virtutum
2423 2723 2478 2776 in
2511 2729 2760 2787 utraque,
2796 2712 2847 2766 id
2876 2718 2980 2770 est,
3035 2701 3282 2772 corporis
3309 2711 3479 2765 atque
3515 2694 3720 2746 anima:

2130 2817 2452 2882 substantia,
2487 2813 2539 2867 in
2564 2824 2668 2880 qua
2687 2807 2763 2860 ait
2791 2802 3196 2870 Seripturarum
3228 2794 3422 2846 doctor
3438 2787 3724 2840 maximus

2130 2909 2352 2969 Paulus,
2387 2906 2555 2959 Deum
2614 2901 2668 2954 in
2718 2907 2947 2964 corpore
2975 2890 3044 2954 “,
3093 2890 3234 2942 sicut
3276 2882 3474 2946 voluit,
3517 2892 3724 2930 unum—

2131 3000 2388 3072 quodque
2424 2992 2729 3048 membrum
2763 2982 3035 3055 posuisse.

2203 3055 2344 3140 xrx.
2387 3080 2544 3149 Quod
2581 3079 2626 3133 si
2665 3075 2760 3130 tibi
2799 3073 2850 3126 id
2882 3067 3096 3124 diﬁicile
3145 3061 3363 3116 videtur
3411 3055 3721 3115 intellectu,

2133 3195 2234 3234 nec
2260 3173 2563 3246 acquiescis
2599 3169 2685 3223 his
2718 3164 2899 3228 dictis,
2935 3160 3125 3215 saltem
3160 3150 3428 3220 exemplis
3454 3147 3558 3201 tibi
3579 3143 3724 3198 ὡς

2137 3272 2318 3327 mabo.
2371 3267 2583 3320 intuere
2632 3259 2908 3315 hominem
2953 3250 3210 3320 templum
3252 3258 3378 3299 esse
3412 3238 3728 3310 quoddam,

2136 3365 2278 3419 sicut
2307 3360 2569 3428 scriptum
2593 3363 2676 3408 est
2697 3352 2776 3417 ¹⁵;
2804 3347 3030 3418 spiritus
3055 3350 3235 3396 autem
3259 3335 3352 3406 qui
3381 3336 3439 3388 in
3472 3333 3598 3402 ipso
3619 3339 3725 3390 est.

2138 3455 2336 3508 referat
2367 3465 2485 3520 ejus
2515 3447 2770 3508 formam,
2801 3443 2892 3511 qui
2926 3436 3190 3492 inhabitat
3213 3428 3519 3497 templum;
3553 3439 3729 3491 neque

2137 3561 2265 3617 ergo
2289 3515 2545 3611 templum
2569 3535 2827 3593 constitui
2856 3537 3052 3601 potest,
3089 3540 3196 3578 non
3222 3520 3410 3590 agnito
3445 3517 3606 3586 prius
3634 3515 3731 3566 ha-

2049 3660 2056 3664 “
2140 3605 2373 3693 ιιὶἷαιοιό
2425 3632 2636 3701 templi,
2684 3640 2864 3696 neque
2913 3619 3244 3675 inhabitator
3291 3610 3628 3671 coliocatur,
3685 3605 3728 3659 si

2146 3729 2405 3798 templum
2436 3741 2542 3780 non
2583 3724 2653 3777 sit
2683 3726 3039 3775 exstructum.
3088 3710 3224 3763 Cum
3257 3719 3392 3774 ergo
3432 3714 3732 3768 utrumque

2142 3839 2250 3877 una
2283 3837 2346 3876 ac
2379 3821 2582 3891 pariter
2621 3814 2937 3873 dedicetur;
2987 3801 3263 3874 quomodo
3307 3798 3363 3851 in
3420 3796 3513 3850 his
3551 3793 3732 3847 inimi-

2142 3930 2267 3971 cum
2305 3911 2508 3983 aliquid
2543 3915 2639 3963 aut
2675 3901 3013 3961 contrarium
3047 3891 3275 3950 inveniri
3304 3897 3513 3960 potest,
3548 3893 3729 3940 etnon

2143 4007 2324 4078 potius
2353 4005 2422 4058 ab
2459 4001 2652 4056 amicis
2698 4007 2862 4065 atque
2904 3993 3046 4046 idem
3092 3983 3404 4040 volentibus
3437 3989 3733 4045 utrumque

2144 4097 2357 4152 videtur
2386 4088 2673 4147 eﬂ‘ectum?
2704 4086 2769 4139 Et
2800 4094 2858 4137 ut
2905 4081 3069 4142 scias,
3107 4073 3366 4146 quoniam
3400 4078 3460 4123 et
3495 4067 3731 4122 amicitia

2145 4200 2199 4246 et
2232 4203 2428 4260 genere
2471 4182 2749 4252 conjuncti
2782 4185 2929 4239 sunt,
2959 4173 3054 4243 qui
3089 4171 3193 4226 scit
3233 4177 3287 4222 et
3333 4163 3498 4219 audit
3523 4182 3540 4217 :
3581 4182 3602 4213 ι
3637 4158 3732 4213 Fa-

2148 4282 2358 4338 ciamus
2382 4277 2680 4336 hominem,
2713 4290 2731 4322 ι
2762 4278 2816 4323 et
2844 4268 3076 4335 reliqua,
3111 4258 3414 4330 respondit.
3459 4254 3564 4309 Hic
3591 4254 3733 4308 enim

2149 4374 2241 4443 qui
2270 4370 2528 4438 templum
2563 4362 2795 4419 exstruit
2821 4358 2958 4428 (89),
2995 4356 3295 4421 interrogat
3325 4350 3488 4402 illum
3522 4347 3622 4417 qui
3653 4347 3732 4399 iu-

2152 4465 2353 4519 format
2396 4459 2777 4520 simulacrum,
2831 4460 3226 4515 mensurasque
3254 4443 3421 4497 etiam
3463 4441 3738 4510 magnitu-

2153 4554 2297 4610 dinis
2332 4568 2395 4607 ac
2442 4547 2746 4604 latitudinis
2784 4541 3164 4608 vastitatisque
3210 4533 3504 4606 perquirit,
3558 4541 3622 4584 ut
3667 4532 3737 4582 ita

2150 4647 2628 4701 fundamentorum
2677 4637 2850 4706 spatia
2905 4631 3207 4694 describat;
3266 4642 3447 4696 neque
3490 4625 3642 4679 enim
3687 4623 3737 4674 in

2150 4754 2352 4792 vanum
2384 4734 2508 4805 quis
2537 4732 2796 4801 templum
2827 4727 3080 4789 exstruit,
3113 4721 3219 4775 nisi
3246 4731 3537 4773 mensuras
3571 4715 3739 4770 collo-

2151 4831 2309 4887 candi
2352 4827 2605 4883 didicerit
2629 4821 2925 4880 simulacri.
2961 4816 3222 4872 Similiter
3253 4813 3418 4883 igitur
3463 4809 3741 4880 perquiri-

2153 4933 2240 4977 tur
2282 4921 2476 4975 tnodus
2515 4915 2761 4986 corporis
2794 4922 2957 4982 atque
2990 4923 3266 4973 mensura,
3310 4914 3373 4959 ut
3402 4907 3584 4974 possit
3621 4911 3740 4970 apte

2158 5014 2213 5067 in
2239 5028 2302 5066 eo
2327 5011 2507 5064 anima
2538 5003 2795 5062 collocari
2818 5007 2884 5056 ab
2913 5001 3120 5055 artiﬁce
3146 4997 3392 5052 omnium
3419 4993 3555 5046 Deo.
3581 4991 3740 5057 Quod

2160 5108 2203 5160 si
2234 5106 2381 5160 dicat
2417 5102 2541 5172 quis
2587 5100 2870 5154 inimicum
2922 5111 3043 5150 esse
3073 5109 3220 5154 eum,
3255 5090 3348 5160 qui
3381 5085 3742 5157 plasinaverit

2159 5212 2390 5266 corpus;
2442 5192 2584 5246 Deus
2628 5189 2738 5257 (90)
2788 5187 2882 5256 qui
2930 5194 3143 5239 creatur
3200 5190 3283 5235 est
3323 5179 3524 5231 anima:
3581 5189 3739 5235 meae,

2159 5287 2437 5358 quomodo
2471 5300 2602 5348 non,
2630 5283 2758 5335 dum
2789 5279 2943 5331 alteri
2978 5275 3202 5338 invidet,
3233 5270 3458 5325 alterius
3488 5267 3643 5335 operi
3669 5268 3716 5316 ir

2162 5380 2372 5450 rogavit
2407 5375 2806 5435 infamiam,.ut
2831 5367 3145 5435 ant.illequi
3185 5362 3446 5432 templum
3482 5355 3736 5417 exstruit,

2162 5478 2452 5542 angustum
2482 5468 2668 5530 faciat,
2699 5467 2771 5518 ita
2809 5472 2866 5516 ut
2892 5476 3086 5531 capere
3113 5474 3219 5512 non
3251 5455 3428 5527 possit
3461 5446 3722 5525 quodut!

2199 5618 2243 5647 ³⁵
2272 5618 2291 5668 l
2320 5614 2443 5668 Cur.
2486 5629 2567 5678 ιιι,
2599 5611 2694 5674 l7;
2737 5609 2774 5662 ll
2804 5607 2930 5662 Cor.
2965 5623 3038 5673 vi,
3073 5603 3161 5659 16.

545 5816 656 5884 (89)
700 5814 879 5878 Forte,
917 5833 936 5864 ‹
968 5813 1047 5884 sic
1066 5813 1212 5866 enim
1241 5812 1332 5881 qui
1363 5809 1620 5884 templum
1647 5809 1898 5865 exstruit.
1935 5827 1954 5862 ι
1985 5806 2040 5862 In
2083 5806 2267 5862 codice
2299 5803 2441 5859 enim
2469 5810 2607 5863 erat,
2655 5817 2672 5850 α
2699 5796 2956 5852 exstruis.
2990 5812 3012 5846 ι

553 5879 665 5960 ΨΟ)
707 5887 763 5940 ιιι
788 5885 975 5942 codice
1007 5879 1312 5950 Casinensi,
1353 5900 1371 5934 ι
1410 5879 1598 5935 Deum.
1641 5901 1659 5932 ι
