3922 6506
214 351 344 408 M61
1329 347 1473 405 CUM
1517 345 1763 401 MANET‘

1915 344 2378 401 ERESIARCHA.
3324 339 3464 394 “62

209 469 458 526 locatur?
479 479 572 522 aut
594 467 682 522 ille
705 465 797 538 qui
829 467 1179 524 simulacrum
1206 468 1352 532 fecit,
1381 467 1657 538 quomodo
1680 481 1784 519 non
1819 473 1858 526 Α
1891 480 2053 534 quam
2075 465 2272 519 audeat
2292 463 2491 526 dicere,
2517 460 2667 531 quod
2685 461 2861 530 ipsum
2893 474 2994 515 nos
3021 458 3254 515 docebat
3273 472 3462 528 orare,

210 576 374 634 grave
419 560 622 629 aliquid
668 560 888 628 pertulit
932 568 986 616 et
1032 561 1424 631 ponderosum,
1470 577 1579 630 quo
1613 561 1785 614 intro-
1892 573 2068 627 neque
2095 558 2240 612 enim
2269 555 2626 611 descenderat
2652 551 2834 619 Jesus,
2867 561 2927 608 ut
2954 552 3204 606 homines
3236 552 3464 621 conjun—

210 656 402 721 misso,
455 654 715 724 templum
767 651 1029 709 continuo
1082 655 1425 710 concideret?
1474 655 1786 710 Secundum
1888 661 2056 721 geret,
2103 659 2157 704 et
2205 648 2585 704 reconciliaret
2629 644 2864 709 Satanae,
2896 644 3028 714 quin
3063 645 3244 713 petius
3277 651 3462 698 conte-

210 745 335 808 boc,
389 744 537 815 quod
582 744 837 797 novimus
876 758 998 799 esse
1036 743 1382 797 inimicorum
1419 741 1621 808 studia,
1655 758 1788 796 con-
1888 741 2115 795 rendum
2147 755 2271 795 eum
2309 739 2411 794 sub
2439 737 2665 807 pedibus
2695 735 2933 789 ﬁdelium
2963 749 3186 790 suorum
3223 734 3462 787 tradidit.

210 836 534 905 templemur
566 835 699 900 haec,
736 834 780 889 si
823 850 929 888 non
977 833 1050 887 ita
1099 850 1158 888 se
1204 834 1442 898 habent;
1477 833 1558 888 sin
1604 841 1783 886 autem
1891 833 1996 889 Sed
2049 850 2150 905 ego
2196 833 2465 887 beatiores
2513 831 2651 884 istos
2682 828 2860 882 dicam
2908 844 3030 882 esse
3071 827 3319 897 gentiles,
3368 825 3464 896 qui

206 936 424 997 oportet
475 926 660 981 omnia
713 926 904 981 iisdem
957 925 1251 992 mensuris,
1293 925 1482 980 eadem
1531 927 1784 993 aequitate
1888 928 2090 982 multos
2137 929 2356 997 quidem
2391 926 2743 981 introducunt
2775 926 2927 988 deos,
2964 921 3251 976 unanimes
3279 928 3463 973 tamen

205 1021 446 1089 disponi,
483 1020 757 1088 similique
787 1019 956 1090 gloria
981 1018 1159 1074 eﬁerri
1183 1036 1196 1083 ;
1224 1019 1354 1088 quid
1387 1019 1561 1072 adlmc
1589 1019 1655 1071 de
1683 1018 1786 1072 hoc
1888 1029 2053 1088 atque
2089 1020 2297 1074 amicos
2327 1035 2423 1073 eos
2450 1019 2805 1082 confitentur;
2852 1017 2940 1070 hic
2967 1030 3096 1069 vero
3125 1014 3262 1068 duos
3290 1011 3464 1065 intro-

207 1112 559 1166 dubitamus?
581 1111 845 1165 Addimus
877 1119 1110 1178 tantum,
1150 1112 1194 1166 si
1232 1111 1424 1181 placet,
1461 1111 1624 1164 etiam
1652 1111 1785 1164 illud
1885 1111 2111 1172 ducens,
2144 1111 2458 1165 inimicitias
2501 1111 2638 1164 inter
2671 1125 2766 1163 eos
2803 1108 3213 1176 discordemque
3243 1114 3462 1158 senten-

203 1205 512 1273 cxemplum
551 1222 563 1257 :
600 1203 797 1258 similis
846 1204 1061 1257 videtur
1111 1220 1234 1258 esse
1279 1204 1443 1256 homo
1486 1204 1631 1266 navi,
1665 1220 1786 1272 quae
1886 1203 2014 1255 tiam
2044 1218 2149 1255 non
2182 1201 2454 1256 erubescit
2483 1210 2750 1254 astruere.
2779 1198 2931 1266 Quod
2959 1199 3003 1252 si
3031 1195 3318 1251 simulatos
3349 1191 3460 1264 (94)

205 1295 474 1348 instructa
520 1293 587 1346 ab
632 1292 860 1358 artifice,
910 1303 1072 1363 atque
1129 1295 1182 1346 in
1235 1308 1384 1348 mare
1415 1293 1646 1348 deducta
1677 1303 1781 1357 est,
1885 1293 1988 1349 sub
2014 1292 2390 1362 hujuscemodi
2413 1295 2724 1348 conditione
2751 1287 3284 1356 introducerent(95)
3308 1286 3458 1346 deos,

202 1401 480 1458 quamque
503 1385 757 1455 navigare
777 1386 1112 1454 impossibile
1133 1395 1216 1440 est
1235 1387 1353 1441 sine
1375 1387 1780 1456 gubernaculis,
1884 1389 2070 1443 ludum
2092 1388 2204 1457 jam
2233 1388 2618 1456 gladiatorium
2647 1388 2788 1440 inter
2815 1399 2909 1438 eos
2931 1392 3046 1437 erat
3071 1381 3274 1444 videre,
3308 1378 3461 1431 innu-

202 1481 406 1549 quibus
442 1479 553 1550 regi
590 1487 644 1532 et
671 1478 814 1533 ﬂecti
861 1479 1034 1548 possit
1080 1480 1132 1533 in
1162 1495 1500 1549 quaecunque
1540 1481 1654 1534 loca
1690 1496 1784 1534 νο·
1884 1496 2064 1536 meras
2095 1479 2357 1534 habentes
2384 1488 2608 1532 naturas
2634 1476 2987 1543 diversasque
3015 1471 3331 1528 sententias.

202 1573 369 1627 luerit
411 1573 742 1643 gubernator
783 1571 922 1641 ejus.
961 1571 1028 1625 Et
1069 1573 1198 1642 quia
1240 1573 1431 1627 eodem
1465 1573 1671 1627 artifice
1702 1575 1783 1627 iu-
1957 1573 2100 1626 XXI.
2141 1571 2262 1626 Jam
2311 1586 2440 1624 vero
2475 1570 2541 1623 de
2577 1568 2834 1622 interiore
2877 1574 3038 1636 atque
3065 1561 3333 1618 exteriore
3363 1559 3460 1614 ho-

201 1664 609 1732 ιιίεθειιοοτρυε
658 1662 1173 1732 ἓυδοτηίὶοιιίοιύιη,
1205 1678 1314 1732 quo
1338 1673 1390 1716 et
1413 1663 1578 1718 totius
1603 1665 1777 1729 navis,
1885 1667 2031 1720 mine
2079 1664 2209 1734 quid
2258 1678 2344 1717 me
2375 1668 2714 1716 necesseest
2748 1660 2947 1723 dicere,
2995 1672 3117 1711 cum
3162 1654 3458 1708 Salvatoris

203 1754 342 1807 nulli
375 1753 603 1807 dubium
639 1762 759 1819 est;
803 1755 918 1808 sine
947 1755 1328 1824 gubernaculis
1360 1755 1502 1809 enim
1539 1757 1776 1811 otiosmn
1885 1773 2018 1811 voce
2051 1757 2265 1811 dicatur
2303 1756 2369 1809 ad
2409 1769 2502 1808 cos
2543 1753 2635 1822 qui
2687 1751 2952 1806 camelnm
2995 1749 3229 1818 glutiunt
3277 1757 3330 1800 et
3364 1745 3459 1799 de-

201 1846 311 1899 erit
352 1860 513 1899 omne
555 1847 709 1900 navis
736 1862 894 1915 opus,
929 1861 1130 1913 corpus
1159 1846 1285 1899 illud
1323 1846 1670 1902 immensum.
1703 1845 1776 1900 Ita
1813 1844 1851 1896 Β
1883 1850 2014 1902 foris
2056 1849 2351 1920 hypocritae
2376 1855 2525 1906 sunt,
2556 1843 2937 1898 blandimentis
2967 1853 3129 1911 atque
3149 1839 3459 1894 adulatione

199 1952 337 2006 ergo
374 1937 611 1991 animam
666 1938 912 2006 corporis
962 1937 1326 2004 gubernacula
1375 1937 1640 2004 dicimus;
1694 1955 1779 1993 re-
1884 1942 2230 2007 circumdati,
2264 1941 2330 1994 ad
2367 1956 2503 2010 quos
2535 1938 2696 1994 Jcsus
2729 1940 2804 1993 ait
2837 1957 2849 1992 :
2890 1955 2906 1986 ‹
2945 1935 3031 1990 Va:
3059 1933 3214 1987 vobis
3256 1930 3462 1986 Scriba?

202 2040 407 2098 guntur
446 2039 626 2083 autem
674 2039 903 2098 utraque
949 2029 1158 2082 arbitrii
1204 2039 1366 2100 atque
1396 2030 1593 2083 anima!
1622 2030 1784 2084 liber-
1881 2044 1934 2087 et
1964 2031 2223 2087 Pharisaei
2253 2032 2585 2103 hypocritae;
2619 2047 2811 2101 quare,
2837 2029 2982 2099 quod
3021 2026 3224 2080 deforis
3255 2032 3339 2077 est
3370 2039 3462 2076 ca-

202 2132 332 2184 tate,
363 2137 470 2190 quo
501 2121 647 2175 velut
693 2121 1055 2190 gubernatore
1101 2121 1342 2188 utimur;
1376 2137 1498 2192 quae
1521 2137 1643 2176 cum
1685 2138 1780 2191 per
1884 2125 2004 2187 tini,
2037 2133 2092 2177 et
2129 2124 2316 2178 calicis
2362 2124 2596 2188 lavatis;
2633 2123 2780 2192 quod
2823 2132 3001 2174 autem
3039 2121 3187 2173 intus
3219 2125 3323 2180 est,
3351 2115 3456 2167 im-

170 2213 646 2280 ‘conjunctionem
703 2212 814 2282 (9|)
875 2228 1047 2266 unum
1103 2212 1314 2277 effecta,
1367 2215 1778 2267 consonantiam
1882 2215 2148 2270 munditia
2203 2216 2419 2286 plenum
2465 2215 2716 2270 est?Aut
2750 2214 2990 2278 nescitis,
3026 2213 3152 2281 quia
3187 2210 3278 2279 qui
3309 2207 3455 2270 fecit,

199 2302 363 2360 ofﬁcii
413 2303 498 2356 sui
537 2303 818 2356 continent
843 2303 908 2356 ad
938 2317 1100 2356 omne
1133 2317 1290 2371 Opus,
1318 2305 1682 2374 quodcunque
1714 2321 1778 2358 ex
1881 2308 2024 2376 quod
2053 2307 2185 2362 foris
2214 2318 2316 2371 est,
2343 2316 2396 2360 et
2433 2306 2577 2376 quod
2606 2305 2672 2361 de
2700 2307 2846 2360 intus
2874 2315 2976 2371 est,
3013 2302 3237 2358 fecit”?
3264 2320 3280 2351 ι
3312 2300 3456 2354 Nun-

200 2391 514 2460 semetipsis
543 2391 804 2457 efﬁciunt,
838 2392 932 2446 uni
971 2392 1182 2446 auctori
1227 2401 1280 2446 ct
1317 2393 1582 2447 conditori
1629 2404 1779 2449 test.-
1884 2398 2012 2468 quid
2046 2399 2112 2452 de
2146 2399 2348 2464 catino,
2396 2408 2448 2452 et
2489 2398 2555 2451 de
2599 2399 2768 2452 calice
2815 2397 3172 2466 loquebatur"
3203 2391 3458 2464 Nunquid

149 2537 162 2544 ι
201 2482 445 2536 monium
477 2482 680 2537 ferunt.
1813 2469 1820 2478 ’
1881 2490 2160 2544 vitriarius
2191 2500 2310 2544 erat
2341 2493 2434 2560 qui
2465 2492 2576 2545 [nec
2600 2491 2834 2556 dicebat,
2865 2500 2958 2542 aut
2992 2489 3210 2559 figulus,
3239 2503 3306 2541 ex
3344 2487 3460 2541 luto

272 2572 392 2628 XX.
437 2573 532 2628 llis
557 2575 781 2640 auditis,
813 2573 986 2628 turbae
1007 2589 1128 2643 qua:
1160 2575 1406 2642 aderant,
1430 2576 1781 2631 vehementer

1909 2586 2090 2652 ingens
2126 2584 2290 2638 vasa?
2314 2582 2505 2638 Nonne
2534 2585 2599 2638 de
2624 2599 2854 2652 corpore
2897 2592 3060 2652 atque
3111 2582 3294 2634 anima
3345 2580 3458 2635 evid

199 2665 401 2734 gaVism
436 2672 584 2731 sm",
619 2663 692 2718 ila
724 2671 782 2718 ιιι
835 2677 971 2732 pelle
1018 2679 1213 2719 manus
1262 2664 1548 2735 injicere!!!
1590 2667 1642 2719 ill
1667 2666 1780 2721 Ma-
1883 2675 2205 2729 (lentissime
2238 2676 2604 2745 loquebatur?
2633 2676 2902 2742 Quoniam
2944 2674 3163 2744 quidem
3197 2673 3458 2727 Pharisaei

199 2773 350 2820 nem,
392 2774 530 2828 quos
584 2758 671 2811 vix
723 2757 1023 2811 Archelaus
1071 2757 1333 2812 cohibens
1367 2768 1420 2813 et
1452 2759 1775 2829 reprimens,
1880 2767 2024 2820 aneti
2054 2776 2105 2820 et
2140 2767 2328 2821 cimini
2373 2768 2613 2822 decimas
2641 2775 3018 2836 exspectantes
3044 2766 3109 2831 ³ο,
3147 2781 3268 2834 quae
3304 2776 3460 2819 erant

199 2851 593 2919 conquiescere
647 2850 792 2905 fecit.
844 2850 1065 2904 Iudices
1108 2851 1354 2906 dixerunt
1387 2867 1405 2905 :
1439 2850 1779 2908 Sullicienter
1879 2859 2129 2929 graviora
2162 2860 2296 2931 legis
2324 2861 2724 2930 relinquebant,
2763 2870 2815 2914 ct
2852 2859 2936 2913 his
2962 2858 3073 2930 (96)
3107 2874 3228 2928 qua:
3253 2858 3462 2912 extn’n-

197 2941 438 2997 ostendil
483 2943 784 2998 Archelaus
839 2943 1079 2998 hominis
1133 2951 1188 2998 et
1239 2959 1441 3013 corpus
1467 2946 1775 2999 elanimum
1880 2967 2040 3006 secus
2091 2964 2247 3006 erant
2291 2951 2614 3006 adhibentes
2644 2952 3004 3020 diligentiam,
3038 2951 3481 3005 contemnebant.

198 3038 366 3090 unius
399 3051 520 3090 esse
549 3035 792 3099 factoris,
832 3051 897 3090 eo
933 3037 1077 3106 quod
1123 3052 1426 3092 consonare
1458 3041 1510 3089 in
1543 3037 1775 3108 conjun-
1878 3058 1940 3098 ea
1982 3058 2103 3112 qua:
2146 3045 2212 3097 ad
2255 3043 2482 3098 salutem
2529 3043 2726 3097 anima:
2771 3043 3141 3112 pertinebant;
3174 3052 3457 3110 exspecta-

195 3128 380 3181 ctione
418 3143 525 3180 non
567 3128 739 3197 possit
768 3143 906 3197 opus
937 3128 1120 3193 unilIS,
1155 3127 1200 3181 si
1236 3128 1570 3197 pI'ODOSillIm
1607 3130 1776 3183 al'lili-
1811 3198 1843 3205 Α,
1878 3135 2007 3190 bant
2040 3136 2203 3190 etiam
2237 3135 2594 3191 salutationes
2623 3137 2674 3189 in
2712 3135 2828 3190 foro
2849 3137 2914 3199 Μ,
2947 3147 2999 3190 et
3029 3137 3234 3205 primos
3265 3137 3454 3190 discu-

195 3221 279 3272 cis
311 3234 341 3272 a
375 3233 434 3272 se
471 3219 783 3272 dissentiret
826 3219 1071 3274 alterius.
1108 3218 1260 3284 Quod
1291 3221 1334 3273 si
1363 3220 1576 3274 dicatur
1603 3238 1769 3276 unum
1802 3198 1844 3257 Ο
1876 3227 2022 3283 bitus
2077 3228 2153 3281 in”
2179 3229 2374 3294 ccenis,
2425 3243 2564 3298 quos
2617 3228 2796 3282 sciens
2849 3227 3113 3282 Dominus
3155 3228 3265 3298 (97)
3293 3226 3453 3284 Jcsus

193 3311 472 3377 explicare
497 3320 788 3380 utrumque
821 3311 1046 3364 minime
1095 3313 1353 3379 valuisse,
1400 3313 1769 3368 inﬁrmitatem
1873 3317 2112 3387 perditos
2140 3332 2284 3380 esse,
2321 3317 2537 3371 dicebat
2567 3317 2667 3378 eis,
2698 3317 2826 3386 quia
2858 3316 2942 3371 his
2978 3317 3107 3371 solis
3142 3317 3304 3371 rebus
3329 3332 3454 3387 quae

194 3402 710 3466 ostenditartiﬁcis;
739 3403 866 3471 quia
897 3410 952 3456 et
981 3403 1026 3456 si
1051 3403 1196 3458 dicat
1223 3405 1347 3473 quis
1381 3405 1619 3458 animam
1646 3407 1769 3459 boni
1872 3407 2073 3464 deforis
2123 3419 2302 3474 erant,
2355 3409 2675 3463 adhiberent
2721 3409 3074 3479 diligentiam,
3124 3420 3176 3464 et
3219 3425 3283 3465 ca
3330 3425 3454 3479 qua:

193 3495 290 3547 Dei
317 3510 458 3559 esse,
485 3496 720 3548 otiosum
748 3511 886 3564 opus
918 3494 1190 3550 invenitur
1216 3497 1452 3552 hominis
1475 3497 1580 3552 nisi
1609 3499 1770 3552 etiam
1873 3501 2206 3557 intrinsecus
2237 3511 2394 3554 erant
2431 3509 2847 3554 contemnerent
2880 3500 3026 3554 velut
3060 3500 3258 3558 aliena.
3298 3500 3454 3571 igno-

192 3600 398 3654 corpus
430 3588 718 3655 acceperit.
759 3586 914 3653 Quod
944 3587 989 3641 si
1024 3603 1243 3641 rursum
1276 3603 1476 3657 corpus
1520 3590 1648 3642 mali
1677 3588 1771 3643 Dei
1873 3605 2055 3650 rantes
2103 3596 2364 3665 quoniam
2417 3596 2510 3665 qui
2551 3610 2752 3664 corpus
2794 3595 3016 3660 fecerat,
3053 3594 3169 3663 ipse
3218 3592 3350 3648 fecit
3400 3604 3456 3649 et

191 3678 412 3733 dicatur
445 3694 566 3733 esse
607 3679 947 3748 ﬁgmentum,
985 3681 1221 3735 otiosum
1255 3681 1608 3736 nihilominus
1644 3683 1768 3746 erit,
1873 3687 2132 3741 animam.
2167 3687 2232 3741 Et
2265 3687 2389 3757 quis
2420 3688 2491 3741 ita
2523 3687 2767 3756 lapideus
2799 3695 2881 3740 est
2905 3695 2957 3740 et
2981 3686 3230 3751 stolidus,
3263 3693 3454 3740 utnon

195 3771 245 3824 si
291 3770 532 3824 animam
579 3787 688 3824 non
741 3772 1011 3840 acceperit
1048 3791 1060 3826 :
1093 3788 1213 3842 quae
1246 3774 1433 3842 utique
1474 3775 1578 3827 nisi
1625 3790 1741 3828 com

1909 3781 1941 3835 d
1973 3780 2157 3835 omnia
2193 3781 2242 3834 ei
2273 3781 2376 3834 iste
2409 3795 2592 3834 sermo
2626 3778 2892 3833 sufficiat?
2925 3779 3025 3834 Cui
3057 3779 3297 3834 sermoni
3323 3794 3453 3833 con-

192 3864 453 3918 mistione
484 3875 644 3932 atque
676 3863 778 3916 sibi
813 3863 1042 3918 invicem
1081 3863 1246 3918 fuerit
1273 3865 1473 3920 inserta
1504 3881 1626 3920 cum
1651 3882 1772 3920 cor-
1875 3887 2078 3927 sonans
2108 3872 2311 3928 Paulus
2343 3872 2438 3939 ait,
2473 3873 2839 3941 interpretans
2865 3887 2929 3924 ea
2955 3887 3077 3941 quae
3101 3871 3154 3924 in
3181 3873 3294 3942 lege
3318 3871 3454 3925 serio

190 3971 348 4026 pore,
375 3956 538 4009 homo
559 3971 657 4009 nec
679 3956 800 4019 erit,
836 3971 933 4009 nec
953 3955 1183 4011 dicetur.
1216 3955 1364 4010 Unde
1395 3957 1580 4012 multis
1598 3974 1773 4012 exemo
1873 3973 1963 4033 pta
1998 3973 2148 4030 sunt,
2190 3965 2295 4018 hoc
2322 3965 2485 4018 modo
2516 3983 2527 4017 :
2561 3981 2579 4013 ι
2617 3961 2734 4017 Νοιι
2765 3963 3066 4019 infrenabis
3101 3980 3162 4018 os
3195 3964 3319 4018 bovi
3350 3965 3452 4016 tri-

192 4048 300 4118 plis
341 4048 661 4116 approbavit
706 4047 1027 4114 Archelaus,
1083 4049 1252 4103 totius
1309 4049 1546 4105 hominis
1603 4067 1770 4104 unum
1874 4057 2097 4112 luranti.
2139 4055 2394 4125 Nunquid
2423 4057 2490 4111 de
2519 4057 2696 4111 bobus
2733 4072 2866 4110 cura
2894 4065 2980 4111 est
3005 4055 3154 4112 Deo?
3183 4058 3292 4111 Aut
3325 4073 3452 4126 pro-

189 4147 358 4206 atque
411 4138 660 4191 eumdem
720 4154 842 4194 esse
897 4140 1178 4195 factorem.
1239 4139 1524 4195 Archelaus
1587 4143 1770 4196 dixit:
1871 4159 1988 4219 pter
2014 4164 2115 4204 nos
2139 4149 2459 4220 (98)utique
2490 4147 2769 4204 dicit"?i
2804 4147 2908 4204 Sed
2939 4149 3070 4219 quid
3095 4150 3452 4204 immoramnr

191 4230 352 4285 Scire
383 4238 434 4284 te
467 4246 574 4284 non
610 4232 821 4296 dubito,
855 4231 1063 4296 Manes,
1110 4232 1234 4299 hoc,
1285 4233 1428 4302 quod
1462 4235 1770 4305 generantis
1872 4240 2412 4310 ulterius?adjiciam
2450 4251 2629 4295 tamen
2666 4256 2838 4310 pauca
2863 4240 2929 4294 de
2953 4240 3221 4310 pluribus.
3255 4238 3310 4294 Si
3345 4237 3455 4296 duo

187 4325 546 4378 autcreantis
574 4324 717 4378 ﬁlius
753 4324 950 4378 dicitur
971 4325 1081 4387 ille,
1113 4327 1206 4394 qui
1237 4335 1397 4380 natus
1427 4335 1509 4381 cst
1532 4336 1586 4380 et
1615 4342 1736 4381 crca

1904 4343 2000 4388 unt
2022 4333 2264 4403 ingenita
2289 4343 2342 4388 et
2366 4333 2450 4388 his
2480 4335 2598 4389 loca
2623 4347 2767 4389 certa
2800 4335 3165 4400 decernimus,
3189 4334 3453 4389 dividitur

189 4424 282 4468 tus
313 4413 446 4484 (9'2).
504 4413 658 4480 Quod
709 4416 754 4470 si
801 4416 1066 4486 malignus
1097 4417 1371 4471 hominem
1405 4417 1579 4482 ﬁnxit,
1617 4429 1771 4488 pater
1869 4425 2034 4490 Deus,
2069 4426 2116 4480 si
2148 4425 2290 4480 intra
2318 4435 2528 4480 certum
2561 4427 2744 4481 locmn
2778 4437 2862 4482 est
2891 4437 2948 4482 et
2976 4443 3082 4481 non
3115 4427 3316 4497 ubique
3345 4426 3454 4482 dif-

186 4507 312 4575 ejus
339 4522 459 4560 esse
485 4508 643 4561 debet
670 4509 969 4568 secundum
1005 4517 1277 4563 naturam.
1314 4509 1380 4563 Et
1409 4511 1496 4564 cui
1531 4526 1658 4582 ergo
1685 4512 1768 4566 di-
1800 4561 1842 4615 ο
1873 4516 2137 4583 funditur,
2179 4528 2233 4572 ct
2260 4519 2362 4572 erit
2392 4519 2564 4573 multo
2587 4520 2813 4574 inferior
2839 4520 2961 4574 loco
2983 4521 3036 4573 in
3061 4534 3171 4589 quo
3205 4529 3289 4576 est
3312 4520 3452 4589 (ma-

184 4599 348 4654 cebat
383 4598 644 4654 DominUs
672 4599 854 4667 Jesus,
881 4602 1082 4656 docens
1111 4617 1268 4656 orare
1297 4602 1548 4658 homines
1576 4623 1589 4659 :
1626 4623 1644 4656 ι
1675 4606 1766 4661 Sic
1802 4598 1840 4615 υ
1864 4609 1957 4680 jus
1983 4610 2094 4680 (99)
2137 4612 2283 4664 enim
2313 4611 2457 4680 quod
2488 4611 2736 4666 continet
2768 4627 2983 4680 semper
3019 4626 3084 4666 eo
3121 4627 3283 4680 quem
3319 4626 3450 4666 con-

183 4693 354 4746 dicite
376 4708 498 4745 cum
525 4693 694 4747 oratis
729 4713 740 4747 :
772 4695 927 4748 Pater
959 4702 1166 4759 noster,
1195 4695 1285 4763 qui
1313 4710 1372 4749 es
1405 4695 1456 4748 in
1489 4697 1760 4751 cmlis".i
1871 4703 2134 4770 tinet),let
2157 4703 2389 4757 etIicitur
2411 4702 2558 4758 Deus
2581 4703 2700 4772 ejus
2732 4703 3146 4773 magnitudinis,
3174 4704 3334 4774 cujus
3365 4715 3451 4760 est

184 4779 253 4833 Et
281 4782 478 4835 iterum
507 4800 519 4835 :
554 4801 570 4832 ι
598 4781 759 4834 Orate
787 4781 998 4836 Patrem
1029 4793 1267 4837 vestrum
1298 4784 1434 4854 (95),
1475 4786 1566 4853 qui
1600 4797 1682 4840 est
1709 4788 1764 4842 in
1866 4792 2021 4847 locus
2051 4793 2103 4845 in
2128 4808 2236 4861 quo
2261 4793 2593 4858 continetur,
2621 4794 2762 4848 sicut
2793 4793 2976 4859 homo,
3003 4792 3048 4848 si
3071 4794 3142 4848 sit
3173 4793 3227 4847 in
3260 4794 3444 4850 domo.

182 4873 404 4926 occulto
425 4874 490 4927 ’⁷.
525 4893 542 4924 ›
579 4873 653 4928 De
683 4873 881 4928 Satana
909 4883 1087 4929 autem
1125 4876 1261 4930 dixit
1285 4877 1486 4931 vidisse
1517 4893 1574 4932 se
1600 4895 1722 4933 eum
1751 4899 1764 4933 :
1871 4882 2074 4938 Deinde
2105 4885 2244 4938 ratio
2280 4885 2530 4954 requirit,
2556 4886 2684 4955 quis
2712 4896 2815 4953 est,
2841 4889 2935 4958 qui
2963 4888 3102 4942 inter
3128 4904 3225 4944 eos
3247 4889 3450 4946 divise-

187 4985 208 5018 ‹
243 4963 399 5019 Sicut
437 4965 616 5037 fulgur
656 4969 938 5023 cadentem
969 4968 1035 5022 de
1079 4969 1306 5034 cmlo",
1348 4989 1364 5021 ι
1405 4971 1482 5024 uti
1517 4987 1584 5025 ne
1610 4971 1764 5041 quis—
1871 4976 1960 5042 rit,
2002 4985 2099 5030 aut
2120 4977 2244 5046 quis
2270 4978 2350 5032 eis
2378 4989 2559 5033 certos
2597 4981 2864 5034 terminos
2909 4983 3188 5048 statuerit;
3219 4991 3273 5038 et
3300 4983 3453 5039 inve-

285 5083 332 5158 ?“
373 5082 677 5170 Matllt.va,
722 5087 971 5170 93.1410.
1005 5105 1080 5151 XI,
1109 5089 1191 5170 2:“
1261 5091 1344 5170 __"
1387 5090 1573 5170 Matth.
1600 5109 1673 5155 vi,
1711 5093 1771 5170 (ἰἶ
1851 5097 1933 5170 ῌ²⁸
1958 5095 2090 5150 Luc.
2155 5096 2683 5170 x7.718.gi_“gMatth.
2737 5117 2892 5166 xxrn,
2941 5101 3050 5170 26-,
3103 5100 3447 5167 Luc.x—t,39.

182 5155 228 5186 ³⁸
264 5152 397 5209 Luc.
432 5171 508 5221 xi,
545 5157 635 5211 48.
737 5159 776 5188 ³¹
807 5157 935 5212 Luc.
982 5175 1074 5225 xx,
1125 5161 1228 5224 Mi;
1259 5159 1448 5216 Matth.
1560 5152 1714 5231 χχιιι,
1746 5169 1811 5231 6;
1848 5165 2010 5222 Marc.
2045 5183 2144 5236 xu,
2167 5152 2255 5223 58.
2333 5168 2420 5222 "l
2456 5152 2690 5234 Cor.rix,
2725 5171 2777 5225 9.

258 5297 370 5368 (91)
412 5296 468 5351 In
497 5301 682 5354 codice
710 5300 996 5357 Casincnsi
1035 5311 1136 5367 est,
1175 5323 1193 5354 ι
1227 5320 1348 5374 quae
1376 5321 1498 5362 cum
1528 5309 1759 5380 conjun—
1867 5313 2124 5382 gendum,
2160 5331 2178 5362 ι
2213 5312 2640 5370 introducerent.
2679 5335 2699 5368 ι

179 5371 444 5452 Ctign‘em'.
481 5390 498 5422 ι
1248 5371 1260 5374 ἡ
1632 5371 1650 5380 ’

1632 5371 1650 5380 ’
1869 5371 1898 5382 ν
1941 5383 2052 5452 (96)
2092 5371 2149 5452 In
2179 5383 2370 5437 eodem
2405 5387 2612 5449 codice,
2646 5405 2665 5437 ι
2695 5405 2759 5440 ex
2791 5387 2898 5442 his.
2941 5407 2958 5438 ι

415 5438 468 5528 ip
494 5442 681 5528 eodem
708 5443 892 5528 codice
920 5444 1132 5528 legitur,
1159 5467 1177 5499 ι
1202 5459 1360 5528 natus
1383 5461 1465 5505 est
1486 5460 1755 5528 creatus.»
1867 5523 1882 5528 _
1942 5437 2056 5528 (97)
2098 5451 2197 5528 llic
2247 5454 2381 5528 mire
2414 5437 3068 5525 depravatus—est—codex
3109 5459 3448 5528 Casineusis,

255 5508 384 5600 (95)-
412 5508 603 5600 lilelius
661 5515 715 5568 in
769 5508 1016 5584 Vulgata,
1075 5535 1092 5568 ι
1122 5508 1227 5573 ὀνε
1263 5519 1474 5575 Patrem
1518 5532 1668 5577 tuum
1705 5525 1764 5578 in
1867 5508 2198 5600 legitenim,
2237 5543 2255 5574 ι
2294 5508 2854 5600 primosdiscipulos
2894 5508 3448 5600 sibiius???

181 5578 618 5663 abscondita)”
718 5654 750 5663 Π
824 5578 899 5663 ’⁷
982 5578 1010 5663 ,⁷
1241 5660 1251 5663 _
1314 5661 1321 5663 _
1433 5662 1436 5663 ν
1869 5578 3052 5663 qriodscientes'Dominus._i1Nwos'cu‘mﬁex
3098 5578 3460 5661 εειενονῖἔῖίιί

258 5650 372 5728 (9i)
411 5651 469 5728 lu
503 5655 688 5728 codice
713 5654 1017 5728 Casinensi,
1056 5676 1074 5708 ι
1109 5660 1252 5728 quod
1279 5661 1584 5717 simulatos.
1628 5683 1646 5714 ›
1867 5650 2235 5719 ιῗοειίιιιίιιιυε.

258 5717 806 5812 Δ(Σιιξὶιιιςῖιιςιι
859 5717 1044 5812 codice
1096 5717 1198 5812 e's‘t,
1253 5749 1271 5782 ι
1317 5733 1700 5812 introduceret.
1735 5755 1756 5784 ι
1905 5717 2298 5812 ’(ρξιίξιέιιυε-
2317 5737 2565 5810 Vulgata,
2599 5759 2617 5792 ι
2650 5757 2718 5794 an
2752 5755 2968 5812 prOpter
3001 5761 3119 5800 nos.
3159 5765 3176 5798 ι

185 5784 293 5842 Sed
330 5784 416 5845 hic
457 5791 525 5848 de
557 5796 844 5864 gentilibus
894 5798 1039 5868 loqui
1078 5784 1254 5870 palam
1291 5784 1384 5858 est
1409 5784 1759 5875 :‘Ejuire'ic.
2092 5784 3232 5879 iii'iLSQiu't-Iii’ffiinlinisi":
