3922 6486
473 335 612 394 N65

1507 337 1687 392 ACTA
1728 335 2264 393 DISPUTATIONIS
2300 340 2357 395 S.
2399 339 2745 395 ARCIIELAI
2777 355 2779 358 '

3586 343 3721 396 εισι

395 455 404 462 ”
472 457 622 512 nitur
647 456 760 527 jam
792 464 1020 527 uterque
1063 456 1232 511 multo
1261 455 1486 511 inferior
1519 457 1734 511 virtutis
1767 456 2047 511 humanae.
2079 460 2125 515 A
2151 457 2300 512 ciens
2335 459 2426 513 lux
2475 461 2746 523 manebat,
2780 475 2905 514 cum
2938 461 3146 514 nullum
3175 475 3377 531 corpus
3408 460 3722 525 exsisteret,

473 548 835 620 Lysimachus
860 551 1004 604 enim
1038 558 1092 603 et
1117 549 1420 603 Alexander
1453 550 1622 604 totius
1655 549 1844 603 mundi
1873 550 2046 620 impe-

472 645 612 698 rium
649 652 960 706 tenuerunt,
989 660 1287 714 omnesque
1316 645 1562 698 nationes
1592 645 1853 700 barbaras
1884 654 2046 713 atque

469 751 636 790 omne
679 752 850 802 genus
892 737 1172 789 hominum
1222 737 1490 804 subjicere
1537 744 1847 804 potuerunt,
1883 738 1953 790 ita
1990 747 2048 791 ut

468 843 578 882 non
609 836 754 882 esset
785 829 924 882 alius
969 828 1266 896 imperator
1299 843 1390 896 per
1431 827 1560 880 illud
1595 836 1809 897 tempus
1852 838 2047 898 praeter

468 920 619 988 ipsos
647 921 749 975 sub
781 921 939 974 etnlo.
979 919 1040 973 Et
1077 923 1348 989 quomodo
1374 922 1591 974 audebit
1627 921 1916 990 quisquam
1957 921 2044 973 di-

467 1025 610 1074 cere,
640 1028 749 1065 non
787 1012 987 1080 ubique
1011 1027 1132 1065 esse
1159 1012 1350 1079 Deum,
1391 1014 1484 1082 qui
1518 1022 1600 1068 est
1633 1014 1814 1068 lumen
1856 1029 2043 1068 verum

468 1099 807 1178 ipdeliciens,
841 1103 996 1170 cujus
1021 1111 1103 1157 est
1132 1118 1356 1172 regnum
1384 1114 1634 1156 sanctum
1677 1112 1731 1157 et
1761 1104 2047 1173 sempiter—

469 1207 625 1254 num,
668 1209 765 1246 ceu
803 1193 878 1262 (Ι)
914 1194 1232 1262 nequissimi
1273 1194 1430 1249 istius
1479 1194 1752 1263 impietas,
1805 1196 1897 1264 qui
1947 1211 2046 1249 nec

469 1285 730 1354 aequalem
773 1286 991 1354 quidem
1042 1287 1119 1356 (9.)
1175 1302 1300 1340 cum
1360 1287 1675 1343 hominibus
1723 1298 2042 1357 potestatem

469 1375 826 1443 omnipotenti
857 1375 967 1430 Deo
997 1377 1223 1431 tribuit?

537 1467 699 1521 XXII.
739 1467 956 1521 Iudices
1001 1469 1250 1521 dixerunt
1300 1484 1318 1522 :
1358 1467 1565 1522 Lumen
1615 1469 1666 1522 in
1720 1478 1829 1521 tota
1879 1468 2044 1522 domo

467 1561 648 1614 lucere
678 1561 905 1624 scimus,
940 1569 1126 1615 etnon
1156 1562 1207 1614 in
1243 1576 1348 1614 una
1392 1561 1573 1629 aliqua
1608 1569 1782 1630 parte,
1817 1561 1960 1614 sicut
1994 1571 2045 1614 et

465 1651 624 1706 Jesus
655 1652 808 1715 dicit,
841 1653 970 1722 quia
1013 1671 1030 1704 ι
1060 1667 1219 1707 nemo
1253 1653 1530 1707 lucernam
1568 1653 1869 1706 accendens
1896 1653 2044 1722 ponit

468 1743 572 1797 sub
600 1745 801 1812 modio,
831 1747 924 1800 sed
957 1761 1122 1814 super
1153 1745 1568 1811 candelabrum,
1619 1755 1677 1800 ut
1706 1747 1884 1799 luceat
1926 1762 2043 1799 om—

467 1837 631 1892 nibus
674 1838 849 1906 quiin
895 1839 1058 1893 domo
1112 1849 1240 1893 sunt
1269 1840 1334 1892 ³³.
1369 1859 1386 1890 ι
1433 1838 1490 1893 Si
1530 1855 1658 1909 ergo
1708 1840 1889 1893 lumen
1939 1850 2041 1904 est,

468 1943 692 1984 necesse
732 1939 814 1984 cst
850 1931 980 1984 illad
1024 1931 1092 2000 (si
1126 1938 1306 1984 tamen
1332 1929 1491 1985 Jesus
1535 1931 1796 2002 creditur)
1837 1931 2042 1986 mundo

465 2024 725 2078 universo
769 2024 968 2088 lucere,
1013 2034 1066 2076 et
1116 2040 1220 2077 non
1270 2039 1364 2092 per
1404 2032 1623 2091 partes;
1673 2040 1700 2075 a
1749 2039 1859 2092 quo
1877 2023 1952 2093 (ὅ)
1995 2022 2040 2076 si

467 2113 786 2168 universum
821 2115 1026 2168 obtinet
1059 2114 1346 2176 mundum,
1406 2114 1494 2166 ubi
1531 2113 1645 2182 jam
1687 2114 1938 2183 ingenita:
1971 2122 2043 2168 te-

465 2205 669 2270 nebtte,
697 2206 801 2260 nisi
849 2205 989 2260 forte
1033 2207 1364 2269 accidentes,
1414 2206 1821 2276 intelligantur?
1851 2207 2042 2259 Arche-

464 2298 582 2351 laus
613 2299 749 2353 dixit
785 2314 802 2351 :
833 2298 1101 2364 Quoniam
1133 2299 1353 2367 quidem
1391 2300 1562 2354 multo
1588 2301 1782 2354 melius
1817 2317 1846 2355 a
1891 2303 2042 2357 vobis

466 2390 787 2460 intelligitur
821 2407 1001 2445 sermo
1033 2391 1399 2459 cvangelicus,
1435 2407 1598 2461 quam
1631 2393 1698 2445 ab
1733 2393 1835 2445 isto
1863 2394 1956 2462 qui
1985 2410 2043 2447 se
2097 2449 2110 2466 ο

466 2484 798 2552 paracletum
843 2500 965 2538 esse
993 2484 1299 2553 profitetur,
1331 2500 1493 2554 quem
1526 2500 1626 2554 ego
1671 2485 1844 2552 magis
1885 2501 2042 2554 para-

465 2574 628 2628 situm
673 2590 837 2643 quam
883 2575 1216 2643 paracletum
1266 2574 1519 2638 dixerim,
1552 2574 1730 2627 dicam
1775 2589 1874 2644 ego
1906 2592 2043 2643 quo-

465 2666 629 2720 modo
685 2666 982 2720 acciderint
1027 2667 1282 2719 tenebrae.
1336 2665 1473 2718 Cum
1523 2665 1616 2718 lux
1659 2676 1804 2719 esset
1843 2667 2044 2735 ubique

465 2757 684 2819 diffusa.
740 2759 1001 2812 mundum
1055 2759 1216 2828 cmpit
1257 2761 1400 2813 Deus
1446 2759 1698 2822 condere,
1754 2759 1967 2813 initium
2014 2776 2043 2814 a

466 2850 607 2906 caelo
636 2860 691 2905 et
734 2859 876 2905 terra
923 2866 1165 2915 sumens,
1221 2853 1274 2905 in
1309 2868 1418 2922 quo
1450 2855 1518 2906 ita
1554 2855 1693 2908 ratio
1737 2855 1939 2920 evenit,
1984 2864 2044 2910 ut

467 2941 733 2996 medietas
761 2958 882 3011 quae
908 2951 990 2996 est
1025 2952 1182 2997 terrae
1225 2943 1378 3002 locus
1416 2945 1607 2998 umbra
1649 2945 1916 3010 obtectus,
1947 2948 2044 3002 ob-

463 3035 609 3104 jectu
646 3036 720 3105 (xl)
774 3035 1024 3090 videlicet
1073 3052 1262 3090 earum
1297 3054 1419 3108 quae
1471 3040 1626 3095 facta:
1659 3051 1787 3095 sunt
1832 3052 2044 3096 creatu-

467 3140 677 3190 rarum,
719 3126 1053 3180 inveniretur
1093 3127 1384 3193 obscurus,
1423 3128 1493 3182 ita
1537 3141 1594 3184 ut
1645 3147 1732 3187 res
1763 3142 2039 3201 expeteret

2149 549 2294 618 quod
2353 550 2602 604 umbram
2647 552 2732 605 sbi
2776 549 3080 620 objectione
3129 560 3444 621 generaret;
3499 560 3558 605 et
3604 552 3726 606 ideo

2150 655 2421 708 nusquam
2457 641 2728 707 tenebras,
2778 658 3046 711 nusquam
3100 654 3310 697 noctem
3339 642 3518 697 fuisse
3569 645 3730 712 proﬁv

2150 733 2372 786 tendum
2424 742 2525 787 est.
2572 731 2704 787 Nam
2743 733 2811 798 si,
2848 735 2995 787 verbi
3048 735 3239 804 gratia,
3280 736 3499 804 placeat
3537 737 3585 789 ei
3643 737 3724 790 cui

2149 833 2388 893 potestas
2417 833 2497 878 est
2525 825 2791 890 omnium,
2840 826 3048 895 plagam
3083 841 3201 895 qtltB
3235 817 3301 880 ad
3330 843 3599 880 occasum
3628 839 3728 890 est,

2148 917 2364 971 auferre
2391 917 2457 972 de
2491 917 2705 983 medio;
2735 934 2842 971 non
2876 927 3064 988 agente
3096 919 3206 972 sole
3237 919 3303 972 ad
3341 919 3493 972 illam
3523 931 3728 988 partem

2146 1022 2392 1069 cursum,
2429 1022 2700 1076 nusquam
2751 1008 2842 1060 lict
2894 1024 3115 1077 vespera
3163 1018 3255 1062 aut
3304 1011 3593 1071 tenebrae;
3643 1010 3732 1062 sed

2147 1100 2250 1152 erit
2293 1101 2374 1155 sol
2420 1115 2635 1169 semper
2677 1101 2730 1154 in
2767 1117 2955 1165 cursu,
2991 1117 3089 1155 nec
3123 1118 3361 1171 unquam
3411 1103 3655 1164 occidet.
3684 1113 3733 1156 et

2146 1191 2382 1244 medium
2425 1191 2737 1262 emlijaxem
2782 1208 2918 1260 pene
2974 1209 3185 1263 semper
3215 1194 3444 1256 tenebit,
3498 1210 3607 1249 nec
3637 1195 3740 1247 ali-

2145 1285 2368 1353 quando
2397 1283 2609 1338 desinet
2639 1299 2899 1354 apparere
2926 1303 2940 1339 :
2973 1295 3021 1338 et
3051 1301 3144 1354 per
3168 1286 3270 1339 hoc
3296 1287 3402 1339 erit
3433 1288 3741 1341 universus

2148 1377 2296 1430 orbis
2327 1385 2602 1430 terrarum
2641 1377 2948 1430 clarissimo
2980 1377 3184 1431 lumine
3222 1376 3492 1439 radiatus,
3527 1395 3602 1431 ex
3627 1394 3737 1448 quo

2147 1483 2246 1522 nec
2277 1469 2380 1521 ulla
2423 1468 2542 1537 ejus
2577 1484 2702 1538 pars
2730 1468 3165 1532 obumbrabitur,
3202 1470 3294 1522 sed
3331 1471 3588 1524 manebit
3620 1472 3736 1525 ubi-

2145 1574 2250 1628 que
2310 1560 2472 1614 tutius
2513 1559 2736 1614 lutninis
2794 1559 3098 1628 inqualitas.
3151 1559 3486 1616 Oceidentali
3547 1573 3732 1617 autem

2149 1653 2302 1721 plaga
2333 1662 2536 1708 statum
2579 1669 2738 1706 suum
2773 1665 3042 1718 servante,
3070 1665 3121 1707 et
3158 1655 3268 1708 sole
3298 1671 3527 1708 cursum
3570 1671 3732 1709 suum

2146 1745 2321 1797 tribus
2350 1745 2539 1798 mundi
2576 1746 2820 1813 partibus
2851 1746 3231 1810 ministrante;
3280 1747 3333 1799 hi
3372 1747 3610 1815 quidem
3643 1748 3732 1814 qui

2081 1841 2117 1894 Β
2149 1837 2252 1890 sub
2301 1838 2414 1892 sole
2461 1849 2609 1901 sunt,
2665 1839 2866 1892 clarius
2899 1839 3148 1892 videntur
3176 1839 3497 1901 illuminari,
3550 1839 3632 1892 ita
3678 1851 3733 1893 ut

2143 1945 2279 1998 pene
2329 1930 2580 1994 dixerim,
2615 1931 3009 1985 dormientibus
3031 1932 3206 1984 adhuc
3237 1931 3302 1985 iis
3326 1933 3418 2000 qui
3449 1947 3478 1985 e
3502 1932 3729 1986 diversa

2143 2022 2298 2090 plaga
2331 2023 2658 2087 consistunt,
2688 2023 2772 2078 isti
2799 2025 3007 2091 priores
3029 2023 3133 2079 diei
3160 2025 3448 2077 exordium
3475 2034 3731 2081 sumant.

2145 2109 2296 2165 Sicut
2328 2121 2504 2166 autem
2542 2123 2666 2167 ante
2712 2130 2806 2168 eos
2839 2115 2931 2182 qui
2975 2115 3027 2167 in
3066 2124 3214 2182 parte
3241 2115 3468 2168 occidua
3511 2115 3733 2184 jacent,

2147 2201 2252 2255 illis
2282 2203 2462 2255 lumen
2493 2204 2757 2266 exoritur,
2798 2204 2868 2257 ita
2901 2205 3137 2258 velocius
3159 2206 3507 2272 obscuratur,
3541 2216 3604 2260 et
3633 2207 3732 2261 soli

2142 2294 2382 2347 omnium
2419 2296 2511 2364 qui
2549 2297 2601 2349 in
2638 2297 2787 2350 orbis
2820 2297 3106 2351 medietate
3140 2300 3468 2362 consistunt,
3494 2301 3732 2368 aequali.

2142 2395 2305 2439 tatem
2331 2402 2544 2454 semper
2566 2388 2806 2441 sentiunt
2835 2389 2995 2442 luris.
3029 2390 3161 2442 Cum
3191 2389 3336 2443 enim
3367 2390 3620 2444 medium
3648 2393 3731 2446 sol

2143 2477 2380 2528 tenuerit
2423 2477 2645 2543 uelum,
2678 2478 2858 2531 nullus
2892 2487 2974 2530 est
3019 2479 3171 2533 locus
3205 2480 3298 2548 qui
3351 2489 3450 2533 aut
3489 2479 3734 2535 lucidior

2142 2575 2236 2620 aut
2284 2567 2571 2621 obscurior
2615 2583 2737 2622 esse
2799 2570 3074 2635 videatur;
3130 2571 3222 2624 sed
3275 2585 3471 2625 omnes
3531 2573 3729 2626 mundi

2143 2665 2324 2727 partes
2352 2674 2417 2712 ex
2451 2675 2608 2728 aequo
2643 2670 2694 2713 et
2722 2661 2872 2728 justo
2903 2661 3003 2729 (7),
3034 2661 3166 2714 solis
3199 2661 3407 2732 fulgore
3443 2663 3728 2716 luminan-

2144 2758 2250 2804 tur.
2294 2749 2349 2804 Si
2383 2766 2534 2820 ergo,
2581 2760 2639 2806 ut
2687 2753 2942 2820 snperius
2970 2753 3229 2815 diximus,
3264 2755 3516 2808 occiduae
3557 2757 3727 2825 plaga

2141 2857 2268 2912 pars
2310 2843 2590 2898 auferatur
2615 2859 2646 2898 e
2694 2845 2892 2908 medio,
2927 2846 3067 2898 ultra
3107 2847 3218 2914 jam
3255 2863 3364 2900 non
3397 2849 3726 2902 obscurabi-

2144 2944 2228 2989 tur
2257 2951 2384 3004 pars
2417 2951 2538 3004 quae
2571 2937 2620 2990 ei
2653 2937 2882 3006 adjacet.
2927 2937 2992 2991 Et
3024 2938 3137 2992 haec
3163 2939 3385 3007 quidem
3420 2940 3561 2994 mihi
3593 2943 3724 2995 sim-

2141 3025 2336 3094 plicius
2362 3026 2504 3078 dicta
2541 3026 2670 3088 sint,
2713 3042 2836 3081 cum
2868 3027 3071 3096 possim
3119 3039 3172 3081 et
3219 3029 3512 3083 zodiacum
3550 3034 3726 3084 circn-

2144 3117 2253 3170 lum
2301 3117 2606 3171 describere
2655 3135 2669 3171 :
2723 3119 2815 3171 sed
2867 3132 2974 3170 non
3026 3117 3160 3170 intui
3209 3133 3356 3172 nunc
3405 3119 3529 3172 ﬁeri
3575 3131 3722 3174 rates

465 3218 735 3272 introduci
768 3219 942 3274 lucem
981 3219 1107 3273 huic
1140 3219 1244 3288 ipsi
1291 3219 1341 3272 in
1378 3223 1663 3278 medietate
1691 3197 1867 3294 posito
1901 3226 2038 3280 loco.

2147 3226 2267 3264 sum
2307 3208 2405 3279 (8),
2456 3219 2672 3278 propter
2715 3208 2862 3278 quod
2901 3210 2967 3263 de
3017 3209 3098 3262 his
3134 3210 3326 3274 silebo,
3377 3221 3431 3264 et
3473 3212 3543 3264 ad
3595 3212 3723 3266 illud

466 3309 623 3366 Unde
645 3319 697 3364 et
721 3309 773 3364 in
799 3309 992 3365 Genesi
1023 3311 1232 3381 Moyses
1251 3327 1516 3368 enarrans
1539 3312 1804 3368 facturam
1829 3318 2038 3385 mundi,

464 3418 813 3472 nequaquam
850 3403 978 3458 facit
1005 3404 1352 3459 tenebrarum
1385 3405 1738 3471 mentionem,
1766 3417 1861 3462 aut
1886 3411 2039 3476 quasi

464 3491 624 3548 facta:
651 3495 779 3558 sint,
811 3504 902 3548 aut
942 3510 1048 3548 non
1081 3493 1273 3561 factm;
1317 3497 1411 3552 sed
1456 3497 1570 3565 ipse
1599 3498 1787 3563 tacuit,
1826 3499 1913 3552 his
1947 3500 2040 3569 qui

467 3587 682 3656 possint
712 3587 1012 3650 advertere,
1051 3587 1436 3658 derelinquens
1469 3590 1738 3643 rationem
1774 3591 1938 3659 hujus
1965 3591 2042 3645 in-

467 3679 753 3744 tellectus;
798 3694 919 3746 qum
957 3679 1176 3746 quidem
1230 3695 1331 3734 nec
1356 3680 1488 3734 satis
1522 3689 1605 3734 est
1662 3683 1830 3735 ardua
1880 3692 2041 3751 atque

466 3769 859 3824 dilliciliszcui
919 3770 1064 3823 enim
1120 3784 1226 3821 non
1286 3770 1378 3822 liat
1431 3770 1816 3836 manifestum,
1869 3774 2039 3827 solent

465 3860 633 3914 istum
677 3859 967 3921 visibilem,
997 3873 1120 3912 cum
1156 3857 1225 3911 ab
1251 3859 1458 3914 oriente
1503 3859 1666 3914 fuerit
1713 3872 1954 3923 exortus.
1989 3873 2041 3916 et

463 3951 745 4006 tetenderit
773 3951 874 4004 iter
902 3966 1062 4004 suum
1085 3949 1152 4004 ad
1179 3951 1538 4015 occidentem,
1565 3970 1688 4007 cum
1715 3955 1816 4007 sub
1841 3965 2038 4009 teriam

464 4042 610 4106 ierit,
642 4052 695 4098 et
727 4043 952 4096 interior
979 4043 1205 4098 effectus
1249 4043 1414 4097 fuerit
1456 4058 1521 4098 ea
1555 4061 1676 4114 quae
1715 4047 1856 4122 apud
1893 4046 2039 4101 Cra:-

465 4151 562 4191 cos
595 4136 809 4205 sphaera
850 4145 1098 4200 vocatur,
1135 4134 1281 4204 quod
1313 4145 1441 4190 tunc
1481 4137 1695 4205 objectu
1735 4139 1813 4208 (5)
1845 4153 2040 4208 corpo-

463 4242 585 4280 rum
631 4226 988 4280 obumbratus
1041 4242 1150 4279 non
1195 4229 1486 4295 appareat?
1531 4226 1636 4282 Sed
1680 4229 1897 4283 obtecto
1939 4245 2036 4295 eo,

465 4320 718 4372 obstante
755 4329 909 4372 terrae
938 4333 1185 4386 corpore,
1234 4319 1618 4386 superducitur
1653 4320 1865 4384 utnbra,
1917 4336 2041 4391 quae

462 4429 529 4466 ex
567 4427 624 4464 se
653 4411 814 4464 ellicit
846 4411 1136 4476 tenebras;
1169 4428 1452 4482 usquequo
1479 4427 1719 4476 rursum,
1762 4413 2038 4468 inferioris

462 4502 623 4572 spatii
653 4518 814 4556 cursu
850 4517 943 4571 per
973 4513 1184 4556 noctem
1217 4513 1514 4568 transacto,
1549 4504 1616 4557 ad
1655 4505 1918 4558 orientem
1952 4521 2037 4559 re-

462 4597 663 4657 volvat,
701 4605 864 4665 atque
899 4596 951 4648 in
996 4597 1130 4650 locis
1165 4597 1342 4651 solitis
1374 4597 1602 4652 obortus
1629 4605 1905 4665 appareat.
1940 4596 2036 4652 Est

461 4703 592 4758 ergo
616 4689 822 4742 umbra!
847 4697 1007 4757 atque
1041 4688 1216 4742 noctis
1250 4703 1440 4753 causa,
1479 4688 1724 4756 corporis
1755 4696 1911 4741 terrm
1941 4704 2036 4742 so-

461 4781 674 4844 liditas;
728 4781 873 4850 quod
920 4781 1083 4836 etiam
1142 4797 1207 4835 ex
1261 4782 1459 4835 suimet
1509 4781 1682 4850 ipsius
1731 4779 2034 4851 umbra(6)

460 4874 626 4929 homo
656 4874 954 4942 intelligere
988 4883 1180 4943 potest.
1228 4874 1365 4928 Ante
1400 4873 1594 4928 coelum
1644 4872 1787 4926 enim
1835 4880 1889 4926 et
1921 4881 2033 4925 ter-

462 4983 578 5020 ram
617 4977 778 5036 atque
809 4982 999 5021 omnes
1032 4967 1167 5021 istas
1195 4981 1488 5034 corporeas
1526 4973 1809 5019 creaturas
1844 4964 2036 5018 indefi-

536 5108 580 5138 ³³
602 5107 791 5160 Matth.
846 5122 896 5166 v,
942 5105 1026 5159 16.

532 5244 605 5316 (l)
643 5245 698 5297 In
743 5244 930 5299 codice
959 5242 1243 5296 Casinensi
1291 5249 1392 5306 est,
1436 5258 1453 5290 t
1485 5254 1573 5301 eu,
1608 5258 1624 5288 ι
1667 5238 1810 5308 quod
1845 5239 2026 5307 legen-

457 5315 586 5370 dum
617 5317 946 5382 putavimus,
987 5333 1004 5364 ι
1040 5328 1159 5366 ceu.
1193 5331 1210 5362 ι

529 5378 724 5453 (2)Ἰι.ι
762 5387 1116 5452 depravatum
1173 5384 1349 5435 locum
1402 5397 1486 5453 ex)
1519 5378 1737 5453 ingenio
1774 5379 2024 5453 _r_estitni-

456 5447 614 5514 mtis:
644 5473 767 5508 nam
793 5447 845 5507 in
868 5456 1052 5507 codice
1077 5453 1361 5507 Casinensi
1388 5452 1642 5504 scribitur
1672 5467 1683 5500 :
1719 5467 1737 5499 ε
1773 5447 1883 5502 Nec
1907 5465 2026 5516 quin

459 5530 644 5579 \‘ellvm
687 5526 922 5594 quidem.
957 5543 974 5574 ι

527 5600 602 5664 (.3)
644 5597 821 5660 Forte,
851 5615 867 5646 ί
900 5595 1066 5663 atqui.
1101 5611 1120 5644 ι

529 5663 604 5735 (4t
644 5667 698 5720 In
723 5668 1004 5720 Casinensi
1035 5665 1239 5728 codice,
1282 5683 1299 5714 ‹
1333 5663 1567 5717 obiectu.
1604 5681 1621 5710 ι

529 5731 606 5804 (5)
649 5737 702 5788 In
741 5737 1023 5790 Casinensi
1055 5743 1156 5793 est,
1195 5753 1212 5783 ‹
1245 5735 1385 5799 quod
1425 5749 1566 5786 nunc.
1589 5731 1822 5783 oblectu.
1860 5748 1878 5804 ξ

530 5800 605 5878 (6)
647 5806 720 5861 Ita
759 5807 1166 5860 emendavimus
1201 5807 1460 5874 scriptum
1495 5804 1755 5864 codicem,
1793 5801 1882 5868 qui
1925 5800 2019 5852 ha-

2143 3312 2305 3372 caput
2336 3318 2612 3356 recurram
2648 3301 2793 3370 quod
2823 3301 3023 3371 objecit
3045 3301 3418 3368 adversarius,
3447 3302 3725 3357 afﬁrmans

2141 3395 2289 3449 omni
2339 3394 2460 3448 nisu
2495 3395 2595 3463 (9),
2658 3392 2910 3446 tenebras
2957 3406 3078 3446 esse
3123 3391 3435 3460 ingenitas;
3487 3397 3638 3462 quol
3679 3404 3727 3447 ut

2143 3483 2342 3552 ipsum,
2367 3489 2630 3550 quantum
2662 3481 2954 3543 valuimus,
2979 3481 3091 3549 jam
3133 3480 3490 3535 confutatum
3526 3494 3635 3537 est.

2207 3573 2401 3627 XXIII.
2434 3574 2648 3628 Iudices
2678 3574 2926 3627 dixerunt
2951 3590 2970 3628 :
3000 3573 3055 3627 Si
3086 3574 3515 3630 consideremus
3551 3578 3723 3630 lucem

2142 3666 2310 3722 fuisse
2339 3673 2463 3720 ante
2483 3665 2848 3720 conditionem
2874 3673 3271 3728 creaturarum,
3296 3675 3351 3720 et
3386 3667 3531 3720 nihil
3561 3668 3725 3721 fuisse

2141 3761 2412 3830 objectum
2446 3760 2587 3829 quod
2628 3776 2694 3814 ex
2740 3775 2798 3813 se
2842 3760 3090 3812 umbram
3135 3767 3449 3828 generaret,
3505 3775 3726 3813 necesse

2139 3862 2224 3906 est
2268 3854 2440 3907 lucem
2485 3852 2686 3920 ubique
2721 3851 2890 3905 fuisse
2933 3849 3212 3911 diffusam,
3258 3858 3314 3903 et
3360 3853 3564 3904 omnia
3614 3853 3724 3906 loca

2141 3946 2350 4016 fulgore
2385 3945 2522 4000 lucis
2559 3943 2885 4007 illuminata,
2921 3943 3064 3997 sicut
3091 3951 3377 3996 ostensum
3413 3954 3503 3998 est
3550 3961 3618 3997 ex
3648 3944 3722 3996 bis

2139 4053 2260 4108 qua:
2300 4054 2330 4091 a
2364 4046 2415 4092 te
2452 4052 2623 4105 nttper
2662 4036 2804 4089 dicta
2842 4043 3002 4099 sunt;
3046 4034 3100 4087 in
3131 4033 3332 4103 quibus
3376 4049 3575 4088 veram
3610 4051 3722 4088 esse

2140 4129 2402 4182 rationem
2451 4129 2714 4191 videntes,
2767 4126 2960 4180 damus
3003 4125 3236 4194 palmam
3292 4125 3723 4195 allegationibus

2137 4220 2410 4274 Archelai.
2472 4217 2528 4271 Si
2574 4218 2721 4272 enim
2764 4217 3089 4271 divisionem
3139 4216 3380 4284 accipiat
3430 4219 3721 4272 universus

2140 4311 2396 4377 mundus,
2435 4309 2600 4364 veluti
2636 4324 2793 4362 muro
2827 4309 3062 4377 quodam
3090 4323 3184 4376 per
3227 4309 3476 4360 medium
3525 4310 3724 4362 instru-

2138 4415 2248 4466 cto,
2277 4412 2329 4456 et
2358 4418 2422 4455 ex
2463 4416 2566 4454 una
2600 4409 2749 4469 parte
2784 4399 3026 4452 habitent
3061 4399 3316 4458 tenebraa.
3349 4415 3420 4452 ex
3457 4400 3573 4452 alia
3604 4412 3722 4453 vero

2143 4496 2268 4560 lux;
2312 4493 2632 4562 intelligitur
2672 4489 3044 4554 nihilominus,
3073 4489 3201 4558 quia
3247 4503 3310 4542 ex
3342 4504 3412 4542 eo
3451 4491 3612 4558 quod
3652 4491 3724 4543 in-

2143 4596 2407 4641 structum
2439 4595 2521 4638 est
2545 4582 2855 4647 aedificium,
2887 4583 3078 4635 umbra
3107 4591 3385 4650 generata,
3420 4583 3722 4637 acciderint

2141 4682 2505 4736 tenebrzezet
2558 4693 2781 4732 rursum
2835 4676 2992 4730 nobis
3019 4676 3371 4744 qumrendum
3427 4685 3552 4739 est,
3603 4677 3722 4745 quis

2137 4773 2488 4828 aedificaverit
2534 4787 2751 4824 murum
2799 4769 2852 4822 in
2905 4767 3084 4820 medio
3131 4767 3388 4828 duorum,
3442 4767 3491 4820 si
3543 4778 3720 4820 tamen

2138 4866 2463 4919 :editicatum
2522 4863 2728 4925 fateris,
2760 4878 2792 4910 ο
2823 4859 3137 4914 Manichaee.
3186 4857 3244 4910 Si
3275 4873 3406 4911 vero
3457 4858 3550 4910 illa
3590 4859 3720 4910 ratio

2138 4957 2536 5020 consideretur,
2567 4953 2727 5023 quasi
2764 4967 2954 5005 murus
2992 4966 3096 5003 non
3129 4949 3194 5004 sit
3227 4949 3564 5012 instructus;
3602 4965 3721 5000 rur-

2134 5233 2313 5293 bcbat,
2347 5251 2364 5282 ‹
2399 5239 2560 5286 exuet
2591 5230 2761 5297 ipsius
2786 5229 2997 5281 umbra.
3031 5244 3050 5278 ι

2204 5304 2278 5372 (7)
2321 5302 2375 5355 ln
2402 5302 2586 5353 codice
2617 5299 2901 5354 Casinensi
2935 5297 3151 5368 legitur,
3191 5313 3212 5346 ι
3245 5310 3309 5350 ex
3334 5310 3397 5348 ea
3430 5309 3576 5365 quo,
3609 5314 3630 5348 ι
3662 5305 3713 5349 et

2131 5390 2278 5435 mox,
2317 5373 2593 5440 «fulgure.
2628 5390 2645 5421 ι

2203 5445 2277 5513 (8)
2319 5437 2496 5495 Loctis
2524 5439 2808 5494 manifeste
2835 5448 3149 5509 corruptus,
3175 5438 3335 5508 cujus
3360 5437 3499 5491 mihi
3521 5451 3711 5491 emen-

2128 5513 2274 5568 datio
2312 5529 2417 5565 non
2455 5513 2716 5564 occurrit.

2199 5586 2274 5652 (9)
2314 5584 2368 5635 In
2395 5581 2678 5636 Casinensi
2717 5588 2852 5652 erat,
2903 5597 2922 5630 ι
2957 5580 3105 5633 mnni
3149 5580 3284 5652 nisi;
3327 5599 3345 5629 ι
3392 5579 3493 5652 sed
3528 5576 3711 5652 legen-

2126 5647 2274 5714 duin,
2313 5673 2328 5703 ‹
2362 5653 2508 5706 omni
2541 5653 2682 5715 nisu,
2718 5669 2735 5701 ι
2770 5651 2872 5704 hoc
2893 5661 2996 5713 est,
3026 5651 3173 5702 omni
3200 5660 3436 5714 conatu;
3468 5647 3708 5700 formula

2126 5725 2338 5779 dicendi
2394 5724 2521 5776 huic
2574 5721 2852 5790 interpreti
2903 5723 3127 5775 usitata.
3175 5719 3307 5778 Vide
3356 5734 3482 5789 cap.
3513 5715 3605 5781 ω,
3653 5726 3708 5770 et

2127 5796 2420 5863 thL'SUI'lIln
2451 5809 2570 5863 eap.
2605 5792 2690 5849 47..
