3922 6504
224 373 362 431 H65

1347 381 1492 438 CUM
1529 379 1810 434 MANETE
1848 377 2388 433 IIIERESIARCHA.

3335 376 3472 432 1466

221 507 317 547 sus
349 492 467 548 sine
491 494 670 566 aliqua
713 499 1028 568 exceptione
1060 517 1200 556 unus
1231 517 1353 557 esse
1388 501 1679 556 universus
1706 501 1791 554 in—
1824 508 1868 560 Α
1900 499 2027 552 tiam
2061 498 2261 553 habent
2289 499 2512 569 pariter,
2539 508 2701 569 atque
2723 496 3148 553 imbecillitatem
3177 497 3261 552 sui
3287 506 3472 552 osten-

216 583 482 653 telligitur
511 585 686 652 locus,
716 603 780 642 ac
817 590 916 642 sub
945 606 1049 643 una
1085 600 1347 659 potestate
1378 593 1619 661 positus;
1651 591 1795 646 unde

217 689 287 727 ex
327 676 476 729 omni
510 689 661 746 parte
704 683 939 735 tenebrae
984 683 1278 751 ingenitam
1308 693 1556 738 naturam
1595 684 1794 737 habere

216 782 326 820 non
357 780 604 836 possunt.
640 772 929 827 Archelaus
957 775 1093 828 dixit
1119 792 1136 829 :
1163 775 1315 830 Dicat
1338 777 1469 830 mihi
1500 777 1660 830 etiam
1690 776 1794 829 hoc

215 863 284 913 ad
312 876 373 915 ea
402 877 521 931 qua:
546 867 818 933 proposita
853 876 1000 921 sunt.
1033 867 1141 921 Deo
1175 869 1228 921 in
1267 885 1436 939 regno
1467 885 1568 924 suo
1594 869 1790 937 posito,

214 960 272 1005 et
305 953 544 1023 maligno
588 957 839 1011 similiter
889 959 940 1011 i-n
986 975 1086 1012 suo
1123 975 1309 1029 regno,
1337 961 1461 1029 quis
1504 961 1643 1013 inter
1675 975 1790 1012 me-

213 1045 365 1098 dium
401 1047 642 1116 ipsorum
678 1053 1048 1106 construxerit
1093 1055 1343 1106 murum?
1375 1055 1489 1106 Non
1524 1052 1666 1106 enim
1697 1067 1792 1119 po-

215 1145 323 1193 test
357 1139 596 1195 dividere
642 1144 771 1210 quid
806 1146 942 1198 duas
995 1147 1352 1210 substantias,
1392 1145 1496 1199 nisi
1534 1145 1677 1213 quod
1723 1143 1792 1197 sit

214 1232 504 1302 utriusque
546 1236 724 1304 majus
751 1238 888 1305 (lli),
922 1239 1062 1292 sicut
1098 1239 1229 1292 dicit
1275 1239 1326 1291 in
1371 1236 1598 1291 Genesis
1627 1237 1786 1297 libro,

213 1325 344 1392 quia
381 1343 399 1376 ι
432 1326 616 1380 divisit
644 1327 781 1384 Deus
813 1330 952 1384 inter
977 1332 1149 1384 lucem
1179 1341 1232 1384 et
1257 1330 1507 1383 tenebras
1539 1328 1601 1380 3*.
1637 1347 1652 1378 ι
1686 1325 1792 1380 Ta-

212 1415 320 1469 lem
358 1433 480 1471 essc
513 1420 744 1488 aliquem
783 1438 1003 1477 necesse
1032 1435 1112 1477 est
1141 1432 1194 1476 et
1223 1423 1361 1476 muri
1398 1421 1555 1475 istius
1588 1421 1790 1474 instru-

212 1517 461 1562 ctorem:
496 1527 690 1568 murus
726 1515 870 1566 enim
918 1516 1181 1569 terminos
1224 1515 1659 1583 uniuscujusque
1704 1513 1790 1567 de-

211 1611 504 1664 monstrat,
550 1603 690 1658 sicut
729 1606 870 1660 intcr
910 1622 1004 1660 eos
1047 1607 1140 1677 qui
1190 1622 1316 1661 rura
1347 1607 1610 1666 incolunt,
1651 1605 1788 1674 lapis

210 1695 352 1747 Solet
389 1695 690 1764 portionem
745 1697 1181 1769 uniuscujusque
1225 1698 1494 1765 dividere;
1541 1713 1662 1767 quae
1704 1707 1787 1750 ta-

209 1801 337 1840 men
387 1804 474 1841 res
515 1791 687 1860 magis
721 1791 1052 1849 intellectum
1096 1794 1225 1860 dat,
1262 1793 1481 1864 quando
1531 1793 1783 1862 hujusce-

1898 593 2053 645 dunt.
2086 590 2191 645 Sed
2233 607 2301 646 ne
2333 591 2461 646 illud
2493 593 2710 662 quidem
2745 606 2775 646 a
2806 591 2964 646 nobis
2994 591 3328 645 reticendum
3362 600 3466 653 est,

1895 684 2025 751 quin
2060 684 2240 752 potius
2272 685 2323 738 in
2376 685 2611 740 medium
2658 684 3068 755 proferendum,
3113 666 3172 737 ut
3206 691 3260 737 et
3295 686 3465 740 multa

1896 775 2258 828 assertionum
2305 776 2478 845 copia,
2529 774 2998 829 machinationum
3049 773 3347 827 adversarii
3387 773 3471 826 di-

1895 868 2126 922 versitas
2174 869 2515 933 destruatur,
2561 869 2825 922 auxilium
2879 868 3035 921 nobis
3078 866 3282 920 ferente
3323 867 3469 919 veri.-

1895 967 2022 1012 tate.
2051 959 2415 1014 Concedimus
2441 970 2768 1015 structuram
2797 961 2991 1015 factam
3018 976 3137 1014 esse
3163 960 3325 1025 muri,
3349 975 3470 1028 quae

1894 1051 1960 1103 ad
1991 1050 2372 1106 discretionem
2399 1062 2543 1106 esset
2574 1053 3004 1122 uniuscujusque
3031 1053 3181 1123 regni
3218 1070 3230 1104 :
3261 1052 3468 1121 impos-

1895 1142 2052 1196 sibile
2077 1142 2222 1196 enim
2247 1154 2328 1198 est
2358 1146 2474 1198 sine
2511 1146 2613 1199 hoc
2647 1162 2757 1198 uno
2787 1146 2985 1198 habere
3021 1161 3467 1214 unumquemque

1895 1233 2177 1302 proprium
2219 1251 2486 1305 regnum;
2517 1237 2704 1290 eodem
2750 1253 2878 1291 vero
2924 1238 3085 1290 modo
3131 1239 3468 1306 impossibile

1891 1334 1996 1389 est,
2039 1336 2092 1382 et
2127 1327 2423 1395 malignum
2477 1343 2758 1398 egressum
2807 1330 3042 1398 propriis
3087 1329 3288 1383 ﬁnibus
3339 1329 3466 1384 boni

1894 1427 2078 1484 partes
2107 1418 2380 1483 invadere,
2416 1420 2556 1473 muri
2595 1419 2972 1473 interdictione
3013 1428 3318 1481 constante,
3361 1417 3468 1474 nisi

1892 1506 2030 1561 forte
2068 1509 2222 1579 prius
2252 1509 2559 1579 dejiciatur,
2592 1511 2735 1564 sicut
2765 1511 3074 1564 audivimus
3103 1514 3169 1565 ab
3216 1511 3468 1566 hostibus

1891 1601 2027 1666 ﬁeri,
2082 1612 2244 1671 atque
2292 1605 2455 1657 etiam
2503 1603 2676 1657 oculis
2723 1603 2924 1656 nostris
2973 1619 3145 1672 nuper
3183 1603 3472 1672 conspexi-

1891 1709 2014 1748 mus
2042 1693 2174 1764 (l2).
2202 1694 2338 1748 Cum
2374 1712 2468 1748 rex
2504 1695 2702 1763 aliquis
2745 1703 3018 1764 oppugnat
3049 1695 3241 1747 turrim
3288 1696 3468 1748 valido

1892 1799 2049 1838 muro
2091 1786 2506 1849 circunnlatam,
2551 1785 2775 1839 adhibet
2811 1786 2987 1854 primo
3018 1785 3263 1839 ballistas
3303 1795 3357 1838 et
3382 1786 3468 1853 ja-

210 1880 360 1933 modi
388 1881 588 1937 divisio
621 1883 876 1940 fraternae
896 1888 1072 1953 potius
1140 1889 1470 1943 btercditatis
1522 1887 1591 1940 sit
1629 1886 1785 1940 ratio.
1821 1871 1862 1925 Β
1891 1877 2033 1941 συιδ,
2060 1877 2342 1930 securibus
2367 1877 2561 1931 deinde
2593 1887 2777 1946 Ροιίθε
2803 1877 3052 1930 exemere
3075 1885 3238 1945 αιιιυο
3272 1875 3465 1929 arie‘i'

216 1967 413 2024 Verum
445 1989 591 2028 nunc
621 1990 728 2028 non
769 1986 852 2029 est
883 1977 1013 2028 mihi
1054 1977 1120 2031 de
1151 1977 1236 2032 his
1272 1978 1580 2039 dicendum.
1615 1995 1790 2048 quau-

208 2077 375 2129 quam
422 2067 787 2121 necessarium
838 2068 1115 2134 videatur;
1171 2085 1294 2123 nam
1335 2070 1467 2124 illud
1511 2080 1591 2124 est
1643 2069 1787 2139 quod

204 2155 468 2224 petimus,
500 2159 622 2226 quis
662 2168 745 2214 est
777 2160 868 2229 qui
903 2163 1236 2216 cxstruxerit
1272 2179 1488 2216 murum
1533 2164 1597 2216 ad
1647 2162 1788 2216 desi-

205 2248 484 2316 gnandum
513 2251 944 2322 uniuscujusque
969 2255 1259 2308 terminum
1285 2256 1470 2325 regni?
1499 2254 1613 2308 Non
1637 2255 1790 2310 dixe-

206 2347 332 2406 rat;
363 2341 486 2395 nolo
516 2354 756 2397 moretur
793 2347 876 2399 hic
904 2345 1162 2412 perﬁdus,
1200 2347 1292 2401 sed
1324 2346 1436 2415 jam
1467 2348 1787 2402 conliteatur

204 2430 492 2487 dualitatis
526 2450 639 2489 suae
676 2437 727 2489 in
766 2453 933 2490 unum
971 2437 1210 2492 refusam
1245 2455 1366 2493 esse
1396 2440 1780 2495 substantiam.

204 2521 363 2580 Dicat
390 2543 738 2598 quemquam,
777 2531 866 2600 qui
893 2532 1130 2585 medium
1173 2533 1502 2586 exstruxcrit
1542 2550 1781 2586 murum.

202 2613 347 2682 Quid
396 2619 588 2688 agebat
639 2620 794 2684 alter,
841 2623 1009 2676 altero
1049 2623 1396 2678 instruente?
1451 2622 1782 2690 Dormiebat,

201 2716 299 2760 aut
340 2708 642 2778 ignorabat,
677 2723 770 2769 aut
814 2714 1068 2769 resistere
1109 2731 1214 2770 non
1247 2717 1431 2780 valuit,
1479 2726 1572 2770 aut
1607 2720 1784 2786 pretio

200 2802 522 2855 concessit?
551 2801 646 2857 Dic
688 2804 816 2873 quid
851 2805 1100 2872 faciebat,
1138 2807 1221 2861 vel
1264 2810 1387 2877 quis
1419 2818 1501 2863 est
1537 2810 1781 2876 omnino,

201 2893 299 2961 qui
348 2896 654 2949 exstruxit?
705 2895 814 2952 Vos
857 2899 1139 2967 deprecor,
1173 2900 1408 2968 judices,
1453 2917 1592 2970 quos
1640 2901 1784 2958 Deus

201 2983 521 3051 plenissime
553 2987 785 3055 repletos
821 2989 1095 3043 intellectu
1137 2991 1283 3045 misit
1313 2992 1490 3056 nobis,
1515 2993 1779 3061 judicate,

199 3075 327 3144 quis
373 3091 441 3129 es.
474 3079 690 3132 duobus
725 3082 1077 3147 exstruxerit,
1119 3092 1173 3135 et
1214 3082 1343 3152 quid
1386 3085 1578 3154 agebat
1615 3102 1778 3154 unus,

198 3183 324 3223 cum
363 3169 498 3223 alter
527 3181 887 3227 cxstruxerat.

276 3259 466 3316 XXIV.
507 3260 720 3317 Iudices
771 3265 1018 3319 dixerunt
1048 3283 1066 3320 :
1107 3266 1203 3328 Dic
1246 3269 1425 3332 nobis,
1477 3285 1510 3324 0
1557 3268 1774 3339 Manes,

196 3353 325 3422 quis
367 3353 735 3423 designaverit
769 3358 905 3411 lines
936 3359 1221 3428 utriusque
1271 3361 1443 3430 regni,
1485 3363 1610 3430 quis
1655 3377 1778 3417 mu-

197 3459 322 3496 rum
367 3443 554 3497 fecerit
599 3447 874 3500 medium?
910 3449 1011 3502 Pro
1059 3465 1255 3521 magno
1297 3452 1443 3506 enim
1477 3454 1778 3509 Archelaus

197 3536 681 3607 interrogationem
745 3540 930 3594 haberi
982 3541 1145 3611 hujus
1198 3545 1465 3598 sermonis
1509 3548 1774 3616 exposcit.

197 3628 387 3682 Manes
430 3629 612 3682 dixit:
651 3629 832 3684 Bonus
883 3631 1046 3698 Deus,
1101 3644 1154 3688 et
1199 3635 1333 3689 nihil
1379 3636 1584 3693 habens
1624 3654 1776 3692 com-

197 3736 370 3774 mune
414 3736 538 3775 cum
578 3724 742 3787 malo,
789 3724 1190 3781 ﬁrmamentum
1236 3729 1420 3797 posuit
1468 3729 1524 3782 in
1572 3732 1774 3795 medio,

197 3831 314 3885 quo
345 3816 580 3870 alienum
614 3834 642 3871 a
687 3834 745 3872 se
786 3835 908 3874 esse
955 3820 1279 3890 patefaceret
1311 3824 1426 3896 (ll)
1455 3825 1775 3896 malignum.

199 3907 495 3962 Archelaus
540 3911 678 3964 dixit
707 3927 723 3963 :
757 3910 1053 3983 Usquequo
1075 3915 1333 3986 dignitate
1363 3918 1600 3973 nominis
1631 3935 1779 3972 Ineu-

197 3999 361 4053 tiris?
417 3999 582 4053 Deum
619 4002 817 4056 etenim
873 4004 1219 4059 solummodo
1258 4008 1477 4063 nomine
1515 4009 1775 4077 appellas,

193 4101 254 4146 et
289 4092 545 4146 deitatem
595 4093 768 4164 ipsius
814 4096 1071 4152 humanis
1111 4098 1524 4155 inﬁrmitatibus
1563 4117 1779 4173 compa-

192 4203 313 4241 ras.
355 4186 665 4256 Aliquando
708 4203 773 4242 ex
819 4205 926 4243 non
970 4192 1336 4255 exstantibus,
1373 4193 1669 4262 aliquando
1710 4211 1777 4249 ex

194 4279 444 4348 subjecta
479 4281 726 4346 materia,
766 4297 888 4352 qua:
910 4283 1127 4350 quidem
1174 4294 1296 4339 ante
1327 4301 1384 4339 se
1412 4284 1594 4353 fuerit,
1630 4303 1778 4342 asse-

194 4372 279 4426 ris
304 4374 663 4438 exstruxissc,
695 4383 754 4428 ut
785 4375 1030 4428 homines
1059 4377 1235 4430 solent
1263 4386 1652 4433 exstructores.
1687 4378 1776 4432 In-

192 4463 411 4517 terdum
444 4465 604 4518 etiam
636 4481 760 4518 eum
794 4466 1066 4530 timidum,
1104 4467 1374 4522 interdum
1409 4480 1462 4524 et
1505 4472 1775 4525 converti-

1892 1970 1994 2024 bus
2041 1985 2227 2025 muros
2277 1979 2507 2024 conatur
2553 1977 2822 2032 evertere;
2871 1976 2926 2022 et
2975 1984 3098 2022 cum
3149 1968 3468 2034 obtinuerit,

1891 2071 2004 2115 tum
2035 2063 2252 2116 demum
2287 2065 2586 2134 ingressus.
2634 2077 2755 2130 qua:
2783 2061 3022 2126 libuerit,
3063 2062 3194 2130 agit,
3229 2062 3344 2116 sive
3383 2076 3473 2115 ca-

1889 2155 2065 2222 ptivos
2097 2154 2267 2222 placet
2287 2155 2432 2210 cives
2455 2156 2745 2214 abducere.
2770 2155 2887 2208 sive
2911 2163 3106 2207 cuncta
3132 2156 3466 2221 subvertere,

1891 2253 1983 2297 aut
2012 2245 2197 2311 etiam,
2232 2246 2276 2299 si
2307 2246 2589 2314 placuerit,
2623 2254 2844 2315 rogatus
2873 2243 3131 2314 indulget.
3168 2244 3306 2309 Quid
3336 2258 3468 2313 ergo

1887 2335 2018 2388 dicit
2053 2336 2192 2390 iste?
2218 2333 2336 2389 Non
2378 2337 2706 2401 substantia,
2752 2336 2802 2388 id
2837 2346 2920 2390 est
2963 2338 3244 2405 proposito
3275 2337 3470 2390 adver-

1888 2428 2068 2481 sarius
2107 2429 2232 2498 quis
2263 2430 2477 2498 dejecit,
2509 2431 2654 2499 quod
2683 2430 3026 2498 interjectum
3064 2428 3239 2482 fuerat
3285 2428 3466 2481 muni-

1889 2528 2129 2573 mentum
2157 2541 2169 2575 :
2200 2521 2253 2574 in
2292 2521 2715 2590 praecedentibus
2737 2522 2880 2574 enim
2916 2519 3197 2588 professus
3222 2527 3306 2572 est
3334 2520 3463 2588 quia

1887 2611 2307 2678 supervenerint
2352 2613 2588 2667 tenebrae
2639 2629 2704 2666 ex
2734 2612 2969 2682 propriis
3015 2612 3214 2664 linibus
3267 2611 3320 2663 in
3375 2625 3466 2664 re-

1887 2721 2052 2772 gnum
2101 2703 2194 2758 Dci
2247 2705 2392 2759 boni.
2449 2705 2585 2771 Quis
2622 2705 2776 2774 prius
2825 2705 3021 2772 dejecit
3060 2701 3468 2756 munitionem?

1885 2797 2226 2867 lmpossibile
2273 2798 2417 2851 enim
2473 2807 2589 2852 erat
2626 2798 2831 2866 ingredi
2886 2796 3112 2858 malum,
3159 2795 3466 2847 munitione

1884 2897 2185 2941 constante.
2211 2886 2352 2952 Quid
2383 2889 2568 2942 taces?
2595 2885 2733 2954 Quid
2768 2887 3001 2941 moraris
3031 2895 3110 2946 tu,
3137 2884 3466 2939 Manietnee?

1887 2977 2112 3034 Etiamsi
2142 2988 2196 3032 tu
2222 2980 2461 3036 dilferas.
2501 2979 2785 3049 aggrediar
2813 2995 2929 3032 mea
2962 2988 3175 3047 sponte.
3217 2976 3275 3030 Si
3314 2977 3461 3030 enim

1884 3072 2111 3139 dixeris,
2138 3073 2267 3142 quia
2311 3073 2451 3126 Dens
2477 3073 2826 3136 destruxerit,
2862 3075 3134 3141 requiram
3165 3071 3297 3141 quid
3327 3086 3456 3125 eum

1885 3161 2114 3216 moverit
2162 3163 2228 3215 ad
2276 3163 2662 3217 destruendum
2708 3164 2829 3227 hoc,
2871 3163 3014 3231 quod
3048 3162 3198 3231 prius
3244 3171 3462 3231 propter

1883 3251 2346 3320 importunitatem
2384 3255 2628 3323 maligni,
2665 3264 2719 3307 et
2767 3253 3170 3322 separationem
3204 3254 3318 3323 ipse
3361 3269 3460 3307 ex-

1883 3346 2202 3398 struxerat?
2236 3344 2376 3411 Quid
2413 3345 2606 3409 iratus,
2646 3353 2741 3399 aut
2769 3346 2898 3414 quid
2931 3345 3114 3398 damni
3145 3361 3458 3414 perpessus,

1882 3437 2169 3491 adversum
2213 3453 2271 3492 se
2300 3437 2414 3506 ipse
2445 3453 2684 3506 pugnare
2717 3437 3038 3491 contendit?
3072 3437 3180 3490 Aut
3212 3437 3459 3506 nunquid

1881 3529 1947 3582 de
1976 3529 2197 3598 maligni
2235 3528 2589 3583 facultatibus
2617 3529 2822 3598 aliquid
2845 3530 3196 3597 concupivit?
3226 3529 3380 3594 Quod
3410 3528 3458 3584 si

1883 3619 2077 3673 horum
2132 3620 2267 3672 nih~.l
2316 3620 2367 3672 in
2405 3635 2567 3673 causa
2605 3629 2686 3672 est
2726 3619 2838 3672 Deo
2874 3619 3186 3673 destruendi
3219 3635 3305 3681 ea,
3339 3634 3462 3687 quin

1875 3708 2193 3777 jamdudum
2222 3711 2287 3765 ad
2319 3711 2664 3765 alienandum
2700 3727 2728 3764 a
2755 3727 2812 3765 se
2845 3720 2914 3785 et.
2929 3713 3293 3780 separandum
3325 3727 3445 3765 ma-

1879 3802 1988 3856 lum
2023 3805 2136 3871 ipse
2166 3812 2576 3868 construxerat;
2608 3804 2738 3856 iilud
2786 3818 2885 3856 nec
2933 3803 3129 3856 mirum
3162 3803 3457 3872 putandum

1878 3903 1982 3956 est,
2011 3895 2152 3964 quod
2181 3895 2299 3963 ejus
2333 3898 2614 3948 consortio
2637 3895 2748 3964 (15)
2777 3893 2939 3948 fuerit
2966 3895 3297 3959 delectatus;
3332 3910 3455 3948 mu-

1879 3989 2014 4043 nitio
2044 3990 2187 4042 enim
2234 4006 2356 4059 qua:
2387 3991 2553 4044 missa
2591 3990 2767 4043 fuerat
2798 3997 3014 4058 propter
3047 3988 3174 4054 hoc,
3230 4003 3297 4041 ne
3340 3986 3459 4055 ejus

1880 4079 2188 4134 molestiam
2238 4090 2534 4149 pateretur,
2587 4079 2790 4133 idcirco
2835 4079 3114 4134 destructa
3161 4077 3458 4144 videbitur,

1879 4173 2135 4241 quoniam
2168 4189 2275 4226 non
2306 4173 2417 4242 jam
2462 4174 2743 4236 molestus,
2788 4172 2880 4226 sed
2909 4172 3120 4226 amicus
3152 4169 3268 4224 fore
3297 4177 3458 4238 puta-

1878 4264 2041 4317 bitur.
2083 4262 2237 4328 Quod
2282 4267 2326 4318 si
2379 4281 2409 4318 a
2465 4266 2705 4334 maligno
2743 4279 2958 4317 murum
2999 4263 3152 4317 dicas
3195 4277 3316 4317 esse
3357 4262 3459 4315 dc-

1879 4364 2170 4420 structum,
2211 4356 2486 4424 quomodo
2524 4366 2754 4418 possunt
2790 4357 2914 4409 boui
2947 4355 3037 4410 Dei
3067 4371 3230 4425 opera
3269 4371 3296 4407 a
3337 4369 3459 4408 ma-

1880 4445 2026 4515 ligno
2053 4448 2298 4516 superari
2323 4447 2346 4500 ?
2369 4447 2610 4517 alioquin
2642 4447 2834 4503 fortior
2859 4447 2968 4501 Deo
3003 4447 3312 4501 invenietur
3341 4461 3458 4499 ma-

192 4555 360 4610 bilem
393 4557 562 4624 dicis;
599 4555 690 4611 Dei
717 4566 800 4612 est
826 4559 970 4613 enim
997 4575 1176 4628 agere,
1207 4577 1328 4628 quae
1358 4561 1452 4616 Dei
1480 4573 1642 4628 sunt;
1677 4565 1775 4617 ho-

1887 4538 2021 4607 Iigna
2068 4549 2282 4593 natura.
2327 4538 2615 4605 Quomodo
2655 4549 2710 4594 et
2752 4541 2886 4610 ipse,
2937 4555 3060 4593 cum
3115 4539 3186 4593 sit
3231 4538 3458 4590 omnino

192 4649 364 4703 minis
397 4665 546 4716 vero,
595 4667 717 4720 qua:
762 4653 998 4705 humana
1053 4663 1200 4706 sunt.
1252 4652 1306 4706 Si
1338 4669 1468 4724 ergo
1519 4654 1680 4716 Deus.
1719 4667 1778 4712 ut

191 4735 300 4799 ais,
335 4751 549 4789 murum
576 4739 901 4803 construxit,
929 4740 1175 4793 timidum
1208 4757 1266 4796 se
1291 4742 1397 4807 hic,
1425 4753 1478 4797 et
1505 4745 1640 4798 nihil
1669 4746 1775 4798 for-

191 4828 452 4883 titudinis
487 4845 545 4884 se
577 4830 776 4884 habere
819 4831 1088 4901 designat.
1132 4832 1348 4889 Scimus
1375 4836 1520 4888 enim
1560 4853 1776 4906 seraper

191 4937 312 4980 eos,
360 4920 450 4988 qui
504 4923 849 4991 suspicantur
899 4924 966 4977 ab
1003 4926 1276 4979 extraneis
1330 4927 1430 4980 sibi
1484 4928 1644 4982 dolos
1689 4931 1774 4982 in-

193 5011 366 5074 tendi,
400 5021 563 5080 atque
593 5013 829 5066 hostium
862 5024 1116 5068 verentur
1157 5015 1403 5083 insidias,
1453 5019 1552 5086 ipsi
1600 5019 1774 5072 Shlt‘lll

191 5101 363 5156 urbes
391 5099 518 5158 Suas
564 5105 738 5158 muris
784 5105 1156 5172 circumdare;
1192 5106 1244 5160 in
1276 5123 1386 5176 quo
1423 5117 1472 5162 et
1513 5109 1772 5179 ignoran-

267 5257 312 5289 “
340 5257 536 5314 Geues.
577 5275 615 5325 ι,
659 5261 712 5316 4.
787 5261 832 5294 ⁸³
863 5261 1021 5318 Joan.
1066 5279 1116 5331 ι,
1152 5264 1205 5318 5.

267 5398 382 5474 (ψ)
422 5399 481 5474 lu
513 5398 702 5474 codice
731 5399 1038 5474 Casinensi,
1073 5421 1090 5452 ι
1122 5413 1415 5474 utrumque
1449 5403 1645 5471 majus.
1679 5424 1697 5455 ι

267 5469 382 5542 (ll)
421 5467 479 5542 ip
507 5471 693 5542 codice
714 5473 1021 5536 Casiuensi,
1055 5492 1072 5522 ‹
1107 5467 1575 5542 partum-faceret.
1609 5495 1627 5524 ι

265 5535 380 5606 (l2)
421 5536 555 5593 Nota
591 5540 844 5612 Archelai
875 5535 1187 5607 attatern,'et
1214 5545 1411 5598 habita:
1439 5543 1770 5612 disputatio-

192 5610 279 5663 nis
305 5619 550 5676 tempus;
588 5611 733 5680 loqui
781 5621 959 5666 antem
1000 5614 1084 5666 hic
1115 5614 1328 5667 videtur
1371 5610 1673 5668 Archelaus
1709 5619 1774 5669 de

193 5680 424 5756 Carrhis
449 5696 481 5756 a
503 5680 812 5756 Persissub
838 5684 1125 5756 Valeriano
1156 5686 1400 5753 Augusto
1425 5687 1772 5756 expugnatis,

192 5751 278 5822 vel
330 5750 640 5822 deeiSileut
689 5754 883 5806 iterum
934 5755 1002 5806 ab
1046 5750 1330 5809 ()denatho
1366 5750 1603 5809 Orientis
1651 5773 1773 5822 rege

191 5821 426 5877 Gallieni
459 5822 802 5891 imperatoris
833 5826 1168 5893 temporibus
1202 5827 1254 5879 in
1285 5825 1513 5882 Romani
1560 5821 1770 5900 imperii

1878 4637 2025 4683 totus
2073 4629 2328 4694 tenebrae,
2380 4631 2488 4683 luci
2541 4631 2876 4698 supervenit,
2923 4638 2976 4682 et
3023 4628 3454 4696 comprehendit,

1876 4720 2202 4789 evangelista
2246 4721 2620 4774 testimonium
2669 4720 2872 4773 ferente
2921 4737 2934 4772 :
2986 4737 3006 4768 ο
3037 4718 3152 4771 Lux
3204 4719 3344 4770 lucet
3400 4717 3455 4769 in

1875 4813 2132 4874 tenebris,
2162 4822 2214 4864 et
2239 4813 2471 4866 ιιτιιθιπεε
2491 4829 2609 4866 eam
2641 4829 2745 4864 non
2769 4809 3364 4880 comprehenderunt"
3385 4810 3408 4862 ?
3429 4827 3450 4859 ι

1876 4902 2162 4969 Quomodo
2210 4889 2387 4956 caecus
2434 4901 3030 4968 arniatur?Quomodo
3081 4902 3317 4956 tenebrae
3355 4900 3456 4954 ad-

1877 5012 2068 5048 versus
2102 4994 2238 5047 Iuris
2271 5010 2496 5063 regnum
2534 4993 2836 5048 dimicant?
2875 4991 3029 5047 Sicut
3059 4994 3206 5047 enim
3244 4994 3358 5048 haec
3393 4992 3457 5046 il-

1876 5087 2020 5142 la'sis
2043 5090 2216 5144 oeulis
2243 5090 2355 5158 (Η)
2387 5089 2518 5142 solis
2544 5088 2726 5143 radios
2757 5089 2811 5142 in
2840 5104 2899 5143 se
2922 5089 3166 5144 recinere
3191 5103 3300 5142 non
3328 5099 3455 5156 pos-

1875 5407 2132 5461 ditiouem
2178 5407 2432 5461 redactis.
2483 5404 2617 5458 Vide
2662 5403 2992 5459 Trebellium
3042 5401 3348 5455 Pollionem
3399 5399 3454 5453 in

1877 5478 2138 5540 Gallieno,
2174 5494 2294 5547 cap.
2334 5479 2401 5529 lt)
2426 5487 2477 5529 et
2508 5477 2592 5529 l2.

1948 5549 2058 5618 (l5)
2079 5548 2168 5621 kln
2189 5545 2375 5621 codice
2397 5546 2706 5621 Casincusi,
2736 5564 2753 5595 ι
2771 5545 3087 5621 putandum
3123 5552 3205 5596 est
3225 5555 3455 5621 consor-

1875 5613 1971 5673 tio.
2004 5613 2048 5670 ι’
2071 5618 2198 5683 Sed,
2248 5638 2266 5669 ι
2299 5619 2342 5671 si
2373 5619 2492 5686 ejus
2541 5613 2841 5680 consortio,
2881 5636 2899 5667 ι
2955 5617 3059 5680 vel,
3097 5632 3115 5664 ι
3149 5613 3296 5682 quod
3331 5613 3456 5680 ejus

1877 5691 2176 5754 consortio,
2214 5709 2232 5740 ›
2273 5690 2490 5742 videtur
2519 5687 2828 5757 legendum.

1947 5761 2060 5816 (14)
2097 5759 2152 5814 lu
2176 5761 2364 5815 eodem
2386 5755 2592 5822 codice,
2617 5777 2635 5809 ι
2663 5758 2809 5812 illius
2828 5756 3022 5819 oculis,
3051 5775 3068 5806 ρ
3093 5755 3242 5810 nullo
3265 5769 3449 5810 sensu.
