3922 6494
455 365 476 418 1
489 364 588 418 467

1475 352 1666 410 ACTA
1705 347 2235 408 DlSPUTATlONlS
2275 344 2331 402 S.
2369 337 2716 397 ARCHELAI

3577 319 3714 374 ηδε

453 488 604 542 sunt,
639 477 714 532 ita
745 485 796 530 et
821 473 908 529 hic
935 473 1078 529 ferre
1101 487 1210 528 non
1237 471 1383 526 valet
1403 446 1557 538 regni
1587 469 1728 524 lucis
1758 467 2042 534 intuitum,
2073 471 2118 526 Α
2147 473 2230 520 set
2285 463 2470 524 homo,
2519 455 2849 542 priusquam
2884 455 3073 542 pastor
3113 441 3340 542 haberet
3377 454 3634 542 gregem,
3671 441 3714 539 si

453 571 547 628 sed
579 579 762 625 manet
782 583 998 638 semper
1029 577 1322 622 extraneas
1351 570 1406 617 et
1434 561 1668 616 alienus.

523 661 692 717 XXV.
735 659 918 715 Manes
952 661 1092 713 dixit
1118 675 1136 712 :
1158 656 1274 712 Non
1324 671 1516 710 omnes
1552 655 1778 724 capiunt
1813 651 2037 706 verbum

453 755 571 822 Dei,
600 756 692 810 sed
723 755 924 823 quibus
951 755 1136 807 datum
1169 761 1252 808 est
1276 751 1417 806 scire
1449 749 1709 820 mysteria
1745 744 1895 816 regni
1929 760 2038 800 caa-

455 847 634 901 lorum
663 847 727 900 ³⁸.
760 845 828 898 Et
855 845 966 914 jam
1003 845 1220 914 quidem
1249 845 1361 914 (15)
1389 844 1504 899 scio
1533 840 1626 910 qui
1665 839 1775 894 sint
1813 837 1986 892 nostri
2020 853 2034 890 :

462 959 480 989 ι
511 938 642 992 Μυτὲ
673 939 838 1003 enim,
867 937 1064 1003 inquit,
1097 951 1225 990 oves
1247 949 1434 988 vocem
1469 947 1645 986 meam
1679 927 1986 982 audiunt".
2011 947 2028 979 ι

455 1029 682 1099 Pmpter
725 1039 941 1084 nostros
976 1043 1105 1096 ergo
1149 1028 1349 1096 quibus
1381 1026 1542 1080 datas
1571 1032 1654 1078 est
1679 1022 1926 1078 veritatis
1951 1023 2036 1076 in-

459 1123 723 1184 tellectus,
759 1137 854 1189 per
890 1119 1275 1174 similitudines
1307 1118 1504 1172 dicam.
1569 1115 1777 1170 Similis
1799 1123 1882 1170 est
1917 1129 2034 1168 ma-

457 1212 638 1282 lignus
663 1212 826 1273 lconi,
861 1212 951 1280 qui
989 1211 1224 1280 irrepere
1265 1210 1380 1263 vult
1413 1210 1558 1280 gregi
1589 1209 1718 1262 boni
1761 1208 2032 1277 pastoris;

458 1306 602 1374 quod
633 1321 755 1360 cum
787 1315 970 1374 pastor
997 1305 1207 1369 viderit,
1235 1303 1369 1357 fodit
1403 1303 1613 1356 foveam
1651 1302 1945 1371 ingentem,
1981 1309 2036 1353 et

456 1397 522 1452 de
553 1413 714 1468 grege
749 1399 867 1452 tulit
891 1414 1056 1450 unum
1083 1396 1330 1458 haedum,
1365 1407 1419 1450 et
1445 1393 1672 1465 jactavit
1702 1394 1754 1446 in
1783 1391 2030 1457 foveam;

456 1509 617 1564 quem
667 1493 752 1546 leo
797 1492 1420 1558 invaderedesiderans,
1454 1507 1578 1546 cum
1630 1491 1840 1560 ingenti
1890 1489 2033 1543 indi-

455 1583 714 1652 gnatione
756 1583 921 1636 voluit
959 1598 1084 1635 eum
1107 1582 1422 1648 absorbere,
1448 1589 1502 1636 et
1529 1597 1824 1636 accurrens
1856 1581 1924 1635 ad
1956 1580 2036 1633 fo-

454 1692 634 1740 veam,
663 1674 864 1728 decidit
901 1675 952 1728 iu
983 1691 1125 1740 eam,
1159 1674 1488 1728 ascendendi
1519 1674 1643 1727 inde
1671 1688 1892 1728 sursum
1925 1687 2036 1726 non

458 1768 667 1822 habens
699 1769 872 1831 vires;
910 1782 1071 1835 quem
1113 1775 1298 1834 pastor
1329 1767 1726 1836 apprehensum
1763 1779 1858 1833 pro
1903 1779 2034 1832 pru-

2146 551 2555 624 supervenisset
2583 548 2686 608 leo,
2724 541 2854 612 quid
2885 537 3068 600 tiebat,
3099 535 3228 604 quia
3261 549 3373 587 non
3397 541 3520 584 erat
3549 529 3717 584 leonis

2145 622 2271 704 esca
2321 646 2637 715 priusquam
2685 635 2880 690 haedus
2927 629 3107 684 esset?
3147 625 3329 680 Manes
3389 625 3532 678 dixit
3567 622 3716 678 :Leo

2139 739 2357 810 quidem
2383 733 2514 788 nihil
2541 727 2922 787 manducabat,
2939 723 3222 778 exercebat
3245 729 3428 776 tamen
3455 716 3718 771 malitiam

2142 845 2296 886 suam
2343 843 2439 896 per
2477 835 2820 894 quaecunque
2854 828 3070 889 poterat
3099 815 3364 879 invenire,
3403 814 3722 868 discurrens

2137 941 2234 997 per
2265 921 2496 976 vertices
2527 917 2794 972 montium
2825 933 2840 980 ;
2867 913 3012 984 quod
3053 913 3098 966 si
3141 907 3440 980 aliquando
3477 907 3533 960 ei
3561 905 3718 960 etiam

2138 1032 2265 1072 esca
2291 1023 2408 1068 erat
2441 1009 2772 1072 necessaria,
2803 1008 3050 1078 capiebat
3083 1021 3146 1057 ex
3177 1001 3366 1056 bestiis
3415 1015 3548 1068 qua:
3575 1009 3724 1050 erant

2137 1107 2242 1163 sub
2276 1120 2445 1173 regno
2480 1119 2603 1158 suo.
2652 1103 2942 1154 Archelaus
2978 1099 3114 1151 dixit
3146 1112 3157 1147 :
3204 1093 3343 1162 Ergo
3391 1091 3567 1144 unius
3605 1097 3726 1143 sunt

2137 1197 2476 1261 substantize,
2507 1195 2701 1250 bestiae
2749 1209 2869 1264 qua:
2916 1199 3043 1246 sunt
3072 1190 3124 1242 in
3173 1201 3339 1254 regno
3385 1183 3643 1250 maligni,
3675 1191 3728 1235 et

2136 1289 2283 1344 haedi
2337 1289 2431 1358 qui
2479 1295 2608 1342 sunt
2657 1287 2710 1340 in
2761 1299 2928 1353 regno
2977 1283 3104 1336 boni
3137 1279 3270 1332 Dei?
3303 1276 3494 1330 Manes
3539 1275 3724 1327 dixit:

2137 1383 2323 1444 Absit;
2373 1395 2719 1450 nequaquam
2775 1396 2788 1432 :
2844 1375 2982 1430 nihil
3027 1386 3319 1428 commune
3369 1379 3486 1431 est.
3553 1383 3726 1436 neque

2138 1474 2274 1542 ipsis
2314 1472 2380 1526 ad
2428 1471 2682 1534 invicem,
2717 1483 2893 1538 neque
2925 1467 3008 1520 his
3041 1480 3159 1534 quae
3192 1478 3290 1516 sua
3324 1469 3472 1514 sunt.
3521 1459 3728 1511 Arche-

2139 1565 2254 1620 laus
2281 1563 2418 1617 dixit
2456 1581 2474 1619 :
2503 1562 2658 1618 Unus
2696 1569 2860 1630 atque
2904 1557 3043 1612 idem
3079 1563 3162 1609 est
3191 1569 3326 1608 usus
3357 1553 3414 1605 in
3446 1567 3584 1606 esca
3617 1549 3726 1603 leo-

2141 1659 2246 1713 nis.
2282 1656 2338 1710 Si
2369 1657 2512 1710 enim
2551 1671 2614 1709 ex
2647 1649 2882 1724 propriis
2911 1646 3204 1717 aliquando
3234 1644 3424 1698 bestiis
3469 1642 3728 1710 capiebat

2140 1749 2344 1814 cibum,
2391 1745 2686 1817 aliquando
2713 1743 2856 1797 etde
2883 1741 2969 1796 his
3009 1739 3136 1794 boni
3177 1737 3303 1803 Dei;
3335 1736 3486 1789 nulla
3537 1745 3628 1788 est
3675 1734 3726 1788 in

455 1860 640 1916 dentia
687 1875 786 1914 sua
836 1859 888 1912 in
927 1874 1088 1912 cavea
1128 1858 1430 1923 concludit,
1475 1865 1638 1926 atque
1677 1855 1900 1910 hmdum
1936 1855 2029 1924 qui

2143 1843 2225 1896 his
2277 1841 2603 1901 diﬂerentia,
2655 1845 2920 1906 quantum
2951 1832 3016 1886 ad
3059 1847 3214 1886 escas
3253 1829 3512 1899 pertinet,
3569 1838 3630 1880 et
3663 1842 3728 1880 ex

457 1967 582 2005 cum
611 1951 728 2018 ipso
765 1948 929 2002 fuerit
971 1950 1024 2002 in
1071 1947 1250 2013 fovea,
1287 1947 1618 2001 incolumem
1665 1947 2030 2001 conservavit.

457 2042 534 2094 Ex
582 2042 685 2096 hoc
731 2056 861 2110 ergo
911 2041 1221 2094 inﬁrmatus
1257 2041 1342 2094 c’st
1414 2039 1704 2108 malignus,
1753 2039 1893 2092 ultra
1920 2037 2032 2107 jam

456 2136 613 2188 leone
667 2150 772 2188 non
810 2134 1041 2187 habente
1085 2139 1406 2200 potestatem
1443 2129 1676 2185 faciendi
1711 2129 1939 2199 aliquid,
1983 2141 2037 2184 et

457 2228 758 2282 salvabitnr
808 2243 968 2280 omne
1017 2226 1325 2279 animarum
1367 2240 1561 2292 genus,
1616 2239 1681 2278 ac
1713 2225 2034 2279 restituetur

459 2321 604 2388 quod
638 2319 890 2389 perierat,
929 2319 1146 2388 proprio
1182 2333 1284 2372 suo
1319 2317 1486 2388 gregi.
1543 2317 1832 2371 Archelaus
1863 2318 2034 2370 dixit:

461 2408 516 2462 Si
551 2410 759 2464 leonem
805 2410 1042 2480 maligno
1089 2425 1396 2478 comparas,
1431 2408 1600 2462 Deum
1637 2425 1767 2464 vero
1810 2411 2034 2480 pastori,

459 2515 590 2556 oves
635 2511 798 2571 atque
851 2501 1095 2566 hostium,
1137 2501 1244 2564 dic,
1292 2501 1509 2554 cuinam
1557 2503 2038 2570 comparabimus?

461 2593 646 2647 Manes
679 2593 1020 2647 dixit:0ves
1055 2601 1109 2646 et
1157 2593 1352 2647 hmdus
1396 2593 1557 2648 unius
1603 2593 1736 2648 mihi
1785 2595 2038 2650 videntur

458 2701 580 2740 esse
614 2695 855 2750 naturae;
883 2685 935 2736 in
963 2683 1374 2738 similitudinem
1400 2695 1580 2740 autem
1612 2695 1890 2754 ponuntur
1915 2689 2035 2742 ani-

461 2793 694 2830 marum.
733 2775 1020 2828 Archelaus
1065 2774 1203 2826 dixit
1239 2773 1531 2829 :Animam
1588 2791 1717 2845 ergo
1768 2777 2036 2846 perditum

459 2869 606 2922 dedit
649 2867 812 2933 Deus,
861 2866 1128 2934 objiciens
1172 2882 1292 2920 eam
1339 2866 1486 2920 leoni
1533 2869 1588 2922 in
1630 2867 1806 2925 fovea.
1856 2869 2036 2924 Manes

458 2963 594 3016 dixit
628 2977 645 3015 :
678 2961 1055 3032 Nequaquam,
1092 2963 1233 3018 absit
1265 2962 1398 3028 hoc;
1425 2962 1518 3016 sed
1551 2963 1927 3032 apprehensus
1953 2973 2038 3018 est

460 3053 564 3108 hoc
594 3053 830 3122 ingenio,
865 3054 918 3106 in
956 3053 1200 3108 futurum
1235 3069 1364 3108 vero
1393 3053 1628 3109 salvabit
1667 3069 1810 3108 eam.
1841 3055 2039 3108 Arche-

458 3145 578 3200 laus
609 3145 744 3200 dixit
775 3162 792 3198 :
823 3145 1133 3202 Ridiculum
1163 3151 1275 3216 jam
1298 3148 1440 3202 istud
1470 3157 1572 3213 est,
1609 3148 1714 3202 viri
1739 3148 2033 3212 auditores,

456 3242 504 3294 si
533 3257 731 3311 agnum
765 3259 924 3311 quem
961 3244 1224 3297 retinebat
1253 3243 1306 3296 in
1331 3244 1568 3307 sinibus,
1595 3253 1782 3314 pastor
1804 3247 2035 3298 extime—

458 3345 618 3384 scens
647 3331 820 3386 leonis
854 3332 1180 3402 ingressum,
1205 3333 1435 3404 projecit
1460 3349 1584 3388 eum
1623 3335 2026 3399 devorandum,

455 3431 510 3474 et
539 3421 739 3475 dicitur
766 3425 893 3491 quia
931 3425 982 3477 in
1020 3425 1264 3479 futurum
1296 3426 1528 3481 salvabit
1564 3443 1714 3482 eum.
1741 3427 2036 3494 Quomodo

456 3533 566 3572 non
593 3528 765 3573 totum
794 3521 898 3576 hoc
934 3523 1165 3576 ridiculo
1195 3523 1414 3591 plenum
1443 3524 1560 3578 est?
1587 3522 1720 3576 Nam
1753 3533 1807 3578 et
1851 3525 1904 3578 in
1936 3526 2036 3578 hoc

457 3610 620 3666 etiam
657 3611 924 3680 judicium
967 3615 1246 3668 adimitur.
1295 3615 1438 3670 Dens
1478 3617 1621 3669 enim
1659 3615 1768 3684 (16)
1822 3614 2038 3670 Satanae

458 3703 694 3756 animam
733 3705 972 3770 tradidit,
1021 3707 1076 3760 in
1123 3708 1478 3776 perditionem
1524 3709 1591 3762 ab
1639 3723 1703 3762 eo
1751 3723 2037 3762 assumen-

458 3793 604 3847 dam.
655 3793 885 3860 Quando
927 3799 1072 3852 enim
1117 3811 1322 3870 pastor,
1375 3817 1556 3856 nonne
1601 3801 1772 3854 David
1805 3801 1916 3868 (l7)
1970 3799 2036 3852 de

458 3903 552 3944 ore
603 3890 810 3956 leonis,
865 3892 950 3946 vel
1007 3894 1120 3947 ursi
1175 3895 1318 3948 eruit
1369 3895 1574 3949 ovem?
1635 3893 1748 3947 Hoc
1803 3893 2036 3946 dicimus

455 3993 680 4053 propter
739 4001 828 4038 ore
895 3985 1105 4050 leonis;
1163 3989 1306 4057 quod
1375 3990 1486 4056 ait,
1550 3989 1616 4042 de
1689 4002 1784 4041 ore
1860 3985 2036 4040 leonis

456 4083 553 4128 aut
614 4076 680 4130 de
741 4087 929 4131 ventre
977 4079 1095 4147 ejus
1146 4089 1328 4148 potest
1401 4081 1673 4144 educere,
1733 4079 1876 4149 quod
1921 4077 2033 4148 jam

455 4163 546 4217 ille
607 4166 905 4222 devoravit.
973 4167 1078 4222 Sed
1143 4171 1290 4225 dices
1352 4173 1484 4226 mihi
1534 4189 1548 4225 :
1595 4170 1739 4226 Deus
1792 4179 1915 4236 est,
1979 4177 2036 4223 et

456 4256 642 4308 omnia
711 4267 907 4324 potest.
969 4258 1110 4312 Audi
1175 4277 1304 4332 ergo
1367 4265 1432 4318 ad
1497 4263 1610 4318 haec
1657 4281 1669 4316 :
1721 4277 1820 4316 cur
1872 4261 2037 4331 igitur

457 4348 602 4414 quod
633 4350 824 4415 possit,
861 4365 970 4402 non
1021 4351 1154 4404 illud
1203 4354 1384 4421 potius
1433 4355 1654 4417 asset-is,
1692 4355 1838 4423 quod
1878 4363 2035 4422 pote-

456 4438 528 4491 rit
567 4438 784 4506 propria
827 4439 1024 4494 virtute
1049 4443 1267 4496 vincere
1311 4443 1545 4507 leonem,
1589 4445 1704 4498 sive
1743 4459 1880 4512 pura
1917 4443 2030 4514 (l8)

2139 1935 2244 1990 hoc
2288 1943 2510 2003 apparet
2551 1932 2714 1986 unius
2749 1946 2843 1984 eas
2885 1943 3007 1983 esse
3045 1925 3376 1981 substantiae.
3429 1923 3540 1976 Sed
3581 1923 3726 1976 aliud

2138 2025 2248 2096 (l9)
2288 2026 2395 2080 alio
2437 2024 2596 2094 longe
2633 2021 2852 2078 diﬂ‘erre
2885 2017 3248 2089 ignorantiam
3297 2015 3508 2085 pastori
3549 2015 3728 2068 ascri-

2137 2119 2342 2184 bimus,
2371 2117 2498 2187 quia
2531 2131 2636 2169 non
2669 2125 2847 2184 aptam
2877 2127 3082 2176 escam,
3112 2109 3242 2179 quin
3269 2109 3450 2177 potius
3479 2109 3728 2160 alienam

2137 2205 2351 2270 obtulit,
2401 2204 2486 2258 vel
2515 2202 2744 2273 projccit
2779 2200 2944 2254 leoni.
2981 2199 3090 2253 Aut
3130 2197 3270 2252 forte
3310 2211 3508 2250 rursus
3551 2197 3728 2251 dissi-

2137 2299 2345 2350 mulare
2393 2296 2603 2360 volens,
2647 2293 2794 2347 dices
2828 2291 2986 2356 mihi,
3014 2289 3140 2359 quia
3175 2291 3314 2344 nihil
3370 2289 3455 2343 leo
3487 2289 3586 2342 ille
3635 2305 3729 2344 co-

2138 2387 2410 2467 medebat.
2459 2386 2688 2440 Illumne
2732 2387 2896 2456 igitur
2945 2385 3038 2455 qui
3083 2381 3368 2438 comedere
3415 2381 3728 2444 nesciebat,

2138 2481 2253 2548 ipse
2283 2479 2350 2533 ad
2399 2478 2793 2533 comedendum
2835 2478 3071 2533 animam
3102 2475 3443 2546 provocavit,
3476 2489 3584 2528 nec
3615 2473 3730 2528 sola

2139 2570 2293 2625 fovea
2326 2570 2392 2624 ad
2425 2570 2800 2638 decipiendum
2829 2585 2951 2622 eum
2983 2567 3060 2620 uti
3095 2565 3284 2627 voluit,
3317 2565 3364 2618 si
3397 2574 3590 2616 tamen
3629 2564 3732 2618 hoc

2139 2664 2362 2733 dignum
2402 2671 2486 2716 est
2537 2661 2716 2716 facere
2763 2659 2956 2724 Deum,
3001 2669 3056 2716 et
3097 2659 3254 2714 dolos
3303 2657 3732 2728 exquiret-(:23

2141 2753 2281 2809 sicut
2318 2769 2410 2807 rex
2443 2753 2664 2823 aliquis,
2693 2753 2836 2807 bello
2872 2753 2976 2806 sibi
3008 2753 3178 2817 illato,
3205 2765 3562 2821 nequaquam
3602 2766 3730 2820 pro-

2138 2847 2255 2917 pria
2280 2846 2477 2899 virtute
2511 2847 2773 2906 cenlisus,
2815 2844 2908 2898 sed
2951 2844 3344 2898 imbecillitatis
3379 2859 3500 2896 suae
3531 2843 3730 2898 timore

2141 2939 2483 3008 perterritus,
2518 2937 2692 2991 muris
2723 2937 2838 3006 ipse
2875 2937 3026 2991 urbis
3049 2936 3315 3002 inclusus,
3349 2936 3560 2989 vallum
3589 2935 3726 2987 alia-

2139 3045 2246 3100 que
2291 3029 2630 3083 munimenta
2671 3028 2975 3082 circumdat
3006 3043 3069 3082 ac
3111 3036 3408 3097 praeparat,
3447 3027 3638 3080 manui
3665 3042 3726 3080 ac

2139 3123 2349 3178 viribus
2389 3123 2524 3177 nihil
2571 3122 2775 3186 lidcns;
2824 3119 2868 3174 si
2917 3136 3046 3175 vero
3093 3122 3174 3174 vir
3217 3119 3379 3175 fortis
3423 3121 3521 3184 sit,
3559 3122 3720 3174 etiam

2065 3195 2105 3251 Ο
2143 3233 2304 3287 porro
2344 3233 2374 3270 a
2407 3216 2519 3270 suis
2555 3216 2753 3271 linihus
2781 3215 2833 3268 in
2865 3230 3155 3270 occursuro
3187 3215 3330 3269 hosti
3367 3213 3646 3283 procedit,
3671 3222 3722 3266 et

2139 3309 2249 3379 agit
2281 3308 2485 3375 omnia,
2529 3323 2814 3377 usquequo
2859 3309 3042 3362 vincat
3080 3319 3134 3362 et
3177 3306 3425 3360 obtineat
3467 3305 3725 3359 adversa-

2139 3417 2302 3455 rium.

2210 3514 2398 3568 XXVI.
2433 3514 2647 3570 Iudices
2675 3517 2922 3570 dixerunt
2953 3531 2969 3567 :
2995 3513 3052 3568 Si
3083 3513 3165 3567 ais
3191 3520 3474 3582 pastorem
3501 3512 3724 3567 haedum

2141 3609 2254 3664 sive
2286 3623 2486 3678 agnum
2521 3609 2664 3663 leoni
2703 3606 3015 3677 projeeisse,
3056 3621 3180 3660 cum
3225 3605 3316 3658 ille
3353 3605 3602 3659 irrueret
3639 3605 3728 3660 ad-

2137 3717 2355 3756 versum
2401 3701 2724 3770 ingenitum,
2759 3709 2944 3754 actum
2997 3706 3102 3752 est.
3134 3696 3307 3762 Quem
3361 3698 3520 3750 enim
3551 3707 3728 3765 potest

2135 3793 2382 3862 judicare
2413 3803 2599 3861 pastor
2622 3791 2906 3846 hcedorum
2947 3799 3110 3859 atque
3131 3804 3431 3859 agnorum,
3457 3805 3592 3843 cum
3619 3791 3724 3858 ipse

2140 3887 2448 3942 inveniatur
2474 3886 2554 3940 eis
2601 3886 2654 3938 in
2698 3883 2916 3946 delicto,
2959 3882 3004 3936 si
3053 3896 3220 3935 causa
3268 3881 3518 3936 traditus
3567 3883 3720 3935 etiam

2141 3993 2312 4047 agnus
2344 3993 2438 4045 per
2461 3977 2832 4030 inlirmitatem
2863 3973 3096 4042 pastoris
3124 3971 3384 4025 resistere
3415 3987 3532 4024 non
3563 3971 3726 4024 valuit

2139 4070 2304 4134 leoni,
2329 4073 2858 4136 etjconsequenscst,
2891 4071 2950 4116 ut
2978 4064 3344 4132 quodcunque
3379 4061 3562 4116 fuerit
3589 4063 3724 4118 leoni

2141 4162 2374 4220 libitum.
2405 4169 2590 4229 gerat;
2619 4168 2874 4228 tanquam
2901 4158 2945 4212 si
2989 4157 3243 4211 dominus
3269 4171 3450 4208 unum
3488 4171 3523 4210 e
3557 4155 3724 4210 servis

2141 4252 2257 4307 suis
2282 4251 2536 4320 ejectum,
2563 4251 2646 4304 vel
2679 4265 2774 4319 per
2801 4258 3004 4303 metum
3043 4248 3220 4302 tradat
3241 4247 3578 4300 adversario
3611 4262 3726 4306 suo,

2141 4365 2302 4418 quem
2339 4363 2532 4402 rursus
2570 4345 2808 4416 recipere
2841 4344 2959 4398 suis
3011 4343 3218 4396 viribus
3257 4356 3368 4395 non
3413 4341 3640 4396 valeat?
3673 4339 3724 4392 Si

2141 4457 2271 4495 vero
2297 4455 2428 4494 casu
2459 4439 2642 4509 aliquo
2661 4439 2973 4508 provenerit
2992 4451 3114 4490 eum
3147 4434 3336 4503 recipi,
3363 4449 3480 4504 qua
3509 4434 3724 4488 tandem

455 4529 550 4583 Dei
611 4531 848 4600 potentia
875 4571 892 4597 ,
938 4539 992 4586 et
1053 4550 1332 4604 nunquam
1377 4535 1647 4588 machinis
1683 4536 2031 4604 quibusdam,
2068 4544 2110 4600 ι)
2141 4533 2353 4586 ratione
2387 4539 2658 4586 tormenta
2697 4529 2747 4584 ei
2789 4529 2987 4598 poterit
3031 4528 3295 4596 irrogare,
3338 4526 3384 4578 si
3435 4526 3506 4579 ad
3541 4525 3724 4580 omnia

453 4629 508 4676 et
535 4623 703 4678 fovea:
741 4624 903 4679 haedo
940 4625 1053 4680 sive
1099 4642 1238 4695 agno
1271 4627 1506 4681 tradito?
1537 4626 1630 4681 Dic
1667 4627 1801 4680 mihi
1855 4629 2018 4682 etiam

453 4716 610 4781 illud,
647 4717 690 4772 si
723 4718 925 4786 pastori
959 4719 1304 4788 superveniat
1337 4719 1441 4784 leo,
1477 4733 1583 4771 non
1625 4719 1841 4772 habenti
1873 4735 2028 4785 oves,

453 4810 586 4878 quid
635 4809 761 4864 liet?
797 4809 1076 4878 ingenitus
1115 4811 1258 4865 enim
1297 4820 1402 4874 est,
1447 4811 1540 4880 qui
1575 4811 1775 4866 dicitur
1821 4821 2027 4881 pastor,

453 4897 732 4968 ingenitus
757 4915 974 4970 quoque
1005 4903 1166 4955 etiam
1199 4903 1302 4956 leo.
1339 4903 1475 4956 Cum
1501 4919 1630 4973 ergo
1661 4905 1904 4958 nondum
1940 4919 2032 4961 es-

523 5035 567 5066 "
591 5035 779 5090 Matth.
815 5053 930 5097 χιχ,
968 5038 1048 5091 11.
1127 5037 1346 5093 “Joan.
1378 5057 1432 5101 Χ,
1465 5040 1554 5094 27.

527 5172 638 5240 (15)
681 5173 737 5247 In
776 5175 1060 5247 Casinensi
1109 5177 1295 5230 codice
1333 5179 1610 5242 scribitur,
1648 5199 1663 5228 ι
1699 5179 1860 5230 etiam
1897 5179 2024 5247 qni-

451 5245 598 5298 dem.
629 5265 647 5296 ι
689 5244 792 5298 Sed
833 5247 1116 5315 legendum
1151 5248 1383 5312 videtur,
1417 5267 1434 5297 ‹
1468 5257 1522 5301 et
1557 5249 1668 5316 jam
1715 5244 1969 5316 quidem;
2005 5269 2022 5300 ι

454 5329 598 5388 saepe
639 5316 805 5388 enim,
841 5316 893 5369 in
945 5317 1045 5370 hoc
1097 5317 1281 5372 codice
1323 5317 1628 5388 junguntur
1675 5321 1860 5386 verba,
1908 5335 2030 5388 quae

451 5383 690 5455 disjungi
725 5387 940 5439 debent.

479 5524 490 5535 _
527 5456 639 5523 (to)
667 5455 949 5535 _Loquitur
977 5456 1064 5512 hic
1095 5457 1394 5535 Archelaus
1428 5473 1492 5512 ex
1533 5457 1763 5513 Manetis
1807 5473 2026 5514 senten-

452 5528 550 5586 tia,
587 5528 678 5594 qui
716 5543 838 5582 cum
857 5535 1139 5598 pastorem
1169 5529 1550 5598 praavidentem
1590 5545 1650 5582 ac
1681 5546 2026 5598 prmnoscen»

453 5603 562 5668 tem
613 5596 908 5668 inevitabili
957 5597 1128 5652 leonis
1153 5596 1490 5652 devorationi
1537 5596 1854 5668 exposuisse
1912 5601 2027 5654 haz-

455 5663 586 5745 tlum
633 5667 854 5733 diceret,
913 5663 1718 5745 necessarioconsequebatur
1753 5679 2024 5745 pastorem

453 5739 634 5804 ipsum
677 5751 896 5816 causam
936 5753 1060 5816 esse
1102 5739 1428 5808 perditionis
1454 5739 1643 5808 ’hmdi,
1673 5741 1833 5810 eique
1881 5741 2024 5794 illius

454 5823 641 5864 necem
669 5809 792 5876 jure
824 5809 1046 5863 ascribi.

2137 4641 2258 4694 qua:
2279 4625 2326 4679 ei
2352 4623 2648 4692 imperabat
2675 4621 2949 4682 inimicus,
2977 4619 3220 4689 parebat,
3247 4631 3528 4670 eumeum
3551 4617 3724 4685 ipsum

2137 4716 2248 4788 (9.0)
2283 4715 2566 4769 tradiderit
2610 4715 2857 4772 inimico,
2903 4713 3046 4766 sicut
3087 4709 3229 4764 leoni
3279 4707 3558 4762 Incedunt?
3591 4723 3724 4777 prae-

2135 4815 2450 4861 noscentem
2488 4805 2631 4858 enim
2661 4804 2863 4859 asset-is
2893 4819 3014 4858 esse
3047 4810 3346 4872 pastorem.
3383 4797 3722 4853 Verberatus

2135 4899 2281 4954 enim
2327 4915 2522 4968 agnus,
2552 4907 2607 4952 et
2650 4897 3004 4967 interroganti
3037 4911 3096 4950 se
3139 4895 3366 4965 pastori,
3405 4909 3513 4947 cur
3545 4893 3606 4947 in
3639 4892 3724 4946 his

2206 5171 2317 5239 (Π)
2355 5169 2454 5223 llic
2479 5167 2682 5239 aliquid
2715 5167 2904 5239 deesse
2935 5165 3171 5239 videtur.
3199 5163 3401 5239 _F_orte:
3439 5183 3461 5214 ε
3493 5165 3716 5233 quando

2133 5235 2278 5294 enim
2308 5251 2492 5310 pastor
2525 5235 2625 5292 hoc
2654 5237 2826 5310 fecit?
2861 5235 3050 5310 Nonne
3083 5235 3281 5310 David,
3307 5255 3324 5284 ι
3366 5244 3476 5310 etc.

2202 5303 2322 5380 (18).
2351 5313 2426 5364 lta
2466 5309 2664 5378 corrigi
2701 5309 2898 5380 debere
2923 5307 3136 5359 videtur
3163 5307 3322 5380 lectio
3354 5303 3568 5380 codicis
3607 5305 3712 5380 Ca-

2131 5375 2390 5444 siuerisis,
2439 5381 2530 5450 qui
2580 5375 2760 5446 habet,
2797 5397 2815 5429 ι
2857 5379 2902 5432 si
2948 5388 3004 5432 et
3047 5391 3212 5446 pura;
3261 5377 3370 5430 nisi
3422 5375 3710 5436 malueris.

2135 5472 2152 5501 ι
2188 5453 2229 5506 si
2263 5463 2346 5506 est
2379 5466 2531 5520 pura.
2565 5470 2582 5500 ι

2205 5523 2315 5592 (19)
2353 5517 2530 5576 Locus
2574 5521 2674 5575 iste
2703 5520 2919 5592 videtur
2961 5519 3280 5592 mendosus,
3313 5533 3418 5592 nec
3436 5517 3574 5592 quid
3601 5517 3702 5568 sibi

2129 5589 2258 5648 velit
2299 5589 2610 5646 Archelaus
2665 5595 2810 5646 clare
2868 5589 3226 5658 intelligitur,
3278 5590 3385 5642 nisi
3417 5589 3704 5658 legamus,

2134 5683 2152 5714 ι
2189 5664 2292 5717 Sed
2321 5665 2484 5718 alium
2519 5665 2587 5716 ab
2609 5663 2715 5716 alio
2739 5664 2897 5732 longe
2922 5659 3139 5714 differre
3167 5661 3214 5714 si
3243 5660 3518 5725 dicamus,
3549 5659 3708 5728 igno-

2131 5736 2359 5789 rantiam
2388 5735 2592 5801 pastori
2627 5733 2976 5786 ascribimus.
3016 5749 3034 5780 ι

2203 5805 2314 5876 (20)
2349 5805 2508 5860 Forte
2547 5805 2854 5875 legendum,
2897 5821 2916 5855 ι
2953 5817 3076 5857 eum
3115 5801 3248 5867 ipse.
3283 5821 3302 5853 ι
