3922 6504
200 397 342 454 “69

1333 400 1480 458 CUM
1519 397 1803 453 MANETE
1842 397 2377 455 HERESIARCHA.

3316 406 3339 460 1
3350 405 3457 462 ΠΟ

196 521 343 576 leoni
377 520 640 590 paruerit,
673 521 1007 593 respondet:
1045 518 1127 576 Tu
1172 537 1260 576 me
1307 522 1451 577 leoni
1490 520 1780 586 tradidisti,
1811 525 1858 582 Α
1889 519 2060 587 Quem
2110 537 2236 576 cum
2283 522 2548 576 vidissent
2600 522 2875 586 custodes,
2930 522 3227 592 poscebant
3272 524 3340 579 ab
3385 540 3454 581 eo

197 626 304 666 nec
334 610 575 665 restitisti
599 611 860 666 adversus
889 627 1038 675 eum,
1060 611 1240 665 sciens
1261 619 1314 664 et
1334 612 1639 681 praevidens
1657 625 1778 680 quae

196 700 338 756 mihi
384 701 618 770 gerenda
661 699 860 767 forent,
901 717 1026 756 cum
1075 701 1195 770 ejus
1243 717 1329 755 me
1381 717 1602 756 necesse
1635 710 1781 755 esset

195 793 580 863 obtemperare
607 795 908 863 praeceptis.
932 793 1078 849 Etne
1111 795 1276 848 multa
1301 795 1567 860 dicamus,
1604 810 1778 863 neque

202 884 350 940 Deus
382 887 652 957 perfectus
689 897 875 958 pastor
903 889 1227 953 ostenditur,
1255 906 1430 959 neque
1465 891 1546 943 leo
1575 889 1778 942 alienos

201 981 361 1036 cibos
391 982 705 1051 percepisse
741 984 1146 1037 demonstratur
1175 1001 1187 1035 :
1221 993 1275 1037 et
1321 983 1443 1037 ideo
1481 983 1598 1051 ipsa
1636 981 1779 1034 veri-

198 1081 313 1127 tate
361 1073 620 1128 edocente
660 1075 875 1137 claruit,
914 1075 999 1130 his
1039 1091 1160 1143 quae
1211 1075 1280 1128 ab
1319 1075 1590 1129 Archelao
1635 1074 1777 1127 dicta

197 1175 351 1230 sunt,
373 1167 606 1236 palmam
638 1183 737 1222 nos
769 1167 965 1221 debere
985 1167 1254 1222 conferre.
1290 1166 1577 1221 Archelaus
1599 1167 1732 1219 dixit
1759 1182 1777 1220 :

197 1258 469 1326 Quoniam
517 1260 733 1328 quidem
771 1261 837 1314 de
878 1261 1133 1314 omnibus
1164 1261 1229 1313 de
1261 1260 1460 1330 quibus
1507 1260 1776 1329 discepta-

195 1352 402 1415 vimus,
451 1352 736 1421 prudentia
769 1353 1014 1421 judicum
1066 1352 1440 1422 plenissimum
1485 1352 1776 1405 terminum

195 1439 414 1508 posuit,
465 1441 749 1493 tacendum
813 1450 897 1494 est
949 1442 1014 1495 de
1057 1443 1303 1511 reliquis,
1351 1452 1404 1495 et
1447 1442 1499 1495 in
1562 1455 1775 1510 tempus

196 1533 346 1587 aliud
375 1535 782 1587 reservandum.
810 1533 962 1588 Sicut
984 1536 1128 1588 enim
1155 1535 1199 1588 si
1227 1535 1335 1605 (2i)
1361 1536 1484 1604 quis
1503 1535 1768 1604 serpentis

195 1634 448 1680 conterat
479 1635 661 1694 caput,
698 1626 752 1679 in
784 1627 992 1679 nullum
1015 1627 1126 1696 jam
1160 1627 1367 1696 reliqua
1391 1627 1637 1695 corporis
1660 1627 1778 1695 ejus

197 1719 449 1772 membra
495 1720 805 1788 deputanda
853 1727 1009 1785 sunt;
1057 1721 1130 1774 ita
1169 1721 1446 1774 dualitatis
1479 1722 1778 1789 (praestione

196 1806 430 1875 rejecta,
465 1807 605 1860 sicut
638 1825 732 1878 pro
775 1811 987 1864 viribus
1025 1812 1389 1875 ostendimus,
1427 1812 1632 1880 reliqua
1656 1828 1778 1880 quae

1883 613 2146 682 signaculi
2173 614 2333 668 fidem
2365 613 2499 685 (9.8),
2526 629 2635 684 quo
2665 614 2877 684 possint
2897 614 2945 668 ei
2966 615 3218 669 videlicet
3241 617 3454 685 aperire

1882 704 2222 771 thesaurum,
2256 715 2310 759 et
2335 720 2523 774 parere
2550 705 2622 768 ei,
2650 713 2908 774 tanquam
2932 705 3128 768 abillo,
3154 706 3246 774 qui
3278 706 3457 776 signa-

1880 807 2054 861 verat,
2091 798 2296 862 misso;
2325 798 2416 866 qui
2449 812 2572 850 cum
2618 796 2728 867 (29)
2761 812 2860 850 nec
2899 797 3080 851 claves
3121 800 3452 866 ostenderet,

1883 906 2062 960 neque
2121 891 2525 960 signaculorum
2590 891 2748 944 fidem
2784 889 3020 944 deferret.
3065 892 3264 959 (neque
3303 890 3451 944 enim

1882 976 2124 1029 habebat
2149 977 2284 1046 jus),
2312 993 2340 1030 a
2368 977 2686 1032 custodibus
2717 977 2922 1046 ejectus
2954 987 3056 1039 est,
3097 987 3150 1032 et
3194 978 3449 1047 fugatus;

1881 1069 1970 1122 fur
1991 1069 2135 1120 enim
2163 1069 2341 1138 potius
2368 1080 2420 1123 et
2456 1071 2590 1123 latro
2622 1070 2690 1123 ab
2727 1071 2807 1124 eis
2844 1087 2962 1124 esse
3008 1071 3450 1139 deprehenditur,

1880 1162 2166 1214 convictus
2204 1171 2254 1214 et
2295 1161 2621 1230 coniugatus
2670 1160 2783 1231 (50)
2824 1163 2985 1215 etiam
3033 1178 3099 1215 ex
3138 1163 3260 1223 hoc,
3305 1165 3451 1231 quod

1882 1264 2003 1324 post
2050 1255 2280 1308 multum
2334 1265 2578 1324 tempus,
2632 1272 2795 1325 quam
2856 1257 3187 1325 promissum
3239 1256 3449 1321 fuerat,

1882 1347 2074 1401 adesse
2107 1347 2397 1412 desideret,
2430 1364 2604 1417 neque
2637 1349 2814 1403 claves
2848 1365 3021 1418 neque
3049 1350 3324 1419 signacula
3358 1365 3453 1401 ne-

1880 1454 1986 1507 que
2024 1439 2191 1492 ullum
2247 1442 2474 1495 otnnino
2503 1443 2823 1495 custodibus
2869 1442 3127 1495 indicium
3176 1441 3450 1503 deferens,

1882 1545 1990 1582 non
2040 1531 2400 1598 quantitatem
2454 1530 2711 1585 frumenti
2766 1532 3030 1584 reconditi
3081 1531 3289 1594 sciens;
3332 1547 3454 1600 quae

1881 1622 2062 1674 omnia
2093 1624 2381 1676 manifesta
2424 1624 2622 1677 indicia
2658 1633 2804 1690 sunt,
2834 1639 3176 1692 nequaquam
3216 1638 3339 1676 eum
3384 1625 3453 1678 al.

1881 1711 1974 1765 illo
2003 1726 2125 1765 esse
2157 1714 2564 1776 transmissum,
2590 1723 2642 1766 et
2670 1715 2810 1779 ideo,
2842 1723 2901 1766 ut
2921 1721 3316 1785 consequenter
3339 1713 3452 1786 (5t)

1882 1811 2016 1865 erat,
2051 1819 2079 1857 a
2117 1804 2435 1858 custodibus
2477 1817 2786 1860 reservatus
2812 1815 2914 1861 est.

199 1913 301 1968 per
349 1899 489 1952 hanc
530 1901 939 1964 asserebantur,
977 1916 1100 1954 cum
1151 1902 1265 1970 ipsa
1312 1902 1512 1972 pariter
1555 1903 1774 1971 explosa

1949 1893 2163 1948 XXVII.
2196 1896 2354 1949 Aliud
2395 1898 2581 1958 etiam,
2629 1899 2674 1951 si
2718 1899 2953 1966 videtur,
2995 1899 3230 1954 dicimus
3266 1913 3455 1952 exem-

199 1998 353 2044 sunt.
390 1989 494 2044 Sed
535 1992 586 2044 in
627 1991 828 2059 ipsum,
870 1989 965 2060 qui
1004 1991 1178 2057 adest,
1217 2001 1546 2046 assertorem
1581 1993 1774 2046 horum

197 2083 393 2153 paucis
423 2083 621 2147 dicam,
656 2092 714 2136 ut
742 2082 997 2137 omnibus
1025 2081 1330 2138 innotescat
1353 2083 1498 2154 quis,
1526 2093 1580 2138 et
1611 2084 1775 2149 unde,

197 2184 256 2227 et
294 2174 471 2243 qualis
512 2184 624 2239 est;
662 2174 871 2228 dixerat
931 2176 1075 2228 enim
1127 2191 1185 2230 se
1242 2190 1364 2231 esse
1437 2175 1776 2232 Paracletum

198 2266 378 2329 illum,
415 2281 574 2334 quem
602 2263 764 2320 Jesus
796 2266 1147 2336 proficiscens
1177 2265 1416 2320 humano
1440 2269 1625 2338 generi
1654 2272 1782 2322 Inis-

139 2390 144 2394 -
201 2369 396 2407 surum
432 2369 489 2408 se
521 2370 643 2409 esse
677 2356 1003 2424 promiserat
1037 2357 1102 2409 ad
1133 2356 1360 2409 salutent
1387 2356 1622 2410 lidelium
1653 2359 1774 2412 ani-

199 2461 441 2512 marum,
491 2456 543 2500 et
590 2462 695 2500 non
748 2449 907 2516 longe
958 2449 1132 2518 possit
1187 2449 1233 2502 ei
1278 2449 1483 2503 Paulus
1531 2449 1642 2520 (ἳὲ)
1683 2466 1780 2505 vus

201 2538 513 2604 electionis,
546 2549 599 2593 et
629 2549 854 2594 vocatus
889 2541 1194 2610 apostolus,
1231 2541 1374 2594 unde
1401 2549 1452 2595 et
1477 2541 1779 2610 praedicans

198 2643 388 2681 veram
426 2631 729 2683 doctrinam
768 2630 948 2684 aiebat
989 2630 1145 2699 (23):
1184 2648 1202 2681 ι
1241 2630 1351 2684 Αυι
1393 2631 1778 2685 documentum

199 2719 316 2792 (9.4)
339 2724 580 2791 quaeritis
622 2722 762 2792 ejus,
783 2723 874 2791 qui
917 2723 968 2774 in
1004 2738 1089 2775 me
1113 2723 1618 2791 loquiturChristus
1637 2723 1705 2776 3"2’
1757 2741 1775 2774 ι

200 2811 273 2866 Ει
299 2815 516 2882 quidem
548 2815 691 2882 quod
737 2815 858 2868 dico
893 2815 1375 2884 taliexemplo,sed
1413 2816 1525 2885 (25)
1547 2816 1768 2872 clarius.

201 2905 382 2961 Homo
411 2908 632 2977 quidam
679 2909 947 2962 conclusit
980 2909 1030 2961 in
1067 2911 1322 2962 thesauro
1365 2906 1622 2964 frumenti
1662 2911 1782 2979 plu--

202 3001 432 3064 rituum,
476 3002 548 3054 ita
589 3009 647 3054 ut
687 3000 920 3056 refertus
958 3009 1101 3055 esset
1148 3001 1332 3065 locus;
1387 3017 1547 3070 quem
1600 3003 1779 3056 locum

201 3094 453 3148 clausum
502 3102 663 3162 atque
727 3093 997 3164 signatum
1075 3093 1468 3148 sufficientibus
1526 3095 1780 3163 signacu-

1880 1988 2050 2056 plum.
2086 1986 2259 2041 llomo
2289 1990 2506 2058 quidam
2539 1991 2928 2059 paterfamilias
2957 1993 3109 2046 dives
3135 1992 3453 2062 plurimum,

1881 2079 1947 2132 ad
1988 2089 2203 2148 tempus
2239 2095 2462 2150 peregre
2507 2081 2820 2148 abfuturus,
2867 2084 2993 2140 filiis
3029 2087 3144 2140 suis
3175 2086 3450 2155 pollicitus

1879 2180 1984 2237 est,
2030 2172 2323 2226 missurum
2363 2187 2422 2226 se
2449 2188 2570 2228 esse
2608 2175 2866 2244 aliquem,
2917 2177 3010 2246 qui
3050 2193 3147 2246 pro
3177 2194 3234 2232 se
3269 2177 3456 2232 distri—

1879 2264 2069 2318 bueret
2114 2264 2194 2318 eis
2237 2280 2303 2318 ex
2354 2281 2510 2334 aequo
2554 2269 2938 2322 substantiam.
2988 2269 3055 2322 Et
3082 2270 3296 2338 quidem
3343 2285 3453 2324 non

1881 2357 2052 2412 multo
2106 2370 2229 2428 post
2259 2361 2410 2416 misit
2456 2371 2630 2416 tutum
2679 2361 2858 2414 virum
2897 2362 3208 2430 quemdam,
3241 2361 3452 2431 justum

1880 2458 1934 2502 et
1959 2465 2183 2516 verum;
2209 2453 2300 2520 qui
2333 2469 2456 2506 cum
2486 2452 2748 2516 venisset,
2778 2461 3027 2521 suscepta
3053 2453 3303 2506 universa
3331 2453 3456 2506 sub-

1882 2542 2102 2605 stantia,
2145 2543 2324 2612 primo
2375 2544 2618 2596 omnium
2667 2543 2938 2597 instruere
2989 2559 3108 2597 eam
3158 2559 3223 2599 ac
3265 2560 3452 2614 regere

1883 2638 2110 2701 studuit,
2154 2635 2411 2690 laborans
2457 2637 2750 2704 plurimum
2805 2637 2858 2689 in
2906 2637 3216 2698 itineribus,
3257 2638 3454 2692 sedens

1884 2727 1999 2795 ipse
2026 2743 2120 2794 per
2149 2744 2206 2780 se
2251 2728 2363 2798 (59.)
2393 2728 2508 2782 suis
2543 2729 2794 2782 manibus
2819 2743 2958 2797 opus
2992 2727 3220 2794 faciens,
3253 2736 3308 2782 et
3349 2729 3454 2782 mi-

1882 2818 2158 2884 nistraus;
2187 2819 2384 2873 deinde
2421 2821 2720 2874 moriturus
2749 2821 2860 2890 ('55)
2900 2828 3284 2874 testamentum
3315 2821 3456 2876 scri-

1884 2909 1980 2970 bit.
2016 2912 2336 2980 pr0pinquis
2379 2912 2495 2966 suis
2527 2921 2580 2965 et
2625 2913 2888 2981 proximis
2924 2913 3180 2966 omnibus
3221 2896 3454 2966 haeredi-

1883 3011 2044 3055 tatem
2075 3004 2477 3070 derehnquens,
2520 3012 2574 3057 et
2623 3004 2902 3074 signacula
2954 3004 3102 3058 dedit
3133 3005 3232 3066 eis,
3275 3015 3328 3058 et
3357 3021 3456 3060 no-

1882 3098 2126 3150 minatim
2164 3097 2403 3165 singulos
2436 3114 2768 3162 convocans,
2819 3101 3070 3167 praecepit
3114 3100 3194 3153 eis
3233 3114 3453 3154 servare

201 3186 274 3239 lis
301 3185 434 3254 (‘26),
465 3185 722 3238 custodiri
756 3187 1008 3255 praecepit
1038 3204 1051 3239 ε
1083 3187 1198 3254 ipse
1224 3186 1477 3241 dominus
1511 3203 1638 3242 vero
1661 3206 1780 3243 ces—
1803 3224 1848 3286 α
1885 3188 2248 3243 haereditatem
2295 3198 2348 3242 et
2387 3190 2660 3244 custodire
2711 3205 2775 3244 ac
2827 3207 3014 3260 regere
3058 3191 3445 3257 substantiam,

202 3278 278 3334 sit
305 3279 447 3348 (‘37);
484 3280 622 3334 alius
663 3288 840 3332 autem
871 3279 1090 3348 quidam
1115 3287 1237 3348 post
1263 3280 1491 3333 multum
1521 3283 1778 3350 temporis

200 3371 424 3424 advenit
459 3371 524 3424 ad
566 3371 906 3432 thesaurum,
949 3371 1137 3425 dicens
1169 3386 1226 3425 se
1265 3372 1332 3424 ab
1365 3387 1431 3425 eo
1463 3373 1555 3442 qui
1594 3373 1778 3443 signa-

201 3461 347 3516 cnlis
384 3463 562 3515 locum
613 3463 977 3518 concluserat.
1011 3461 1238 3516 missum
1270 3462 1336 3514 ad
1367 3462 1492 3526 hoc,
1527 3473 1585 3515 ut
1615 3465 1776 3517 etiam

203 3555 324 3624 ipse
366 3555 417 3608 in
448 3555 698 3609 eumdem
751 3557 1068 3610 thesaurum
1115 3555 1354 3609 triticum
1404 3569 1775 3627 congregaret.

279 3686 389 3742 ³⁸11
416 3686 544 3742 Cor.
585 3704 708 3752 xm,
751 3689 804 3742 '5.

282 3805 394 3873 (2i)
437 3804 492 3857 lu
527 3805 713 3860 codice
759 3804 1045 3859 Casincnsi
1084 3805 1262 3860 deficit
1292 3824 1310 3855 ε
1351 3809 1435 3868 si,
1478 3825 1496 3858 ι
1527 3816 1581 3860 et
1619 3809 1781 3876 paulo

203 3886 353 3945 post,
390 3894 408 3925 ι
452 3877 752 3943 quaestione
793 3877 1008 3934 relecta,
1045 3896 1062 3925 ι
1099 3876 1282 3929 habet.
1338 3876 1442 3931 Sed
1471 3879 1778 3933 necessaria

205 3948 324 4000 visa
358 3956 440 3998 est
473 3946 761 4015 utrobique
780 3947 1047 3999 correctio
1079 3955 1284 4002 nostra.

283 4016 396 4085 (‘22)
432 4015 524 4068 Vel
560 4016 647 4069 hic
677 4014 938 4069 nonnulla
967 4016 1182 4078 desunt,
1210 4017 1290 4068 vel
1326 4014 1557 4071 fortasse
1591 4017 1778 4086 legen-

205 4087 364 4149 dum,
402 4105 420 4136 ι
467 4095 525 4139 ιιι
560 4102 666 4138 ιιοιι
701 4088 856 4154 longe
895 4096 1016 4155 post
1049 4089 1119 4139 sit
1143 4087 1191 4139 ei
1235 4086 1475 4150 Paulus;
1509 4107 1527 4138 ›
1564 4104 1777 4156 nempe,

207 4167 273 4212 ut
306 4159 426 4226 ipso
457 4172 647 4226 parum
702 4157 925 4210 inferior
955 4159 1025 4209 sit
1053 4158 1255 4210 Paulus
1281 4158 1580 4224 apostolus,
1617 4174 1779 4226 quem

205 4245 240 4283 a
281 4227 389 4280 Deo
419 4237 542 4280 ante
579 4243 637 4280 se
676 4228 740 4280 ad
773 4228 992 4280 humani
1020 4229 1248 4296 rgeneris
1283 4230 1512 4281 salutem
1546 4228 1776 4282 missum

207 4299 384 4352 fuisse
427 4298 502 4351 ait
552 4313 716 4366 snpra
765 4297 970 4356 Manes.
1010 4297 1082 4350 ita
1136 4308 1314 4351 tamen
1366 4310 1420 4350 ut
1457 4299 1584 4367 rsibi,
1633 4300 1778 4367 quod

205 4368 512 4490 perfetiztlnu
564 4378 721 4432 erat,
781 4377 1118 4422 reservatum
1181 4367 1361 4422 fuerit.
1424 4366 1556 4422 Vide
1614 4366 1779 4438 supra

206 4456 335 4490 can.
405 4456 457 4490 ί).

206 4456 335 4492 CIII).
370 4456 457 4492 ‘10.

303 4457 335 4492 ι.
370 4456 457 4492 ιο.

285 4456 399 4578 ἱῖὄ)
437 4510 491 4562 ln
523 4509 710 4563 cedice
744 4506 1029 4562 Casinensi
1058 4519 1140 4563 est
1169 4529 1186 4559 (
1217 4509 1442 4578 agebat,
1477 4527 1495 4559 ι
1532 4509 1774 4577 librarii,

212 4589 276 4632 ut
304 4576 558 4644 arbitror,
583 4594 804 4646 errore;
833 4580 910 4633 sic
933 4579 1071 4632 infra
1098 4595 1214 4648 cap.
1249 4576 1350 4634 ‘29:
1377 4599 1394 4631 ι
1428 4578 1588 4634 Jesus
1605 4587 1674 4634 ad
1699 4576 1780 4635 di-
1808 4576 1859 4637 D

209 4650 454 4717 Scipulos
485 4651 695 4718 agebat.
734 4666 756 4701 ι

287 4720 400 4788 (24)
454 4718 681 4790 Vulgata
732 4719 894 4790 legit,
941 4738 958 4771 ι
1010 4735 1077 4773 an
1135 4720 1602 4789 experimentum;
1654 4740 1671 4774 ι
1727 4723 1782 4778 in

207 4789 402 4846 Graeci.»
437 4789 614 4843 tamen
651 4789 799 4844 textu
831 4800 932 4852 est,
974 4790 1112 4844 ἐπεί.

287 4861 399 4929 (‘25)
430 4859 586 4915 Forte
628 4881 644 4911 ι
679 4863 770 4923 lit,
805 4881 822 4911 ι
853 4863 933 4913 vel
967 4881 983 4911 ‹
1015 4863 1106 4922 sit,
1147 4881 1164 4911 ι
1204 4870 1295 4914 aut
1333 4861 1517 4927 etiam,
1568 4881 1587 4914 ‹
1622 4873 1720 4917 est.
1759 4883 1778 4917 ι

286 4932 398 4998 (‘26)
429 4929 603 5002 Stlpra
652 4932 893 4985 thesauri
930 4934 1046 4985 solo
1092 4932 1270 4998 sigillo
1317 4932 1584 5002 obsignati
1632 4951 1783 4987 nicu-

212 5004 423 5057 tionem
462 5001 595 5054 facit
641 5002 942 5054 Archelaus
976 5017 988 5052 :
1030 5010 1084 5054 at
1115 5003 1202 5055 hic
1243 5003 1419 5072 sigillo
1450 5001 1640 5057 claves
1689 5005 1786 5057 ad-

204 5074 425 5144 jungit,
471 5088 580 5142 quo
638 5085 792 5144 paczo
841 5072 1090 5144 chariora
1141 5088 1375 5144 quaeque
1422 5075 1492 5126 ab
1545 5075 1785 5144 antiquis

211 5143 480 5198 custodiri
533 5143 921 5203 consuevisse,
966 5142 1120 5196 testis
1167 5142 1689 5213 estiAristophanes
1728 5146 1782 5198 in

210 5215 507 5275 cmnanlia,
535 5213 622 5266 cui
647 5213 854 5284 titulus,
876 5210 1622 5284 Θεσμοφοριὰζουσαιξρυε.
1659 5215 1783 5278 787,

211 5284 359 5351 apud
395 5300 554 5351 quem
589 5283 784 5336 n'iulier
813 5284 1060 5351 quaedam
1103 5286 1454 5352 conqueritur
1500 5283 1782 5354 gynaeceo-

211 5370 339 5409 rum
392 5354 536 5407 fores
566 5353 759 5426 sigillis
784 5364 856 5426 _et
890 5354 1132 5426 pessulis
1160 5368 1188 5406 a
1227 5356 1437 5426 maritis
1483 5353 1784 5426 obtirmari,

209 5441 378 5496 quem
411 5439 616 5496 morem
667 5424 853 5496 irridet
887 5423 1343 5496 Menanderapud
1379 5423 1677 5481 Stobaeinn.

286 5494 396 5565 (27)
425 5494 582 5548 Forte
611 5514 628 5544 ε
654 5495 896 5556 recessit,
930 5514 947 5544 ι
980 5495 1061 5547 vel
1086 5512 1102 5544 ι
1138 5495 1406 5549 discessit.
1447 5517 1466 5549 ›

289 5567 400 5635 (28)
426 5565 662 5623 Annulis
694 5581 791 5634 pro
835 5574 1060 5628 tessera,
1095 5581 1186 5618 seu
1220 5567 1375 5634 signo
1408 5568 1459 5620 in
1499 5568 1788 5635 repetendo

213 5637 485 5704 deposito,
519 5645 572 5688 et
609 5637 812 5704 majore
846 5637 1049 5688 nuntiis
1077 5637 1179 5688 fide
1209 5637 1550 5690 concilianda
1582 5648 1788 5692 veteres

215 5723 351 5762 usos
384 5707 573 5769 fuisse,
609 5721 673 5760 ex
725 5704 1000 5777 l’lauloet
1039 5707 1262 5777 Apuleio
1301 5708 1603 5774 discimus;
1653 5725 1788 5777 quo-

215 5793 343 5831 rum
388 5778 599 5846 primus
639 5777 693 5830 in
741 5774 1026 5844 Bacchide,
1058 5774 1162 5831 act.
1200 5776 1266 5844 ll,
1328 5795 1490 5833 scena
1519 5795 1601 5845 nt,
1643 5774 1784 5834 vers.

215 5849 308 5912 95,
342 5849 411 5903 ita
434 5848 626 5904 scribit
652 5864 667 5902 :

1881 3281 2022 3335 sicut
2075 3291 2445 3349 susceperant,
2491 3289 2544 3335 et
2594 3280 2798 3350 perfrui
2848 3279 3006 3337 bonis
3055 3292 3108 3335 et
3158 3281 3448 3348 fructibus,

1880 3373 1981 3441 ipsi
2016 3373 2222 3426 domini
2269 3373 2620 3443 haeredesque
2661 3375 2925 3429 derelicti.
2968 3375 3024 3428 Si
3072 3375 3166 3444 qui
3202 3390 3331 3429 vero
3373 3389 3442 3429 ex

1879 3463 1991 3533 agri
2025 3464 2184 3532 hujus
2221 3462 2486 3519 fructibus
2519 3465 2796 3532 percipere
2832 3475 3067 3535 rogaret,
3110 3466 3452 3533 indulgenter

1878 3556 2210 3624 praeberent:
2256 3556 2340 3610 sin
2385 3565 2564 3610 autem
2615 3557 2951 3612 cohaeredem
2999 3572 3058 3611 se
3105 3557 3316 3623 dicens,
3354 3571 3451 3610 ex-

2097 3805 2295 3858 Cunrs.
2355 3803 2587 3857 Anulum
2621 3805 2768 3874 gnati
2805 3803 2884 3857 tui

1954 3875 2164 3939 Facito,
2219 3885 2276 3928 ut
2335 3871 2632 3928 memineris
2672 3875 2825 3943 ferre.
2882 3871 3000 3927 Nic.
3040 3872 3181 4014 Qui?
3215 3880 3450 3994 οριίεξεε

3178 3960 3280 3995 anu
3309 3959 3369 3996 ο.

3178 3959 3369 3996 (muto:

1953 4017 2149 4071 Cnnvs.
2193 4014 2332 4080 Quia
2373 4015 2426 4068 id
2474 4014 2680 4082 signum
2725 4021 2801 4066 est
2858 4013 3164 4073 Theotimo,
3200 4015 3287 4080 qui
3333 4027 3456 4066 cum

3044 4082 3150 4153 [ειη
3178 4083 3383 4150 αΙῙενει,

2093 4156 2159 4210 Ei
2182 4172 2371 4209 aurum
2403 4167 2456 4209 ut
2489 4157 2857 4210 reddatur.....

1881 4229 2026 4281 Alter
2055 4243 2180 4281 vero
2213 4228 2265 4279 in
2303 4227 2395 4278 lib.
2431 4243 2460 4279 χ
2496 4228 2566 4280 De
2597 4229 2746 4280 asino
2773 4240 2938 4278 aureo
2969 4222 3074 4276 hoc
3102 4223 3252 4276 iratae
3270 4221 3455 4291 cujus-

1881 4299 2003 4350 dam
2026 4299 2270 4352 mulieris
2298 4296 2510 4350 facinus
2543 4298 2724 4351 refert.
2758 4316 2775 4348 ι
2813 4295 3028 4349 Annulo
3067 4294 3242 4347 mariti
3268 4309 3455 4347 surre-

1882 4378 1996 4437 pto,
2031 4386 2123 4422 rus
2169 4367 2431 4436 profecta,
2473 4369 2633 4421 mittit
2673 4368 2962 4437 quemdam
3004 4364 3307 4437 servulum,
3351 4364 3456 4417 sibi

1882 4436 2100 4508 quidem
2135 4439 2370 4500 fidelem,
2393 4440 2484 4492 sed
2511 4440 2574 4491 de
2605 4436 2718 4507 ipsa
2749 4439 2850 4491 lide
2877 4436 3110 4508 pessime
3138 4445 3454 4508 merentem,

1883 4504 1974 4578 qui
2021 4511 2209 4579 puellae
2253 4510 2548 4574 nuntiaret,
2589 4504 2732 4579 quod
2777 4504 2895 4562 eam
2922 4506 3154 4579 juvenis
3181 4504 3458 4579 profectus

1887 4576 1950 4633 aid
1980 4576 2221 4634 villulam
2268 4589 2486 4634 vocaret
2526 4576 2712 4636 ad'se:
2755 4579 2961 4641 addito,
2993 4588 3050 4628 ut
3081 4577 3215 4632 sola.
3246 4585 3296 4627 et
3340 4576 3459 4628 sine

1887 4651 2238 4707 ullo'comite
2282 4666 2444 4720 quam
2501 4651 2871 4724 maturissime
2927 4643 3347 4724 pel‘Vt‘llirL‘l.”El
3391 4659 3458 4696 ne

1886 4738 1993 4791 qua
2039 4724 2178 4775 forte.
2209 4715 2524 4774 nasceretur
2556 4721 2805 4773 veniendi
2834 4715 3130 4791 cunctatio,
3157 4715 3328 4791 tradit
3354 4729 3456 4791 an-

1886 4785 2075 4845 nulum
2115 4792 2312 4845 marito
2353 4791 2686 4844 subtractum
2712 4831 2726 4854 ,
2754 4789 2845 4858 qui
2893 4795 3261 4858 monstratus,
3299 4785 3456 4858 fidem

1885 4863 2065 4916 verbis
2105 4863 2514 4930 astipularetur.
2545 4863 2612 4913 At
2653 4860 2739 4934 illa
2773 4855 3030 4934 mandato
3067 4855 3252 4909 fratris
3299 4856 3460 4934 obse-

1885 4949 2058 5001 quens
2084 4929 2376 4992 (hoc’enim
2408 4947 2601 5001 nomen
2625 4932 2739 4984 sola
2769 4929 2993 5001 sciebat)
3021 4935 3263 4994 respecto
3293 4929 3458 4977 etiam

1888 5000 2044 5072 signo
2071 5018 2188 5070 eius
2209 5003 2352 5069 quod
2383 5000 2730 5072 offerebatur,
2750 5000 3015 5069 gnaviter,
3051 5006 3107 5050 ut
3131 5003 3457 5064 praeceptum

1888 5071 2084 5134 fuerat,
2119 5074 2429 5126 incomitata
2458 5071 2696 5133 festinat,
2730 5089 2747 5120 ι
2779 5080 2883 5124 etc.

1960 5143 2072 5211 (‘29)
2129 5142 2182 5195 ln
2239 5142 2544 5205 Casinensi,
2595 5161 2613 5191 ι
2663 5141 2995 5210 quicunque.
3047 5157 3068 5211 ρ
3118 5135 3222 5190 Sed
3264 5151 3459 5192 sensus

1888 5209 2166 5285 postulare
2191 5215 2423 5276 videtur,
2454 5222 2511 5264 ut
2538 5231 2554 5262 ι
2593 5209 2834 5280 quicum
2866 5226 2968 5264 nec
2995 5228 3014 5260 ι
3045 5209 3277 5277 legatur.

1961 5283 2275 5354 (50)!"01'te,
2311 5301 2328 5332 ι
2361 5285 2692 5336 confutatus.
2730 5302 2746 5331 ›

1963 5348 2075 5423 (51)
2106 5355 2162 5408 lu
2191 5355 2376 5408 codice
2405 5354 2692 5407 Casiaiensi
2725 5353 2942 5424 legitur,
2977 5369 2994 5401 ε
3033 5359 3088 5404 et
3119 5348 3242 5403 ideo
3267 5363 3456 5403 conse-

1890 5438 2138 5497 flliClllt‘l'.
2173 5446 2188 5476 Ι

1965 5499 2075 5564 (5:!)
2099 5496 2261 5568 l’orte
2289 5512 2309 5568 φ
2346 5495 2437 5568 sed
2465 5505 2516 5568 et.
2539 5494 2887 5568 ipseperse.
2919 5511 2943 5568 ρ
3002 5560 3036 5568 η
3230 5555 3243 5568 .

2099 5567 2152 5618 In
2181 5567 2365 5619 codice
2392 5560 2701 5629 Casinensi,
2729 5583 2747 5614 ι
2774 5563 2965 5635 deinde
2987 5560 3072 5635 die
3103 5560 3457 5635 moriturus,»

1894 5631 1990 5692 nos
2019 5631 2312 5690 Socundam
2346 5652 2551 5700 vocem,
2583 5651 2649 5688 ex
2690 5633 3038 5703 praecedentis
3065 5631 3210 5684 verbi
3251 5639 3464 5703 postre-

1895 5726 1991 5778 mae
2018 5709 2234 5778 syllabae
2267 5707 2584 5778 repetitione
2614 5701 3077 5778 velutijnsertam,
3118 5701 3462 5778 sustulimus.

1895 5777 1988 5832 Vel
2021 5773 2250 5832 fortasse
2283 5773 2586 5846 legendum,
2623 5795 2641 5827 ι
2671 5774 2865 5830 deinde
2890 5775 2995 5839 die,
3028 5787 3135 5844 qua
3165 5773 3466 5826 moriturus

1893 5859 2006 5904 erat
2054 5857 2454 5905 testamentum.
2489 5866 2510 5900 ι
