3922 6488
485 355 618 411 H7!

1481 351 1668 408 ACTA
1709 347 2240 406 DISPUTATIONIS
2305 349 2363 404 S.
2399 347 2742 409 ARCIIELAI

3605 347 3628 399 ‘l
3641 345 3738 400 Αἴξ

483 483 748 546 posceret,
785 475 1112 542 devitarent,
1159 485 1322 546 atque
1369 475 1606 532 alienum
1643 491 1764 530 esse
1813 491 2056 546 pronun-
2085 478 2130 534 Α
2159 472 2369 528 Patrem
2396 483 2668 538 meum,ct
2695 473 2850 528 mitto
2875 471 3028 528 vobis
3045 471 3388 528 Paracletum
3411 473 3482 534 δ’,
3513 489 3532 522 ι
3557 473 3738 525 statim

483 573 681 628 tiareut
712 571 857 642 (5-4);
891 587 1028 640 opus
1058 581 1236 626 autem
1273 571 1446 640 magis
1478 570 1654 626 facere
1679 571 1880 625 debere
1903 585 2050 629 eum,

480 667 574 736 qui
623 666 787 734 recipi
819 667 964 720 velit.
996 665 1281 732 Quomodo
1311 681 1442 736 ergo
1487 665 1571 720 his
1615 665 1872 720 omnibus
1915 666 2054 720 bene

479 765 734 826 recteque
778 756 1056 826 dispositis
1091 765 1143 810 et
1181 756 1418 818 statutis,
1449 771 1513 810 ac
1543 756 1779 824 plurimo
1811 765 2054 827 tempore

479 845 621 900 ineo
653 855 797 900 statu
843 847 1351 915 perseverantibus,
1384 861 1506 900 eum
1541 846 1632 915 qui
1683 855 1806 916 post
1843 857 2054 900 trecen-

477 947 564 994 tos
597 938 708 992 fere
753 955 930 992 annos
967 940 1196 1004 venerit,
1225 949 1280 992 et
1305 939 1571 990 haeredem
1612 953 1732 992 esse
1765 954 1822 992 se
1845 937 2052 992 contir-

475 1040 606 1096 met,
643 1048 750 1086 non
779 1031 1120 1100 abjieiemns,
1161 1047 1268 1084 non
1291 1031 1435 1098 jlhlc
1459 1031 1696 1084 alienum
1729 1031 2052 1099 pronuntia-

475 1137 618 1186 mus,
654 1123 748 1190 qui
785 1139 882 1176 nec
908 1124 974 1176 de
1021 1123 1343 1192 propinquis
1392 1137 1450 1176 se
1499 1138 1618 1176 esse
1665 1123 1922 1187 ostendit,
1955 1124 2047 1192 qui

474 1212 735 1268 defuncto
790 1223 978 1266 nostro
1033 1229 1138 1267 non
1201 1213 1438 1268 adfuerit
1483 1214 1787 1282 aegrotanti,
1853 1215 1947 1284 qui
1996 1215 2049 1267 in

473 1308 760 1374 exsequias
786 1323 890 1360 non
924 1307 1044 1359 ierit
1071 1307 1360 1372 Crucitixo,
1390 1305 1482 1376 qui
1503 1307 1752 1376 sepulcro
1787 1322 1892 1360 non
1921 1307 2053 1361 asti-

473 1400 622 1464 terit,
656 1399 747 1468 qui
801 1399 1027 1452 omnino
1078 1399 1306 1463 nesciat,
1353 1400 1634 1467 quomodo
1679 1408 1772 1452 aut
1813 1399 2050 1467 qualiter

473 1493 763 1548 defunctus
785 1503 888 1561 est,
916 1493 1008 1562 qui
1055 1491 1296 1561 denique
1321 1492 1637 1546 thesaurum
1681 1491 1938 1546 frumenti
1969 1493 2052 1545 in-

473 1586 624 1656 gredi
658 1587 863 1654 cupiat,
913 1585 1064 1638 nullo
1097 1585 1297 1638 indicio
1345 1584 1523 1637 tlelato
1565 1585 1633 1638 ab
1668 1599 1734 1638 eo
1769 1586 1864 1654 qui
1894 1585 2049 1640 obsi-

472 1679 754 1748 gnaverit?
781 1675 971 1730 Nonne
1001 1691 1149 1740 eum,
1185 1687 1442 1746 tanquam
1486 1677 1752 1732 latronem
1787 1688 1840 1732 et
1871 1677 2046 1734 furem

473 1770 816 1837 abjieiemus.
861 1785 923 1822 ac
977 1768 1154 1823 modis
1201 1771 1456 1824 omnibus
1516 1770 1888 1839 expellemus?
1921 1770 2047 1826 [lare

470 1861 638 1932 igitur
680 1861 855 1930 signa,
907 1876 1028 1930 quae
1089 1861 1139 1914 in
1201 1861 1473 1930 przedietis
1529 1865 2044 1932 comprehendimus

469 1953 756 2020 exemplis,
791 1953 890 2006 iste
939 1969 1045 2006 non
1089 1951 1338 2006 deferens
1377 1953 1548 2018 adest,
1585 1954 1772 2008 dicens
1818 1971 1876 2010 se
1925 1972 2045 2010 esse

469 2045 816 2100 Paracletum
857 2045 948 2114 qui
989 2044 1056 2096 ab
1090 2041 1217 2096 Jesu
1251 2045 1611 2114 praisignatus
1652 2054 1736 2099 est
1769 2047 1941 2113 mitti;
1987 2047 2040 2100 in

469 2155 580 2208 quo
614 2141 930 2193 mendacem
965 2137 1104 2208 (55),
1143 2140 1402 2209 ignorans
1446 2139 1677 2194 fortasse
1713 2151 1920 2195 asseret
1951 2142 2043 2196 Je-

469 2248 624 2296 sum;
647 2233 738 2301 qui
769 2233 911 2286 enim
941 2231 1154 2285 dixerat
1185 2248 1241 2286 se
1273 2249 1377 2285 non
1405 2233 1573 2286 nutlto
1601 2243 1722 2302 post
1745 2235 2042 2288 missurum

463 2341 586 2382 esse
615 2325 977 2388 Paracletum,
1014 2324 1290 2378 invenitur
1323 2323 1434 2394 (56)
1463 2336 1578 2394 post
1607 2335 1878 2381 trecentos
1903 2337 1954 2382 et
1979 2343 2044 2381 eo

465 2417 698 2486 amplius
727 2433 901 2470 annos
935 2415 1152 2470 misisse
1203 2415 1368 2478 hunc,
1419 2415 1560 2466 sicut
1593 2416 1705 2484 ipse
1751 2417 1854 2470 sibi
1893 2419 2044 2472 testi-

466 2512 710 2564 monium
753 2511 1016 2579 perhibet.
1050 2508 1188 2575 Quid
1222 2507 1405 2560 dicent
1445 2505 1571 2560 Jestt
1625 2507 1676 2560 in
1723 2509 1809 2562 die
1851 2510 2040 2578 judieii

465 2601 564 2664 illi,
589 2602 680 2670 qui
703 2601 814 2668 jam
845 2601 950 2653 vita
978 2606 1330 2654 excesserunt
1363 2613 1427 2650 ex
1463 2598 1554 2650 illo
1593 2606 1832 2668 tempore
1865 2617 2042 2670 usque

465 2695 645 2746 nunc?
677 2692 862 2746 Nonne
891 2694 1004 2746 haec
1045 2691 1188 2760 apud
1219 2707 1343 2744 eum
1393 2692 1704 2761 allegabuut
1739 2713 1750 2746 :
1787 2693 1904 2748 Noli
1941 2713 2040 2752 nos

463 2787 734 2849 cruciare,
764 2786 808 2838 si
839 2799 1002 2852 opera
1035 2793 1126 2837 tua
1175 2799 1282 2836 non
1312 2782 1579 2848 fecimus;
1613 2801 1710 2838 cur
1737 2787 1880 2839 enim
1916 2803 2039 2841 eum

463 2879 781 2945 promiseris
813 2879 915 2932 sub
961 2875 1181 2929 Tiberio
1226 2873 1440 2929 Caesare
1491 2877 1790 2932 missurum
1841 2891 1888 2934 te
1922 2897 2042 2935 esse

463 2970 825 3034 l‘aracletum,
857 2971 950 3040 qui
981 2979 1232 3038 argueret
1269 2983 1371 3022 nos
1400 2969 1466 3022 de
1512 2981 1736 3039 peccato
1765 2984 1818 3026 et
1845 2974 1912 3028 de
1951 2975 2042 3044 ju-

462 3062 610 3116 stitia
649 3062 714 3128 3°,
758 3063 859 3116 sub
907 3059 1086 3117 Probo
1139 3063 1358 3115 demum
1415 3058 1660 3114 Romano
1715 3064 2040 3134 imperatore

2163 567 2331 634 misit,
2359 567 2628 630 dividens,
2657 567 2868 620 donans
2892 566 3178 636 discipulis
3199 567 3345 632 suis;
3371 563 3740 618 abundantius

2158 675 2285 714 vero
2319 659 2608 715 conferens
2637 659 2806 713 Paulo
2837 659 2970 732 (58).

2229 751 2466 807 XXVIII.
2503 751 2686 806 Manes
2712 753 2848 806 dixit
2877 771 2893 806 :
2923 751 3138 806 Tuimct
3167 751 3340 812 ipsius
3371 749 3578 804 indicio
3597 764 3740 802 com-

2157 847 2462 916 prehensus
2513 861 2593 901 es.
2641 844 2766 902 Haec
2819 845 2962 900 enim
3017 847 3308 898 adversum
3371 855 3426 898 te
3491 843 3734 910 Iocatus,

2158 940 2400 1010 ignoras,
2447 937 2576 1008 quia
2618 938 2746 992 dum
2801 937 2854 990 in
2903 952 2988 991 me
3037 937 3118 990 vis
3169 937 3370 1006 probra
3429 936 3736 1004 conjicere,

2157 1029 2354 1098 majori
2385 1031 2558 1098 culpae
2587 1029 2922 1084 succumbis.
2961 1027 3056 1080 Die
3104 1045 3200 1096 age
3235 1029 3396 1092 mihi,
3439 1029 3518 1092 si,
3549 1039 3608 1082 ιιι
3645 1029 3736 1092 ais,

2155 1123 2248 1191 qui
2280 1137 2308 1175 a
2341 1121 2564 1176 Tiberio
2595 1138 2765 1190 usque
2817 1123 2882 1174 ad
2917 1121 3149 1176 Probum
3187 1122 3438 1176 defuncti
3475 1131 3634 1186 sunt,
3665 1121 3738 1176 di-

2156 1223 2280 1268 cent
2307 1215 2372 1268 ad
2417 1213 2600 1268 Jcsum
2635 1231 2647 1265 :
2689 1213 2806 1266 Noli
2842 1231 2938 1268 nos
2977 1215 3246 1284 judicare,
3285 1215 3418 1284 quia
3451 1230 3629 1284 opera
3657 1225 3740 1268 tua

2161 1321 2265 1357 non
2317 1303 2580 1369 fecimus;
2610 1319 2714 1357 non
2752 1303 2895 1355 ettint
2939 1304 3137 1358 misisti
3175 1304 3332 1358 nobis
3371 1303 3740 1360 [’aracletum.

2159 1411 2281 1448 cum
2316 1395 2520 1450 dixeris
2567 1407 2618 1448 te
2659 1395 2956 1448 missurum
2987 1395 3098 1464 (ευ)
3131 1411 3144 1446 :
3181 1412 3288 1448 nor.
3343 1395 3528 1449 multo
3575 1397 3742 1466 magis

2155 1487 2231 1540 illi
2263 1487 2376 1541 haec
2409 1487 2612 1552 dicent,
2643 1487 2786 1556 quia
2820 1485 3002 1556 Moyse
3032 1503 3201 1555 usque
3231 1489 3296 1539 ad
3321 1487 3634 1541 adventum
3663 1489 3742 1558 ip-

2155 1579 2270 1634 sius
2291 1579 2419 1634 Jesu
2449 1579 2650 1634 Christi
2679 1581 2786 1632 vita
2819 1589 3193 1642 excesserunt,
3229 1589 3282 1633 et
3315 1595 3384 1634 eo
3417 1582 3638 1636 rectius
3663 1581 3740 1635 di-

2153 1683 2274 1728 cent
2311 1692 2323 1726 :
2357 1671 2476 1726 Noli
2525 1689 2626 1728 nos
2685 1675 2898 1730 tradere
2949 1673 3236 1728 tormentis
3283 1673 3422 1743 (40),
3471 1677 3740 1746 quoniam

2151 1767 2486 1836 agnitionem
2542 1769 2618 1820 tui
2651 1781 2754 1820 non
2806 1767 3153 1836 accepimus?
3189 1765 3252 1820 Et
3299 1781 3408 1820 non
3451 1767 3646 1820 solum
3691 1767 3740 1820 hi

2149 1859 2240 1926 qui
2285 1867 2412 1914 ante
2463 1860 2635 1930 ipsius
2684 1861 2972 1916 adventum
3026 1861 3400 1922 decesserunt,
3445 1860 3582 1928 jure
3633 1861 3742 1916 hac

2149 1951 2381 2022 allegare
2409 1951 2766 2018 videbuntur;
2803 1967 2988 2005 verum
3014 1953 3177 2004 etiam
3209 1951 3306 2016 illi,
3335 1951 3434 2020 qui
3461 1951 3536 2004 ab
3569 1951 3738 2004 Adam

2151 2061 2326 2114 usque
2376 2045 2440 2100 ad
2480 2045 2770 2100 adventum
2814 2043 2944 2100 Jesu
2987 2043 3281 2098 obierunt?
3327 2041 3522 2110 Neque
3581 2043 3742 2097 Para-

2148 2139 2272 2192 clcti
2321 2139 2464 2192 enim
2522 2139 2804 2193 scientiam
2857 2137 3134 2194 consecuti
3185 2147 3334 2200 sunt,
3384 2153 3576 2207 neque
3611 2135 3738 2192 Iesu

2147 2231 2392 2286 doctrina
2427 2231 2622 2286 eruditi
2667 2241 2814 2286 sunt.
2847 2229 2952 2284 Sed
3009 2231 3112 2284 hoc
3147 2229 3324 2282 soittm
3349 2229 3620 2282 ultimum
3649 2245 3740 2300 ge-

2149 2341 2248 2378 nus
2281 2325 2584 2389 hominum,
2633 2333 2692 2377 ut
2722 2325 2824 2389 ais,
2851 2322 2995 2393 quod
3027 2337 3056 2376 a
3109 2320 3326 2376 Tiberio
3365 2331 3476 2388 est,
3511 2323 3740 2376 salven-

2147 2425 2234 2469 tur
2265 2417 2409 2486 (.Il);
2441 2419 2554 2484 ipse
2583 2417 2726 2470 enim
2759 2435 2774 2466 ι
2809 2431 2901 2470 eos
2921 2413 3173 2470 Christus
3195 2414 3584 2469 demaledicto
3611 2415 3744 2484 tegis

2150 2510 2381 2562 redemit
2423 2509 2502 2575 “,
2557 2527 2576 2560 ›
2635 2509 2776 2564 sicut
2829 2507 3032 2566 Paulus
3083 2508 3460 2563 testimonium
3515 2508 3682 2562 dedit
3725 2525 3740 2564 :

2151 2621 2168 2652 ι
2210 2601 2346 2668 Quia
2383 2601 2560 2656 littera
2591 2601 2811 2664 occidit,
2847 2619 2948 2658 nec
2970 2617 3300 2672 quemquam
3334 2601 3588 2654 viviticat
3617 2599 3692 2664 ⁸³,
3715 2620 3736 2653 ι

2145 2703 2198 2748 et
2231 2713 2248 2744 ‹
2289 2693 2442 2760 Quod
2481 2694 2564 2747 lex
2611 2693 2976 2748 ministerium
3015 2697 3210 2748 mortis
3241 2702 3325 2748 est
3341 2694 3407 2756 “,
3441 2695 3744 2762 virtusque

2151 2787 2356 2855 peccati
2387 2787 2451 2840 “.
2493 2805 2510 2836 ι
2547 2783 2834 2838 Archelaus
2867 2786 3002 2840 dixit
3031 2803 3050 2840 :
3085 2785 3252 2840 Erras
3288 2786 3552 2840 nesciens
3589 2785 3740 2840 Scri-

2147 2879 2416 2948 ptnras",
2443 2895 2616 2948 neque
2642 2879 2892 2932 virtutem
2925 2877 3016 2932 Dei
3043 2897 3056 2944 ;
3086 2878 3240 2932 multi
3253 2879 3396 2932 enim
3423 2879 3600 2932 etiam
3621 2887 3740 2948 post

2144 2970 2436 3024 adventum
2467 2969 2668 3024 Christi
2711 2985 2882 3038 usque
2901 2985 3046 3024 nunc
3081 2973 3362 3039 perierunt
3385 2979 3444 3024 et
3479 2981 3732 3040 pereunt;

2145 3067 2200 3120 bi
2239 3065 2468 3126 scilicet,
2517 3065 2608 3132 qui
2651 3064 2908 3133 operibus
2943 3063 3166 3132 justitire
3211 3063 3492 3118 deservire
3537 3061 3734 3116 nolue—

461 3155 685 3218 misisti,
721 3155 998 3224 orphauos
1045 3153 1404 3225 dereliquisti,
1443 3154 1570 3208 dum
1623 3155 1736 3224 ipse
1781 3159 1986 3212 dixeris
2017 3177 2028 3212 :
2063 3185 2108 3240 ρ
2145 3169 2302 3224 runt;
2337 3157 2414 3210 illi
2445 3171 2572 3212 vero
2603 3156 2729 3220 soli,
2757 3156 2848 3225 qui
2881 3148 3238 3226 susceperunt
3269 3171 3396 3209 eum
3449 3165 3510 3210 et
3551 3161 3731 3210 susci-

465 3265 486 3299 ι
525 3245 640 3300 Non
692 3247 1066 3318 derelinquam
1127 3263 1226 3302 vos
1271 3247 1638 3316 orphanos",
1681 3266 1698 3298 ι
1745 3265 1868 3302 cum
1920 3251 2036 3320 ipse

459 3339 664 3394 dixeris
707 3349 776 3404 te,
823 3357 946 3394 mox
991 3342 1118 3406 ires,
1167 3343 1465 3398 missurum
1507 3360 1626 3399 esse
1657 3343 2038 3399 Paracletum?

465 3431 604 3498 Quid
641 3442 954 3502 poteramus
982 3435 1213 3502 orphani
1241 3435 1438 3502 facere,
1469 3453 1576 3490 non
1609 3437 1868 3490 habentes
1895 3447 2038 3491 tuto-

459 3525 770 3580 rem'tnihil
803 3543 900 3580 nos
931 3527 1262 3595 deliquinus,
1299 3537 1354 3582 ιιι
1385 3545 1484 3583 nos
1515 3527 1770 3584 fefellisti.
1802 3529 1908 3582 Sed
1935 3531 2030 3582 ab-

459 3619 532 3672 sit
580 3617 692 3686 (57)
731 3617 833 3670 hoc
863 3633 892 3670 a
941 3615 1170 3672 Domino
1211 3629 1400 3673 nostro
1437 3619 1564 3674 Jesu
1593 3621 1814 3674 Christo
1845 3619 2034 3673 Salva-

459 3723 580 3767 tore
619 3711 799 3764 omnis
828 3711 1043 3764 animus.
1087 3709 1202 3764 Non
1240 3713 1384 3765 enim
1425 3723 1670 3768 moratus
1700 3721 1782 3766 est
1813 3713 1864 3766 in
1907 3728 2036 3782 pro-

460 3806 818 3862 missionibus
869 3806 1003 3870 suis,
1061 3807 1154 3860 sed
1206 3821 1329 3862 eum
1381 3807 1654 3860 dixisset:
1710 3823 1728 3856 ι
1773 3803 1919 3860 Vado
1969 3810 2034 3861 ad

1064 3947 1108 3980 ⁸ο
1137 3946 1239 4000 Joh
1267 3963 1373 4008 xtv,
1417 3947 1502 4001 18.
1583 3949 1622 3978 δ’
1662 3947 1796 4001 Ibid.
1835 3947 1921 4009 16,
1953 3947 2042 4000 27.8.

1034 4019 1083 4048 ⁵⁸
1105 4018 1442 4084 Matth.xxn,
1475 4018 1562 4072 '29.

533 3945 574 3978 ³⁹
604 3945 760 4000 Joan.
793 3962 900 4008 χιι,
937 3945 988 4000 8.

459 4019 506 4054 ⁸⁸
533 4017 695 4071 lCnI'.
723 4035 810 4082 xv,
869 4019 958 4072 56.

532 4176 644 4246 (54)
673 4178 775 4230 Ant
818 4179 950 4232 nihil
981 4179 1154 4242 video,
1204 4188 1298 4234 aut
1327 4180 1398 4234 ita
1435 4181 1804 4236 restituendus
1831 4191 1914 4236 est
1947 4182 2035 4236 hic

457 4245 926 4318 locusuranifeste
971 4261 1286 4318 corruptus;
1319 4269 1442 4303 nam
1477 4253 1528 4304 itt
1575 4253 1759 4306 codice
1797 4253 1866 4306 ita
1893 4254 2028 4306 scri-

457 4317 604 4390 bitur
635 4336 648 4370 :
683 4337 698 4366 ι
731 4319 822 4369 Sin
849 4317 1332 4373 autemcmiderem
1371 4339 1428 4374 se
1462 4321 1668 4386 dicens,
1690 4332 2028 4390 exposceret,

457 4387 762 4460 devitarc-nt
791 4391 1062 4456 persequi,
1098 4391 1330 4442 alienum
1361 4407 1482 4444 esse
1507 4387 1904 4460 pronuntiaret.
1941 4412 1958 4443 ι

532 4458 644 4528 (35)
672 4457 794 4528 lloe
829 4461 1014 4528 eodem
1039 4469 1358 4528 argumento
1383 4457 1648 4516 adversus
1678 4461 2038 4518 Montanistas

457 4525 634 4600 utitur
671 4525 991 4600 Theodorus
1045 4525 1356 4583 llet'acleota
1413 4531 1479 4600 in
1520 4547 1638 4600 cap.
1691 4549 1782 4584 xw
1827 4531 2030 4600 Evang.

455 4597 640 4657 Joan..
678 4613 822 4651 vers.
857 4599 942 4661 17,
977 4616 1098 4654 cum
1133 4601 1310 4668 inquit
1339 4619 1350 4653 :
1385 4619 1400 4648 ι
1441 4597 1644 4654 Νιιιιιέἰ
1682 4602 1789 4656 illis
1819 4617 1926 4654 non
1959 4597 2035 4656 di-

455 4669 750 4736 ligentibus
785 4670 983 4730 solum,
1019 4671 1110 4723 sed
1146 4681 1198 4724 et
1231 4686 1327 4738 pro
1370 4670 1478 4722 Deo
1511 4681 1738 4725 mortem
1774 4684 2035 4740 Oppeten-

456 4741 624 4798 tibus,
659 4757 764 4792 non
800 4743 1065 4810 illliSlSSt‘l,
1104 4757 1262 4809 quem
1313 4743 1638 4810 promiserat
1667 4742 2031 4810 Paraeletum,

457 4813 760 4882 secunlum
799 4809 1161 4882 Plirygiorum
1197 4813 1552 4878 impietatem,
1593 4815 1938 4867 mendacium
1977 4809 2030 4868 in

457 4879 789 4954 Evangeliis
815 4879 1165 4954 reperiretur.
1199 4883 1352 4946 Quod
1379 4883 1422 4936 si
1458 4897 1606 4946 vero,
1653 4899 1776 4937 cum
1815 4885 1886 4936 sit
1917 4885 2032 4954 ipsa

457 4953 679 5014 Veritas,
725 4951 930 5005 misrrit
973 4952 1037 5004 iis
1083 4951 1342 5019 Spiritum
1393 4963 1666 5020 sanctum,
1705 4963 1906 5007 temere
1938 4951 2032 5008 er-

455 5023 628 5074 rando
665 5023 1180 5086 comminiscuntur,
1223 5025 1468 5076 dicentes
1500 5041 1592 5090 per
1631 5025 1943 5078 Montanum
1981 5033 2034 5078 et

458 5091 761 5146 Priscillam
816 5093 1041 5146 missum
1087 5107 1206 5146 esse
1237 5093 1576 5146 Paraclctutn
1615 5105 1738 5163 post
1768 5097 2034 5150 ducentos

456 5172 507 5216 et
541 5163 760 5225 triginta
793 5177 967 5216 annos
1000 5164 1067 5215 ab
1096 5164 1393 5229 apostolica
1433 5165 1605 5232 gratia
1639 5175 1966 5219 transactus.
2011 5186 2028 5216 ι

530 5233 641 5300 (3(5)
672 5233 1046 5286 Contentionis
1077 5243 1208 5286 aestu
1253 5243 1407 5288 actus
1453 5235 1667 5288 videtur
1699 5236 1786 5288 hic
1827 5235 2034 5288 dixisse

456 5301 778 5365 Archelaus,
811 5313 928 5370 post
960 5313 1228 5356 trecentos
1251 5313 1301 5356 et
1331 5305 1564 5372 amplius
1589 5321 1761 5358 annos
1781 5320 1809 5356 a
1828 5305 2032 5360 Christi

457 5383 632 5426 morte
677 5373 940 5425 Manctem
987 5375 1276 5426 mnersisse
1310 5391 1323 5426 :
1357 5391 1482 5427 nam
1534 5391 1562 5428 a
1601 5375 1806 5428 Christi
1861 5387 2036 5429 morte

456 5459 632 5512 usque
663 5445 729 5497 ad
765 5443 958 5497 habitae
985 5461 1106 5498 cum
1139 5443 1347 5496 Maneto
1375 5444 1764 5514 disputationis
1796 5455 2032 5514 tempus,

455 5519 583 5568 anni
622 5515 837 5568 circiter
871 5530 1058 5568 ccxmx
1095 5515 1454 5568 intercedunt.
1487 5513 1620 5568 Vide
1661 5513 2032 5584 prtefationem

455 5593 700 5638 uestram
729 5586 780 5637 in
821 5585 856 5636 Α
871 5586 1102 5638 rr/telao.

530 5654 643 5722 (37)
677 5654 846 5708 Parva
883 5657 1183 5710 mutatione
1231 5656 1376 5710 hunc
1413 5657 1589 5709 locum
1636 5666 1802 5719 recte,
1839 5657 1895 5710 ni
1931 5655 2034 5708 fal-

455 5723 560 5796 Ior.
594 5725 1026 5796 etnendavimus.
1064 5728 1154 5796 qui
1203 5727 1254 5780 in
1294 5727 1482 5780 codice.
1534 5728 1814 5782 (lasinensi
1867 5729 1938 5796 ita
1978 5741 2037 5778 se

457 5795 662 5868 habet:
701 5813 718 5847 ι
770 5793 872 5850 Sed
908 5797 1050 5850 absit
1083 5793 1246 5852 ’banc
1276 5813 1304 5850 a
1361 5796 1590 5851 Domino
1652 5807 1838 5852 nostro
1905 5795 2034 5850 Jesu

2121 3949 2163 3980 “
2198 3944 2371 3999 Galat.
2409 3957 2492 4004 ιιι,
2523 3941 2625 3995 ⁸15.

1641 4017 1684 4050 ⁸⁷
1717 4017 1875 4072 Joan.
1915 4033 1954 4085 ι,
1991 4019 2078 4072 1⁸2.

2142 3253 2316 3322 pittnt,
2355 3267 2372 3300 ι
2409 3257 2730 3318 potestatem
2778 3259 3104 3318 acceperunt
3153 3247 3247 3301 lilii
3295 3246 3392 3301 Dei
3445 3248 3566 3300 fieri
3603 3249 3674 3302 δ’.
3709 3267 3728 3300 ι

2141 3345 2260 3400 Νοιι
2293 3344 2438 3398 enim
2486 3357 2676 3396 omnes
2714 3341 2888 3408 dixit;
2921 3341 3014 3396 sed
3061 3356 3237 3410 neque
3279 3349 3504 3410 tempus
3547 3342 3736 3396 termi-

2141 3439 2326 3494 navit:
2357 3456 2376 3488 ι
2408 3435 2734 3504 Quicunque
2757 3435 2925 3498 enim,
2955 3435 3150 3503 inquit,
3183 3447 3516 3502 acceperunt
3541 3451 3726 3488 eum.)

2140 3533 2306 3587 Adest
2339 3539 2522 3584 autem
2553 3543 2766 3596 semper
2786 3527 2950 3596 justis
2981 3527 3132 3590 viris,
3157 3541 3186 3580 a
3217 3535 3480 3580 creatura
3513 3527 3730 3592 mundi,

2143 3641 2244 3680 nec
2283 3631 2462 3678 cessat
2503 3620 2780 3690 inquirere
2829 3619 3151 3688 sanguinem
3201 3619 3452 3687 ipsorum
3503 3634 3575 3672 ex
3605 3635 3732 3673 saa-

2146 3719 2307 3786 guine
2337 3716 2470 3768 Abel
2494 3714 2650 3783 justi,
2679 3728 2852 3782 usque
2883 3712 2948 3764 ad
2989 3711 3312 3780 sanguinem
3347 3710 3642 3766 Zachariae
3663 3713 3728 3764 δ’.

2149 3801 2302 3859 Unde
2331 3815 2461 3872 ergo
2489 3801 2622 3855 Abel
2647 3800 2848 3870 justus,
2887 3807 2940 3853 et
2965 3799 3038 3852 illi
3064 3813 3258 3854 omnes
3283 3801 3490 3870 reliqui
3521 3817 3622 3871 per
3647 3817 3730 3855 or-

2701 3939 2745 3972 “
2779 3939 2822 3994 l'l
2853 3939 2978 3994 Cor.
3027 3957 3104 4006 ιιι,
3135 3937 3189 3996 6.
3267 3939 3314 3972 ⁸⁸
3347 3939 3552 3998 llCor.
3579 3959 3660 4010 tu,
3681 3943 3728 3997 ἲ.

2156 4019 2200 4048 ⁵⁸
2223 4015 2410 4068 Matth.
2447 4027 2577 4066 xxut
2597 4051 2610 4074 ,
2639 4012 2728 4066 55.

2147 4179 2368 4235 Christo
2405 4177 2686 4232 Salvatore
2719 4191 2879 4232 omne
2913 4176 3127 4230 animae.
3165 4195 3182 4226 ι

2147 4257 2164 4292 ι
2222 4251 2335 4318 (58)
2371 4249 2504 4302 Mire
2542 4249 2630 4301 hic
2660 4259 2712 4301 et
2757 4249 2810 4300 in
2858 4263 3010 4316 seqq.
3051 4248 3386 4318 depravalus
3431 4257 3524 4300 est
3569 4251 3730 4302 codex

2149 4320 2490 4382 Casinensis,
2542 4318 2594 4371 in
2639 4333 2748 4387 quo
2794 4319 3009 4386 legitur.
3067 4317 3570 4387 ¢__Ahundantilnts
3613 4335 3732 4374 vero

2147 4394 2412 4446 eontitens
2447 4389 2635 4442 Paulo.
2658 4385 3026 4442 'i‘llanes’dixit
3057 4385 3274 4440 :Tnttm
3326 4396 3384 4441 et
3423 4388 3608 4456 ipsius
3653 4391 3732 4442 in-

2147 4463 2288 4514 dicio
2315 4460 2740 4528 C(tll‘lpi‘chellStIS
2769 4475 2858 4522 es;
2900 4460 3011 4512 hanc
3051 4458 3194 4510 enim
3229 4473 3457 4510 versum
3501 4469 3560 4512 te
3589 4461 3734 4513 locn-

2149 4542 2254 4592 tns,
2285 4533 2564 4599 ignorans,
2606 4531 2732 4598 quia
2772 4529 2898 4582 dum
2943 4543 3029 4582 me
3051 4528 3142 4599 vis
3183 4528 3728 4599 pt'obtaeonjieere.

2140 4597 2338 4671 majori
2376 4601 2544 4669 culpae
2590 4597 2648 4654 se
2692 4599 3015 4671 succumbit.
3045 4597 3269 4671 Dicagc
3317 4598 3458 4650 mihi
3493 4597 3728 4664 studias,

2137 4667 2245 4742 qua
2283 4667 2505 4742 Tiberio
2540 4687 2719 4742 usque
2747 4670 2814 4723 ad
2857 4669 3094 4742 Probum
3142 4667 3388 4742 defuncti
3439 4681 3602 4734 sunt,
3647 4671 3726 4722 di-

2135 4738 2258 4798 cent
2291 4743 2354 4796 ad
2380 4739 2590 4804 Jesum,
2617 4741 2780 4794 nolite
2807 4739 3184 4808 nosjudicare.
3215 4738 3370 4793 )‘Nos
3401 4743 3726 4800 totmeuda.

2135 4823 2402 4883 quantum
2437 4827 2532 4882 per
2575 4813 2922 4882 conjecturas
2951 4810 3135 4876 licuit,
3177 4810 3496 4880 abstergere
3545 4811 3726 4866 conati

2135 4899 2345 4938 SIIIIIIIS.

2210 4955 2319 5024 (39)
2362 4952 2594 5024 verbum
2649 4973 2667 5003 ι
2709 4951 3033 5010 missurum,
3068 4969 3085 5002 ι
3129 4959 3312 5004 nostra
3353 4952 3722 5024 esthadditio,

2136 5021 2258 5076 cum
2293 5027 2344 5076 in
2391 5023 2672 5078 Casinensi
2707 5023 2873 5086 desit;
2905 5032 2960 5075 et
2996 5037 3125 5074 sane
3173 5037 3360 5074 vocem
3415 5021 3598 5086 illam,
3647 5023 3726 5076 vel

2139 5095 2268 5162 quid
2305 5095 2482 5148 simile
2513 5095 2584 5146 ibi
2623 5095 2855 5148 deiicere
2881 5091 2996 5161 ipsa
3025 5092 3292 5146 orationis
3333 5093 3510 5146 series
3537 5103 3726 5147 osteuo

2136 5166 2234 5218 dit.

2209 5227 2320 5304 (ιιο)
2353 5233 2409 5287 1η
2450 5233 2733 5288 Casinensi
2753 5243 2854 5304 est.
2883 5253 2900 5285 ι
2932 5234 3039 5290 noli
3063 5244 3248 5288 nostra
3273 5232 3339 5285 de
3369 5233 3720 5300 tormentis,»

2137 5303 2505 5366 nullo’scnsu,
2542 5304 2646 5357 nisi
2677 5313 2737 5358 ut
2761 5303 2971 5358 editum
3007 5315 3106 5368 est,
3139 5306 3468 5372 corrigatur.

2210 5375 2324 5446 (41)
2369 5373 2423 5428 In
2472 5375 2658 5428 codice
2683 5375 2966 5428 Casinensi
3002 5377 3080 5430 sic
3117 5376 3318 5444 legitur
3355 5392 3368 5426 :
3405 5393 3424 5424 ι
3476 5373 3592 5426 Sed
3627 5375 3722 5446 hoc

2138 5445 2316 5498 solum
2361 5445 2610 5498 ultimum
2654 5461 2825 5514 genus
2867 5447 3171 5508 hominum,
3221 5453 3280 5496 ιιι
3320 5459 3437 5506 eas,
3489 5445 3642 5512 quod
3691 5461 3720 5498 a

2141 5515 2360 5568 Tiberio
2387 5527 2489 5574 est,
2515 5515 2810 5568 salvcntur.
2852 5537 2870 5568 ι
2897 5515 3006 5571 Nos
3031 5525 3212 5569 autem
3249 5516 3414 5567 verba
3447 5515 3564 5576 illa,
3605 5533 3626 5564 α
3665 5525 3718 5568 ιιι

2138 5601 2252 5650 eas,
2287 5605 2304 5636 ι
2343 5587 2678 5654 interpretati
2711 5601 2924 5648 sumus,
2959 5607 2974 5636 ι
3011 5597 3066 5639 ιιι
3107 5587 3206 5646 ais,
3245 5605 3264 5637 ι
3297 5587 3554 5654 exeluplo
3585 5587 3718 5638 alte.

2139 5657 2254 5710 rius
2287 5655 2390 5710 loci
2419 5657 2559 5708 intra
2587 5670 2706 5724 cap.
2728 5655 2818 5714 50.
2853 5657 2941 5709 ubi
2974 5675 2994 5706 ι
3027 5665 3084 5710 ιιι
3107 5673 3186 5716 as,
3217 5675 3236 5706 ι
3271 5669 3392 5724 pro,
3421 5675 3440 5704 ι
3479 5663 3532 5708 ιιι
3555 5655 3662 5714 ais.
3693 5675 3712 5706 ι

2139 5727 2244 5789 vel,
2282 5743 2299 5776 ι
2335 5735 2390 5778 ιιι
2418 5726 2638 5790 :ISSel‘is,
2677 5745 2694 5778 ι
2731 5741 2760 5778 a
2795 5727 3014 5782 librario
3049 5727 3311 5796 scriptum
3341 5725 3714 5792 fuisse,senstt

2140 5797 2257 5862 ipso
2288 5807 2564 5866 poscente,
2592 5797 2946 5864 conjocimus.
