3922 6490
172 310 308 364 H75

1265 307 1407 361 CUM
1443 306 1724 362 MANETE
1767 303 2301 361 "ERESIARCIM.

3258 301 3398 356 “.74

166 427 368 489 dinem,
399 424 492 492 qtti
521 423 659 478 inter
683 423 862 494 justos
894 435 1284 480 enumerantur
1315 427 1450 494 (4:2),
1485 442 1606 480 cum
1646 426 1728 478 lex
1761 433 1806 486 Α
1835 425 2049 494 piamus
2075 440 2138 478 ex
2174 425 2279 488 his,
2303 437 2488 476 eorum
2514 437 2634 490 quae
2662 419 2859 474 habere
2882 428 2932 472 te
2953 419 3112 485 dicis;
3146 421 3268 473 utsi
3297 422 3408 474 lucc

168 533 274 573 non
297 528 439 572 esset
461 515 651 588 Moysi,
689 533 810 571 cum
845 519 1122 587 prophetae
1161 519 1339 571 oborti
1384 533 1490 571 non
1529 528 1733 580 essent,

168 626 267 663 nec
293 609 587 678 prophetiae
617 625 816 662 munus
845 610 1194 679 implessent?
1215 608 1404 664 Nonne
1432 610 1565 678 justi
1609 610 1737 663 elle-

166 701 238 754 cti
271 711 398 755 sunt
425 715 490 754 ex
522 715 586 754 eo
608 702 751 769 quod
783 702 952 769 legem
989 701 1283 770 implebant
1319 719 1333 755 :
1377 721 1394 752 ‹
1434 700 1736 755 Ostendens

167 789 553 857 unusquisque
581 804 769 842 eorum
789 803 926 857 opus
952 790 1088 859 legis
1117 793 1375 860 scriptum
1405 791 1516 861 (45)
1546 793 1598 845 in
1623 808 1739 846 cor-

165 880 326 933 dibus
365 881 512 944 suis,
567 881 933 934 testimonium
977 881 1234 936 reddente
1277 884 1356 937 eis
1400 884 1735 938 conscientia

166 986 264 1025 sua
295 971 377 1025 “‘1
413 991 432 1022 υ
467 970 602 1025 Cum
636 973 778 1025 enim
807 974 930 1042 quis
959 973 1127 1042 legem
1160 989 1264 1026 non
1296 975 1530 1040 habens,
1575 988 1737 1030 natu-

168 1062 373 1124 raliter,
407 1077 528 1130 qua:
566 1063 699 1132 legis
733 1072 878 1128 sunt,
917 1063 1082 1130 facit;
1127 1064 1214 1118 hic
1261 1065 1430 1135 legem
1481 1081 1588 1118 non
1638 1067 1737 1118 ba—

165 1153 321 1220 bens,
350 1155 464 1224 ipse
496 1155 598 1209 sibi
635 1164 716 1210 est
750 1156 853 1209 lex.
889 1155 953 1208 Et
984 1156 1193 1211 intuere
1224 1156 1623 1212 multitudinem
1661 1158 1738 1212 le-

169 1261 296 1314 gum
329 1260 422 1313 per
444 1245 685 1315 singulos
724 1247 903 1314 justos
929 1286 943 1310 ,
977 1248 1070 1316 qui
1122 1247 1257 1302 bene
1291 1249 1521 1319 agebant
1567 1249 1736 1302 vitam

167 1351 350 1401 suam,
381 1353 523 1391 nunc
553 1353 617 1391 ex
654 1339 958 1408 semetipsis
1003 1339 1343 1408 proferentes
1388 1341 1442 1393 in
1480 1341 1738 1395 cordibus

165 1429 284 1482 suis
315 1429 532 1483 insitam
571 1429 662 1483 Dei
698 1431 890 1500 legem,
925 1448 1069 1485 nunc
1098 1447 1125 1484 a
1155 1432 1390 1501 propriis
1425 1433 1738 1501 parentibus

167 1521 505 1590 inquirentes
535 1563 550 1588 ,
597 1523 891 1592 aliquando
935 1525 1098 1577 etiam
1133 1523 1201 1576 ab
1239 1523 1639 1592 antiquioribus
1687 1532 1740 1578 et

164 1612 477 1666 senioribus
507 1613 868 1668 addiscentes.
907 1612 1105 1668 Verum
1136 1614 1263 1683 quia
1286 1614 1442 1683 pauci
1474 1628 1569 1682 per
1595 1615 1741 1668 hunc

165 1703 388 1756 modum
426 1703 537 1773 (44)
562 1712 811 1772 poterant
839 1704 902 1757 ad
928 1703 1152 1773 justitiaa
1181 1705 1393 1758 culmen
1425 1705 1736 1770 ascendere,

166 1791 223 1846 id
259 1800 361 1856 est,
406 1807 502 1861 per
547 1802 828 1862 parentum
873 1792 1227 1859 traditiones,
1273 1793 1418 1846 nulla
1463 1794 1516 1846 in
1552 1793 1742 1848 litteris

163 1883 282 1952 lege
309 1883 612 1952 conscripta
643 1901 656 1949 ;
693 1884 982 1938 miseratus
1015 1894 1098 1939 est
1139 1885 1280 1939 Deus
1311 1885 1606 1938 humanum
1655 1901 1744 1953 ge-

163 1991 291 2034 nus,
317 1984 370 2029 et
398 1976 654 2044 scriptam
681 1976 850 2045 legem
877 1993 970 2046 per
990 1976 1206 2047 Moysen
1236 1977 1405 2031 voluit
1432 1978 1743 2031 hominibus

164 2065 319 2128 dare,
359 2067 617 2134 quoniam
668 2067 886 2135 quidem
940 2084 1046 2121 non
1093 2068 1338 2137 apprime
1385 2068 1440 2120 in
1489 2068 1744 2121 cordibus

164 2173 358 2211 eorum
394 2158 660 2211 naturalis
688 2157 822 2227 legis
855 2159 1083 2226 arquitas
1109 2158 1461 2211 retinebatur.
1490 2157 1742 2212 Consona

161 2251 332 2320 igitur
366 2250 554 2319 primae
581 2251 843 2304 creationi
875 2251 1124 2304 humana:
1177 2251 1235 2304 lit
1271 2251 1322 2302 in
1351 2251 1542 2305 litteris
1585 2252 1746 2320 legis-

164 2343 300 2395 latio
324 2381 338 2405 ,
383 2357 504 2410 qua:
534 2357 628 2410 per
653 2339 872 2411 Moysen
902 2341 1060 2394 datur
1085 2341 1274 2394 salutis
1302 2356 1464 2394 causa
1492 2341 1746 2411 plurimo-

161 2448 310 2488 rum.
343 2431 399 2486 Si
442 2436 587 2487 enim
635 2434 972 2488 wstinmmus
1013 2433 1287 2486 hominem
1330 2434 1447 2488 sine
1493 2434 1746 2503 operibus

164 2527 302 2596 legis
335 2525 644 2595 justiticari,
686 2535 739 2579 et
780 2524 1054 2579 Abraham
1105 2536 1381 2595 repntatus
1422 2537 1504 2580 cst
1541 2527 1744 2594 justus;

163 2626 375 2685 quanto
404 2614 578 2683 magis
612 2614 648 2667 ii
670 2615 762 2684 qui
798 2613 1208 2682 adinipleverint
1238 2614 1434 2683 legem,
1467 2612 1748 2666 continen-

167 2718 277 2762 tem
306 2723 368 2762 ea
400 2723 522 2776 quae
551 2705 864 2760 hominibus
897 2705 1210 2774 expediunt,
1239 2705 1507 2774 justitiam
1539 2717 1729 2756 conse.

166 2797 444 2868 quentur?
480 2795 544 2850 Et
575 2797 832 2865 quoniam
864 2795 1026 2849 trium
1059 2795 1402 2849 solummodo
1430 2808 1742 2848 sermonum

167 2889 500 2942 mentionem
556 2885 774 2952 fecisti,
817 2887 884 2940 de
938 2887 1136 2955 quibus
1182 2887 1473 2955 Apostolus
1524 2886 1659 2938 dixit
1731 2905 1742 2939 :

171 3000 192 3033 ι
227 2979 582 3036 Ministerium
615 2983 808 3034 mortis
839 2995 958 3034 esse
980 2981 1148 3050 legem
1181 2980 1248 3042 ⁵ο,
1286 2997 1303 3029 ι
1337 2989 1391 3032 et
1423 2996 1441 3028 i
1471 2977 1744 3032 Christum

168 3074 470 3128 redemisse
500 3088 599 3127 nos
645 3073 711 3127 de
755 3071 1044 3125 maledicto
1101 3071 1238 3140 legis
1277 3071 1353 3136 δ’,
1394 3079 1447 3124 et
1487 3073 1743 3140 quoniam

172 3188 192 3219 ς
231 3166 418 3222 Virtus
448 3166 652 3236 peccati
682 3174 766 3227 est
799 3166 883 3219 lex
919 3158 1004 3230 ⁵²’;
1059 3183 1078 3216 ι
1125 3166 1260 3219 adde
1306 3166 1484 3220 adhuc
1512 3206 1526 3229 ,
1570 3175 1623 3220 et
1665 3167 1750 3221 die

167 3268 594 3328 quantacunque
637 3259 732 3313 tibi
783 3257 1034 3311 videntur
1081 3258 1339 3312 adversus
1399 3258 1567 3328 legem
1632 3274 1753 3313 esse

167 3351 510 3420 conscripta.

242 3442 437 3496 XXIX.
473 3442 654 3496 Manes
679 3443 816 3496 dixit
853 3459 873 3497 :
909 3443 1103 3497 Annon
1134 3441 1272 3495 idem
1307 3449 1416 3506 est,
1462 3440 1606 3511 quod
1659 3440 1746 3496 Je~

167 3550 269 3588 sus
293 3533 361 3588 ad
381 3534 676 3604 discipulos
699 3535 899 3601 aiebat,
929 3536 1243 3589 incredulos
1267 3550 1362 3589 eos
1382 3549 1502 3590 esse
1527 3537 1754 3589 demon-

167 3635 358 3680 strans
390 3643 405 3680 :
444 3643 463 3677 ι
506 3625 613 3680 Vos
637 3641 702 3681 ex
733 3637 882 3696 patre
927 3627 1144 3682 diabolo
1177 3628 1342 3694 estis,
1390 3636 1444 3683 et
1486 3628 1750 3683 desideria

167 3717 348 3786 patris
389 3717 552 3771 vestri
584 3716 763 3771 lacere
793 3719 957 3773 vultis
989 3719 1059 3766 ⁵³7
1110 3737 1128 3770 ι
1183 3717 1296 3774 lloc
1345 3721 1532 3789 utique
1579 3720 1750 3784 dicit,

168 3806 309 3876 quia
339 3819 543 3876 quanta
569 3809 800 3863 voluerit
825 3811 1095 3879 malignus
1122 3813 1372 3881 princeps
1402 3811 1567 3880 hujus
1593 3826 1757 3864 mun-

170 3903 257 3969 di,
278 3911 332 3958 et
349 3911 549 3973 quanta
576 3902 821 3956 desidera
833 3904 983 3968 verit,
1011 3920 1105 3974 per
1131 3905 1347 3976 Moysen
1385 3906 1684 3974 scripserit,
1702 3915 1754 3960 et

169 3992 392 4048 dederit
428 3991 740 4047 hominibus
765 3992 1030 4048 facienda.
1090 4013 1108 4045 ι
1158 3995 1250 4050 ille
1292 3996 1436 4050 enim
1482 3995 1754 4050 homicida

172 4095 270 4140 est
294 4085 363 4139 ab
381 4083 556 4149 initio,
574 4094 626 4139 et
652 4086 705 4138 in
740 4086 963 4140 veritate
990 4102 1096 4141 non
1129 4088 1300 4154 stetit,
1323 4087 1581 4157 quoniam
1608 4088 1755 4141 verio-

164 4187 261 4230 tas
295 4175 348 4229 in
396 4191 462 4230 eo
497 4193 605 4230 non
643 4186 760 4244 est;
805 4193 930 4232 cum
972 4178 1214 4248 loquitur
1256 4179 1596 4234 mendacium
1624 4220 1639 4246 ,
1689 4179 1755 4234 de

164 4270 294 4325 suis
324 4272 558 4341 propriis
597 4272 837 4341 loquitur
873 4274 1134 4342 quoniam
1169 4276 1402 4329 mendax
1437 4285 1558 4342 est,
1613 4276 1755 4330 sicut

161 4372 226 4418 et
261 4373 416 4432 pater
441 4364 560 4433 ejus
587 4364 655 4418 ⁵⁵.
686 4383 706 4416 ›
737 4365 1020 4418 Archelaus
1044 4366 1182 4418 dixit
1209 4381 1226 4418 :
1259 4365 1467 4420 Sufﬁcit
1491 4367 1583 4421 tibi
1615 4367 1751 4430 ha:c,

1839 525 1982 570 recte
2011 517 2185 585 posita
2218 514 2421 567 fuerint
2445 515 2680 574 inventa,
2721 513 2883 563 etiam
2925 511 3128 581 reliqua
3163 527 3286 564 cum
3325 511 3411 566 his

1837 616 2307 662 annumerentur:
2343 607 2426 659 sin
2465 605 2675 669 minus,
2718 619 2812 656 cro
2842 618 2943 670 ego
2976 603 3245 655 obnoxius
3287 618 3412 655 sen-

1838 698 2018 751 tentia:
2044 697 2315 766 judicum,
2352 696 2403 749 id
2433 704 2536 759 est,
2567 695 2694 748 victi
2723 693 3072 761 ignominiam
3099 691 3286 744 feram.
3317 691 3414 746 Ais

1837 805 1966 859 ergo
1996 789 2356 843 ministerium
2389 788 2577 841 mortis
2607 800 2728 844 esse
2771 785 2976 852 legem,
3018 793 3071 837 et
3110 785 3410 852 principem

1839 881 2003 950 hujus
2040 881 2226 933 mundi
2254 889 2503 940 mortem,
2545 893 2772 946 regnare
2801 878 2869 930 ab
2916 877 3083 928 Adam
3132 891 3303 944 usque
3345 873 3413 928 ad

1838 969 2097 1039 Moysen;
2127 969 2386 1038 scriptum
2417 977 2503 1022 est
2528 970 2671 1021 enim
2715 987 2726 1020 :
2759 987 2774 1017 ι
2809 969 2867 1020 ιιι
2895 983 2989 1021 cos
3015 969 3106 1035 qui
3150 983 3254 1020 non
3298 966 3411 1036 (45)

1839 1071 2196 1128 peccaverunt
2226 1061 2292 1112 ⁵⁵.
2333 1079 2352 1110 ι
2388 1059 2568 1111 Manes
2603 1059 2740 1111 dixit
2768 1074 2787 1111 :
2822 1057 2962 1126 Ergo
2996 1073 3143 1110 mors
3174 1055 3418 1127 regnavit

1839 1153 1956 1206 sine
1989 1151 2174 1217 dubio,
2209 1153 2335 1221 quia
2370 1152 2603 1204 dualitas
2630 1160 2732 1215 est,
2762 1167 2861 1205 nec
2887 1153 3063 1212 aliter,
3100 1151 3202 1204 nisi
3233 1157 3417 1204 essent

1840 1242 2101 1312 ingenita.
2159 1241 2445 1296 Archelaus
2495 1243 2634 1296 dixit
2690 1259 2707 1296 :
2755 1244 2821 1297 Et
2857 1243 3129 1310 quomodo
3179 1243 3417 1311 ingenita

1841 1348 1990 1387 mors
2023 1343 2171 1387 certo
2202 1349 2267 1388 ex
2302 1344 2543 1402 tempore
2588 1335 2738 1404 regni
2780 1334 2945 1388 sumit
2987 1331 3312 1386 exordium?
3346 1333 3416 1386 ab

1839 1425 2010 1479 Adam
2041 1426 2208 1489 enim,
2239 1425 2434 1495 inquit,
2470 1433 2654 1480 etnon
2683 1425 2818 1478 dixit
2852 1434 2976 1477 ante
3001 1424 3194 1476 Adam.
3229 1422 3413 1477 Mane;

1840 1517 1979 1569 dixit
2007 1533 2024 1570 :
2055 1515 2341 1582 Quomodo
2374 1531 2522 1577 vero,
2561 1525 2616 1570 et
2636 1517 2942 1586 justorum,
2974 1524 3027 1569 et
3070 1526 3415 1585 peccatorum

1840 1611 2141 1664 obtinuerit
2185 1624 2410 1680 regnum
2455 1609 2643 1663 dicito.
2689 1609 2978 1661 Archelaus
3029 1609 3161 1660 dixit
3205 1625 3223 1662 :
3272 1608 3413 1663 Curr.

1841 1701 1992 1770 prius
2023 1700 2309 1756 confessus
2339 1699 2528 1763 fueris,
2551 1701 2676 1770 quia
2705 1716 2734 1753 a
2770 1715 3024 1768 tempore,
3052 1711 3103 1754 et
3125 1717 3229 1753 non
3256 1711 3408 1755 a'ter'

1844 1793 2010 1847 nitate
2041 1793 2304 1862 regnavit,
2338 1801 2450 1846 tum
2483 1793 2680 1846 dicam.
2718 1791 2900 1845 Manes
2925 1793 3062 1844 dixit
3094 1809 3111 1846 :
3143 1792 3412 1862 Scriptum

1843 1885 2080 1946 esthoc,
2110 1885 2234 1953 quia
2278 1903 2295 1934 ι
2350 1885 2418 1937 ab
2460 1884 2632 1936 Adam
2677 1901 2845 1952 usque
2883 1885 2946 1936 ad
2993 1884 3176 1938 Mosen
3222 1901 3416 1954 regna-

1845 1977 1919 2029 vit
1944 1977 2006 2028 ".
2051 1997 2067 2027 ι
2107 1977 2393 2031 Archelaus
2425 1977 2560 2030 dv’xit
2594 1993 2610 2029 :
2641 1976 2780 2046 Ergo
2801 1989 2847 2030 el
2877 1978 3034 2030 linem
3066 1979 3244 2044 habet,
3275 1978 3419 2048 quod

1853 2066 2017 2134 cmpit
2047 2082 2110 2121 ex
2144 2075 2382 2135 tempore
2415 2067 2548 2136 (46);
2575 2075 2628 2120 ct
2657 2083 2844 2120 verum
2874 2077 2956 2122 est
2989 2069 3117 2122 illud
3149 2071 3291 2139 quod
3333 2072 3419 2124 di-

1846 2167 1990 2211 ctum
2024 2165 2128 2221 est,
2169 2159 2295 2226 quia
2338 2177 2355 2209 ‹
2393 2160 2646 2227 absorpta
2674 2168 2757 2213 est
2785 2176 2930 2214 mors
2955 2161 3008 2213 in
3043 2162 3267 2215 victoria
3296 2163 3362 2216 ⁸⁷.
3395 2181 3414 2214 ι

1848 2251 2021 2304 Etiam
2084 2250 2320 2319 ingenita
2361 2267 2467 2304 non
2509 2252 2650 2313 erit,
2705 2267 2823 2320 qua:
2863 2261 2914 2305 ct
2954 2252 3165 2306 initium
3223 2255 3422 2308 habere

1846 2351 2204 2406 monstratur,
2237 2351 2290 2396 et
2319 2341 2499 2395 linem.
2539 2341 2719 2395 Manes
2748 2343 2925 2396 dixit:
2961 2343 3101 2398 Deus
3135 2359 3264 2412 ergo
3301 2360 3420 2398 eam

1847 2432 1993 2488 fecit.
2032 2433 2322 2487 Archelaus
2357 2435 2491 2487 dixit
2529 2432 2951 2504 :Nequaquam,
2987 2436 3128 2489 absit
3170 2454 3182 2488 :
3221 2455 3238 2485 ι
3281 2435 3422 2489 Deus

1846 2525 1992 2580 enim
2023 2535 2252 2579 mortem
2289 2541 2398 2579 non
2433 2527 2576 2591 l'ecit,
2624 2544 2721 2580 nec
2769 2529 2990 2581 laetatur
3020 2529 3072 2581 in
3118 2529 3422 2598 perditione

1846 2617 2093 2670 viverum
2121 2618 2187 2670 ⁵⁸.
2232 2635 2249 2667 ι
2289 2617 2470 2670 Manes
2515 2619 2651 2672 dixit
2694 2633 2711 2670 :
2751 2616 2892 2672 Deus
2933 2631 3051 2671 eam
3101 2635 3208 2672 non
3263 2619 3420 2685 fecit;

1849 2709 1988 2764 facta
2018 2721 2196 2764 tamen
2227 2718 2326 2775 est,
2361 2720 2419 2764 ut
2448 2711 2530 2765 ais
2563 2729 2578 2765 :
2612 2728 2642 2765 a
2676 2725 2786 2781 quo
2818 2713 3086 2781 acceperit
3113 2713 3424 2782 imperium,

1848 2804 1930 2856 vel
1957 2805 2119 2871 a'quo
2145 2811 2326 2856 creata
2361 2805 2448 2867 sit,
2484 2804 2669 2858 dicito.
2706 2803 2994 2858 Archelaus
3019 2806 3154 2858 dixit
3183 2822 3202 2858 :
3236 2805 3292 2860 Si
3321 2806 3425 2860 hoc

1850 2894 2162 2962 plenissime
2215 2894 2538 2956 ostendero,
2587 2896 2729 2963 quod
2765 2896 3126 2949 substantiam
3173 2896 3426 2966 ingenitae

1851 2995 2058 3039 natura:
2084 3000 2230 3039 mors
2263 2984 2461 3039 habere
2495 3001 2601 3038 non
2636 2987 2825 3055 possit,
2859 3003 3040 3041 nonne
3083 2988 3426 3042 conﬁteberis

1854 3094 2020 3132 nomn
2055 3077 2220 3133 Deum
2253 3095 2394 3144 esse,
2426 3088 2480 3131 et
2514 3078 2658 3132 hunc
2685 3079 3010 3148 ingenitum?
3035 3078 3214 3132 Manes
3236 3081 3372 3132 dixit
3407 3096 3426 3134 .'

1855 3169 2121 3237 Loquere,
2157 3171 2429 3224 subtiliter
2454 3171 2596 3224 enim
2623 3171 2705 3224 vis
2738 3171 2946 3224 discere
2979 3171 3111 3240 (47).
3140 3173 3425 3226 Arclwlaus

1850 3261 2034 3315 dixit:
2081 3261 2219 3326 Quia
2256 3270 2313 3315 tu
2351 3262 2511 3315 verba
2562 3262 2650 3315 illa
2694 3263 2766 3315 ita
2814 3263 3126 3331 protulisti,
3167 3272 3425 3333 tanquam

1853 3354 1948 3407 tibi
1997 3355 2320 3424 proﬁcerent
2369 3356 2434 3409 ad
2485 3356 2852 3409 ostensionem
2893 3357 3143 3425 ingenitae
3181 3357 3421 3422 radicis;

1855 3447 2129 3501 sullieiunt
2149 3458 2323 3500 tamen
2354 3448 2512 3502 nobis
2528 3458 2580 3501 et
2602 3464 2663 3501 ea
2693 3463 2812 3515 qua:
2841 3463 3003 3516 supra
3031 3457 3254 3502 tractata
3275 3459 3424 3514 sunt,

1854 3539 1907 3592 in
1938 3539 2138 3608 quibus
2168 3540 2480 3608 plenissime
2515 3539 2890 3603 ostendimus,
2929 3540 3266 3609 impossibile
3303 3557 3424 3596 esse

1852 3631 2086 3686 duarum
2115 3642 2242 3687 natu
2254 3649 2435 3687 rarum
2460 3633 2822 3704 ingenitarum
2839 3632 3101 3689 exsistere
3115 3647 3277 3702 posse
3299 3633 3432 3686 sul:-

1853 3723 2100 3777 stantias.

1922 3813 2092 3866 XXX.
2120 3813 2334 3869 Judices
2365 3815 2617 3868 dixerunt
2660 3833 2676 3869 :
2705 3815 2801 3870 Πῗο
2835 3817 2899 3869 ad
2951 3832 3012 3868 ea
3041 3855 3057 3881 ,
3107 3831 3228 3883 qua:
3262 3832 3432 3884 nuper

1853 3907 2178 3974 pr0posuit,
2227 3907 2511 3962 Archelae.
2559 3907 2850 3960 Archelaus
2881 3908 3016 3959 dixit
3068 3922 3086 3958 :
3125 3905 3430 3975 Principem

1856 3997 2062 4062 mundi,
2095 4005 2150 4050 et
2183 3998 2499 4067 malignum,
2527 4009 2579 4051 et
2611 3999 2880 4063 tenebras,
2903 4005 2960 4050 et
3001 4006 3230 4050 mortem
3261 4014 3432 4050 unum

1854 4089 2214 4158 eumdenique
2238 4106 2358 4144 esse
2387 4091 2538 4155 dicit,
2567 4091 2848 4160 legemque
2877 4091 2945 4142 ab
2981 4106 3044 4144 eo
3070 4090 3276 4156 datam,
3301 4106 3429 4160 pro-

1854 4192 1972 4252 pter
2003 4182 2108 4238 hoe
2143 4183 2287 4251 quod
2320 4183 2581 4251 scriptum
2627 4189 2710 4236 est
2764 4199 2778 4234 :
2824 4200 2842 4232 ι
2892 4180 3250 4235 Ministerium
3289 4198 3435 4236 mor-

1858 4274 1927 4328 tis
1954 4275 2021 4338 ⁵⁸³,
2061 4293 2079 4325 ι
2116 4283 2170 4327 et
2213 4274 2421 4343 reliqua
2455 4289 2577 4343 qua;
2617 4273 2834 4342 objecit.
2862 4272 3157 4338 Quoniam,
3185 4274 3431 4343 inquam,

1858 4368 2015 4438 (48),
2079 4370 2221 4423 sicut
2281 4368 2530 4436 superius
2582 4367 2861 4430 diximus,
2917 4366 3185 4419 malorum
3239 4382 3437 4420 metuo-

161 4459 457 4519 sunt',an
490 4455 656 4510 habes
680 4465 733 4510 et
757 4457 1018 4525 alia,qua3
1045 4457 1221 4511 dicas?
1242 4457 1427 4512 Manes
1456 4459 1617 4512 dixit:
1653 4457 1755 4513 lla-
1787 4487 1830 4540 Ι)
1855 4463 1950 4515 riae
1999 4461 2082 4514 lex
2124 4477 2231 4514 non
2281 4461 2566 4530 diligenter
2613 4459 2880 4524 haerebat,
2922 4459 3122 4528 scripta
3172 4461 3434 4513 naturali-

160 4548 280 4603 beo
307 4548 522 4618 quidem
543 4550 732 4614 multa,
757 4559 808 4603 et
839 4550 1031 4604 horum
1052 4551 1278 4620 majora;
1303 4552 1397 4606 sed
1422 4552 1507 4606 bis
1526 4563 1752 4608 conten-

163 4650 269 4697 tus
301 4658 414 4698 ero.
445 4644 732 4698 Archelaus
758 4645 939 4698 dixit:
985 4643 1304 4715 Exemplum
1355 4646 1560 4700 scilicet
1607 4647 1751 4700 acci-

815 4766 861 4795 ⁸ο
905 4763 943 4816 ll
979 4764 1104 4817 Cor.
1138 4779 1218 4824 ιιι,
1255 4763 1306 4816 7.

689 4834 734 4866 “
767 4836 904 4888 Ibid.

246 4760 294 4792 “
329 4762 485 4815 llom.
519 4763 693 4825 ",15.

164 4833 224 4864 "
257 4831 419 4886 Rom.
447 4849 498 4899 v,
526 4835 611 4888 Μ.
689 4834 734 4866 ⁸⁸
767 4836 904 4888 ibid.
975 4835 1020 4865 ⁸⁷
1056 4835 1077 4886 l
1117 4833 1243 4888 Cor.
1283 4851 1373 4899 xv,
1412 4835 1502 4888 54.

248 4973 363 5044 (42)
397 4971 454 5023 In
490 4972 675 5027 codice
708 4972 1017 5028 Casinensi.
1051 4993 1070 5024 ι
1101 4973 1194 5043 qui
1228 4990 1324 5044 per
1359 4975 1629 5041 ordinem,
1661 4975 1754 5044 qui

160 5043 541 5110 inter'justos.
579 5062 595 5092 ι

248 5113 365 5183 (45)
413 5112 468 5165 In
492 5114 681 5166 eodem
709 5112 892 5167 codice
927 5113 1204 5178 scribitur,
1246 5132 1266 5165 ‹
1301 5129 1436 5184 opus
1465 5115 1597 5188 legis
1621 5115 1757 5170 scri-

209 5194 357 5238 lura.
397 5201 415 5231 ι

397 5202 475 5304 ita
509 5252 724 5306 videtur
768 5253 1074 5322 legendum,
1111 5253 1236 5307 licet
1278 5254 1330 5307 in
1380 5255 1566 5309 codice
1599 5252 1755 5310 Casi-

161 5324 337 5379 nensi
366 5322 653 5388 scribatur,
687 5342 705 5373 I
750 5339 844 5391 per
876 5325 1019 5377 hunc
1049 5326 1334 5378 mundum.
1378 5345 1396 5376 ›

253 5392 365 5459 (45)
407 5391 641 5446 lreuieus
666 5408 882 5462 quoque
910 5394 1005 5446 lib.
1046 5411 1108 5447 ιιι
1145 5395 1274 5447 Adv.
1325 5396 1581 5459 lixreses,
1627 5411 1746 5464 cap.

160 5464 270 5524 20,
304 5477 426 5515 cum
468 5463 729 5532 particula
774 5464 1021 5532 negativa
1053 5465 1236 5518 laudat
1288 5465 1435 5519 hunc
1481 5465 1544 5519 ι).
1597 5463 1752 5519 Pauli

161 5536 360 5588 locum
402 5549 415 5586 :
455 5533 595 5586 unde
620 5542 763 5601 patet
793 5533 856 5586 Ι).
885 5533 1244 5604 Augustinum
1281 5535 1334 5590 in
1366 5537 1506 5588 libro
1534 5536 1610 5588 De
1632 5553 1752 5604 pec-

159 5613 287 5658 cat.
310 5605 514 5656 meritis
542 5611 589 5655 et
619 5604 850 5668 remiss.,
883 5603 1026 5667 lib.l,
1056 5621 1176 5672 cap.
1211 5605 1297 5666 Η,
1331 5617 1475 5660 recte
1502 5611 1752 5660 censuis-

161 5692 260 5736 se,
293 5674 364 5726 ita
397 5675 462 5727 ad
492 5673 802 5744 Graecorum
838 5675 1085 5728 codicum
1114 5676 1270 5728 [idem
1299 5676 1582 5744 legendum
1609 5692 1751 5738 esse,

160 5744 310 5801 licet
341 5744 394 5797 in
429 5743 620 5811 majori
649 5741 966 5797 Latinorum
1001 5745 1248 5799 codicum
1277 5741 1427 5815 parte
1462 5749 1578 5800 sine
1628 5762 1752 5815 par-

1413 4766 1456 4802 ⁸¹
1501 4764 1617 4819 Gal.
1677 4779 1760 4828 ιιι,
1793 4764 1880 4817 15.

1579 4836 1625 4866 ⁸⁸
1653 4833 1781 4904 Sap.
1829 4851 1868 4899 ι,
1912 4833 1997 4886 15.

1858 4563 1940 4607 ter
1980 4553 2034 4606 in
2065 4553 2322 4606 cordibus
2352 4567 2541 4606 eorum
2585 4552 2650 4617 6°;
2683 4566 2860 4620 neque
2892 4551 3033 4619 apud
3059 4551 3300 4605 seniores
3321 4562 3437 4605 erat

1859 4643 1995 4699 satis
2015 4642 2172 4698 ﬁrma
2203 4645 2444 4707 traditio,
2484 4660 2608 4698 cum
2637 4645 2716 4698 eis
2745 4643 2960 4697 inimica
2993 4655 3206 4711 semper
3229 4659 3437 4696 memo-

1991 4763 2036 4794 ⁵¹¹
2065 4761 2357 4884 ξθεῧγὸιῑν,
2388 4762 2476 4815 56.
2514 4832 2544 4882 7
2590 4760 2822 4882 ηεξοίιὶη.
2858 4759 3102 4881 ""1414;
3201 4758 3248 4791 ⁵⁸
3299 4759 3432 4815 lbid.

1991 4874 1997 4884 .
2270 4848 2353 4884 or.
2395 4847 2476 4884 ιιι.
2549 4868 2565 4884 .
2783 4845 2890 4883 om.
2931 4845 2992 4884 ιι.
3071 4849 3124 4883 o.

2270 4848 2353 4888 or.
2395 4847 2476 4895 Iit,
2522 4847 2565 4884 ι.

2590 4761 2636 4792 ⁸³
2664 4760 2822 4813 Joan.
2858 4775 2976 4820 νιιι,
3001 4759 3090 4812 44.

2641 4832 2686 4862 ⁶⁰
2734 4830 2890 4883 Rom.
2931 4829 2992 4892 u‘,
3043 4829 3124 4883 15.

1856 4973 2017 5026 ticula
2053 4971 2302 5041 negativa
2352 4972 2640 5040 legeretur.
2682 4968 2833 5024 Hanc
2874 4977 3434 5041 tamenupostremam

1855 5037 2146 5096 lectionem
2169 5043 2354 5095 multis
2393 5037 2670 5096 contendit
2700 5056 2882 5093 veram
2905 5054 3025 5092 esse
3047 5037 3284 5094 Hilarius
3319 5041 3441 5092 dia-

1853 5130 2027 5166 conus
2071 5113 2124 5164 in
2179 5112 2586 5166 commentariis
2632 5113 2696 5164 ad
2748 5127 2871 5165 eum
2926 5109 3077 5162 Pauli
3130 5111 3307 5164 locum
3349 5111 3434 5163 in-

1855 5194 1936 5236 ter
1969 5183 2031 5234 D.
2069 5183 2343 5235 Ambrosii
2380 5182 2554 5250 Opera
2587 5182 2716 5235 :sed
2748 5182 2866 5249 ejus
2889 5181 3221 5248 opinionem,
3255 5191 3439 5248 utpote

1853 5254 2102 5322 originali
2160 5262 2382 5320 peccato
2437 5253 2858 5310 adversantem.
2915 5250 3105 5311 reiecit
3148 5250 3436 5322 Ecclesia,

1854 5319 1973 5394 qua:
2015 5319 2413 5394 probatam_l).
2440 5322 2745 5390 Augustino
2789 5323 3072 5394 lectionem
3123 5322 3176 5373 in
3229 5319 3439 5394 Latinis

1855 5389 2072 5464 quoque
2094 5408 2265 5447 sacra:
2300 5389 2595 5462 Scriptura:
2620 5393 2900 5447 codicibus
2941 5393 3047 5444 huc
3089 5406 3261 5461 usque
3306 5389 3437 5445 reti-

1856 5465 1996 5518 nuit.

1929 5533 2040 5603 (46)
2080 5533 2134 5586 In
2167 5534 2353 5588 codice
2379 5533 2664 5588 Casinensi
2696 5532 2985 5587 manifesto
3014 5546 3200 5588 errore
3239 5527 3436 5585 scribi-

1859 5615 1968 5660 tur,
2014 5624 2031 5653 ε
2065 5605 2309 5672 exemplo
2335 5621 2410 5657 re.
2445 5623 2462 5654 ι

1931 5671 2044 5743 (Π)
2077 5671 2350 5740 Fortasse,
2387 5693 2406 5726 t
2442 5676 2640 5728 dicere.
2688 5693 2705 5725 ι

1841 5729 1852 5749 ’
1931 5729 2044 5814 (48)
2083 5743 2136 5796 In
2170 5729 2357 5800 codice
2388 5746 2665 5800 Casinensi
2695 5750 2854 5807 male,
2898 5762 2915 5794 ι
2954 5743 3218 5812 iniquam.
3264 5758 3288 5792 ι
