3922 6510
528 283 668 340 H75

524 405 621 460 ria:
652 405 957 461 inhaesisset
984 404 1321 476 oblivio'(49)
1349 425 1362 470 ;

521 512 554 551 a
586 499 870 568 magistro,
912 497 1070 553 aliter
1108 514 1140 554 a
1184 499 1476 568 semetipso
1510 519 1522 554 :
1558 502 1903 570 perveniebat
1946 501 2102 557 facile

522 590 657 661 legis
685 591 1006 645 naturaliter
1040 591 1256 662 scriptze
1293 593 1672 662 transgressio,
1701 605 1756 648 et
1793 610 1857 647 ex
1898 610 2105 664 prazva-

519 682 782 736 ricatione
822 684 1199 737 mandatorum
1239 699 1470 752 regnum
1515 699 1665 737 mors
1698 684 1750 737 in
1789 685 2100 740 hominibus

516 773 818 840 obtinebat;
851 774 1227 843 hujuscemodi
1254 787 1339 831 est
1374 777 1520 831 enim
1568 793 1743 843 genus
1788 777 2095 842 hominum,

518 866 662 930 quod
699 866 848 936 virga
884 866 1057 921 ferrea
1096 868 1207 938 regi
1249 869 1485 938 indigeat
1528 885 1557 921 a
1600 867 1729 922 Deo.
1780 868 2098 924 Exsultabat

513 971 644 1026 ergo
671 972 840 1021 mors,
871 967 924 1012 et
964 974 1088 1012 cum
1117 959 1266 1012 omni
1302 968 1566 1030 potestate
1617 961 1879 1030 regnabat
1924 977 2097 1031 usque

511 1047 580 1102 ad
609 1047 851 1119 Moysen,
883 1049 1044 1102 etiam
1077 1050 1130 1103 in
1166 1065 1260 1105 eos
1289 1051 1380 1121 qui
1413 1067 1518 1105 non
1552 1061 1948 1121 peccaverant,
1992 1055 2096 1108 hoc

513 1138 675 1192 modo
707 1155 816 1208 quo
843 1139 1102 1205 diximus;
1133 1156 1295 1210 super
1313 1152 1622 1211 peccatores
1652 1143 1898 1214 quidem,
1929 1145 2093 1199 veluti

510 1231 762 1298 proprios
788 1231 999 1300 sibique
1033 1233 1330 1301 subjectos,
1362 1235 1504 1288 sicut
1535 1234 1633 1289 fuit
1663 1234 1795 1288 Cain
1838 1244 1892 1289 et
1925 1234 2087 1302 Juda;

510 1336 673 1390 super
695 1321 875 1390 justos
919 1339 1046 1377 vero
1073 1333 1289 1394 propter
1327 1325 1452 1387 hoc,
1487 1325 1630 1394 quod
1662 1340 1770 1379 non
1810 1329 2090 1382 consenti-

507 1423 628 1467 rent
651 1415 721 1476 ei,
757 1417 888 1484 quin
923 1417 1100 1484 potius
1140 1419 1485 1483 resisterent,
1540 1418 1920 1474 abseindcntes
1954 1436 1984 1474 a
2032 1436 2090 1474 se

506 1504 791 1559 libidinum
842 1508 967 1560 vitia
1001 1516 1055 1562 et
1097 1509 1600 1577 concupiscentias',
1647 1513 1811 1565 veluti
1865 1511 1955 1576 bi,
1993 1512 2087 1580 qui

507 1595 720 1650 fuerant
742 1598 809 1651 ab
837 1599 994 1665 Abel,
1021 1608 1075 1653 et
1104 1616 1277 1670 usque
1301 1600 1367 1654 ad
1403 1600 1724 1658 Zachariam
1776 1605 1818 1635 ⁶¹
1841 1646 1856 1670 ,
1907 1613 2086 1658 trans-

504 1685 685 1740 ferens
732 1703 947 1757 semper
995 1705 1167 1758 usque
1199 1691 1265 1745 ad
1307 1701 1518 1763 tempus
1566 1695 1618 1748 in
1669 1695 1873 1749 similes
1916 1695 2080 1750 illius.

1527 285 1710 341 ACTA
1762 286 2294 344 DlSPUTATlONlS
2329 290 2384 345 S.
2428 289 2777 347 ARCHELAI

1402 414 1455 460 et
1486 407 1643 461 aliter
1677 408 1802 478 quis
1850 409 2095 464 eruditur
2123 416 2167 471 Α
2196 409 2290 478 qui
2314 409 2468 463 missi
2498 418 2656 463 erant
2684 428 2715 464 a
2748 409 2858 464 Deo
2885 425 3060 480 usque
3093 411 3160 465 ad
3194 410 3519 464 Zachariam
3551 430 3566 464 :
3602 409 3772 466 Domi-

3648 293 3674 345 1
3691 294 3772 348 ιτα

2206 518 2309 558 nus
2342 510 2522 556 autem
2549 517 2703 557 meus
2723 500 2906 565 Jcsus,
2937 503 3204 572 justitiam
3233 503 3404 574 Moysi
3431 505 3568 573 legis
3601 517 3773 559 custo-

2202 593 2380 659 diens,
2416 593 2726 662 indignatus
2759 596 3020 650 adversus
3047 607 3274 650 mortem
3323 612 3424 665 pro
3457 598 3772 665 pra-varica-

2199 684 2346 739 tionc
2373 685 2514 754 pacti
2553 686 2686 755 (52),
2714 694 2767 740 et
2801 687 2966 741 totius
3003 688 3148 741 illius
3180 689 3493 749 ministerii,
3521 691 3770 746 advenire

2200 780 2455 850 dignatus
2486 789 2568 834 est
2603 779 2655 832 in
2692 777 2929 832 hominis
2963 795 3210 849 corpore,
3244 781 3640 835 vindicaturus
3680 799 3768 834 non

2199 866 2690 935 semetipsum,sed
2727 865 2967 937 Moysen,
2996 878 3048 920 et
3067 883 3161 922 eos
3196 869 3288 937 qui
3317 885 3383 922 ex
3431 871 3632 922 ordine

2200 955 2376 1024 ipsum
2413 955 2627 1008 fuerant
2661 955 2916 1010 violentia
2944 957 3158 1010 .mortis
3190 958 3464 1028 oppressi.
3510 958 3768 1029 Maliguns

2194 1063 2324 1102 vero
2350 1048 2610 1117 ignorans
2633 1047 3008 1116 hujuscemodi
3035 1049 3527 1117 dispensationem,
3579 1050 3770 1118 ingres-

2193 1154 2286 1193 sus
2312 1150 2392 1193 est
2415 1139 2609 1193 Judam
2645 1149 2702 1193 ut
2732 1156 2826 1208 per
2856 1140 3033 1209 ipsum
3064 1141 3389 1194 interfici-ret
3420 1157 3555 1194 eum
3580 1186 3596 1205 ,
3645 1145 3767 1195 sicut

2193 1241 2352 1286 antea
2379 1233 2510 1287 Abel
2547 1232 2894 1286 interfecerat
2916 1233 3146 1301 justum.
3200 1233 3303 1286 Sed
3334 1249 3465 1287 cum
3521 1235 3767 1288 intrasset

2196 1322 2250 1375 in
2286 1321 2502 1385 Judam,
2542 1325 2857 1393 pcenitentia
2893 1325 3122 1389 ductus,
3168 1342 3226 1380 se
3271 1326 3388 1393 ipse
3441 1330 3763 1395 suspendit:

2193 1423 2409 1483 propter
2437 1415 2578 1483 quod
2607 1415 2684 1468 ait
2715 1430 2893 1468 sermo
2923 1412 3138 1470 divinus
3170 1435 3182 1468 :
3224 1435 3241 1466 ι
3291 1416 3396 1470 Ubi
3434 1428 3519 1472 est
3542 1457 3561 1481 ,
3611 1437 3765 1485 mors,

2187 1501 2413 1557 victoria
2445 1503 2580 1556 tua?
2613 1504 2703 1557 ubi
2736 1512 2852 1564 est,
2886 1519 3062 1567 mors,
3111 1505 3334 1560 aculeus
3381 1510 3559 1561 tuus?
3603 1531 3624 1560 ι
3660 1509 3721 1561 Et
3755 1528 3767 1562 :

2193 1612 2210 1644 ι
2242 1592 2506 1664 Absorpta
2539 1605 2622 1649 est
2666 1611 2814 1650 mors
2849 1597 2900 1648 in
2934 1597 3157 1650 victoria
3197 1599 3262 1651 δ’.
3300 1618 3318 1648 ι
3368 1598 3486 1653 llac
3537 1616 3672 1670 ergo
3714 1617 3768 1655 ex

2188 1701 2354 1740 causa
2403 1687 2753 1740 ministerium
2793 1689 2978 1742 mortis
3023 1689 3288 1758 appeliata
3333 1701 3418 1745 est
3472 1693 3604 1756 lex,
3656 1695 3768 1762 quia

502 1775 640 1829 Cum
679 1792 808 1830 vere
841 1779 1106 1833 adfuisset
1137 1779 1374 1852 Moyses,
1403 1793 1456 1837 et
1481 1785 1650 1855 leg-ein
1688 1786 1923 1840 dedisset
1957 1786 2080 1840 filiis
2117 1773 2158 1826 Β
2184 1789 2468 1847 peccantes
2503 1783 2918 1850 prtevaricantes
2942 1784 3103 1836 morti
3141 1786 3425 1850 tradebat;
3478 1800 3765 1843 servantes

505 1869 694 1935 Israel,
731 1880 783 1925 et
808 1887 1114 1927 revocasset
1137 1876 1219 1930 eis
1249 1878 1301 1930 in
1327 1879 1644 1932 memoriam
1692 1894 1881 1934 omnes
1922 1879 2085 1948 justi-

503 1965 785 2018 ticationes
806 1965 957 2034 legis,
973 1983 1312 2039 quaecunque
1329 1971 1619 2025 observare
1635 1971 1915 2041 oportebat
1934 1982 1983 2026 et
2004 1973 2086 2024 fa-

500 2071 643 2120 cere,
661 2070 756 2109 eos
773 2072 901 2110 vero
917 2058 1065 2111 solos
1081 2059 1173 2126 qui
1204 2061 1892 2130 praavaricarenturlegem,
1919 2059 2082 2115 morti

499 2150 751 2212 traderet;
776 2147 1028 2201 intercisa
1046 2157 1129 2204 est
1145 2166 1310 2213 mors,
1332 2165 1396 2203 ne
1415 2164 1778 2218 superomnes
1792 2163 2041 2220 regnaret
2066 2170 2078 2205 :

497 2239 761 2309 regnabat
813 2239 956 2293 enim
1013 2255 1178 2311 super
1210 2249 1520 2312 peccatores
1550 2242 1717 2308 solos,
1748 2241 1956 2297 dicente
1977 2245 2081 2299 sibi

496 2330 632 2398 lege:
659 2328 736 2384 Ne
760 2331 1054 2399 contigeris
1079 2336 1176 2387 tios
1198 2335 1289 2401 qui
1317 2349 1434 2386 mea
1459 2341 1723 2402 praacepta
1745 2335 2076 2389 custodiunt.

496 2419 671 2486 llnjus
695 2435 824 2488 ergo
853 2422 1004 2478 verbi
1036 2425 1398 2478 ministerium
1430 2423 1643 2494 Moyses
1671 2425 1865 2479 detulit
1896 2427 2076 2492 morti,

497 2512 734 2580 reliquos
772 2527 966 2568 omnes
1017 2518 1457 2583 praevaricatores
1498 2514 1631 2584 legis
1673 2515 1917 2570 interitui
1969 2525 2079 2570 tra-

492 2601 627 2654 dens
657 2602 764 2670 (50)
800 2619 814 2655 :
846 2618 956 2658 non
998 2605 1141 2659 enim
1178 2621 1273 2674 pro
1301 2620 1387 2670 eo,
1411 2614 1469 2658 ut
1506 2605 1731 2658 omnino
1764 2622 1910 2660 mors
1934 2607 2076 2661 nulla

493 2709 556 2744 ex
593 2704 746 2761 parte
768 2703 1043 2765 regnaret,
1076 2693 1288 2768 Moyses
1313 2695 1553 2759 advenit,
1584 2710 1707 2750 cum
1743 2697 1928 2766 utique
1956 2698 2076 2766 plu-

493 2785 614 2839 rimi
647 2789 811 2842 etiam
840 2798 961 2857 post
990 2788 1208 2860 Moysen
1248 2788 1350 2843 sub
1378 2789 1567 2842 mortis
1592 2789 1798 2843 ditione
1826 2801 2074 2864 teneren-

495 2890 603 2933 tur.
656 2879 732 2934 Ex
777 2881 882 2936 hoc
925 2882 1277 2934 ministerium
1330 2881 1512 2933 mortis
1567 2883 1890 2951 appellatum
1943 2895 2069 2949 est,

494 2974 752 3041 quoniam
789 2974 886 3029 soli
917 2983 1348 3044 transgressores
1376 2974 1511 3043 legis
1545 2975 1908 3042 puniebantur
1939 2976 2071 3047 (51),

493 3082 599 3118 non
635 3067 797 3120 etiam
828 3077 1256 3129 conservatores,
1293 3067 1434 3121 sicut
1459 3066 1591 3120 Abel
1620 3065 1828 3122 faciens
1852 3084 1912 3123 ea
1948 3085 2068 3138 quae

2187 1879 2365 1924 autem
2399 1887 2489 1934 se,
2526 1871 2846 1926 defendebat
2889 1887 2920 1926 a
2963 1882 3168 1936 morte,
3213 1884 3266 1928 et
3305 1878 3689 1933 constituebat
3726 1883 3769 1934 ia

2185 1963 2376 2032 gloria,
2404 1979 2505 2034 ope
2543 1974 2706 2034 atque
2743 1965 2946 2019 auxilio
2978 1963 3192 2018 Domini
3223 1969 3399 2020 nostri
3439 1966 3579 2023 Jesu
3618 1971 3767 2026 Chri-

2184 2055 2275 2109 sti.

2253 2145 2442 2199 ΧΧΧΙ.
2479 2146 2614 2200 Audi
2653 2147 2838 2211 etiam,
2869 2156 2921 2200 et
2955 2147 3022 2200 de
3066 2163 3151 2213 eo,
3199 2149 3342 2218 quod
3385 2150 3605 2204 dictum
3644 2163 3767 2208 est:

2189 2256 2208 2288 ι
2244 2237 2346 2304 Qui
2377 2237 2602 2291 redemit
2627 2253 2724 2292 nos
2746 2239 2812 2293 de
2835 2242 3122 2295 maledicto
3148 2242 3281 2311 legis
3328 2242 3598 2297 Christus
3647 2247 3712 2299 ".
3745 2267 3761 2297 ι

2183 2326 2295 2382 Iloc
2349 2328 2401 2381 in
2461 2328 2581 2383 loco
2626 2329 2922 2397 pervideo,
2978 2332 3325 2401 magnificum
3374 2331 3470 2386 Dei
3501 2334 3767 2390 famulum

2179 2419 2395 2488 Moysen
2428 2420 2803 2490 imaginariam
2835 2422 2946 2492 (55)
2980 2423 3148 2494 legem
3173 2423 3277 2488 his,
3309 2424 3401 2486 qui
3437 2436 3595 2479 recte
3619 2429 3769 2481 velint

2185 2515 2366 2567 videre
2400 2514 2512 2584 (54)
2539 2514 2842 2580 tradidisse,
2877 2524 2932 2569 et
2971 2516 3140 2585 legem
3169 2532 3375 2569 veram.
3416 2515 3582 2572 Sicut
3627 2522 3764 2574 eni

2181 2605 2324 2660 Deus
2358 2621 2481 2660 cum
2530 2605 2747 2662 fecisset
2790 2608 3051 2661 mundum
3078 2647 3092 2670 ,
3130 2617 3182 2662 et
3219 2610 3400 2661 omnia
3436 2626 3567 2678 quae
3605 2612 3661 2665 in
3707 2629 3764 2666 eo

2177 2707 2322 2760 sunt,
2351 2697 2402 2750 in
2433 2714 2526 2752 sex
2558 2699 2770 2762 diebus,
2802 2699 3066 2768 requievit
3097 2701 3150 2751 in
3172 2699 3259 2753 die
3287 2702 3519 2768 septima
3553 2704 3630 2756 ab
3657 2719 3765 2756 ora-

2177 2789 2339 2844 nihus
2359 2789 2612 2859 operibus
2641 2790 2778 2855 suis;
2808 2805 2914 2843 non
2947 2790 3091 2855 dico,
3123 2791 3249 2859 quia
3286 2793 3630 2861 requieverit
3657 2797 3761 2862 ὦΞῆ

2176 2881 2466 2952 fatigatus,
2518 2881 2610 2936 scd
2661 2881 2919 2950 quoniam
2984 2882 3050 2935 ad
3095 2882 3391 2950 perfectum
3457 2885 3762 2940 adduxerat

2173 2989 2389 3026 omnem
2421 2989 2583 3043 quam
2619 2972 2796 3027 facere
2817 2975 3180 3042 disposuerat,
3207 2985 3524 3030 creaturam
3566 2996 3582 3030 :
3613 2979 3762 3032 deni-

2175 3080 2280 3134 quc
2310 3066 2385 3118 ait
2412 3084 2424 3118 :
2465 3084 2482 3115 σ
2515 3064 2673 3118 Pater
2701 3080 2853 3119 meus
2886 3081 3056 3133 usque
3083 3067 3245 3120 modo
3268 3077 3554 3136 operatur,
3587 3082 3645 3124 et
3667 3088 3761 3141 ego

490 3158 624 3228 legis
656 3166 785 3212 sunt
817 3169 871 3212 et
900 3159 1214 3212 custodiens
1237 3199 1253 3224 ,
1297 3175 1459 3228 quem
1507 3160 1677 3225 Cain,
1710 3176 1802 3214 vas
1844 3161 2064 3229 maligni
2092 3133 2138 3190 (ί
2174 3171 2364 3225 operor
2395 3156 2460 3209 ⁵⁵.
2513 3175 2530 3207 ›
2556 3154 2940 3225 Nunquidnam
2973 3158 3172 3211 coelum
3213 3157 3344 3213 facit
3365 3201 3379 3222 .
3424 3171 3522 3213 aut
3562 3164 3758 3224 ιοιῐδω.

488 3251 743 3314 ellectus,
782 3251 1075 3304 interemit.
1121 3249 1319 3304 Verum
1354 3251 1513 3305 etiam
1562 3262 1683 3322 post
1733 3253 1846 3308 haec
1890 3255 2064 3308 voluit

489 3359 638 3398 mors
669 3353 886 3413 pactutn
919 3343 1062 3412 quod
1098 3343 1273 3398 fuerat
1302 3360 1396 3413 per
1427 3344 1647 3416 Moysen
1676 3346 1938 3415 positum,
1973 3362 2054 3400 re-

485 3434 754 3498 scindere,
780 3444 834 3488 et
864 3449 1094 3503 regnare
1119 3436 1297 3488 denuo
1337 3452 1501 3505 super
1539 3436 1716 3506 justos
1766 3454 1779 3490 :
1815 3446 1868 3490 et
1904 3437 2062 3490 irruit

485 3525 704 3594 quidem
749 3524 803 3578 in
853 3525 1179 3594 prophetas,
1225 3525 1554 3580 interliciens
1589 3535 1643 3581 et
1691 3526 1934 3595 lapidans
1966 3543 2060 3583 eos

553 3662 595 3694 ⁶¹
655 3663 839 3719 Matth.
875 3679 1034 3727 xxm,
1061 3664 1151 3717 35.
1228 3665 1270 3695 ⁶²
1301 3663 1321 3716 Ι
1353 3663 1480 3719 Cor.
1511 3681 1596 3729 xv,
1625 3665 1713 3718 54.

554 3833 667 3902 (49)
698 3833 775 3887 lta
820 3834 1128 3889 necessario
1169 3835 1504 3889 emendanda
1539 3835 1657 3888 visa
1703 3843 1788 3888 est
1823 3836 2065 3904 ejusdem

481 3906 686 3959 codicis
718 3905 896 3968 lectio,
929 3906 979 3957 in
1008 3922 1118 3974 quo
1152 3907 1426 3965 scribitur,
1475 3925 1492 3956 ‹
1542 3922 1664 3960 cum
1706 3921 1800 3961 cas
1849 3909 2067 3962 inimica

480 3991 695 4043 semper
725 3977 999 4030 memoria:
1026 3976 1254 4030 ineresis
1286 3977 1378 4030 sed
1413 3976 1633 4029 oblivio.
1676 3995 1692 4026 ι

553 4045 667 4116 (50)
701 4046 756 4098 lu
782 4046 1065 4099 (Iasiuensi
1100 4048 1305 4110 codice,
1361 4064 1378 4097 ‹
1422 4047 1606 4100 interit
1645 4055 1705 4100 ut
1749 4045 1989 4113 tradens,
2031 4066 2050 4098 ι

479 4117 803 4169 manifestus
835 4117 1038 4169 librarii
1069 4133 1241 4171 error.

549 4187 660 4254 (5|)
694 4185 838 4238 Scite
869 4187 1130 4240 adversus
1153 4185 1500 4247 Manichzeos,
1531 4195 1589 4239 ut
1620 4185 1854 4249 videtur,
1885 4184 2042 4240 Joan.

479 4255 904 4325 Clirysostomus
939 4257 990 4308 in
1029 4257 1172 4310 hunc
1205 4257 1265 4308 Ι).
1302 4258 1448 4308 l’auli
1478 4259 1677 4318 locum,
1707 4259 1926 4309 bomilia
1966 4257 1992 4310 7
2033 4275 2046 4311 :

484 4343 504 4396 ς
557 4325 656 4377 Per
692 4326 880 4396 mortis
915 4335 1094 4378 autem
1151 4327 1508 4379 ministerium
1561 4328 1728 4392 legem
1781 4328 2049 4396 intelligit.

1794 3664 1837 3694 ⁶³
1861 3663 2035 3719 Galat.
2072 3682 2152 3733 Ill,
2180 3665 2265 3718 15.

2170 3257 2263 3302 aut
2290 3248 2586 3313 hominem,
2610 3257 2703 3302 aut
2734 3249 2989 3303 animalia
3009 3292 3023 3313 ,
3065 3260 3159 3304 aut
3186 3251 3422 3322 virgulta
3444 3291 3462 3313 ,
3518 3266 3619 3306 aut
3661 3256 3756 3307 tale

2174 3338 2372 3408 aliquid
2397 3339 2420 3392 ?
2450 3338 2552 3394 Sed
2583 3339 2667 3393 his
2701 3339 2919 3408 quidem
2948 3340 3258 3394 visibilibus
3289 3340 3576 3410 perfectis,
3611 3360 3642 3396 ει
3670 3347 3755 3395 tati

2162 3446 2322 3500 opere
2347 3432 2696 3500 conquievit;
2745 3432 3037 3487 invisibilia
3074 3442 3257 3486 autem
3279 3474 3293 3498 ,
3320 3442 3377 3486 et
3427 3435 3761 3489 intrinsecus

2161 3521 2275 3594 (56)
2307 3537 2480 3592 usque
2525 3523 2685 3577 modo
2724 3537 2957 3593 operans
2984 3565 2999 3589 ,
3045 3523 3238 3579 salvat.
3297 3525 3379 3578 lta
3421 3541 3557 3595 ergo
3597 3530 3756 3580 etiam

2345 3662 2389 3694 ⁸⁵
2434 3661 2590 3717 Joan.
2620 3679 2675 3732 v,
2703 3663 2787 3719 Π.

2175 3835 2335 3889 modo
2379 3834 2468 3889 hic
2515 3849 2732 3904 quoque
2761 3851 2866 3888 non
2898 3834 2983 3888 lex
3013 3842 3150 3898 erat,
3179 3848 3304 3902 qua:
3349 3848 3548 3886 necem
3575 3834 3740 3887 aﬂ’ere

2175 3907 2286 3971 hat;
2315 3907 2405 3958 sed
2441 3916 2718 3973 peccatum
2756 3907 2932 3974 ipsum
2972 3906 3281 3973 erat,;quod
3308 3915 3367 3957 et
3401 3906 3748 3958 intenuit-bat

2172 3986 2226 4031 et
2263 3977 2674 4029 condemnabat.
2722 3995 2739 4026 ι

2235 4047 2348 4115 (52)
2386 4046 2440 4098 In
2469 4046 2655 4099 codice
2683 4045 2966 4099 (Iasincnsi
2989 4053 3091 4107 est,
3126 4061 3145 4115 ς
3182 4043 3313 4108 acti,
3358 4061 3378 4094 ›
3414 4046 3569 4112 quod
3594 4048 3746 4099 etiam

2160 4113 2452 4170 manifeSIa
2483 4124 2564 4168 est
2593 4116 2799 4168 librarii
2839 4113 3207 4167 liallueinatio.

2235 4186 2346 4253 (55)
2376 4184 2782 4254 Imaginariam,
2816 4186 3112 4239 Archelaus
3139 4191 3294 4236 vocat
3322 4182 3507 4250 legem
3533 4228 3548 4249 ,
3593 4182 3747 4237 Vetus

2161 4255 2616 4325 Testamentum,
2657 4259 2818 4325 quod
2847 4265 3004 4325 typus
3039 4264 3194 4325 esset
3224 4263 3301 4325 et?
3332 4254 3527 4323 imago
3567 4258 3749 4308 fatum

2161 4342 2312 4379 nova:
2340 4326 2502 4395 legis.
2567 4321 2754 4378 Sic—et
2801 4321 3018 4378 Petrum
3049 4325 3114 4376 de
3156 4321 3337 4395 Vincis
3400 4321 3475 4376 in'
3511 4344 3746 4394 «ιμιδωεις

476 4393 653 4470 Atque
682 4395 895 4447 interim
925 4396 1270 4470 vide,__quat_n
1309 4397 1499 4470 sedulo
1538 4397 1590 4448 in
1629 4398 1733 4448 ista
1763 4393 2053 4465 compara-
2085 4412 2131 4470 υ
2159 4398 2274 4450 suis
2302 4393 2412 4470 non
2435 4398 2620 4470 semel,
2653 4414 2671 4445 ‹
2714 4397 3156 4470 imaginarium)
3192 4393 3744 4470 lioniineinnvocass:

477 4467 624 4534 tione
658 4474 871 4529 caveat,
920 4479 986 4534 ne
1031 4465 1194 4518 ullam
1229 4466 1498 4518 haereticis
1544 4480 1734 4518 ansam
1784 4470 2045 4534 praebeat.

473 4532 590 4588 Non
623 4535 767 4588 enim
793 4531 1072 4598 dixit,Lex
1096 4547 1323 4589 mortem
1341 4534 1518 4596 eflieit,
1541 4536 1662 4597 sed,
1688 4531 1874 4592 Mortis
1889 4538 2050 4590 iniiini-

476 4607 666 4660 Stratio
696 4613 798 4658 est.
831 4604 1055 4659 Mortem
1081 4607 1224 4658 enim
1275 4605 1619 4658 ministrabat
1648 4645 1662 4670 ,
1712 4621 1819 4657 non
1865 4616 2044 4659 autem

476 4676 740 4744 pariebat.
777 4675 907 4729 Nam
946 4684 1224 4744 peccatum
1255 4675 1305 4727 id
1335 4685 1472 4739 erat,
1506 4675 1648 4744 quod
1675 4685 1899 4728 mortem
1928 4675 2038 4728 elli-

474 4745 669 4798 ciebat.
698 4745 804 4798 Lex
838 4756 1016 4800 autem
1047 4757 1270 4798 mortem
1300 4745 1619 4808 invehebat,
1662 4762 1727 4798 ac
1765 4753 2044 4813 peccatum

476 4815 771 4878 indicabat;
798 4832 904 4868 non
935 4825 1112 4868 autem
1141 4815 1388 4870 faciebat.
1416 4814 1613 4868 Malunt
1637 4816 1781 4868 enim
1807 4817 2047 4883 apertius

474 4885 757 4953 detegebat
800 4902 863 4939 ac
909 4887 1196 4954 plectcbat,
1235 4901 1338 4939 non
1374 4894 1553 4938 autem
1585 4885 1651 4938 ad
1696 4886 1896 4938 malum
1944 4885 2048 4937 im-

474 4956 728 5023 pellebat.
761 4954 943 5024 Neque
973 4957 1037 5008 ad
1072 4957 1121 5008 id
1155 4957 1518 5017 ministrabat,
1557 4964 1616 5008 ut
1647 4965 1926 5023 peccatum
1954 4956 2048 5008 lie-

476 5035 577 5084 ret,
612 5037 704 5078 aut
737 5041 882 5080 mors
911 5027 1212 5090 exsisteret;
1241 5029 1332 5080 sed
1367 5035 1425 5079 ut
1455 5040 1644 5094 pinnas
1674 5027 1826 5078 daret
1850 5027 1917 5087 is,
1948 5025 2042 5093 qui

476 5106 770 5162 peccasset;
799 5113 862 5149 ac
895 5097 1120 5163 proinde
1155 5096 1254 5150 hac
1283 5113 1497 5165 quoque
1528 5096 1734 5148 ratione
1763 5104 2045 5163 peccatum

472 5167 704 5219 dolebat.
730 5165 862 5218 Nam
890 5166 1017 5219 dum
1062 5167 1176 5234 ipsa
1220 5177 1500 5234 peceatum
1554 5166 1688 5218 adeo
1739 5166 2042 5217 formidan-

472 5236 600 5288 dum
630 5251 750 5290 esse
789 5237 1116 5298 ostenderet,
1147 5238 1331 5302 procul
1361 5236 1526 5289 dubio
1555 5236 1655 5288 hoc
1683 5236 1846 5288 etiam
1879 5235 2046 5288 facie-

475 5305 583 5370 bat,
618 5315 674 5358 ut
719 5307 895 5376 ipsum
929 5305 1240 5375 fugiendum
1278 5322 1398 5359 esse
1443 5306 1735 5359 videretur.
1769 5305 2043 5376 Quemad-

474 5378 696 5430 modum
737 5375 898 5445 igitur
937 5377 984 5429 is
1011 5377 1104 5444 qui
1151 5390 1334 5429 ensem
1381 5376 1433 5428 in
1487 5390 1682 5428 manus
1731 5375 1937 5439 sumit,
1981 5389 2045 5427 ac

473 5447 614 5499 sonti
650 5458 810 5517 caput
835 5455 1098 5515 amputat,
1125 5445 1293 5514 judici
1323 5445 1696 5517 pronuntianti
1724 5445 2037 5517 ministrum

475 5529 534 5586 se
563 5515 778 5585 pri‘ebet.
815 5532 986 5586 neque
1020 5517 1133 5585 ipse
1169 5526 1251 5569 est
1288 5516 1688 5586 quiiinterimit
1711 5554 1726 5575 ,
1779 5515 1943 5568 etiam
1991 5516 2034 5586 si

475 5585 673 5658 alioqui
705 5591 817 5658 ipse
843 5597 913 5642 sit
937 5587 1032 5657 qui
1058 5595 1221 5656 caput
1263 5585 1530 5640 abscindit
1563 5602 1576 5636 :
1631 5600 1727 5658 nec
1770 5600 1963 5637 rursus
1996 5585 2042 5658 is

474 5657 567 5725 qui
591 5655 905 5712 senténtiam
934 5655 1158 5726 profert,
1194 5671 1259 5710 ac
1294 5667 1507 5711 sontem
1538 5656 1891 5719 condemnat;
1935 5655 2040 5726 sed

471 5726 592 5798 ejus
614 5730 678 5784 de
697 5745 804 5799 quo
826 5724 1147 5799 supplicium
1181 5728 1436 5793 sumitur,
1466 5726 1818 5795 improbitas:
1849 5724 2038 5779 eodem

2157 4466 2410 4519 nuntium
2441 4482 2534 4519 seu
2555 4466 2788 4534 legatum
2811 4463 3064 4519 observat
3085 4465 3320 4525 tlangius
3360 4464 3418 4515 in
3455 4463 3742 4524 Glossarta,

2155 4540 2303 4604 quod
2340 4537 2488 4588 illum
2508 4552 2538 4589 a
2567 4553 2674 4604 quo
2705 4537 2906 4589 missus
2939 4536 3130 4604 fuerat,
3157 4545 3542 4600 repra'sentct,
3566 4560 3574 4581 ι
3601 4551 3618 4587 ι
3641 4541 3747 4602 ejus

2158 4603 2303 4659 velut
2337 4603 2628 4674 imaginem
2668 4606 2888 4659 referat.
2926 4603 3106 4658 Utitur
3126 4614 3177 4657 et
3214 4605 3316 4655 hac
3348 4620 3488 4656 voce
3542 4608 3739 4674 tangre.

2155 4677 2406 4730 monachi
2452 4686 2605 4728 vetus
2642 4677 2905 4744 interpres
2949 4677 3001 4728 in
3035 4675 3412 4744 Disputatione
3458 4674 3739 4744 Tneopnza

2153 4746 2393 4816 episcopi
2442 4741 2797 4799 Alexandrini
2835 4761 2958 4798 cum
2996 4741 3213 4816 Simone
3255 4741 3450 4795 Jtttlmo
3502 4741 3640 4814 capi
3669 4747 3739 4803 t3.

2155 4816 2244 4885 ubi
2279 4815 2516 4868 Sabbata
2552 4835 2569 4866 ‹
2613 4817 2987 4885 imaginariam
3011 4815 3246 4882 requiem
3274 4832 3291 4862 ι
3319 4824 3481 4866 vocat
3505 4820 3736 4884 septima

2153 4882 2298 4940 illius
2323 4887 2450 4948 diei,
2486 4887 2536 4938 in
2569 4902 2680 4954 qua
2715 4882 2905 4948 Deum,
2936 4887 3118 4937 mundi
3157 4885 3438 4937 creatione
3463 4882 3736 4943 absentia.

2155 4956 2486 5025 t‘cquievisse
2518 4957 2712 5025 pagina
2744 4971 2899 5025 sacra
2935 4964 3182 5008 testatur.
3211 4954 3394 5018 Quare
3425 4954 3734 5010 Archelaus

2155 5024 2206 5075 in
2257 5024 2609 5094 responsione
2656 5029 2719 5078 ad
2771 5024 3066 5078 Diodorum
3124 5029 3554 5092 presbyterum,
3609 5028 3736 5078 infra

2152 5110 2271 5163 cap.
2308 5097 2397 5159 41,
2429 5104 2572 5148 totus
2601 5107 2683 5148 est
2714 5097 2765 5148 in
2798 5096 3243 5157 demonstrando,
3286 5110 3394 5145 non
3441 5110 3573 5148 esse
3623 5101 3737 5160 πηι-

2153 5165 2402 5217 ciendum
2444 5163 2606 5217 Vetus
2649 5165 3082 5227 Testamentum,
3129 5165 3257 5231 quia
3307 5177 3579 5230 tanquam
3620 5183 3733 5232 spc-

2150 5235 2332 5288 culum
2372 5250 2549 5288 veram
2584 5237 2742 5288 nobis
2775 5236 3029 5303 exprimit
3061 5250 3210 5288 nova:
3241 5235 3379 5302 legis
3417 5239 3732 5304 imaginem.

2223 5307 2335 5372 (54)
2367 5304 2546 5367 Forte,
2583 5323 2601 5355 ‹
2638 5308 2802 5358 Vt‘liltl
2828 5308 3026 5358 vivere.
3064 5323 3081 5353 ι

2222 5370 2331 5442 (55)
2365 5375 2421 5428 ln
2455 5375 2740 5428 Casinensi
2771 5388 2874 5439 est,
2913 5395 2930 5425 ί
2974 5373 3158 5443 requie
3186 5370 3547 5443 τειιιιίωέτίκ
3591 5392 3608 5423 ³
3645 5370 3729 5427 sed

2150 5458 2213 5496 ea
2249 5446 2406 5497 lectio
2449 5446 2606 5498 nobis
2635 5446 2747 5498 visa
2780 5456 2858 5498 est
2901 5442 3064 5498 unius
3089 5442 3449 5510 ejusdemque
3482 5445 3638 5497 vocis
3660 5460 3732 5496 rc-

2153 5515 2359 5582 petitio,
2392 5515 2494 5567 nisi
2524 5517 2702 5583 potius
2732 5515 3059 5568 Graecismus
3088 5523 3176 5567 sit.

2228 5586 2343 5654 (56)
2371 5583 2687 5638 Casinetisis
2716 5586 2894 5648 habet,
2931 5604 2949 5634 ς
2988 5582 3245 5638 invisibili
3270 5591 3458 5635 autem
3496 5591 3556 5634 et
3603 5582 3727 5654 tria:

2149 5649 2334 5708 secus.
2365 5675 2382 5704 ι
2417 5654 2526 5709 Sed
2560 5657 2849 5722 legendum
2879 5657 3112 5719 videtur,
3139 5665 3197 5708 ut
3229 5654 3439 5707 editum
3473 5663 3562 5705 est
3584 5692 3600 5716 ,
3651 5649 3724 5702 vel

2155 5743 2172 5775 ι
2205 5725 2496 5779 invisibilia
2528 5737 2706 5779 autem
2742 5726 3096 5781 intrinsecus.
3134 5744 3152 5777 ι
3188 5725 3333 5780 Deus
3355 5725 3528 5789 enim,
3563 5735 3624 5776 ut
3645 5723 3722 5775 ia-
