3922 6506
248 316 273 370 !
282 313 386 372 ιπ

1333 313 1476 370 CUM
1514 313 1794 368 MANETE
1836 314 2366 371 IIERESIARCHA.

3335 324 3470 379 H78

246 439 690 494 unumquemque
721 433 987 490 nostrum,
1016 421 1155 480 sicut
1192 425 1306 496 ipse
1334 425 1476 481 Deus
1501 436 1616 492 est,
1654 426 1805 480 inde—
1835 439 1878 491 Α
1913 449 1930 478 ι
1962 429 2132 482 virtus
2162 430 2364 498 peccati
2390 429 2528 484 dicta
2557 431 2626 484 sit
2653 431 2738 486 lex
2765 432 2831 494 θ’,
2860 450 2879 484 ι
2915 446 3014 502 pro
3038 431 3246 488 viribus
3269 443 3473 492 nostris

242 526 484 572 smenter
513 516 639 571 huic
669 517 817 586 operi
855 518 1129 587 legislator
1166 518 1281 572 vult
1324 533 1445 572 esse
1477 517 1806 583 devinctum;

243 625 273 662 a
295 610 645 665 s:ecularibus
667 611 820 679 jubet
850 613 1100 681 protinus
1124 613 1532 680 conquiescere,
1561 622 1612 664 et
1635 610 1811 663 omni-

245 715 316 752 no
335 701 541 754 nullum
567 715 704 770 opus
732 717 914 770 gerere
936 703 1356 768 mundanum;et
1385 703 1486 756 hoc
1511 703 1809 770 appellatur

246 788 562 845 Sabbatum.
591 792 808 846 Addidit
839 794 1000 848 etiam
1035 795 1134 848 hoc
1163 795 1216 847 in
1260 795 1394 864 lege,
1427 794 1563 846 nihil
1615 794 1809 846 absur-

242 880 370 932 dum
399 881 514 933 tieri
547 880 762 947 debere;
795 883 889 935 sed
922 883 1209 937 observare
1231 898 1350 944 nos,
1390 892 1442 936 et
1470 882 1704 948 dirigere
1729 883 1807 934 vi-

242 981 352 1026 tam
384 981 623 1026 nostram
653 988 714 1025 ex
750 988 906 1041 aequo
942 983 996 1027 et
1021 974 1192 1042 justo.
1228 974 1291 1027 Et
1340 975 1658 1032 imminebat
1695 980 1806 1032 haec

241 1064 348 1127 lex,
376 1064 634 1117 acerrime
659 1064 1001 1117 maledictum
1031 1066 1268 1119 inferens
1294 1067 1377 1120 his
1403 1068 1494 1136 qui
1520 1085 1638 1122 eam
1673 1069 1805 1124 fuis-

241 1166 362 1210 sent
387 1160 743 1225 transgressi;
772 1158 864 1211 sed
893 1159 1148 1226 quoniam
1176 1161 1422 1214 homines
1449 1170 1601 1215 erant
1633 1173 1680 1218 et
1707 1165 1801 1232 illi,

239 1256 294 1300 et
321 1247 463 1302 sicut
490 1248 648 1300 etiam
679 1249 835 1302 nobis
869 1247 1176 1318 frequenter
1216 1251 1446 1314 accidit,
1493 1262 1804 1308 controver-

240 1339 334 1392 sia:
363 1339 695 1405 oriebantur,
723 1350 776 1393 et
800 1341 1178 1409 irrogabantur
1219 1343 1464 1411 injuriae;
1501 1355 1555 1399 et
1577 1346 1660 1400 lex
1692 1357 1802 1400 sta-

241 1430 336 1482 tim
368 1431 822 1486 districtissimam
848 1433 1108 1486 ultionem
1145 1450 1306 1500 quam
1342 1434 1579 1503 fecerat,
1628 1448 1802 1492 retor-

237 1522 439 1589 quebat
481 1521 624 1592 (57);
663 1523 734 1575 ita
780 1532 838 1576 ut
882 1524 928 1578 si
963 1526 1087 1593 quis
1118 1541 1412 1594 pauperum
1443 1529 1700 1584 voluisset
1748 1531 1799 1582 in

239 1613 476 1667 Sabbato
508 1614 706 1669 fascem
744 1616 873 1685 ligni
900 1617 1174 1686 colligere,
1207 1619 1310 1671 sub
1349 1619 1636 1675 maledicto
1667 1623 1800 1692 legis

235 1706 479 1769 eﬂrclus,
513 1707 670 1760 morti
715 1708 973 1761 continuo
1011 1708 1388 1776 subjiceretur.
1436 1711 1798 1766 Arctahantur

1912 520 2147 574 breviter
2178 535 2532 589 exponemus.
2582 521 2853 592 Scriptum
2888 534 2969 579 est
3020 527 3204 579 enim:
3258 546 3278 579 ι
3334 530 3471 594 Quia

1907 609 2056 677 justo
2085 610 2173 664 lex
2211 625 2316 663 non
2350 623 2434 665 est
2465 613 2660 681 posita,
2693 615 2787 668 sed
2819 615 3057 683 injustis,
3089 625 3142 669 et
3177 634 3284 671 non
3337 621 3461 672 θυι).

1909 700 2057 765 ditis,
2107 701 2287 771 impiis
2317 713 2370 757 et
2408 706 2651 760 scelestis
2683 707 2749 759 ⁷ο.
2789 726 2808 758 ι
2864 707 2980 762 Non
3019 725 3149 779 ergo
3174 720 3288 765 erat
3344 722 3471 766 tunc

1909 791 1993 844 lex
2057 792 2247 847 litterae
2295 796 2468 863 posita
2536 798 2978 866 delinquentibus
3035 810 3158 854 ante
3209 801 3467 874 Moysen,

1911 882 2050 937 unde
2082 892 2136 938 et
2173 883 2387 938 Pharao
2423 886 2682 954 ignorans
2719 890 2968 944 virtutem
3008 893 3212 959 peccati
3244 932 3258 955 ,
3292 894 3468 947 delin-

1907 977 2107 1043 qucbat
2138 976 2378 1045 afﬂigens
2411 978 2626 1048 injustis
2660 981 2915 1036 oneribus
2939 983 3079 1038 lilios
3108 985 3295 1046 Israel,
3319 983 3468 1037 Divi-

1909 1068 2076 1120 nitate
2106 1069 2347 1138 neglecta
2374 1110 2390 1132 ,
2420 1087 2525 1124 non
2561 1073 2736 1126 solum
2769 1073 2903 1142 ipse,
2935 1075 3026 1128 sed
3058 1084 3112 1128 et
3139 1091 3328 1131 omnes
3373 1077 3471 1146 qui

1906 1173 2029 1211 cum
2074 1174 2139 1212 eo
2167 1169 2341 1213 erant.
2393 1159 2613 1226 Verum,
2668 1180 2733 1217 ne
2764 1174 2884 1217 utar
2919 1166 3160 1236 longiore
3201 1168 3468 1233 circuitu,

1905 1250 2119 1304 brevius
2152 1251 2349 1306 dicam.
2378 1253 2546 1309 Erant
2569 1256 2790 1324 quidam
2833 1256 3212 1327 Egyptiorum
3250 1260 3464 1314 admisti

1904 1357 2027 1395 cum
2069 1345 2264 1412 populo
2298 1343 2490 1415 Moysi,
2517 1363 2638 1400 cum
2662 1348 2729 1401 ab
2756 1364 2820 1402 eo
2855 1359 3128 1418 regeretur
3153 1353 3382 1420 populus
3410 1354 3463 1406 iu

1903 1435 2150 1500 deserto;
2187 1444 2239 1488 et
2266 1452 2388 1490 cum
2420 1437 2632 1509 Moyses
2661 1440 2868 1508 positus
2890 1450 3033 1496 esset
3065 1443 3116 1494 in
3143 1453 3344 1509 monte,
3371 1460 3468 1513 pro

1902 1537 1967 1576 eo
1995 1531 2051 1576 ut
2089 1524 2356 1590 acciperet
2395 1526 2589 1595 legem.
2638 1527 2926 1596 impatiens
2955 1531 3204 1599 populus,
3239 1549 3341 1586 non
3380 1535 3467 1588 ille

1901 1614 1994 1682 qui
2030 1631 2153 1670 vere
2199 1625 2315 1670 erat
2365 1616 2604 1671 Israelita
2651 1619 2781 1688 (58),
2811 1622 2902 1673 sed
2939 1623 3031 1689 qui
3080 1638 3145 1674 ex
3198 1621 3466 1693 Aigyptiis

1908 1705 2083 1760 fuerat
2111 1708 2398 1772 admistus,
2427 1709 2653 1763 vitulum
2686 1711 2786 1764 sibi
2817 1713 3096 1765 constituit
3125 1712 3288 1766 Deum
3314 1755 3329 1779 ,
3375 1731 3465 1768 sc-

235 1810 365 1866 ergo
382 1797 854 1868 cocrcitionelegis
873 1798 1140 1864 homines,
1160 1800 1250 1868 qui
1269 1816 1389 1853 cum
1407 1801 1672 1873 Egyptiis
1693 1804 1807 1859 rue-
1839 1777 1881 1832 Β
1909 1796 2144 1849 cundum
2171 1797 2456 1865 pristinum
2488 1813 2688 1850 morem
2724 1814 2831 1866 quo
2879 1799 3120 1852 coluerat
3153 1799 3461 1862 simulacra,

237 1897 358 1940 rant
377 1888 587 1942 educati
611 1889 786 1954 “,nec
807 1899 1054 1957 poterant
1079 1907 1264 1959 paznas
1282 1894 1413 1962 legis
1445 1903 1498 1947 et
1521 1897 1802 1952 maledicta

237 1979 486 2031 tolerare.
526 1977 762 2033 llursum
795 1989 975 2033 autem
1031 1983 1121 2035 ille
1153 1984 1242 2051 qui
1290 1999 1503 2054 semper
1554 1985 1802 2042 Salvator

233 2078 337 2132 est,
363 2067 520 2123 Jesus
552 2068 815 2124 Dominus
849 2082 1029 2126 noster
1055 2075 1346 2129 adveniens
1367 2117 1382 2143 ,
1419 2077 1666 2131 liberavit
1707 2094 1807 2134 eos

233 2177 300 2214 ex
329 2161 702 2230 hujuscemodi
739 2164 1073 2218 cruciatibus
1107 2166 1240 2234 legis
1267 2177 1428 2236 atque
1477 2171 1798 2237 maledictis,

148 2258 150 2260 ’
235 2254 442 2306 donans
467 2254 548 2308 eis
576 2254 823 2322 injurias.
857 2255 991 2320 Nec,
1026 2256 1168 2310 sicut
1217 2257 1428 2329 Moyses
1453 2301 1467 2325 ,
1516 2262 1802 2314 severitate

237 2362 371 2400 usus
401 2354 484 2400 est
514 2346 667 2415 legis,
702 2348 836 2400 nulli
885 2348 1212 2417 indulgendo
1252 2351 1546 2420 injuriam;
1583 2353 1676 2406 sed
1715 2345 1801 2407 hic

234 2439 390 2503 dixit,
422 2438 466 2492 si
493 2440 616 2507 quis
643 2455 837 2509 passus
863 2441 1022 2496 fuerit
1051 2459 1080 2497 a
1111 2443 1361 2512 proximo
1386 2459 1486 2498 suo
1521 2447 1796 2515 injuriam,

236 2532 511 2602 indulgeat
534 2547 640 2586 non
672 2534 836 2587 semel
878 2543 1120 2601 tantum,
1157 2535 1251 2590 sed
1299 2545 1350 2590 et
1389 2551 1487 2591 nec
1537 2539 1797 2604 secundo,

235 2636 335 2674 nec
361 2621 539 2684 tertio,
574 2637 671 2675 nec
697 2622 872 2676 solum
908 2625 1126 2692 septies,
1178 2625 1271 2678 sed
1318 2629 1681 2696 septuagesies
1715 2643 1800 2681 se-

236 2713 374 2784 pties
407 2713 452 2744 “
481 2731 494 2766 :
519 2713 663 2782 quod
693 2714 737 2768 si
765 2723 884 2783 post
909 2715 1020 2769 hzec
1053 2716 1304 2785 injuriam
1339 2720 1696 2786 permanserit
1721 2720 1796 2772 ir-

237 2803 498 2874 rogando,
540 2809 672 2858 tunc
701 2803 918 2858 demum
947 2805 1045 2874 legi
1077 2822 1198 2860 eum
1227 2807 1424 2862 debere
1446 2810 1799 2864 succumbere

237 2893 426 2965 Moysi,
454 2909 552 2948 nec
583 2895 726 2949 ultra
755 2899 968 2950 veniam
1000 2898 1118 2952 dari
1156 2900 1201 2952 ei
1226 2899 1318 2968 qui
1351 2900 1403 2952 in
1435 2900 1646 2968 injuriis
1678 2917 1798 2970 per-

1904 1887 1956 1940 in
1989 1902 2098 1955 quo
2128 1904 2226 1943 nec
2263 1889 2526 1942 scelerum
2561 1904 2750 1957 pinnas
2782 1889 3076 1958 aliquando
3113 1891 3463 1959 rependeret;

1903 1985 1956 2029 ct
1985 1977 2104 2030 ideo
2150 1978 2403 2032 virtutem
2451 1978 2654 2046 peccati
2705 1979 2786 2031 sui
2849 1982 3060 2046 penitus
3096 1980 3462 2047 ignorabant;

1903 2082 2023 2134 quae
2055 2082 2175 2120 cum
2229 2083 2507 2136 regressus
2553 2069 2862 2136 agnovisset
2914 2067 3164 2138 Moyses,
3216 2071 3468 2138 praecepit

1901 2174 1995 2213 eos
2017 2159 2209 2228 gladiis
2234 2159 2515 2221 trucidari,
2541 2174 2605 2212 ex
2636 2175 2744 2227 quo
2774 2159 2984 2211 initium
3010 2159 3207 2212 factum
3238 2171 3320 2213 est
3342 2176 3466 2213 sen-

1903 2251 2004 2304 tire
2039 2267 2133 2306 eos
2170 2251 2420 2304 virtutem
2455 2252 2656 2320 peccati
2693 2266 2785 2318 per
2813 2251 2980 2317 legem
3011 2249 3202 2320 Moysi,
3237 2261 3290 2305 et
3332 2267 3464 2320 pro-

1900 2352 2082 2412 plerea
2135 2361 2153 2393 ι
2190 2343 2361 2396 virtus
2393 2342 2595 2410 peccati
2636 2361 2654 2392 ι
2689 2343 2955 2410 appellata
3004 2351 3088 2396 est
3120 2343 3223 2395 lex.
3397 2349 3405 2356 ‘

1970 2451 2186 2505 XXXII.
2216 2452 2292 2506 De
2329 2468 2394 2506 eo
2425 2466 2572 2514 vero,
2602 2451 2745 2520 quod
2781 2452 2832 2504 in
2868 2450 3157 2521 Evangelio
3203 2452 3460 2521 scriptum

1899 2551 2017 2597 est:
2055 2561 2071 2592 ι
2111 2541 2219 2596 Vos
2263 2543 2329 2595 de
2358 2552 2508 2610 patre
2553 2541 2770 2594 diabolo
2801 2542 2932 2595 estis
2974 2543 3040 2604 '“,
3077 2560 3094 2592 ι
3125 2550 3178 2595 et
3233 2543 3462 2610 reliqua,

1900 2634 2133 2687 breviter
2187 2632 2450 2698 dicimus,
2489 2633 2614 2701 quia
2655 2643 2738 2687 est
2770 2632 3021 2687 diabolus
3070 2632 3361 2700 inoperans
3407 2633 3461 2684 in

1897 2725 2075 2789 nobis,
2105 2725 2196 2793 qui
2227 2726 2311 2778 sui
2341 2725 2550 2776 arbitrii
2590 2732 2853 2792 potestate
2902 2723 3036 2776 tales
3094 2738 3216 2776 esse
3268 2722 3462 2778 voluit.

1899 2817 2040 2872 Deus
2071 2818 2214 2870 enim
2247 2818 2428 2870 omnia
2455 2832 2574 2885 qua:
2604 2816 2748 2881 fecit,
2786 2816 2927 2868 bona
2955 2816 3104 2868 valde
3129 2814 3274 2880 fecit,
3309 2816 3463 2870 liberi
3510 2819 3518 2828 '

1899 2909 2110 2962 arbitrii
2143 2923 2364 2961 sensum
2393 2907 2684 2976 unicuique
2709 2908 2875 2971 dedit,
2924 2923 3029 2976 qua
3062 2907 3270 2961 ratione
3299 2908 3461 2960 etiam

236 2997 446 3044 εθνθΐθι
471 3032 484 3056 9
536 3006 658 3044 cum
715 2991 816 3045 Sibi
865 2992 1230 3062 septuagesies
1273 2993 1472 3060 seplics
1523 2993 1682 3046 fuerit
1716 2994 1794 3046 in-
1823 2982 1864 3038 (ἶ
1898 2999 2275 3070 legemjudicii
2299 2999 2496 3067 posuit.
2523 2997 2755 3052 Peccare
2787 3008 3032 3051 nostrum
3061 3007 3174 3060 est;
3203 3006 3260 3051 ut
3283 3007 3461 3050 autem

233 3084 464 3138 dultum.
498 3083 614 3138 Non
645 3086 816 3140 solum
852 3095 1032 3139 autem
1063 3086 1222 3150 huic,
1260 3086 1353 3139 sed
1400 3085 1563 3138 etiam
1594 3086 1638 3140 si
1673 3086 1797 3154 quis

236 3176 373 3229 Filio
385 3176 621 3232 hominis
637 3177 907 3230 intulisset
922 3177 1413 3246 injuriam,veniam
1428 3176 1590 3231 dedit.
1602 3177 1655 3229 Si
1671 3191 1798 3229 vero

235 3267 463 3338 Spiritui
493 3279 703 3334 sancto,
731 3271 944 3324 duobus
969 3285 1092 3323 eum
1118 3269 1360 3323 subdidit
1383 3270 1704 3332 maledictis,
1746 3269 1798 3322 id

229 3368 319 3414 est
333 3359 500 3429 Moysi
516 3360 666 3430 legis,
691 3370 742 3415 et
759 3375 892 3424 suat;
912 3358 1078 3429 Moysi
1093 3359 1305 3428 quidem
1331 3359 1384 3412 in
1401 3359 1668 3428 praesenti,
1689 3375 1801 3414 suae

231 3467 364 3507 vero
389 3451 443 3506 in
468 3452 654 3521 judicii
679 3461 952 3519 tempore;
977 3452 1052 3506 ait
1074 3453 1216 3506 enim
1241 3451 1312 3504 ita
1342 3470 1382 3505 τε
1413 3449 1595 3520 Neque
1617 3452 1668 3504 in
1700 3453 1801 3506 hoc

234 3544 453 3607 saeculo,
491 3559 662 3614 neque
685 3545 736 3597 in
761 3544 941 3598 futuro
963 3544 1262 3597 remittetur
1279 3545 1327 3597 ei
1347 3544 1411 3596 ⁸⁷.
1446 3563 1464 3594 ›
1485 3543 1650 3614 Moysi
1673 3559 1800 3611 ergo

236 3637 320 3690 lex
359 3644 441 3692 est
465 3676 479 3701 ,
521 3651 640 3705 qua:
669 3637 720 3690 in
752 3637 1002 3706 przesenli
1035 3637 1236 3691 saeculo
1287 3637 1418 3690 nulli
1454 3638 1664 3690 veniam
1705 3639 1802 3691 tri-

237 3730 386 3794 buit;
426 3727 627 3783 Christi
681 3744 808 3784 vero
859 3739 975 3795 est,
1023 3745 1144 3799 qua:
1187 3729 1426 3783 vindicat
1476 3731 1531 3783 in
1592 3729 1797 3783 futuro.

235 3817 315 3872 Ex
339 3819 444 3873 lioc
465 3819 671 3874 intuere
693 3819 1148 3888 quemadmodum
1173 3818 1457 3873 confirmat
1473 3819 1666 3888 legem,
1690 3834 1798 3873 non

236 3909 414 3963 solum
440 3926 545 3964 non
576 3912 794 3966 solvens
822 3927 965 3977 eam,
997 3913 1089 3966 sed
1120 3912 1368 3981 implens.
1401 3911 1646 3966 Redemit
1673 3929 1800 3983 ergo

233 4015 331 4054 eos
355 4000 423 4054 ab
444 4015 529 4066 eo,
560 4001 704 4070 quod
735 4002 786 4054 in
815 4003 1064 4070 prresenti
1089 4003 1324 4071 positum
1349 4010 1487 4066 erat,
1512 4002 1799 4058 maledicto

234 4091 393 4163 legis,
419 4109 483 4148 ex
506 4110 614 4163 quo
641 4111 659 4142 ι
691 4093 1030 4148 maledictum
1057 4095 1189 4165 legis
1224 4115 1242 4146 ι
1275 4094 1601 4164 appellatum
1628 4104 1712 4147 est
1733 4095 1796 4149 ⁸⁸.

235 4183 364 4241 Παιο
405 4188 583 4242 omnis
631 4187 795 4256 hujus
829 4187 1099 4242 sermonis
1148 4195 1232 4241 est
1275 4187 1434 4240 ratio.
1471 4189 1581 4243 Cur
1615 4199 1796 4244 autem

318 4297 362 4328 ⁸⁸
384 4299 542 4355 Num.
575 4317 664 4362 xv,
697 4301 786 4354 5:2.
860 4303 906 4333 “
954 4300 1142 4356 Matth.
1193 4319 1324 4357 xvm
1353 4344 1367 4367 ,
1412 4303 1501 4356 2i.

236 4370 285 4401 ⁷ο
333 4368 353 4422 Ι
387 4369 526 4425 Tim.
556 4387 596 4436 ι,
627 4371 681 4426 9.
789 4372 834 4402 ⁷⁸
867 4371 1024 4426 Joan.
1060 4388 1176 4436 Vlll,
1207 4375 1297 4427 44.

1594 4307 1636 4336 ⁸⁷
1665 4305 1854 4360 Matth.
1911 4323 2008 4374 xit,
2066 4306 2153 4360 52.

1407 4375 1452 4405 ⁷³
1478 4375 1666 4430 Matth.
1701 4393 1812 4442 XIX,
1849 4377 1934 4430 l7.

1901 3108 2008 3146 non
2040 3107 2344 3160 peccemus,
2373 3091 2464 3144 Dei
2491 3091 2692 3144 donum
2721 3099 2823 3151 est,
2855 3106 2920 3144 ex
2941 3105 3005 3143 eo
3026 3091 3167 3157 quod
3192 3090 3243 3142 in
3277 3099 3462 3144 nostro

1904 3184 1973 3236 sit
2000 3183 2224 3236 arbitrio
2257 3181 2610 3236 constitutum
2657 3197 2877 3250 peccare
2899 3221 2914 3245 ,
2942 3181 3023 3234 vel
3056 3195 3159 3233 non
3206 3195 3460 3248 peccare;

1905 3277 2044 3330 sicut
2076 3275 2237 3329 etiam
2266 3284 2320 3328 tu
2355 3274 2471 3328 sine
2501 3273 2664 3326 dubio
2697 3273 2870 3334 nosti,
2904 3287 2936 3323 ο
2969 3271 3171 3335 Manes,
3198 3271 3242 3324 si
3283 3282 3460 3324 tamen

1907 3366 2322 3437 congregansjn
2353 3381 2520 3419 unum
2547 3364 2842 3432 discipulos
2867 3373 3010 3424 tuos.
3041 3372 3094 3416 et
3115 3379 3206 3416 eos
3230 3377 3466 3415 commo-

1904 3475 2038 3513 nens
2068 3458 2177 3526 (59)
2203 3473 2270 3512 ne
2297 3457 2628 3526 delinquant,
2656 3471 2786 3509 neve
2809 3456 3009 3525 aliquid
3035 3455 3230 3524 injuste
3253 3466 3461 3525 gerant,

1899 3550 2086 3619 judicii
2141 3550 2310 3618 legem
2349 3548 2728 3616 unusquisque
2782 3563 2966 3601 eorum
3015 3549 3184 3617 possit
3211 3548 3461 3604 evadere.

1907 3643 1968 3694 Et
1993 3649 2135 3695 certe
2171 3641 2264 3709 qui
2296 3640 2588 3706 voluerint,
2615 3639 2907 3693 thervant
2951 3640 3200 3694 mandata
3247 3641 3325 3704 7';
3369 3641 3463 3710 qni

1903 3747 2031 3786 vero
2057 3732 2481 3801 contempserint
2507 3740 2559 3785 et
2590 3731 2642 3783 in
2679 3747 2990 3799 perversum
3042 3732 3460 3792 declinaverint,

1905 3825 2022 3879 sine
2053 3825 2219 3878 dubio
2247 3825 2415 3892 legem
2444 3823 2634 3892 judicii
2681 3822 2870 3877 ferent.
2903 3822 2977 3876 Ex
3035 3824 3136 3878 hoc
3171 3825 3332 3878 etiam
3367 3839 3456 3876 an-

1906 3917 2148 3986 gelorum
2175 3917 2417 3984 quidam,
2451 3915 2701 3968 mandato
2728 3915 2818 3967 Dei
2860 3930 2964 3969 non
3013 3916 3237 3981 subditi,
3269 3917 3464 3970 volnu-

1904 4008 2001 4062 tati
2033 4008 2150 4077 ejus
2182 4008 2496 4060 restiterunt
2523 4028 2535 4060 :
2578 4015 2631 4060 et
2677 4007 2874 4075 aliquis
2922 4008 3138 4077 quidem
3183 4009 3248 4062 de
3281 4010 3418 4063 ccelo
3443 4049 3459 4062 .

1907 4109 2162 4169 tanquam
2191 4098 2367 4168 fulgur
2395 4098 2532 4168 ignis
2563 4097 2629 4163 ⁷³,
2661 4099 2852 4152 cecidit
2895 4114 3056 4168 super
3103 4109 3332 4163 terram;
3371 4102 3462 4154 alii

1902 4207 2034 4245 vero
2065 4191 2116 4243 in
2145 4189 2400 4244 felicitate
2451 4188 2730 4242 hominum
2761 4189 2973 4244 filiabus
2999 4189 3212 4244 admisti
3244 4191 3356 4262 (60)
3381 4228 3399 4258 ,
3431 4208 3460 4246 a

2265 4308 2309 4338 ⁸⁸
2345 4305 2519 4361 Galat.
2579 4323 2662 4373 ιιι,
2721 4307 2808 4361 13.
2920 4307 3162 4363 ⁶⁹Ιϐοι·.
3221 4324 3310 4375 xv,
3371 4309 3460 4366 56.

2042 4379 2086 4409 τ³
2117 4377 2248 4431 Luc.
2285 4393 2339 4440 ιι,
2376 4378 2460 4431 18.

234 4513 356 4588 quit
388 4513 453 4567 D.
484 4514 820 4588 Augustinus
847 4516 902 4588 in
933 4515 1072 4570 libro
1099 4515 1173 4570 De
1203 4515 1392 4570 Gratia
1431 4517 1650 4583 Christi,
1675 4534 1792 4588 cap.
1828 4523 1873 4576 Ι)
1901 4527 1953 4571 et
1983 4519 2071 4573 isti
2125 4519 2406 4582 fecerunt,
2453 4526 2508 4573 et
2537 4518 2590 4572 in
2619 4532 2784 4571 causa
2818 4517 3070 4588 fuerunt,
3124 4524 3182 4569 nt
3230 4518 3461 4586 papulus

235 4584 329 4647 24,
364 4599 470 4655 non
499 4584 612 4654 lege
647 4594 809 4655 atque
837 4587 1081 4640 doctrina
1127 4588 1413 4641 insonante
1456 4584 1796 4655 forinsecus;

236 4655 332 4710 sed
359 4654 567 4707 interna
598 4654 993 4728 atqueoccnlta
1029 4658 1262 4710 mirabili
1294 4673 1356 4711 ac
1406 4657 1660 4711 ineffabili
1704 4654 1802 4728 po?-

231 4733 436 4779 vtestate
464 4735 720 4791 Operatur
766 4727 818 4780 in
852 4728 1106 4782 cordibus
1147 4728 1426 4780 hominum
1461 4743 1568 4780 non
1622 4729 1798 4782 solum

235 4809 397 4849 veras
424 4796 797 4860 revelationes,
831 4798 924 4851 sed
957 4799 1116 4850 etiam
1155 4798 1325 4852 bonas
1355 4798 1681 4852 voluntates.
1713 4797 1800 4851 Si-

239 4865 389 4938 milia
419 4865 798 4938 inculcattum
823 4868 877 4920 in
912 4869 1086 4936 capite
1109 4868 1320 4921 decimo
1345 4869 1503 4922 tertio
1551 4868 1798 4938 ejusdem

235 4937 579 5005 Operis,_tum
609 4936 734 4990 alibi
769 4938 989 5005 passim.

311 5005 424 5074 (57)
453 5003 508 5058 lu
538 5003 820 5061 Casinensi
855 5009 1059 5069 codice,
1097 5024 1117 5058 ι
1169 5006 1426 5061 ultionem
1476 5005 1677 5062 fecerat
1706 5023 1799 5061 re-

236 5075 548 5142 torquebat.
575 5095 593 5126 »
629 5077 731 5129 Sed
762 5079 1067 5133 necessaria
1100 5078 1216 5132 visa
1247 5087 1327 5130 est
1346 5079 1551 5132 relativi
1580 5079 1794 5132 articuli

237 5145 561 5216 addit_io,__ne
586 5161 776 5200 sensus
804 5149 911 5201 ulla
938 5165 1000 5200 ex
1029 5157 1177 5216 parte
1211 5157 1442 5201 nutaret.

313 5213 426 5284 (58)
460 5213 576 5269 Non
612 5231 779 5284 pauca
806 5213 1090 5286 primitiva:
1119 5217 1372 5272 Ecclesia
1396 5217 1581 5273 Patres
1605 5233 1667 5272 ex
1699 5217 1798 5272 Ju-

238 5283 481 5357 dxorurii
517 5283 780 5340 sententia
807 5283 1191 5355 loquebantur,
1222 5297 1278 5340 ut
1302 5303 1368 5342 ex
1397 5289 1483 5342 his
1508 5290 1598 5357 qui
1628 5290 1678 5341 in
1712 5305 1796 5343 ca-

237 5355 352 5426 pite
380 5359 623 5424 sequenti
656 5367 710 5409 et
743 5359 806 5410 ad
842 5357 1125 5426 TheOphili
1168 5355 1793 5426 Alexandrini—disputa-

188 5429 196 5471 ἰ
241 5425 445 5496 tionem
475 5441 596 5480 cum
630 5426 850 5496 Simone
903 5425 1089 5482 Iudaeo
1125 5443 1242 5496 cap.
1276 5427 1342 5481 l3
1380 5425 1792 5490 annotavimus,

239 5494 419 5567 lucide
451 5507 698 5567 apparet.
737 5495 910 5565 Hujus
943 5497 1154 5567 generis
1181 5494 1341 5550 etiam
1391 5508 1476 5550 est
1507 5503 1652 5567 quod
1709 5500 1796 5552 hic

237 5569 308 5618 de
353 5563 620 5636 Egyptiis
653 5563 992 5621 vituli'auréi
1021 5567 1487 5621 constructoribus
1515 5563 1568 5620 et
1598 5569 1794 5622 adora-

242 5636 451 5689 toribus
499 5637 659 5690 tradit
697 5637 1026 5703 Archelaus;
1063 5653 1184 5692 nam
1225 5639 1278 5690 in
1313 5637 1564 5690 Scemoth
1611 5636 1795 5691 Rabba

242 5719 377 5778 pag._
407 5705 528 5778 [57,
559 5707 664 5760 col.
699 5707 767 5778 lg:
806 5726 825 5757 ι
859 5707 925 5762 Et
957 5708 1044 5762 isti
1081 5708 1296 5778 (nempe
1335 5706 1574 5778 Egyptii
1611 5723 1790 5774 prose-

243 5779 341 5843 tyti
364 5774 386 5844 )
413 5776 659 5832 fecerunt
696 5777 946 5848 vitulum,
980 5774 1107 5850 quia
1138 5774 1386 5834 colebant
1414 5774 1791 5843 idololatriam,

1899 4599 2164 4658 peccaret.
2197 4588 2328 4642 Vide
2357 4590 2485 4658 quid
2513 4589 2772 4656 scriptum
2797 4590 2866 4641 sit
2900 4586 3084 4658 Exodi
3107 4602 3276 4650 xxx",
3316 4603 3456 4642 vers.

1898 4657 1950 4712 ξι.
1985 4658 2100 4713 Νοιι
2139 4666 2222 4713 est
2257 4657 2515 4726 scriptum
2554 4660 2679 4712 hic:
2713 4658 2800 4710 Isti
2855 4667 2982 4710 sunt
3016 4657 3088 4708 dii
3116 4658 3319 4726 nostri,
3364 4658 3459 4710 sed

1898 4730 1988 4782 isti
2022 4739 2140 4782 sunt
2171 4729 2249 4780 dii
2285 4724 2400 4782 tui:
2448 4729 2591 4796 quod
2641 4727 2890 4797 proselyti
2915 4766 2928 4790 ,
2963 4726 3052 4793 qui
3105 4739 3247 4797 cum
3276 4724 3460 4795 Moyse

1897 4800 2274 4858 ascenderant,
2301 4799 2400 4866 ipsi
2428 4795 2670 4851 fecerunt
2693 4795 2864 4857 illum,
2889 4806 2941 4849 et
2959 4798 3213 4848 dixerunt
3236 4795 3415 4849 lsraeli
3443 4815 3456 4851 :

1901 4867 2004 4922 Isti
2050 4877 2170 4920 sunt
2207 4870 2281 4920 dii
2316 4869 2412 4920 tui.
2473 4868 2677 4920 Idcirco
2711 4866 2852 4919 Deus
2899 4877 3117 4918 sanctus
3146 4867 3460 4920 benedictus

1901 4939 2042 4992 dixit
2067 4938 2235 5003 Moysi
2262 4956 2273 4990 :
2305 4935 2468 5001 Vade,
2495 4937 2779 4997 descende,
2807 4937 2933 5003 quia
2957 4935 3197 5003 corrupit
3231 4937 3458 5003 populus

1905 5023 2050 5062 tuus.
2079 5028 2096 5058 ι
2127 5003 2258 5060 Vide
2275 5006 2617 5060 Salomonem
2645 5005 2827 5060 Jarchi
2854 5007 2906 5058 in
2935 5005 3180 5058 eumdem
3199 5003 3364 5057 Exodi
3384 5005 3462 5058 lo-

1903 5093 2025 5132 cum
2043 5094 2184 5131 vers.
2215 5076 2278 5141 8;
2296 5077 2444 5129 Abeu
2476 5075 2612 5128 Ezra
2634 5075 2762 5128 ibid.
2791 5091 2931 5129 vers.
2953 5073 3043 5138 22,
3061 5082 3114 5127 et
3129 5075 3460 5128 Aharbanel~

1904 5149 2012 5200 lum
2038 5146 2175 5214 ,ibid.
2214 5161 2356 5201 vers.
2394 5145 2479 5199 ll.
2512 5148 2582 5199 At
2609 5146 2690 5198 Vel
2715 5161 2780 5199 ex
2802 5147 2942 5199 nuda
2976 5143 3114 5197 sacri
3144 5153 3320 5198 textus
3347 5144 3458 5197 lec-

1903 5213 2067 5282 tione,
2098 5226 2152 5270 et
2180 5231 2246 5270 ex
2296 5214 2434 5267 LXX
2470 5216 2820 5283 interpretum
2848 5213 3107 5283 versione,
3143 5214 3280 5267 hanc
3315 5215 3460 5266 rabi-

1901 5303 2093 5340 norum
2120 5285 2490 5354 conjecturam
2513 5282 2665 5339 valde
2699 5287 2960 5340 incertam
2994 5282 3310 5351 futilemque
3335 5298 3458 5338 esse

1899 5358 2043 5412 clare
2069 5357 2357 5425 colligitur.

1963 5428 2075 5497 (5i);
2113 5421 2605 5497 lta'reslituendam
2637 5422 2960 5497 censuimus
3001 5421 3274 5497 depravati
3307 5423 3456 5476 codi-

1893 5493 2316 5550 cis'Casinensis
2348 5496 2656 5556 lectionem,
2697 5495 2748 5545 in
2778 5509 2886 5560 quo
2920 5493 2998 5546 sic
3025 5493 3310 5556 scribitur,
3345 5510 3365 5542 ι
3400 5501 3456 5545 et

1893 5566 2199 5621 communis
2230 5581 2317 5632 ne,
2360 5583 2380 5616 ι
2410 5574 2537 5632 etc.,
2562 5566 2665 5618 nisi
2698 5563 2820 5632 quis
2846 5563 3115 5625 maluerit,
3153 5581 3173 5614 ι
3205 5577 3453 5616 commu-

1893 5652 2065 5690 mens.
2099 5654 2118 5686 ι

1965 5705 2076 5776 (60)
2112 5704 2189 5759 En
2237 5705 2372 5758 alter
2396 5703 2646 5776 Archelai
2682 5702 2857 5766 locus,
2886 5716 2950 5756 ex
2984 5716 3093 5776 quo
3127 5701 3180 5776 id
3213 5700 3359 5772 quod
3395 5700 3449 5776 in

1893 5773 2211 5845 praecedenti
2241 5776 2415 5845 capite
2436 5777 2502 5830 de
2543 5773 2889 5830 Hebraeorum
2915 5773 3261 5842 opinionibus
3282 5788 3312 5826 a
3339 5773 3450 5840 pri-
