3922 6496
460 304 486 358 1
497 303 598 360 479

1443 305 1624 360 ACTA
1665 303 2194 360 DlSPUTATlONlS
2233 304 2292 359 S.
2332 303 2680 358 ARCHELAI

3585 305 3722 358 H39

457 425 702 480 dracone
735 425 940 491 adlicti,
977 426 1118 496 ignis
1156 427 1340 481 interni
1373 441 1589 496 ptrnam
1623 428 1900 497 suscipere
1931 443 2045 480 me-
2075 432 2115 485 Α
2145 442 2334 481 omnes
2361 435 2626 480 creatura:
2663 424 2904 479 visibiles
2941 426 3049 478 sint
3087 439 3308 479 necesse
3331 431 3452 486 est,
3485 427 3720 480 etclam.

457 529 709 574 ruerunt.
738 518 830 572 llle
859 519 1022 588 igitur
1045 519 1099 572 in
1124 527 1324 573 terram
1344 519 1598 575 decidens
1625 535 1726 573 nec
1752 520 1888 573 ultra
1912 519 2032 573 caeli

459 613 776 681 regionibus
809 611 1104 675 admissus,
1137 611 1280 666 inter
1315 611 1564 666 homines
1611 613 1904 678 volutatur,
1937 611 2034 664 de-

459 703 666 773 cipiens
717 717 857 766 eos,
897 711 1061 768 atque
1113 702 1450 769 persuadens
1507 701 1608 755 sibi
1665 701 1872 754 similes
1899 699 2036 754 cﬂici

461 803 918 864 transgressores,
955 801 1010 846 et
1039 809 1213 862 usque
1253 795 1308 848 in
1340 793 1660 848 hodiernum
1692 793 2036 846 adversarius

459 897 540 942 est
593 887 865 941 mandatis
921 887 1030 940 Dei.
1073 887 1180 940 Sed
1217 901 1322 940 non
1375 901 1565 940 omnes
1597 887 1806 954 lapsum
1865 885 2037 938 ruina:

461 979 581 1048 ejus
605 987 924 1046 sequentur,
951 993 1050 1047 pro
1073 993 1138 1031 eo
1167 979 1310 1047 quod
1337 978 1629 1047 unicuique
1657 976 2038 1032 lihertasarhi-

461 1071 546 1124 trii
575 1079 660 1124 est
685 1088 698 1123 :
735 1085 802 1124 ex
835 1070 938 1122 hoc
961 1071 1105 1122 enim
1150 1080 1202 1122 et
1231 1071 1534 1139 appellatus
1561 1080 1644 1124 est
1676 1070 1943 1134 diabolus,
1971 1085 2036 1124 eo

457 1162 602 1232 quod
655 1163 942 1216 transitum
980 1161 1172 1215 fecerit
1201 1162 1266 1215 de
1317 1163 1632 1216 cazlcstihus
1665 1203 1676 1224 ,
1709 1171 1760 1215 et
1784 1163 1925 1230 quod
1981 1162 2034 1214 in

458 1257 616 1310 terris
645 1255 900 1308 mandato
948 1253 1038 1306 Dei
1067 1254 1394 1308 obtrectator
1427 1255 1732 1308 exsisteret.
1769 1253 1902 1318 Quia
1936 1269 2036 1305 au-

457 1357 567 1402 tem
601 1347 744 1402 Deus
773 1349 842 1402 sit
867 1348 959 1418 qui
993 1347 1143 1416 prius
1171 1349 1481 1401 mandatum
1510 1347 1676 1412 dedit,
1712 1363 1828 1416 ipse.
1855 1347 2035 1398 Domi-

457 1457 562 1495 nus
584 1439 744 1496 Jesus
775 1441 850 1494 ait
873 1442 940 1495 ad
979 1441 1290 1495 diabolum:
1325 1461 1342 1490 ε
1379 1439 1524 1494 Vade
1571 1449 1694 1509 post
1729 1457 1830 1502 me,
1881 1438 2038 1492 Sata-

457 1547 526 1586 na
557 1533 604 1564 ⁷⁸
630 1551 644 1600 ;
688 1552 706 1584 1
746 1541 800 1588 et
832 1533 950 1588 sine
980 1533 1148 1587 dubio
1183 1533 1262 1587 ire
1293 1543 1410 1602 post
1441 1537 1630 1598 Deum,
1668 1531 1807 1585 servi
1837 1543 1948 1596 est;
1987 1539 2039 1584 et

455 1621 655 1676 iterum
683 1624 826 1691 quod
881 1625 958 1677 ait
985 1625 1052 1677 ad
1085 1639 1208 1677 eum
1239 1641 1250 1676 :
1290 1643 1306 1673 ι
1347 1622 1634 1676 Dominum
1669 1623 1835 1676 Deum
1884 1633 2034 1675 tuum

455 1715 708 1770 adorabis
737 1725 790 1770 et
822 1715 920 1785 ipsi
951 1716 1053 1769 soli
1093 1715 1296 1770 servies
1322 1715 1390 1770 ⁷⁵.
1427 1735 1446 1766 1
1477 1715 1744 1780 ριιοίιὶειιη
1779 1729 1906 1784 ergo
1938 1715 2035 1767 ob—

2141 527 2282 570 terra
2310 556 2324 580 ,
2377 531 2526 570 mare
2555 557 2566 580 ,
2603 517 2854 570 homines
2875 555 2888 576 ,
2919 515 3124 581 angeli,
3171 515 3488 584 archangeli
3517 531 3532 566 :
3579 511 3722 566 [iens

2137 623 2288 673 vero,
2321 625 2444 662 cum
2491 625 2519 662 a
2555 609 2704 662 nullo
2754 623 2992 676 unquam
3045 607 3194 662 visus
3241 609 3346 672 sit,
3385 607 3522 675 quid
3550 607 3598 658 ei
3637 622 3724 672 pn-

2141 709 2244 754 tcst
2293 717 2358 754 ett
2409 701 2530 754 istis
2565 701 2830 755 creaturis
2877 715 2998 755 esse
3042 701 3414 756 homousion?
3469 699 3628 755 Unde
3671 711 3722 753 ct

2139 791 2350 862 singula
2379 809 2608 862 quicque
2639 795 2944 849 secundum
2977 795 3220 848 ordinem
3251 811 3416 850 suum
3445 801 3720 866 proririani

2138 883 2373 938 dicimus
2413 884 2614 938 habere
2647 887 3032 944 substantiam.
3059 889 3138 942 Tu
3165 907 3293 945 vero
3322 908 3390 945 ex
3423 908 3538 944 uno
3567 909 3722 948 omne

2139 975 2340 1028 animal
2369 979 2513 1044 quod
2557 989 2824 1044 movetur,
2863 979 3064 1034 factum
3095 983 3250 1048 dicis,
3279 995 3332 1036 ct
3355 985 3720 1040 substantiam

2139 1081 2168 1118 a
2195 1065 2304 1120 Deo
2325 1068 2600 1135 accepisse
2627 1069 2762 1124 dicis
2785 1071 3038 1136 similem,
3063 1085 3114 1126 et
3139 1089 3299 1142 posse
3321 1091 3446 1128 eam
3471 1092 3596 1146 pec:
3613 1095 3718 1144 are,

2140 1167 2304 1226 atque
2329 1160 2396 1212 ad
2427 1159 2692 1228 judicium
2721 1161 2938 1226 venire;
2975 1171 3028 1215 et
3063 1179 3186 1216 eum
3218 1182 3326 1218 non
3363 1165 3448 1220 vis
3481 1169 3668 1236 recipe
3693 1183 3724 1223 e

2139 1263 2446 1301 sermonem
2473 1249 2763 1313 dicentem,
2793 1251 3065 1304 diabolum
3090 1255 3338 1318 angelum
3367 1253 3570 1319 fuisse,
3599 1259 3720 1310 etin

2139 1340 2583 1408 praevaricatione
2615 1343 2914 1410 decidisse,
2939 1355 2994 1398 et
3029 1363 3134 1398 non
3165 1363 3292 1400 esse
3311 1348 3570 1416 ejusdem
3601 1363 3720 1403 eum

2141 1429 2250 1484 Deo
2267 1431 2603 1486 substantiae.
2623 1435 2938 1490 Interiincre
2961 1438 3044 1490 del
3065 1439 3324 1507 esjudicii
3351 1452 3574 1492 ratzone
3597 1443 3722 1510 iﬁir,

2141 1533 2200 1576 ut
2229 1524 2351 1593 quis
2382 1537 2626 1580 nostrum
2658 1527 2808 1581 fallat
2843 1539 3116 1598 appareat.
3143 1531 3198 1584 Si
3225 1534 3370 1586 enim
3403 1549 3516 1586 non
3553 1546 3724 1603 potest

2142 1620 2292 1686 quia
2327 1620 2436 1674 Deo
2467 1631 2685 1678 creatus
2730 1633 2814 1678 est
2869 1625 3124 1696 angelus,
3183 1627 3238 1682 in
3277 1633 3720 1698 transgressione

2139 1710 2408 1778 decidere,
2445 1715 2718 1781 quomodo
2752 1725 2930 1783 potest
2963 1733 3088 1785 pars
3113 1717 3204 1771 Dei
3233 1719 3414 1771 anima
3449 1722 3721 1787 peccare?

457 1807 832 1876 temperabant
858 1808 1080 1876 quidam
1111 1807 1392 1862 hominum
1433 1807 1807 1861 voluntatibus
1840 1806 2032 1875 ipsius,
2067 1795 2108 1849 Β
2141 1801 2196 1856 Si
2227 1819 2353 1857 vero
2373 1804 2642 1873 judicium
2689 1821 2810 1861 esse
2838 1807 2975 1862 dicis
2999 1811 3338 1878 peccantium
3373 1812 3718 1876 animarum,

457 1899 747 1954 audierunt
772 1915 801 1952 a
827 1899 1109 1954 Salvatore
1137 1919 1149 1954 :
1183 1917 1202 1951 t
1235 1899 1343 1954 Vos
1369 1915 1430 1954 ex
1464 1911 1611 1968 patre
1637 1899 1851 1952 diabolo
1875 1897 2030 1961 estis,

455 1999 510 2045 et
538 1991 806 2046 desideria
839 1993 1009 2062 patris
1033 1992 1200 2046 vestri
1233 1991 1409 2046 facere
1435 1991 1599 2044 vultis
1623 1991 1687 2043 ⁷⁸.
1723 2009 1738 2042 1
1771 1989 2032 2058 Denique,

455 2100 578 2140 cum
621 2085 820 2140 faciant
852 2087 1155 2140 voluntates
1205 2085 1346 2154 ejus,
1378 2085 1645 2138 audiunt:
1689 2103 1708 2133 ‹
1746 2081 2035 2136 Generatio

454 2177 787 2246 viperarum,
816 2177 939 2246 quis
968 2177 1120 2232 vobis
1144 2176 1381 2231 ostendit
1427 2175 1611 2246 fugere
1636 2177 1703 2228 ab
1735 2175 1814 2228 ira
1845 2183 2036 2228 ventu-

454 2271 554 2332 ra?
589 2269 771 2324 Facite
813 2285 944 2341 ergo
991 2269 1230 2324 fructum
1261 2269 1485 2338 dignum
1536 2267 1867 2338 pmnitentie
1896 2265 1962 2319 ⁷⁷.
2007 2285 2026 2318 1

453 2359 534 2416 Ex
569 2363 672 2417 hoc
714 2379 841 2432 ergo
869 2363 1088 2432 pervide
1121 2371 1326 2433 quanta
1357 2363 1438 2416 vis
1475 2363 1543 2416 sit
1571 2362 1846 2416 hominem
1877 2361 2032 2416 liberi

452 2469 576 2508 esse
601 2454 848 2508 arbitrii:
901 2455 1047 2508 dicat
1079 2463 1259 2508 tamen
1306 2454 1467 2507 etiam
1506 2455 1640 2522 ipse,
1679 2454 1724 2506 si
1759 2463 1841 2508 est
1887 2452 2034 2523 judi-

451 2547 598 2602 cium
629 2547 840 2617 piorum
891 2547 1280 2616 etimpiorum.
1317 2545 1498 2599 Manes
1529 2547 1667 2598 dixit
1705 2559 1723 2598 :
1759 2545 1852 2600 Est
1882 2547 2032 2616 judi-

453 2641 626 2694 cium.
679 2637 968 2692 Archelaus
1005 2639 1182 2691 dixit:
1240 2636 1378 2692 Puto
1417 2653 1537 2707 qua:
1563 2653 1592 2692 a
1623 2639 1780 2692 nobis
1812 2637 1924 2708 (61)
1968 2639 2032 2693 de

395 2795 404 2802 ι
453 2731 674 2786 diabolo
703 2731 846 2784 dicta
879 2741 1028 2794 sunt,
1063 2747 1170 2785 non
1221 2747 1414 2800 parum
1467 2730 1696 2785 rationis
1727 2735 1780 2784 ct
1813 2730 2031 2800 pietatis

454 2824 726 2880 obtinent.
761 2822 934 2879 llabet
962 2824 1104 2879 enim
1136 2833 1190 2880 et
1225 2840 1564 2896 unaquatque
1595 2833 1846 2879 creatura
1879 2826 2030 2879 ordi-

452 2931 577 2972 nem
605 2929 805 2970 suum:
861 2925 914 2970 et
947 2917 1087 2971 alius
1133 2917 1350 2986 quidem
1387 2917 1520 2972 ordo
1541 2925 1624 2971 est
1672 2917 1896 2971 humani
1940 2933 2032 2988 ge-

453 3010 622 3074 neris,
668 3019 721 3064 ct
743 3009 883 3065 alius
920 3010 1240 3063 animalium
1273 3019 1394 3074 est,
1447 3019 1610 3080 atque
1639 3009 1778 3063 alius
1804 3009 2028 3078 angelo-

2137 1903 2188 1948 el
2216 1894 2377 1950 unius
2405 1911 2498 1950 cas
2528 1911 2650 1951 cum
2703 1897 2810 1952 Deo
2839 1899 2976 1954 dicis
3002 1916 3122 1954 esse
3154 1901 3496 1968 substantize,
3549 1913 3610 1957 et
3645 1913 3720 1958 ta-

2137 2001 2258 2039 men
2287 2001 2412 2040 cum
2437 1987 2503 2042 de
2523 1989 2702 2044 divina
2717 2006 2810 2045 eas
2833 2007 3048 2048 asseras
3077 2008 3198 2047 esse
3225 2003 3446 2060 natura,
3465 1995 3615 2050 dicis
3645 1997 3722 2050 ui-

2137 2080 2432 2136 hilominus
2457 2081 2552 2136 Dei
2585 2099 2690 2136 non
2725 2099 2942 2138 servare
2964 2087 3216 2138 mandata
3251 2085 3361 2156 (65)
3389 2105 3402 2152 ;
3439 2087 3614 2140 etiam
3645 2091 3724 2144 sic

2135 2171 2432 2240 plurimum
2472 2187 2625 2226 meus
2668 2189 2846 2227 sermo
2876 2175 3114 2242 υνυς-11111
3145 2175 3273 2245 (CG),
3316 2178 3506 2230 dicens
3541 2181 3724 2246 primo

2135 2263 2437 2330 diabolum,
2467 2281 2532 2320 eo
2559 2268 2703 2335 quod
2733 2267 3043 2321 mandatum
3071 2285 3176 2322 non
3209 2273 3528 2338 servaverit,
3567 2275 3722 2328 deei-

2134 2357 2318 2423 disse;
2376 2373 2484 2412 non
2532 2359 2676 2412 enim
2721 2369 2838 2413 erat
2869 2377 2930 2413 ex
2991 2359 3086 2414 Dei
3136 2363 3436 2416 suistantia
3469 2383 3482 2418 :
3511 2368 3726 2421 dcc-iuit

2135 2465 2242 2504 non
2271 2458 2378 2502 tam
2413 2459 2470 2503 ut
2495 2449 2712 2504 lmderet
2739 2451 3036 2505 humanum
3061 2469 3238 2523 genus
3261 2494 3274 2518 ,
3309 2456 3402 2508 sed
3441 2465 3500 2509 ut
3549 2459 3628 2510 ab
3659 2476 3722 2512 eo

2135 2543 2316 2610 potius
2339 2541 2656 2596 illudcretur
2685 2558 2698 2593 :
2729 2543 2876 2596 dedit
2900 2543 3044 2596 enim
3073 2543 3233 2599 nobis
3255 2555 3586 2614 potestatem
3619 2553 3726 2602 cai-

2134 2633 2292 2686 candi
2329 2648 2492 2702 super
2523 2643 2802 2703 serpentes
2829 2645 2880 2689 et
2901 2637 3236 2706 scorpiones,
3273 2647 3327 2694 ct
3355 2655 3582 2694 omnem
3619 2647 3726 2694 vir-

2136 2735 2302 2780 tutem
2339 2727 2546 2781 inimici
2579 2728 2644 2781 τ’.

2201 2816 2441 2871 XXXIII.
2474 2817 2688 2872 Iudices
2713 2818 2993 2873 dixerunt:
3026 2821 3366 2876 Suﬂicienter
3384 2827 3634 2880 ostendit
3655 2829 3722 2882 de

2132 2913 2340 2984 Origine
2375 2913 2598 2967 diaboli.
2633 2911 2767 2967 Cum
2801 2914 2944 2967 enim
2981 2923 3209 2984 utraque
3249 2931 3376 2980 pars
3415 2917 3720 2971 conﬁtetur

2132 3002 2377 3058 futurum
2435 3019 2557 3058 esse
2585 3003 2851 3073 judicium
2879 3046 2894 3070 ,
2928 3005 3236 3059 necessario
3285 3007 3444 3060 liberi
3499 3009 3718 3063 arbitrii

455 3119 614 3158 rum:
650 3118 760 3156 una
810 3117 937 3156 vero
979 3110 1032 3155 et
1073 3102 1186 3156 sola
1235 3101 1664 3156 inconvertibilis
1716 3111 1798 3154 est
1847 3101 2025 3154 divina
2057 3135 2098 3191 ο
2135 3095 2514 3164 unusquisque
2557 3103 2926 3160 monstratur;
2977 3111 3086 3164 quo
3118 3096 3398 3150 evidenter
3445 3109 3714 3162 ostenti).

454 3194 794 3258 substantia,
820 3204 1019 3248 aeterna
1059 3202 1111 3248 et
1157 3193 1475 3258 invisibilis,
1521 3195 1662 3248 sicut
1692 3201 1745 3246 et
1776 3191 2030 3245 omnibus

452 3293 644 3339 notum
687 3293 807 3351 est,
855 3283 1154 3339 secundum
1204 3283 1336 3337 illud
1387 3283 1531 3352 quod
1589 3283 1852 3351 scriptum
1907 3289 2028 3336 est:

459 3397 478 3430 ε
505 3377 790 3432 Dominum
819 3375 928 3448 (62)
953 3393 1114 3430 nemo
1139 3377 1270 3429 vidit
1299 3391 1560 3444 unquam,
1587 3375 1690 3428 nisi
1723 3373 2034 3443 unigenitus

451 3467 625 3524 Filius
665 3470 758 3538 qui
787 3479 870 3523 est
899 3468 954 3521 in
986 3468 1108 3522 sinu
1132 3465 1309 3522 Patris
1333 3467 1394 3518 ⁷⁸.
1429 3487 1447 3519 1
1479 3465 1722 3537 Reliqua:
1760 3481 1890 3537 ergo
1919 3463 2032 3535 (63)

522 3623 569 3656 '“
596 3623 787 3680 Matth.
813 3639 886 3690 tv,
925 3625 1010 3678 10.
1102 3625 1146 3656 ⁷⁵
1181 3623 1314 3679 Ibid.
1407 3625 1452 3656 ""
1477 3623 1761 3689 Joan.vm,
1791 3625 1879 3678 Η.

450 3788 656 3846 mitiva:
687 3787 942 3844 Ecclesia:
967 3787 1216 3862 Patribus
1250 3790 1516 3862 interdum
1553 3794 1909 3862 propugnatis
1931 3792 1984 3846 di
2005 3821 2017 3832 -

451 3862 672 3933 ximus,
724 3871 906 3933 aperte
933 3861 1307 3918 confirmatur.
1355 3861 1506 3927 Quod
1541 3861 1684 3916 enim
1717 3861 1782 3918 de
1813 3865 2020 3933 angelis

452 3947 578 3985 cum
613 3929 831 4002 feminis
855 3933 1342 4002 concumbcntilms
1377 3933 1536 3986 tradit
1565 3929 2019 4002 Archelausfjam

451 4015 628 4070 usque
657 4017 686 4053 a
723 4000 965 4055 Philonis
995 4001 1200 4056 Hebraei
1231 4011 1284 4056 et
1314 4002 1534 4072 Josepiii
1565 4000 2020 4072 temporilius‘Ju-

451 4073 691 4143 daeurutn
717 4073 902 4143 opinio
930 4083 1030 4136 est,
1067 4089 1230 4140 quam
1279 4075 1440 4126 etiam
1472 4087 1776 4143 sequuntur
1808 4074 2022 4130 Tertul-

451 4142 634 4196 lianus
657 4183 673 4206 ,
708 4142 955 4196 Justinus
985 4185 998 4208 ,
1031 4143 1282 4198 Clemens
1310 4142 1709 4200 Alexandrinus
1738 4185 1753 4212 ,
1783 4146 2022 4200 Athena-

453 4227 634 4280 goras,
665 4212 998 4284 _.v’i‘lethodius,
1031 4215 1332 4284 gyprianus
1353 4257 1366 4278 ,
1405 4213 1722 4270 Lactantius
1749 4255 1763 4279 ,
1817 4227 1877 4270 ut
1917 4218 2022 4269 late

453 4285 644 4350 probat
664 4281 934 4334 Pantelius
963 4285 1013 4335 in
1037 4281 1354 4337 Tertulliani
1385 4286 1660 4352 paradoxo
1693 4301 1706 4338 l
1739 4295 1791 4340 et
1817 4285 2022 4340 Feuar-

453 4352 744 4424 dentiusiu
775 4354 914 4405 notis
942 4357 1006 4405 azl
1042 4353 1298 4424 Irenaeum
1337 4357 1580 4424 ejusdem
1632 4358 1904 4424 opinionis
1935 4373 2022 4410 as-

453 4423 654 4476 seclam
686 4421 778 4474 lib.
813 4437 884 4486 tv,
914 4438 1032 4490 cap.
1061 4423 1146 4475 70.
1179 4421 1381 4476 lloruni
1421 4435 1600 4478 tamen
1637 4421 1857 4479 Patrum
1891 4444 2025 4478 11011-

453 4493 588 4545 nulli
613 4493 786 4545 bonos
820 4510 850 4544 a
873 4497 1028 4546 malis
1054 4495 1258 4562 angelis
1280 4495 1552 4563 deceptos,
1579 4497 1819 4548 nomiulli
1849 4497 2020 4551 malos
2055 4505 2098 4560 D

455 4564 678 4632 angelos
722 4579 844 4615 eum
893 4563 1169 4616 hominum
1216 4563 1430 4618 filiabus
1479 4565 1796 4620 cornmistos
1849 4567 2022 4622 fuisse

451 4633 765 4704 credidere;
801 4633 894 4686 sed
924 4643 1208 4704 utramque
1239 4636 1550 4704 opinionem
1599 4639 1876 4688 cornmuni
1912 4639 2022 4692 cal-

451 4705 577 4756 culo
599 4703 850 4770 rejiciunt
873 4705 962 4757 alii
979 4703 1186 4771 Patres,
1211 4713 1264 4758 et
1280 4703 1615 4760 recentiores
1637 4720 1829 4760 oniues
1851 4723 2020 4762 saera:

455 4771 752 4842 Scriptura:
807 4775 1124 4842 interpretes
1151 4814 1166 4840 ,
1191 4791 1423 4844 quorum
1463 4777 1768 4844 catalogum
1819 4787 2017 4844 texere,

449 4859 576 4899 eum
611 4859 697 4898 res
721 4845 1090 4912 vulgatissitna
1116 4849 1204 4910 sit,
1232 4848 1713 4914 praetermittimus.

523 4914 636 4982 (6i)
660 4914 718 4966 111
749 4915 1032 4968 Castnensi
1059 4919 1250 4984 legitur
1281 4920 1552 4970 contrario
1580 4932 1743 4970 sensu
1768 4957 1782 4980 ,
1814 4933 1832 4966 t
1863 4933 1893 4970 a
1927 4933 2020 4972 v0-

451 4983 558 5046 bis,
597 5003 614 5033 1
649 4989 790 5052 quod
829 4995 1006 5038 tamen
1035 4987 1088 5037 in
1117 4983 1262 5040 hunc
1296 4987 1473 5040 locum
1503 5003 1608 5040 non
1639 4987 1888 5054 quadrat.

523 5054 635 5120 (62)
673 5055 826 5109 Hanc
869 5055 1046 5108 locum
1103 5057 1294 5110 iisdem
1327 5057 1507 5110 verbis
1551 5058 1740 5110 laudat
1781 5057 2018 5112 lrenzeus

447 5129 580 5182 Adv.
605 5131 814 5188 litarem,
844 5125 939 5183 lib.
961 5141 1040 5190 Ill,
1059 5143 1108 5181 c.
1137 5127 1224 5195 11,
1248 5128 1372 5181 licet
1399 5127 1524 5180 alibi
1550 5125 1790 5197 Vulgata:
1817 5131 2020 5182 νει-δίς,-

453 5211 575 5248 1113111
613 5207 891 5262 sequatur.

525 5265 638 5334 1115)
671 5268 968 5320 Archelaus
999 5266 1084 5319 hic
1113 5273 1350 5319 veterum
1405 5266 1764 5334 quorumdam
1797 5266 2016 5320 Patrum

453 5345 776 5389 sententiain
807 5339 1184 5404 amplectitur,
1219 5339 1312 5404 qui
1342 5339 1514 5390 soluat
1549 5337 1718 5390 Deum
1769 5339 2018 5406 incorpo—

453 5419 629 5466 reum,
667 5409 874 5474 reltqua
901 5423 1025 5458 vero
1053 5419 1232 5460 creata
1255 5411 1438 5460 ouinia
1479 5423 1738 5476 corporea
1768 5425 1890 5461 esse
1921 5425 2016 5477 pu-

454 5483 631 5529 tarunt
671 5518 684 5540 ,
719 5477 866 5546 quod
903 5491 1090 5544 nempe
1118 5481 1236 5530 loco
1273 5477 1705 5546 circumscripta,
1735 5479 1787 5530 in
1817 5479 2012 5546 seipsis

453 5547 836 5618 subsisterent;
866 5547 990 5600 licet
1041 5549 1213 5600 nostri
1245 5557 1487 5616 respectu
1519 5587 1532 5608 ,
1585 5549 1678 5618 qui
1731 5563 1916 5602 crassa
1965 5559 2018 5602 et

451 5615 876 5688 densaucorpora
911 5618 1191 5682 habemus,
1223 5615 1569 5686 incorporeus
1602 5615 1710 5672 uici
1742 5627 2012 5688 putarent.

455 5683 588 5758 Vide
611 5683 924 5758 Dionysium
957 5689 1232 5741 Petaviuta~
1257 5683 1406 5742 tumo
1427 5691 1586 5742 tertio
1609 5683 2016 5758 tlwoiogicorum

451 5757 776 5828 dogmatum,
813 5759 905 5812 lib.
947 5775 984 5824 1,
1020 5773 1138 5828 cap.
1169 5759 1224 5825 ‘2,
1287 5765 1340 5813 et
1384 5761 1757 5829 aequantibus,
1792 5757 1900 5814 ubi
1933 5759 2012 5811 la-

1957 3625 2000 3656 "
2025 3623 2216 3676 Matth.
2245 3637 2326 3682 ut,
2369 3619 2420 3673 7.

2131 3188 2262 3240 nulli
2294 3185 2520 3239 dubium
2544 3195 2644 3252 est,
2668 3187 2811 3256 quod
2841 3188 3214 3256 unusquisque
3237 3189 3290 3242 in
3317 3205 3718 3262 quamcunque

2131 3281 2349 3351 elegerit
2383 3291 2591 3350 partem
2620 3323 2634 3348 ,
2674 3281 2892 3352 propria
2929 3297 3062 3339 usus
3107 3283 3268 3336 fuerit
3303 3285 3525 3340 arbitrii
3561 3299 3718 3356 poti-

2133 3383 2270 3427 state
2301 3373 2431 3443 (67).
2467 3371 2648 3425 Manes
2678 3372 2857 3425 dixit:
2887 3371 2938 3427 Si
2968 3389 2998 3426 a
3027 3372 3136 3428 Deo
3165 3375 3364 3440 bonus,
3395 3385 3456 3430 ut
3489 3381 3714 3442 asseris,

2137 3464 2452 3519 mendacem
2483 3479 2603 3518 esse
2635 3463 2821 3518 dixisti
2841 3462 3026 3519 Jesum
3050 3465 3182 3538 (68).
3215 3467 3514 3522 Archelaus
3539 3471 3716 3526 dixit:

2531 3619 2575 3650 ⁷⁸
2602 3617 2760 3674 Joan.
2791 3636 2828 3684 I,
2865 3603 2954 3672 18.
3061 3620 3104 3650 τ’
3137 3619 3268 3674 Luc.
3299 3637 3357 3686 Χ,
3395 3623 3487 3678 19.

2127 3791 2340 3846 tissime
2381 3788 2626 3844 omnium
2679 3789 2902 3842 Patrum
2950 3804 3012 3842 ea
3063 3789 3128 3840 de
3175 3803 3232 3842 re.
3279 3793 3592 3848 sententias
3621 3811 3714 3850 es-

2167 3861 2331 3914 elidit.

2127 3877 2496 4000 ptiiilijoForte
2526 3947 2545 4000 t
2578 3929 2868 4000 rationem,
2909 3945 2926 3978 1
2965 3936 3026 3980 ut
3050 3943 3244 3984 sensus
3271 3931 3342 3982 sit
3369 3947 3480 3986 non
3517 3935 3710 3990 debere

2129 3999 2391 4054 Manetem
2421 3999 2686 4070 judicium
2719 4001 3026 4062 admittere,
3059 4015 3182 4052 cum
3211 4002 3331 4067 ejus
3353 4003 3618 4070 dogmata
3647 4009 3712 4060 de

2129 4073 2350 4124 homine
2389 4080 2438 4122 et
2470 4069 2676 4139 angelis
2719 4071 2926 4138 judicro
2977 4071 3348 4124 advers-.ntur.
3419 4069 3478 4126 In
3527 4075 3712 4130 Cra-eu

2127 4143 2272 4196 enim
2307 4149 2452 4194 textu
2511 4140 2676 4208 hujus
2708 4139 3118 4207 disputationis,
3151 4144 3424 4210 ἀναιρεῖν,
3479 4144 3712 4202 fol-1355.3

2129 4215 2390 4282 scriptum
2416 4219 2532 4282 erat
2549 4228 2562 4273 ;
2582 4211 2730 4282 quod
2753 4213 3146 4282 cumoccrdere
3173 4217 3378 4278 pariter
3406 4231 3472 4267 ac.
3495 4219 3712 4272 auferre

2129 4292 2183 4336 et
2214 4279 2280 4336 de
2311 4281 2489 4336 medio
2523 4281 2706 4334 tollere
2759 4279 3042 4350 significet,
3077 4285 3312 4349 priorem
3353 4301 3590 4341 sensum
3625 4307 3710 4342 sr-

2129 4362 2289 4426 cgutus
2317 4362 2400 4426 est
2435 4366 2538 4404 non
2573 4355 2707 4405 satis
2731 4360 3038 4414 aceuratus,
3071 4369 3169 4404 nec
3189 4355 3337 4407 satis
3367 4357 3602 4426 elegans
3625 4377 3712 4412 an-

2131 4424 2312 4492 tiquus
2341 4423 2626 4492 interpres.

2199 4494 2310 4564 (115)
2346 4491 2526 4564 Series
2559 4501 2613 4544 et
2641 4490 3334 4564 consequentia»sermonis
3357 4499 3606 4554 oninino
3635 4501 3710 4554 vi-

2127 4559 2587 4631 deturpastulare
2614 4571 2673 4616 ut
2707 4563 2933 4630 legatur,
2969 4582 2987 4611 ι
3019 4559 3110 4612 Dei
3141 4579 3246 4616 non
3279 4581 3513 4622 servare
3563 4587 3712 4624 nian-

2125 4635 2276 4698 data,
2311 4656 2329 4684 1
2369 4635 2492 4709 licet
2525 4633 2576 4709 in
2600 4633 2886 4709 Casinensi
2917 4632 3102 4709 codice
3131 4637 3272 4686 desit
3303 4641 3564 4709 negativa
3593 4658 3712 4709 par-

2125 4707 2321 4770 ticula;
2359 4707 2460 4758 nisi
2484 4707 2607 4772 quis
2641 4704 2818 4771 potius
2867 4703 3146 4770 legendum
3181 4715 3352 4770 putet,
3384 4703 3414 4756 ίι
3471 4707 3570 4762 [rei
3595 4703 3710 4764 ger-

2125 4791 2272 4836 vare,
2303 4776 2383 4827 Vri
2411 4791 2518 4826 non
2551 4791 2766 4828 servare
2794 4777 3046 4826 mandata
3069 4813 3083 4836 ,
3123 4791 3142 4822 ι
3177 4789 3274 4842 pro
3307 4777 3530 4832 arbitrii
3561 4785 3708 4836 scili-

2123 4855 2208 4900 Cet
2243 4847 2507 4898 libertate.

2195 4919 2307 4986 (eo)
2337 4915 2392 4986 lu
2429 4913 2736 4976 Casiuensi,
2764 4913 3086 4986 ryprtecedit.
3121 4933 3139 4964 1

2197 4981 2306 5056 (67)
2359 4984 2416 5038 lu
2465 4985 2872 5056 eodetneodiee
2915 4983 3153 5056 legitur:
3213 5002 3231 5034 ι
3269 4981 3396 5048 Quo
3451 4989 3710 5043 videntur

2121 5067 2343 5111 ostenso
2373 5055 2504 5108 nulli
2541 5055 2760 5106 dubium
2791 5061 2874 5106 est
2905 5055 3274 5122 unusquisque
3309 5074 3362 5108 111
3393 5075 3708 5126 quamcun-

2124 5143 2228 5194 que
2251 5127 2472 5195 elegerit
2501 5135 2706 5193 partetn
2733 5127 2948 5192 propria
2975 5139 3104 5176 usus
3129 5127 3338 5178 arbitrii
3367 5139 3700 5194 potestate.

2121 5195 2230 5251 Nos
2259 5213 2326 5250 an
2353 5207 2496 5250 recte
2529 5197 2706 5250 locum
2743 5200 2890 5248 hunc
2933 5197 3408 5251 eluendaverimus
3431 5239 3448 5262 ,
3485 5203 3708 5254 videant

2121 5269 2342 5320 eruditi.

2193 5339 2301 5406 {68)
2327 5336 2507 5390 Codex
2548 5333 2861 5391 Casinensis
2895 5333 2981 5386 hic
3009 5333 3082 5388 ita
3117 5351 3175 5390 se
3213 5337 3374 5390 habet
3405 5357 3420 5390 :
3471 5358 3492 5390 ι
3531 5339 3628 5396 Sic
3673 5357 3700 5392 ει

2124 5406 2232 5460 Deo
2277 5417 2452 5460 bonus
2501 5415 2558 5460 ut
2600 5423 2660 5459 as
2707 5407 3019 5458 mendacem
3051 5421 3174 5462 esse
3219 5409 3404 5462 dixisti
3451 5409 3638 5464 J.sus.
3677 5429 3698 5462 D

2119 5479 2458 5532 Abutebatur
2491 5485 2674 5530 autem
2717 5475 2900 5529 Manes
2925 5517 2939 5540 ,
2999 5487 3056 5528 ut
3103 5493 3262 5530 suum
3294 5479 3366 5531 de
3409 5485 3562 5534 malo
3593 5481 3702 5536 Deo

2119 5551 2315 5620 dogma
2339 5545 2866 5620 statueret,i.lo_anuis
2891 5545 3168 5616 Evangelii
3195 5551 3315 5600 loco
3337 5549 3394 5620 in
3421 5565 3528 5620 cap
3585 5567 3698 5620 vin,

2120 5619 2153 5672 5
2183 5615 2236 5672 et
2255 5617 2344 5680 44,
2373 5619 2426 5670 111
2457 5631 2566 5686 quo
2595 5619 2672 5670 sic
2697 5615 3001 5670 Pharisaaos
3023 5615 3298 5687 t’edarguit
3325 5615 3528 5674 Jesus':
3559 5615 3698 5678 .vai

2119 5703 2188 5742 ex
2213 5703 2362 5758 patre
2385 5687 2602 5742 diabolo
2629 5689 3132 5752 estis,etdesideria
3151 5691 3322 5757 patris
3349 5691 3514 5744 vestri
3533 5691 3700 5744 vultis

2119 5759 2332 5825 facere;
2367 5759 2456 5814 ille
2501 5759 2772 5812 homicida
2813 5767 2928 5812 erat
2977 5759 3046 5812 ab
3083 5759 3262 5827 initio,
3299 5769 3356 5814 et
3385 5761 3440 5814 iu
3477 5763 3642 5816 verita
