3922 6512
228 402 357 456 H81

1310 402 1452 458 CUM
1492 401 1771 458 MANETE
1812 401 2349 457 HERESIARCHA.

3329 408 3465 462 ΗΜ

220 518 492 574 Conﬁtere
541 520 718 590 primo
744 562 757 585 ,
797 519 923 590 quia
953 535 1077 575 vera
1130 520 1200 573 sit
1251 520 1389 575 ratio
1423 537 1610 575 eorum
1668 535 1789 590 quae
1819 529 1861 582 .-‘l
1892 522 1985 589 (lui
2022 537 2144 575 eum
2180 522 2233 573 in
2266 530 2418 573 utero
2445 520 2694 588 concepit
2720 528 2771 572 et
2796 521 2980 590 genuit
3009 531 3172 589 atque
3203 520 3257 574 in
3284 521 3463 575 lucem

222 627 369 665 nunc
394 612 741 676 adduximus,
770 621 822 666 et
853 622 980 667 tunc
996 612 1272 667 ostendam
1298 613 1391 665 tibi
1422 622 1628 681 patrem
1650 613 1789 681 ejus.

223 702 408 757 Manes
436 703 612 757 dixit:
655 704 711 757 Si
745 704 876 757 mihi
912 704 1215 758 ostenderis
1246 712 1454 773 patrem
1486 705 1602 772 ejus
1638 720 1793 759 men-

220 795 431 859 dacem,
465 803 519 848 et
552 794 660 849 Deo
688 795 881 849 horum
917 796 1051 848 nihil
1075 796 1415 865 ascripseris,
1450 806 1577 851 tunc
1607 796 1698 848 tibi
1729 797 1795 849 de

220 885 477 939 omnibus
528 888 1029 941 accommodabitur
1075 888 1224 941 fides.
1280 889 1566 942 Archelaus
1609 888 1793 941 dixit:

219 976 381 1030 Omni
404 978 614 1033 ratione
642 979 707 1032 de
745 978 960 1032 diabolo
978 979 1263 1048 diligenter
1294 981 1563 1049 exposita,
1596 990 1649 1034 et
1682 980 1796 1033 dis-

220 1069 539 1137 pensatione
571 1070 776 1139 prolata
806 1109 821 1135 ,
859 1070 1002 1124 sicut
1044 1072 1325 1126 hominum
1370 1073 1511 1141 viget
1566 1088 1791 1137 sensus,

218 1158 381 1212 etiam
428 1162 568 1227 apud
596 1162 835 1229 seipsum
860 1170 1035 1231 potest
1057 1162 1337 1232 diligenter
1361 1163 1794 1233 advertere,quis

220 1248 325 1303 iste
350 1251 443 1315 sit,
479 1252 570 1321 qui
594 1253 794 1306 diaboli
817 1254 1115 1322 appellatus
1141 1264 1223 1309 est
1246 1263 1416 1324 pater.
1446 1252 1549 1308 Sed
1584 1270 1706 1308 cum
1743 1262 1793 1307 te

218 1346 277 1394 tu
304 1339 639 1397 Paracletum
664 1358 783 1398 esse
808 1344 957 1397 dicas
977 1385 991 1409 ,
1018 1345 1311 1413 plurimum
1366 1344 1460 1398 tibi
1509 1345 1669 1399 etiam
1724 1343 1793 1396 ab

217 1431 458 1488 humana
479 1434 628 1489 deest
650 1436 955 1505 prudentia.
1010 1434 1278 1501 Quoniam
1332 1453 1459 1507 ergo
1507 1437 1792 1507 prodidisti

218 1524 579 1594 ignorantiam
616 1535 789 1591 tuam,
822 1528 999 1581 dicam
1042 1541 1140 1599 ego
1174 1528 1303 1598 quid
1334 1529 1422 1583 ille
1448 1530 1519 1585 sit
1549 1530 1658 1601 (69)
1695 1548 1789 1601 pa—

217 1623 300 1667 ter
318 1616 538 1669 diaboli.
565 1616 746 1671 Manes
769 1619 904 1672 dixit
929 1635 946 1673 :
971 1661 982 1673 .
1012 1659 1025 1671 .
1047 1659 1061 1673 .
1089 1616 1112 1674 .’
1135 1620 1288 1684 dico;
1314 1628 1366 1675 et
1396 1622 1629 1691 adjecit:
1656 1624 1787 1677 Om-

217 1704 303 1759 nis
337 1706 430 1774 qui
465 1708 710 1762 conditor
741 1718 844 1771 est,
874 1710 957 1763 vel
998 1719 1215 1765 creator
1240 1711 1543 1780 aliquorum
1571 1752 1585 1775 ,
1640 1723 1792 1782 pater

214 1809 403 1848 eorum
437 1834 451 1847 .
479 1836 491 1848 .
516 1836 530 1850 .
556 1836 568 1849 .
592 1836 606 1849 .
641 1799 941 1853 condiderit
974 1801 1274 1870 appellatur
1318 1801 1450 1872 (70).
1500 1803 1787 1859 Archelaus

1900 613 2067 666 edidit
2096 629 2349 681 serpens;
2387 612 2655 667 secundus
2686 626 2811 667 vero
2837 612 2993 673 Cain,
3019 612 3112 681 qui
3141 628 3236 680 per
3263 612 3467 681 iniqui-

1896 715 2033 759 tates
2072 714 2399 773 conceptas,
2448 705 2665 757 dolores
2697 714 2750 756 et
2814 705 3164 773 parricidium
3224 706 3461 773 peperit;

1898 797 2199 852 interfectio
2230 799 2429 851 etenim
2484 798 2871 867 iniquitatem,
2927 797 3246 865 injustitiam
3302 807 3464 865 atque

1897 891 2227 959 impietatem
2280 890 2482 959 pariter
2537 889 2882 958 perpetravit.
2919 888 3023 942 Sed
3071 898 3124 942 et
3155 890 3466 957 quicunque

1895 998 2019 1036 eum
2052 982 2397 1050 suscipiunt,
2444 991 2497 1035 et
2531 980 2738 1033 faciunt
2775 983 2894 1048 ejus
2931 980 3219 1045 desideria,
3269 979 3465 1035 fratres

1895 1073 2014 1142 ejus
2048 1073 2371 1127 efﬁciuntur.
2409 1071 2569 1125 Pater
2612 1071 2732 1140 ejus
2762 1070 3033 1140 perfectus
3084 1082 3167 1125 est
3211 1071 3463 1136 Pharao;

1895 1172 2048 1233 pater
2077 1164 2196 1233 ejus
2222 1163 2527 1218 efficiuntur
2559 1163 2931 1232 unusquisque
2957 1164 3278 1231 impiorum;
3316 1174 3465 1233 pater

1894 1255 2012 1324 ejus
2041 1255 2264 1309 effectus
2287 1266 2369 1309 est
2402 1254 2590 1320 Judas,
2627 1256 2756 1322 quia
2792 1256 3037 1324 concepit
3068 1256 3285 1324 quidem
3314 1271 3461 1320 CIIII],

1894 1345 1987 1400 sed
2020 1346 2242 1399 abortus
2265 1356 2342 1400 est
2366 1363 2379 1409 ;
2407 1363 2509 1399 non
2537 1347 2678 1400 enim
2713 1347 3008 1415 perfeclmn
3037 1348 3204 1401 edidit
3227 1356 3463 1415 partum,

1893 1438 2020 1507 quia
2049 1439 2307 1507 majorem
2337 1454 2622 1507 personam
2663 1456 2951 1510 aggressus
2984 1450 3067 1494 est
3094 1456 3186 1509 per
3233 1440 3423 1493 Judam
3444 1480 3461 1503 ,

1890 1537 1943 1583 et
1978 1528 2097 1583 ideo
2129 1530 2381 1583 abortum
2418 1530 2616 1584 factum
2648 1548 2769 1587 esse
2796 1532 2949 1595 dico;
2979 1532 3103 1600 quia
3128 1540 3385 1601 tanquam
3415 1534 3461 1585 si

1892 1626 2090 1681 mulier
2134 1642 2317 1682 semen
2355 1628 2455 1680 viri
2490 1628 2779 1695 concipiat,
2816 1636 2980 1695 atque
3024 1628 3076 1680 in
3127 1642 3245 1681 sese
3274 1628 3458 1696 quoti-

1892 1716 2084 1769 dianos
2112 1715 2343 1784 accipiat
2374 1716 2668 1785 profectus,
2699 1718 2770 1769 ita
2795 1724 2847 1768 et
2875 1714 3042 1770 Judas
3070 1717 3310 1785 quotidie
3339 1732 3465 1785 pru-

1894 1808 2107 1861 ficiebat
2138 1808 2191 1861 in
2226 1809 2380 1877 pejus
2415 1808 2552 1878 (75),
2587 1809 2969 1863 occasionibus
3003 1809 3105 1863 sibi
3133 1824 3163 1861 a
3199 1810 3460 1878 maligno,

215 1887 391 1940 dixit:
422 1886 586 1941 Miror
616 1892 887 1959 quomodo
918 1893 1108 1947 saltem
1145 1894 1247 1948 hoc
1280 1904 1422 1949 recta
1451 1897 1666 1951 ratione
1702 1913 1786 1951 re—
1819 1898 1858 1952 Β
1887 1899 2044 1968 quasi
2078 1899 2397 1962 seminibus,
2432 1900 2592 1953 datis.
2622 1898 2689 1952 Et
2718 1899 2953 1968 primum
2988 1899 3208 1968 quidem
3262 1899 3362 1953 fuit
3410 1902 3462 1954 ei

215 1980 525 2048 sponderis,
555 1996 653 2035 nec
685 1983 947 2038 celaveris
981 1988 1249 2041 sermonis
1277 1988 1439 2056 hujus
1480 1988 1785 2061 intelligen-

215 2069 344 2122 tiam
376 2072 459 2124 vel
492 2080 760 2127 naturam.
794 2075 930 2127 Audi
969 2076 1079 2143 jam
1111 2091 1176 2129 ex
1224 2077 1327 2132 hoc
1380 2080 1503 2147 quis
1539 2081 1608 2134 sit
1637 2094 1788 2150 pater

213 2162 352 2229 ejus.
386 2161 521 2215 Cum
551 2178 616 2216 ex
645 2164 903 2218 cmlorum
938 2182 1101 2236 regno
1128 2168 1433 2233 cecidisset,
1485 2181 1599 2224 erat
1626 2188 1787 2241 super

215 2259 409 2316 terras,
440 2252 723 2307 intendens
745 2262 798 2308 et
826 2256 1105 2325 inquirens
1135 2259 1220 2311 cui
1273 2274 1332 2313 se
1380 2271 1560 2329 posset
1591 2263 1785 2332 adjun-

213 2360 359 2415 gere,
398 2360 558 2414 quem
590 2361 656 2399 ex
683 2349 958 2402 consortio
983 2349 1065 2402 sui
1100 2350 1414 2420 participem
1443 2368 1658 2422 quoque
1694 2371 1787 2409 ne-

212 2435 398 2507 quitiae
425 2452 536 2491 suae
562 2438 763 2492 valeret
790 2439 1019 2494 efficere.
1056 2440 1119 2493 Et
1168 2442 1383 2510 quidem
1420 2444 1592 2499 donec
1624 2444 1786 2499 homo

213 2544 322 2584 non
358 2538 497 2596 erat,
529 2544 704 2599 neque
733 2530 819 2583 ille
868 2531 1239 2600 appellabatur
1266 2534 1534 2588 homicida
1564 2575 1577 2598 ,
1612 2552 1785 2605 neque

210 2638 335 2677 cum
362 2630 509 2692 patre
533 2622 793 2688 mendax;
822 2632 943 2692 post
973 2624 1087 2677 haec
1109 2640 1258 2689 vero,
1288 2640 1410 2679 cum
1444 2626 1617 2681 factus
1642 2638 1783 2683 esset

212 2716 397 2782 homo,
429 2730 493 2770 ac
521 2716 805 2770 mendacio
835 2715 954 2785 ejus
986 2715 1179 2771 fuisset
1232 2726 1285 2771 et
1324 2719 1786 2777 circumventione

210 2808 489 2876 deceptus,
522 2822 645 2862 cum
678 2823 797 2861 sese
820 2807 1136 2861 inseruisset
1159 2809 1371 2878 corpori
1404 2810 1669 2879 serpentis
1699 2829 1787 2867 sa-

209 2900 492 2968 pientioris
529 2899 775 2954 omnium
816 2900 1112 2954 bestiarum
1135 2940 1148 2963 ,
1184 2908 1312 2955 tunc
1366 2902 1665 2971 appellatus
1704 2915 1787 2959 est

210 2993 463 3053 mendax,
503 3007 609 3045 una
654 3007 777 3045 cum
816 3000 967 3060 patre
1021 3007 1141 3057 suo,
1172 3002 1225 3047 et
1272 2992 1384 3063 (7|)
1425 2994 1673 3049 effectum
1703 3007 1787 3053 est

208 3097 317 3137 non
346 3082 523 3136 solum
556 3096 721 3149 super
752 3080 929 3149 ipsum
980 3081 1249 3135 mendacii
1290 3083 1657 3148 maledictum,
1690 3087 1783 3140 sed

207 3183 264 3227 et
315 3189 478 3243 super
506 3183 711 3241 patrem
745 3173 880 3242 ejus.
914 3173 1049 3227 Cum
1078 3189 1207 3244 ergo
1238 3189 1461 3244 serpens
1491 3178 1784 3246 recepisset

1891 2007 2073 2047 semen
2100 1991 2341 2059 pecunia:
2361 1990 2648 2059 cupiditas,
2674 1992 3065 2045 incrementum
3087 2007 3214 2045 vero
3235 1990 3464 2057 furtum,

1892 2080 2177 2134 furabatur
2204 2080 2348 2133 enim
2377 2094 2439 2133 ca
2464 2095 2583 2148 qua:
2611 2079 2963 2133 mittebantur
2985 2079 3037 2131 in
3066 2079 3340 2142 loculum;
3365 2079 3465 2132 do-

1888 2174 2031 2227 lores
2064 2187 2191 2225 vero
2216 2181 2403 2241 partus
2434 2170 2672 2236 fuerunt,
2705 2180 2758 2225 et
2786 2172 3077 2226 collocutio
3105 2187 3231 2225 cum
3268 2170 3462 2225 Phari-

1887 2264 2029 2326 saeis,
2054 2271 2107 2317 et
2133 2263 2290 2333 pretii
2317 2263 2574 2317 scelerata
2595 2263 2913 2327 conventio;
2954 2263 3175 2316 abortus
3203 2272 3286 2316 est
3310 2279 3461 2327 vero,

1890 2372 1996 2410 non
2029 2366 2238 2426 partus,
2289 2356 2515 2425 laqueus
2555 2357 2746 2409 mortis
2776 2354 3044 2408 informis.
3084 2353 3188 2408 Sed
3222 2364 3274 2408 et
3303 2362 3379 2417 tu,
3414 2356 3460 2407 si

1891 2450 2188 2518 malignum
2218 2465 2283 2503 ex
2312 2457 2363 2502 te
2410 2448 2719 2517 protuleris,
2750 2456 2803 2501 et
2832 2446 3001 2501 facias
3032 2447 3151 2516 ejus
3196 2448 3457 2515 concupi-

1885 2542 2123 2593 scentias
2144 2580 2158 2603 ,
2188 2540 2422 2608 genuisti
2450 2554 2572 2592 eum
2595 2578 2608 2601 ,
2636 2549 2689 2591 et
2727 2548 2877 2607 pater
2917 2538 3035 2607 ejus
3071 2552 3191 2591 esse
3224 2538 3456 2601 diceris;

1888 2631 1935 2686 si
1969 2646 2097 2685 vero
2128 2630 2496 2700 paenitentiam
2547 2629 2780 2697 gesseris
2828 2634 2881 2681 et
2916 2629 3177 2697 ahjeccris
3208 2627 3418 2697 pondus
3444 2670 3458 2692 ,

1888 2722 2033 2775 velut
2060 2720 2348 2790 parturies.
2388 2717 2454 2771 Ut
2502 2718 2649 2771 enim
2699 2718 2752 2770 in
2786 2717 2928 2773 ludis
2979 2719 3320 2773 scbolaribus
3347 2759 3362 2783 ,
3413 2719 3457 2771 si

1886 2812 2153 2880 acceperit
2202 2811 2325 2880 quis
2387 2824 2417 2863 a
2496 2809 2754 2878 magistro
2812 2810 3090 2863 materiam
3133 2850 3147 2875 ,
3192 2811 3458 2879 reliquum

1888 2918 2085 2972 corpus
2118 2903 2378 2957 orationis
2409 2918 2473 2954 ex
2523 2901 2814 2970 semetipso
2854 2911 3071 2971 generet
3095 2918 3157 2957 ac
3191 2913 3457 2971 procreet,

1887 3011 2075 3052 eorum
2109 3012 2230 3065 quae.
2263 2995 2507 3066 genuerit
2558 2996 2806 3048 conditor
2858 2995 2971 3064 ipse
2994 2996 3220 3061 dicitur;
3247 2998 3317 3049 ita
3366 2998 3458 3065 qui

1886 3104 1954 3143 ex
2003 3104 2218 3143 summa
2296 3086 2499 3141 malitia
2554 3101 2743 3155 parum
2801 3087 2929 3154 quid
2992 3086 3242 3141 fermenti
3299 3104 3456 3141 acce-

1890 3178 2063 3246 perit,
2120 3186 2269 3246 pater
2300 3187 2351 3231 et
2412 3175 2624 3243 genitor
2675 3173 2887 3227 dicatur
2919 3188 3139 3228 necesse
3173 3185 3253 3229 est
3290 3177 3457 3240 illius,

206 3280 332 3319 eum
367 3267 419 3317 in
449 3280 589 3330 sese,
611 3274 664 3319 et
686 3265 975 3333 recepisset
1002 3264 1338 3327 universum,
1366 3274 1618 3335 tanquam
1646 3283 1777 3336 prte-
1809 3260 1849 3315 C
1884 3267 1976 3335 qui
2005 3268 2073 3320 ab
2106 3267 2261 3319 initio
2286 3266 2486 3319 restitit
2509 3264 2743 3318 veritati.
2778 3262 2931 3328 Quod
2964 3264 3125 3318 simili
3153 3267 3313 3319 modo
3338 3282 3459 3334 pro-

206 3374 382 3427 gnans
407 3358 632 3413 enectus
663 3366 763 3424 est,
788 3358 1020 3428 ingentis
1046 3357 1263 3411 malitiae
1292 3356 1493 3412 fascem
1523 3368 1775 3428 portans;

205 3460 261 3505 et
294 3460 412 3506 erat
443 3452 585 3505 sicut
621 3466 881 3520 puerpera
911 3467 1031 3520 qua:
1080 3460 1237 3520 partu
1280 3459 1499 3519 urgetur
1522 3491 1537 3514 ,
1590 3452 1777 3508 volens

204 3558 461 3597 evomere
518 3544 768 3612 maligna:
828 3543 1195 3613 suggestionis
1229 3543 1347 3611 ejus
1386 3545 1585 3615 agitata
1638 3546 1770 3617 (7‘2).

204 3632 373 3687 Primi
421 3634 563 3688 enim
618 3634 853 3687 hominis
901 3634 1126 3703 gloriam
1177 3635 1409 3704 graviter
1442 3635 1620 3691 ferens
1662 3652 1777 3690 ser-

205 3742 375 3793 pens,
417 3727 694 3797 ingressus
741 3729 1079 3795 paradisum,
1113 3737 1165 3781 et
1199 3730 1472 3796 conceptis
1504 3729 1555 3781 in
1589 3744 1647 3783 se
1675 3730 1776 3783 do-

204 3816 437 3878 luribus,
466 3816 752 3870 mendaces
774 3817 937 3885 coepit
959 3832 1215 3886 generare
1241 3832 1539 3883 sermones,
1564 3828 1617 3872 et
1638 3836 1777 3871 mor-

206 3917 315 3961 tem
349 3922 539 3975 parere
572 3907 887 3960 hominibus
911 3946 925 3970 ,
958 3906 1047 3975 qui
1074 3922 1103 3959 a
1140 3907 1245 3959 Deo
1276 3904 1476 3959 fuerint
1525 3907 1736 3975 figurati
1758 3950 1773 3974 ,

202 4010 259 4055 et
283 4008 602 4068 acceperant
655 4000 841 4053 vitam.
890 3998 1090 4053 Verum
1148 4014 1254 4053 non
1290 4000 1463 4068 potuit
1518 4008 1685 4053 totum
1719 4015 1777 4054 se

206 4092 558 4147 manifestum
590 4092 767 4147 facere
814 4107 908 4161 per
956 4100 1292 4160 serpentem;
1343 4092 1435 4145 sed
1483 4096 1775 4147 reservavit

203 4184 591 4254 perfectionem
623 4199 799 4249 suam,
847 4198 1009 4252 quam
1043 4182 1437 4237 demonstraret
1462 4182 1513 4235 in
1537 4182 1691 4246 Cain,
1744 4198 1773 4236 a

203 4294 316 4345 quo
350 4288 633 4347 generatus
660 4288 742 4331 est
778 4286 941 4330 totus.
976 4276 1039 4329 Et
1082 4293 1177 4345 per
1205 4286 1507 4345 serpentem
1557 4278 1773 4346 quidem

205 4371 523 4442 bypocrises
550 4381 602 4425 et
634 4370 877 4425 fallacias
928 4369 993 4423 ad
1030 4368 1194 4422 Evam
1225 4369 1645 4433 demonstravit;
1680 4385 1775 4437 per

202 4462 338 4515 Cain
378 4477 506 4515 vero
542 4461 815 4515 homicidii
870 4460 1152 4514 exordium
1188 4460 1375 4523 dedit,
1427 4460 1671 4514 inserens
1719 4477 1776 4514 se

204 4553 261 4607 in
289 4552 555 4623 primitias
592 4552 807 4620 frugum
835 4593 849 4617 ,
901 4566 1039 4619 quas
1070 4550 1157 4602 ille
1185 4551 1324 4603 male
1357 4550 1648 4603 distribuit.
1698 4549 1773 4602 Ex

1884 3358 2070 3413 venire
2100 3364 2278 3425 potest
2325 3356 2487 3409 etiam
2532 3354 2617 3408 his
2676 3354 2765 3423 qui
2812 3354 2993 3407 virtuti
3031 3355 3280 3419 Student;
3330 3372 3455 3409 nam

1884 3451 2065 3505 audivi
2104 3448 2432 3503 fortissimos
2466 3447 2613 3500 viros
2658 3446 2835 3500 dicere
2866 3446 2929 3500 ad
2966 3446 3133 3499 Deum
3175 3468 3184 3501 :
3230 3447 3457 3517 Pr0pter

1884 3546 2133 3599 timorem
2164 3552 2313 3596 tuum
2344 3541 2629 3594 Dominum
2658 3538 2767 3607 (74)
2799 3538 2850 3590 in
2884 3548 3037 3592 utero
3069 3540 3449 3607 concepimus:

1882 3645 1937 3689 et
1966 3635 2273 3696 doluimus,
2304 3643 2357 3686 et
2387 3630 2692 3701 peperimus
2726 3629 2973 3699 Spiritum
3005 3629 3229 3695 salutis;
3290 3632 3362 3684 ita
3403 3643 3456 3685 et

1882 3727 2194 3795 quicunque
2226 3724 2291 3777 de
2318 3724 2509 3776 timore
2537 3720 2756 3789 maligni
2788 3720 3120 3787 concipiunt.
3152 3730 3204 3773 et
3236 3722 3453 3788 pariunt

1883 3816 2135 3886 spiritum
2167 3812 2504 3881 iniquitatis,
2555 3812 2655 3879 ipsi
2692 3819 2872 3879 patres
2920 3812 3038 3879 ejus
3077 3812 3323 3865 dicantur
3357 3828 3453 3865 ne—

1883 3922 2036 3961 cesse
2062 3914 2173 3971 est;
2202 3904 2295 3957 lilii
2324 3904 2465 3957 enim
2492 3902 2766 3964 dicuntur,
2793 3901 2921 3954 dum
2949 3902 3125 3954 adhuc
3151 3902 3452 3955 ministerio

1882 4000 2003 4068 ejus
2028 4006 2251 4067 parent;
2282 4004 2463 4064 patres
2491 4008 2639 4059 vero,
2665 3996 2756 4063 qui
2786 3993 2852 4047 ad
2880 3992 3259 4061 perfectionem
3295 3995 3452 4046 mali-

1882 4091 1971 4142 tite
2000 4095 2379 4157 pervenerunt.
2419 4084 2494 4138 Ita
2526 4099 2758 4153 namque
2785 4094 2838 4137 et
2867 4083 3130 4137 Dominus
3163 4092 3348 4138 noster
3376 4086 3452 4137 ait

1882 4181 1949 4235 ad
1976 4181 2275 4235 Pharisaeos
2302 4198 2315 4233 :
2350 4197 2367 4230 ι
2398 4176 2507 4231 Vos
2532 4177 2598 4231 de
2625 4185 2774 4244 patre
2795 4174 3007 4228 diabolo
3028 4177 3157 4229 estis
3178 4176 3245 4239 3',
3268 4195 3286 4226 ι
3311 4176 3449 4229 lilios

1880 4291 1974 4330 eos
2005 4275 2210 4330 faciens
2242 4274 2407 4339 illius,
2443 4272 2613 4326 donec
2655 4270 2830 4323 adhuc
2855 4268 3165 4323 conturbari
3194 4268 3451 4322 videban-

1882 4378 1991 4432 tur,
2035 4378 2087 4422 et
2125 4367 2432 4437 cogitabant
2460 4367 2514 4419 in
2552 4364 2807 4421 cordibus
2836 4362 2950 4417 suis
2986 4362 3124 4415 mala
3156 4376 3252 4430 pro
3291 4361 3447 4417 bonis

1882 4461 2169 4513 adversum
2213 4458 2409 4527 justus.
2458 4457 2599 4528 Ergo
2625 4456 2765 4526 apud
2813 4470 2871 4509 se
2907 4453 3034 4508 talia
3064 4455 3444 4523 cogitantibus,

1880 4547 2158 4602 translatis
2193 4548 2247 4600 in
2284 4563 2341 4601 se
2367 4547 2617 4615 malignis
2644 4561 2831 4601 eorum
2863 4543 3309 4615 cogitationibus,
3347 4540 3445 4595 Ju-

203 4645 311 4699 hoc
343 4644 614 4698 homicida
641 4644 938 4713 appellatus
966 4651 1048 4696 est
1075 4642 1142 4694 ah
1175 4642 1361 4705 initio;
1394 4641 1623 4694 mendax
1650 4654 1777 4693 vero
1808 4617 1853 4671 Ῑ)
1880 4640 1977 4694 das
2001 4640 2269 4693 malorum
2300 4647 2479 4707 caput,
2509 4647 2563 4693 et
2591 4638 2658 4692 ad
2689 4634 2985 4706 perfectum
3014 4634 3313 4703 perducens
3345 4632 3446 4684 ini—

202 4736 465 4805 quoniam
498 4734 703 4799 fefellit,
735 4736 958 4789 dicens:
993 4752 1010 4784 ι
1046 4732 1207 4786 Erilis
1244 4742 1498 4799 tanquam
1534 4732 1607 4784 dii
1631 4730 1708 4796 8°;
1753 4748 1772 4781 ι

201 4828 363 4896 ejecti
392 4837 519 4881 sunt
551 4828 696 4881 enim
733 4838 917 4896 postea
949 4828 1012 4880 de
1049 4825 1300 4895 paradiso
1352 4824 1427 4876 illi
1472 4838 1609 4891 quos
1650 4822 1779 4876 deos

203 4921 423 4975 futuros
458 4936 578 4974 esse
600 4919 837 4974 fallebat.
874 4917 1115 4972 Ellicitur
1138 4931 1268 4986 ergo
1298 4915 1447 4984 prior
1465 4923 1616 4983 pater
1640 4916 1779 4983 ejus,

309 5017 355 5048 ⁸⁸
385 5015 523 5071 Gen.
559 5032 637 5079 ιιι,
664 5014 717 5068 5.
827 5014 869 5044 ⁸⁸
903 5011 1056 5066 Joan.
1086 5026 1198 5075 Vill,
1232 5009 1319 5063 44.

204 5126 315 5165 non
333 5110 511 5172 stetit,
544 5108 671 5177 quia
702 5122 808 5159 non
834 5115 917 5159 est
945 5106 1144 5177 veritas
1176 5104 1229 5157 in
1254 5118 1353 5177 eo;
1386 5117 1507 5155 eum
1534 5100 1774 5177 loquitur

206 5171 589 5243 mendacium,
609 5192 671 5231 ex
706 5177 939 5245 propriis
962 5176 1221 5243 loquitur,
1250 5174 1377 5241 quia
1409 5171 1640 5245 mendas
1672 5180 1773 5234 est,

204 5261 259 5304 et
288 5259 438 5319 pater
464 5242 600 5319 ejus.
650 5265 668 5297 ι
707 5242 889 5319 Quare
934 5242 1045 5319 hoc
1082 5252 1398 5319 argmnento
1449 5242 1772 5319 Archelaum

206 5309 303 5374 hic
323 5328 475 5385 urget
493 5309 696 5370 'Manes
722 5309 819 5369 :v—
837 5315 892 5368 Si
918 5331 947 5368 a
978 5315 1085 5369 Deo
1107 5309 1220 5385 sola
1253 5319 1577 5381 promanant
1612 5309 1771 5385 bona,

205 5379 431 5458 ipseque
461 5403 673 5458 summe
698 5387 995 5458 bonusest,
1022 5379 1333 5458 mendaeem
1369 5390 1581 5458 oportet
1608 5379 1776 5432 fuisse

203 5452 413 5522 Iesum,
434 5460 526 5527 qui
554 5458 605 5509 in
628 5456 852 5509 Joannis
880 5456 1187 5528 Evangelii),
1212 5452 1639 5528 diabolipatretn
1664 5464 1773 5502 non

206 5528 371 5582 modo
394 5521 717 5598 mendacem
732 5540 878 5598 esse,
897 5526 989 5598 s_e_d
1021 5521 1074 5579 et
1099 5523 1371 5576 mendacis
1394 5521 1593 5598 diaboli
1614 5534 1769 5571 creac

205 5608 379 5668 torem
397 5598 671 5653 exstitisse
691 5594 1053 5668 dici_t.—_—Hinc
1068 5603 1245 5647 autem
1273 5600 1418 5660 patet
1435 5606 1539 5668 no_n
1570 5594 1772 5668 impro-

204 5667 439 5738 bandam
466 5683 587 5722 esse
611 5664 1041 5738 emendationem
1077 5670 1316 5738 nostram
1360 5676 1465 5730 qua
1498 5661 1769 5738 legimus;

212 5756 230 5788 ι
262 5737 319 5791 Si
355 5753 385 5791 a
414 5737 521 5791 Deo
550 5739 747 5798 bonus,
766 5744 824 5787 ut
850 5736 1070 5798 asseris,
1103 5727 1415 5788 mendacem
1445 5745 1565 5785 esse
1587 5727 1772 5781 dixisti

201 5806 409 5863 Iesum.
458 5828 475 5859 ι

482 5900 756 5962 ΡΑτιιοι..
802 5898 918 5957 Gn.
960 5897 1040 5957 X.

1877 4744 1984 4799 qua
2012 4730 2261 4789 consilia,
2288 4729 2511 4783 effectus
2541 4738 2623 4781 est
2649 4728 2865 4781 sceleris
2890 4735 3060 4793 pater,
3092 4723 3445 4777 immanitatis

1879 4836 1992 4875 suze
2028 4821 2251 4889 praemio
2298 4820 2366 4872 ab
2417 4820 2496 4873 eis
2542 4819 2761 4887 triginta
2808 4816 3074 4881 argenteis
3108 4815 3441 4877 honoratus;

1879 4923 2026 4969 totus
2044 4914 2186 4971 enim
2224 4932 2241 4963 ‹
2270 4913 2324 4965 in
2353 4927 2477 4966 eum
2509 4919 2628 4980 post
2650 4909 2945 4964 buccellam
2976 4908 3131 4976 panis
3170 4908 3445 4977 ingressus

1950 5100 2059 5170 (69)
2095 5099 2277 5170 forte,
2316 5116 2334 5148 ι
2362 5097 2495 5170 Aquis
2524 5095 2735 5170 ille__sit.
2778 5113 2796 5145 ι

1950 5162 2063 5292 (703
2098 5168 2331 5222 Lacuna:
2360 5162 2474 5220 ista:
2519 5165 2673 5218 facile
2705 5163 2915 5231 impleri
2965 5178 3123 5231 posse
3156 5162 3443 5230 videntur,

1950 5242 2019 5292 ita
2056 5255 2281 5292 eaamus
2307 5256 2320 5290 :
2353 5256 2369 5286 ‹
2400 5236 2579 5288 Manes
2606 5237 2739 5289 dixit
2765 5232 2919 5287 :Jam
2948 5234 3103 5292 dico;
3132 5241 3184 5285 et
3210 5234 3437 5292 adjecit:

1877 5240 1923 5293 si
1946 5232 2019 5293 ita
2038 5232 2281 5309 legamus
2307 5256 2320 5290 :
2353 5256 2369 5286 ‹
2400 5236 2579 5288 Manes
2606 5237 2739 5289 dixit
2765 5232 2919 5287 :Jam
2948 5234 3069 5309 d_i_c_o
3089 5241 3184 5309 ;_et
3210 5234 3437 5309 adjecit:

1878 5301 2251 5374 Omnis,vetc.,
2291 5318 2441 5376 pater
2473 5321 2660 5360 eorum
2694 5320 2815 5373 qua:
2852 5301 3173 5367 condiderit,
3207 5306 3433 5371 appella-

1879 5389 1989 5434 tur.
2026 5400 2045 5431 ι

1946 5451 2056 5520 (7i)
2089 5449 2144 5520 l_n
2176 5446 2361 5500 codice
2386 5442 2689 5520 Ca_sinensi,
2730 5462 2749 5495 ‹
2783 5452 2861 5497 ut.
2900 5461 2921 5496 ι

2097 5517 2328 5599 Eorte,_t
2355 5516 2605 5599 cogitata.
2644 5533 2661 5565 ι

1955 5581 2068 5657 (75)
2111 5588 2165 5640 In
2202 5586 2385 5640 codice
2411 5581 2693 5639 Casinensi
2724 5593 2839 5649 est,
2872 5602 2890 5637 ι
2924 5581 3240 5655 proficiebat
3271 5581 3445 5654 impe-

1884 5671 2065 5801 ωἷίῖί)
2105 5727 2284 5792 Forte,
2322 5746 2339 5777 ι
2373 5725 2614 5798 Domine.
2658 5744 2676 5777 ι

3002 5878 3077 5939 1ιῖ
