3922 6508
473 365 609 419 “85

1466 365 1650 420 ACTA
1690 365 2217 423 DlSPUTATlONIS
2255 367 2313 419 S.
2350 365 2695 428 ARCHELAI

3571 366 3719 424 ηει

466 494 553 541 est
578 484 826 540 diabolus
852 486 918 540 3'.
956 507 974 538 ι
1010 484 1137 552 Sed,
1162 496 1219 540 ut
1248 486 1506 552 diximus,
1534 499 1822 558 postquam
1856 498 2041 543 uterus
2070 494 2115 550 Α
2144 498 2319 558 portet
2369 504 2563 543 nomen
2615 503 2795 542 meum
2847 487 2902 541 in
2954 499 3247 557 conspectu
3281 504 3471 558 regum
3498 498 3554 543 et
3580 504 3717 559 gen-

471 578 748 642 intumuit,
780 587 833 631 et
865 578 1110 633 dolorum
1142 589 1355 647 tempus
1384 579 1637 645 advenit,
1685 581 1931 634 abortum
1962 579 2041 634 fa-

467 683 617 724 scem
648 670 847 738 iniquae
880 672 1255 740 conceptionis
1290 674 1499 739 etl‘udit,
1548 680 1601 748 et
1636 672 1757 726 ideo
1794 687 1894 726 nec
1927 687 2043 740 per—

466 759 606 817 fecte
644 771 793 830 pater
826 764 1230 831 appellabatur,
1280 766 1386 822 nisi
1428 781 1493 820 eo
1541 773 1749 819 tantum
1799 775 2040 832 tempore

465 868 578 921 quo
621 862 913 923 conceptus
954 855 1241 924 gerebatur
1296 857 1351 911 in
1418 865 1612 920 utero;
1670 864 1857 925 postea
1912 869 2041 909 vero

467 959 634 1012 quam
666 945 910 1014 confugit
933 945 1009 999 ad
1044 945 1333 1016 laqueum,
1383 964 1491 1003 non
1528 949 1796 1019 integrum
1828 947 2041 1003 videtur

466 1036 949 1106 edidissepartum
968 1077 981 1099 ,
1013 1038 1139 1107 quia
1169 1039 1485 1108 paenitentia
1515 1040 1803 1095 subsecuta
1828 1047 1932 1094 est.

537 1126 777 1180 XXXIV.
817 1126 1069 1198 lgnorare
1132 1146 1227 1186 vos
1282 1146 1389 1185 non
1448 1131 1718 1195 arbitror,
1784 1130 2039 1200 quoniam

468 1226 618 1284 pater
669 1232 834 1270 unum
889 1218 1103 1285 quidem
1153 1221 1223 1274 sit
1270 1237 1508 1289 nomen,
1568 1224 1811 1279 diversos
1859 1234 2038 1277 tamen

469 1306 631 1359 habet
665 1306 968 1360 intellectus
1004 1324 1015 1358 :
1059 1308 1198 1364 alius
1228 1311 1370 1363 enim
1408 1322 1558 1381 pater
1588 1314 1786 1367 dicitur
1829 1330 2037 1378 eorum,

465 1416 607 1469 quos
647 1402 963 1455 naturaliter
999 1403 1243 1473 genuerit
1283 1402 1551 1469 filiorum;
1596 1403 1734 1458 alius
1781 1419 1908 1458 vero
1949 1419 2041 1457 eo-

468 1506 615 1555 rum,
652 1507 791 1561 quos
833 1494 1209 1547 tantummodo
1260 1494 1576 1560 enutricrit;
1620 1496 1867 1549 nonnulli
1910 1512 2040 1552 vero

468 1582 727 1649 temporis
756 1591 919 1652 atque
956 1584 1129 1637 aetatis
1169 1583 1448 1653 privilegio
1483 1602 1497 1638 :
1530 1585 1673 1639 unde
1698 1598 1748 1640 et
1777 1586 2038 1643 Dominus

466 1682 655 1727 noster
683 1672 843 1729 Jesus
880 1675 1142 1744 plurimos
1176 1682 1357 1743 patres
1386 1676 1585 1731 habere
1629 1677 1862 1744 dicitur;
1910 1696 2036 1733 nam

467 1772 521 1817 et
554 1763 719 1818 David
750 1775 898 1834 pater
926 1767 1045 1835 ejus
1073 1767 1370 1835 appellatus
1403 1776 1516 1833 est,
1552 1777 1606 1823 et
1649 1768 1845 1839 .loseph
1886 1780 2038 1840 pater

2144 581 2276 635 tium
2303 581 2369 634 ⁸⁵.
2411 601 2428 631 ι
2467 579 2584 650 lpse
2615 593 2833 649 quoque
2884 578 2937 633 in
2992 578 3166 649 prima
3199 578 3439 648 Epistola
3484 594 3585 633 sua
3622 594 3724 648 po-

2142 668 2291 730 suit,
2345 668 2574 722 dicens:
2614 685 2632 717 (
2670 666 2977 721 Secundum
3027 668 3256 737 gratiam
3310 685 3432 737 qua:
3474 669 3601 723 data
3636 678 3722 723 est

2141 759 2272 814 mihi
2301 774 2329 812 a
2367 761 2472 813 Deo
2496 798 2511 823 ,
2561 768 2618 811 ut
2656 758 2758 812 sim
2809 758 3059 813 minister
3083 759 3281 813 Christi
3323 760 3377 814 in
3413 762 3674 831 gentibus
3703 800 3718 824 τ

2141 865 2465 905 consecratis
2498 848 2846 919 Evangelium
2881 848 2975 903 Dei
3015 850 3079 903 ⁸⁸.
3136 848 3428 905 Veritatem
3473 851 3601 906 dico
3662 852 3716 904 in

2139 940 2377 1004 Christo,
2412 955 2520 994 non
2545 941 2799 1005 mentior,
2830 941 3199 995 testimonium
3226 943 3360 996 mihi
3395 943 3720 1011 perhibent:

2140 1029 2471 1086 conscientia
2518 1046 2636 1085 mea
2681 1031 2734 1086 in
2766 1030 2969 1101 Spiritu
2999 1042 3189 1086 sancto
3221 1033 3287 1088 ⁸⁷.
3326 1052 3345 1085 ι
3379 1032 3446 1087 Et
3494 1048 3718 1088 rursum

2140 1122 2217 1176 ait
2244 1142 2257 1177 :
2291 1141 2308 1174 ι
2339 1121 2454 1177 Non
2475 1123 2624 1178 enim
2657 1124 2830 1178 audeo
2856 1123 3148 1194 quidquam
3178 1124 3323 1194 loqui
3351 1140 3573 1188 eorum,
3602 1141 3722 1194 qua:

2140 1230 2235 1282 per
2263 1231 2349 1269 me
2380 1230 2487 1270 non
2522 1215 2697 1271 eﬂecit
2724 1215 2975 1271 Christus
3013 1217 3178 1270 verbo
3215 1224 3270 1270 et
3298 1216 3459 1271 factis
3494 1217 3567 1273 ⁸³.
3611 1216 3721 1287 Ego

2139 1307 2283 1360 enim
2329 1322 2446 1360 sum
2497 1307 2824 1364 novissimus
2859 1307 2970 1378 (77)
3000 1306 3238 1359 omnium
3295 1307 3720 1376 apostolorum,

2140 1397 2228 1465 qui
2268 1411 2372 1449 non
2402 1412 2521 1451 sum
2557 1397 2751 1467 dignus
2778 1398 2958 1451 vocari
2988 1398 3286 1466 apostolus.
3313 1395 3504 1450 Gratia
3538 1405 3720 1450 autem

2141 1487 2233 1541 Dei
2262 1503 2380 1541 sum
2406 1487 2456 1541 id
2485 1488 2627 1557 quod
2660 1503 2777 1541 sum
2800 1487 2864 1540 ⁸ο.
2888 1506 2906 1538 ›
2936 1486 2999 1540 Et
3031 1503 3125 1541 eos
3153 1486 3243 1556 qui
3277 1488 3719 1556 experimentum

2140 1579 2454 1649 quaerebant
2477 1579 2615 1648 ejus,
2652 1579 2743 1649 qui
2776 1580 2829 1634 in
2871 1594 2935 1633 eo
2962 1580 3281 1649 loquebatur
3301 1579 3585 1641 Christus,
3612 1580 3720 1633 vult

2137 1681 2417 1740 propterea
2462 1671 2695 1735 habere,
2745 1671 2875 1741 quia
2904 1683 3045 1726 esset
3087 1671 3140 1725 in
3178 1670 3297 1741 ipso
3348 1670 3718 1734 Paracletus,

2141 1762 2297 1830 cuius
2349 1763 2591 1816 muneris
2641 1762 2867 1833 gratiam
2904 1774 3267 1827 consecutus,
3318 1771 3375 1816 et
3428 1763 3719 1833 magniﬁco

467 1857 586 1923 ejus
614 1831 833 1925 putatus
866 1831 970 1921 est,
1004 1831 1338 1913 cum—nullus
1368 1831 1561 1914 horum
1598 1871 1750 1931 pater
1774 1831 2040 1931 ejus-fue-
2071 1831 2109 1883 Β
2142 1854 2345 1909 honore
2375 1855 2484 1925 (78)
2528 1854 2731 1911 dimus
2776 1856 2850 1908 ³η
2879 1874 2892 1909 ε
2929 1874 2948 1906 ⁸
2982 1854 3085 1910 Pro
3137 1870 3245 1926 (ἰυο
3295 1864 3379 1910 ίθτ
3421 1855 3717 1911 Dominum

468 1949 540 2001 rit
569 1950 793 2003 veritate
839 1959 1067 2005 naturai.
1114 1952 1248 2006 Nam
1289 1953 1455 2008 David
1486 1963 1639 2024 pater
1676 1955 1793 2024 ejus
1837 1956 2037 2011 dicitur

467 2038 641 2093 aetatis
672 2054 734 2093 ac
766 2042 1024 2109 temporis
1054 2042 1333 2113 privilegio
1352 2086 1366 2108 ,
1397 2041 1610 2114 tJoseph
1640 2060 1768 2099 vero
1791 2045 1906 2114 lege
1936 2061 2037 2098 nu-

464 2131 697 2197 triendi;
746 2133 896 2187 solus
949 2144 1129 2189 autem
1176 2134 1317 2189 Deus
1355 2136 1514 2190 Pater
1549 2137 1667 2206 ejus
1699 2148 1890 2193 natura
1918 2150 2033 2206 est,

466 2224 560 2292 qui
589 2225 771 2278 omnia
803 2240 898 2294 per
935 2224 1167 2280 Verbum
1197 2243 1357 2281 suum
1388 2228 1647 2282 velociter
1674 2229 1832 2284 nobis
1858 2231 2034 2284 maui-

462 2314 663 2370 festare
686 2317 938 2386 dignatus
969 2328 1071 2373 est.
1120 2319 1229 2375 Nec
1264 2321 1316 2374 in
1366 2321 1549 2389 aliquo
1594 2331 1896 2378 remoratus
1926 2323 2035 2377 Do-

464 2406 649 2460 minus
688 2417 873 2461 noster
897 2406 1079 2472 Jesus,
1109 2410 1249 2464 intra
1279 2411 1389 2481 (75)
1427 2411 1588 2467 unius
1629 2414 1754 2467 anni
1800 2414 2033 2483 spatium

461 2495 834 2566 languentium
862 2500 1234 2555 multitudines
1262 2502 1493 2555 reddidit
1519 2502 1757 2569 sanitati,
1790 2515 2035 2563 mortuos

459 2587 603 2655 luci;
630 2590 722 2658 qui
764 2590 912 2644 verbi
935 2592 1017 2644 sui
1046 2600 1312 2660 potestate
1341 2594 1591 2649 universa
1621 2597 1900 2664 amplexus
1930 2607 2031 2663 est,

462 2677 520 2731 in
548 2694 657 2747 quo
689 2679 903 2732 tandem
931 2689 1234 2734 remoratus
1272 2689 1374 2746 est,
1414 2691 1471 2735 ut
1505 2682 1559 2735 in
1602 2681 1879 2737 Paracleto
1907 2686 2032 2738 mit-

463 2771 627 2820 tendo
657 2768 841 2820 tandiu
872 2783 994 2822 eum
1038 2778 1369 2822 remoratum
1408 2769 1714 2827 credamus.
1756 2771 1894 2839 Quin
1936 2788 2032 2843 po-

463 2857 594 2921 tius,
626 2867 686 2912 ut
707 2858 955 2927 superius
978 2859 1181 2912 dictum
1204 2869 1307 2924 est,
1340 2861 1512 2915 adfuit
1536 2863 1716 2917 statim
1740 2863 2031 2933 plurimum

461 2952 694 3007 dilfusus
726 2954 779 3006 in
816 2951 1080 3017 Paulum,
1122 2954 1281 3022 cujus
1309 2954 1471 3008 etiam
1508 2956 1817 3010 testimonio
1859 2955 2033 3010 credi—

461 3049 642 3103 dimus
687 3049 932 3103 dicenti:
972 3068 991 3101 ‹
1028 3047 1155 3102 Mihi
1198 3059 1376 3104 autem
1424 3051 1523 3106 soli
1569 3052 1692 3106 data
1734 3061 1817 3108 est
1861 3053 2030 3123 gratia

462 3142 577 3195 haec
608 3141 672 3193 ⁸³.
709 3160 728 3192 ι
767 3140 869 3207 Qui
902 3143 1051 3211 prius
1082 3143 1297 3211 quidem
1335 3143 1439 3197 fuit
1489 3154 1803 3213 persecutor
1844 3144 2029 3199 Eccle-
2055 3159 2099 3219 ε

461 3233 558 3286 site
589 3230 702 3294 Dei,
732 3234 823 3287 sed
857 3249 1074 3287 rursum
1104 3233 1479 3290 manifestatus
1504 3242 1587 3290 est
1608 3236 1881 3302 omnibus,
1903 3236 2030 3305 quia

462 3332 607 3377 esset
644 3323 816 3378 fidelis
848 3322 1113 3379 Paracleti
1147 3326 1421 3391 minister;
1452 3342 1545 3395 per
1570 3342 1731 3396 quem
1765 3326 2031 3381 universis

463 3415 700 3471 innotuit
737 3417 1029 3486 singularis
1078 3417 1196 3486 ejus
1226 3418 1542 3482 clementia,
1588 3420 1733 3487 quod
1775 3428 1827 3472 ct
1862 3434 2033 3487 usque

460 3504 528 3559 ad
557 3519 657 3559 nos
708 3506 800 3573 qui
850 3504 1138 3575 aliquando
1187 3510 1303 3560 sine
1348 3522 1443 3576 spe
1488 3522 1723 3571 eramus,
1763 3507 2031 3561 donorum

458 3593 579 3661 ejus
626 3592 839 3662 largitio
887 3596 1149 3663 pervenit.
1183 3595 1315 3660 Quis
1348 3596 1493 3650 enim
1537 3606 1782 3650 nostrum
1816 3611 2031 3665 sperare

458 3693 673 3753 poterat
718 3696 1116 3754 persecutorem
1169 3685 1396 3742 Paulum
1427 3697 1481 3742 et
1512 3688 1792 3742 inimicum
1842 3686 2028 3742 Eccle-

456 3778 577 3839 siaa,
612 3776 955 3853 defensorem
985 3779 1104 3847 ejus
1144 3794 1208 3835 ac
1238 3788 1468 3834 tutorem
1501 3779 1784 3835 futurum?
1818 3778 1883 3833 Et
1920 3794 2026 3832 non

453 3869 636 3921 solum
667 3868 789 3933 hoc,
813 3885 999 3924 verum
1024 3871 1185 3924 etiam
1216 3880 1269 3926 et
1298 3872 1638 3941 magistrum,
1668 3870 2027 3926 Ecclesiarum

458 3963 792 4017 conditorem
846 3972 899 4018 et
947 3963 1387 4020 architectonem.
1435 3963 1565 4019 Post
1612 3964 1757 4018 hunc
1785 3978 1943 4029 ergo,
1977 3972 2031 4016 et

457 4065 579 4123 post
605 4068 699 4109 eos
732 4057 824 4125 qui
859 4071 981 4111 cum
1016 4057 1134 4125 ipso
1162 4056 1397 4120 fuerant,
1431 4057 1485 4111 id
1518 4064 1600 4110 est
1647 4063 1771 4124 post
1793 4053 2029 4122 discipu-

451 4145 564 4210 los,
598 4146 992 4200 nullum‘alium
1025 4147 1207 4201 venire
1233 4147 1531 4201 secundum
1560 4145 1873 4213 Scripturas
1905 4157 2026 4210 spe-

455 4236 684 4289 randum
718 4245 832 4301 est;
866 4238 940 4289 ait
968 4236 1109 4290 enim
1142 4235 1407 4291 Dominus
1434 4245 1620 4290 noster
1648 4233 1807 4289 Jesus
1835 4233 1901 4287 de
1924 4231 2028 4286 Pa-

454 4327 659 4380 racleto
690 4346 702 4380 :
746 4347 762 4378 ι
800 4327 937 4392 Quia
984 4339 1038 4382 et
1072 4330 1138 4383 de
1181 4345 1303 4382 meo
1350 4330 1577 4397 accipiet
1603 4328 1667 4381 ⁸³.
1706 4346 1725 4378 ›
1760 4325 1868 4380 Vas
1897 4339 2026 4395 ergo

455 4418 735 4486 probabile
781 4420 939 4488 elegit
976 4421 1123 4474 hunc
1167 4422 1377 4483 virum,
1427 4437 1586 4489 quem
1623 4421 1769 4473 misit
1813 4419 1877 4473 ad
1928 4434 2025 4472 nos

2138 1946 2344 2016 rogavi,
2383 1955 2443 2000 ut
2474 1946 2825 2001 diseedereta
2867 1962 2987 2013 me;
3028 1956 3082 2001 et
3118 1948 3251 2001 dixit
3297 1947 3437 2001 mihi
3501 1960 3521 1999 :
3600 1947 3719 2002 Suf-

2137 2036 2247 2090 ﬁcit
2280 2036 2373 2090 tibi
2403 2036 2568 2106 gratia
2593 2051 2744 2102 mea;
2771 2052 2897 2090 nam
2927 2036 3099 2091 virtus
3129 2037 3181 2090 in
3210 2036 3538 2093 inﬁrmitate
3568 2043 3718 2107 perﬁ-

2136 2126 2277 2179 citur
2304 2125 2371 2180 ὀ.
2407 2144 2425 2177 ι
2456 2123 2716 2190 Rursum,
2759 2126 2884 2195 quia
2936 2142 3063 2182 vere
3120 2128 3233 2196 ipse
3277 2128 3348 2182 sit
3400 2127 3719 2185 Paracletu:

2136 2215 2229 2284 qui
2256 2223 2373 2269 erat
2414 2215 2468 2269 in
2498 2214 2688 2282 Paulo,
2720 2217 2794 2270 ait
2825 2215 3086 2271 Dominus
3139 2228 3323 2273 noster
3360 2219 3534 2275 Jcsus
3567 2221 3719 2275 Chri-

2137 2316 2253 2360 stus
2276 2305 2328 2360 in
2360 2304 2653 2376 Evangelia
2683 2325 2695 2360 :
2735 2324 2755 2357 ‹
2791 2306 2847 2359 Si
2878 2306 3102 2376 diligitis
3150 2323 3255 2371 me,
3298 2311 3569 2365 mandata
3607 2327 3717 2365 mea

2136 2408 2364 2453 servate.
2419 2396 2484 2451 Et
2526 2412 2626 2465 ego
2677 2398 2879 2466 rogabo
2926 2397 3138 2453 Patrem
3188 2416 3411 2465 meum,
3442 2410 3500 2456 et
3556 2404 3715 2457 alium

2136 2485 2472 2539 Paracletum
2502 2485 2651 2539 dabit
2694 2487 2848 2541 vobis
2872 2487 2937 2539 ⁹¹.
2976 2506 2994 2539 ι
3051 2487 3108 2541 In
3145 2505 3250 2559 quo
3279 2492 3531 2545 ostendit
3560 2494 3714 2547 etiam

2136 2572 2372 2640 seipsum
2414 2572 2747 2628 Paracletum
2774 2616 2789 2641 ,
2832 2591 2953 2630 cum
3006 2576 3132 2631 dicit
3168 2580 3355 2631 alium.
3412 2580 3576 2637 Unde
3614 2601 3713 2638 cre-

2135 2661 2332 2715 dentes
2351 2661 2541 2727 Paulo,
2568 2665 2869 2720 audivimus
2886 2682 3005 2720 eum
3035 2667 3297 2722 dicentem
3323 2689 3335 2724 :
3358 2690 3376 2721 ‹
3419 2674 3534 2726 Aut
3563 2691 3715 2742 expe-

2135 2752 2425 2806 rimentum
2474 2755 2714 2823 quarritis
2751 2755 2889 2825 ejus,
2923 2758 3013 2826 qui
3054 2758 3105 2812 in
3148 2776 3233 2813 me
3271 2761 3529 2831 loquitur
3564 2764 3715 2819 Chri-

2135 2854 2248 2900 SlUs
2275 2844 2349 2911 ⁹²;
2382 2863 2401 2895 ι
2444 2854 2496 2899 et
2540 2847 2732 2901 horum
2765 2849 2985 2913 similia,
3029 2850 3094 2905 de
3118 2852 3321 2919 quibus
3349 2850 3617 2924 snperius
3647 2860 3714 2911 di-

2132 2934 2349 3000 ximus;
2408 2935 2552 2989 unde
2607 2946 2659 2990 et
2689 2946 2947 3007 tanquam
2988 2938 3235 2995 fidelibus
3271 2942 3438 2999 nobis
3490 2943 3713 3001 heredi—

2132 3025 2235 3081 bus
2263 3026 2377 3082 suis
2410 3027 2693 3098 consignat
2733 3038 3135 3092 testamentum,
3164 3046 3261 3085 sua
3290 3035 3357 3087 ad
3394 3035 3713 3093 Corinthios

2133 3117 2394 3189 Epistola,
2422 3120 2569 3173 velut
2608 3130 2762 3189 pater
2787 3122 2972 3177 dicens
3002 3142 3013 3177 :
3056 3143 3073 3175 ‹
3107 3124 3328 3179 Tradidi
3365 3130 3520 3182 enim
3563 3132 3713 3187 vobis

2132 3208 2188 3262 in
2226 3210 2436 3279 primis,
2468 3211 2611 3278 quod
2645 3219 2697 3264 et
2756 3214 2971 3281 accepi,
3014 3214 3139 3283 quia
3171 3214 3429 3272 Christus
3470 3231 3713 3275 mortuus

2132 3310 2215 3356 est
2260 3316 2358 3370 pro
2415 3302 2649 3365 peccatis
2698 3305 2900 3358 nostris
2935 3307 3229 3361 secundum
3273 3307 3633 3381 Scripturas;
3664 3324 3711 3368 et

2132 3393 2256 3463 quia
2290 3394 2529 3462 sepultus
2573 3402 2673 3460 est,
2718 3404 2771 3449 et
2796 3396 2922 3465 quia
2965 3400 3259 3453 resurrexit
3299 3404 3463 3455 tertia
3502 3404 3592 3458 die
3633 3420 3712 3458 se-

2130 3510 2366 3564 cundum
2395 3507 2731 3576 Scripturas;
2756 3518 2810 3563 et
2839 3509 2965 3580 quia
2992 3514 3238 3581 apparuit
3266 3512 3492 3585 Cephaa,
3522 3518 3711 3571 deinde

2131 3602 2378 3656 undecim
2411 3604 2689 3671 apostolis,
2722 3615 2906 3673 postea
2944 3605 3175 3671 amplius
3199 3622 3363 3675 quam
3391 3608 3710 3677 quingentis

2130 3693 2386 3749 fratribus
2433 3694 2499 3748 de
2546 3696 2710 3750 semel
2756 3696 2867 3761 (79)
2892 3735 2905 3759 ,
2936 3711 3001 3751 ex
3039 3698 3236 3765 quibus
3264 3698 3492 3766 plurimi
3530 3702 3709 3756 adhuc

2132 3794 2357 3838 manent
2404 3800 2577 3855 usque
2642 3801 2823 3852 nunc;
2873 3787 3093 3856 quidam
3144 3799 3323 3842 autem
3372 3798 3427 3843 et
3471 3792 3709 3845 dormie-

2129 3883 2273 3928 runt.
2317 3874 2510 3929 Postea
2534 3884 2713 3929 autem
2745 3876 2896 3932 visus
2924 3886 3004 3932 est
3031 3875 3234 3933 Jacobo
3257 3897 3271 3945 ;
3296 3880 3503 3935 deinde
3530 3884 3706 3935 omni-

2128 3964 2230 4017 bus
2284 3964 2576 4032 apostolis;
2612 3965 2908 4022 novissime
2936 3978 3112 4023 autem
3136 3971 3405 4035 omnium,
3443 3982 3701 4043 tanquam

2127 4053 2389 4118 abortivo,
2431 4055 2583 4109 visus
2604 4064 2688 4109 est
2728 4064 2781 4109 et
2816 4056 2946 4109 mihi
2977 4076 2989 4110 :
3024 4073 3122 4128 ego
3147 4058 3289 4111 enim
3322 4074 3447 4113 sum
3480 4062 3707 4115 novissi-

2128 4160 2250 4199 mus
2297 4145 2536 4198 omnium
2578 4146 2947 4216 apostolorum
2986 4148 3051 4202 ’³.
3104 4149 3229 4203 Sive
3260 4164 3391 4218 ergo
3432 4167 3559 4221 ego,
3593 4154 3704 4206 sive

2128 4237 2226 4303 illi,
2254 4237 2796 4293 ita'annuntiavimus
2826 4238 2891 4292 “.
2929 4258 2948 4290 ι
2983 4238 3047 4293 Et
3074 4255 3290 4295 rursum
3331 4242 3562 4298 tradens
3598 4245 3704 4300 ha:-

2126 4328 2347 4383 redibus
2389 4344 2507 4382 eam
2555 4345 2716 4399 quam
2773 4330 2887 4399 ipse
2939 4331 3298 4386 haereditatem
3352 4339 3705 4404 promeruit,

2127 4416 2257 4470 dicit
2295 4435 2306 4469 :
2360 4436 2377 4468 ι
2420 4416 2605 4473 Timeo
2651 4427 2834 4473 autem
2866 4436 2933 4475 ne
2974 4419 3142 4487 forte,
3177 4422 3319 4477 sicut
3348 4440 3584 4495 serpens
3623 4445 3705 4482 sc-

453 4509 682 4565 Paulum
718 4513 769 4565 in
808 4512 1042 4581 Spiritus
1073 4512 1286 4565 influxit
1327 4513 1560 4581 Spiritus
1595 4512 1705 4581 (76)
1737 4552 1752 4576 ,
1787 4520 1840 4565 ct
1884 4512 2025 4565 sicut
2057 4493 2098 4546 Ῐ)
2127 4509 2282 4564 duxit
2324 4509 2486 4562 Evam
2534 4510 2730 4565 astutia
2762 4528 2891 4576 sua,
2936 4512 3007 4566 ita
3048 4493 3473 4584 corrumpantur
3509 4536 3703 4575 sensus

454 4617 565 4655 non
598 4619 760 4672 super
789 4620 979 4660 omnes
1012 4605 1261 4659 homines
1298 4605 1533 4674 Spiritus
1584 4603 1828 4656 habitare
1872 4611 2022 4670 pote-

450 4703 557 4757 rat,
587 4695 692 4749 nisi
723 4712 884 4764 super
908 4713 1031 4751 cum
1068 4698 1160 4767 qui
1191 4697 1255 4751 de
1278 4696 1445 4750 Maria
1465 4696 1556 4750 Dci
1580 4696 1839 4766 genitrice
1865 4704 2024 4748 natus

448 4794 555 4846 est,
601 4787 671 4840 ita
708 4798 762 4842 et
798 4790 849 4842 in
883 4790 1088 4842 nullum
1120 4790 1285 4842 alium
1316 4788 1553 4858 Spiritus
1582 4788 1895 4842 Paracletus
1931 4802 2025 4839 ve-

450 4877 569 4930 nire
601 4889 838 4946 poterat,
885 4881 987 4935 nisi
1016 4898 1177 4950 super
1205 4882 1506 4950 apostolos,
1536 4890 1589 4936 et
1620 4895 1780 4950 super
1810 4880 2024 4933 beatum

451 4966 699 5024 Paulum.
743 4990 759 5021 ‹
802 4971 907 5026 Vas
934 4974 1077 5027 enim
1110 4975 1408 5041 electionis,
1437 4974 1633 5043 inquit,
1666 4972 1799 5026 mihi
1834 4980 1933 5036 est,
1970 4980 2030 5024 ut

520 5104 747 5179 {3.10am
776 5124 895 5179 xui.
931 5109 1053 5179 27.7
1095 5111 1139 5140 ⁸³
1171 5109 1365 5179 Ephes.
1392 5109 1542 5176 "1,8.
1600 5110 1662 5179 κε*
1690 5106 1847 5161 Joan.
1878 5122 1985 5179 xvi,
2016 5102 2099 5179 My.
2133 5171 2145 5179 _
2172 5101 2352 5154 "Act.
2380 5099 2562 5179 Ix,_in5.
2618 5100 2872 5179 ⁸’ξε-ἣρω.
2902 5120 2989 5167 xv,
3026 5105 3214 5179 15,16.

448 5173 496 5247 ’ξ
520 5174 655 5247 ibid.
688 5192 775 5242 xv,
810 5178 893 5231 18.
968 5178 1055 5231 ενι
1088 5170 1232 5234 (Ζοικ⁵
1253 5197 1341 5247 xv,
1365 5181 1417 5234 9.
1459 5170 1538 5212 ’νο
1568 5178 1610 5232 ll
1641 5179 1766 5232 Cor.
1804 5193 1899 5237 xu,
1929 5178 1982 5228 9.

2135 5171 2279 5224 loan.
2308 5186 2420 5233 xlv,
2456 5170 2541 5222 16.
2617 5172 2662 5203 ⁹²
2693 5172 2732 5225 ll
2760 5172 3011 5239 Cor.xnt,
3043 5175 3093 5229 5.

449 5244 495 5276 ³⁵
518 5243 650 5299 Ibid.
691 5247 773 5300 11.

519 5357 629 5428 (75)
669 5359 726 5410 In
759 5359 943 5413 codice
973 5370 1084 5424 est,
1130 5381 1147 5411 ι
1186 5361 1342 5415 inter.
1397 5382 1416 5413 ι
1458 5363 1560 5417 Sed
1595 5379 1760 5417 unum
1809 5378 2013 5416 annum

444 5426 649 5481 Christi
685 5430 1071 5497 praedicationi,
1101 5446 1163 5484 ac
1192 5432 1466 5487 miraculis
1500 5434 1708 5487 videtur
1744 5434 2015 5487 ascribere

446 5499 746 5573 Archelaus
775 5513 897 5573 cum
928 5500 1045 5553 aliis
1066 5502 1323 5573 _antiquis
1363 5502 1614 5557 Patribus
1664 5520 1677 5556 :
1731 5520 1899 5573 quare
1937 5504 2013 5556 le-

442 5567 714 5641 gendum,
750 5586 767 5618 ‹
811 5569 971 5621 intra.
1010 5588 1027 5619 ›
1066 5568 1199 5624 Vide
1219 5567 1375 5641 infra
1404 5587 1523 5641 cap.
1557 5573 1644 5626 49.

520 5637 844 5711 (7b)_1_.ocus
873 5648 1177 5708 corruptus.
1220 5640 1398 5707 Forte,
1442 5637 1545 5695 (in
1579 5642 1803 5711 Spiritu.
1849 5642 2011 5697 Inﬂu-

449 5705 538 5759 xit
558 5705 811 5773 Spiritus,
846 5726 863 5758 ι
896 5717 999 5763 ωε.
1035 5705 1043 5762 ξ

517 5774 629 5846 (77)
666 5776 854 5830 Melius
889 5778 1138 5848 vulgata,
1173 5800 1190 5831 ι
1232 5781 1524 5849 minimus,
1563 5801 1579 5833 ι
1614 5782 1797 5839 Grzecc
1827 5784 1969 5839 enim
1993 5823 2007 5849 ,

2122 4601 2323 4664 vestri,
2365 4611 2418 4655 ct
2449 4602 2697 4657 excidant
2730 4618 2759 4656 a
2793 4604 3137 4673 simplicitate
3182 4606 3293 4674 (80)
3333 4619 3387 4662 et
3427 4614 3700 4673 castitate,

2121 4707 2242 4760 quae
2274 4691 2327 4745 in
2357 4691 2571 4747 Christo
2614 4701 2712 4746 est.
2765 4692 2819 4747 Si
2864 4695 3006 4747 enim
3056 4696 3100 4750 is
3152 4697 3243 4765 qui
3297 4700 3490 4761 venit,
3534 4703 3701 4755 alium

2122 4783 2401 4837 Christum
2452 4785 2705 4852 praedicat
2742 4800 2901 4854 quem
2948 4803 3055 4841 non
3102 4789 3565 4856 pnedicavimus:
3609 4802 3705 4845 aut

2126 4874 2387 4946 Spiritum
2435 4875 2597 4929 alium
2634 4877 2949 4945 acceperitis
2995 4893 3157 4947 quem
3204 4895 3311 4934 non
3365 4886 3698 4952 accepistis;

2123 4975 2217 5021 aut
2247 4966 2393 5020 aliud
2424 4966 2768 5037 Evangelium
2792 5008 2806 5033 ,
2854 4970 2996 5038 quod
3032 4986 3137 5024 non
3172 4974 3459 5043 accepistis
3488 4994 3503 5037 ;
3566 4977 3703 5031 bene

3295 5110 3336 5140 ⁸⁷
3367 5108 3504 5163 ibid.
3546 5128 3619 5172 ιι.
3644 5115 3696 5168 1.

3171 5178 3217 5209 ³³
3245 5176 3265 5229 l
3301 5178 3429 5233 Cor.
3454 5198 3546 5246 xv,
3580 5184 3695 5237 3-9.

2112 5359 2416 5440 ὲλᾴκξεξτρς·

2186 5428 2299 5498 (78)
2339 5428 2649 5505 ln-codiee_
2685 5429 2967 5505 Casinensi
3006 5440 3119 5505 est,
3180 5453 3199 5485 ι
3252 5436 3546 5505 magniﬁco
3585 5439 3693 5494 hoc

2114 5514 2236 5557 ore;
2288 5516 2305 5548 ι
2341 5498 2432 5552 sed
2466 5500 2745 5568 legendum
2781 5503 2966 5553 censui
3000 5526 3016 5551 ι
3057 5503 3279 5557 honore.
3314 5524 3333 5556 ι

2338 5568 2517 5632 Forte,
2572 5588 2589 5619 ε
2636 5570 2876 5623 insimul.
2918 5591 2936 5622 ι
2973 5572 3217 5640 Vulgata,
3257 5594 3275 5624 ‹
3312 5574 3503 5629 simul.
3541 5596 3559 5628 ι

2184 5637 2294 5711 (80)
2334 5641 2391 5711 in
2417 5639 2718 5711 Casiugnsi,
2750 5660 2767 5692 ι
2794 5637 3213 5711 corrumpantur
3241 5660 3439 5699 sensus
3473 5647 3629 5699 vestri
3652 5661 3689 5701 ι

2114 5709 2477 5777 simplicitate.
2524 5729 2541 5760 ι
2583 5709 2685 5764 Sed
2720 5727 2821 5765 nos
2846 5728 2909 5765 ex
2949 5709 3171 5783 Vulgata
3200 5718 3587 5785 supplevimus.
