3922 6512
258 314 399 369 H85

1364 320 1506 379 CUM
1541 320 1817 377 MANETE
1857 321 2386 382 HERESIARCHA.

3354 326 3493 383 “86

254 437 601 507 pateremiui.
636 436 773 493 Puto
801 439 945 494 enim
983 440 1111 511 quia
1144 441 1279 497 nihil
1310 444 1489 500 minus
1531 445 1631 500 feci
1675 445 1824 500 vobis
1856 450 1896 503 A
1926 456 2076 512 stus;
2125 454 2179 502 et
2221 448 2423 501 multos
2471 442 2748 501 seducent.
2799 444 2959 513 Quod
2994 444 3041 501 si
3082 445 3246 501 etiam
3293 444 3495 517 aliquis

243 541 276 584 a
317 530 525 584 caneris
551 531 813 598 apostolis
846 530 912 585 ³⁸.
944 552 963 584 ι

317 614 533 676 XXXV.
575 618 698 678 Hzec
738 633 918 678 autem
962 624 1119 693 dixit,
1152 626 1443 683 ostendens
1469 644 1661 685 omnes
1701 628 1818 684 reli-

241 728 387 784 quos
426 712 517 783 qui
553 715 833 779 venerint,
870 714 1035 770 falsos
1079 720 1385 787 apostolos,
1433 720 1652 775 dolosos
1691 736 1817 790 ope-

244 805 461 870 rarios,
497 805 945 876 transfigurantes
972 822 1029 861 se
1062 808 1113 862 in
1142 811 1415 879 apostolos
1443 810 1644 865 Christi
1676 830 1687 863 :
1712 830 1731 861 ‹
1754 811 1817 866 Ει

144 951 148 955 ,
242 911 353 950 non
383 893 616 961 mirum;
661 898 774 965 ipse
809 898 952 951 enim
985 897 1214 955 Satanas
1246 902 1593 971 transfigurat
1621 918 1699 966 se,
1733 919 1819 956 ve—

242 987 327 1041 lut
372 989 623 1056 angelum
657 987 795 1044 lucis
824 988 957 1059 (8f).
1006 990 1145 1055 Quid
1188 1008 1315 1062 ergo
1348 1009 1635 1063 magnum,
1680 994 1726 1047 si
1766 1004 1817 1048 et

241 1081 481 1135 ministri
518 1080 637 1149 ejus
680 1081 1130 1151 transfigurentur
1156 1085 1208 1138 in
1243 1086 1520 1140 ministros
1541 1086 1764 1154 justitia:
1799 1104 1813 1141 :

241 1185 478 1239 quorum
518 1172 639 1223 linis
669 1171 770 1225 erit
810 1174 1105 1228 secundum
1138 1190 1297 1244 opera
1328 1190 1512 1229 eorum
1540 1176 1625 1228 "‘3
1658 1194 1676 1228 ι
1725 1177 1815 1229 ln-

240 1262 390 1316 dicat
414 1272 592 1316 autem
643 1264 831 1332 quales
861 1276 1066 1332 essent,
1112 1277 1165 1322 et
1206 1283 1235 1321 a
1266 1269 1465 1336 quibus
1513 1268 1816 1323 circumve—

240 1354 551 1410 niebantur.
597 1351 912 1411 Volentibus
952 1368 1131 1413 autem
1178 1360 1380 1414 Calatis
1418 1362 1486 1414 ab
1526 1359 1816 1430 Evangelia

241 1446 552 1511 transferri,
584 1447 661 1501 ait
696 1466 710 1501 :
750 1467 769 1499 ι
804 1446 970 1504 Miror
1001 1452 1143 1521 quod
1165 1452 1243 1506 sic
1273 1461 1381 1505 tam
1405 1453 1512 1506 cito
1537 1454 1817 1507 transferi-

239 1540 375 1592 mini
406 1540 474 1593 ab
498 1555 564 1594 eo
590 1542 682 1611 qui
709 1544 920 1597 vocavit
957 1560 1086 1611 vos,
1134 1545 1188 1599 in
1234 1546 1380 1599 aliud
1415 1546 1761 1614 Evangelium
1796 1560 1813 1600 :

240 1633 386 1700 quod
430 1647 536 1686 non
568 1642 651 1688 est
690 1636 870 1696 aliud;
902 1638 1003 1691 nisi
1037 1647 1163 1692 sunt
1212 1638 1301 1707 qui
1339 1652 1435 1691 vos
1465 1637 1811 1702 conturbant,

238 1732 294 1773 et
338 1722 523 1776 volunt
562 1735 801 1780 avertere
840 1743 935 1781 vos
982 1728 1050 1781 ab
1090 1726 1381 1797 Evangelio
1420 1726 1622 1781 Christi
1676 1728 1810 1795 (82).

1925 536 2078 592 vobis
2105 538 2301 591 dixerit
2332 556 2343 591 :
2383 536 2517 591 Ecce
2551 537 2638 591 hic
2664 545 2744 592 est
2775 536 3044 602 Christus,
3077 547 3171 592 aut
3214 553 3341 593 ecce
3374 539 3445 593 ibi
3472 578 3491 606 ,

1924 628 2090 682 nolite
2119 628 2359 682 credere.
2388 626 2695 697 Exsurgent
2717 628 2859 681 enim
2891 627 3009 683 falsi
3044 629 3257 693 christi,
3286 638 3339 684 et
3368 630 3492 687 falsi

1924 720 2152 787 apostoli
2196 719 2307 789 (87)
2334 761 2347 784 ,
2384 729 2436 772 et
2466 718 2586 773 falsi
2638 720 2931 788 prophetre,
2983 729 3037 774 et
3083 721 3291 775 dabunt
3337 722 3491 790 signa

1924 816 2139 881 magna,
2178 820 2233 864 et
2260 810 2525 880 prodigia,
2560 811 2631 863 ita
2667 820 2725 864 ut
2754 812 2806 863 in
2852 826 3092 865 errorem
3130 812 3411 876 inducant,
3445 810 3492 867 si

1923 913 2096 971 potest
2119 903 2253 964 fieri,
2276 904 2436 956 etiam
2470 904 2688 957 electos.
2724 898 2858 957 Ecce
2884 902 3104 972 praedixi
3127 902 3297 957 vobis.
3329 901 3384 955 Si
3409 902 3495 956 di-

1924 994 2099 1047 verint
2122 995 2272 1048 vobis
2305 1013 2316 1047 :
2348 994 2483 1047 Ecce
2512 994 2563 1047 in
2588 994 2799 1049 deserto
2822 1004 2922 1058 est,
2954 994 3117 1048 nolite
3144 994 3311 1048 exire.
3339 992 3395 1047 Si
3414 994 3493 1047 di-

1922 1085 2261 1139 xerintvohis
2289 1104 2301 1139 :
2328 1084 2465 1139 Ecce
2485 1085 2535 1139 iu
2556 1086 2942 1154 penetralibus,
2974 1086 3380 1163 nolite‘credere
3399 1086 3441 1140 ³.
3464 1100 3490 1139 ι

1922 1174 1987 1228 Ει
2018 1185 2138 1244 post
2184 1177 2284 1230 ista
2318 1179 2497 1229 omnia
2537 1176 2808 1242 mandata,
2843 1178 2943 1231 iste
2987 1191 3084 1231 nec
3122 1178 3333 1245 signum
3362 1177 3491 1246 qui-

1920 1266 2040 1320 dem
2070 1265 2288 1335 aliquod
2318 1275 2411 1319 aut
2442 1268 2743 1335 prodigium
2778 1267 2947 1320 ullum
2978 1267 3287 1333 ostendens,
3315 1282 3490 1336 neque

1920 1357 2229 1411 affinitatem
2265 1357 2500 1427 aliquam
2538 1358 2772 1425 habens;
2800 1359 2893 1413 sed
2925 1374 2991 1412 ne
3032 1359 3084 1411 in
3117 1374 3346 1412 numero
3366 1359 3489 1428 qui-

1919 1446 2041 1501 dem
2072 1447 2461 1516 discipulorum
2506 1450 2736 1517 positus,
2789 1465 2965 1519 neque
3009 1448 3263 1504 defuncto
3297 1458 3490 1503 nostro

1920 1539 2233 1603 obsecutus,
2263 1540 2420 1608 cujus
2455 1540 2763 1594 luereditate
2800 1541 3124 1610 gaudemus;
3157 1557 3279 1595 cum
3313 1555 3488 1611 neque

1918 1633 1967 1685 ei
2017 1632 2301 1716 languenti
2330 1632 2598 1695 astiterit,
2654 1647 2761 1685 non
2802 1634 2955 1688 testis
3004 1634 3486 1689 exstiterit.testa-

1918 1723 2105 1786 menti,
2140 1723 2251 1776 imo
2294 1723 2474 1791 potius
2499 1738 2623 1775 cum
2659 1739 2724 1777 ne
2759 1724 2811 1776 iu
2856 1724 3102 1777 notitiam
3145 1725 3360 1794 quidem
3392 1740 3487 1778 ve-

240 1812 351 1865 Sed
374 1813 535 1866 etiam
578 1814 622 1867 si
664 1830 763 1869 nos
795 1816 918 1884 ipsi,
968 1827 1060 1871 aut
1098 1819 1320 1886 angelus
1362 1817 1429 1871 de
1476 1818 1615 1872 cmlo
1661 1818 1816 1872 vobis
1850 1806 1891 1859 Β
1919 1812 2057 1864 nerit
2078 1826 2291 1877 eorum,
2323 1812 2416 1882 qui
2443 1813 2683 1867 obsecuti
2711 1822 2838 1867 sunt
2865 1815 3143 1883 (egrotanti
3173 1824 3486 1883 :postremo

238 1906 657 1971 annuntiavcrit,
683 1916 1037 1975 przeterquam
1068 1908 1211 1977 quod
1237 1908 1491 1961 traditum
1522 1917 1605 1963 est
1636 1908 1812 1976 vobis,

241 1997 529 2052 anathema
573 2000 643 2052 sit
685 2000 752 2053 9'.
795 2019 814 2051 ›
850 1999 915 2054 Ει
964 2017 1180 2055 rursum
1225 2002 1300 2054 ait
1335 2021 1347 2054 :
1394 2020 1411 2053 ι
1452 2000 1579 2054 Mihi
1629 2002 1813 2055 infimo

237 2094 481 2147 omnium
524 2095 889 2163 apostolorum
939 2093 1050 2163 (85)
1093 2096 1215 2149 data
1258 2104 1341 2149 est
1373 2096 1542 2165 gratia
1587 2096 1702 2149 hzec
1742 2096 1809 2147 ⁸⁸.

239 2183 372 2249 Quae
397 2186 540 2239 enim
577 2187 799 2241 deerant
845 2186 1258 2241 tribulationum
1303 2186 1529 2246 Christi,
1566 2185 1617 2238 in
1652 2202 1815 2242 carne

240 2292 361 2330 mea
408 2278 677 2347 adimpleo
722 2280 787 2332 ”.
826 2298 843 2330 ι
886 2276 949 2331 Ει
981 2280 1032 2331 in
1068 2279 1175 2331 alio
1201 2290 1416 2331 rursum
1446 2278 1563 2331 loco
1593 2278 1812 2347 profite-

237 2378 360 2434 tur,
394 2370 517 2438 quia
544 2387 562 2420 ι
596 2386 757 2439 super
781 2380 1003 2425 caeteros
1034 2369 1235 2423 Christi
1262 2368 1510 2423 minister
1540 2371 1553 2401 ³
1578 2411 1592 2437 ,
1632 2388 1653 2422 ι
1688 2379 1810 2424 tan~

236 2474 403 2528 quam
434 2460 479 2514 si
505 2469 686 2529 postea
717 2461 938 2515 omnino
966 2477 1072 2514 non
1105 2461 1175 2516 sit
1202 2461 1342 2516 alius
1377 2460 1807 2530 exspectandus;

232 2551 387 2619 jubet
410 2553 552 2605 enim
587 2568 760 2621 neque
785 2554 1032 2622 angelum
1067 2552 1133 2607 de
1167 2554 1303 2607 cmlo
1328 2556 1549 2622 suscipi.
1590 2553 1655 2607 Et
1683 2568 1814 2623 quo-

238 2644 401 2697 modo
433 2644 498 2696 de
541 2642 761 2698 Perside
789 2646 1092 2699 venientem
1124 2643 1335 2699 Manem
1378 2645 1510 2715 (84),
1550 2654 1603 2697 et
1628 2646 1817 2699 dicen-

239 2744 345 2791 tem
391 2751 448 2789 se
485 2751 605 2789 esse
649 2734 1023 2800 Paracletum,
1075 2752 1174 2790 nos
1218 2752 1337 2791 esse
1380 2736 1691 2791 credimus?
1734 2736 1808 2789 lta

236 2828 381 2882 enim
419 2841 657 2896 agnosco
686 2842 749 2880 ex
783 2826 918 2891 hoc,
952 2827 1095 2896 quod
1127 2843 1267 2880 unus
1320 2826 1423 2881 iste
1477 2828 1547 2881 sit
1594 2843 1659 2880 ex
1703 2828 1810 2884 illis

235 2922 330 2989 qui
370 2918 845 2984 transformantur,
873 2919 939 2972 de
981 2919 1178 2987 quibus
1222 2916 1506 2972 manifeste
1539 2919 1693 2973 vobis
1726 2919 1809 2972 in-

235 3014 436 3068 dicavit
490 3027 585 3067 vas
635 3011 915 3067 electionis
973 3012 1251 3080 apostolus
1312 3010 1513 3065 Paulus
1569 3009 1805 3065 dicens:

242 3126 260 3157 ι
303 3107 443 3172 Quia
474 3106 527 3158 in
565 3103 873 3158 novissimis
927 3100 1257 3172 temporibus
1304 3102 1553 3155 recedent
1586 3102 1805 3172 quidam

235 3216 265 3253 a
292 3199 416 3262 fide,
452 3195 788 3250 attendentes
836 3193 1115 3263 spiritibus
1166 3193 1583 3256 scductoribus,
1617 3203 1670 3247 et
1712 3194 1807 3247 do-

235 3290 426 3344 ctrinis
471 3287 900 3348 daemoniorum,
948 3284 1003 3337 in
1062 3282 1336 3353 liypOerisi
1387 3282 1671 3337 mendacia
1728 3282 1807 3336 lo-

234 3386 464 3449 quentes
486 3418 502 3443 ,
551 3376 902 3431 cauteriatam
938 3373 1195 3427 habentes
1224 3372 1611 3426 conscientiam
1634 3413 1649 3437 ,
1684 3387 1809 3441 pro-

235 3472 536 3525 bibentium
565 3470 674 3537 (83)
702 3468 922 3529 nubere,
956 3466 1228 3521 abstinere
1278 3481 1336 3519 se
1382 3480 1411 3517 a
1462 3464 1633 3529 cibis,
1672 3480 1811 3534 quos

235 3562 380 3616 Deus
408 3564 608 3615 creavit
652 3560 720 3614 ad
766 3557 1169 3629 percipiendum
1208 3555 1321 3627 (86)
1352 3572 1474 3611 cum
1504 3557 1802 3625 gratiarum

235 3655 453 3709 actione
483 3652 748 3715 fidelibus,
783 3659 835 3703 et
871 3651 953 3703 his
980 3650 1069 3718 qui
1095 3658 1463 3718 cognoverunt
1495 3649 1801 3715 veritatem;

235 3745 493 3813 quoniam
519 3742 694 3795 omnis
732 3749 979 3794 creatura
1016 3738 1108 3792 Dei
1146 3739 1284 3791 bona
1316 3748 1418 3802 est,
1451 3745 1505 3791 et
1538 3738 1672 3790 nihil
1706 3739 1804 3791 ab-

230 3834 527 3903 jiciendum
576 3832 719 3900 quod
774 3846 897 3883 cum
969 3830 1265 3898 gratiarum
1313 3828 1524 3881 actione
1573 3828 1805 3896 percipi-

234 3935 324 3979 tur
351 3927 392 3978 ’³.
425 3942 443 3976 ι
494 3924 596 3977 Sed
631 3932 685 3976 et
729 3921 962 3991 Spiritus
1004 3920 1327 3989 evangelista
1357 3916 1639 3973 Matthaeus
1684 3920 1806 3972 dili-

234 4025 422 4084 genter
450 4015 716 4084 significat
752 4012 962 4067 Domini
992 4012 1163 4065 nostri
1198 4008 1325 4064 Jesu
1362 4009 1563 4063 Christi
1598 4024 1806 4063 sermo-

234 4124 359 4162 nem
395 4125 412 4160 :
444 4126 462 4158 ι
502 4104 689 4160 Videte
724 4120 791 4158 ne
840 4106 964 4173 quis
1002 4117 1098 4155 vos
1154 4102 1409 4167 seducat;
1461 4101 1614 4154 multi
1660 4102 1803 4155 enim

232 4202 449 4254 venient
480 4200 533 4252 in
580 4198 798 4253 nomine
850 4211 994 4260 meo,
1026 4194 1268 4249 dicentes
1308 4214 1320 4247 ε
1358 4194 1469 4263 Ego
1498 4208 1618 4245 sum
1648 4190 1806 4246 Chri-

306 4340 351 4370 "
386 4338 425 4390 Il
453 4338 577 4389 Cor.
608 4352 684 4398 XI,
715 4334 831 4388 5-5.

231 4425 290 4462 xl
313 4451 327 4473 ,
361 4410 449 4462 23.
524 4410 543 4439 ³
572 4407 592 4461 1
630 4406 769 4458 Titii.
803 4421 876 4469 iv,
906 4404 1022 4457 1-4.

234 4496 309 4544 ιν,
347 4481 397 4546 7,
428 4481 480 4533 8.

944 4334 989 4364 "
1020 4332 1061 4384 ll
1091 4332 1217 4385 Cor.
1254 4350 1325 4397 xi,
1365 4334 1445 4395 14,
1478 4333 1563 4386 15.
1638 4332 1682 4363 ’⁸⁷
1709 4330 1803 4385 Cal

1940 4328 2052 4383 6-8.
2131 4329 2175 4361 ’⁸
2202 4328 2400 4398 Ephes.
2436 4346 2520 4395 ιιι,
2549 4330 2602 4383 8.
2678 4333 2724 4363 "
2752 4329 2963 4387 Coloss.
2998 4349 3035 4394 ι,
3061 4334 3152 4389 24.

1130 4402 1150 4432 ³
1184 4401 1371 4457 Matth.
1416 4419 1564 4466 xxiv,
1604 4409 1659 4465 4,
1695 4401 1747 4466 5,
1794 4401 1981 4454 25-26.
2057 4400 2078 4430 δ
2107 4398 2318 4454 Coloss.
2357 4417 2395 4465 ι,
2424 4400 2513 4454 25.

1915 1918 2037 1956 cum
2075 1904 2277 1955 nullius
2307 1918 2531 1973 prorsus
2562 1904 2791 1973 accipiat
2817 1906 3209 1971 testimonium,
3237 1904 3488 1960 Paracle—

1916 2002 2028 2047 tum
2061 2009 2119 2047 se
2153 2010 2272 2049 esse
2303 1996 2414 2049 vult
2442 1996 2619 2058 credi;
2651 2012 2773 2050 cum
2804 1998 2965 2051 etiam
3000 1998 3043 2051 si
3073 1999 3225 2068 signa
3270 2008 3323 2052 et
3358 2014 3485 2068 pro-

1913 2084 2055 2153 digia
2085 2082 2309 2150 faceres,
2336 2084 2532 2139 falsum
2559 2085 2833 2141 Christum
2865 2097 2917 2141 et
2943 2086 3137 2142 falsum
3166 2086 3484 2157 prophetam

1914 2184 1965 2228 te
1992 2178 2227 2245 reputari
2259 2187 2529 2245 oporteret
2564 2179 2860 2232 secundum
2895 2178 3224 2248 Scripturas.
3265 2179 3330 2232 Et
3362 2181 3483 2232 ideo

1912 2271 2166 2323 convenit
2207 2285 2306 2323 nos
2338 2271 2549 2325 cautius
2584 2288 2761 2341 agere,
2794 2272 3088 2326 secundum
3119 2272 3263 2341 quod
3292 2272 3483 2327 beatus

1911 2361 2204 2432 Apostolus
2233 2371 2435 2427 monet,
2466 2362 2653 2415 dicens
2684 2363 2735 2415 in
2768 2361 3004 2431 Epistola
3037 2379 3198 2433 quam
3235 2364 3345 2433 (88)
3373 2362 3483 2418 Co-

1911 2451 2246 2506 lossensibus
2278 2453 2543 2521 scripsit:
2588 2469 2607 2503 r
2659 2451 2977 2507 Perinanete
3026 2455 3079 2509 in
3129 2455 3231 2509 fide
3272 2456 3483 2510 fundati

1910 2552 1964 2596 et
1995 2545 2243 2607 radieati,
2267 2552 2321 2598 et
2346 2543 2652 2597 immobiles
2682 2543 2750 2596 ab
2775 2559 2868 2612 spe
2898 2543 3167 2613 Evangelii
3207 2548 3350 2615 quod
3384 2564 3484 2601 au-

1910 2635 2144 2689 divimus
2175 2635 2319 2706 (89),
2353 2634 2499 2704 quod
2535 2634 2881 2703 pra‘dicatum
2932 2637 3096 2689 estin
3140 2638 3287 2690 omni
3328 2654 3482 2692 crea-

1911 2737 2030 2781 tura
2058 2742 2177 2796 quze
2203 2726 2303 2779 sub
2334 2726 2471 2780 cmlo
2492 2734 2574 2779 est
2606 2729 2645 2779 ⁸.
2685 2744 2703 2777 ι
2741 2726 2802 2778 Et
2826 2741 3040 2781 rursum
3071 2746 3084 2782 :
3124 2747 3142 2779 ‹
3180 2729 3330 2783 Sicut
3354 2747 3483 2800 ergo

1910 2815 2192 2884 accepistis
2218 2814 2493 2868 Christum
2541 2814 2725 2869 Jesum
2760 2815 3047 2869 Dominum
3072 2856 3085 2879 ,
3123 2817 3177 2869 in
3225 2818 3341 2887 ipso
3369 2820 3483 2887 (90)

1910 2905 2200 2969 ambulate,
2232 2904 2457 2957 radicati
2505 2912 2558 2956 et
2591 2903 2797 2957 fundati
2839 2920 3003 2973 super
3047 2906 3246 2973 ipsum,
3286 2908 3483 2961 confir-

1909 2996 2039 3049 mati
2086 2996 2209 3057 fide,
2260 2995 2419 3049 sicuti
2462 2994 2603 3049 docti
2635 2996 2789 3060 estis,
2833 2997 3172 3051 abundantes
3198 2998 3249 3051 in
3283 2999 3483 3067 gratia-

1912 3101 2032 3138 rum
2069 3086 2299 3138 actione.
2350 3083 2538 3139 Videte
2585 3100 2651 3139 ne
2692 3087 2814 3154 quis
2844 3103 2937 3141 vos
2962 3088 3222 3157 exspoliet
3244 3105 3339 3157 per
3370 3089 3482 3159 (9f)

1909 3177 2308 3246 philosophiam
2361 3183 2415 3229 et
2461 3176 2673 3229 inanem
2729 3178 3097 3231 seductioneni
3126 3217 3140 3241 ,
3181 3182 3479 3235 secundum

1907 3270 2168 3323 elementa
2215 3268 2423 3331 mundi,
2458 3276 2512 3321 et
2545 3282 2652 3320 non
2698 3269 2996 3322 secundum
3027 3270 3325 3336 Christum,
3356 3275 3482 3341 quia
3546 3307 3553 3311 -

1908 3364 1961 3416 in
1996 3362 2113 3431 ipso
2144 3360 2349 3412 habitat
2371 3358 2548 3412 omnis
2581 3359 2858 3427 plenitudo
2885 3361 3107 3416 deitatis
3137 3362 3178 3415 ⁸.
3218 3383 3235 3413 ι
3276 3362 3485 3429 Quibus

1908 3454 2161 3507 omnibus
2197 3452 2267 3505 ita
2311 3451 2591 3520 diligenter
2622 3452 2901 3520 expositis,
2935 3453 3126 3507 beatus
3166 3454 3479 3523 Apostolus,

1908 3546 2055 3598 velut
2098 3552 2247 3613 pater
2276 3543 2422 3606 filiis,
2455 3542 2604 3596 addit
2640 3551 2897 3611 tanquam
2928 3544 3265 3613 signaculum
3309 3550 3484 3617 quod-

1911 3637 2034 3689 dam
2074 3634 2378 3689 testamenti
2424 3635 2659 3687 dicens:
2709 3652 2728 3685 ι
2775 3634 3061 3689 Certamen
3117 3636 3320 3691 bonum
3365 3654 3482 3693 cer-

1913 3728 2043 3790 tavi,
2075 3728 2281 3782 circum
2315 3728 2554 3789 cucurri,
2590 3725 2747 3779 fidem
2783 3727 3014 3781 servavi.
3068 3727 3143 3782 De
3168 3740 3363 3784 caetero
3396 3748 3481 3785 re-

1911 3821 2083 3887 posita
2112 3828 2193 3872 est
2223 3818 2355 3871 mihi
2390 3817 2618 3886 justitize
2647 3832 2881 3883 corona,
2927 3834 3091 3888 quam
3127 3821 3315 3875 reddet
3348 3824 3479 3876 mihi

1913 3910 2171 3964 Dominus
2222 3911 2277 3962 in
2323 3910 2411 3962 illa
2454 3910 2540 3963 die
2580 3910 2760 3979 justus
2794 3912 2992 3979 judex;
3036 3927 3142 3965 non
3174 3913 3348 3968 solum
3386 3931 3484 3969 au-

1914 4013 2018 4058 tem
2050 4004 2202 4069 mihi,
2250 4002 2343 4056 sed
2388 4008 2442 4055 et
2489 4002 2741 4056 omnibus
2783 4004 2876 4071 qui
2922 4004 3152 4073 diligunt
3190 4005 3480 4062 adventum

1910 4098 2029 4166 ejus
2059 4097 2111 4151 ⁶.’
2138 4114 2157 4147 ι

1981 4184 2220 4240 XXXVI.
2263 4182 2480 4239 Nullum
2509 4199 2575 4238 ex
2600 4184 2773 4248 vobis,
2807 4199 2840 4238 ο
2873 4183 3079 4252 Manes,
3114 4186 3356 4242 Calatam
3401 4189 3483 4243 fa-

3231 4335 3246 4366 ¹
3285 4332 3326 4385 ΙΙ
3349 4334 3477 4388 Cor.

2609 4402 2629 4432 ⁸
2663 4401 2875 4456 Coloss.
2911 4418 2971 4469 ιι,
2999 4404 3117 4458 6-9.
3223 4404 3242 4433 ⁸
3270 4405 3309 4457 ll
3337 4403 3478 4459 Tim.

305 4595 416 4664 (8!)
459 4593 530 4647 Ita
562 4588 945 4664 et_Cyprianus
980 4585 1349 4664 haudnprocul
1389 4586 1457 4638 ab
1493 4586 1648 4639 initio
1678 4585 1801 4664 libri
1837 4594 1880 4648 ι)
1906 4585 2047 4664 apud
2073 4584 2465 4664 Tertullianum
2510 4586 2689 4641 versio
2737 4587 3025 4657 improbat,
3076 4602 3198 4655 quae
3241 4586 3482 4657 Vulgata:

233 4652 325 4720 οέ
354 4652 552 4718 unitate
592 4652 873 4722 Ecclesiae,
910 4672 975 4709 ac
1021 4659 1067 4709 si
1121 4652 1307 4708 διίκεο
1344 4665 1489 4709 textu
1531 4668 1674 4709 esset
1703 4655 1799 4717 ὡς.

236 4736 341 4789 Sed
375 4734 594 4802 Vulgata
637 4741 690 4785 et
737 4728 1102 4802 Tertullianus
1138 4725 1383 4793 pluribus
1432 4727 1487 4779 in
1543 4725 1677 4779 locis
1724 4726 1800 4779 le—

231 4816 391 4876 gunt,
424 4798 810 4876 cjiraiigeluni
835 4798 993 4851 lucis.
1036 4815 1055 4846 ι

307 4862 416 4943 (8'2)
456 4862 663 4943 Melius
693 4869 917 4938 Vulgata
941 4907 958 4933 ,
1021 4866 1438 4943 astipulantibus
1484 4862 1756 4933 Cypriano
1782 4903 1798 4923 .

230 4938 551 5008 Ambrosio,
588 4941 913 5009 Hieronymo
948 4946 1003 5009 et
1045 4938 1370 5009 Augustino,
1424 4953 1443 4984 ι
1486 4944 1801 5009 convertere

234 5004 585 5082 Evangclium
620 5004 853 5074 Christi;
877 5027 915 5083 ,ι
946 5008 1069 5061 licet
1100 5004 1464 5060 T'ertullianus
1486 5004 1609 5083 adu.
1650 5004 1798 5083 Mar:-

233 5075 435 5138 ciuem
476 5085 569 5137 lib.
602 5098 678 5143 iv,
726 5095 845 5148 cap.
874 5078 927 5139 5,
957 5095 973 5127 ι
1027 5086 1361 5147 pervertere,
1415 5099 1434 5131 ι
1483 5075 1677 5141 legisse
1717 5075 1799 5125 vi-

232 5156 445 5207 deatur.

307 5226 417 5291 (85)
454 5222 637 5277 Graece
675 5226 778 5285 est,
824 5214 1013 5284 ἁγίων,
1052 5234 1071 5267 ι
1117 5224 1454 5275 sanctorum.
1504 5232 1521 5264 ι
1558 5221 1617 5266 ut
1644 5213 1801 5267 habet

232 5291 485 5346 Vulgata.

308 5335 512 5433 (ἷίίῖιι
544 5358 826 5433 Οδηείιιθηεί
858 5367 1142 5427 corruptus
1174 5365 1255 5410 est
1296 5354 1383 5408 hic
1415 5354 1603 5433 locus,
1624 5353 1799 5433 habet

228 5424 377 5485 enim
403 5424 432 5481 ἰ
469 5436 531 5483 de
576 5424 791 5484 Persida
834 5424 1131 5482 venientem
1166 5437 1381 5491 monet;
1430 5444 1449 5475 ι
1486 5428 1581 5478 sed
1621 5425 1801 5492 legeno

229 5505 383 5559 dum.
418 5522 435 5553 ι
480 5502 711 5563 Manent,
742 5499 823 5551 vel
854 5501 1035 5557 modo,
1066 5508 1167 5550 etc.
1205 5516 1225 5548 ι

305 5574 419 5642 (55)
461 5572 517 5625 ιιι
548 5562 769 5635 Vulgata
799 5570 952 5636 juxta
999 5569 1244 5642 Graecum
1286 5573 1670 5642 textum‘estkr
1698 5562 1800 5642 olo-

230 5634 537 5712 quentium,
572 5634 914 5712 habentium,
945 5639 1364 5712 prohibentium.
1416 5654 1433 5685 ι
1484 5639 1592 5712 ᾼιιι
1641 5634 1803 5712 igitur

234 5706 323 5767 liic
374 5714 560 5766 eodem
626 5713 785 5781 modo
836 5710 1115 5781 legendum
1149 5749 1161 5770 ,
1187 5778 1195 5781 _
1225 5716 1318 5760 aut
1376 5706 1753 5781 corrigendum
1785 5744 1800 5765 ,

240 5802 260 5833 ι
295 5784 658 5854 prohibentes.
698 5797 717 5832 ι
747 5779 851 5836 Sed
895 5779 1034 5832 hanc
1078 5778 1361 5833 lectionem
1390 5778 1610 5833 antiaua
1639 5778 1801 5828 etiam

1906 4655 2008 4707 hac
2036 4656 2087 4708 in
2116 4667 2266 4723 parte
2302 4657 2498 4709 similis
2526 4666 2628 4711 est.

1978 4724 2088 4794 (86)
2121 4724 2186 4777 -ln
2222 4726 2503 4778 Casinensi
2550 4735 2663 4789 est,
2706 4745 2724 4777 ι
2762 4727 2828 4779 ad
2861 4726 3271 4793 perficiendum.
3312 4744 3329 4775 ι
3370 4724 3476 4781 Sed

1906 4792 2148 4861 Vulgata;
2181 4795 2463 4848 lectionem
2499 4796 2827 4849 substituere
2858 4792 3028 4849 satius
3059 4796 3235 4849 visum
3266 4806 3370 4849 est.

1978 4865 2090 4933 (87)
2132 4862 2305 4916 Verba
2339 4865 2448 4927 illa,
2488 4882 2505 4913 ι
2561 4874 2615 4917 et
2664 4866 2785 4919 falsi
2833 4866 3094 4932 apostoli,
3143 4883 3162 4915 ι
3215 4865 3283 4918 ab
3314 4866 3482 4919 inter-

1904 4932 2077 5001 prete'
2122 4932 2369 4986 Archelai
2435 4933 2683 4987 videntur
2750 4935 3000 5003 adjuncta
3031 4977 3046 4999 ,
3100 4935 3480 5001 explicationis

1905 5019 2101 5063 causa;
2157 5019 2279 5055 nam
2334 5018 2433 5055 nec
2482 5005 2533 5055 in
2586 5003 2808 5065 Graeco,
2854 5019 2951 5057 nec
2993 5005 3047 5057 in
3080 5005 3340 5072 Vulgata,
3380 5020 3480 5058 nec

1906 5076 2045 5141 apud
2079 5072 2404 5142 Cyprianum
2433 5074 2677 5141 aliosque
2703 5074 2889 5127 Patres
2924 5074 3193 5142 leguntur.

1978 5090 2045 5126 un
2079 5090 2404 5193 exprimunt
2433 5090 2677 5141 aliosque
2703 5090 2889 5127 Patres
2924 5090 3193 5142 teguntur.

1977 5143 2088 5212 (88)
2177 5158 2366 5212 ocem.)
2398 5160 2415 5192 ι
2450 5159 2633 5211 quam,
2674 5162 2693 5194 ι
2727 5159 2825 5198 nos
2852 5144 3180 5207 addidimus,
3210 5142 3285 5195 ita
3313 5156 3477 5195 sensu

1903 5210 2179 5280 poscente.
2209 5212 2316 5283 ᾼ-ιιι
2351 5210 2507 5274 forte,
2547 5230 2565 5262 ι
2602 5215 2827 5281 scripta,
2866 5231 2884 5263 ι
2920 5214 3226 5283 legendum.

1976 5283 2089 5349 (89)
2127 5283 2187 5334 In
2222 5280 2469 5350 Vulgata,
2508 5301 2523 5333 ι
2560 5280 2809 5336 audistis.
2850 5300 2868 5333 ι

1975 5352 2084 5420 (90)
2122 5351 2197 5404 Ita
2228 5350 2484 5418 Vulgata;
2518 5353 2571 5406 in
2599 5354 2784 5408 codice
2815 5362 2994 5405 autem
3038 5351 3321 5405 Casinensi
3357 5350 3481 5419 legi-

1903 5431 2011 5483 tur,
2056 5442 2075 5472 ι
2118 5422 2171 5474 in
2203 5422 2399 5490 ipsum.
2442 5440 2460 5471 ι

1976 5494 2088 5559 (91)
2128 5488 2440 5545 (lasinensis
2463 5491 2651 5553 codex,
2679 5509 2697 5541 ι
2728 5492 3011 5560 exspoliet,
3036 5501 3088 5546 et
3112 5507 3229 5562 per.
3259 5509 3278 5541 ι
3310 5488 3473 5559 Cypr.

1906 5563 2057 5615 initio
2090 5562 2207 5613 Iilui
2248 5562 2317 5614 De
2347 5563 2477 5614 bono
2506 5562 2806 5630 patiemini,
2848 5564 3038 5625 habet,
3079 5583 3097 5612 ι
3142 5562 3478 5630 όθριιιεόθιιιι*

1906 5648 2001 5700 per
2033 5633 2451 5699 philosophiam.
2498 5651 2515 5681 ι
2551 5629 2738 5684 Graece
2782 5642 2863 5684 est
2909 5629 3237 5700 σρλαγωγῶν
3263 5673 3276 5690 ,
3327 5630 3475 5698 quod

1905 5698 2127 5755 verbum
2161 5698 2409 5770 Vulgata,
2442 5720 2459 5751 ι
2500 5701 2732 5768 decipiat
2753 5742 2765 5761 ,
2804 5719 2823 5751 ι
2861 5710 2916 5755 et
2944 5698 3199 5764 Tertull.,
3230 5700 3309 5755 De
3338 5715 3476 5769 pre:-

1908 5774 2091 5840 script.
2112 5813 2127 5839 ,
2150 5788 2200 5828 c.
2238 5772 2290 5837 7,
2326 5791 2343 5822 ι
2382 5772 2786 5837 circumveniet,
2817 5789 2835 5822 ι
2868 5772 3311 5840 interpretantur.
