3922 6488
453 361 600 414 ⁵1187

1461 359 1638 413 ACTA
1683 355 2207 414 DISPUTATIONIS
2247 356 2303 414 S.
2345 356 2688 412 ARCHELM

3561 359 3714 416 1488

462 477 594 542 cies,
651 491 748 530 nec
770 477 841 530 ita
892 491 988 530 nos
1046 474 1339 530 transferes
1391 475 1499 545 (92)
1558 492 1586 530 a
1635 476 1737 530 fide
1791 475 2027 542 Christi;
2059 480 2102 534 Δ
2132 473 2322 529 Nonne
2374 483 2588 545 Oportet
2638 483 2690 528 te
2747 473 3095 544 multiplicari
3143 485 3402 545 tanquam
3460 476 3712 540 zizania,

461 566 676 620 etiamsi
722 566 876 634 signa
907 574 960 620 et
1005 565 1248 636 prodigia
1295 563 1502 629 facias,
1546 563 1755 618 etiamsi
1790 572 2032 616 mortuos

371 637 388 656 λ
467 659 720 724 suscites,
761 658 973 712 etiamsi
1005 657 1293 728 imaginem
1339 656 1493 710 nobis
1524 654 1674 708 Pauli
1703 655 1875 724 ipsius
1904 653 2032 709 alle-

459 765 574 816 ras,
598 749 883 804 anathema
901 764 982 815 es,
1008 747 1207 802 Satana
1230 747 1338 818 (95)
1360 765 1374 813 ;
1395 746 1761 817 praseriptum
1784 754 1866 800 est
1887 745 2028 799 enim

461 843 528 898 de
556 851 636 909 te;
666 841 969 912 prtemoniti
992 849 1045 895 et
1068 840 1371 910 prazstructi
1401 854 1586 894 sumus
1610 854 1639 892 a
1665 837 1867 892 sanctis
1891 836 2033 891 Scri-

459 935 650 1004 pturis.
690 933 798 990 Vas
820 949 880 989 es
908 933 1246 996 Antichristi,
1270 939 1324 986 ει
1352 946 1526 1000 neque
1553 931 1756 984 bonum
1786 945 1903 995 vas,
1935 928 2031 984 sed

458 1025 735 1080 sordidum
764 1034 818 1080 et
845 1023 1149 1095 indignum.
1191 1023 1454 1094 quodille
1488 1022 1628 1077 sicut
1665 1020 1860 1091 aliquis
1899 1020 2029 1074 bar-

458 1117 625 1171 barus
648 1116 730 1170 vel
761 1125 1042 1187 tyrannus,
1076 1130 1201 1170 cum
1233 1116 1285 1169 in
1316 1129 1412 1170 eos
1435 1113 1528 1184 qui
1572 1113 1673 1168 sub
1707 1113 1882 1182 legum
1917 1111 2027 1183 (94)

453 1212 666 1284 justitia
708 1212 947 1282 degunt,
995 1223 1223 1267 conatur
1265 1213 1514 1278 irruere,
1566 1211 1828 1280 praemisit
1875 1212 2027 1280 prius

453 1315 716 1374 tanquam
749 1304 910 1358 morti
930 1304 1280 1370 destinatum,
1313 1306 1377 1358 ad
1403 1302 1792 1374 explorandum
1825 1312 2028 1372 quanta

453 1406 508 1453 et
535 1396 714 1466 qualis
752 1397 821 1452 sit
851 1396 1077 1467 legitimi
1118 1396 1261 1467 regis
1312 1395 1486 1450 virtus
1530 1411 1596 1450 ac
1646 1394 1830 1464 populi
1865 1413 1878 1448 :
1913 1395 2028 1464 ipse

453 1483 599 1540 enim
635 1484 948 1554 inopinatus
981 1484 1186 1539 irruere
1206 1485 1501 1554 pertimuit,
1533 1483 1624 1540 sed
1652 1499 1826 1553 neque
1859 1485 2026 1540 alium

450 1589 518 1628 ex
568 1574 889 1630 necessariis
930 1575 1064 1631 viris
1104 1575 1318 1630 mittere
1363 1575 1530 1628 ullum
1579 1591 1748 1630 ausus
1790 1584 1908 1641 est,
1958 1590 2027 1631 ne

451 1666 579 1736 quid
647 1676 922 1736 pateretur
978 1667 1211 1722 adversi.
1285 1665 1468 1721 Talem
1537 1676 1589 1722 te
1662 1669 1860 1734 nobis,
1924 1667 2026 1722 sub

450 1758 594 1813 bono
641 1768 694 1812 et
731 1767 920 1812 sancto
966 1774 1089 1828 rege
1127 1759 1354 1828 positis,
1391 1759 1536 1813 velut
1583 1759 1743 1812 morti
1785 1759 2024 1814 destina-

2133 581 2412 635 usqueqno
2466 566 2555 620 ille
2600 567 2714 635 ipse
2764 581 2993 635 magnus
3039 574 3193 636 pater
3240 576 3368 621 tuus
3420 569 3714 633 adveniat,

2132 657 2403 711 suscitans
2436 666 2699 724 mortuos,
2734 672 2872 727 pene
2926 672 3100 726 usque
3139 657 3203 711 ad
3239 659 3542 727 gehennam
3588 676 3714 713 orn-

2132 765 2227 802 nes
2273 765 2604 820 persequens
2649 750 2743 820 qui
2798 750 2902 804 sibi
2964 750 3338 820 obtemperare
3396 751 3713 819 noluerint,

2129 841 2394 910 plurimos
2429 843 2707 897 deterrens
2757 841 3081 911 arrogantiae
3130 850 3275 896 metu
3317 857 3429 911 quo
3460 853 3547 896 est
3596 843 3713 912 ipse

2129 933 2519 1000 circumdatus,
2555 933 2676 988 aliis
2704 933 2970 988 adhibens
2996 932 3193 997 minas,
3223 933 3411 988 vultus
3445 934 3534 987 sui
3575 949 3710 988 con-

2129 1026 2380 1080 versione
2425 1033 2478 1079 et
2523 1024 2992 1080 circumductione
3034 1025 3320 1079 ludilicans
3363 1043 3376 1078 :
3424 1025 3522 1078 sed
3572 1027 3712 1078 ultra

2130 1131 2237 1170 non
2268 1115 2573 1186 proﬁciet”;
2607 1115 2918 1186 insipientia
2950 1117 3092 1170 enim
3127 1117 3243 1186 ejus
3285 1117 3553 1170 omnibus
3591 1131 3712 1186 pen-

2130 1208 2344 1278 vulgata
2377 1208 2500 1273 erit,
2541 1209 2682 1264 sicut
2713 1207 2933 1263 Jamnes
2960 1219 3012 1263 et
3045 1209 3335 1264 Mambres.
3371 1207 3598 1262 Iudices
3623 1210 3712 1262 di-

2126 1309 2315 1352 xerunt
2342 1316 2361 1353 :
2399 1298 2550 1356 Sicut
2576 1317 2641 1354 ex
2670 1309 2724 1355 te
2750 1300 3135 1370 comperimus,
3168 1310 3427 1369 tanquam
3458 1300 3712 1370 apostolo

2126 1391 2295 1446 Paulo
2338 1393 2582 1455 dicente,
2617 1392 2856 1462 [insuper
2899 1391 3061 1444 etiam
3109 1391 3177 1444 ab
3226 1388 3525 1458 Evangelio
3576 1405 3713 1457 pra:-

2127 1485 2400 1539 scribente
2433 1484 2566 1538 nulli
2598 1483 2691 1537 alii
2723 1498 2875 1552 :eque
2908 1482 2962 1536 in
2989 1490 3260 1551 posterum
3287 1481 3401 1549 (99)
3436 1483 3712 1550 praebetur

2127 1577 2403 1646 ingressus
2438 1575 2505 1629 ad
2547 1575 2974 1645 praadicandum,
3006 1574 3087 1628 vel
3131 1573 3466 1637 docendum,
3511 1572 3598 1626 vel
3644 1571 3710 1625 ad

2125 1667 2626 1738 evangelizandum,
2650 1667 2735 1720 vel
2763 1666 3194 1737 prophetandum
3223 1665 3272 1717 in
3300 1666 3402 1717 hac
3429 1664 3547 1716 vita
3575 1663 3710 1716 dun-

2126 1769 2298 1825 taxat,
2335 1759 2439 1813 nisi
2471 1758 2612 1812 forte
2645 1757 2816 1813 falsus
2846 1759 3109 1828 prapheta
3140 1756 3428 1820 habeatur,
3459 1763 3562 1807 aut
3607 1753 3707 1806 fal-

449 1855 591 1916 tum,
641 1864 732 1903 rex
770 1859 894 1905 tuus
926 1823 1188 1918 praemisit
1220 1849 1604 1904 Antichristus.
1645 1849 1712 1903 Et
1757 1850 1870 1904 haec
1906 1850 2022 1918 qui-
2057 1823 2098 1877 Β
2126 1866 2221 1906 sus
2256 1823 2527 1904 Christus.
2579 1847 2731 1902 Unde
2783 1823 2904 1901 cuin
2948 1823 3154 1900 dixeris
3208 1846 3260 1897 in
3316 1841 3491 1896 Paulo
3538 1840 3708 1898 fuisse

449 1940 573 1995 dem
615 1955 723 1994 non
768 1941 1105 2010 inexplorata
1147 1942 1480 2011 proloquor;
1540 1941 1634 1997 sed
1677 1957 1743 1996 ex
1780 1957 1846 1996 eo
1878 1941 2021 2012 quod

449 2031 652 2086 nullam
702 2041 756 2086 te
804 2032 960 2086 video
1009 2032 1188 2086 facere
1227 2031 1505 2098 virtutem,
1541 2032 1612 2086 ita
1640 2032 1706 2087 de
1735 2043 1787 2087 te
1821 2033 2016 2087 sentio.

447 2120 601 2178 Illum
653 2123 796 2178 enim
844 2133 899 2177 et
945 2123 998 2176 in
1051 2122 1301 2194 angelum
1329 2124 1468 2179 lucis
1501 2122 2019 2192 transformandum,

447 2227 503 2275 et
532 2219 815 2275 ministros
844 2219 962 2288 ejus
998 2219 1133 2274 tales
1161 2219 1488 2274 adventuros
1522 2220 1934 2290 praenoscimus,
1967 2228 2019 2274 et

447 2312 602 2382 signa
640 2321 690 2366 et
727 2311 967 2382 prodigia
1011 2312 1285 2375 facturos,
1342 2313 1411 2366 ita
1450 2320 1526 2376 ut,
1561 2313 1605 2367 si
1634 2313 1890 2381 possibile
1926 2313 2018 2379 sit,

444 2404 610 2460 etiam
650 2404 804 2459 electi
857 2404 1183 2458 seducantur
1226 2404 1268 2458 ⁷.
1325 2403 1460 2470 Quis
1507 2419 1637 2474 ergo
1679 2420 1738 2459 es
1785 2412 1880 2470 tu,
1925 2405 2016 2475 qui

447 2513 623 2567 neque
647 2497 1015 2552 necessarium
1044 2497 1280 2566 aliquem
1311 2497 1488 2552 locum
1527 2497 1758 2552 sortitus
1783 2512 1842 2550 es
1870 2511 1898 2549 a
1922 2511 2018 2566 pa-

445 2594 529 2643 tre
585 2596 679 2642 tuo
725 2587 960 2641 Satana?
1009 2587 1144 2641 Nam
1203 2602 1363 2657 quem
1421 2597 1696 2642 mortuum
1751 2588 2021 2644 suscitas?

446 2679 592 2750 quod
641 2678 963 2748 proﬂuvium
1012 2679 1292 2748 sanguinis
1338 2678 1517 2734 sistis?
1558 2677 1706 2744 Quos
1753 2681 1866 2734 luto
1905 2679 2016 2751 (95)

446 2769 572 2825 caeci
605 2768 794 2822 oculos
824 2768 1048 2822 illinitos
1077 2768 1258 2822 videre
1290 2765 1464 2821 facis?
1499 2766 1729 2832 Quando
1771 2770 2018 2824 esurien-

444 2865 553 2910 tem
583 2855 792 2909 turbam
817 2856 1004 2924 paucis
1035 2855 1266 2925 panibus
1295 2856 1510 2910 reﬁcis?
1541 2854 1640 2911 Ubi
1669 2873 1830 2927 super
1849 2873 2018 2928 aquas

444 2945 672 3012 incedis,
704 2954 798 2999 aut
827 2945 950 3015 quis
997 2954 1048 3000 te
1095 2946 1227 3000 vidit
1269 2961 1335 3000 ex
1383 2947 1464 3000 his
1496 2948 1588 3017 qui
1623 2947 1676 3002 in
1715 2947 2014 3004 Jerusalem

443 3035 730 3090 habitant?
772 3034 936 3090 Persa
975 3035 1240 3099 barbare,
1285 3051 1392 3090 non
1443 3036 1754 3092 Graecorum
1797 3039 2016 3110 lingua,

444 3143 553 3182 non
582 3127 983 3198 Egyptiorum,
1015 3143 1125 3181 non
1171 3127 1564 3196 Romanorum,
1596 3146 1705 3184 non
1745 3132 1908 3187 ullius
1937 3132 2016 3186 al-
2041 3161 2084 3217 ο

443 3220 614 3274 terius
642 3219 840 3290 linguae
872 3217 1156 3273 scientiam
1191 3218 1388 3274 habere
1427 3221 1684 3290 potuisti;
1717 3223 1811 3277 sed
1847 3221 2012 3278 Chal-

441 3309 682 3364 datorum
715 3308 824 3380 (96)
858 3309 1058 3373 solum,
1103 3324 1225 3378 quae
1269 3325 1337 3363 ne
1376 3309 1430 3363 in
1462 3327 1747 3366 numerum
1792 3314 2012 3383 quidem

442 3400 676 3465 aliquem
712 3401 959 3465 ducitur;
1011 3401 1218 3455 nullum
1267 3401 1432 3455 alium
1469 3403 1776 3471 loquentem
1824 3408 2013 3464 audire

443 3501 618 3562 potes.
649 3491 767 3546 Non
804 3493 877 3546 ita
912 3491 1144 3560 Spiritus
1177 3503 1417 3560 sanctus,
1458 3494 1598 3548 absit
1633 3497 1736 3551 hoc
1771 3498 2007 3552 malum!

438 3581 535 3636 sed
575 3581 829 3636 omnibus
873 3581 1092 3647 dividit,
1143 3590 1198 3634 et
1249 3583 1431 3635 omnia
1477 3582 1781 3652 linguarum
1814 3601 2010 3656 genera

438 3670 613 3735 novit,
645 3680 698 3723 et
727 3671 968 3739 agnoscit
1005 3672 1275 3735 universa,
1311 3681 1365 3726 et
1399 3673 1654 3728 omnibus
1685 3674 1868 3727 Omnia
1898 3674 2011 3729 eili-

439 3764 608 3828 citur,
638 3763 711 3817 ita
739 3767 795 3816 u't
823 3779 946 3817 eum
978 3764 1140 3818 etiam
1175 3763 1356 3818 cordis
1382 3763 1616 3834 cogitata
1650 3780 1758 3819 non
1785 3766 2003 3821 lateant.

437 3852 581 3920 Quid
610 3855 754 3908 enim
784 3855 914 3910 dicit
955 3853 1271 3924 Scriptura?
1298 3855 1426 3926 quia
1462 3835 1833 3928 unusquisque
1879 3875 2007 3929 pro-

441 3944 559 4013 pria
599 3959 697 3998 sua
735 3944 918 4015 lingua
959 3944 1214 3999 audiebat
1245 3958 1341 4013 per
1373 3942 1712 3998 Paracletum
1748 3944 2006 4015 Spiritum

440 4037 726 4105 loquentes
776 4037 1048 4106 apostolos
1086 4037 1126 4091 ⁸.
1179 4036 1282 4092 Sed
1329 4037 1458 4106 quid
1511 4035 1743 4107 amplius
1783 4037 2010 4095 dicabo?

438 4127 613 4182 Barba
642 4127 754 4199 (97)
787 4130 1040 4184 sacerdos
1072 4129 1302 4193 Mithrae,
1329 4138 1383 4184 et
1405 4129 1658 4196 collusor,
1692 4129 1860 4184 solem
1889 4139 2011 4184 tan-

437 4231 551 4273 tum
589 4220 735 4274 coles
774 4220 1024 4274 Mithram
1058 4221 1302 4275 locorum
1338 4222 1692 4291 mysticorum
1732 4221 2008 4275 illumina-

431 4318 612 4362 -torem
643 4307 775 4381 (98),
814 4318 873 4362 ut
909 4309 1172 4378 opinaris,
1205 4318 1258 4362 et
1291 4309 1596 4374 conscium,
1623 4309 1724 4364 hoc
1755 4318 1838 4364 est
1862 4310 2005 4378 quod

434 4401 575 4469 apud
607 4415 702 4455 eos
729 4401 902 4462 ludes,
939 4410 992 4453 et
1033 4409 1292 4469 tanquam
1324 4400 1544 4468 elegans
1574 4400 1754 4455 minus
1783 4416 2006 4470 perages

2119 1941 2486 2008 Paracletum,
2544 1951 2598 1997 et
2646 1942 2820 2011 ipsum
2876 1940 3059 1994 omnia
3111 1938 3495 2006 consignasse,
3537 1951 3707 2006 quare

2117 2035 2254 2090 dixit
2280 2053 2292 2089 :
2325 2053 2344 2086 ι
2374 2033 2452 2088 Ex
2487 2041 2641 2104 parte
2668 2031 2892 2098 scimus,
2921 2040 2975 2085 et
2999 2046 3062 2085 ex
3091 2038 3240 2100 parte
3263 2028 3705 2098 prOphetamus;

2118 2141 2240 2181 cum
2276 2135 2458 2180 autem
2499 2124 2708 2179 venerit
2745 2123 2888 2194 quod
2936 2121 3233 2192 perfectum
3279 2131 3404 2185 εει,
3458 2122 3511 2175 id
3564 2121 3706 2190 quod

2120 2233 2186 2273 ex
2221 2226 2375 2287 parte
2405 2225 2488 2272 est
2528 2217 2840 2270 destruetur
2885 2214 2928 2245 ³ο
2962 2233 2974 2268 :
3009 2233 3028 2264 ι
3079 2228 3239 2284 quem
3286 2213 3459 2265 alium
3513 2228 3707 2281 exspe-

2117 2317 2292 2374 ctans,
2328 2308 2432 2362 hoc
2464 2307 2636 2362 dixit?
2663 2305 2818 2373 Quod
2853 2306 2898 2360 si
2924 2305 3038 2375 ipse
3062 2305 3351 2359 conﬁtetur
3377 2313 3708 2374 exspectare

2118 2415 2178 2456 se
2213 2399 2449 2468 aliquem
2475 2397 2810 2468 perfectum;
2843 2404 2896 2451 et
2925 2397 2970 2451 si
3004 2395 3187 2450 venire
3212 2395 3456 2464 aliquem
3485 2408 3708 2448 necesse

2117 2499 2230 2554 est,
2263 2490 2489 2544 ostende
2519 2485 2675 2544 nobis
2704 2487 2769 2542 de
2798 2502 2907 2557 quo
2937 2486 3120 2541 dicat?
3160 2501 3228 2540 ne
3271 2485 3417 2539 forte
3465 2484 3521 2539 in
3567 2484 3707 2538 hunc

2116 2581 2366 2636 videatur
2389 2581 2492 2636 iste
2522 2595 2704 2635 sermo
2734 2593 3036 2644 recurrere,
3062 2586 3154 2632 aut
3180 2578 3232 2630 in
3261 2592 3387 2631 eum
3424 2577 3521 2646 qui
3561 2575 3706 2629 misit

2116 2673 2290 2739 illum,
2323 2669 2602 2738 Satanam,
2630 2672 2773 2728 sicut
2823 2680 2876 2725 tu
2925 2671 3083 2726 dicis.
3130 2668 3186 2724 Si
3238 2670 3385 2725 enim
3425 2668 3705 2724 conﬁteris

2117 2771 2402 2817 venturum
2432 2777 2552 2817 esse
2576 2761 2722 2832 quod
2756 2761 3052 2830 perfectum
3087 2769 3191 2827 est,
3218 2775 3328 2814 non
3360 2769 3548 2829 potest
3583 2775 3702 2815 esse

2119 2854 2385 2920 Satanas;
2419 2854 2464 2910 si
2506 2863 2687 2908 autem
2733 2851 2991 2907 Satanam
3036 2861 3344 2922 exspectas,
3376 2866 3492 2906 non
3529 2859 3702 2922 potest

2121 2961 2241 3002 esse
2278 2945 2602 3016 perfectum.

2186 3035 2451 3092 XXXVII.
2487 3036 2776 3091 Archelaus
2799 3036 2934 3091 dixit
2963 3053 2980 3090 :
3008 3035 3276 3102 Quoniam
3308 3052 3420 3092 non
3450 3037 3573 3093 sine
3596 3036 3704 3090 Deo

2117 3127 2260 3183 dicta
2296 3136 2423 3183 sunt
2449 3142 2568 3197 qu:e
2601 3143 2631 3181 a
2667 3127 2824 3181 beato
2859 3127 3026 3181 Paulo
3055 3127 3263 3196 prolata
3294 3136 3448 3190 sunt,
3493 3137 3699 3181 certum

2115 3227 2218 3284 est,
2249 3219 2391 3289 quod
2425 3216 2712 3272 Dominum
2751 3227 2997 3274 nostrum
3031 3215 3214 3272 Jesum
3238 3216 3526 3272 Christum
3548 3218 3700 3270 dixe-

2116 3309 2186 3363 rit
2209 3309 2630 3378 exspectandum
2663 3323 2785 3362 esse
2809 3307 3127 3378 perfectum,
3163 3308 3255 3376 qui
3285 3307 3442 3362 solus
3477 3305 3696 3361 Patrem

2114 3399 2294 3465 novit,
2321 3407 2376 3453 et
2419 3399 2504 3454 cui
2548 3398 2781 3453 voluerit
2807 3397 3048 3453 revelare
3078 3399 3142 3464 “,
3187 3398 3328 3451 sicut
3356 3413 3592 3467 possum
3635 3412 3696 3449 ex

2114 3490 2294 3545 verbis
2325 3491 2499 3560 ipsius
2531 3491 2929 3544 demonstrare.
2968 3488 3071 3542 Sed
3106 3488 3256 3558 quia,
3302 3504 3432 3542 cum
3489 3488 3698 3542 venerit

2113 3579 2261 3651 quod
2292 3580 2590 3651 perfectum
2624 3590 2728 3647 est,
2763 3581 3072 3636 destruetur
3125 3580 3176 3634 id
3229 3579 3375 3650 quod
3425 3595 3494 3633 ex
3548 3591 3700 3649 parte

2113 3681 2226 3739 est;
2265 3673 2366 3728 iste
2395 3689 2525 3728 vero
2556 3689 2675 3728 sese
2712 3681 2989 3728 asseverat
3014 3686 3134 3727 esse
3168 3670 3517 3739 perfectum;
3565 3673 3696 3740 quid

2111 3765 2378 3820 destruxit
2421 3767 2671 3821 ostendat
2711 3784 2724 3820 :
2763 3765 2909 3835 quod
2961 3765 3105 3819 enim
3153 3763 3493 3831 destruetur,
3546 3765 3697 3834 igno-

2114 3856 2292 3911 rantia
2322 3866 2406 3912 est
2442 3873 2564 3927 quae
2597 3859 2650 3912 in
2688 3857 2844 3912 nobis
2869 3865 2970 3912 est.
3005 3855 3160 3910 Dicat
3186 3855 3371 3926 igitur,
3417 3857 3557 3928 quid
3605 3857 3694 3912 de-

2110 3947 2331 4012 struxit,
2381 3948 2512 4018 quid
2557 3948 2610 4004 in
2647 3949 2894 4005 notitiam
2940 3948 3204 4022 protulit?
3239 3947 3292 4004 Si
3337 3953 3473 4020 quid
3521 3950 3695 4005 facere

2108 4047 2304 4110 potest,
2339 4037 2518 4105 faciat,
2549 4051 2606 4096 ut
2643 4043 2794 4097 credi
2826 4044 2875 4097 ei
2906 4043 3116 4113 possit?
3146 4041 3339 4096 Sermo
3387 4057 3528 4096 vero
3571 4043 3689 4105 iste,

2109 4141 2369 4199 quantam
2403 4131 2599 4186 habeat
2628 4132 2905 4196 virtutem,
2954 4133 2998 4186 si
3029 4132 3265 4202 potuerit
3293 4131 3588 4202 diligenter
3615 4131 3692 4182 in-

2107 4221 2299 4292 telligi,
2333 4223 2406 4276 ita
2437 4223 2652 4277 demum
2685 4225 2830 4278 credi
2859 4225 3057 4293 poterit
3098 4224 3184 4279 his
3212 4238 3334 4292 quaa
3371 4238 3402 4277 a
3437 4238 3530 4276 me
3573 4223 3690 4276 fue-

2113 4313 2227 4368 rint
2253 4323 2483 4369 asserta.
2514 4313 2681 4384 Igitur
2713 4316 2766 4369 in
2800 4316 2973 4384 prima
3003 4315 3070 4369 ad
3099 4314 3419 4370 Corinthios
3441 4312 3688 4383 Epistola

2113 4405 2228 4458 haec
2277 4404 2408 4459 dicit
2453 4403 2656 4459 Paulus
2695 4405 2762 4460 de
2794 4403 3065 4474 perfecto,
3098 4405 3193 4474 qui
3247 4413 3517 4458 venturus
3564 4412 3686 4456 est:

432 4492 717 4563 mysteria.
754 4490 953 4546 Verum
977 4491 1107 4562 quid
1136 4506 1236 4560 ego
1263 4491 1379 4546 haec
1404 4491 1750 4559 indignanter
1771 4492 2009 4561 accipio?
2042 4492 2084 4546 D
2120 4514 2138 4547 ι
2171 4495 2296 4552 Sive
2336 4496 2635 4566 prOphetiae
2677 4497 3044 4560 destruantur,
3094 4496 3208 4550 sive
3253 4495 3454 4565 linguae
3505 4509 3688 4550 cessa-

505 4627 530 4660 ⁷
558 4625 747 4682 Matth.
787 4645 932 4692 xxrv,
965 4629 1054 4684 24;

503 4746 617 4814 (92)
653 4747 713 4816 in
741 4747 932 4802 eodem
964 4747 1150 4802 codice
1173 4747 1580 4816 corruptissime
1600 4747 1812 4816 legitur,
1850 4766 1867 4798 ι
1899 4747 2005 4802 Ga-

430 4817 598 4871 latatn
645 4815 807 4871 facies
839 4819 1008 4878 vicit,
1064 4833 1097 4871 ο
1128 4815 1351 4872 nostras
1372 4816 1533 4871 feras.
1585 4836 1602 4868 ι
1653 4815 1762 4871 Nos
1789 4820 2000 4872 modica

431 4886 731 4941 mutatione
753 4887 928 4940 locum
960 4889 1104 4941 hunc
1127 4888 1414 4942 restituere
1440 4887 1617 4942 conati
1648 4902 1856 4941 sumus.

503 4957 619 5022 (95)
661 4954 724 5009 Ει
766 4957 853 5009 hic
893 4958 1028 5011 mire
1055 4957 1380 5026 depravatus
1408 4968 1492 5012 est
1537 4957 1678 5010 idem
1715 4958 1904 5024 codex,
1946 4958 2000 5011 in

430 5043 539 5096 quo
571 5025 787 5096 legitur,
834 5045 853 5076 ι
899 5025 1185 5081 anathema
1212 5042 1332 5082 esse
1375 5042 1498 5080 ana.
1541 5045 1558 5077 ι
1599 5025 1865 5096 Αιιγιτεειε
1903 5043 2002 5082 nos

431 5095 902 5150 entendaverimus
921 5096 1204 5150 doctorum
1225 5097 1642 5165 estojudicium.
1679 5095 1805 5150 Vide
1836 5097 1998 5150 etiam

432 5181 500 5219 an
531 5165 908 5229 corrigendum
939 5166 1028 5229 sit,
1067 5184 1084 5215 ι
1123 5168 1408 5220 anathema
1449 5182 1506 5220 es
1539 5177 1592 5219 et
1613 5169 1950 5220 maranatha.
1980 5186 1998 5218 ι

505 5235 618 5300 (94)
657 5235 790 5304 Υιύε
819 5250 908 5300 an,
946 5253 964 5286 ι
1003 5251 1210 5304 regum.
1249 5256 1266 5286 ›

505 5304 620 5373 (95)
656 5303 712 5357 lu
748 5303 1105 5370 Casinensiﬁ
1139 5306 1281 5374 quod
1312 5305 1450 5358 luto.
1486 5325 1504 5356 ι

511 5373 623 5443 (96)
663 5374 1039 5428 Chaldaeorum
1070 5373 1334 5445 siquidem
1360 5376 1595 5443 linguam
1625 5375 1860 5445 Syriaca:
1887 5373 2004 5428 dia-

436 5443 630 5497 lectum
669 5460 791 5500 esse
829 5446 991 5498 tradit
1029 5443 1409 5514 Abulfaragius
1455 5449 1510 5497 in
1545 5443 1787 5498 Historia
1833 5445 2003 5513 dyna-

436 5513 681 5584 stiarum,
711 5530 832 5584 pag.
867 5515 952 5568 11.

510 5583 620 5652 (97)
651 5583 726 5638 lta
750 5583 803 5638 in
826 5583 1010 5640 codice
1033 5583 1342 5644 Casinensi,
1375 5583 1518 5654 quod
1544 5593 1720 5639 tamen
1754 5585 1996 5640 nonnulli

438 5653 669 5710 fortasse
715 5655 1106 5725 emendapdum
1160 5665 1410 5725 putarent
1453 5654 1555 5708 hoc
1597 5665 1778 5724 pacto,
1822 5674 1839 5705 ι
1869 5657 1997 5725 quid

435 5725 670 5792 amplius
697 5725 905 5778 dicam?
926 5722 1182 5779 Barbare.
1211 5744 1230 5777 ι
1261 5722 1366 5778 Sed
1393 5725 1505 5778 lieri
1533 5722 1729 5793 potest,
1757 5736 1815 5778 ut
1838 5722 1999 5779 verbo

441 5813 462 5850 ι
491 5797 672 5853 dicare
703 5812 722 5848 ι
764 5809 895 5850 ιιειιε
925 5795 996 5852 sit
1032 5795 1186 5851 rudis
1223 5795 1488 5864 interpres
1522 5810 1619 5865 pro
1651 5796 1997 5866 contendere,

1132 4629 1154 4660 ⁸
1193 4629 1309 4683 Act.
1343 4645 1405 4693 ιι,
1436 4629 1488 4684 6.
1565 4632 1584 4662 ⁹
1625 4627 1666 4681 ll
1697 4627 1837 4682 Tim.
1873 4647 1952 4697 ιιι,
1983 4632 2038 4698 8,
2070 4633 2121 4688 9.

2202 4634 2244 4665 '°
2283 4632 2301 4686 l
2333 4633 2457 4689 Cor.
2507 4650 2625 4697 xui,
2660 4635 2714 4698 9,
2748 4634 2834 4702 l0,
2911 4633 2949 4666 “
2989 4633 3176 4687 Matth.
3219 4649 3306 4699 ιιι,
3342 4632 3435 4688 27.

2113 4749 2289 4804 dicam
2327 4749 2562 4817 trahere,
2600 4750 2681 4804 vel
2714 4750 2950 4804 dicarem
2987 4764 3126 4804 esse.

2178 4821 2290 4890 (98)
2330 4819 2461 4886 Quae
2487 4832 2808 4890 sequuntur,
2844 4821 3041 4874 nostris
3067 4817 3397 4887 conjecturis
3425 4818 3687 4872 emenda-

2107 4891 2317 4955 vimus;
2354 4905 2477 4943 nam
2511 4891 2564 4942 in
2596 4891 2884 4944 Casinensi
2923 4890 3106 4944 codice
3139 4890 3225 4941 hic
3257 4890 3394 4940 mire
3421 4899 3686 4956 corrupto

2105 4962 2381 5030 scribitur,
2419 4978 2436 5010 ‹
2467 4961 2706 5014 locorum
2750 4961 3129 5030 mysteriorum
3177 4957 3622 5030 illuminatorein.
3659 4975 3679 5006 ι

2105 5029 2250 5094 Mox,
2282 5049 2299 5079 ι
2337 5031 2479 5098 apud
2513 5045 2606 5083 eos
2655 5026 2820 5082 ludis.
2852 5049 2869 5080 ι
2901 5028 2964 5081 Ει
3013 5026 3172 5090 infra,
3203 5047 3219 5077 ι
3251 5028 3542 5080 adveniat?
3586 5043 3682 5079 su-

2107 5101 2309 5155 scitans
2345 5098 2628 5153 mortuos?
2659 5114 2796 5167 pene
2845 5114 3016 5167 usque
3054 5099 3119 5150 ad
3153 5098 3456 5166 gehennam
3489 5111 3682 5150 omnes

2107 5184 2460 5240 persequens,
2495 5171 2590 5239 qui
2621 5170 2666 5223 si
2716 5179 2774 5221 ut
2805 5175 3177 5240 obtemperare
3210 5167 3464 5240 noluerit,
3507 5167 3677 5240 pluri-

2110 5235 2228 5293 inos
2260 5235 2535 5292 deterrcns
2568 5240 2892 5307 arrOgantia:
2924 5247 3090 5290 metu.
3117 5235 3268 5301 Quod
3299 5245 3383 5289 est
3425 5237 3543 5304 ipse
3574 5237 3676 5288 cir-

2109 5309 2414 5374 cumdatus,
2458 5309 2577 5363 aliis
2611 5310 2824 5362 adhibet
2873 5309 3047 5361 minas
3093 5310 3272 5359 vultus
3311 5309 3394 5359 sui
3445 5320 3677 5359 conver-

2108 5381 2260 5433 sione
2289 5379 2642 5433 eircumdatio
2667 5378 2924 5432 ludilieat.
2953 5376 3077 5440 Sed,
3111 5395 3128 5426 ι
3157 5387 3257 5430 etc.
3286 5374 3474 5429 Manes
3496 5385 3673 5428 autem

2109 5457 2366 5517 tanquam
2396 5448 2606 5502 Mithra:
2651 5449 2906 5503 sacerdos
2954 5447 3453 5517 traducitur,_quia
3505 5455 3670 5500 solem

2106 5515 2503 5572 venerabantur
2533 5518 2837 5580 Manicluei,
2871 5529 2929 5571 ut
2959 5517 3085 5570 alibi
3119 5515 3362 5569 ostendo.

2175 5587 2286 5657 (99)
2327 5587 2384 5642 In
2433 5588 2717 5642 Casinensi
2765 5597 2869 5653 est,
2907 5606 2924 5638 ι
2960 5587 3091 5640 nulli
3130 5586 3238 5639 alio
3280 5595 3446 5655 atque
3491 5591 3670 5657 postb

2104 5673 2222 5710 rum
2245 5654 2319 5722 ς’»
2369 5674 2528 5729 quem
2578 5659 2790 5727 locum,
2844 5659 2918 5714 uti
2974 5657 3177 5712 editum
3222 5664 3305 5710 est
3358 5654 3670 5724 degentium

2104 5744 2311 5782 CCIISUI.
