  <div class='ocr_page' id='page_1' title='image "/cluster/home/n/w/nwhite01/storage/ocr_20150623/10/hvd.32044019207620/754.png"; bbox 0 0 3922 6484; ppageno 0'>
   <div class='ocr_carea' id='block_1_1' title="bbox 224 352 361 406">
    <p class='ocr_par' dir='ltr' id='par_1_1' title="bbox 224 352 361 406">
     <span class='ocr_line' id='line_1_1' title="bbox 224 352 361 406; baseline 0.007 -1"><span class='ocrx_word' id='word_1_1' title='bbox 224 352 361 406; x_wconf 71' lang='lat'><strong>“89</strong></span> 
     </span>
    </p>
   </div>
   <div class='ocr_carea' id='block_1_2' title="bbox 1314 359 2349 420">
    <p class='ocr_par' dir='ltr' id='par_1_2' title="bbox 1314 359 2349 420">
     <span class='ocr_line' id='line_1_2' title="bbox 1314 359 2349 420; baseline 0.005 -6"><span class='ocrx_word' id='word_1_2' title='bbox 1314 360 1458 417; x_wconf 79' lang='lat' dir='ltr'><strong>CUM</strong></span> <span class='ocrx_word' id='word_1_3' title='bbox 1500 359 1777 414; x_wconf 78' lang='lat' dir='ltr'><strong>MANETE</strong></span> <span class='ocrx_word' id='word_1_4' title='bbox 1818 360 2349 420; x_wconf 61' lang='lat' dir='ltr'><strong>HxERESIARCHA.</strong></span> 
     </span>
    </p>
   </div>
   <div class='ocr_carea' id='block_1_3' title="bbox 3335 370 3470 426">
    <p class='ocr_par' dir='ltr' id='par_1_3' title="bbox 3335 370 3470 426">
     <span class='ocr_line' id='line_1_3' title="bbox 3335 370 3470 426; baseline 0.015 -2"><span class='ocrx_word' id='word_1_5' title='bbox 3335 370 3361 424; x_wconf 74' lang='grc' dir='ltr'><strong>Ι</strong></span> <span class='ocrx_word' id='word_1_6' title='bbox 3368 371 3470 426; x_wconf 69' lang='grc'><strong>490</strong></span> 
     </span>
    </p>
   </div>
   <div class='ocr_carea' id='block_1_4' title="bbox 222 466 3469 552">
    <p class='ocr_par' dir='ltr' id='par_1_4' title="bbox 222 466 3469 552">
     <span class='ocr_line' id='line_1_4' title="bbox 222 466 3469 552; baseline 0.006 -32"><span class='ocrx_word' id='word_1_7' title='bbox 222 467 379 530; x_wconf 87' lang='lat' dir='ltr'><strong>bunt,</strong></span> <span class='ocrx_word' id='word_1_8' title='bbox 416 467 530 520; x_wconf 86' lang='lat' dir='ltr'><strong>sive</strong></span> <span class='ocrx_word' id='word_1_9' title='bbox 569 466 794 523; x_wconf 89' lang='lat' dir='ltr'><strong>scientia</strong></span> <span class='ocrx_word' id='word_1_10' title='bbox 831 468 1169 538; x_wconf 78' lang='lat' dir='ltr'><strong>destruetur;</strong></span> <span class='ocrx_word' id='word_1_11' title='bbox 1204 489 1267 527; x_wconf 77' lang='lat' dir='ltr'><strong>ex</strong></span> <span class='ocrx_word' id='word_1_12' title='bbox 1312 484 1464 543; x_wconf 88' lang='lat' dir='ltr'><strong>parte</strong></span> <span class='ocrx_word' id='word_1_13' title='bbox 1501 474 1646 528; x_wconf 92' lang='lat' dir='ltr'><strong>enim</strong></span> <span class='ocrx_word' id='word_1_14' title='bbox 1693 476 1801 530; x_wconf 82' lang='lat' dir='ltr'><strong>sci-</strong></span> <span class='ocrx_word' id='word_1_15' title='bbox 1831 479 1878 534; x_wconf 78' lang='grc' dir='ltr'><strong>Α</strong></span> <span class='ocrx_word' id='word_1_16' title='bbox 1974 476 2262 536; x_wconf 71' lang='lat' dir='ltr'><strong>XXXVII].</strong></span> <span class='ocrx_word' id='word_1_17' title='bbox 2308 480 2373 533; x_wconf 90' lang='lat' dir='ltr'><strong>Et</strong></span> <span class='ocrx_word' id='word_1_18' title='bbox 2421 497 2518 552; x_wconf 90' lang='lat' dir='ltr'><strong>ego</strong></span> <span class='ocrx_word' id='word_1_19' title='bbox 2564 482 2783 552; x_wconf 85' lang='lat' dir='ltr'><strong>quidem</strong></span> <span class='ocrx_word' id='word_1_20' title='bbox 2817 484 3063 540; x_wconf 83' lang='lat' dir='ltr'><strong>beatiﬁco</strong></span> <span class='ocrx_word' id='word_1_21' title='bbox 3117 483 3469 551; x_wconf 82' lang='lat' dir='ltr'><strong>Marcionem,</strong></span> 
     </span>
    </p>
   </div>
   <div class='ocr_carea' id='block_1_5' title="bbox 223 563 1799 631">
    <p class='ocr_par' dir='ltr' id='par_1_5' title="bbox 223 563 1799 631">
     <span class='ocr_line' id='line_1_5' title="bbox 223 563 1799 631; baseline 0.006 -22"><span class='ocrx_word' id='word_1_22' title='bbox 223 573 367 619; x_wconf 82' lang='lat' dir='ltr'><strong>mus,</strong></span> <span class='ocrx_word' id='word_1_23' title='bbox 394 565 446 610; x_wconf 91' lang='lat' dir='ltr'><strong>et</strong></span> <span class='ocrx_word' id='word_1_24' title='bbox 479 572 541 610; x_wconf 73' lang='lat' dir='ltr'><strong>es</strong></span> <span class='ocrx_word' id='word_1_25' title='bbox 576 569 727 627; x_wconf 88' lang='lat' dir='ltr'><strong>parte</strong></span> <span class='ocrx_word' id='word_1_26' title='bbox 768 563 1175 631; x_wconf 78' lang='lat' dir='ltr'><strong>prephetatnus.</strong></span> <span class='ocrx_word' id='word_1_27' title='bbox 1208 563 1344 618; x_wconf 91' lang='lat' dir='ltr'><strong>Cum</strong></span> <span class='ocrx_word' id='word_1_28' title='bbox 1381 573 1559 617; x_wconf 89' lang='lat' dir='ltr'><strong>autem</strong></span> <span class='ocrx_word' id='word_1_29' title='bbox 1591 565 1799 619; x_wconf 89' lang='lat' dir='ltr'><strong>venerit</strong></span> 
     </span>
    </p>
   </div>
   <div class='ocr_carea' id='block_1_6' title="bbox 218 648 1796 724">
    <p class='ocr_par' dir='ltr' id='par_1_6' title="bbox 218 648 1796 724">
     <span class='ocr_line' id='line_1_6' title="bbox 218 648 1796 724; baseline 0.006 -25"><span class='ocrx_word' id='word_1_30' title='bbox 218 649 363 717; x_wconf 88' lang='lat' dir='ltr'><strong>quod</strong></span> <span class='ocrx_word' id='word_1_31' title='bbox 394 648 690 717; x_wconf 86' lang='lat' dir='ltr'><strong>perfectum</strong></span> <span class='ocrx_word' id='word_1_32' title='bbox 732 661 842 719; x_wconf 88' lang='lat' dir='ltr'><strong>est,</strong></span> <span class='ocrx_word' id='word_1_33' title='bbox 878 654 929 708; x_wconf 89' lang='lat' dir='ltr'><strong>id</strong></span> <span class='ocrx_word' id='word_1_34' title='bbox 962 654 1107 724; x_wconf 86' lang='lat' dir='ltr'><strong>quod</strong></span> <span class='ocrx_word' id='word_1_35' title='bbox 1132 670 1197 709; x_wconf 84' lang='lat' dir='ltr'><strong>ex</strong></span> <span class='ocrx_word' id='word_1_36' title='bbox 1223 664 1374 724; x_wconf 89' lang='lat' dir='ltr'><strong>parte</strong></span> <span class='ocrx_word' id='word_1_37' title='bbox 1403 665 1505 721; x_wconf 90' lang='lat' dir='ltr'><strong>est,</strong></span> <span class='ocrx_word' id='word_1_38' title='bbox 1550 657 1796 711; x_wconf 77' lang='lat' dir='ltr'><strong>destrue-</strong></span> 
     </span>
    </p>
   </div>
   <div class='ocr_carea' id='block_1_7' title="bbox 218 739 1796 814">
    <p class='ocr_par' dir='ltr' id='par_1_7' title="bbox 218 739 1796 814">
     <span class='ocr_line' id='line_1_7' title="bbox 218 739 1796 814; baseline 0.004 -21"><span class='ocrx_word' id='word_1_39' title='bbox 218 748 311 793; x_wconf 90' lang='lat' dir='ltr'><strong>tur</strong></span> <span class='ocrx_word' id='word_1_40' title='bbox 334 741 399 793; x_wconf 81' lang='grc'><strong>¹².</strong></span> <span class='ocrx_word' id='word_1_41' title='bbox 432 760 450 791; x_wconf 84' lang='grc' dir='ltr'><strong>ι</strong></span> <span class='ocrx_word' id='word_1_42' title='bbox 483 739 614 796; x_wconf 90' lang='lat' dir='ltr'><strong>Vide</strong></span> <span class='ocrx_word' id='word_1_43' title='bbox 640 758 770 814; x_wconf 90' lang='lat' dir='ltr'><strong>ergo</strong></span> <span class='ocrx_word' id='word_1_44' title='bbox 794 756 1051 814; x_wconf 83' lang='lat' dir='ltr'><strong>quantam</strong></span> <span class='ocrx_word' id='word_1_45' title='bbox 1085 748 1138 800; x_wconf 93' lang='lat' dir='ltr'><strong>in</strong></span> <span class='ocrx_word' id='word_1_46' title='bbox 1173 763 1291 801; x_wconf 92' lang='lat' dir='ltr'><strong>sese</strong></span> <span class='ocrx_word' id='word_1_47' title='bbox 1324 747 1516 801; x_wconf 79' lang='lat' dir='ltr'><strong>habeat</strong></span> <span class='ocrx_word' id='word_1_48' title='bbox 1545 748 1796 801; x_wconf 89' lang='lat' dir='ltr'><strong>virtutem</strong></span> 
     </span>
    </p>
   </div>
   <div class='ocr_carea' id='block_1_8' title="bbox 218 830 1799 908">
    <p class='ocr_par' dir='ltr' id='par_1_8' title="bbox 218 830 1799 908">
     <span class='ocr_line' id='line_1_8' title="bbox 218 830 1799 908; baseline 0.006 -26"><span class='ocrx_word' id='word_1_49' title='bbox 218 831 366 899; x_wconf 90' lang='lat' dir='ltr'><strong>quod</strong></span> <span class='ocrx_word' id='word_1_50' title='bbox 397 830 696 900; x_wconf 90' lang='lat' dir='ltr'><strong>perfectum</strong></span> <span class='ocrx_word' id='word_1_51' title='bbox 745 843 861 903; x_wconf 91' lang='lat' dir='ltr'><strong>est,</strong></span> <span class='ocrx_word' id='word_1_52' title='bbox 899 846 951 891; x_wconf 90' lang='lat' dir='ltr'><strong>et</strong></span> <span class='ocrx_word' id='word_1_53' title='bbox 984 839 1142 906; x_wconf 84' lang='lat' dir='ltr'><strong>cujus</strong></span> <span class='ocrx_word' id='word_1_54' title='bbox 1190 840 1260 893; x_wconf 87' lang='lat' dir='ltr'><strong>sit</strong></span> <span class='ocrx_word' id='word_1_55' title='bbox 1291 838 1498 893; x_wconf 89' lang='lat' dir='ltr'><strong>ordinis</strong></span> <span class='ocrx_word' id='word_1_56' title='bbox 1534 840 1632 893; x_wconf 89' lang='lat' dir='ltr'><strong>ista</strong></span> <span class='ocrx_word' id='word_1_57' title='bbox 1678 856 1799 908; x_wconf 72' lang='lat' dir='ltr'><strong>per-</strong></span> 
     </span>
    </p>
   </div>
   <div class='ocr_carea' id='block_1_9' title="bbox 218 918 1799 999">
    <p class='ocr_par' dir='ltr' id='par_1_9' title="bbox 218 918 1799 999">
     <span class='ocr_line' id='line_1_9' title="bbox 218 918 1799 999; baseline 0.008 -28"><span class='ocrx_word' id='word_1_58' title='bbox 218 918 401 973; x_wconf 78' lang='lat' dir='ltr'><strong>fectio.</strong></span> <span class='ocrx_word' id='word_1_59' title='bbox 441 920 594 976; x_wconf 89' lang='lat' dir='ltr'><strong>Dicat</strong></span> <span class='ocrx_word' id='word_1_60' title='bbox 641 932 819 978; x_wconf 89' lang='lat' dir='ltr'><strong>autem</strong></span> <span class='ocrx_word' id='word_1_61' title='bbox 859 925 959 981; x_wconf 87' lang='lat' dir='ltr'><strong>iste</strong></span> <span class='ocrx_word' id='word_1_62' title='bbox 991 944 1151 997; x_wconf 90' lang='lat' dir='ltr'><strong>quam</strong></span> <span class='ocrx_word' id='word_1_63' title='bbox 1197 930 1524 984; x_wconf 83' lang='lat' dir='ltr'><strong>destruxerit</strong></span> <span class='ocrx_word' id='word_1_64' title='bbox 1566 930 1799 999; x_wconf 88' lang='lat' dir='ltr'><strong>prophe-</strong></span> 
     </span>
    </p>
   </div>
   <div class='ocr_carea' id='block_1_10' title="bbox 217 1010 1799 1092">
    <p class='ocr_par' dir='ltr' id='par_1_10' title="bbox 217 1010 1799 1092">
     <span class='ocr_line' id='line_1_10' title="bbox 217 1010 1799 1092; baseline 0.008 -30"><span class='ocrx_word' id='word_1_65' title='bbox 217 1011 351 1063; x_wconf 84' lang='lat' dir='ltr'><strong>tiam</strong></span> <span class='ocrx_word' id='word_1_66' title='bbox 379 1010 689 1067; x_wconf 72' lang='lat' dir='ltr'><strong>Judaeorum</strong></span> <span class='ocrx_word' id='word_1_67' title='bbox 721 1031 784 1071; x_wconf 86' lang='lat' dir='ltr'><strong>ae</strong></span> <span class='ocrx_word' id='word_1_68' title='bbox 809 1015 1181 1083; x_wconf 69' lang='lat' dir='ltr'><strong>Hebraeorum,</strong></span> <span class='ocrx_word' id='word_1_69' title='bbox 1212 1037 1307 1075; x_wconf 88' lang='lat' dir='ltr'><strong>seu</strong></span> <span class='ocrx_word' id='word_1_70' title='bbox 1337 1021 1411 1092; x_wconf 91' lang='lat' dir='ltr'>(l)</span> <span class='ocrx_word' id='word_1_71' title='bbox 1441 1022 1653 1092; x_wconf 87' lang='lat' dir='ltr'><strong>linguas</strong></span> <span class='ocrx_word' id='word_1_72' title='bbox 1683 1037 1799 1075; x_wconf 89' lang='lat' dir='ltr'><strong>ces-</strong></span> 
     </span>
    </p>
   </div>
   <div class='ocr_carea' id='block_1_11' title="bbox 218 1100 1795 1181">
    <p class='ocr_par' dir='ltr' id='par_1_11' title="bbox 218 1100 1795 1181">
     <span class='ocr_line' id='line_1_11' title="bbox 218 1100 1795 1181; baseline 0.008 -27"><span class='ocrx_word' id='word_1_73' title='bbox 218 1116 342 1155; x_wconf 88' lang='lat' dir='ltr'><strong>sare</strong></span> <span class='ocrx_word' id='word_1_74' title='bbox 373 1100 496 1157; x_wconf 88' lang='lat' dir='ltr'><strong>fecit</strong></span> <span class='ocrx_word' id='word_1_75' title='bbox 527 1103 862 1169; x_wconf 61' lang='lat' dir='ltr'><strong>Graecorum,</strong></span> <span class='ocrx_word' id='word_1_76' title='bbox 894 1120 987 1164; x_wconf 91' lang='lat' dir='ltr'><strong>aut</strong></span> <span class='ocrx_word' id='word_1_77' title='bbox 1020 1126 1207 1165; x_wconf 89' lang='lat' dir='ltr'><strong>eorum</strong></span> <span class='ocrx_word' id='word_1_78' title='bbox 1252 1113 1343 1181; x_wconf 91' lang='lat' dir='ltr'><strong>qui</strong></span> <span class='ocrx_word' id='word_1_79' title='bbox 1390 1113 1531 1166; x_wconf 92' lang='lat' dir='ltr'><strong>idola</strong></span> <span class='ocrx_word' id='word_1_80' title='bbox 1582 1114 1795 1177; x_wconf 91' lang='lat' dir='ltr'><strong>colunt,</strong></span> 
     </span>
    </p>
   </div>
   <div class='ocr_carea' id='block_1_12' title="bbox 216 1196 1799 1271">
    <p class='ocr_par' dir='ltr' id='par_1_12' title="bbox 216 1196 1799 1271">
     <span class='ocr_line' id='line_1_12' title="bbox 216 1196 1799 1271; baseline 0.009 -26"><span class='ocrx_word' id='word_1_81' title='bbox 216 1196 302 1247; x_wconf 85' lang='lat' dir='ltr'><strong>vel</strong></span> <span class='ocrx_word' id='word_1_82' title='bbox 348 1212 468 1264; x_wconf 58' lang='lat' dir='ltr'><strong>quae.</strong></span> <span class='ocrx_word' id='word_1_83' title='bbox 510 1198 612 1252; x_wconf 90' lang='lat' dir='ltr'><strong>alia</strong></span> <span class='ocrx_word' id='word_1_84' title='bbox 655 1200 906 1269; x_wconf 84' lang='lat' dir='ltr'><strong>dogmata</strong></span> <span class='ocrx_word' id='word_1_85' title='bbox 951 1204 1242 1268; x_wconf 79' lang='lat' dir='ltr'><strong>destruxit,</strong></span> <span class='ocrx_word' id='word_1_86' title='bbox 1290 1205 1673 1271; x_wconf 85' lang='lat' dir='ltr'><strong>Valentiniani,</strong></span> <span class='ocrx_word' id='word_1_87' title='bbox 1707 1217 1799 1259; x_wconf 91' lang='lat' dir='ltr'><strong>aut</strong></span> 
     </span>
    </p>
   </div>
   <div class='ocr_carea' id='block_1_13' title="bbox 216 1283 1799 1366">
    <p class='ocr_par' dir='ltr' id='par_1_13' title="bbox 216 1283 1799 1366">
     <span class='ocr_line' id='line_1_13' title="bbox 216 1283 1799 1366; baseline 0.009 -29"><span class='ocrx_word' id='word_1_88' title='bbox 216 1283 532 1352; x_wconf 85' lang='lat' dir='ltr'><strong>Marcionis,</strong></span> <span class='ocrx_word' id='word_1_89' title='bbox 576 1299 669 1343; x_wconf 89' lang='lat' dir='ltr'><strong>aut</strong></span> <span class='ocrx_word' id='word_1_90' title='bbox 711 1290 957 1356; x_wconf 87' lang='lat' dir='ltr'><strong>Tatiani,</strong></span> <span class='ocrx_word' id='word_1_91' title='bbox 988 1305 1080 1348; x_wconf 89' lang='lat' dir='ltr'><strong>aut</strong></span> <span class='ocrx_word' id='word_1_92' title='bbox 1106 1295 1325 1349; x_wconf 89' lang='lat' dir='ltr'><strong>Sabellii</strong></span> <span class='ocrx_word' id='word_1_93' title='bbox 1372 1306 1799 1366; x_wconf 61' lang='lat' dir='ltr'><strong>cmterorumque</strong></span> 
     </span>
    </p>
   </div>
   <div class='ocr_carea' id='block_1_14' title="bbox 215 1376 1793 1458">
    <p class='ocr_par' dir='ltr' id='par_1_14' title="bbox 215 1376 1793 1458">
     <span class='ocr_line' id='line_1_14' title="bbox 215 1376 1793 1458; baseline 0.009 -29"><span class='ocrx_word' id='word_1_94' title='bbox 215 1376 314 1446; x_wconf 88' lang='lat' dir='ltr'><strong>qui</strong></span> <span class='ocrx_word' id='word_1_95' title='bbox 346 1382 621 1448; x_wconf 84' lang='lat' dir='ltr'><strong>propriam</strong></span> <span class='ocrx_word' id='word_1_96' title='bbox 655 1383 1011 1453; x_wconf 82' lang='lat' dir='ltr'><strong>sibimetipsis</strong></span> <span class='ocrx_word' id='word_1_97' title='bbox 1037 1386 1319 1441; x_wconf 82' lang='lat' dir='ltr'><strong>scientiam</strong></span> <span class='ocrx_word' id='word_1_98' title='bbox 1350 1398 1793 1458; x_wconf 86' lang='lat' dir='ltr'><strong>composuerunt.</strong></span> 
     </span>
    </p>
   </div>
   <div class='ocr_carea' id='block_1_15' title="bbox 215 1468 1795 1547">
    <p class='ocr_par' dir='ltr' id='par_1_15' title="bbox 215 1468 1795 1547">
     <span class='ocr_line' id='line_1_15' title="bbox 215 1468 1795 1547; baseline 0.009 -27"><span class='ocrx_word' id='word_1_99' title='bbox 215 1468 391 1531; x_wconf 87' lang='lat' dir='ltr'><strong>Quem</strong></span> <span class='ocrx_word' id='word_1_100' title='bbox 430 1471 625 1523; x_wconf 88' lang='lat' dir='ltr'><strong>horum</strong></span> <span class='ocrx_word' id='word_1_101' title='bbox 662 1473 948 1540; x_wconf 79' lang='lat' dir='ltr'><strong>destruxit,</strong></span> <span class='ocrx_word' id='word_1_102' title='bbox 980 1475 1142 1538; x_wconf 79' lang='lat' dir='ltr'><strong>dicat,</strong></span> <span class='ocrx_word' id='word_1_103' title='bbox 1170 1486 1264 1531; x_wconf 89' lang='lat' dir='ltr'><strong>aut</strong></span> <span class='ocrx_word' id='word_1_104' title='bbox 1289 1478 1508 1547; x_wconf 86' lang='lat' dir='ltr'><strong>quando</strong></span> <span class='ocrx_word' id='word_1_105' title='bbox 1536 1479 1795 1544; x_wconf 84' lang='lat' dir='ltr'><strong>destruet,</strong></span> 
     </span>
    </p>
   </div>
   <div class='ocr_carea' id='block_1_16' title="bbox 214 1560 1801 1641">
    <p class='ocr_par' dir='ltr' id='par_1_16' title="bbox 214 1560 1801 1641">
     <span class='ocr_line' id='line_1_16' title="bbox 214 1560 1801 1641; baseline 0.009 -29"><span class='ocrx_word' id='word_1_106' title='bbox 214 1560 375 1628; x_wconf 89' lang='lat' dir='ltr'><strong>quasi</strong></span> <span class='ocrx_word' id='word_1_107' title='bbox 410 1561 718 1629; x_wconf 82' lang='lat' dir='ltr'><strong>perfectus?</strong></span> <span class='ocrx_word' id='word_1_108' title='bbox 752 1563 1005 1621; x_wconf 88' lang='lat' dir='ltr'><strong>lnducias</strong></span> <span class='ocrx_word' id='word_1_109' title='bbox 1036 1566 1284 1624; x_wconf 80' lang='lat' dir='ltr'><strong>fortassis</strong></span> <span class='ocrx_word' id='word_1_110' title='bbox 1320 1572 1530 1640; x_wconf 88' lang='lat' dir='ltr'><strong>aliquas</strong></span> <span class='ocrx_word' id='word_1_111' title='bbox 1571 1573 1801 1641; x_wconf 64' lang='lat' dir='ltr'><strong>quatrit?</strong></span> 
     </span>
    </p>
   </div>
   <div class='ocr_carea' id='block_1_17' title="bbox 215 1650 1797 1732">
    <p class='ocr_par' dir='ltr' id='par_1_17' title="bbox 215 1650 1797 1732">
     <span class='ocr_line' id='line_1_17' title="bbox 215 1650 1797 1732; baseline 0.008 -28"><span class='ocrx_word' id='word_1_112' title='bbox 215 1650 334 1705; x_wconf 84' lang='lat' dir='ltr'><strong>Non</strong></span> <span class='ocrx_word' id='word_1_113' title='bbox 364 1654 545 1721; x_wconf 86' lang='lat' dir='ltr'><strong>plane,</strong></span> <span class='ocrx_word' id='word_1_114' title='bbox 584 1670 689 1708; x_wconf 90' lang='lat' dir='ltr'><strong>non</strong></span> <span class='ocrx_word' id='word_1_115' title='bbox 720 1665 829 1710; x_wconf 90' lang='lat' dir='ltr'><strong>tam</strong></span> <span class='ocrx_word' id='word_1_116' title='bbox 866 1657 943 1729; x_wconf 74' lang='grc'>(2)</span> <span class='ocrx_word' id='word_1_117' title='bbox 974 1660 1208 1715; x_wconf 83' lang='lat' dir='ltr'><strong>obscure</strong></span> <span class='ocrx_word' id='word_1_118' title='bbox 1250 1673 1304 1716; x_wconf 89' lang='lat' dir='ltr'><strong>et</strong></span> <span class='ocrx_word' id='word_1_119' title='bbox 1351 1662 1661 1732; x_wconf 84' lang='lat' dir='ltr'><strong>ignobiliter</strong></span> <span class='ocrx_word' id='word_1_120' title='bbox 1700 1665 1797 1717; x_wconf 90' lang='lat' dir='ltr'><strong>ad-</strong></span> 
     </span>
    </p>
   </div>
   <div class='ocr_carea' id='block_1_18' title="bbox 216 1745 1798 1819">
    <p class='ocr_par' dir='ltr' id='par_1_18' title="bbox 216 1745 1798 1819">
     <span class='ocr_line' id='line_1_18' title="bbox 216 1745 1798 1819; baseline 0.01 -23"><span class='ocrx_word' id='word_1_121' title='bbox 216 1745 397 1799; x_wconf 80' lang='lat' dir='ltr'><strong>veniet</strong></span> <span class='ocrx_word' id='word_1_122' title='bbox 424 1747 528 1812; x_wconf 91' lang='lat' dir='ltr'><strong>ille,</strong></span> <span class='ocrx_word' id='word_1_123' title='bbox 564 1749 657 1816; x_wconf 88' lang='lat' dir='ltr'><strong>qui</strong></span> <span class='ocrx_word' id='word_1_124' title='bbox 695 1749 965 1818; x_wconf 89' lang='lat' dir='ltr'><strong>perfectus</strong></span> <span class='ocrx_word' id='word_1_125' title='bbox 990 1762 1074 1808; x_wconf 89' lang='lat' dir='ltr'><strong>est</strong></span> <span class='ocrx_word' id='word_1_126' title='bbox 1097 1796 1111 1819; x_wconf 92' lang='lat'><strong>,</strong></span> <span class='ocrx_word' id='word_1_127' title='bbox 1143 1755 1196 1809; x_wconf 89' lang='lat' dir='ltr'><strong>id</strong></span> <span class='ocrx_word' id='word_1_128' title='bbox 1230 1765 1313 1810; x_wconf 87' lang='lat' dir='ltr'><strong>est</strong></span> <span class='ocrx_word' id='word_1_129' title='bbox 1352 1755 1511 1813; x_wconf 81' lang='lat' dir='ltr'><strong>Jesus</strong></span> <span class='ocrx_word' id='word_1_130' title='bbox 1547 1757 1798 1812; x_wconf 89' lang='lat' dir='ltr'><strong>Christus</strong></span> 
     </span>
    </p>
   </div>
   <div class='ocr_carea' id='block_1_19' title="bbox 1902 550 3507 648">
    <p class='ocr_par' dir='ltr' id='par_1_19' title="bbox 1902 550 3507 648">
     <span class='ocr_line' id='line_1_19' title="bbox 1902 550 3507 648; baseline 0.01 -29"><span class='ocrx_word' id='word_1_131' title='bbox 1902 582 1953 621; x_wconf 87' lang='lat' dir='ltr'><strong>et</strong></span> <span class='ocrx_word' id='word_1_132' title='bbox 1985 568 2419 625; x_wconf 81' lang='lat' dir='ltr'><strong>Valentinianum</strong></span> <span class='ocrx_word' id='word_1_133' title='bbox 2447 550 2545 645; x_wconf 32' lang='lat'>(&#39;5),</span> <span class='ocrx_word' id='word_1_134' title='bbox 2582 550 2652 628; x_wconf 82' lang='lat' dir='ltr'><strong>ac</strong></span> <span class='ocrx_word' id='word_1_135' title='bbox 2696 575 2985 631; x_wconf 88' lang='lat' dir='ltr'><strong>Dasilidem</strong></span> <span class='ocrx_word' id='word_1_136' title='bbox 3025 578 3267 648; x_wconf 88' lang='lat' dir='ltr'><strong>aliosque</strong></span> <span class='ocrx_word' id='word_1_137' title='bbox 3300 550 3473 634; x_wconf 48' lang='lat' dir='ltr'><strong>barrer</strong></span> <span class='ocrx_word' id='word_1_138' title='bbox 3501 550 3507 564; x_wconf 45' lang='grc'><strong>’</strong></span> 
     </span>
    </p>
   </div>
   <div class='ocr_carea' id='block_1_20' title="bbox 1904 661 3473 738">
    <p class='ocr_par' dir='ltr' id='par_1_20' title="bbox 1904 661 3473 738">
     <span class='ocr_line' id='line_1_20' title="bbox 1904 661 3473 738; baseline 0.008 -27"><span class='ocrx_word' id='word_1_139' title='bbox 1904 661 2062 721; x_wconf 89' lang='lat' dir='ltr'><strong>ticos,</strong></span> <span class='ocrx_word' id='word_1_140' title='bbox 2107 662 2186 717; x_wconf 91' lang='lat' dir='ltr'><strong>sic</strong></span> <span class='ocrx_word' id='word_1_141' title='bbox 2222 664 2461 718; x_wconf 81' lang='lat' dir='ltr'><strong>utistius</strong></span> <span class='ocrx_word' id='word_1_142' title='bbox 2504 667 2907 735; x_wconf 85' lang='lat' dir='ltr'><strong>comparatione</strong></span> <span class='ocrx_word' id='word_1_143' title='bbox 2943 668 3040 738; x_wconf 87' lang='grc'><strong>(6),</strong></span> <span class='ocrx_word' id='word_1_144' title='bbox 3077 670 3168 737; x_wconf 89' lang='lat' dir='ltr'><strong>qui</strong></span> <span class='ocrx_word' id='word_1_145' title='bbox 3205 669 3349 724; x_wconf 90' lang='lat' dir='ltr'><strong>velut</strong></span> <span class='ocrx_word' id='word_1_146' title='bbox 3390 671 3473 723; x_wconf 87' lang='lat' dir='ltr'><strong>in-</strong></span> 
     </span>
    </p>
   </div>
   <div class='ocr_carea' id='block_1_21' title="bbox 1901 753 3471 828">
    <p class='ocr_par' dir='ltr' id='par_1_21' title="bbox 1901 753 3471 828">
     <span class='ocr_line' id='line_1_21' title="bbox 1901 753 3471 828; baseline 0.007 -24"><span class='ocrx_word' id='word_1_147' title='bbox 1901 753 2113 808; x_wconf 89' lang='lat' dir='ltr'><strong>tellectu</strong></span> <span class='ocrx_word' id='word_1_148' title='bbox 2146 756 2330 825; x_wconf 89' lang='lat' dir='ltr'><strong>aliquo</strong></span> <span class='ocrx_word' id='word_1_149' title='bbox 2376 757 2460 810; x_wconf 89' lang='lat' dir='ltr'><strong>usi</strong></span> <span class='ocrx_word' id='word_1_150' title='bbox 2495 768 2641 822; x_wconf 89' lang='lat' dir='ltr'><strong>sunt,</strong></span> <span class='ocrx_word' id='word_1_151' title='bbox 2690 759 2783 828; x_wconf 89' lang='lat' dir='ltr'><strong>qni</strong></span> <span class='ocrx_word' id='word_1_152' title='bbox 2815 760 3065 813; x_wconf 89' lang='lat' dir='ltr'><strong>videntur</strong></span> <span class='ocrx_word' id='word_1_153' title='bbox 3107 760 3211 814; x_wconf 89' lang='lat' dir='ltr'><strong>sibi</strong></span> <span class='ocrx_word' id='word_1_154' title='bbox 3255 776 3471 815; x_wconf 87' lang='lat' dir='ltr'><strong>omnem</strong></span> 
     </span>
    </p>
   </div>
   <div class='ocr_carea' id='block_1_22' title="bbox 1903 842 3473 918">
    <p class='ocr_par' dir='ltr' id='par_1_22' title="bbox 1903 842 3473 918">
     <span class='ocr_line' id='line_1_22' title="bbox 1903 842 3473 918; baseline 0.006 -24"><span class='ocrx_word' id='word_1_155' title='bbox 1903 842 2236 912; x_wconf 83' lang='lat' dir='ltr'><strong>Scripturam</strong></span> <span class='ocrx_word' id='word_1_156' title='bbox 2289 859 2449 913; x_wconf 88' lang='lat' dir='ltr'><strong>posse</strong></span> <span class='ocrx_word' id='word_1_157' title='bbox 2504 847 2835 918; x_wconf 80' lang='lat' dir='ltr'><strong>intelligere,</strong></span> <span class='ocrx_word' id='word_1_158' title='bbox 2886 858 2940 901; x_wconf 88' lang='lat' dir='ltr'><strong>et</strong></span> <span class='ocrx_word' id='word_1_159' title='bbox 2990 849 3062 902; x_wconf 89' lang='lat' dir='ltr'><strong>ita</strong></span> <span class='ocrx_word' id='word_1_160' title='bbox 3117 865 3175 903; x_wconf 91' lang='lat' dir='ltr'><strong>se</strong></span> <span class='ocrx_word' id='word_1_161' title='bbox 3222 850 3473 903; x_wconf 88' lang='lat' dir='ltr'><strong>ductores</strong></span> 
     </span>
    </p>
   </div>
   <div class='ocr_carea' id='block_1_23' title="bbox 1900 936 3473 1005">
    <p class='ocr_par' dir='ltr' id='par_1_23' title="bbox 1900 936 3473 1005">
     <span class='ocr_line' id='line_1_23' title="bbox 1900 936 3473 1005; baseline 0.003 -19"><span class='ocrx_word' id='word_1_162' title='bbox 1900 942 2206 988; x_wconf 88' lang='lat' dir='ltr'><strong>statuerunt</strong></span> <span class='ocrx_word' id='word_1_163' title='bbox 2239 936 2303 989; x_wconf 93' lang='lat' dir='ltr'><strong>iis</strong></span> <span class='ocrx_word' id='word_1_164' title='bbox 2336 936 2428 1005; x_wconf 90' lang='lat' dir='ltr'><strong>qui</strong></span> <span class='ocrx_word' id='word_1_165' title='bbox 2480 936 2556 1005; x_wconf 91' lang='lat'>(7)</span> <span class='ocrx_word' id='word_1_166' title='bbox 2595 952 2651 991; x_wconf 90' lang='lat' dir='ltr'><strong>se</strong></span> <span class='ocrx_word' id='word_1_167' title='bbox 2690 938 2878 990; x_wconf 87' lang='lat' dir='ltr'><strong>audire</strong></span> <span class='ocrx_word' id='word_1_168' title='bbox 2918 940 3247 1003; x_wconf 85' lang='lat' dir='ltr'><strong>voluissent;</strong></span> <span class='ocrx_word' id='word_1_169' title='bbox 3291 939 3473 992; x_wconf 81' lang='lat' dir='ltr'><strong>nullus</strong></span> 
     </span>
    </p>
   </div>
   <div class='ocr_carea' id='block_1_24' title="bbox 1900 1027 3472 1099">
    <p class='ocr_par' dir='ltr' id='par_1_24' title="bbox 1900 1027 3472 1099">
     <span class='ocr_line' id='line_1_24' title="bbox 1900 1027 3472 1099; baseline 0.003 -22"><span class='ocrx_word' id='word_1_170' title='bbox 1900 1033 2079 1079; x_wconf 88' lang='lat' dir='ltr'><strong>tamen</strong></span> <span class='ocrx_word' id='word_1_171' title='bbox 2110 1027 2349 1095; x_wconf 90' lang='lat' dir='ltr'><strong>ipsorum</strong></span> <span class='ocrx_word' id='word_1_172' title='bbox 2384 1044 2551 1082; x_wconf 86' lang='lat' dir='ltr'><strong>ausus</strong></span> <span class='ocrx_word' id='word_1_173' title='bbox 2588 1039 2671 1083; x_wconf 90' lang='lat' dir='ltr'><strong>est</strong></span> <span class='ocrx_word' id='word_1_174' title='bbox 2716 1029 2881 1083; x_wconf 87' lang='lat' dir='ltr'><strong>Demn</strong></span> <span class='ocrx_word' id='word_1_175' title='bbox 2931 1045 2989 1084; x_wconf 91' lang='lat' dir='ltr'><strong>se</strong></span> <span class='ocrx_word' id='word_1_176' title='bbox 3032 1031 3344 1099; x_wconf 75' lang='lat' dir='ltr'><strong>praedicare,</strong></span> <span class='ocrx_word' id='word_1_177' title='bbox 3393 1031 3472 1084; x_wconf 85' lang='lat' dir='ltr'><strong>vel</strong></span> 
     </span>
    </p>
   </div>
   <div class='ocr_carea' id='block_1_25' title="bbox 1900 1116 3473 1192">
    <p class='ocr_par' dir='ltr' id='par_1_25' title="bbox 1900 1116 3473 1192">
     <span class='ocr_line' id='line_1_25' title="bbox 1900 1116 3473 1192; baseline 0.004 -24"><span class='ocrx_word' id='word_1_178' title='bbox 1900 1116 2200 1183; x_wconf 82' lang='lat' dir='ltr'><strong>Christum,</strong></span> <span class='ocrx_word' id='word_1_179' title='bbox 2233 1122 2314 1173; x_wconf 86' lang='lat' dir='ltr'><strong>vel</strong></span> <span class='ocrx_word' id='word_1_180' title='bbox 2342 1119 2707 1187; x_wconf 85' lang='lat' dir='ltr'><strong>Paraclctum,</strong></span> <span class='ocrx_word' id='word_1_181' title='bbox 2738 1122 2880 1176; x_wconf 81' lang='lat' dir='ltr'><strong>sicut</strong></span> <span class='ocrx_word' id='word_1_182' title='bbox 2914 1122 3035 1184; x_wconf 91' lang='lat' dir='ltr'><strong>istc,</strong></span> <span class='ocrx_word' id='word_1_183' title='bbox 3065 1123 3156 1192; x_wconf 91' lang='lat' dir='ltr'><strong>qui</strong></span> <span class='ocrx_word' id='word_1_184' title='bbox 3182 1123 3473 1192; x_wconf 85' lang='lat' dir='ltr'><strong>aliquando</strong></span> 
     </span>
    </p>
   </div>
   <div class='ocr_carea' id='block_1_26' title="bbox 1900 1207 3469 1281">
    <p class='ocr_par' dir='ltr' id='par_1_26' title="bbox 1900 1207 3469 1281">
     <span class='ocr_line' id='line_1_26' title="bbox 1900 1207 3469 1281; baseline 0.004 -22"><span class='ocrx_word' id='word_1_185' title='bbox 1900 1207 2115 1275; x_wconf 86' lang='lat' dir='ltr'><strong>quidem</strong></span> <span class='ocrx_word' id='word_1_186' title='bbox 2174 1210 2240 1263; x_wconf 91' lang='lat' dir='ltr'><strong>de</strong></span> <span class='ocrx_word' id='word_1_187' title='bbox 2286 1212 2498 1265; x_wconf 75' lang='lat' dir='ltr'><strong>saeculis</strong></span> <span class='ocrx_word' id='word_1_188' title='bbox 2553 1211 2812 1280; x_wconf 88' lang='lat' dir='ltr'><strong>disputat,</strong></span> <span class='ocrx_word' id='word_1_189' title='bbox 2867 1213 3161 1281; x_wconf 89' lang='lat' dir='ltr'><strong>aliquando</strong></span> <span class='ocrx_word' id='word_1_190' title='bbox 3209 1212 3275 1266; x_wconf 89' lang='lat' dir='ltr'><strong>de</strong></span> <span class='ocrx_word' id='word_1_191' title='bbox 3332 1213 3469 1279; x_wconf 79' lang='lat' dir='ltr'><strong>sole,</strong></span> 
     </span>
    </p>
   </div>
   <div class='ocr_carea' id='block_1_27' title="bbox 1900 1299 3469 1372">
    <p class='ocr_par' dir='ltr' id='par_1_27' title="bbox 1900 1299 3469 1372">
     <span class='ocr_line' id='line_1_27' title="bbox 1900 1299 3469 1372; baseline 0.003 -22"><span class='ocrx_word' id='word_1_192' title='bbox 1900 1299 2178 1367; x_wconf 88' lang='lat' dir='ltr'><strong>quomodo</strong></span> <span class='ocrx_word' id='word_1_193' title='bbox 2202 1299 2339 1353; x_wconf 81' lang='lat' dir='ltr'><strong>facta</strong></span> <span class='ocrx_word' id='word_1_194' title='bbox 2374 1302 2502 1365; x_wconf 88' lang='lat' dir='ltr'><strong>sint,</strong></span> <span class='ocrx_word' id='word_1_195' title='bbox 2523 1310 2779 1371; x_wconf 88' lang='lat' dir='ltr'><strong>tanquam</strong></span> <span class='ocrx_word' id='word_1_196' title='bbox 2806 1303 2979 1372; x_wconf 87' lang='lat' dir='ltr'><strong>major</strong></span> <span class='ocrx_word' id='word_1_197' title='bbox 3006 1303 3119 1372; x_wconf 89' lang='lat' dir='ltr'><strong>ipse</strong></span> <span class='ocrx_word' id='word_1_198' title='bbox 3148 1304 3218 1357; x_wconf 91' lang='lat' dir='ltr'><strong>sit</strong></span> <span class='ocrx_word' id='word_1_199' title='bbox 3241 1318 3427 1357; x_wconf 90' lang='lat' dir='ltr'><strong>eorum</strong></span> <span class='ocrx_word' id='word_1_200' title='bbox 3455 1322 3469 1367; x_wconf 91' lang='lat'><strong>;</strong></span> 
     </span>
    </p>
   </div>
   <div class='ocr_carea' id='block_1_28' title="bbox 1901 1390 3473 1467">
    <p class='ocr_par' dir='ltr' id='par_1_28' title="bbox 1901 1390 3473 1467">
     <span class='ocr_line' id='line_1_28' title="bbox 1901 1390 3473 1467; baseline 0.004 -25"><span class='ocrx_word' id='word_1_201' title='bbox 1901 1390 2079 1443; x_wconf 92' lang='lat' dir='ltr'><strong>omnis</strong></span> <span class='ocrx_word' id='word_1_202' title='bbox 2108 1390 2251 1444; x_wconf 89' lang='lat' dir='ltr'><strong>enim</strong></span> <span class='ocrx_word' id='word_1_203' title='bbox 2291 1392 2383 1460; x_wconf 93' lang='lat' dir='ltr'><strong>qui</strong></span> <span class='ocrx_word' id='word_1_204' title='bbox 2425 1392 2491 1446; x_wconf 92' lang='lat' dir='ltr'><strong>de</strong></span> <span class='ocrx_word' id='word_1_205' title='bbox 2527 1394 2710 1467; x_wconf 81' lang='lat' dir='ltr'><strong>aliquo</strong></span> <span class='ocrx_word' id='word_1_206' title='bbox 2732 1395 2953 1462; x_wconf 80' lang='lat' dir='ltr'><strong>exponit</strong></span> <span class='ocrx_word' id='word_1_207' title='bbox 2984 1394 3257 1463; x_wconf 85' lang='lat' dir='ltr'><strong>quomodo</strong></span> <span class='ocrx_word' id='word_1_208' title='bbox 3300 1394 3473 1449; x_wconf 83' lang='lat' dir='ltr'><strong>factus</strong></span> 
     </span>
    </p>
   </div>
   <div class='ocr_carea' id='block_1_29' title="bbox 1901 1480 3471 1554">
    <p class='ocr_par' dir='ltr' id='par_1_29' title="bbox 1901 1480 3471 1554">
     <span class='ocr_line' id='line_1_29' title="bbox 1901 1480 3471 1554; baseline 0.002 -20"><span class='ocrx_word' id='word_1_209' title='bbox 1901 1482 1988 1543; x_wconf 90' lang='lat' dir='ltr'><strong>sit,</strong></span> <span class='ocrx_word' id='word_1_210' title='bbox 2023 1480 2282 1549; x_wconf 88' lang='lat' dir='ltr'><strong>majorem</strong></span> <span class='ocrx_word' id='word_1_211' title='bbox 2317 1497 2374 1536; x_wconf 90' lang='lat' dir='ltr'><strong>se</strong></span> <span class='ocrx_word' id='word_1_212' title='bbox 2407 1491 2461 1535; x_wconf 91' lang='lat' dir='ltr'><strong>et</strong></span> <span class='ocrx_word' id='word_1_213' title='bbox 2491 1484 2851 1551; x_wconf 87' lang='lat' dir='ltr'><strong>antiquiorem</strong></span> <span class='ocrx_word' id='word_1_214' title='bbox 2878 1485 3108 1539; x_wconf 90' lang='lat' dir='ltr'><strong>ostendit</strong></span> <span class='ocrx_word' id='word_1_215' title='bbox 3145 1500 3286 1546; x_wconf 79' lang='lat' dir='ltr'><strong>esse,</strong></span> <span class='ocrx_word' id='word_1_216' title='bbox 3312 1501 3471 1554; x_wconf 89' lang='lat' dir='ltr'><strong>quam</strong></span> 
     </span>
    </p>
   </div>
   <div class='ocr_carea' id='block_1_30' title="bbox 1900 1570 3474 1639">
    <p class='ocr_par' dir='ltr' id='par_1_30' title="bbox 1900 1570 3474 1639">
     <span class='ocr_line' id='line_1_30' title="bbox 1900 1570 3474 1639; baseline 0.002 -16"><span class='ocrx_word' id='word_1_217' title='bbox 1900 1579 1983 1623; x_wconf 89' lang='lat' dir='ltr'><strong>est</strong></span> <span class='ocrx_word' id='word_1_218' title='bbox 2023 1570 2110 1623; x_wconf 90' lang='lat' dir='ltr'><strong>ille</strong></span> <span class='ocrx_word' id='word_1_219' title='bbox 2150 1570 2216 1624; x_wconf 90' lang='lat' dir='ltr'><strong>de</strong></span> <span class='ocrx_word' id='word_1_220' title='bbox 2257 1585 2367 1639; x_wconf 84' lang='lat' dir='ltr'><strong>quo</strong></span> <span class='ocrx_word' id='word_1_221' title='bbox 2408 1571 2558 1625; x_wconf 88' lang='lat' dir='ltr'><strong>dicit.</strong></span> <span class='ocrx_word' id='word_1_222' title='bbox 2601 1571 2733 1637; x_wconf 86' lang='lat' dir='ltr'><strong>Quis</strong></span> <span class='ocrx_word' id='word_1_223' title='bbox 2768 1584 2945 1626; x_wconf 88' lang='lat' dir='ltr'><strong>autem</strong></span> <span class='ocrx_word' id='word_1_224' title='bbox 2986 1583 3038 1626; x_wconf 88' lang='lat' dir='ltr'><strong>et</strong></span> <span class='ocrx_word' id='word_1_225' title='bbox 3076 1573 3142 1626; x_wconf 93' lang='lat' dir='ltr'><strong>de</strong></span> <span class='ocrx_word' id='word_1_226' title='bbox 3172 1573 3474 1627; x_wconf 84' lang='lat' dir='ltr'><strong>substantia</strong></span> 
     </span>
    </p>
   </div>
   <div class='ocr_carea' id='block_1_31' title="bbox 1902 1659 3476 1728">
    <p class='ocr_par' dir='ltr' id='par_1_31' title="bbox 1902 1659 3476 1728">
     <span class='ocr_line' id='line_1_31' title="bbox 1902 1659 3476 1728; baseline 0.003 -16"><span class='ocrx_word' id='word_1_227' title='bbox 1902 1659 1997 1715; x_wconf 91' lang='lat' dir='ltr'><strong>Dei</strong></span> <span class='ocrx_word' id='word_1_228' title='bbox 2024 1661 2203 1716; x_wconf 84' lang='lat' dir='ltr'><strong>dicere</strong></span> <span class='ocrx_word' id='word_1_229' title='bbox 2236 1663 2450 1728; x_wconf 88' lang='lat' dir='ltr'><strong>audeat,</strong></span> <span class='ocrx_word' id='word_1_230' title='bbox 2485 1664 2587 1717; x_wconf 90' lang='lat' dir='ltr'><strong>nisi</strong></span> <span class='ocrx_word' id='word_1_231' title='bbox 2618 1662 2759 1717; x_wconf 87' lang='lat' dir='ltr'><strong>forte</strong></span> <span class='ocrx_word' id='word_1_232' title='bbox 2796 1665 2944 1719; x_wconf 86' lang='lat' dir='ltr'><strong>solus</strong></span> <span class='ocrx_word' id='word_1_233' title='bbox 2988 1663 3249 1721; x_wconf 86' lang='lat' dir='ltr'><strong>Dominus</strong></span> <span class='ocrx_word' id='word_1_234' title='bbox 3292 1673 3476 1718; x_wconf 88' lang='lat' dir='ltr'><strong>noster</strong></span> 
     </span>
    </p>
   </div>
   <div class='ocr_carea' id='block_1_32' title="bbox 1900 1752 3473 1826">
    <p class='ocr_par' dir='ltr' id='par_1_32' title="bbox 1900 1752 3473 1826">
     <span class='ocr_line' id='line_1_32' title="bbox 1900 1752 3473 1826; baseline 0.002 -20"><span class='ocrx_word' id='word_1_235' title='bbox 1900 1752 2061 1808; x_wconf 82' lang='lat' dir='ltr'><strong>Jesus</strong></span> <span class='ocrx_word' id='word_1_236' title='bbox 2089 1753 2375 1809; x_wconf 87' lang='lat' dir='ltr'><strong>Christus?</strong></span> <span class='ocrx_word' id='word_1_237' title='bbox 2413 1754 2544 1820; x_wconf 61' lang='lat' dir='ltr'><strong>Quae</strong></span> <span class='ocrx_word' id='word_1_238' title='bbox 2576 1756 2796 1823; x_wconf 88' lang='lat' dir='ltr'><strong>quidem</strong></span> <span class='ocrx_word' id='word_1_239' title='bbox 2827 1771 2926 1826; x_wconf 88' lang='lat' dir='ltr'><strong>ego</strong></span> <span class='ocrx_word' id='word_1_240' title='bbox 2955 1771 3061 1809; x_wconf 91' lang='lat' dir='ltr'><strong>non</strong></span> <span class='ocrx_word' id='word_1_241' title='bbox 3098 1771 3161 1809; x_wconf 77' lang='lat' dir='ltr'><strong>ex</strong></span> <span class='ocrx_word' id='word_1_242' title='bbox 3194 1756 3327 1809; x_wconf 87' lang='lat' dir='ltr'><strong>meis</strong></span> <span class='ocrx_word' id='word_1_243' title='bbox 3351 1772 3473 1809; x_wconf 87' lang='lat' dir='ltr'><strong>ver-</strong></span> 
     </span>
    </p>
   </div>
   <div class='ocr_carea' id='block_1_33' title="bbox 219 1834 3476 1915">
    <p class='ocr_par' dir='ltr' id='par_1_33' title="bbox 219 1834 3476 1915">
     <span class='ocr_line' id='line_1_33' title="bbox 219 1834 3476 1915; baseline 0.004 -28"><span class='ocrx_word' id='word_1_244' title='bbox 219 1834 487 1890; x_wconf 90' lang='lat' dir='ltr'><strong>Domiuus</strong></span> <span class='ocrx_word' id='word_1_245' title='bbox 518 1848 721 1893; x_wconf 85' lang='lat' dir='ltr'><strong>noster.</strong></span> <span class='ocrx_word' id='word_1_246' title='bbox 761 1841 866 1896; x_wconf 89' lang='lat' dir='ltr'><strong>Sed</strong></span> <span class='ocrx_word' id='word_1_247' title='bbox 895 1843 1035 1898; x_wconf 90' lang='lat' dir='ltr'><strong>sicut</strong></span> <span class='ocrx_word' id='word_1_248' title='bbox 1060 1861 1152 1900; x_wconf 80' lang='lat' dir='ltr'><strong>rex</strong></span> <span class='ocrx_word' id='word_1_249' title='bbox 1183 1846 1478 1902; x_wconf 87' lang='lat' dir='ltr'><strong>adveniens</strong></span> <span class='ocrx_word' id='word_1_250' title='bbox 1504 1849 1569 1901; x_wconf 92' lang='lat' dir='ltr'><strong>ad</strong></span> <span class='ocrx_word' id='word_1_251' title='bbox 1604 1848 1788 1902; x_wconf 87' lang='lat' dir='ltr'><strong>urbem</strong></span> <span class='ocrx_word' id='word_1_252' title='bbox 1829 1835 1865 1887; x_wconf 66' lang='grc' dir='ltr'>Ῑῖ</span> <span class='ocrx_word' id='word_1_253' title='bbox 1895 1845 1978 1899; x_wconf 91' lang='lat' dir='ltr'><strong>bis</strong></span> <span class='ocrx_word' id='word_1_254' title='bbox 2005 1851 2212 1909; x_wconf 88' lang='lat' dir='ltr'><strong>astruo,</strong></span> <span class='ocrx_word' id='word_1_255' title='bbox 2243 1845 2335 1898; x_wconf 91' lang='lat' dir='ltr'><strong>sed</strong></span> <span class='ocrx_word' id='word_1_256' title='bbox 2367 1845 2659 1912; x_wconf 66' lang='lat' dir='ltr'><strong>Scriptura:</strong></span> <span class='ocrx_word' id='word_1_257' title='bbox 2686 1862 2806 1914; x_wconf 67' lang='lat' dir='ltr'><strong>qua&quot;:</strong></span> <span class='ocrx_word' id='word_1_258' title='bbox 2826 1846 2939 1915; x_wconf 51' lang='lat' dir='ltr'><strong>Inos</strong></span> <span class='ocrx_word' id='word_1_259' title='bbox 2973 1846 3212 1906; x_wconf 88' lang='lat' dir='ltr'><strong>edocuit,</strong></span> <span class='ocrx_word' id='word_1_260' title='bbox 3238 1846 3476 1899; x_wconf 85' lang='lat' dir='ltr'><strong>auctori-</strong></span> 
     </span>
    </p>
   </div>
   <div class='ocr_carea' id='block_1_34' title="bbox 216 1930 1792 2009">
    <p class='ocr_par' dir='ltr' id='par_1_34' title="bbox 216 1930 1792 2009">
     <span class='ocr_line' id='line_1_34' title="bbox 216 1930 1792 2009; baseline 0.009 -30"><span class='ocrx_word' id='word_1_261' title='bbox 216 1942 397 1991; x_wconf 88' lang='lat' dir='ltr'><strong>suam,</strong></span> <span class='ocrx_word' id='word_1_262' title='bbox 431 1930 710 1997; x_wconf 68' lang='lat' dir='ltr'><strong>praemittit</strong></span> <span class='ocrx_word' id='word_1_263' title='bbox 744 1934 921 2001; x_wconf 91' lang='lat' dir='ltr'><strong>primo</strong></span> <span class='ocrx_word' id='word_1_264' title='bbox 956 1946 1289 2005; x_wconf 86' lang='lat' dir='ltr'><strong>protectores</strong></span> <span class='ocrx_word' id='word_1_265' title='bbox 1322 1954 1452 1994; x_wconf 92' lang='lat' dir='ltr'><strong>suos</strong></span> <span class='ocrx_word' id='word_1_266' title='bbox 1493 1940 1593 2009; x_wconf 77' lang='lat'>(5),</span> <span class='ocrx_word' id='word_1_267' title='bbox 1619 1940 1792 2007; x_wconf 82' lang='lat' dir='ltr'><strong>signa,</strong></span> 
     </span>
    </p>
   </div>
   <div class='ocr_carea' id='block_1_35' title="bbox 218 2017 1797 2101">
    <p class='ocr_par' dir='ltr' id='par_1_35' title="bbox 218 2017 1797 2101">
     <span class='ocr_line' id='line_1_35' title="bbox 218 2017 1797 2101; baseline 0.011 -31"><span class='ocrx_word' id='word_1_268' title='bbox 218 2017 507 2088; x_wconf 84' lang='lat' dir='ltr'><strong>dracones,</strong></span> <span class='ocrx_word' id='word_1_269' title='bbox 557 2021 795 2090; x_wconf 87' lang='lat' dir='ltr'><strong>labaros,</strong></span> <span class='ocrx_word' id='word_1_270' title='bbox 839 2025 1026 2093; x_wconf 90' lang='lat' dir='ltr'><strong>duces,</strong></span> <span class='ocrx_word' id='word_1_271' title='bbox 1072 2030 1364 2101; x_wconf 88' lang='lat' dir='ltr'><strong>principes,</strong></span> <span class='ocrx_word' id='word_1_272' title='bbox 1400 2030 1700 2100; x_wconf 77' lang='lat' dir='ltr'><strong>praefectos,</strong></span> <span class='ocrx_word' id='word_1_273' title='bbox 1744 2042 1797 2089; x_wconf 91' lang='lat' dir='ltr'><strong>et</strong></span> 
     </span>
    </p>
   </div>
   <div class='ocr_carea' id='block_1_36' title="bbox 218 2113 1799 2187">
    <p class='ocr_par' dir='ltr' id='par_1_36' title="bbox 218 2113 1799 2187">
     <span class='ocr_line' id='line_1_36' title="bbox 218 2113 1799 2187; baseline 0.011 -24"><span class='ocrx_word' id='word_1_274' title='bbox 218 2113 475 2167; x_wconf 87' lang='lat' dir='ltr'><strong>universa</strong></span> <span class='ocrx_word' id='word_1_275' title='bbox 528 2116 787 2172; x_wconf 89' lang='lat' dir='ltr'><strong>continuo</strong></span> <span class='ocrx_word' id='word_1_276' title='bbox 837 2130 1279 2187; x_wconf 86' lang='lat' dir='ltr'><strong>commoventur,</strong></span> <span class='ocrx_word' id='word_1_277' title='bbox 1321 2124 1443 2178; x_wconf 79' lang='lat' dir='ltr'><strong>aliis</strong></span> <span class='ocrx_word' id='word_1_278' title='bbox 1489 2139 1619 2178; x_wconf 91' lang='lat' dir='ltr'><strong>vero</strong></span> <span class='ocrx_word' id='word_1_279' title='bbox 1685 2140 1799 2180; x_wconf 80' lang='lat' dir='ltr'><strong>me—</strong></span> 
     </span>
    </p>
   </div>
   <div class='ocr_carea' id='block_1_37' title="bbox 216 2207 1796 2287">
    <p class='ocr_par' dir='ltr' id='par_1_37' title="bbox 216 2207 1796 2287">
     <span class='ocr_line' id='line_1_37' title="bbox 216 2207 1796 2287; baseline 0.01 -29"><span class='ocrx_word' id='word_1_280' title='bbox 216 2207 515 2272; x_wconf 90' lang='lat' dir='ltr'><strong>tucntibus,</strong></span> <span class='ocrx_word' id='word_1_281' title='bbox 551 2209 672 2263; x_wconf 88' lang='lat' dir='ltr'><strong>aliis</strong></span> <span class='ocrx_word' id='word_1_282' title='bbox 702 2226 832 2265; x_wconf 91' lang='lat' dir='ltr'><strong>vero</strong></span> <span class='ocrx_word' id='word_1_283' title='bbox 875 2212 1235 2283; x_wconf 82' lang='lat' dir='ltr'><strong>gaudentibus</strong></span> <span class='ocrx_word' id='word_1_284' title='bbox 1258 2230 1356 2284; x_wconf 91' lang='lat' dir='ltr'><strong>pro</strong></span> <span class='ocrx_word' id='word_1_285' title='bbox 1390 2218 1796 2287; x_wconf 73' lang='lat' dir='ltr'><strong>eXspectatione</strong></span> 
     </span>
    </p>
   </div>
   <div class='ocr_carea' id='block_1_38' title="bbox 215 2297 1798 2377">
    <p class='ocr_par' dir='ltr' id='par_1_38' title="bbox 215 2297 1798 2377">
     <span class='ocr_line' id='line_1_38' title="bbox 215 2297 1798 2377; baseline 0.009 -28"><span class='ocrx_word' id='word_1_286' title='bbox 215 2298 361 2366; x_wconf 88' lang='lat' dir='ltr'><strong>regis</strong></span> <span class='ocrx_word' id='word_1_287' title='bbox 390 2316 402 2351; x_wconf 91' lang='lat'><strong>:</strong></span> <span class='ocrx_word' id='word_1_288' title='bbox 435 2297 507 2352; x_wconf 91' lang='lat' dir='ltr'><strong>ita</strong></span> <span class='ocrx_word' id='word_1_289' title='bbox 531 2310 585 2353; x_wconf 91' lang='lat' dir='ltr'><strong>et</strong></span> <span class='ocrx_word' id='word_1_290' title='bbox 612 2300 874 2357; x_wconf 85' lang='lat' dir='ltr'><strong>Dominus</strong></span> <span class='ocrx_word' id='word_1_291' title='bbox 908 2320 1063 2359; x_wconf 90' lang='lat' dir='ltr'><strong>meus</strong></span> <span class='ocrx_word' id='word_1_292' title='bbox 1092 2302 1251 2359; x_wconf 87' lang='lat' dir='ltr'><strong>Jesus</strong></span> <span class='ocrx_word' id='word_1_293' title='bbox 1289 2306 1380 2375; x_wconf 91' lang='lat' dir='ltr'><strong>qui</strong></span> <span class='ocrx_word' id='word_1_294' title='bbox 1409 2317 1487 2360; x_wconf 90' lang='lat' dir='ltr'><strong>est</strong></span> <span class='ocrx_word' id='word_1_295' title='bbox 1527 2323 1651 2361; x_wconf 90' lang='lat' dir='ltr'><strong>vere</strong></span> <span class='ocrx_word' id='word_1_296' title='bbox 1674 2324 1798 2377; x_wconf 86' lang='lat' dir='ltr'><strong>pcr-</strong></span> 
     </span>
    </p>
   </div>
   <div class='ocr_carea' id='block_1_39' title="bbox 225 2386 1795 2467">
    <p class='ocr_par' dir='ltr' id='par_1_39' title="bbox 225 2386 1795 2467">
     <span class='ocr_line' id='line_1_39' title="bbox 225 2386 1795 2467; baseline 0.008 -26"><span class='ocrx_word' id='word_1_297' title='bbox 225 2386 425 2455; x_wconf 89' lang='lat' dir='ltr'><strong>fectus,</strong></span> <span class='ocrx_word' id='word_1_298' title='bbox 456 2392 749 2448; x_wconf 89' lang='lat' dir='ltr'><strong>adveniens</strong></span> <span class='ocrx_word' id='word_1_299' title='bbox 779 2395 1057 2463; x_wconf 84' lang='lat' dir='ltr'><strong>praemittit</strong></span> <span class='ocrx_word' id='word_1_300' title='bbox 1084 2395 1135 2448; x_wconf 93' lang='lat' dir='ltr'><strong>in</strong></span> <span class='ocrx_word' id='word_1_301' title='bbox 1164 2396 1341 2465; x_wconf 91' lang='lat' dir='ltr'><strong>primo</strong></span> <span class='ocrx_word' id='word_1_302' title='bbox 1364 2397 1588 2467; x_wconf 82' lang='lat' dir='ltr'><strong>gloriam</strong></span> <span class='ocrx_word' id='word_1_303' title='bbox 1621 2416 1795 2463; x_wconf 89' lang='lat' dir='ltr'><strong>suam,</strong></span> 
     </span>
    </p>
   </div>
   <div class='ocr_carea' id='block_1_40' title="bbox 220 2483 1800 2561">
    <p class='ocr_par' dir='ltr' id='par_1_40' title="bbox 220 2483 1800 2561">
     <span class='ocr_line' id='line_1_40' title="bbox 220 2483 1800 2561; baseline 0.006 -26"><span class='ocrx_word' id='word_1_304' title='bbox 220 2483 639 2538; x_wconf 88' lang='lat' dir='ltr'><strong>incontaminati</strong></span> <span class='ocrx_word' id='word_1_305' title='bbox 685 2495 847 2556; x_wconf 89' lang='lat' dir='ltr'><strong>atque</strong></span> <span class='ocrx_word' id='word_1_306' title='bbox 876 2487 1208 2543; x_wconf 89' lang='lat' dir='ltr'><strong>immaculati</strong></span> <span class='ocrx_word' id='word_1_307' title='bbox 1241 2491 1392 2560; x_wconf 80' lang='lat' dir='ltr'><strong>regni</strong></span> <span class='ocrx_word' id='word_1_308' title='bbox 1424 2494 1800 2561; x_wconf 71' lang='lat' dir='ltr'><strong>praedicatores</strong></span> 
     </span>
    </p>
   </div>
   <div class='ocr_carea' id='block_1_41' title="bbox 218 2578 1799 2647">
    <p class='ocr_par' dir='ltr' id='par_1_41' title="bbox 218 2578 1799 2647">
     <span class='ocr_line' id='line_1_41' title="bbox 218 2578 1799 2647; baseline 0.005 -21"><span class='ocrx_word' id='word_1_309' title='bbox 218 2584 504 2641; x_wconf 84' lang='lat' dir='ltr'><strong>sacratos;</strong></span> <span class='ocrx_word' id='word_1_310' title='bbox 535 2584 587 2630; x_wconf 91' lang='lat' dir='ltr'><strong>et</strong></span> <span class='ocrx_word' id='word_1_311' title='bbox 618 2585 748 2632; x_wconf 92' lang='lat' dir='ltr'><strong>tunc</strong></span> <span class='ocrx_word' id='word_1_312' title='bbox 780 2578 1036 2633; x_wconf 88' lang='lat' dir='ltr'><strong>universa</strong></span> <span class='ocrx_word' id='word_1_313' title='bbox 1070 2588 1321 2635; x_wconf 89' lang='lat' dir='ltr'><strong>creatura</strong></span> <span class='ocrx_word' id='word_1_314' title='bbox 1350 2583 1799 2647; x_wconf 84' lang='lat' dir='ltr'><strong>commovebitur,</strong></span> 
     </span>
    </p>
   </div>
   <div class='ocr_carea' id='block_1_42' title="bbox 216 2666 1801 2741">
    <p class='ocr_par' dir='ltr' id='par_1_42' title="bbox 216 2666 1801 2741">
     <span class='ocr_line' id='line_1_42' title="bbox 216 2666 1801 2741; baseline 0.004 -23"><span class='ocrx_word' id='word_1_315' title='bbox 216 2672 270 2718; x_wconf 89' lang='lat' dir='ltr'><strong>et</strong></span> <span class='ocrx_word' id='word_1_316' title='bbox 293 2666 729 2731; x_wconf 84' lang='lat' dir='ltr'><strong>conturbabitur,</strong></span> <span class='ocrx_word' id='word_1_317' title='bbox 755 2668 1065 2737; x_wconf 91' lang='lat' dir='ltr'><strong>supplicans</strong></span> <span class='ocrx_word' id='word_1_318' title='bbox 1084 2678 1245 2738; x_wconf 89' lang='lat' dir='ltr'><strong>atque</strong></span> <span class='ocrx_word' id='word_1_319' title='bbox 1269 2670 1583 2735; x_wconf 65' lang='lat' dir='ltr'><strong>obsecrans,</strong></span> <span class='ocrx_word' id='word_1_320' title='bbox 1605 2686 1801 2741; x_wconf 91' lang='lat' dir='ltr'><strong>usque-</strong></span> 
     </span>
    </p>
   </div>
   <div class='ocr_carea' id='block_1_43' title="bbox 216 2758 1803 2833">
    <p class='ocr_par' dir='ltr' id='par_1_43' title="bbox 216 2758 1803 2833">
     <span class='ocr_line' id='line_1_43' title="bbox 216 2758 1803 2833; baseline 0.006 -26"><span class='ocrx_word' id='word_1_321' title='bbox 216 2770 325 2824; x_wconf 89' lang='lat' dir='ltr'><strong>quo</strong></span> <span class='ocrx_word' id='word_1_322' title='bbox 348 2772 465 2810; x_wconf 88' lang='lat' dir='ltr'><strong>eam</strong></span> <span class='ocrx_word' id='word_1_323' title='bbox 495 2758 750 2813; x_wconf 89' lang='lat' dir='ltr'><strong>servitute</strong></span> <span class='ocrx_word' id='word_1_324' title='bbox 774 2760 978 2813; x_wconf 89' lang='lat' dir='ltr'><strong>liberet.</strong></span> <span class='ocrx_word' id='word_1_325' title='bbox 1008 2760 1313 2815; x_wconf 89' lang='lat' dir='ltr'><strong>llumanum</strong></span> <span class='ocrx_word' id='word_1_326' title='bbox 1340 2777 1467 2817; x_wconf 88' lang='lat' dir='ltr'><strong>vero</strong></span> <span class='ocrx_word' id='word_1_327' title='bbox 1491 2779 1661 2833; x_wconf 82' lang='lat' dir='ltr'><strong>genus</strong></span> <span class='ocrx_word' id='word_1_328' title='bbox 1690 2778 1803 2817; x_wconf 90' lang='lat' dir='ltr'><strong>me-</strong></span> 
     </span>
    </p>
   </div>
   <div class='ocr_carea' id='block_1_44' title="bbox 217 2853 1800 2926">
    <p class='ocr_par' dir='ltr' id='par_1_44' title="bbox 217 2853 1800 2926">
     <span class='ocr_line' id='line_1_44' title="bbox 217 2853 1800 2926; baseline 0.005 -27"><span class='ocrx_word' id='word_1_329' title='bbox 217 2855 335 2900; x_wconf 89' lang='lat' dir='ltr'><strong>tuat</strong></span> <span class='ocrx_word' id='word_1_330' title='bbox 357 2864 576 2903; x_wconf 83' lang='lat' dir='ltr'><strong>necesse</strong></span> <span class='ocrx_word' id='word_1_331' title='bbox 601 2860 702 2915; x_wconf 91' lang='lat' dir='ltr'><strong>est,</strong></span> <span class='ocrx_word' id='word_1_332' title='bbox 745 2858 797 2905; x_wconf 91' lang='lat' dir='ltr'><strong>et</strong></span> <span class='ocrx_word' id='word_1_333' title='bbox 821 2853 1282 2921; x_wconf 90' lang='lat' dir='ltr'><strong>quamplurimum</strong></span> <span class='ocrx_word' id='word_1_334' title='bbox 1331 2856 1684 2909; x_wconf 90' lang='lat' dir='ltr'><strong>conturbetur</strong></span> <span class='ocrx_word' id='word_1_335' title='bbox 1705 2854 1800 2926; x_wconf 67' lang='lat'>(4),</span> 
     </span>
    </p>
   </div>
   <div class='ocr_carea' id='block_1_45' title="bbox 214 2939 1803 3015">
    <p class='ocr_par' dir='ltr' id='par_1_45' title="bbox 214 2939 1803 3015">
     <span class='ocr_line' id='line_1_45' title="bbox 214 2939 1803 3015; baseline 0.007 -28"><span class='ocrx_word' id='word_1_336' title='bbox 214 2950 316 3005; x_wconf 88' lang='lat' dir='ltr'><strong>pro</strong></span> <span class='ocrx_word' id='word_1_337' title='bbox 340 2951 405 2990; x_wconf 91' lang='lat' dir='ltr'><strong>eo</strong></span> <span class='ocrx_word' id='word_1_338' title='bbox 438 2939 581 3006; x_wconf 90' lang='lat' dir='ltr'><strong>quod</strong></span> <span class='ocrx_word' id='word_1_339' title='bbox 615 2940 784 2993; x_wconf 90' lang='lat' dir='ltr'><strong>multa</strong></span> <span class='ocrx_word' id='word_1_340' title='bbox 804 2940 995 2996; x_wconf 89' lang='lat' dir='ltr'><strong>delicta</strong></span> <span class='ocrx_word' id='word_1_341' title='bbox 1016 2943 1376 3010; x_wconf 86' lang='lat' dir='ltr'><strong>commiserit;</strong></span> <span class='ocrx_word' id='word_1_342' title='bbox 1404 2944 1502 2997; x_wconf 92' lang='lat' dir='ltr'><strong>soli</strong></span> <span class='ocrx_word' id='word_1_343' title='bbox 1530 2961 1656 3000; x_wconf 82' lang='lat' dir='ltr'><strong>vero</strong></span> <span class='ocrx_word' id='word_1_344' title='bbox 1673 2945 1803 3015; x_wconf 85' lang='lat' dir='ltr'><strong>justi</strong></span> 
     </span>
    </p>
   </div>
   <div class='ocr_carea' id='block_1_46' title="bbox 214 3024 1803 3105">
    <p class='ocr_par' dir='ltr' id='par_1_46' title="bbox 214 3024 1803 3105">
     <span class='ocr_line' id='line_1_46' title="bbox 214 3024 1803 3105; baseline 0.007 -26"><span class='ocrx_word' id='word_1_345' title='bbox 214 3024 566 3095; x_wconf 69' lang='lat' dir='ltr'><strong>laatabuntur,</strong></span> <span class='ocrx_word' id='word_1_346' title='bbox 603 3040 981 3100; x_wconf 79' lang='lat' dir='ltr'><strong>exspectantes</strong></span> <span class='ocrx_word' id='word_1_347' title='bbox 1031 3048 1151 3102; x_wconf 84' lang='lat' dir='ltr'><strong>quae</strong></span> <span class='ocrx_word' id='word_1_348' title='bbox 1199 3035 1300 3088; x_wconf 92' lang='lat' dir='ltr'><strong>sibi</strong></span> <span class='ocrx_word' id='word_1_349' title='bbox 1342 3036 1610 3105; x_wconf 87' lang='lat' dir='ltr'><strong>promissa</strong></span> <span class='ocrx_word' id='word_1_350' title='bbox 1646 3045 1803 3101; x_wconf 88' lang='lat' dir='ltr'><strong>sunt;</strong></span> 
     </span>
    </p>
   </div>
   <div class='ocr_carea' id='block_1_47' title="bbox 220 3120 1800 3196">
    <p class='ocr_par' dir='ltr' id='par_1_47' title="bbox 220 3120 1800 3196">
     <span class='ocr_line' id='line_1_47' title="bbox 220 3120 1800 3196; baseline 0.006 -24"><span class='ocrx_word' id='word_1_351' title='bbox 220 3134 323 3173; x_wconf 90' lang='lat' dir='ltr'><strong>nec</strong></span> <span class='ocrx_word' id='word_1_352' title='bbox 356 3120 500 3174; x_wconf 91' lang='lat' dir='ltr'><strong>ultra</strong></span> <span class='ocrx_word' id='word_1_353' title='bbox 534 3123 932 3177; x_wconf 89' lang='lat' dir='ltr'><strong>mundanarum</strong></span> <span class='ocrx_word' id='word_1_354' title='bbox 968 3141 1151 3179; x_wconf 90' lang='lat' dir='ltr'><strong>rerum</strong></span> <span class='ocrx_word' id='word_1_355' title='bbox 1185 3127 1487 3181; x_wconf 85' lang='lat' dir='ltr'><strong>substantia</strong></span> <span class='ocrx_word' id='word_1_356' title='bbox 1518 3143 1800 3196; x_wconf 87' lang='lat' dir='ltr'><strong>permane-</strong></span> 
     </span>
    </p>
   </div>
   <div class='ocr_carea' id='block_1_48' title="bbox 220 3214 1797 3289">
    <p class='ocr_par' dir='ltr' id='par_1_48' title="bbox 220 3214 1797 3289">
     <span class='ocr_line' id='line_1_48' title="bbox 220 3214 1797 3289; baseline 0.004 -21"><span class='ocrx_word' id='word_1_357' title='bbox 220 3214 323 3280; x_wconf 85' lang='lat' dir='ltr'><strong>bit,</strong></span> <span class='ocrx_word' id='word_1_358' title='bbox 360 3216 544 3270; x_wconf 90' lang='lat' dir='ltr'><strong>omnia</strong></span> <span class='ocrx_word' id='word_1_359' title='bbox 583 3216 954 3281; x_wconf 87' lang='lat' dir='ltr'><strong>destruentur,</strong></span> <span class='ocrx_word' id='word_1_360' title='bbox 986 3219 1101 3273; x_wconf 86' lang='lat' dir='ltr'><strong>sive</strong></span> <span class='ocrx_word' id='word_1_361' title='bbox 1128 3220 1423 3289; x_wconf 70' lang='lat' dir='ltr'><strong>prephetite</strong></span> <span class='ocrx_word' id='word_1_362' title='bbox 1456 3221 1570 3275; x_wconf 90' lang='lat' dir='ltr'><strong>sive</strong></span> <span class='ocrx_word' id='word_1_363' title='bbox 1601 3221 1797 3275; x_wconf 89' lang='lat' dir='ltr'><strong>horum</strong></span> 
     </span>
    </p>
   </div>
   <div class='ocr_carea' id='block_1_49' title="bbox 218 3308 1799 3384">
    <p class='ocr_par' dir='ltr' id='par_1_49' title="bbox 218 3308 1799 3384">
     <span class='ocr_line' id='line_1_49' title="bbox 218 3308 1799 3384; baseline 0.004 -22"><span class='ocrx_word' id='word_1_364' title='bbox 218 3308 364 3375; x_wconf 90' lang='lat' dir='ltr'><strong>libri,</strong></span> <span class='ocrx_word' id='word_1_365' title='bbox 401 3309 513 3363; x_wconf 86' lang='lat' dir='ltr'><strong>sive</strong></span> <span class='ocrx_word' id='word_1_366' title='bbox 544 3310 743 3380; x_wconf 75' lang='lat' dir='ltr'><strong>linguae</strong></span> <span class='ocrx_word' id='word_1_367' title='bbox 773 3313 937 3365; x_wconf 91' lang='lat' dir='ltr'><strong>totius</strong></span> <span class='ocrx_word' id='word_1_368' title='bbox 967 3312 1182 3380; x_wconf 81' lang='lat' dir='ltr'><strong>generis</strong></span> <span class='ocrx_word' id='word_1_369' title='bbox 1210 3314 1523 3381; x_wconf 90' lang='lat' dir='ltr'><strong>cessabunt,</strong></span> <span class='ocrx_word' id='word_1_370' title='bbox 1558 3330 1624 3370; x_wconf 90' lang='lat' dir='ltr'><strong>eo</strong></span> <span class='ocrx_word' id='word_1_371' title='bbox 1655 3315 1799 3384; x_wconf 92' lang='lat' dir='ltr'><strong>quod</strong></span> 
     </span>
    </p>
   </div>
   <div class='ocr_carea' id='block_1_50' title="bbox 216 3395 1801 3469">
    <p class='ocr_par' dir='ltr' id='par_1_50' title="bbox 216 3395 1801 3469">
     <span class='ocr_line' id='line_1_50' title="bbox 216 3395 1801 3469; baseline 0.006 -22"><span class='ocrx_word' id='word_1_372' title='bbox 216 3395 359 3447; x_wconf 90' lang='lat' dir='ltr'><strong>ultra</strong></span> <span class='ocrx_word' id='word_1_373' title='bbox 391 3411 497 3448; x_wconf 94' lang='lat' dir='ltr'><strong>non</strong></span> <span class='ocrx_word' id='word_1_374' title='bbox 525 3406 717 3465; x_wconf 87' lang='lat' dir='ltr'><strong>egeant</strong></span> <span class='ocrx_word' id='word_1_375' title='bbox 748 3396 967 3451; x_wconf 92' lang='lat' dir='ltr'><strong>solliciti</strong></span> <span class='ocrx_word' id='word_1_376' title='bbox 1011 3412 1132 3453; x_wconf 90' lang='lat' dir='ltr'><strong>esse</strong></span> <span class='ocrx_word' id='word_1_377' title='bbox 1164 3398 1433 3465; x_wconf 85' lang='lat' dir='ltr'><strong>homines,</strong></span> <span class='ocrx_word' id='word_1_378' title='bbox 1468 3409 1521 3454; x_wconf 91' lang='lat' dir='ltr'><strong>et</strong></span> <span class='ocrx_word' id='word_1_379' title='bbox 1563 3400 1801 3469; x_wconf 87' lang='lat' dir='ltr'><strong>cogitare</strong></span> 
     </span>
    </p>
   </div>
   <div class='ocr_carea' id='block_1_51' title="bbox 216 3483 1800 3555">
    <p class='ocr_par' dir='ltr' id='par_1_51' title="bbox 216 3483 1800 3555">
     <span class='ocr_line' id='line_1_51' title="bbox 216 3483 1800 3555; baseline 0.005 -18"><span class='ocrx_word' id='word_1_380' title='bbox 216 3484 285 3537; x_wconf 87' lang='lat' dir='ltr'><strong>de</strong></span> <span class='ocrx_word' id='word_1_381' title='bbox 322 3483 407 3537; x_wconf 91' lang='lat' dir='ltr'><strong>his</strong></span> <span class='ocrx_word' id='word_1_382' title='bbox 438 3500 559 3551; x_wconf 85' lang='lat' dir='ltr'><strong>quae</strong></span> <span class='ocrx_word' id='word_1_383' title='bbox 592 3485 660 3538; x_wconf 91' lang='lat' dir='ltr'><strong>ad</strong></span> <span class='ocrx_word' id='word_1_384' title='bbox 694 3486 860 3540; x_wconf 89' lang='lat' dir='ltr'><strong>vitam</strong></span> <span class='ocrx_word' id='word_1_385' title='bbox 894 3488 1199 3542; x_wconf 89' lang='lat' dir='ltr'><strong>necessaria</strong></span> <span class='ocrx_word' id='word_1_386' title='bbox 1239 3497 1385 3555; x_wconf 89' lang='lat' dir='ltr'><strong>sunt,</strong></span> <span class='ocrx_word' id='word_1_387' title='bbox 1428 3490 1543 3544; x_wconf 88' lang='lat' dir='ltr'><strong>sive</strong></span> <span class='ocrx_word' id='word_1_388' title='bbox 1575 3490 1800 3545; x_wconf 90' lang='lat' dir='ltr'><strong>scicntia</strong></span> 
     </span>
    </p>
   </div>
   <div class='ocr_carea' id='block_1_52' title="bbox 216 3578 1797 3649">
    <p class='ocr_par' dir='ltr' id='par_1_52' title="bbox 216 3578 1797 3649">
     <span class='ocr_line' id='line_1_52' title="bbox 216 3578 1797 3649; baseline 0.007 -23"><span class='ocrx_word' id='word_1_389' title='bbox 216 3590 677 3645; x_wconf 84' lang='lat' dir='ltr'><strong>quorumcunque</strong></span> <span class='ocrx_word' id='word_1_390' title='bbox 729 3578 1014 3632; x_wconf 86' lang='lat' dir='ltr'><strong>doctorum</strong></span> <span class='ocrx_word' id='word_1_391' title='bbox 1067 3580 1230 3633; x_wconf 89' lang='lat' dir='ltr'><strong>etiam</strong></span> <span class='ocrx_word' id='word_1_392' title='bbox 1276 3580 1392 3649; x_wconf 90' lang='lat' dir='ltr'><strong>ipsa</strong></span> <span class='ocrx_word' id='word_1_393' title='bbox 1441 3582 1797 3637; x_wconf 89' lang='lat' dir='ltr'><strong>destruetur:</strong></span> 
     </span>
    </p>
   </div>
   <div class='ocr_carea' id='block_1_53' title="bbox 218 3665 1803 3740">
    <p class='ocr_par' dir='ltr' id='par_1_53' title="bbox 218 3665 1803 3740">
     <span class='ocr_line' id='line_1_53' title="bbox 218 3665 1803 3740; baseline 0.007 -23"><span class='ocrx_word' id='word_1_394' title='bbox 218 3665 358 3717; x_wconf 91' lang='lat' dir='ltr'><strong>nihil</strong></span> <span class='ocrx_word' id='word_1_395' title='bbox 391 3665 536 3719; x_wconf 89' lang='lat' dir='ltr'><strong>enim</strong></span> <span class='ocrx_word' id='word_1_396' title='bbox 574 3667 769 3721; x_wconf 91' lang='lat' dir='ltr'><strong>horum</strong></span> <span class='ocrx_word' id='word_1_397' title='bbox 803 3668 1031 3724; x_wconf 81' lang='lat' dir='ltr'><strong>sutl&#39;erre</strong></span> <span class='ocrx_word' id='word_1_398' title='bbox 1068 3670 1267 3738; x_wconf 89' lang='lat' dir='ltr'><strong>poterit</strong></span> <span class='ocrx_word' id='word_1_399' title='bbox 1310 3672 1495 3740; x_wconf 83' lang='lat' dir='ltr'><strong>magni</strong></span> <span class='ocrx_word' id='word_1_400' title='bbox 1542 3672 1687 3727; x_wconf 93' lang='lat' dir='ltr'><strong>illius</strong></span> <span class='ocrx_word' id='word_1_401' title='bbox 1716 3689 1803 3728; x_wconf 84' lang='lat' dir='ltr'><strong>re-</strong></span> 
     </span>
    </p>
   </div>
   <div class='ocr_carea' id='block_1_54' title="bbox 222 3759 1802 3832">
    <p class='ocr_par' dir='ltr' id='par_1_54' title="bbox 222 3759 1802 3832">
     <span class='ocr_line' id='line_1_54' title="bbox 222 3759 1802 3832; baseline 0.004 -21"><span class='ocrx_word' id='word_1_402' title='bbox 222 3759 307 3828; x_wconf 84' lang='lat' dir='ltr'><strong>gis</strong></span> <span class='ocrx_word' id='word_1_403' title='bbox 342 3760 655 3814; x_wconf 76' lang='lat' dir='ltr'><strong>adventum.</strong></span> <span class='ocrx_word' id='word_1_404' title='bbox 692 3760 845 3816; x_wconf 89' lang='lat' dir='ltr'><strong>Sicut</strong></span> <span class='ocrx_word' id='word_1_405' title='bbox 873 3762 1017 3816; x_wconf 90' lang='lat' dir='ltr'><strong>enim</strong></span> <span class='ocrx_word' id='word_1_406' title='bbox 1050 3777 1214 3831; x_wconf 90' lang='lat' dir='ltr'><strong>parva</strong></span> <span class='ocrx_word' id='word_1_407' title='bbox 1253 3762 1485 3816; x_wconf 90' lang='lat' dir='ltr'><strong>scintilla</strong></span> <span class='ocrx_word' id='word_1_408' title='bbox 1516 3764 1583 3817; x_wconf 90' lang='lat' dir='ltr'><strong>ad</strong></span> <span class='ocrx_word' id='word_1_409' title='bbox 1622 3764 1802 3832; x_wconf 90' lang='lat' dir='ltr'><strong>splen-</strong></span> 
     </span>
    </p>
   </div>
   <div class='ocr_carea' id='block_1_55' title="bbox 218 3851 1796 3925">
    <p class='ocr_par' dir='ltr' id='par_1_55' title="bbox 218 3851 1796 3925">
     <span class='ocr_line' id='line_1_55' title="bbox 218 3851 1796 3925; baseline 0.004 -23"><span class='ocrx_word' id='word_1_410' title='bbox 218 3851 411 3904; x_wconf 88' lang='lat' dir='ltr'><strong>dorem</strong></span> <span class='ocrx_word' id='word_1_411' title='bbox 446 3851 577 3905; x_wconf 86' lang='lat' dir='ltr'><strong>solis</strong></span> <span class='ocrx_word' id='word_1_412' title='bbox 617 3853 835 3907; x_wconf 90' lang='lat' dir='ltr'><strong>admota</strong></span> <span class='ocrx_word' id='word_1_413' title='bbox 870 3856 1188 3919; x_wconf 88' lang='lat' dir='ltr'><strong>assumitur,</strong></span> <span class='ocrx_word' id='word_1_414' title='bbox 1219 3854 1364 3909; x_wconf 91' lang='lat' dir='ltr'><strong>illico</strong></span> <span class='ocrx_word' id='word_1_415' title='bbox 1398 3870 1507 3908; x_wconf 94' lang='lat' dir='ltr'><strong>non</strong></span> <span class='ocrx_word' id='word_1_416' title='bbox 1542 3865 1796 3925; x_wconf 88' lang='lat' dir='ltr'><strong>apparet;</strong></span> 
     </span>
    </p>
   </div>
   <div class='ocr_carea' id='block_1_56' title="bbox 219 3944 1799 4017">
    <p class='ocr_par' dir='ltr' id='par_1_56' title="bbox 219 3944 1799 4017">
     <span class='ocr_line' id='line_1_56' title="bbox 219 3944 1799 4017; baseline 0.001 -19"><span class='ocrx_word' id='word_1_417' title='bbox 219 3945 298 3998; x_wconf 87' lang='lat' dir='ltr'><strong>ita</strong></span> <span class='ocrx_word' id='word_1_418' title='bbox 349 3944 603 3999; x_wconf 89' lang='lat' dir='ltr'><strong>universa</strong></span> <span class='ocrx_word' id='word_1_419' title='bbox 668 3955 951 4013; x_wconf 89' lang='lat' dir='ltr'><strong>creatura,</strong></span> <span class='ocrx_word' id='word_1_420' title='bbox 1014 3948 1193 4000; x_wconf 89' lang='lat' dir='ltr'><strong>omnis</strong></span> <span class='ocrx_word' id='word_1_421' title='bbox 1245 3948 1547 4017; x_wconf 86' lang='lat' dir='ltr'><strong>prOphetia,</strong></span> <span class='ocrx_word' id='word_1_422' title='bbox 1607 3956 1799 4001; x_wconf 91' lang='lat' dir='ltr'><strong>cuncta</strong></span> 
     </span>
    </p>
   </div>
   <div class='ocr_carea' id='block_1_57' title="bbox 220 4035 1797 4107">
    <p class='ocr_par' dir='ltr' id='par_1_57' title="bbox 220 4035 1797 4107">
     <span class='ocr_line' id='line_1_57' title="bbox 220 4035 1797 4107; baseline 0.003 -19"><span class='ocrx_word' id='word_1_423' title='bbox 220 4035 470 4098; x_wconf 83' lang='lat' dir='ltr'><strong>scientia,</strong></span> <span class='ocrx_word' id='word_1_424' title='bbox 522 4036 792 4090; x_wconf 66' lang='lat' dir='ltr'><strong>universa:</strong></span> <span class='ocrx_word' id='word_1_425' title='bbox 824 4036 1042 4106; x_wconf 65' lang='lat' dir='ltr'><strong>linguae,</strong></span> <span class='ocrx_word' id='word_1_426' title='bbox 1080 4037 1221 4091; x_wconf 92' lang='lat' dir='ltr'><strong>sicut</strong></span> <span class='ocrx_word' id='word_1_427' title='bbox 1249 4039 1501 4107; x_wconf 86' lang='lat' dir='ltr'><strong>superius</strong></span> <span class='ocrx_word' id='word_1_428' title='bbox 1535 4037 1797 4103; x_wconf 86' lang='lat' dir='ltr'><strong>diximus,</strong></span> 
     </span>
    </p>
   </div>
   <div class='ocr_carea' id='block_1_58' title="bbox 219 4126 1798 4200">
    <p class='ocr_par' dir='ltr' id='par_1_58' title="bbox 219 4126 1798 4200">
     <span class='ocr_line' id='line_1_58' title="bbox 219 4126 1798 4200; baseline 0 -17"><span class='ocrx_word' id='word_1_429' title='bbox 219 4127 592 4183; x_wconf 89' lang='lat' dir='ltr'><strong>destruentur.</strong></span> <span class='ocrx_word' id='word_1_430' title='bbox 652 4126 758 4182; x_wconf 91' lang='lat' dir='ltr'><strong>Sed</strong></span> <span class='ocrx_word' id='word_1_431' title='bbox 812 4129 939 4197; x_wconf 86' lang='lat' dir='ltr'><strong>quia</strong></span> <span class='ocrx_word' id='word_1_432' title='bbox 992 4129 1230 4184; x_wconf 69' lang='lat' dir='ltr'><strong>cmlestis</strong></span> <span class='ocrx_word' id='word_1_433' title='bbox 1278 4130 1423 4200; x_wconf 89' lang='lat' dir='ltr'><strong>regis</strong></span> <span class='ocrx_word' id='word_1_434' title='bbox 1456 4130 1798 4198; x_wconf 62' lang='lat' dir='ltr'><strong>praesentiam</strong></span> 
     </span>
    </p>
   </div>
   <div class='ocr_carea' id='block_1_59' title="bbox 219 4217 1801 4290">
    <p class='ocr_par' dir='ltr' id='par_1_59' title="bbox 219 4217 1801 4290">
     <span class='ocr_line' id='line_1_59' title="bbox 219 4217 1801 4290; baseline 0.004 -20"><span class='ocrx_word' id='word_1_435' title='bbox 219 4217 413 4287; x_wconf 89' lang='lat' dir='ltr'><strong>paucis</strong></span> <span class='ocrx_word' id='word_1_436' title='bbox 452 4219 652 4283; x_wconf 90' lang='lat' dir='ltr'><strong>verbis,</strong></span> <span class='ocrx_word' id='word_1_437' title='bbox 682 4227 736 4273; x_wconf 87' lang='lat' dir='ltr'><strong>et</strong></span> <span class='ocrx_word' id='word_1_438' title='bbox 776 4220 1053 4290; x_wconf 89' lang='lat' dir='ltr'><strong>fragilibus</strong></span> <span class='ocrx_word' id='word_1_439' title='bbox 1084 4231 1138 4276; x_wconf 92' lang='lat' dir='ltr'><strong>et</strong></span> <span class='ocrx_word' id='word_1_440' title='bbox 1180 4221 1333 4275; x_wconf 88' lang='lat' dir='ltr'><strong>valde</strong></span> <span class='ocrx_word' id='word_1_441' title='bbox 1377 4221 1607 4276; x_wconf 86' lang='lat' dir='ltr'><strong>infirmis</strong></span> <span class='ocrx_word' id='word_1_442' title='bbox 1638 4236 1801 4288; x_wconf 81' lang='lat' dir='ltr'><strong>expo-</strong></span> 
     </span>
    </p>
   </div>
   <div class='ocr_carea' id='block_1_60' title="bbox 220 4307 1802 4377">
    <p class='ocr_par' dir='ltr' id='par_1_60' title="bbox 220 4307 1802 4377">
     <span class='ocr_line' id='line_1_60' title="bbox 220 4307 1802 4377; baseline 0.003 -18"><span class='ocrx_word' id='word_1_443' title='bbox 220 4320 354 4360; x_wconf 88' lang='lat' dir='ltr'><strong>nere</strong></span> <span class='ocrx_word' id='word_1_444' title='bbox 383 4321 488 4361; x_wconf 94' lang='lat' dir='ltr'><strong>nou</strong></span> <span class='ocrx_word' id='word_1_445' title='bbox 519 4307 660 4363; x_wconf 89' lang='lat' dir='ltr'><strong>valet</strong></span> <span class='ocrx_word' id='word_1_446' title='bbox 690 4308 925 4362; x_wconf 83' lang='lat' dir='ltr'><strong>humana</strong></span> <span class='ocrx_word' id='word_1_447' title='bbox 957 4319 1151 4364; x_wconf 87' lang='lat' dir='ltr'><strong>natura</strong></span> <span class='ocrx_word' id='word_1_448' title='bbox 1171 4352 1185 4377; x_wconf 98' lang='lat'><strong>,</strong></span> <span class='ocrx_word' id='word_1_449' title='bbox 1232 4317 1292 4365; x_wconf 93' lang='lat' dir='ltr'><strong>ut</strong></span> <span class='ocrx_word' id='word_1_450' title='bbox 1325 4309 1557 4365; x_wconf 83' lang='lat' dir='ltr'><strong>fortasse</strong></span> <span class='ocrx_word' id='word_1_451' title='bbox 1586 4319 1802 4364; x_wconf 78' lang='lat' dir='ltr'><strong>saneto-</strong></span> 
     </span>
    </p>
   </div>
   <div class='ocr_carea' id='block_1_61' title="bbox 220 4398 1801 4471">
    <p class='ocr_par' dir='ltr' id='par_1_61' title="bbox 220 4398 1801 4471">
     <span class='ocr_line' id='line_1_61' title="bbox 220 4398 1801 4471; baseline 0.002 -19"><span class='ocrx_word' id='word_1_452' title='bbox 220 4413 348 4452; x_wconf 90' lang='lat' dir='ltr'><strong>rum</strong></span> <span class='ocrx_word' id='word_1_453' title='bbox 378 4398 575 4453; x_wconf 87' lang='lat' dir='ltr'><strong>debeat</strong></span> <span class='ocrx_word' id='word_1_454' title='bbox 608 4414 733 4455; x_wconf 90' lang='lat' dir='ltr'><strong>esse</strong></span> <span class='ocrx_word' id='word_1_455' title='bbox 762 4410 817 4454; x_wconf 90' lang='lat' dir='ltr'><strong>et</strong></span> <span class='ocrx_word' id='word_1_456' title='bbox 843 4401 997 4454; x_wconf 88' lang='lat' dir='ltr'><strong>valde</strong></span> <span class='ocrx_word' id='word_1_457' title='bbox 1027 4401 1312 4470; x_wconf 87' lang='lat' dir='ltr'><strong>dignorum</strong></span> <span class='ocrx_word' id='word_1_458' title='bbox 1340 4402 1407 4456; x_wconf 89' lang='lat' dir='ltr'><strong>de</strong></span> <span class='ocrx_word' id='word_1_459' title='bbox 1440 4401 1559 4471; x_wconf 91' lang='lat' dir='ltr'><strong>ipso</strong></span> <span class='ocrx_word' id='word_1_460' title='bbox 1598 4401 1801 4471; x_wconf 90' lang='lat' dir='ltr'><strong>aliquid</strong></span> 
     </span>
    </p>
   </div>
   <div class='ocr_carea' id='block_1_62' title="bbox 220 4492 1872 4575">
    <p class='ocr_par' dir='ltr' id='par_1_62' title="bbox 220 4492 1872 4575">
     <span class='ocr_line' id='line_1_62' title="bbox 220 4492 1872 4575; baseline 0.003 -32"><span class='ocrx_word' id='word_1_461' title='bbox 220 4504 515 4556; x_wconf 89' lang='lat' dir='ltr'><strong>enarrare;</strong></span> <span class='ocrx_word' id='word_1_462' title='bbox 550 4499 730 4545; x_wconf 90' lang='lat' dir='ltr'><strong>tamen</strong></span> <span class='ocrx_word' id='word_1_463' title='bbox 764 4492 1104 4546; x_wconf 89' lang='lat' dir='ltr'><strong>necessitatis</strong></span> <span class='ocrx_word' id='word_1_464' title='bbox 1134 4508 1322 4557; x_wconf 91' lang='lat' dir='ltr'><strong>causa,</strong></span> <span class='ocrx_word' id='word_1_465' title='bbox 1356 4492 1459 4547; x_wconf 88' lang='lat' dir='ltr'><strong>ista</strong></span> <span class='ocrx_word' id='word_1_466' title='bbox 1489 4508 1575 4547; x_wconf 90' lang='lat' dir='ltr'><strong>me</strong></span> <span class='ocrx_word' id='word_1_467' title='bbox 1602 4492 1798 4548; x_wconf 80' lang='lat' dir='ltr'><strong>sufﬁcit</strong></span> <span class='ocrx_word' id='word_1_468' title='bbox 1829 4521 1872 4575; x_wconf 73' lang='grc' dir='ltr'>ο</span> 
     </span>
    </p>
   </div>
   <div class='ocr_carea' id='block_1_63' title="bbox 220 4583 1793 4656">
    <p class='ocr_par' dir='ltr' id='par_1_63' title="bbox 220 4583 1793 4656">
     <span class='ocr_line' id='line_1_63' title="bbox 220 4583 1793 4656; baseline 0.005 -21"><span class='ocrx_word' id='word_1_469' title='bbox 220 4583 538 4652; x_wconf 89' lang='lat' dir='ltr'><strong>protulisse,</strong></span> <span class='ocrx_word' id='word_1_470' title='bbox 563 4585 727 4655; x_wconf 91' lang='lat' dir='ltr'><strong>hujus</strong></span> <span class='ocrx_word' id='word_1_471' title='bbox 744 4586 1152 4655; x_wconf 81' lang='lat' dir='ltr'><strong>importunitate</strong></span> <span class='ocrx_word' id='word_1_472' title='bbox 1169 4587 1530 4656; x_wconf 89' lang='lat' dir='ltr'><strong>compulsum,</strong></span> <span class='ocrx_word' id='word_1_473' title='bbox 1550 4596 1610 4643; x_wconf 92' lang='lat' dir='ltr'><strong>ut</strong></span> <span class='ocrx_word' id='word_1_474' title='bbox 1630 4589 1793 4643; x_wconf 92' lang='lat' dir='ltr'><strong>istum</strong></span> 
     </span>
    </p>
   </div>
   <div class='ocr_carea' id='block_1_64' title="bbox 221 4676 1146 4745">
    <p class='ocr_par' dir='ltr' id='par_1_64' title="bbox 221 4676 1146 4745">
     <span class='ocr_line' id='line_1_64' title="bbox 221 4676 1146 4745; baseline 0.006 -18"><span class='ocrx_word' id='word_1_475' title='bbox 221 4676 381 4730; x_wconf 87' lang='lat' dir='ltr'><strong>vobis</strong></span> <span class='ocrx_word' id='word_1_476' title='bbox 412 4677 591 4745; x_wconf 87' lang='lat' dir='ltr'><strong>qualis</strong></span> <span class='ocrx_word' id='word_1_477' title='bbox 616 4686 759 4732; x_wconf 89' lang='lat' dir='ltr'><strong>esset</strong></span> <span class='ocrx_word' id='word_1_478' title='bbox 783 4679 1146 4733; x_wconf 89' lang='lat' dir='ltr'><strong>ostenderem.</strong></span> 
     </span>
    </p>
   </div>
   <div class='ocr_carea' id='block_1_65' title="bbox 292 4835 1532 4911">
    <p class='ocr_par' dir='ltr' id='par_1_65' title="bbox 292 4835 1532 4911">
     <span class='ocr_line' id='line_1_65' title="bbox 292 4835 1532 4911; baseline 0.004 -21"><span class='ocrx_word' id='word_1_479' title='bbox 292 4835 342 4870; x_wconf 62' lang='grc' dir='ltr'><strong>ι’</strong></span> <span class='ocrx_word' id='word_1_480' title='bbox 380 4836 402 4890; x_wconf 87' lang='lat' dir='ltr'><strong>l</strong></span> <span class='ocrx_word' id='word_1_481' title='bbox 434 4837 558 4892; x_wconf 84' lang='lat' dir='ltr'><strong>Cor.</strong></span> <span class='ocrx_word' id='word_1_482' title='bbox 601 4854 724 4903; x_wconf 77' lang='lat' dir='ltr'><strong>xm,</strong></span> <span class='ocrx_word' id='word_1_483' title='bbox 766 4838 921 4894; x_wconf 73' lang='lat'><strong>8—10.</strong></span> <span class='ocrx_word' id='word_1_484' title='bbox 1000 4838 1044 4871; x_wconf 85' lang='grc'><strong>¹³</strong></span> <span class='ocrx_word' id='word_1_485' title='bbox 1080 4838 1311 4911; x_wconf 85' lang='lat' dir='ltr'><strong>Philipp.</strong></span> <span class='ocrx_word' id='word_1_486' title='bbox 1350 4856 1410 4907; x_wconf 91' lang='grc' dir='ltr'><strong>ιι,</strong></span> <span class='ocrx_word' id='word_1_487' title='bbox 1447 4840 1532 4895; x_wconf 81' lang='grc'><strong>15.</strong></span> 
     </span>
    </p>
   </div>
   <div class='ocr_carea' id='block_1_66' title="bbox 320 5025 1580 5098">
    <p class='ocr_par' dir='ltr' id='par_1_66' title="bbox 320 5025 1580 5098">
     <span class='ocr_line' id='line_1_66' title="bbox 320 5025 1580 5098; baseline 0.006 -20"><span class='ocrx_word' id='word_1_488' title='bbox 320 5026 374 5098; x_wconf 74' lang='lat' dir='ltr'><strong>l)</strong></span> <span class='ocrx_word' id='word_1_489' title='bbox 414 5025 469 5098; x_wconf 71' lang='grc' dir='ltr'><strong>ιιι</strong></span> <span class='ocrx_word' id='word_1_490' title='bbox 504 5025 785 5083; x_wconf 89' lang='lat' dir='ltr'><strong>Casinensi</strong></span> <span class='ocrx_word' id='word_1_491' title='bbox 819 5037 921 5089; x_wconf 84' lang='lat' dir='ltr'><strong>est,</strong></span> <span class='ocrx_word' id='word_1_492' title='bbox 952 5047 971 5080; x_wconf 76' lang='grc' dir='ltr'><strong>ι</strong></span> <span class='ocrx_word' id='word_1_493' title='bbox 1002 5029 1117 5095; x_wconf 90' lang='lat' dir='ltr'><strong>sed,</strong></span> <span class='ocrx_word' id='word_1_494' title='bbox 1155 5049 1172 5081; x_wconf 80' lang='grc' dir='ltr'><strong>ι</strong></span> <span class='ocrx_word' id='word_1_495' title='bbox 1211 5044 1371 5098; x_wconf 84' lang='lat' dir='ltr'><strong>prava</strong></span> <span class='ocrx_word' id='word_1_496' title='bbox 1402 5030 1580 5086; x_wconf 84' lang='lat' dir='ltr'><strong>lectio.</strong></span> 
     </span>
    </p>
   </div>
   <div class='ocr_carea' id='block_1_67' title="bbox 318 5096 1796 5168">
    <p class='ocr_par' dir='ltr' id='par_1_67' title="bbox 318 5096 1796 5168">
     <span class='ocr_line' id='line_1_67' title="bbox 318 5096 1796 5168; baseline 0.005 -20"><span class='ocrx_word' id='word_1_497' title='bbox 318 5097 375 5165; x_wconf 68' lang='grc' dir='ltr'>Ξ)</span> <span class='ocrx_word' id='word_1_498' title='bbox 416 5096 595 5151; x_wconf 79' lang='lat' dir='ltr'><strong>Codex</strong></span> <span class='ocrx_word' id='word_1_499' title='bbox 642 5098 975 5162; x_wconf 85' lang='lat' dir='ltr'><strong>Casinensis,</strong></span> <span class='ocrx_word' id='word_1_500' title='bbox 1011 5119 1029 5150; x_wconf 71' lang='grc' dir='ltr'>ί</span> <span class='ocrx_word' id='word_1_501' title='bbox 1060 5116 1166 5153; x_wconf 88' lang='lat' dir='ltr'><strong>non</strong></span> <span class='ocrx_word' id='word_1_502' title='bbox 1212 5096 1376 5168; x_wconf 84' lang='lat' dir='ltr'><strong>plane</strong></span> <span class='ocrx_word' id='word_1_503' title='bbox 1425 5110 1574 5155; x_wconf 88' lang='lat' dir='ltr'><strong>nota.</strong></span> <span class='ocrx_word' id='word_1_504' title='bbox 1622 5120 1640 5152; x_wconf 83' lang='grc' dir='ltr'><strong>ι</strong></span> <span class='ocrx_word' id='word_1_505' title='bbox 1674 5100 1796 5155; x_wconf 62' lang='lat' dir='ltr'><strong>‘Sed</strong></span> 
     </span>
    </p>
   </div>
   <div class='ocr_carea' id='block_1_68' title="bbox 222 5168 1801 5241">
    <p class='ocr_par' dir='ltr' id='par_1_68' title="bbox 222 5168 1801 5241">
     <span class='ocr_line' id='line_1_68' title="bbox 222 5168 1801 5241; baseline 0.002 -19"><span class='ocrx_word' id='word_1_506' title='bbox 222 5168 462 5241; x_wconf 82' lang='lat' dir='ltr'><strong>omissas</strong></span> <span class='ocrx_word' id='word_1_507' title='bbox 497 5169 564 5221; x_wconf 90' lang='lat' dir='ltr'><strong>ab</strong></span> <span class='ocrx_word' id='word_1_508' title='bbox 597 5170 862 5223; x_wconf 85' lang='lat' dir='ltr'><strong>oscitante</strong></span> <span class='ocrx_word' id='word_1_509' title='bbox 899 5172 1120 5224; x_wconf 88' lang='lat' dir='ltr'><strong>librario</strong></span> <span class='ocrx_word' id='word_1_510' title='bbox 1170 5169 1397 5225; x_wconf 89' lang='lat' dir='ltr'><strong>lineolas</strong></span> <span class='ocrx_word' id='word_1_511' title='bbox 1438 5172 1644 5234; x_wconf 90' lang='lat' dir='ltr'><strong>censui,</strong></span> <span class='ocrx_word' id='word_1_512' title='bbox 1678 5188 1801 5241; x_wconf 67' lang='lat' dir='ltr'><strong>quae</strong></span> 
     </span>
    </p>
   </div>
   <div class='ocr_carea' id='block_1_69' title="bbox 222 5238 1675 5309">
    <p class='ocr_par' dir='ltr' id='par_1_69' title="bbox 222 5238 1675 5309">
     <span class='ocr_line' id='line_1_69' title="bbox 222 5238 1675 5309; baseline 0.002 -19"><span class='ocrx_word' id='word_1_513' title='bbox 222 5238 506 5309; x_wconf 76' lang='lat' dir='ltr'><strong>vocalibus</strong></span> <span class='ocrx_word' id='word_1_514' title='bbox 538 5241 890 5307; x_wconf 59' lang='lat' dir='ltr'><strong>superposita!</strong></span> <span class='ocrx_word' id='word_1_515' title='bbox 922 5251 1284 5293; x_wconf 82' lang='lat' dir='ltr'><strong>consonantes</strong></span> <span class='ocrx_word' id='word_1_516' title='bbox 1309 5242 1675 5309; x_wconf 78' lang='lat' dir='ltr'><strong>designarent.</strong></span> 
     </span>
    </p>
   </div>
   <div class='ocr_carea' id='block_1_70' title="bbox 297 5305 1799 5381">
    <p class='ocr_par' dir='ltr' id='par_1_70' title="bbox 297 5305 1799 5381">
     <span class='ocr_line' id='line_1_70' title="bbox 297 5305 1799 5381; baseline 0.003 -22"><span class='ocrx_word' id='word_1_517' title='bbox 297 5308 374 5376; x_wconf 76' lang='lat'>(5)</span> <span class='ocrx_word' id='word_1_518' title='bbox 418 5305 492 5381; x_wconf 84' lang='lat' dir='ltr'><strong>De</strong></span> <span class='ocrx_word' id='word_1_519' title='bbox 536 5305 620 5364; x_wconf 83' lang='lat' dir='ltr'><strong>his</strong></span> <span class='ocrx_word' id='word_1_520' title='bbox 663 5305 767 5363; x_wconf 81' lang='lat' dir='ltr'><strong>late</strong></span> <span class='ocrx_word' id='word_1_521' title='bbox 801 5320 921 5378; x_wconf 90' lang='lat' dir='ltr'><strong>post</strong></span> <span class='ocrx_word' id='word_1_522' title='bbox 962 5309 1352 5365; x_wconf 85' lang='lat' dir='ltr'><strong>Gothofredum</strong></span> <span class='ocrx_word' id='word_1_523' title='bbox 1399 5305 1710 5381; x_wconf 80' lang='lat' dir='ltr'><strong>Ducangius</strong></span> <span class='ocrx_word' id='word_1_524' title='bbox 1745 5311 1799 5365; x_wconf 90' lang='lat' dir='ltr'><strong>in</strong></span> 
     </span>
    </p>
   </div>
   <div class='ocr_carea' id='block_1_71' title="bbox 227 5376 520 5433">
    <p class='ocr_par' dir='ltr' id='par_1_71' title="bbox 227 5376 520 5433">
     <span class='ocr_line' id='line_1_71' title="bbox 227 5376 520 5433; baseline 0.01 -3"><span class='ocrx_word' id='word_1_525' title='bbox 227 5376 520 5433; x_wconf 78' lang='lat' dir='ltr'><strong>Glossario.</strong></span> 
     </span>
    </p>
   </div>
   <div class='ocr_carea' id='block_1_72' title="bbox 301 5444 1801 5520">
    <p class='ocr_par' dir='ltr' id='par_1_72' title="bbox 301 5444 1801 5520">
     <span class='ocr_line' id='line_1_72' title="bbox 301 5444 1801 5520; baseline 0.002 -19"><span class='ocrx_word' id='word_1_526' title='bbox 301 5447 380 5515; x_wconf 76' lang='grc'>(4)</span> <span class='ocrx_word' id='word_1_527' title='bbox 420 5444 477 5500; x_wconf 90' lang='lat' dir='ltr'><strong>In</strong></span> <span class='ocrx_word' id='word_1_528' title='bbox 505 5448 688 5503; x_wconf 87' lang='lat' dir='ltr'><strong>codice</strong></span> <span class='ocrx_word' id='word_1_529' title='bbox 710 5447 993 5504; x_wconf 92' lang='lat' dir='ltr'><strong>Casinensi</strong></span> <span class='ocrx_word' id='word_1_530' title='bbox 1017 5488 1032 5513; x_wconf 97' lang='lat'><strong>,</strong></span> <span class='ocrx_word' id='word_1_531' title='bbox 1063 5468 1081 5502; x_wconf 73' lang='grc' dir='ltr'><strong>ι</strong></span> <span class='ocrx_word' id='word_1_532' title='bbox 1118 5457 1172 5505; x_wconf 90' lang='lat' dir='ltr'><strong>et</strong></span> <span class='ocrx_word' id='word_1_533' title='bbox 1202 5465 1325 5505; x_wconf 91' lang='lat' dir='ltr'><strong>cum</strong></span> <span class='ocrx_word' id='word_1_534' title='bbox 1357 5450 1648 5520; x_wconf 90' lang='lat' dir='ltr'><strong>plurimum</strong></span> <span class='ocrx_word' id='word_1_535' title='bbox 1672 5466 1801 5505; x_wconf 87' lang='lat' dir='ltr'><strong>con-</strong></span> 
     </span>
    </p>
   </div>
   <div class='ocr_carea' id='block_1_73' title="bbox 227 5520 554 5573">
    <p class='ocr_par' dir='ltr' id='par_1_73' title="bbox 227 5520 554 5573">
     <span class='ocr_line' id='line_1_73' title="bbox 227 5520 554 5573; baseline -0.012 0"><span class='ocrx_word' id='word_1_536' title='bbox 227 5520 495 5573; x_wconf 85' lang='lat' dir='ltr'><strong>turbetur.</strong></span> <span class='ocrx_word' id='word_1_537' title='bbox 536 5537 554 5569; x_wconf 82' lang='grc' dir='ltr'><strong>ι</strong></span> 
     </span>
    </p>
   </div>
   <div class='ocr_carea' id='block_1_74' title="bbox 301 5586 1802 5658">
    <p class='ocr_par' dir='ltr' id='par_1_74' title="bbox 301 5586 1802 5658">
     <span class='ocr_line' id='line_1_74' title="bbox 301 5586 1802 5658; baseline 0.004 -17"><span class='ocrx_word' id='word_1_538' title='bbox 301 5588 379 5658; x_wconf 81' lang='grc'><strong>(5)</strong></span> <span class='ocrx_word' id='word_1_539' title='bbox 423 5586 859 5642; x_wconf 87' lang='lat' dir='ltr'><strong>Valentinianum</strong></span> <span class='ocrx_word' id='word_1_540' title='bbox 890 5596 1075 5651; x_wconf 90' lang='lat' dir='ltr'><strong>vocat,</strong></span> <span class='ocrx_word' id='word_1_541' title='bbox 1113 5604 1272 5658; x_wconf 89' lang='lat' dir='ltr'><strong>quem</strong></span> <span class='ocrx_word' id='word_1_542' title='bbox 1313 5591 1403 5644; x_wconf 89' lang='lat' dir='ltr'><strong>alii</strong></span> <span class='ocrx_word' id='word_1_543' title='bbox 1454 5590 1802 5647; x_wconf 86' lang='lat' dir='ltr'><strong>Valentinum</strong></span> 
     </span>
    </p>
   </div>
   <div class='ocr_carea' id='block_1_75' title="bbox 229 5657 1801 5732">
    <p class='ocr_par' dir='ltr' id='par_1_75' title="bbox 229 5657 1801 5732">
     <span class='ocr_line' id='line_1_75' title="bbox 229 5657 1801 5732; baseline 0.003 -21"><span class='ocrx_word' id='word_1_544' title='bbox 229 5657 536 5732; x_wconf 82' lang='lat' dir='ltr'><strong>nominant,</strong></span> <span class='ocrx_word' id='word_1_545' title='bbox 569 5659 831 5714; x_wconf 87' lang='lat' dir='ltr'><strong>celebrem</strong></span> <span class='ocrx_word' id='word_1_546' title='bbox 860 5657 1275 5730; x_wconf 74' lang='lat' dir='ltr'><strong>apostolicOrum</strong></span> <span class='ocrx_word' id='word_1_547' title='bbox 1306 5670 1609 5732; x_wconf 88' lang='lat' dir='ltr'><strong>temporum</strong></span> <span class='ocrx_word' id='word_1_548' title='bbox 1638 5664 1801 5718; x_wconf 63' lang='lat' dir='ltr'><strong>bwre-</strong></span> 
     </span>
    </p>
   </div>
   <div class='ocr_carea' id='block_1_76' title="bbox 231 5729 524 5783">
    <p class='ocr_par' dir='ltr' id='par_1_76' title="bbox 231 5729 524 5783">
     <span class='ocr_line' id='line_1_76' title="bbox 231 5729 524 5783; baseline -0.007 0"><span class='ocrx_word' id='word_1_549' title='bbox 231 5729 524 5783; x_wconf 85' lang='lat' dir='ltr'><strong>siarcham.</strong></span> 
     </span>
    </p>
   </div>
   <div class='ocr_carea' id='block_1_77' title="bbox 301 5796 1804 5875">
    <p class='ocr_par' dir='ltr' id='par_1_77' title="bbox 301 5796 1804 5875">
     <span class='ocr_line' id='line_1_77' title="bbox 301 5796 1804 5875; baseline 0.007 -28"><span class='ocrx_word' id='word_1_550' title='bbox 301 5798 379 5867; x_wconf 73' lang='lat'>(6)</span> <span class='ocrx_word' id='word_1_551' title='bbox 420 5800 476 5851; x_wconf 91' lang='lat' dir='ltr'><strong>ln</strong></span> <span class='ocrx_word' id='word_1_552' title='bbox 529 5796 713 5856; x_wconf 80' lang='lat' dir='ltr'><strong>codice</strong></span> <span class='ocrx_word' id='word_1_553' title='bbox 755 5800 1039 5856; x_wconf 85' lang='lat' dir='ltr'><strong>Casinensi</strong></span> <span class='ocrx_word' id='word_1_554' title='bbox 1071 5810 1177 5875; x_wconf 89' lang='lat' dir='ltr'><strong>est,</strong></span> <span class='ocrx_word' id='word_1_555' title='bbox 1211 5820 1230 5855; x_wconf 84' lang='grc'><strong>‹</strong></span> <span class='ocrx_word' id='word_1_556' title='bbox 1264 5803 1403 5859; x_wconf 90' lang='lat' dir='ltr'><strong>sicut</strong></span> <span class='ocrx_word' id='word_1_557' title='bbox 1450 5804 1610 5859; x_wconf 81' lang='lat' dir='ltr'><strong>istius</strong></span> <span class='ocrx_word' id='word_1_558' title='bbox 1644 5818 1804 5875; x_wconf 84' lang='lat' dir='ltr'><strong>para-</strong></span> 
     </span>
    </p>
   </div>
   <div class='ocr_carea' id='block_1_78' title="bbox 1613 4842 1825 4897">
    <p class='ocr_par' dir='ltr' id='par_1_78' title="bbox 1613 4842 1825 4897">
     <span class='ocr_line' id='line_1_78' title="bbox 1613 4842 1825 4897; baseline 0.009 -2"><span class='ocrx_word' id='word_1_559' title='bbox 1613 4842 1655 4873; x_wconf 71' lang='lat'><em>&quot;</em></span> <span class='ocrx_word' id='word_1_560' title='bbox 1693 4842 1825 4897; x_wconf 88' lang='lat' dir='ltr'><strong>Ibid.</strong></span> 
     </span>
    </p>
   </div>
   <div class='ocr_carea' id='block_1_79' title="bbox 1900 1937 3473 2008">
    <p class='ocr_par' dir='ltr' id='par_1_79' title="bbox 1900 1937 3473 2008">
     <span class='ocr_line' id='line_1_79' title="bbox 1900 1937 3473 2008; baseline 0.001 -18"><span class='ocrx_word' id='word_1_561' title='bbox 1900 1946 2008 1991; x_wconf 87' lang='lat' dir='ltr'><strong>tate</strong></span> <span class='ocrx_word' id='word_1_562' title='bbox 2033 1937 2325 2005; x_wconf 85' lang='lat' dir='ltr'><strong>confirmo;</strong></span> <span class='ocrx_word' id='word_1_563' title='bbox 2362 1940 2619 2007; x_wconf 86' lang='lat' dir='ltr'><strong>quoniam</strong></span> <span class='ocrx_word' id='word_1_564' title='bbox 2668 1939 2885 2007; x_wconf 91' lang='lat' dir='ltr'><strong>quidem</strong></span> <span class='ocrx_word' id='word_1_565' title='bbox 2924 1950 2976 1994; x_wconf 90' lang='lat' dir='ltr'><strong>et</strong></span> <span class='ocrx_word' id='word_1_566' title='bbox 3022 1938 3313 2008; x_wconf 81' lang='lat' dir='ltr'><strong>Apostolus</strong></span> <span class='ocrx_word' id='word_1_567' title='bbox 3344 1938 3473 1993; x_wconf 90' lang='lat' dir='ltr'><strong>dicit</strong></span> 
     </span>
    </p>
   </div>
   <div class='ocr_carea' id='block_1_80' title="bbox 1899 2026 3473 2095">
    <p class='ocr_par' dir='ltr' id='par_1_80' title="bbox 1899 2026 3473 2095">
     <span class='ocr_line' id='line_1_80' title="bbox 1899 2026 3473 2095; baseline 0 -14"><span class='ocrx_word' id='word_1_568' title='bbox 1899 2029 1964 2082; x_wconf 84' lang='lat' dir='ltr'><strong>ad</strong></span> <span class='ocrx_word' id='word_1_569' title='bbox 1993 2044 2130 2086; x_wconf 70' lang='lat' dir='ltr'><strong>nos:</strong></span> <span class='ocrx_word' id='word_1_570' title='bbox 2163 2046 2180 2079; x_wconf 85' lang='grc'><em>‹</em></span> <span class='ocrx_word' id='word_1_571' title='bbox 2218 2026 2287 2082; x_wconf 89' lang='lat' dir='ltr'><strong>Ut</strong></span> <span class='ocrx_word' id='word_1_572' title='bbox 2316 2030 2435 2083; x_wconf 88' lang='lat' dir='ltr'><strong>sitis</strong></span> <span class='ocrx_word' id='word_1_573' title='bbox 2480 2030 2622 2084; x_wconf 87' lang='lat' dir='ltr'><strong>sicut</strong></span> <span class='ocrx_word' id='word_1_574' title='bbox 2658 2030 2948 2083; x_wconf 85' lang='lat' dir='ltr'><strong>luminaria</strong></span> <span class='ocrx_word' id='word_1_575' title='bbox 2992 2033 3046 2083; x_wconf 89' lang='lat' dir='ltr'><strong>in</strong></span> <span class='ocrx_word' id='word_1_576' title='bbox 3102 2030 3208 2085; x_wconf 89' lang='lat' dir='ltr'><strong>hoc</strong></span> <span class='ocrx_word' id='word_1_577' title='bbox 3248 2031 3473 2095; x_wconf 89' lang='lat' dir='ltr'><strong>mundo,</strong></span> 
     </span>
    </p>
   </div>
   <div class='ocr_carea' id='block_1_81' title="bbox 1898 2118 3473 2189">
    <p class='ocr_par' dir='ltr' id='par_1_81' title="bbox 1898 2118 3473 2189">
     <span class='ocr_line' id='line_1_81' title="bbox 1898 2118 3473 2189; baseline 0.001 -17"><span class='ocrx_word' id='word_1_578' title='bbox 1898 2118 2120 2172; x_wconf 82' lang='lat' dir='ltr'><strong>verbum</strong></span> <span class='ocrx_word' id='word_1_579' title='bbox 2150 2118 2273 2171; x_wconf 80' lang='lat' dir='ltr'><strong>vitae</strong></span> <span class='ocrx_word' id='word_1_580' title='bbox 2299 2118 2640 2174; x_wconf 89' lang='lat' dir='ltr'><strong>continentes</strong></span> <span class='ocrx_word' id='word_1_581' title='bbox 2670 2119 2736 2173; x_wconf 88' lang='lat' dir='ltr'><strong>ad</strong></span> <span class='ocrx_word' id='word_1_582' title='bbox 2778 2119 3002 2189; x_wconf 88' lang='lat' dir='ltr'><strong>gloriam</strong></span> <span class='ocrx_word' id='word_1_583' title='bbox 3035 2135 3210 2173; x_wconf 90' lang='lat' dir='ltr'><strong>meam</strong></span> <span class='ocrx_word' id='word_1_584' title='bbox 3248 2121 3299 2173; x_wconf 94' lang='lat' dir='ltr'><strong>in</strong></span> <span class='ocrx_word' id='word_1_585' title='bbox 3331 2120 3473 2174; x_wconf 92' lang='lat' dir='ltr'><strong>diem</strong></span> 
     </span>
    </p>
   </div>
   <div class='ocr_carea' id='block_1_82' title="bbox 1899 2208 3472 2277">
    <p class='ocr_par' dir='ltr' id='par_1_82' title="bbox 1899 2208 3472 2277">
     <span class='ocr_line' id='line_1_82' title="bbox 1899 2208 3472 2277; baseline 0.001 -14"><span class='ocrx_word' id='word_1_586' title='bbox 1899 2208 2123 2272; x_wconf 89' lang='lat' dir='ltr'><strong>Christi,</strong></span> <span class='ocrx_word' id='word_1_587' title='bbox 2168 2209 2425 2277; x_wconf 90' lang='lat' dir='ltr'><strong>quoniam</strong></span> <span class='ocrx_word' id='word_1_588' title='bbox 2470 2226 2578 2264; x_wconf 91' lang='lat' dir='ltr'><strong>non</strong></span> <span class='ocrx_word' id='word_1_589' title='bbox 2630 2211 2684 2265; x_wconf 90' lang='lat' dir='ltr'><strong>in</strong></span> <span class='ocrx_word' id='word_1_590' title='bbox 2726 2226 2958 2266; x_wconf 71' lang='lat' dir='ltr'><strong>vacuum</strong></span> <span class='ocrx_word' id='word_1_591' title='bbox 3001 2211 3238 2276; x_wconf 85' lang='lat' dir='ltr'><strong>cucurri,</strong></span> <span class='ocrx_word' id='word_1_592' title='bbox 3276 2228 3376 2266; x_wconf 88' lang='lat' dir='ltr'><strong>nec</strong></span> <span class='ocrx_word' id='word_1_593' title='bbox 3419 2213 3472 2265; x_wconf 90' lang='lat' dir='ltr'><strong>in</strong></span> 
     </span>
    </p>
   </div>
   <div class='ocr_carea' id='block_1_83' title="bbox 1901 2299 3478 2371">
    <p class='ocr_par' dir='ltr' id='par_1_83' title="bbox 1901 2299 3478 2371">
     <span class='ocr_line' id='line_1_83' title="bbox 1901 2299 3478 2371; baseline 0.003 -19"><span class='ocrx_word' id='word_1_594' title='bbox 1901 2314 2130 2353; x_wconf 90' lang='lat' dir='ltr'><strong>vacuum</strong></span> <span class='ocrx_word' id='word_1_595' title='bbox 2162 2299 2401 2353; x_wconf 86' lang='lat' dir='ltr'><strong>laboravi</strong></span> <span class='ocrx_word' id='word_1_596' title='bbox 2430 2300 2493 2354; x_wconf 75' lang='lat'><strong>”.</strong></span> <span class='ocrx_word' id='word_1_597' title='bbox 2540 2318 2558 2351; x_wconf 76' lang='grc' dir='ltr'><strong>ι</strong></span> <span class='ocrx_word' id='word_1_598' title='bbox 2605 2301 2910 2371; x_wconf 84' lang='lat' dir='ltr'><strong>Intelligere</strong></span> <span class='ocrx_word' id='word_1_599' title='bbox 2957 2301 3220 2355; x_wconf 84' lang='lat' dir='ltr'><strong>debemus</strong></span> <span class='ocrx_word' id='word_1_600' title='bbox 3251 2318 3371 2371; x_wconf 67' lang='lat' dir='ltr'><strong>qua:</strong></span> <span class='ocrx_word' id='word_1_601' title='bbox 3406 2304 3478 2357; x_wconf 85' lang='lat' dir='ltr'><strong>sit</strong></span> 
     </span>
    </p>
   </div>
   <div class='ocr_carea' id='block_1_84' title="bbox 1900 2390 3475 2457">
    <p class='ocr_par' dir='ltr' id='par_1_84' title="bbox 1900 2390 3475 2457">
     <span class='ocr_line' id='line_1_84' title="bbox 1900 2390 3475 2457; baseline 0.002 -14"><span class='ocrx_word' id='word_1_602' title='bbox 1900 2391 1984 2445; x_wconf 89' lang='lat' dir='ltr'><strong>vis</strong></span> <span class='ocrx_word' id='word_1_603' title='bbox 2026 2398 2079 2443; x_wconf 91' lang='lat' dir='ltr'><strong>et</strong></span> <span class='ocrx_word' id='word_1_604' title='bbox 2123 2390 2262 2443; x_wconf 89' lang='lat' dir='ltr'><strong>ratio</strong></span> <span class='ocrx_word' id='word_1_605' title='bbox 2309 2391 2578 2445; x_wconf 90' lang='lat' dir='ltr'><strong>sermonis</strong></span> <span class='ocrx_word' id='word_1_606' title='bbox 2627 2392 2823 2457; x_wconf 89' lang='lat' dir='ltr'><strong>hujus;</strong></span> <span class='ocrx_word' id='word_1_607' title='bbox 2861 2392 3083 2446; x_wconf 89' lang='lat' dir='ltr'><strong>verbum</strong></span> <span class='ocrx_word' id='word_1_608' title='bbox 3130 2394 3273 2446; x_wconf 90' lang='lat' dir='ltr'><strong>enim</strong></span> <span class='ocrx_word' id='word_1_609' title='bbox 3319 2393 3475 2447; x_wconf 91' lang='lat' dir='ltr'><strong>ducis</strong></span> 
     </span>
    </p>
   </div>
   <div class='ocr_carea' id='block_1_85' title="bbox 1901 2478 3477 2553">
    <p class='ocr_par' dir='ltr' id='par_1_85' title="bbox 1901 2478 3477 2553">
     <span class='ocr_line' id='line_1_85' title="bbox 1901 2478 3477 2553; baseline 0.002 -19"><span class='ocrx_word' id='word_1_610' title='bbox 1901 2480 2105 2534; x_wconf 86' lang='lat' dir='ltr'><strong>obtinet</strong></span> <span class='ocrx_word' id='word_1_611' title='bbox 2140 2480 2343 2543; x_wconf 91' lang='lat' dir='ltr'><strong>locum,</strong></span> <span class='ocrx_word' id='word_1_612' title='bbox 2374 2496 2533 2549; x_wconf 90' lang='lat' dir='ltr'><strong>opera</strong></span> <span class='ocrx_word' id='word_1_613' title='bbox 2563 2496 2694 2535; x_wconf 91' lang='lat' dir='ltr'><strong>vero</strong></span> <span class='ocrx_word' id='word_1_614' title='bbox 2726 2482 2869 2552; x_wconf 85' lang='lat' dir='ltr'><strong>regis</strong></span> <span class='ocrx_word' id='word_1_615' title='bbox 2903 2481 2999 2553; x_wconf 91' lang='lat'>(8).</span> <span class='ocrx_word' id='word_1_616' title='bbox 3036 2482 3189 2536; x_wconf 86' lang='lat' dir='ltr'><strong>Sicut</strong></span> <span class='ocrx_word' id='word_1_617' title='bbox 3215 2499 3341 2552; x_wconf 82' lang='lat' dir='ltr'><strong>ergo</strong></span> <span class='ocrx_word' id='word_1_618' title='bbox 3374 2478 3477 2537; x_wconf 9' lang='lat' dir='ltr'><strong>alii-</strong></span> 
     </span>
    </p>
   </div>
   <div class='ocr_carea' id='block_1_86' title="bbox 1903 2572 3475 2643">
    <p class='ocr_par' dir='ltr' id='par_1_86' title="bbox 1903 2572 3475 2643">
     <span class='ocr_line' id='line_1_86' title="bbox 1903 2572 3475 2643; baseline 0.003 -20"><span class='ocrx_word' id='word_1_619' title='bbox 1903 2573 2025 2641; x_wconf 85' lang='lat' dir='ltr'><strong>quis</strong></span> <span class='ocrx_word' id='word_1_620' title='bbox 2056 2572 2166 2641; x_wconf 89' lang='lat' dir='ltr'><strong>regi</strong></span> <span class='ocrx_word' id='word_1_621' title='bbox 2197 2586 2298 2626; x_wconf 89' lang='lat' dir='ltr'><strong>suo</strong></span> <span class='ocrx_word' id='word_1_622' title='bbox 2329 2572 2658 2640; x_wconf 84' lang='lat' dir='ltr'><strong>adventanti,</strong></span> <span class='ocrx_word' id='word_1_623' title='bbox 2696 2588 2886 2627; x_wconf 90' lang='lat' dir='ltr'><strong>omnes</strong></span> <span class='ocrx_word' id='word_1_624' title='bbox 2920 2574 3013 2643; x_wconf 88' lang='lat' dir='ltr'><strong>qui</strong></span> <span class='ocrx_word' id='word_1_625' title='bbox 3062 2574 3165 2628; x_wconf 89' lang='lat' dir='ltr'><strong>sub</strong></span> <span class='ocrx_word' id='word_1_626' title='bbox 3207 2589 3337 2628; x_wconf 88' lang='lat' dir='ltr'><strong>cura</strong></span> <span class='ocrx_word' id='word_1_627' title='bbox 3378 2572 3475 2629; x_wconf 73' lang='lat' dir='ltr'><strong>sua</strong></span> 
     </span>
    </p>
   </div>
   <div class='ocr_carea' id='block_1_87' title="bbox 1905 2661 3478 2733">
    <p class='ocr_par' dir='ltr' id='par_1_87' title="bbox 1905 2661 3478 2733">
     <span class='ocr_line' id='line_1_87' title="bbox 1905 2661 3478 2733; baseline 0.004 -19"><span class='ocrx_word' id='word_1_628' title='bbox 1905 2670 2052 2730; x_wconf 90' lang='lat' dir='ltr'><strong>sunt,</strong></span> <span class='ocrx_word' id='word_1_629' title='bbox 2082 2662 2261 2718; x_wconf 86' lang='lat' dir='ltr'><strong>studet</strong></span> <span class='ocrx_word' id='word_1_630' title='bbox 2295 2661 2629 2729; x_wconf 87' lang='lat' dir='ltr'><strong>obedientes,</strong></span> <span class='ocrx_word' id='word_1_631' title='bbox 2662 2674 2878 2733; x_wconf 91' lang='lat' dir='ltr'><strong>paratos</strong></span> <span class='ocrx_word' id='word_1_632' title='bbox 2917 2672 2971 2717; x_wconf 89' lang='lat' dir='ltr'><strong>et</strong></span> <span class='ocrx_word' id='word_1_633' title='bbox 3009 2665 3205 2720; x_wconf 86' lang='lat' dir='ltr'><strong>charos</strong></span> <span class='ocrx_word' id='word_1_634' title='bbox 3249 2665 3478 2720; x_wconf 80' lang='lat' dir='ltr'><strong>hilares-</strong></span> 
     </span>
    </p>
   </div>
   <div class='ocr_carea' id='block_1_88' title="bbox 1904 2755 3478 2824">
    <p class='ocr_par' dir='ltr' id='par_1_88' title="bbox 1904 2755 3478 2824">
     <span class='ocr_line' id='line_1_88' title="bbox 1904 2755 3478 2824; baseline 0.004 -17"><span class='ocrx_word' id='word_1_635' title='bbox 1904 2770 2009 2824; x_wconf 89' lang='lat' dir='ltr'><strong>que</strong></span> <span class='ocrx_word' id='word_1_636' title='bbox 2044 2755 2328 2811; x_wconf 87' lang='lat' dir='ltr'><strong>ostendere</strong></span> <span class='ocrx_word' id='word_1_637' title='bbox 2352 2772 2416 2810; x_wconf 92' lang='lat' dir='ltr'><strong>ac</strong></span> <span class='ocrx_word' id='word_1_638' title='bbox 2441 2757 2684 2821; x_wconf 89' lang='lat' dir='ltr'><strong>devotos,</strong></span> <span class='ocrx_word' id='word_1_639' title='bbox 2716 2758 2808 2811; x_wconf 90' lang='lat' dir='ltr'><strong>sed</strong></span> <span class='ocrx_word' id='word_1_640' title='bbox 2848 2758 3010 2812; x_wconf 89' lang='lat' dir='ltr'><strong>etiam</strong></span> <span class='ocrx_word' id='word_1_641' title='bbox 3058 2758 3373 2813; x_wconf 89' lang='lat' dir='ltr'><strong>innocentes</strong></span> <span class='ocrx_word' id='word_1_642' title='bbox 3413 2772 3478 2813; x_wconf 86' lang='lat' dir='ltr'><strong>ac</strong></span> 
     </span>
    </p>
   </div>
   <div class='ocr_carea' id='block_1_89' title="bbox 1906 2846 3477 2919">
    <p class='ocr_par' dir='ltr' id='par_1_89' title="bbox 1906 2846 3477 2919">
     <span class='ocr_line' id='line_1_89' title="bbox 1906 2846 3477 2919; baseline 0.004 -20"><span class='ocrx_word' id='word_1_643' title='bbox 1906 2846 2063 2900; x_wconf 90' lang='lat' dir='ltr'><strong>bonis</strong></span> <span class='ocrx_word' id='word_1_644' title='bbox 2089 2848 2345 2903; x_wconf 84' lang='lat' dir='ltr'><strong>omnibus</strong></span> <span class='ocrx_word' id='word_1_645' title='bbox 2370 2848 2732 2912; x_wconf 90' lang='lat' dir='ltr'><strong>abundantes,</strong></span> <span class='ocrx_word' id='word_1_646' title='bbox 2772 2860 2833 2903; x_wconf 91' lang='lat' dir='ltr'><strong>ut</strong></span> <span class='ocrx_word' id='word_1_647' title='bbox 2875 2850 2990 2919; x_wconf 89' lang='lat' dir='ltr'><strong>ipse</strong></span> <span class='ocrx_word' id='word_1_648' title='bbox 3033 2850 3246 2905; x_wconf 83' lang='lat' dir='ltr'><strong>laudem</strong></span> <span class='ocrx_word' id='word_1_649' title='bbox 3280 2864 3477 2905; x_wconf 81' lang='lat' dir='ltr'><strong>conse-</strong></span> 
     </span>
    </p>
   </div>
   <div class='ocr_carea' id='block_1_90' title="bbox 1906 2939 3475 3011">
    <p class='ocr_par' dir='ltr' id='par_1_90' title="bbox 1906 2939 3475 3011">
     <span class='ocr_line' id='line_1_90' title="bbox 1906 2939 3475 3011; baseline 0.005 -24"><span class='ocrx_word' id='word_1_650' title='bbox 1906 2944 2105 3004; x_wconf 90' lang='lat' dir='ltr'><strong>quatur</strong></span> <span class='ocrx_word' id='word_1_651' title='bbox 2135 2952 2164 2989; x_wconf 89' lang='lat' dir='ltr'><strong>a</strong></span> <span class='ocrx_word' id='word_1_652' title='bbox 2196 2953 2337 3006; x_wconf 87' lang='lat' dir='ltr'><strong>rege,</strong></span> <span class='ocrx_word' id='word_1_653' title='bbox 2371 2947 2423 2992; x_wconf 90' lang='lat' dir='ltr'><strong>et</strong></span> <span class='ocrx_word' id='word_1_654' title='bbox 2456 2939 2660 3009; x_wconf 89' lang='lat' dir='ltr'><strong>majore</strong></span> <span class='ocrx_word' id='word_1_655' title='bbox 2689 2940 2755 2994; x_wconf 93' lang='lat' dir='ltr'><strong>ab</strong></span> <span class='ocrx_word' id='word_1_656' title='bbox 2802 2955 2868 2995; x_wconf 91' lang='lat' dir='ltr'><strong>eo</strong></span> <span class='ocrx_word' id='word_1_657' title='bbox 2915 2941 3118 2994; x_wconf 87' lang='lat' dir='ltr'><strong>honore</strong></span> <span class='ocrx_word' id='word_1_658' title='bbox 3147 2942 3341 3011; x_wconf 83' lang='lat' dir='ltr'><strong>dignus</strong></span> <span class='ocrx_word' id='word_1_659' title='bbox 3378 2942 3475 2995; x_wconf 85' lang='lat' dir='ltr'><strong>ha-</strong></span> 
     </span>
    </p>
   </div>
   <div class='ocr_carea' id='block_1_91' title="bbox 1907 3027 3517 3101">
    <p class='ocr_par' dir='ltr' id='par_1_91' title="bbox 1907 3027 3517 3101">
     <span class='ocr_line' id='line_1_91' title="bbox 1907 3027 3517 3101; baseline 0.004 -20"><span class='ocrx_word' id='word_1_660' title='bbox 1907 3027 2117 3094; x_wconf 90' lang='lat' dir='ltr'><strong>beatur,</strong></span> <span class='ocrx_word' id='word_1_661' title='bbox 2153 3039 2410 3099; x_wconf 88' lang='lat' dir='ltr'><strong>tanquam</strong></span> <span class='ocrx_word' id='word_1_662' title='bbox 2442 3030 2578 3085; x_wconf 90' lang='lat' dir='ltr'><strong>bene</strong></span> <span class='ocrx_word' id='word_1_663' title='bbox 2603 3031 2898 3101; x_wconf 88' lang='lat' dir='ltr'><strong>gubernata</strong></span> <span class='ocrx_word' id='word_1_664' title='bbox 2935 3048 3054 3101; x_wconf 71' lang='lat' dir='ltr'><strong>qum</strong></span> <span class='ocrx_word' id='word_1_665' title='bbox 3085 3032 3183 3087; x_wconf 90' lang='lat' dir='ltr'><strong>sibi</strong></span> <span class='ocrx_word' id='word_1_666' title='bbox 3217 3042 3300 3087; x_wconf 91' lang='lat' dir='ltr'><strong>est</strong></span> <span class='ocrx_word' id='word_1_667' title='bbox 3327 3048 3477 3087; x_wconf 86' lang='lat' dir='ltr'><strong>com-</strong></span> <span class='ocrx_word' id='word_1_668' title='bbox 3514 3092 3517 3093; x_wconf 24' lang='grc' dir='ltr'><em>ν</em></span> 
     </span>
    </p>
   </div>
   <div class='ocr_carea' id='block_1_92' title="bbox 1908 3119 3472 3188">
    <p class='ocr_par' dir='ltr' id='par_1_92' title="bbox 1908 3119 3472 3188">
     <span class='ocr_line' id='line_1_92' title="bbox 1908 3119 3472 3188; baseline 0.005 -17"><span class='ocrx_word' id='word_1_669' title='bbox 1908 3119 2072 3173; x_wconf 90' lang='lat' dir='ltr'><strong>missa</strong></span> <span class='ocrx_word' id='word_1_670' title='bbox 2110 3120 2391 3188; x_wconf 89' lang='lat' dir='ltr'><strong>provincia</strong></span> <span class='ocrx_word' id='word_1_671' title='bbox 2419 3140 2431 3174; x_wconf 92' lang='lat'><strong>:</strong></span> <span class='ocrx_word' id='word_1_672' title='bbox 2460 3121 2532 3175; x_wconf 89' lang='lat' dir='ltr'><strong>ita</strong></span> <span class='ocrx_word' id='word_1_673' title='bbox 2562 3131 2614 3175; x_wconf 91' lang='lat' dir='ltr'><strong>et</strong></span> <span class='ocrx_word' id='word_1_674' title='bbox 2641 3122 2833 3176; x_wconf 86' lang='lat' dir='ltr'><strong>beatus</strong></span> <span class='ocrx_word' id='word_1_675' title='bbox 2853 3121 3056 3177; x_wconf 89' lang='lat' dir='ltr'><strong>Paulus</strong></span> <span class='ocrx_word' id='word_1_676' title='bbox 3078 3122 3209 3177; x_wconf 88' lang='lat' dir='ltr'><strong>dicit</strong></span> <span class='ocrx_word' id='word_1_677' title='bbox 3236 3122 3303 3177; x_wconf 90' lang='lat' dir='ltr'><strong>ad</strong></span> <span class='ocrx_word' id='word_1_678' title='bbox 3334 3139 3472 3179; x_wconf 85' lang='lat' dir='ltr'><strong>nos:</strong></span> 
     </span>
    </p>
   </div>
   <div class='ocr_carea' id='block_1_93' title="bbox 1908 3208 3476 3281">
    <p class='ocr_par' dir='ltr' id='par_1_93' title="bbox 1908 3208 3476 3281">
     <span class='ocr_line' id='line_1_93' title="bbox 1908 3208 3476 3281; baseline 0.006 -21"><span class='ocrx_word' id='word_1_679' title='bbox 1908 3227 1927 3260; x_wconf 85' lang='grc'><em>‹</em></span> <span class='ocrx_word' id='word_1_680' title='bbox 1960 3208 2027 3263; x_wconf 85' lang='lat' dir='ltr'><strong>Ut</strong></span> <span class='ocrx_word' id='word_1_681' title='bbox 2060 3210 2180 3265; x_wconf 89' lang='lat' dir='ltr'><strong>sitis</strong></span> <span class='ocrx_word' id='word_1_682' title='bbox 2221 3211 2369 3265; x_wconf 91' lang='lat' dir='ltr'><strong>velut</strong></span> <span class='ocrx_word' id='word_1_683' title='bbox 2415 3211 2705 3265; x_wconf 88' lang='lat' dir='ltr'><strong>luminaria</strong></span> <span class='ocrx_word' id='word_1_684' title='bbox 2754 3213 2806 3266; x_wconf 91' lang='lat' dir='ltr'><strong>in</strong></span> <span class='ocrx_word' id='word_1_685' title='bbox 2853 3214 2956 3267; x_wconf 91' lang='lat' dir='ltr'><strong>hoc</strong></span> <span class='ocrx_word' id='word_1_686' title='bbox 2989 3215 3214 3281; x_wconf 91' lang='lat' dir='ltr'><strong>mundo,</strong></span> <span class='ocrx_word' id='word_1_687' title='bbox 3248 3216 3476 3270; x_wconf 89' lang='lat' dir='ltr'><strong>verbum</strong></span> 
     </span>
    </p>
   </div>
   <div class='ocr_carea' id='block_1_94' title="bbox 1901 3302 3476 3372">
    <p class='ocr_par' dir='ltr' id='par_1_94' title="bbox 1901 3302 3476 3372">
     <span class='ocr_line' id='line_1_94' title="bbox 1901 3302 3476 3372; baseline 0.003 -17"><span class='ocrx_word' id='word_1_688' title='bbox 1901 3302 2023 3356; x_wconf 67' lang='lat' dir='ltr'><strong>vitze</strong></span> <span class='ocrx_word' id='word_1_689' title='bbox 2052 3303 2390 3359; x_wconf 88' lang='lat' dir='ltr'><strong>continentes</strong></span> <span class='ocrx_word' id='word_1_690' title='bbox 2438 3304 2504 3357; x_wconf 89' lang='lat' dir='ltr'><strong>ad</strong></span> <span class='ocrx_word' id='word_1_691' title='bbox 2548 3304 2774 3372; x_wconf 86' lang='lat' dir='ltr'><strong>gloriam</strong></span> <span class='ocrx_word' id='word_1_692' title='bbox 2826 3320 3002 3359; x_wconf 91' lang='lat' dir='ltr'><strong>meam</strong></span> <span class='ocrx_word' id='word_1_693' title='bbox 3049 3306 3103 3360; x_wconf 89' lang='lat' dir='ltr'><strong>in</strong></span> <span class='ocrx_word' id='word_1_694' title='bbox 3150 3306 3293 3361; x_wconf 89' lang='lat' dir='ltr'><strong>diem</strong></span> <span class='ocrx_word' id='word_1_695' title='bbox 3317 3305 3476 3361; x_wconf 83' lang='lat' dir='ltr'><strong>Chri-</strong></span> 
     </span>
    </p>
   </div>
   <div class='ocr_carea' id='block_1_95' title="bbox 1901 3393 3477 3465">
    <p class='ocr_par' dir='ltr' id='par_1_95' title="bbox 1901 3393 3477 3465">
     <span class='ocr_line' id='line_1_95' title="bbox 1901 3393 3477 3465; baseline 0.004 -16"><span class='ocrx_word' id='word_1_696' title='bbox 1901 3394 1969 3449; x_wconf 85' lang='lat' dir='ltr'><strong>sti</strong></span> <span class='ocrx_word' id='word_1_697' title='bbox 1994 3395 2054 3447; x_wconf 65' lang='grc' dir='ltr'><strong>ιδ.</strong></span> <span class='ocrx_word' id='word_1_698' title='bbox 2087 3413 2106 3446; x_wconf 73' lang='grc' dir='ltr'><strong>ι</strong></span> <span class='ocrx_word' id='word_1_699' title='bbox 2139 3394 2361 3449; x_wconf 84' lang='lat' dir='ltr'><strong>Scilicet</strong></span> <span class='ocrx_word' id='word_1_700' title='bbox 2382 3395 2525 3465; x_wconf 85' lang='lat' dir='ltr'><strong>quod</strong></span> <span class='ocrx_word' id='word_1_701' title='bbox 2553 3393 2818 3451; x_wconf 91' lang='lat' dir='ltr'><strong>Dominus</strong></span> <span class='ocrx_word' id='word_1_702' title='bbox 2844 3406 3028 3451; x_wconf 88' lang='lat' dir='ltr'><strong>noster</strong></span> <span class='ocrx_word' id='word_1_703' title='bbox 3048 3397 3207 3453; x_wconf 83' lang='lat' dir='ltr'><strong>Jesus</strong></span> <span class='ocrx_word' id='word_1_704' title='bbox 3226 3398 3477 3455; x_wconf 88' lang='lat' dir='ltr'><strong>Christus</strong></span> 
     </span>
    </p>
   </div>
   <div class='ocr_carea' id='block_1_96' title="bbox 1899 3485 3473 3559">
    <p class='ocr_par' dir='ltr' id='par_1_96' title="bbox 1899 3485 3473 3559">
     <span class='ocr_line' id='line_1_96' title="bbox 1899 3485 3473 3559; baseline 0.003 -20"><span class='ocrx_word' id='word_1_705' title='bbox 1899 3485 2147 3551; x_wconf 87' lang='lat' dir='ltr'><strong>veniens,</strong></span> <span class='ocrx_word' id='word_1_706' title='bbox 2178 3486 2357 3541; x_wconf 90' lang='lat' dir='ltr'><strong>videat</strong></span> <span class='ocrx_word' id='word_1_707' title='bbox 2384 3485 2679 3557; x_wconf 89' lang='lat' dir='ltr'><strong>profecisse</strong></span> <span class='ocrx_word' id='word_1_708' title='bbox 2706 3487 3007 3543; x_wconf 88' lang='lat' dir='ltr'><strong>doctrinam</strong></span> <span class='ocrx_word' id='word_1_709' title='bbox 3045 3489 3163 3559; x_wconf 89' lang='lat' dir='ltr'><strong>ejus</strong></span> <span class='ocrx_word' id='word_1_710' title='bbox 3198 3490 3252 3543; x_wconf 92' lang='lat' dir='ltr'><strong>in</strong></span> <span class='ocrx_word' id='word_1_711' title='bbox 3286 3491 3473 3558; x_wconf 91' lang='lat' dir='ltr'><strong>nobis;</strong></span> 
     </span>
    </p>
   </div>
   <div class='ocr_carea' id='block_1_97' title="bbox 1900 3578 3475 3647">
    <p class='ocr_par' dir='ltr' id='par_1_97' title="bbox 1900 3578 3475 3647">
     <span class='ocr_line' id='line_1_97' title="bbox 1900 3578 3475 3647; baseline 0.003 -16"><span class='ocrx_word' id='word_1_712' title='bbox 1900 3587 1952 3631; x_wconf 87' lang='lat' dir='ltr'><strong>et</strong></span> <span class='ocrx_word' id='word_1_713' title='bbox 1980 3578 2105 3647; x_wconf 90' lang='lat' dir='ltr'><strong>quia</strong></span> <span class='ocrx_word' id='word_1_714' title='bbox 2133 3595 2239 3633; x_wconf 94' lang='lat' dir='ltr'><strong>non</strong></span> <span class='ocrx_word' id='word_1_715' title='bbox 2271 3580 2324 3633; x_wconf 92' lang='lat' dir='ltr'><strong>in</strong></span> <span class='ocrx_word' id='word_1_716' title='bbox 2358 3595 2590 3634; x_wconf 91' lang='lat' dir='ltr'><strong>vacuum</strong></span> <span class='ocrx_word' id='word_1_717' title='bbox 2624 3581 2887 3645; x_wconf 82' lang='lat' dir='ltr'><strong>cucurrit,</strong></span> <span class='ocrx_word' id='word_1_718' title='bbox 2920 3596 3018 3636; x_wconf 88' lang='lat' dir='ltr'><strong>nec</strong></span> <span class='ocrx_word' id='word_1_719' title='bbox 3049 3582 3103 3635; x_wconf 88' lang='lat' dir='ltr'><strong>in</strong></span> <span class='ocrx_word' id='word_1_720' title='bbox 3135 3598 3367 3636; x_wconf 89' lang='lat' dir='ltr'><strong>vacuum</strong></span> <span class='ocrx_word' id='word_1_721' title='bbox 3396 3583 3475 3636; x_wconf 86' lang='lat' dir='ltr'><strong>la-</strong></span> 
     </span>
    </p>
   </div>
   <div class='ocr_carea' id='block_1_98' title="bbox 1901 3666 3479 3734">
    <p class='ocr_par' dir='ltr' id='par_1_98' title="bbox 1901 3666 3479 3734">
     <span class='ocr_line' id='line_1_98' title="bbox 1901 3666 3479 3734; baseline 0.004 -14"><span class='ocrx_word' id='word_1_722' title='bbox 1901 3666 2134 3734; x_wconf 88' lang='lat' dir='ltr'><strong>boravit,</strong></span> <span class='ocrx_word' id='word_1_723' title='bbox 2160 3668 2424 3723; x_wconf 81' lang='lat' dir='ltr'><strong>retribuat</strong></span> <span class='ocrx_word' id='word_1_724' title='bbox 2469 3670 2518 3724; x_wconf 90' lang='lat' dir='ltr'><strong>ei</strong></span> <span class='ocrx_word' id='word_1_725' title='bbox 2562 3670 2802 3724; x_wconf 90' lang='lat' dir='ltr'><strong>debitam</strong></span> <span class='ocrx_word' id='word_1_726' title='bbox 2848 3685 3130 3724; x_wconf 89' lang='lat' dir='ltr'><strong>coronam.</strong></span> <span class='ocrx_word' id='word_1_727' title='bbox 3178 3669 3241 3725; x_wconf 86' lang='lat' dir='ltr'><strong>Et</strong></span> <span class='ocrx_word' id='word_1_728' title='bbox 3283 3686 3479 3727; x_wconf 89' lang='lat' dir='ltr'><strong>rursus</strong></span> 
     </span>
    </p>
   </div>
   <div class='ocr_carea' id='block_1_99' title="bbox 1900 3761 3476 3831">
    <p class='ocr_par' dir='ltr' id='par_1_99' title="bbox 1900 3761 3476 3831">
     <span class='ocr_line' id='line_1_99' title="bbox 1900 3761 3476 3831; baseline 0.003 -19"><span class='ocrx_word' id='word_1_729' title='bbox 1900 3774 2119 3830; x_wconf 90' lang='lat' dir='ltr'><strong>quoque</strong></span> <span class='ocrx_word' id='word_1_730' title='bbox 2159 3761 2212 3813; x_wconf 93' lang='lat' dir='ltr'><strong>in</strong></span> <span class='ocrx_word' id='word_1_731' title='bbox 2261 3761 2451 3815; x_wconf 83' lang='lat' dir='ltr'><strong>eadem</strong></span> <span class='ocrx_word' id='word_1_732' title='bbox 2497 3763 2726 3831; x_wconf 90' lang='lat' dir='ltr'><strong>epistola</strong></span> <span class='ocrx_word' id='word_1_733' title='bbox 2762 3770 3074 3817; x_wconf 90' lang='lat' dir='ltr'><strong>commonet</strong></span> <span class='ocrx_word' id='word_1_734' title='bbox 3106 3777 3226 3826; x_wconf 92' lang='lat' dir='ltr'><strong>nos,</strong></span> <span class='ocrx_word' id='word_1_735' title='bbox 3268 3777 3336 3817; x_wconf 87' lang='lat' dir='ltr'><strong>ne</strong></span> <span class='ocrx_word' id='word_1_736' title='bbox 3365 3773 3476 3817; x_wconf 81' lang='lat' dir='ltr'><strong>ter-</strong></span> 
     </span>
    </p>
   </div>
   <div class='ocr_carea' id='block_1_100' title="bbox 1902 3850 3479 3919">
    <p class='ocr_par' dir='ltr' id='par_1_100' title="bbox 1902 3850 3479 3919">
     <span class='ocr_line' id='line_1_100' title="bbox 1902 3850 3479 3919; baseline 0.003 -16"><span class='ocrx_word' id='word_1_737' title='bbox 1902 3864 2031 3903; x_wconf 90' lang='lat' dir='ltr'><strong>rena</strong></span> <span class='ocrx_word' id='word_1_738' title='bbox 2070 3850 2370 3919; x_wconf 88' lang='lat' dir='ltr'><strong>sapiamus,</strong></span> <span class='ocrx_word' id='word_1_739' title='bbox 2390 3851 2483 3907; x_wconf 91' lang='lat' dir='ltr'><strong>sed</strong></span> <span class='ocrx_word' id='word_1_740' title='bbox 2516 3852 2985 3906; x_wconf 84' lang='lat' dir='ltr'><strong>conversationem</strong></span> <span class='ocrx_word' id='word_1_741' title='bbox 3014 3860 3254 3906; x_wconf 89' lang='lat' dir='ltr'><strong>nostram</strong></span> <span class='ocrx_word' id='word_1_742' title='bbox 3281 3853 3479 3908; x_wconf 85' lang='lat' dir='ltr'><strong>debere</strong></span> 
     </span>
    </p>
   </div>
   <div class='ocr_carea' id='block_1_101' title="bbox 1900 3939 3479 4012">
    <p class='ocr_par' dir='ltr' id='par_1_101' title="bbox 1900 3939 3479 4012">
     <span class='ocr_line' id='line_1_101' title="bbox 1900 3939 3479 4012; baseline 0.003 -18"><span class='ocrx_word' id='word_1_743' title='bbox 1900 3954 2021 3994; x_wconf 89' lang='lat' dir='ltr'><strong>esse</strong></span> <span class='ocrx_word' id='word_1_744' title='bbox 2051 3939 2104 3993; x_wconf 94' lang='lat' dir='ltr'><strong>in</strong></span> <span class='ocrx_word' id='word_1_745' title='bbox 2142 3940 2295 3995; x_wconf 85' lang='lat' dir='ltr'><strong>caelis</strong></span> <span class='ocrx_word' id='word_1_746' title='bbox 2320 3941 2386 4007; x_wconf 60' lang='lat'><strong>‘5;</strong></span> <span class='ocrx_word' id='word_1_747' title='bbox 2423 3941 2566 3995; x_wconf 89' lang='lat' dir='ltr'><strong>unde</strong></span> <span class='ocrx_word' id='word_1_748' title='bbox 2615 3950 2669 3995; x_wconf 90' lang='lat' dir='ltr'><strong>et</strong></span> <span class='ocrx_word' id='word_1_749' title='bbox 2716 3941 3051 3995; x_wconf 89' lang='lat' dir='ltr'><strong>Salvatorem</strong></span> <span class='ocrx_word' id='word_1_750' title='bbox 3095 3954 3479 4012; x_wconf 82' lang='lat' dir='ltr'><strong>exspectamus</strong></span> 
     </span>
    </p>
   </div>
   <div class='ocr_carea' id='block_1_102' title="bbox 1901 4030 3473 4104">
    <p class='ocr_par' dir='ltr' id='par_1_102' title="bbox 1901 4030 3473 4104">
     <span class='ocr_line' id='line_1_102' title="bbox 1901 4030 3473 4104; baseline 0.003 -20"><span class='ocrx_word' id='word_1_751' title='bbox 1901 4030 2190 4084; x_wconf 91' lang='lat' dir='ltr'><strong>Dominum</strong></span> <span class='ocrx_word' id='word_1_752' title='bbox 2237 4038 2487 4085; x_wconf 91' lang='lat' dir='ltr'><strong>nostrum</strong></span> <span class='ocrx_word' id='word_1_753' title='bbox 2535 4030 2717 4086; x_wconf 85' lang='lat' dir='ltr'><strong>Jesum</strong></span> <span class='ocrx_word' id='word_1_754' title='bbox 2758 4032 3060 4087; x_wconf 88' lang='lat' dir='ltr'><strong>Christum.</strong></span> <span class='ocrx_word' id='word_1_755' title='bbox 3116 4033 3183 4087; x_wconf 87' lang='lat' dir='ltr'><strong>Et</strong></span> <span class='ocrx_word' id='word_1_756' title='bbox 3215 4036 3473 4104; x_wconf 90' lang='lat' dir='ltr'><strong>quoniam</strong></span> 
     </span>
    </p>
   </div>
   <div class='ocr_carea' id='block_1_103' title="bbox 1900 4121 3472 4195">
    <p class='ocr_par' dir='ltr' id='par_1_103' title="bbox 1900 4121 3472 4195">
     <span class='ocr_line' id='line_1_103' title="bbox 1900 4121 3472 4195; baseline 0.003 -20"><span class='ocrx_word' id='word_1_757' title='bbox 1900 4121 2058 4177; x_wconf 89' lang='lat' dir='ltr'><strong>nobis</strong></span> <span class='ocrx_word' id='word_1_758' title='bbox 2092 4138 2198 4175; x_wconf 89' lang='lat' dir='ltr'><strong>non</strong></span> <span class='ocrx_word' id='word_1_759' title='bbox 2230 4130 2313 4177; x_wconf 87' lang='lat' dir='ltr'><strong>est</strong></span> <span class='ocrx_word' id='word_1_760' title='bbox 2347 4132 2520 4177; x_wconf 91' lang='lat' dir='ltr'><strong>tutum</strong></span> <span class='ocrx_word' id='word_1_761' title='bbox 2567 4124 2708 4179; x_wconf 90' lang='lat' dir='ltr'><strong>scire</strong></span> <span class='ocrx_word' id='word_1_762' title='bbox 2742 4124 2989 4179; x_wconf 89' lang='lat' dir='ltr'><strong>ultimam</strong></span> <span class='ocrx_word' id='word_1_763' title='bbox 3020 4125 3185 4192; x_wconf 90' lang='lat' dir='ltr'><strong>diem,</strong></span> <span class='ocrx_word' id='word_1_764' title='bbox 3221 4127 3472 4195; x_wconf 89' lang='lat' dir='ltr'><strong>designa-</strong></span> 
     </span>
    </p>
   </div>
   <div class='ocr_carea' id='block_1_104' title="bbox 1899 4210 3467 4284">
    <p class='ocr_par' dir='ltr' id='par_1_104' title="bbox 1899 4210 3467 4284">
     <span class='ocr_line' id='line_1_104' title="bbox 1899 4210 3467 4284; baseline 0.004 -19"><span class='ocrx_word' id='word_1_765' title='bbox 1899 4212 1978 4266; x_wconf 88' lang='lat' dir='ltr'><strong>vit</strong></span> <span class='ocrx_word' id='word_1_766' title='bbox 2004 4213 2067 4275; x_wconf 4' lang='lat' dir='ltr'><strong>jin</strong></span> <span class='ocrx_word' id='word_1_767' title='bbox 2096 4210 2336 4281; x_wconf 86' lang='lat' dir='ltr'><strong>Epistola</strong></span> <span class='ocrx_word' id='word_1_768' title='bbox 2374 4230 2537 4284; x_wconf 87' lang='lat' dir='ltr'><strong>quam</strong></span> <span class='ocrx_word' id='word_1_769' title='bbox 2579 4216 2769 4273; x_wconf 88' lang='lat' dir='ltr'><strong>scribit</strong></span> <span class='ocrx_word' id='word_1_770' title='bbox 2808 4217 2877 4272; x_wconf 90' lang='lat' dir='ltr'><strong>ad</strong></span> <span class='ocrx_word' id='word_1_771' title='bbox 2916 4215 3431 4273; x_wconf 88' lang='lat' dir='ltr'><strong>Thessalonicenses</strong></span> <span class='ocrx_word' id='word_1_772' title='bbox 3454 4258 3467 4271; x_wconf 92' lang='lat'><strong>.</strong></span> 
     </span>
    </p>
   </div>
   <div class='ocr_carea' id='block_1_105' title="bbox 1907 4304 3471 4376">
    <p class='ocr_par' dir='ltr' id='par_1_105' title="bbox 1907 4304 3471 4376">
     <span class='ocr_line' id='line_1_105' title="bbox 1907 4304 3471 4376; baseline 0.003 -18"><span class='ocrx_word' id='word_1_773' title='bbox 1907 4324 1925 4358; x_wconf 71' lang='grc' dir='ltr'><strong>ι</strong></span> <span class='ocrx_word' id='word_1_774' title='bbox 1959 4304 2032 4359; x_wconf 91' lang='lat' dir='ltr'><strong>De</strong></span> <span class='ocrx_word' id='word_1_775' title='bbox 2063 4305 2396 4374; x_wconf 88' lang='lat' dir='ltr'><strong>temporibus</strong></span> <span class='ocrx_word' id='word_1_776' title='bbox 2427 4315 2605 4362; x_wconf 87' lang='lat' dir='ltr'><strong>autem</strong></span> <span class='ocrx_word' id='word_1_777' title='bbox 2646 4316 2699 4361; x_wconf 90' lang='lat' dir='ltr'><strong>et</strong></span> <span class='ocrx_word' id='word_1_778' title='bbox 2739 4310 3051 4373; x_wconf 90' lang='lat' dir='ltr'><strong>momentis,</strong></span> <span class='ocrx_word' id='word_1_779' title='bbox 3098 4310 3314 4376; x_wconf 90' lang='lat' dir='ltr'><strong>fratres,</strong></span> <span class='ocrx_word' id='word_1_780' title='bbox 3361 4323 3471 4363; x_wconf 91' lang='lat' dir='ltr'><strong>non</strong></span> 
     </span>
    </p>
   </div>
   <div class='ocr_carea' id='block_1_106' title="bbox 1902 4396 3469 4469">
    <p class='ocr_par' dir='ltr' id='par_1_106' title="bbox 1902 4396 3469 4469">
     <span class='ocr_line' id='line_1_106' title="bbox 1902 4396 3469 4469; baseline 0.001 -18"><span class='ocrx_word' id='word_1_781' title='bbox 1902 4396 2112 4451; x_wconf 88' lang='lat' dir='ltr'><strong>habetis</strong></span> <span class='ocrx_word' id='word_1_782' title='bbox 2144 4410 2303 4465; x_wconf 87' lang='lat' dir='ltr'><strong>opus,</strong></span> <span class='ocrx_word' id='word_1_783' title='bbox 2344 4404 2406 4450; x_wconf 88' lang='lat' dir='ltr'><strong>ut</strong></span> <span class='ocrx_word' id='word_1_784' title='bbox 2445 4397 2648 4467; x_wconf 85' lang='lat' dir='ltr'><strong>aliquid</strong></span> <span class='ocrx_word' id='word_1_785' title='bbox 2692 4396 2847 4453; x_wconf 88' lang='lat' dir='ltr'><strong>vobis</strong></span> <span class='ocrx_word' id='word_1_786' title='bbox 2892 4400 3153 4465; x_wconf 86' lang='lat' dir='ltr'><strong>scribam;</strong></span> <span class='ocrx_word' id='word_1_787' title='bbox 3189 4400 3292 4469; x_wconf 88' lang='lat' dir='ltr'><strong>ipsi</strong></span> <span class='ocrx_word' id='word_1_788' title='bbox 3324 4400 3469 4452; x_wconf 89' lang='lat' dir='ltr'><strong>enim</strong></span> 
     </span>
    </p>
   </div>
   <div class='ocr_carea' id='block_1_107' title="bbox 1900 4487 3468 4558">
    <p class='ocr_par' dir='ltr' id='par_1_107' title="bbox 1900 4487 3468 4558">
     <span class='ocr_line' id='line_1_107' title="bbox 1900 4487 3468 4558; baseline -0.001 -15"><span class='ocrx_word' id='word_1_789' title='bbox 1900 4487 2186 4557; x_wconf 86' lang='lat' dir='ltr'><strong>diligenter</strong></span> <span class='ocrx_word' id='word_1_790' title='bbox 2236 4487 2426 4553; x_wconf 90' lang='lat' dir='ltr'><strong>scitis,</strong></span> <span class='ocrx_word' id='word_1_791' title='bbox 2476 4489 2601 4558; x_wconf 90' lang='lat' dir='ltr'><strong>quia</strong></span> <span class='ocrx_word' id='word_1_792' title='bbox 2648 4487 2765 4542; x_wconf 90' lang='lat' dir='ltr'><strong>dies</strong></span> <span class='ocrx_word' id='word_1_793' title='bbox 2814 4490 3051 4556; x_wconf 92' lang='lat' dir='ltr'><strong>Domini,</strong></span> <span class='ocrx_word' id='word_1_794' title='bbox 3099 4492 3242 4546; x_wconf 89' lang='lat' dir='ltr'><strong>sicut</strong></span> <span class='ocrx_word' id='word_1_795' title='bbox 3291 4490 3375 4543; x_wconf 90' lang='lat' dir='ltr'><strong>fur</strong></span> <span class='ocrx_word' id='word_1_796' title='bbox 3416 4490 3468 4543; x_wconf 90' lang='lat' dir='ltr'><strong>in</strong></span> 
     </span>
    </p>
   </div>
   <div class='ocr_carea' id='block_1_108' title="bbox 1900 4581 3472 4654">
    <p class='ocr_par' dir='ltr' id='par_1_108' title="bbox 1900 4581 3472 4654">
     <span class='ocr_line' id='line_1_108' title="bbox 1900 4581 3472 4654; baseline -0.002 -16"><span class='ocrx_word' id='word_1_797' title='bbox 1900 4591 2079 4647; x_wconf 90' lang='lat' dir='ltr'><strong>nocte,</strong></span> <span class='ocrx_word' id='word_1_798' title='bbox 2105 4584 2177 4637; x_wconf 91' lang='lat' dir='ltr'><strong>ita</strong></span> <span class='ocrx_word' id='word_1_799' title='bbox 2212 4581 2393 4636; x_wconf 91' lang='lat' dir='ltr'><strong>veniet</strong></span> <span class='ocrx_word' id='word_1_800' title='bbox 2419 4583 2505 4637; x_wconf 81' lang='lat'><strong>”‘.</strong></span> <span class='ocrx_word' id='word_1_801' title='bbox 2541 4604 2559 4635; x_wconf 79' lang='grc' dir='ltr'><strong>ι</strong></span> <span class='ocrx_word' id='word_1_802' title='bbox 2590 4582 2657 4637; x_wconf 83' lang='grc' dir='ltr'><strong><em>Ει</em></strong></span> <span class='ocrx_word' id='word_1_803' title='bbox 2692 4584 2967 4654; x_wconf 92' lang='lat' dir='ltr'><strong>quomodo</strong></span> <span class='ocrx_word' id='word_1_804' title='bbox 3000 4600 3144 4639; x_wconf 85' lang='lat' dir='ltr'><strong>nunc</strong></span> <span class='ocrx_word' id='word_1_805' title='bbox 3186 4593 3325 4637; x_wconf 89' lang='lat' dir='ltr'><strong>astat</strong></span> <span class='ocrx_word' id='word_1_806' title='bbox 3371 4583 3472 4635; x_wconf 85' lang='lat' dir='ltr'><strong>iste</strong></span> 
     </span>
    </p>
   </div>
   <div class='ocr_carea' id='block_1_109' title="bbox 1900 4678 3470 4750">
    <p class='ocr_par' dir='ltr' id='par_1_109' title="bbox 1900 4678 3470 4750">
     <span class='ocr_line' id='line_1_109' title="bbox 1900 4678 3470 4750; baseline -0.001 -17"><span class='ocrx_word' id='word_1_807' title='bbox 1900 4678 2250 4750; x_wconf 89' lang='lat' dir='ltr'><strong>persuadens,</strong></span> <span class='ocrx_word' id='word_1_808' title='bbox 2287 4685 2342 4730; x_wconf 89' lang='lat' dir='ltr'><strong>et</strong></span> <span class='ocrx_word' id='word_1_809' title='bbox 2383 4693 2581 4747; x_wconf 89' lang='lat' dir='ltr'><strong>rogans</strong></span> <span class='ocrx_word' id='word_1_810' title='bbox 2627 4694 3071 4748; x_wconf 88' lang='lat' dir='ltr'><strong>unumquemque</strong></span> <span class='ocrx_word' id='word_1_811' title='bbox 3114 4678 3470 4732; x_wconf 74' lang='lat' dir='ltr'><strong>manichzeunt</strong></span> 
     </span>
    </p>
   </div>
   <div class='ocr_carea' id='block_1_110' title="bbox 1920 4837 3242 4907">
    <p class='ocr_par' dir='ltr' id='par_1_110' title="bbox 1920 4837 3242 4907">
     <span class='ocr_line' id='line_1_110' title="bbox 1920 4837 3242 4907; baseline -0.002 -13"><span class='ocrx_word' id='word_1_812' title='bbox 1920 4842 1964 4874; x_wconf 85' lang='grc'><strong>¹⁸</strong></span> <span class='ocrx_word' id='word_1_813' title='bbox 2005 4837 2232 4907; x_wconf 70' lang='lat' dir='ltr'><strong>Philipp.</strong></span> <span class='ocrx_word' id='word_1_814' title='bbox 2270 4853 2363 4901; x_wconf 89' lang='grc' dir='ltr'><strong><em>ιιι,</em></strong></span> <span class='ocrx_word' id='word_1_815' title='bbox 2417 4838 2505 4891; x_wconf 81' lang='lat' dir='ltr'><strong>l9.</strong></span> <span class='ocrx_word' id='word_1_816' title='bbox 2585 4841 2649 4870; x_wconf 80' lang='grc'>¹⁸¹</span> <span class='ocrx_word' id='word_1_817' title='bbox 2692 4839 2708 4891; x_wconf 95' lang='lat' dir='ltr'><strong>l</strong></span> <span class='ocrx_word' id='word_1_818' title='bbox 2744 4838 2988 4893; x_wconf 89' lang='lat' dir='ltr'><strong>Thessal.</strong></span> <span class='ocrx_word' id='word_1_819' title='bbox 3017 4856 3069 4903; x_wconf 91' lang='lat' dir='ltr'><strong>v,</strong></span> <span class='ocrx_word' id='word_1_820' title='bbox 3105 4840 3155 4902; x_wconf 86' lang='lat' dir='ltr'><strong>l,</strong></span> <span class='ocrx_word' id='word_1_821' title='bbox 3190 4840 3242 4892; x_wconf 71' lang='lat'><strong>2.</strong></span> 
     </span>
    </p>
   </div>
   <div class='ocr_carea' id='block_1_111' title="bbox 1897 5021 3473 5097">
    <p class='ocr_par' dir='ltr' id='par_1_111' title="bbox 1897 5021 3473 5097">
     <span class='ocr_line' id='line_1_111' title="bbox 1897 5021 3473 5097; baseline -0.002 -13"><span class='ocrx_word' id='word_1_822' title='bbox 1897 5021 2065 5085; x_wconf 83' lang='lat' dir='ltr'><strong>tione.</strong></span> <span class='ocrx_word' id='word_1_823' title='bbox 2098 5046 2115 5079; x_wconf 82' lang='grc' dir='ltr'><strong>ι</strong></span> <span class='ocrx_word' id='word_1_824' title='bbox 2151 5025 2255 5080; x_wconf 91' lang='lat' dir='ltr'><strong>Sed</strong></span> <span class='ocrx_word' id='word_1_825' title='bbox 2299 5025 2605 5097; x_wconf 88' lang='lat' dir='ltr'><strong>legendum,</strong></span> <span class='ocrx_word' id='word_1_826' title='bbox 2638 5044 2656 5077; x_wconf 72' lang='grc' dir='ltr'>ε</span> <span class='ocrx_word' id='word_1_827' title='bbox 2699 5027 2876 5097; x_wconf 87' lang='lat' dir='ltr'><strong>sicut</strong></span> <span class='ocrx_word' id='word_1_828' title='bbox 2922 5027 3080 5097; x_wconf 82' lang='lat' dir='ltr'><strong>istius</strong></span> <span class='ocrx_word' id='word_1_829' title='bbox 3112 5028 3473 5097; x_wconf 78' lang='lat' dir='ltr'><strong>comparatio-</strong></span> 
     </span>
    </p>
   </div>
   <div class='ocr_carea' id='block_1_112' title="bbox 1900 5095 3472 5154">
    <p class='ocr_par' dir='ltr' id='par_1_112' title="bbox 1900 5095 3472 5154">
     <span class='ocr_line' id='line_1_112' title="bbox 1900 5095 3472 5154; baseline -0.001 0"><span class='ocrx_word' id='word_1_830' title='bbox 1900 5116 1985 5154; x_wconf 90' lang='lat' dir='ltr'><strong>ne.</strong></span> <span class='ocrx_word' id='word_1_831' title='bbox 2020 5118 2038 5151; x_wconf 81' lang='grc' dir='ltr'><strong>ι</strong></span> <span class='ocrx_word' id='word_1_832' title='bbox 2073 5097 2365 5151; x_wconf 85' lang='lat' dir='ltr'><strong>Archelaus</strong></span> <span class='ocrx_word' id='word_1_833' title='bbox 2391 5095 2536 5149; x_wconf 89' lang='lat' dir='ltr'><strong>enim</strong></span> <span class='ocrx_word' id='word_1_834' title='bbox 2569 5098 2752 5151; x_wconf 87' lang='lat' dir='ltr'><strong>beatos</strong></span> <span class='ocrx_word' id='word_1_835' title='bbox 2784 5096 2911 5152; x_wconf 87' lang='lat' dir='ltr'><strong>facit</strong></span> <span class='ocrx_word' id='word_1_836' title='bbox 2941 5095 3264 5151; x_wconf 83' lang='lat' dir='ltr'><strong>Marcionem</strong></span> <span class='ocrx_word' id='word_1_837' title='bbox 3308 5099 3472 5153; x_wconf 87' lang='lat' dir='ltr'><strong>alios-</strong></span> 
     </span>
    </p>
   </div>
   <div class='ocr_carea' id='block_1_113' title="bbox 1909 5167 3469 5250">
    <p class='ocr_par' dir='ltr' id='par_1_113' title="bbox 1909 5167 3469 5250">
     <span class='ocr_line' id='line_1_113' title="bbox 1909 5167 3469 5250; baseline -0.001 -27"><span class='ocrx_word' id='word_1_838' title='bbox 1909 5186 2016 5250; x_wconf 85' lang='lat' dir='ltr'><strong>que</strong></span> <span class='ocrx_word' id='word_1_839' title='bbox 2041 5167 2373 5250; x_wconf 48' lang='lat' dir='ltr'><strong>baereticosz-</strong></span> <span class='ocrx_word' id='word_1_840' title='bbox 2409 5181 2522 5250; x_wconf 72' lang='lat' dir='ltr'><strong>non</strong></span> <span class='ocrx_word' id='word_1_841' title='bbox 2562 5167 2826 5250; x_wconf 69' lang='lat' dir='ltr'><strong>quodita</strong></span> <span class='ocrx_word' id='word_1_842' title='bbox 2867 5168 2934 5222; x_wconf 91' lang='lat' dir='ltr'><strong>de</strong></span> <span class='ocrx_word' id='word_1_843' title='bbox 2975 5168 3082 5221; x_wconf 89' lang='lat' dir='ltr'><strong>illis</strong></span> <span class='ocrx_word' id='word_1_844' title='bbox 3127 5169 3469 5250; x_wconf 68' lang='lat' dir='ltr'><strong>sentiendum</strong></span> 
     </span>
    </p>
   </div>
   <div class='ocr_carea' id='block_1_114' title="bbox 1903 5235 3470 5307">
    <p class='ocr_par' dir='ltr' id='par_1_114' title="bbox 1903 5235 3470 5307">
     <span class='ocr_line' id='line_1_114' title="bbox 1903 5235 3470 5307; baseline -0.001 -13"><span class='ocrx_word' id='word_1_845' title='bbox 1903 5235 2001 5305; x_wconf 85' lang='lat' dir='ltr'><strong>sit;</strong></span> <span class='ocrx_word' id='word_1_846' title='bbox 2034 5239 2126 5293; x_wconf 90' lang='lat' dir='ltr'><strong>sed</strong></span> <span class='ocrx_word' id='word_1_847' title='bbox 2155 5237 2300 5306; x_wconf 89' lang='lat' dir='ltr'><strong>quod</strong></span> <span class='ocrx_word' id='word_1_848' title='bbox 2329 5235 2526 5289; x_wconf 81' lang='lat' dir='ltr'><strong>Maneti</strong></span> <span class='ocrx_word' id='word_1_849' title='bbox 2561 5236 2907 5292; x_wconf 81' lang='lat' dir='ltr'><strong>insanissime</strong></span> <span class='ocrx_word' id='word_1_850' title='bbox 2931 5238 3251 5307; x_wconf 87' lang='lat' dir='ltr'><strong>comparati,</strong></span> <span class='ocrx_word' id='word_1_851' title='bbox 3287 5239 3470 5293; x_wconf 89' lang='lat' dir='ltr'><strong>minus</strong></span> 
     </span>
    </p>
   </div>
   <div class='ocr_carea' id='block_1_115' title="bbox 1902 5307 2606 5375">
    <p class='ocr_par' dir='ltr' id='par_1_115' title="bbox 1902 5307 2606 5375">
     <span class='ocr_line' id='line_1_115' title="bbox 1902 5307 2606 5375; baseline -0.007 -11"><span class='ocrx_word' id='word_1_852' title='bbox 1902 5324 2085 5364; x_wconf 85' lang='lat' dir='ltr'><strong>errare</strong></span> <span class='ocrx_word' id='word_1_853' title='bbox 2116 5307 2606 5375; x_wconf 86' lang='lat' dir='ltr'><strong>deprehendantur.</strong></span> 
     </span>
    </p>
   </div>
   <div class='ocr_carea' id='block_1_116' title="bbox 1975 5375 3463 5448">
    <p class='ocr_par' dir='ltr' id='par_1_116' title="bbox 1975 5375 3463 5448">
     <span class='ocr_line' id='line_1_116' title="bbox 1975 5375 3463 5448; baseline -0.001 -18"><span class='ocrx_word' id='word_1_854' title='bbox 1975 5379 2052 5448; x_wconf 87' lang='lat'>(7)</span> <span class='ocrx_word' id='word_1_855' title='bbox 2092 5377 2395 5442; x_wconf 88' lang='lat' dir='ltr'><strong>Casinensi,</strong></span> <span class='ocrx_word' id='word_1_856' title='bbox 2430 5394 2448 5425; x_wconf 71' lang='grc' dir='ltr'><strong>ι</strong></span> <span class='ocrx_word' id='word_1_857' title='bbox 2493 5377 2565 5430; x_wconf 89' lang='lat' dir='ltr'><strong>ita</strong></span> <span class='ocrx_word' id='word_1_858' title='bbox 2596 5375 2908 5431; x_wconf 89' lang='lat' dir='ltr'><strong>seductores</strong></span> <span class='ocrx_word' id='word_1_859' title='bbox 2940 5384 3264 5441; x_wconf 88' lang='lat' dir='ltr'><strong>statuerunt,</strong></span> <span class='ocrx_word' id='word_1_860' title='bbox 3299 5377 3411 5445; x_wconf 90' lang='lat' dir='ltr'><strong>qui.</strong></span> <span class='ocrx_word' id='word_1_861' title='bbox 3445 5396 3463 5428; x_wconf 82' lang='grc' dir='ltr'><strong>ι</strong></span> 
     </span>
    </p>
   </div>
   <div class='ocr_carea' id='block_1_117' title="bbox 1975 5447 3466 5519">
    <p class='ocr_par' dir='ltr' id='par_1_117' title="bbox 1975 5447 3466 5519">
     <span class='ocr_line' id='line_1_117' title="bbox 1975 5447 3466 5519; baseline -0.001 -18"><span class='ocrx_word' id='word_1_862' title='bbox 1975 5448 2051 5519; x_wconf 90' lang='grc'><strong>(8)</strong></span> <span class='ocrx_word' id='word_1_863' title='bbox 2088 5448 2197 5519; x_wconf 81' lang='lat' dir='ltr'><strong>Cur</strong></span> <span class='ocrx_word' id='word_1_864' title='bbox 2224 5447 2337 5519; x_wconf 60' lang='lat' dir='ltr'><strong>haec</strong></span> <span class='ocrx_word' id='word_1_865' title='bbox 2369 5461 2495 5499; x_wconf 86' lang='lat' dir='ltr'><strong>cum</strong></span> <span class='ocrx_word' id='word_1_866' title='bbox 2529 5447 2952 5519; x_wconf 68' lang='lat' dir='ltr'><strong>praecedentibus</strong></span> <span class='ocrx_word' id='word_1_867' title='bbox 2985 5463 3089 5519; x_wconf 87' lang='lat' dir='ltr'><strong>non</strong></span> <span class='ocrx_word' id='word_1_868' title='bbox 3137 5448 3466 5519; x_wconf 61' lang='lat' dir='ltr'><strong>cohaereant,</strong></span> 
     </span>
    </p>
   </div>
   <div class='ocr_carea' id='block_1_118' title="bbox 1903 5514 3487 5587">
    <p class='ocr_par' dir='ltr' id='par_1_118' title="bbox 1903 5514 3487 5587">
     <span class='ocr_line' id='line_1_118' title="bbox 1903 5514 3487 5587; baseline -0.003 -13"><span class='ocrx_word' id='word_1_869' title='bbox 1903 5514 2423 5587; x_wconf 51' lang='lat' dir='ltr'><strong>vide&#39;prrefationem</strong></span> <span class='ocrx_word' id='word_1_870' title='bbox 2454 5514 2775 5587; x_wconf 65' lang='lat' dir='ltr'><strong>noStramjn</strong></span> <span class='ocrx_word' id='word_1_871' title='bbox 2818 5516 3093 5571; x_wconf 80' lang='lat' dir='ltr'><strong>Archelao.</strong></span> <span class='ocrx_word' id='word_1_872' title='bbox 3134 5514 3339 5587; x_wconf 86' lang='lat' dir='ltr'><strong>Sensus</strong></span> <span class='ocrx_word' id='word_1_873' title='bbox 3373 5533 3487 5571; x_wconf 37' lang='lat' dir='ltr'><strong>au-»</strong></span> 
     </span>
    </p>
   </div>
   <div class='ocr_carea' id='block_1_119' title="bbox 1904 5585 3473 5657">
    <p class='ocr_par' dir='ltr' id='par_1_119' title="bbox 1904 5585 3473 5657">
     <span class='ocr_line' id='line_1_119' title="bbox 1904 5585 3473 5657; baseline -0.002 -13"><span class='ocrx_word' id='word_1_874' title='bbox 1904 5600 2010 5645; x_wconf 89' lang='lat' dir='ltr'><strong>tem</strong></span> <span class='ocrx_word' id='word_1_875' title='bbox 2043 5585 2165 5642; x_wconf 80' lang='lat' dir='ltr'><strong>esse</strong></span> <span class='ocrx_word' id='word_1_876' title='bbox 2206 5587 2437 5651; x_wconf 88' lang='lat' dir='ltr'><strong>videtur,</strong></span> <span class='ocrx_word' id='word_1_877' title='bbox 2486 5588 2657 5641; x_wconf 85' lang='lat' dir='ltr'><strong>solius</strong></span> <span class='ocrx_word' id='word_1_878' title='bbox 2698 5585 2891 5657; x_wconf 85' lang='lat' dir='ltr'><strong>Regis,</strong></span> <span class='ocrx_word' id='word_1_879' title='bbox 2945 5587 3165 5656; x_wconf 85' lang='lat' dir='ltr'><strong>perfecti</strong></span> <span class='ocrx_word' id='word_1_880' title='bbox 3224 5586 3473 5642; x_wconf 78' lang='lat' dir='ltr'><strong>videlicet</strong></span> 
     </span>
    </p>
   </div>
   <div class='ocr_carea' id='block_1_120' title="bbox 1905 5658 3472 5727">
    <p class='ocr_par' dir='ltr' id='par_1_120' title="bbox 1905 5658 3472 5727">
     <span class='ocr_line' id='line_1_120' title="bbox 1905 5658 3472 5727; baseline -0.004 -12"><span class='ocrx_word' id='word_1_881' title='bbox 1905 5662 2049 5716; x_wconf 86' lang='lat' dir='ltr'><strong>illius</strong></span> <span class='ocrx_word' id='word_1_882' title='bbox 2083 5658 2176 5727; x_wconf 88' lang='lat' dir='ltr'><strong>qui</strong></span> <span class='ocrx_word' id='word_1_883' title='bbox 2222 5666 2583 5725; x_wconf 78' lang='lat' dir='ltr'><strong>exspectatur,</strong></span> <span class='ocrx_word' id='word_1_884' title='bbox 2619 5673 2757 5726; x_wconf 90' lang='lat' dir='ltr'><strong>opus</strong></span> <span class='ocrx_word' id='word_1_885' title='bbox 2806 5674 2945 5721; x_wconf 88' lang='lat' dir='ltr'><strong>esse,</strong></span> <span class='ocrx_word' id='word_1_886' title='bbox 2990 5659 3271 5710; x_wconf 87' lang='lat' dir='ltr'><strong>hominum</strong></span> <span class='ocrx_word' id='word_1_887' title='bbox 3318 5658 3472 5725; x_wconf 79' lang='lat' dir='ltr'><strong>igno-</strong></span> 
     </span>
    </p>
   </div>
   <div class='ocr_carea' id='block_1_121' title="bbox 1905 5727 3475 5802">
    <p class='ocr_par' dir='ltr' id='par_1_121' title="bbox 1905 5727 3475 5802">
     <span class='ocr_line' id='line_1_121' title="bbox 1905 5727 3475 5802; baseline -0.002 -16"><span class='ocrx_word' id='word_1_888' title='bbox 1905 5732 2252 5802; x_wconf 34' lang='lat' dir='ltr'><strong>rantiamnut</strong></span> <span class='ocrx_word' id='word_1_889' title='bbox 2299 5737 2453 5802; x_wconf 67' lang='lat' dir='ltr'><strong>antea</strong></span> <span class='ocrx_word' id='word_1_890' title='bbox 2497 5728 2664 5793; x_wconf 81' lang='lat' dir='ltr'><strong>dixit,</strong></span> <span class='ocrx_word' id='word_1_891' title='bbox 2703 5729 2913 5797; x_wconf 88' lang='lat' dir='ltr'><strong>penitus</strong></span> <span class='ocrx_word' id='word_1_892' title='bbox 2964 5727 3279 5796; x_wconf 84' lang='lat' dir='ltr'><strong>destruere,</strong></span> <span class='ocrx_word' id='word_1_893' title='bbox 3325 5729 3475 5799; x_wconf 82' lang='lat' dir='ltr'><strong>quod</strong></span> 
     </span>
    </p>
   </div>
   <div class='ocr_carea' id='block_1_122' title="bbox 1904 5797 2589 5870">
    <p class='ocr_par' dir='ltr' id='par_1_122' title="bbox 1904 5797 2589 5870">
     <span class='ocr_line' id='line_1_122' title="bbox 1904 5797 2589 5870; baseline -0.009 -14"><span class='ocrx_word' id='word_1_894' title='bbox 1904 5816 2011 5856; x_wconf 87' lang='lat' dir='ltr'><strong>non</strong></span> <span class='ocrx_word' id='word_1_895' title='bbox 2041 5797 2364 5870; x_wconf 69' lang='lat' dir='ltr'><strong>praestiterat</strong></span> <span class='ocrx_word' id='word_1_896' title='bbox 2391 5797 2589 5852; x_wconf 73' lang='lat' dir='ltr'><strong>Manes.</strong></span> 
     </span>
    </p>
   </div>
  </div>
