3922 6476
485 400 616 458 “9|

1467 397 1654 454 ACTA
1692 396 2219 455 DISPUTA'I‘lONIS
2256 396 2310 451 S.
2353 391 2694 450 ARCHELAI

3589 387 3734 444 “92

483 522 644 588 ellici,
667 531 721 577 et
744 521 1123 586 circumvenit,
1153 530 1208 575 et
1232 520 1532 592 ingreditur
1564 522 1776 586 domos,
1805 520 2053 589 decipere
2085 529 2124 581 Α
2156 518 2344 573 chelao
2378 515 2610 570 traditur
2657 530 2686 566 a
2737 510 3008 574 Marcello.
3053 522 3214 579 quem
3259 522 3385 562 cum
3434 505 3731 561 diaconum

485 628 736 684 quaerens
757 613 966 668 animas
999 621 1253 668 oneratas
1288 613 1632 682 peccatis“?
1683 612 1785 667 Sed
1819 629 1917 666 nos
1946 628 2054 666 non

485 707 561 761 ita
592 705 860 761 sentimus
888 723 900 773 ;
937 705 1068 774 quin
1099 706 1284 775 potius
1324 722 1411 761 res
1449 707 1594 775 ipsas
1616 706 1959 777 proferamus
1998 706 2051 758 in

485 799 745 864 medium,
776 809 828 853 et
873 797 1256 864 conferamus,
1311 799 1356 858 si
1408 800 1603 868 placet,
1652 799 1718 853 ad
1761 798 2051 868 perfectum

488 889 846 948 Paracletttm.
872 889 1078 945 Videtis
1109 891 1253 951 enim
1283 891 1412 960 quia
1443 891 1711 946 interdum
1738 890 2050 960 interrogat,

484 997 881 1050 nonnunquam
909 981 1248 1053 deprecatur.
1282 980 1386 1036 Sed
1406 983 1666 1051 scriptum
1689 991 1772 1036 est
1802 981 1853 1034 in
1880 980 2055 1033 Evan-

483 1070 623 1140 gelio
657 1069 954 1139 Salvatoris
1003 1073 1200 1136 nostri,
1238 1073 1364 1142 quia
1407 1081 1462 1126 et
1502 1072 1578 1126 illi
1619 1073 1772 1142 quia
1815 1071 2053 1126 sinistris

485 1163 628 1233 regis
663 1163 948 1231 assistunt,
979 1164 1200 1218 dicent:
1239 1182 1258 1214 ι
1292 1163 1538 1230 Domine,
1573 1164 1791 1233 quando
1830 1173 1880 1216 te
1919 1163 2049 1217 vidi-

483 1269 609 1308 mus
641 1258 999 1318 esurientem,
1045 1264 1138 1309 aut
1184 1255 1482 1320 sitientem,
1529 1265 1623 1309 aut
1667 1256 1909 1320 nudum,
1962 1266 2054 1310 aut

483 1347 832 1417 peregrinum
857 1389 872 1411 ,
907 1356 1002 1401 aut
1035 1347 1089 1403 in
1127 1363 1343 1402 carcere
1367 1345 1466 1416 (9),
1493 1356 1679 1405 etnon
1722 1348 2054 1404 ministravi-

484 1454 608 1501 mus
657 1439 753 1493 tibi
784 1439 864 1492 ‘7?
911 1460 930 1492 ι
981 1449 1235 1510 rogantes
1289 1447 1378 1494 ut‘
1407 1440 1508 1496 sibi
1565 1439 1899 1510 indulgeret;
1957 1441 2051 1506 sed

482 1526 615 1595 quid
647 1528 754 1593 illis
788 1530 1070 1599 respondit
1092 1529 1460 1600 justusjudex
1493 1528 1642 1584 Rex?
1667 1549 1685 1582 ι
1720 1530 1986 1586 Discedite
2023 1547 2050 1584 a

482 1633 570 1673 me
603 1619 656 1686 in
687 1620 866 1691 ignem
905 1630 1191 1698 aeternum,
1219 1619 1452 1692 operarii
1485 1620 1786 1689 iniquitatis
1809 1622 1869 1677 ¹⁸.
1902 1641 1920 1672 ι
1945 1622 2053 1676 Ab-

477 1709 608 1781 jecit
633 1726 728 1772 eos
758 1713 810 1766 in
845 1723 1104 1780 aeternum
1152 1712 1350 1781 ignem,
1401 1726 1523 1764 cum
1576 1712 1652 1765 illi
1708 1727 1900 1782 rogare
1943 1728 2050 1766 non

481 1811 716 1862 cessent.
745 1801 1000 1864 Videsne,
1035 1802 1161 1871 quid
1198 1803 1268 1857 sit
1298 1801 1518 1872 perfecti
1549 1802 1710 1873 Regis
1751 1804 2050 1857 adventus?

483 1909 589 1960 non
620 1895 803 1960 talem,
837 1896 1052 1964 qualem
1098 1904 1152 1949 tu
1204 1896 1407 1952 asseris
1447 1895 1854 1966 perfectionem.
1896 1895 2050 1962 Quod
2083 1876 2124 1930 Β

481 1985 528 2038 si
559 1995 681 2053 post
709 1986 888 2055 ipsum
918 1988 1316 2055 exspectandus
1346 2000 1426 2044 est
1451 1989 1888 2059 magnusjudieii
1913 1988 2049 2049 dies,

481 2079 655 2134 multo
691 2080 876 2148 utique
911 2080 999 2135 hic
1033 2081 1125 2135 illo
1163 2083 1386 2137 inferior
1410 2093 1512 2138 est.
1549 2079 1704 2147 Quod
1741 2081 1787 2135 si
1815 2066 2052 2134 inferior

478 2170 603 2236 erit,
634 2171 1040 2241 perfectus-non
1084 2177 1207 2230 erit.
1245 2173 1301 2229 Si
1342 2174 1614 2246 perfectus
1644 2190 1752 2228 non
1789 2173 1909 2239 erit,
1942 2189 2049 2228 non

477 2264 544 2317 de
575 2262 692 2332 ipso
719 2263 847 2318 dicit
877 2266 1191 2334 Apostolus.
1226 2266 1380 2332 Quod
1413 2267 1459 2321 si
1495 2281 1604 2320 non
1645 2265 1712 2319 de
1756 2266 1874 2334 ipso
1919 2265 2052 2318 dicit

477 2353 794 2421 Apostolus,
831 2354 932 2409 iste
965 2364 1144 2414 autem
1177 2355 1244 2410 de
1275 2371 1332 2412 se
1363 2356 1567 2410 dictum
1611 2370 1732 2417 esse
1767 2355 2048 2419 mentitur,

475 2445 968 2516 pseudOepropheta
994 2446 1522 2516 ntiquejudicandus
1545 2456 1646 2500 est.
1679 2444 1780 2500 Sed
1805 2455 1858 2500 et
1880 2447 2048 2500 multa

477 2538 582 2600 alia
615 2537 810 2594 borum
843 2538 1043 2600 similia
1067 2539 1172 2592 dici
1207 2549 1467 2607 possunt;
1498 2552 1618 2607 quae
1644 2537 1688 2591 si
1711 2537 1894 2590 omnia
1925 2553 2049 2606 per-

477 2627 630 2696 sequi
665 2627 916 2694 velimus,
951 2631 1156 2685 nullum
1194 2631 1352 2684 nobis
1389 2639 1602 2700 tempus
1637 2629 1705 2683 ad
1731 2630 1916 2684 omnia
1944 2645 2046 2682 ex-

473 2718 666 2789 plenda
700 2719 949 2774 sufficiet.
988 2719 1134 2775 Unde
1162 2721 1440 2776 abundare
1466 2719 1773 2776 existimavi
1809 2721 1876 2774 de
1907 2721 2048 2773 mul-

473 2811 543 2866 tis
589 2827 758 2879 pauea
799 2812 1022 2877 dixisse,
1071 2813 1312 2884 reliquas
1360 2823 1539 2883 partes
1584 2821 1846 2870 tractatus
1881 2812 2045 2882 hujus

471 2903 694 2978 exsequi
733 2904 1038 2964 volentibus
1070 2905 1472 2975 derelinquens.

542 2991 784 3063 XXXlX.
827 2992 922 3048 llis
970 2994 1170 3049 auditis
1214 2995 1477 3048 dederunt
1524 2993 1748 3064 gloriam
1795 2995 1904 3050 Deo
1938 2996 2041 3049 im-

473 3099 742 3151 mensam,
767 3093 820 3138 et
855 3085 972 3152 ipso
1013 3085 1266 3155 dignam;
1313 3086 1636 3140 Archelaum
1685 3102 1816 3140 vero
1857 3087 2042 3140 multis

473 3177 776 3236 honoribus
811 3177 1126 3231 affecerunt.
1157 3176 1310 3232 Tunc
1335 3177 1620 3233 Marcellus
1648 3195 1963 3250 assurgens,
1990 3189 2042 3234 et

470 3269 639 3323 stolas
684 3267 795 3339 (10)
843 3284 1082 3332 exuens,
1130 3270 1430 3324 circumdat
1471 3270 1830 3336 Archelaum,
1881 3281 2043 3339 atque.

469 3355 674 3416 osculis
711 3370 834 3421 eum
873 3356 1082 3421 defixus
1128 3359 1489 3430 amplectitur,
1515 3368 1569 3413 et
1606 3361 1848 3416 inhaeret.
1888 3359 2043 3416 Tunc

470 3462 597 3500 vero
633 3445 888 3514 infantes,
922 3449 1013 3517 qui
1046 3447 1183 3504 forte
1216 3462 1600 3516 convenerant,
1646 3453 1804 3520 primi
1839 3453 1892 3506 in
1923 3453 2039 3509 Ma—

467 3552 591 3608 nem
636 3537 834 3606 pellere
868 3553 932 3592 ae
980 3537 1166 3607 fugere
1197 3541 1308 3610 (ll)
1355 3550 1664 3606 coeperunt,
1702 3558 1842 3611 quos
1881 3545 2040 3600 turba

468 3625 672 3694 reliqua
708 3626 976 3692 insecuta,
1010 3629 1301 3683 concitavit
1328 3646 1386 3684 se
1427 3631 1494 3684 ad
1527 3631 1889 3700 effugiendum
1924 3633 2040 3686 Ma-

467 3731 612 3787 nem.
651 3714 804 3782 Quod
851 3732 972 3770 cum
1010 3719 1332 3787 pervidisset
1379 3720 1699 3786 Archelaus,
1738 3723 1938 3778 elevata
1981 3725 2035 3778 in

465 3807 686 3885 modum
721 3809 862 3863 tubae
892 3825 1021 3863 voce
1047 3825 1166 3882 sua,
1196 3811 1595 3867 multitudinem
1630 3814 1856 3883 cupiens
1884 3814 2036 3868 cohi-

463 3902 612 3966 bere,
640 3903 714 3966 ait
743 3920 755 3965 ;
789 3902 1028 3970 Cessatc,
1067 3903 1259 3959 fratres
1291 3905 1492 3970 dilecti,
1523 3921 1588 3959 ne
1622 3904 1758 3960 forte
1795 3908 1869 3960 rei
1909 3925 2037 3963 san-

463 3995 646 4068 guinis
677 3995 1017 4064 inveniamur
1046 3997 1100 4054 in
1126 3997 1452 4066 diejudicii;
1490 3999 1752 4069 scriptum
1785 4010 1864 4054 est
1889 4001 2035 4055 enim

463 4087 532 4153 de
563 4089 782 4154 talibus,
813 4090 940 4159 quia
977 4108 996 4140 ι
1025 4099 1238 4160 oportet
1266 4100 1319 4146 et
1343 4093 1574 4147 haereses
1603 4108 1725 4148 esse
1756 4093 1894 4148 inter
1915 4110 2033 4159 vos,

463 4181 634 4249 ptqui
658 4181 868 4249 probati
887 4192 1033 4242 sunt,
1061 4181 1330 4246 manifesti
1363 4183 1493 4237 fiant
1535 4185 1674 4239 inter
1705 4201 1798 4241 vos
1820 4185 1882 4240 ⁸9.
1931 4207 1950 4240 ι
1971 4187 2037 4243 Et

464 4269 555 4325 bis
581 4272 760 4336 dictis,
791 4273 990 4336 sedata:
1017 4283 1144 4328 sunt
1173 4275 1359 4329 turbae.
1392 4274 1659 4341 Quoniam
1685 4294 1812 4333 vero
1833 4281 2036 4348 placuit

461 4359 718 4436 Marcello
747 4361 1174 4432 disputationem
1207 4367 1347 4420 hanc
1377 4367 1551 4435 excipi
1581 4379 1742 4436 atque
1774 4370 2031 4437 describi,

460 4455 836 4528 contradicere
867 4471 974 4510 non
1010 4457 1184 4526 potui,
1217 4459 1460 4514 confisus
1494 4459 1561 4512 de
1589 4459 1923 4530 benignitate
1953 4463 2031 4516 le-

2157 609 2456 664 Arehelaus
2491 607 2786 672 ordinaret,
2822 605 2874 657 in
2922 601 3156 655 Marcelli
3203 599 3562 654 contubernio
3607 614 3731 666 per-

2157 703 2443 757 severavit.
2463 700 2649 756 Manes
2672 709 2850 755 autem
2877 698 3090 768 fugiens
3109 695 3322 750 advenit
3343 695 3412 748 ad
3433 694 3729 764 quemdam

2154 794 2334 847 vicum
2387 793 2545 861 longe
2592 791 2659 843 ab
2709 789 2842 843 urbe
2891 787 3163 858 positum,
3208 786 3302 855 qui
3350 786 3731 854 appellabatur

2154 883 2394 940 Diodori.
2453 881 2582 935 Erat
2621 889 2800 935 autem
2847 879 3127 950 presbyter
3169 876 3274 931 loci
3319 877 3466 930 illius
3510 877 3730 931 nomine

2154 985 2206 1031 et
2231 977 2346 1045 ipse
2381 974 2649 1028 Diodorus
2681 973 2812 1043 (l2),
2839 973 3054 1041 quietus
3083 979 3136 1024 et
3174 969 3340 1033 mitis,
3381 968 3504 1022 fidei
3545 985 3612 1022 ac
3648 968 3730 1022 fa-

2156 1085 2256 1123 mae
2283 1069 2440 1122 bona:
2476 1066 2626 1119 valde
2655 1084 2667 1118 :
2699 1073 2750 1119 et
2795 1081 2917 1119 cum
2951 1062 3184 1132 quadam
3229 1062 3316 1116 die
3363 1059 3575 1125 Manes,
3603 1078 3730 1114 con-

2155 1165 2372 1229 gregata
2401 1155 2580 1220 turba,
2608 1154 3020 1209 concionaretur
3038 1150 3168 1221 (13),
3189 1166 3252 1205 ac
3277 1152 3570 1218 peregrina
3589 1166 3732 1217 qua»

2154 1253 2278 1304 dam
2303 1257 2356 1302 et
2388 1248 2562 1301 aliena
2597 1262 2627 1300 a
2655 1254 2877 1314 paterna
2913 1243 3201 1298 traditione
3232 1240 3432 1311 populo
3456 1241 3556 1310 qui
3585 1251 3731 1295 asta-

2155 1341 2248 1394 bat
2293 1345 2592 1401 assereret,
2634 1337 2842 1391 nullum
2893 1334 3116 1388 omnino
3165 1349 3230 1388 ex
3287 1332 3373 1386 his
3427 1331 3732 1388 formidans

2155 1428 2301 1498 quod
2324 1428 2426 1482 sibi
2452 1435 2637 1496 posset
2658 1425 2942 1489 obsistere,
2967 1424 3236 1478 Diodorus
3253 1422 3446 1476 videns
3467 1423 3733 1491 prolicere

2155 1524 2274 1590 ejus
2309 1522 2627 1591 nequitiam,
2660 1521 2922 1575 deliberat
2947 1518 3220 1573 Archelao
3262 1517 3483 1571 mittere
3532 1520 3736 1588 episto-

2157 1611 2286 1675 lam,
2317 1613 2682 1666 continentem
2719 1611 2852 1664 haec.

2364 1719 2639 1758 ARCHELAO
2668 1716 2918 1757 EPISCOPO
2943 1716 3206 1756 ntooonus
3233 1717 3282 1756 s.
3313 1717 3367 1756 ι).
3401 1701 3552 1772 (ιι).

2228 1792 2341 1863 XL.
2385 1793 2537 1850 Scire
2567 1804 2617 1849 te
2637 1795 2780 1859 volo,
2809 1793 3217 1862 religiosissime
3250 1791 3436 1856 Pater,
3470 1793 3732 1862 quoniam

2154 1889 2370 1944 advenit
2400 1888 2622 1958 quidam
2657 1888 2710 1942 in
2742 1886 2934 1941 diebus
2977 1885 3113 1950 istis,
3159 1886 3380 1939 nomine
3415 1884 3640 1950 Manes,
3671 1889 3730 1939 ad

2153 1979 2271 2034 loca
2307 1989 2515 2040 nostra,
2551 1977 2642 2047 qui
2672 1975 2809 2029 Novi
2844 1973 3176 2028 Tcstamenti
3208 1975 3522 2031 doctrinam
3559 1977 3733 2030 sead-

2152 2070 2375 2140 itnplere
2408 2071 2692 2141 promittit.
2730 2068 2795 2124 Et
2827 2071 3044 2140 quidem
3079 2076 3236 2124 erant
3261 2069 3520 2137 quaedam
3556 2069 3614 2122 in
3655 2068 3735 2122 his

2151 2177 2271 2230 quae
2303 2162 2370 2215 ab
2405 2176 2471 2215 eo
2497 2160 2837 2227 dicebantur,
2870 2171 3069 2215 nostra:
3104 2161 3266 2224 fidei;
3307 2161 3570 2228 quadam
3610 2173 3735 2213 vero

2150 2253 2426 2307 asserebat
2451 2253 2609 2322 longe
2633 2253 2845 2308 diversa
2870 2253 2938 2306 ab
2971 2251 3036 2304 iis
3063 2266 3181 2320 qua:
3214 2266 3244 2304 a
3277 2261 3471 2304 nostra
3505 2260 3734 2319 paterna

2151 2345 2436 2399 traditione
2481 2344 2818 2400 descendunt
2861 2345 2995 2413 (15).
3055 2343 3530 2414 lnterpretabatur
3593 2343 3731 2396 enim

2149 2435 2394 2506 quaedam
2428 2436 2626 2502 aliene,
2667 2435 2865 2505 quibus
2905 2437 3069 2490 etiam
3111 2452 3175 2489 ex
3202 2435 3446 2504 propriis
3478 2435 3730 2500 addebat,

2148 2543 2268 2596 quae
2310 2527 2444 2581 mihi
2483 2528 2639 2583 valde
2668 2528 2949 2598 peregrina
2985 2528 3096 2582 visa
3128 2538 3253 2582 sunt
3285 2536 3341 2580 et
3385 2527 3584 2579 infida.
3632 2525 3732 2579 Pro

2148 2619 2348 2689 quibus
2389 2623 2549 2673 etiam
2602 2629 2879 2689 permotus
2925 2636 3043 2674 sum
3093 2619 3331 2674 scribere
3391 2617 3514 2671 haec
3549 2619 3619 2670 ad
3663 2625 3730 2682 te,

2147 2713 2327 2768 sciens
2360 2713 2621 2772 doctrina:
2644 2722 2748 2770 tua:
2777 2713 3074 2783 perfectum
3110 2724 3162 2767 et
3188 2714 3581 2782 plenissimum
3614 2730 3730 2767 seu-

2147 2819 2291 2867 sum,
2319 2806 2575 2875 quoniam
2599 2806 2764 2868 latere
2796 2816 2846 2860 te
2874 2807 3066 2860 horum
3103 2805 3236 2864 nihil
3266 2815 3494 2874 potest;
3524 2815 3582 2858 et
3617 2806 3729 2858 ideo

2145 2897 2384 2951 confisus
2418 2913 2538 2952 sum
2587 2899 2654 2953 ad
2699 2899 3039 2967 explananda
3078 2897 3236 2952 nobis
3279 2897 3396 2950 haec
3443 2897 3653 2949 invidia
3684 2907 3729 2949 te

2146 3003 2253 3042 non
2284 3004 2445 3058 posse
2489 2989 2784 3058 prohiberi.
2832 2988 3092 3056 Quamvis
3124 3004 3224 3043 nec
3251 3003 3354 3057 ego
3400 2989 3636 3058 quidem
3678 2989 3725 3042 in

2146 3081 2374 3135 alterum
2408 3082 2642 3151 aliquem
2681 3082 2930 3150 inclinari
2961 3081 3228 3150 potuerim
3261 3095 3518 3145 sensum,
3551 3091 3722 3144 tamen

2146 3183 2366 3244 prepter
2406 3175 2681 3243 simplices
2723 3189 3000 3245 quosque,
3036 3182 3142 3227 tuae
3184 3173 3538 3228 auctoritatis
3583 3190 3726 3226 com-

2147 3266 2337 3334 pulsus
2368 3281 2488 3320 sum
2523 3267 2813 3336 implorare
2839 3279 3171 3321 sermonem.
3202 3261 3412 3320 Revera
3456 3266 3606 3320 enim
3647 3267 3723 3317 vir

2143 3356 2298 3410 valde
2343 3356 2632 3412 vehemens
2679 3366 2786 3410 tam
2830 3373 3082 3414 sermone
3119 3375 3284 3428 quam
3319 3372 3514 3426 opere,
3550 3358 3648 3410 sed
3673 3364 3726 3408 et

2143 3455 2364 3516 aspectu
2407 3446 2524 3515 ipso
2568 3456 2731 3517 atque
2781 3448 2966 3501 habitu
3013 3440 3256 3518 apparet.
3296 3447 3404 3502 Sed
3450 3457 3508 3502 et
3551 3460 3721 3517 pauca

2140 3539 2412 3607 quadam,
2463 3555 2584 3609 qua:
2622 3541 2855 3594 retinere
2895 3556 3118 3609 possum
3167 3556 3233 3594 ex
3266 3540 3336 3594 iis
3380 3556 3511 3608 qua
3555 3540 3628 3592 ab
3659 3554 3721 3592 eo

2139 3627 2284 3682 dicta
2325 3637 2473 3694 sunt,
2510 3630 2690 3683 scribo
2727 3630 2844 3692 tibi,
2873 3631 3050 3685 sciens
3084 3629 3210 3702 quia
3236 3645 3303 3684 ex
3330 3630 3401 3684 iis
3430 3631 3602 3683 etiam
3637 3646 3717 3684 rev

2139 3717 2290 3787 liqua
2325 3719 2610 3790 intelliges.
2644 3719 2796 3775 Nosti
2831 3721 2956 3789 quia
2987 3737 3192 3775 morem
3224 3720 3375 3780 hunc
3399 3721 3610 3776 habent
3629 3721 3718 3791 qui

2138 3809 2334 3879 dogma
2365 3811 2583 3880 aliquod
2629 3827 2872 3868 asserere
2915 3813 3121 3878 volunt,
3154 3822 3211 3867 ut
3244 3829 3597 3882 quaecunque
3631 3829 3719 3867 vo-

2137 3899 2345 3955 luerint
2372 3902 2438 3957 de
2465 3901 2763 3972 Scripturis
2799 3918 3102 3970 assumere,
3130 3903 3246 3957 haec
3270 3906 3608 3972 propensius
3633 3904 3714 3958 sui

2139 3991 2490 4063 intelligentia
2522 3995 2836 4065 depravent.
2869 3993 2973 4048 Sed
3001 3997 3102 4049 hoe
3129 3996 3472 4063 praeveniens
3500 4007 3713 4070 aposto-

2138 4087 2278 4144 licus
2307 4090 2527 4143 denotat
2555 4104 2756 4155 sermo,
2783 4089 2968 4143 dicens
2997 4107 3008 4141 :
3040 4107 3057 4138 ι
3089 4085 3145 4140 Si
3179 4088 3304 4157 quis
3327 4089 3492 4142 vobis
3507 4104 3714 4142 annun-

2137 4181 2352 4235 tiaverit
2389 4190 2583 4248 praeter
2625 4181 2767 4250 quod
2815 4179 3123 4250 accepistis,
3172 4179 3474 4235 anathema
3502 4182 3574 4242 sit
3597 4181 3662 4232 ὀ.
3687 4197 3705 4230 I

2137 4273 2323 4343 itaque
2342 4282 2464 4342 post
2486 4273 2600 4327 haec
2621 4289 2741 4345 quae
2769 4275 2938 4329 semel
2961 4274 3028 4328 ab
3050 4273 3314 4343 apostolis
3333 4273 3545 4327 tradita
3567 4285 3710 4336 sunt,

2135 4364 2280 4426 ultra
2321 4379 2426 4417 non
2469 4371 2682 4433 oportet
2716 4365 3010 4436 quidquam
3041 4365 3188 4418 aliud
3223 4365 3511 4432 suscipere
3545 4363 3710 4418 disci—

2135 4457 2324 4526 pulum
2367 4455 2590 4510 Christi.
2624 4457 2823 4521 Verum
2863 4472 2930 4512 ne
2977 4471 3286 4512 sermonem
3323 4457 3552 4525 longius
3587 4473 3710 4527 pro-

459 4548 724 4620 gcntium,
755 4549 899 4618 quod
935 4549 1146 4603 veniam
1174 4549 1412 4614 dabunt,
1455 4552 1502 4604 si
1544 4551 1674 4620 quid
1721 4552 2027 4621 imperitum
2063 4582 2105 4636 υ
2137 4548 2375 4623 traham,
2403 4547 2468 4602 ad
2495 4546 3022 4618 propositumgredeo.
3055 4545 3247 4616 Legem
3281 4545 3480 4616 Moysi,
3501 4559 3563 4600 ut
3592 4548 3709 4601 bre-

457 4649 553 4700 aut
581 4642 846 4696 rusticum
881 4640 1097 4696 sonabit
1124 4640 1336 4706 oratio;
1381 4641 1486 4714 hoc
1519 4642 1662 4696 enim
1701 4652 1910 4696 tantum
1947 4655 2030 4700 est

457 4733 602 4802 quod
639 4735 946 4798 studemus,
995 4744 1056 4789 ut
1103 4734 1180 4788 rei
1231 4743 1395 4803 gesta
1447 4735 1684 4805 cognitio
1725 4735 2027 4792 studiosum

455 4839 731 4894 quemque
757 4840 866 4884 non
899 4826 1081 4885 lateat.
1113 4826 1267 4881 Tunc
1297 4840 1445 4896 ergo,
1469 4841 1591 4881 eum
1621 4826 1903 4896 etl‘ugisset
1926 4826 2030 4880 Ma-

455 4930 577 4979 nes,
607 4931 878 4990 nusquam
905 4918 1232 4999 comparuit.
1268 4917 1454 4976 Turbo
1484 4931 1614 4972 vero
1655 4917 1901 4972 minister
1929 4917 2030 4971 Ar-

2133 4642 2271 4696 viter
2299 4641 2500 4706 dicam,
2532 4639 2742 4694 dicebat
2768 4638 2855 4704 hic
2875 4653 2984 4696 non
3010 4654 3130 4693 esse
3150 4638 3243 4692 Dei
3275 4639 3400 4691 boni
3426 4640 3523 4693 sed
3551 4640 3706 4692 mali-

2136 4735 2226 4804 gni
2249 4734 2531 4804 principis,
2559 4749 2656 4788 nec
2677 4732 2876 4809 habere
2898 4745 3016 4784 eam
3039 4732 3332 4800 quidquam
3357 4733 3707 4799 cognationis

2133 4826 2200 4881 ad
2243 4841 2438 4882 novam
2473 4826 2642 4895 legem
2690 4826 2926 4892 Christi,
2973 4826 3066 4881 sed
3112 4837 3233 4878 esse
3279 4825 3617 4877 contrariam
3652 4832 3706 4876 et

2135 4917 2433 4982 inimicam,
2469 4918 2694 4974 alteram
2724 4919 2878 4974 alteri
2908 4919 3282 4997 obsistentem,
3316 4915 3430 4988 Ego
3449 4917 3702 4980 audiens,

526 5059 572 5091 "
608 5055 655 5112 ll
683 5057 827 5117 Tim.
863 5074 946 5139 tu,
971 5060 1026 5114 6.
1103 5059 1146 5100 υ
1183 5059 1372 5118 Matth.
1397 5077 1525 5132 xxv,
1555 5062 1644 5116 44.
1720 5061 1766 5095 ¹⁸
1802 5062 1932 5117 Luc.
1962 5076 2085 5129 xm,
2115 5062 2205 5126 27.
2284 5062 2327 5118 ‘.'
2365 5060 2385 5114 l
2415 5060 2542 5122 Cor.
2575 5078 2651 5129 ιι,
2686 5061 2772 5117 l9.
2847 5062 2894 5093 ’°
2921 5061 3095 5142 Galat.
3124 5076 3163 5125 ι,
3194 5060 3247 5134 8η.

527 5173 719 5252 (9)_lta
751 5173 1153 5252 Vulgatajuxta
1181 5177 1425 5252 Graecum
1459 5189 1687 5252 textum,
1709 5180 2026 5252 Cyprianus

454 5243 551 5299 lib.
584 5243 845 5322 pappare
863 5243 922 5322 et
947 5243 1306 5317 eléemosyuis,
1331 5251 1550 5320 aliique.
1587 5243 1910 5322 'Casinensis
1946 5263 2028 5307 ta-

451 5330 577 5368 men
608 5315 788 5379 habet,
821 5335 839 5367 ι
880 5319 932 5370 in
965 5315 1260 5372 carcerem.
1290 5315 1310 5370 ι

523 5382 638 5453 (10)
679 5381 861 5448 Forte,
898 5405 916 5436 ι
944 5389 1160 5442 stolam.
1196 5408 1213 5440 ι

523 5453 636 5521 (Η)
672 5473 690 5506 ι
717 5454 950 5532 fugere,
986 5475 1002 5508 ι
1031 5468 1127 5532 ett
1157 5457 1411 5532 eﬂugere,
1444 5478 1463 5510 ι
1495 5459 1825 5532 ριόίῖιιςειτθ,
1859 5462 1911 5515 in
1944 5461 2028 5515 fu-

452 5539 574 5602 gam
609 5525 900 5594 conjicere,
934 5542 1036 5580 suo
1081 5525 1336 5598 loquendi
1387 5525 1536 5583 more
1582 5525 1715 5590 dicit
1770 5525 2027 5601 antiquus

454 5601 740 5648 interpres.

523 5607 865 5746 L((iglj'flsteseio
890 5677 1182 5746 quopacto
1230 5669 1522 5746 Diodorum
1556 5669 1706 5746 hunc
1736 5669 2026 5746 Tryphona

450 5741 611 5802 Vocet
639 5731 977 5802 Epiphanius
1015 5731 1067 5791 in
1107 5740 1208 5792 hac
1237 5737 1655 5793 Manichahorum
1693 5731 1910 5799 ἣξει-,ἰὴ
1937 5743 2022 5796 Η.

522 5801 636 5871 (ιδ)
678 5801 1056 5881 Ιηᾯιιειιιοηεὶ
1089 5810 1297 5865 codice.
1331 5809 1813 5885 «continuaretur.
1848 5831 1868 5865 ι

2204 5182 2316 5252 (14)
2357 5179 2600 5252 Meminit
2630 5180 2790 5252 huius
2833 5179 3075 5249 epistola:
3116 5177 3454 5247 Epiphanius
3495 5177 3554 5230 in
3597 5176 3695 5229 hac

2127 5250 2321 5308 haeresi
2355 5251 2507 5304 num.
2541 5250 2626 5315 ll,
2661 5251 2886 5319 ejusque
2918 5259 3318 5319 argumentum,
3367 5251 3692 5319 non_aute_m

2127 5322 2313 5386 verba,
2342 5329 2402 5373 ut
2427 5314 3108 5386 Petaviusinterpretatur,
3154 5314 3387 5371 breviter
3417 5317 3601 5371 refert.
3628 5314 3687 5378 In

2129 5392 2286 5459 titulo
2314 5391 2473 5458 hujus
2507 5391 2746 5460 epistolae
2779 5405 2904 5452 vox,
2940 5409 2958 5440 ι
2989 5390 3237 5448 salutem,
3271 5406 3289 5436 ι
3318 5387 3470 5460 deest
3507 5387 3560 5460 in
3591 5401 3686 5440 eoo

2127 5457 2248 5514 dice
2273 5457 2579 5523 Casinensi,
2611 5461 2703 5513 sed
2730 5461 2958 5512 litteram
2987 5475 3034 5520 δ,
3065 5474 3184 5511 eam
3216 5473 3403 5512 vocem
3440 5457 3686 5511 indicem

2129 5542 2257 5595 tem,
2314 5539 2556 5600 repetere
2603 5529 2834 5598 neglexit
2880 5529 3155 5595 librarius,
3200 5543 3265 5582 eo
3304 5528 3546 5598 quodin
3584 5526 3688 5578 tina

2126 5595 2475 5671 praecedentis
2501 5601 2648 5671 vocis
2677 5595 2922 5671 exsistat.

2197 5669 2580 5741 (15)_Videant
2610 5669 2847 5741 haeretici
2881 5683 3055 5741 quam
3076 5669 3221 5723 clare
3249 5679 3362 5741 tam
3381 5667 3494 5741 hic,
3523 5677 3682 5734 quam

2126 5738 2590 5808 infra'Diodorus
2636 5739 2886 5808 antiquas
2937 5738 3189 5794 Ecclesia:
3230 5739 3550 5804 traditiones
3593 5749 3683 5788 se-

2127 5810 2369 5880 quendas
2397 5806 2905 5898 amplectenda—sque
2929 5815 3049 5865 esse
3080 5809 3334 5864 declaret.
