3922 6538
294 353 319 407 1
328 351 432 409 493

1400 357 1548 415 CUM
1586 358 1864 413 MANETE
1905 355 2439 411 HERESIARCHA.

3401 352 3533 404 1194

287 472 533 526 dicebam
565 470 643 526 eis
668 487 972 529 sermonem
1002 477 1400 546 evangelicum,
1436 480 1707 547 quomodo
1732 479 1867 533 dixit
1899 494 1939 538 Α
1970 478 2083 545 ipse
2109 477 2273 539 nosti,
2294 480 2346 529 in
2379 473 2616 530 secunda
2648 475 2713 528 ad
2746 472 3060 528 Corinthios
3086 471 3343 542 Epistula.
3374 471 3533 524 Addit

288 561 552 618 Dominus
577 573 760 619 noster
792 564 949 620 Jesus
980 566 1234 621 Christus
1264 592 1276 623 ε
1312 588 1330 619 ι
1361 568 1478 623 Non
1503 571 1623 624 veni
1654 572 1862 625 solvere

284 652 481 722 legem,
518 654 611 708 sed
645 655 937 724 adimplere
964 658 1029 710 ²¹.
1063 676 1081 709 ›
1113 657 1202 712 Ille
1239 675 1367 713 vero
1388 662 1482 723 ait,
1518 676 1859 730 nequaquam

286 759 414 798 eum
447 744 589 798 hunc
630 745 831 800 dixisse
874 762 1216 813 sermonem;
1252 766 1373 804 cum
1402 752 1544 804 enim
1572 752 1741 821 ipsam
1780 753 1861 804 in-

285 833 568 887 veniamus
592 850 714 887 eum
745 836 1031 892 resolvisse
1053 839 1246 907 legem,
1273 857 1493 896 neecsse
1522 852 1604 896 est
1632 858 1732 896 nos
1757 844 1861 899 hoc

285 927 465 994 potius
513 927 809 997 intelligere
855 930 999 998 quod
1049 929 1196 986 fecit.
1243 932 1441 987 Deinde
1485 934 1646 1002 coepit
1680 934 1860 990 dicere

286 1019 522 1088 plurima
550 1035 615 1072 ex
644 1020 777 1088 lege,
814 1022 981 1076 multa
1014 1025 1175 1077 etiam
1205 1026 1271 1078 de
1305 1024 1594 1094 Evangelio
1629 1037 1681 1079 et
1725 1042 1859 1095 apo-

284 1111 428 1165 stolo
455 1110 645 1177 Paulo,
675 1127 793 1180 quae
825 1113 926 1166 sibi
960 1114 1207 1168 videntur
1250 1131 1371 1170 esse
1410 1117 1707 1181 contraria,
1738 1132 1860 1186 qua:

281 1202 447 1256 etiam
484 1217 605 1255 cum
646 1201 840 1255 ﬁducia
875 1202 1081 1269 dicens,
1111 1206 1243 1258 nihil
1279 1206 1647 1274 pertimescit;
1695 1207 1857 1259 credo

282 1292 428 1361 quod
481 1292 674 1346 habeat
725 1294 1025 1362 adjutorem
1063 1297 1351 1349 draconem
1386 1297 1537 1349 illum
1573 1296 1665 1363 qui
1705 1297 1860 1351 nobis

284 1397 503 1450 semper
538 1381 794 1437 inimicus
824 1394 924 1437 est.
966 1384 1185 1439 Dicebat
1218 1400 1345 1454 ergo
1380 1386 1524 1455 quod
1556 1386 1627 1438 ibi
1662 1386 1860 1440 dixerit

282 1473 427 1527 Deus
460 1491 475 1527 :
504 1473 614 1544 Ego
643 1475 861 1529 divitem
902 1486 955 1530 et
996 1492 1287 1545 pauperem
1322 1479 1461 1531 facio
1485 1479 1558 1543 ²²;
1605 1479 1691 1533 hic
1731 1495 1857 1533 vero

281 1563 441 1620 Jesus
458 1567 644 1622 beatos
660 1567 859 1623 diceret
883 1572 1236 1638 pauperes";
1262 1570 1493 1624 addebat
1508 1572 1857 1639 ctiam,'quod

284 1674 449 1713 nemo
493 1662 666 1730 possit
709 1661 826 1730 ejus
868 1677 989 1715 esse
1033 1662 1355 1732 discipulus,
1386 1663 1492 1717 nisi
1522 1665 1859 1717 renuntiaret

282 1754 537 1807 omnibus
560 1769 684 1823 quae
708 1752 990 1808 haberet"
1018 1772 1032 1807 :
1058 1754 1129 1807 ibi
1154 1770 1279 1807 vero
1311 1754 1539 1825 Moyses,
1574 1764 1855 1823 argentum

282 1851 338 1896 et
358 1858 549 1895 aurum
576 1842 644 1895 ab
670 1841 936 1912 Aigyptiis
969 1859 1213 1907 sumens,
1241 1858 1364 1897 cum
1399 1844 1598 1912 populo
1628 1843 1853 1914 fugisset

280 1948 349 1986 ex
378 1932 611 2003 [Egypto
634 1933 708 1997 ²⁵;
738 1931 896 1986 Jesus
924 1943 1101 1987 autem
1127 1933 1259 1985 nihil
1288 1934 1515 2002 proximi
1540 1934 1854 1988 desideran-

280 2023 411 2076 dum
462 2040 582 2077 esse
627 2027 898 2094 praecepit.
956 2026 1157 2079 Deinde
1207 2024 1350 2092 quod
1393 2026 1480 2079 ille
1504 2027 1719 2081 oculum
1756 2042 1852 2095 pro

281 2117 462 2177 oculo,
499 2114 708 2168 dentem
740 2130 838 2184 pro
866 2116 1023 2169 dente
1052 2116 1103 2167 in
1132 2115 1244 2181 lege
1266 2115 1497 2168 cavisset
1519 2111 1747 2184 expendi
1775 2116 1850 2179 ²⁸;

280 2213 469 2259 noster
503 2220 630 2259 vero
663 2205 925 2259 Dominus
974 2207 1293 2275 percutienti
1350 2222 1510 2259 unam
1555 2207 1849 2271 maxillam,

277 2297 493 2368 juberet
521 2297 680 2350 etiam
709 2297 930 2350 alteram
963 2299 1251 2366 praeparari
1270 2298 1337 2350 ⁸⁷.
1366 2297 1520 2363 Quod
1546 2296 1618 2351 ibi
1642 2296 1851 2367 Moyses

280 2403 405 2441 eum
432 2388 521 2455 qui
546 2384 783 2439 Sabbato
809 2402 946 2456 opus
981 2386 1215 2454 fecisset,
1248 2396 1299 2442 et
1324 2403 1429 2441 non
1462 2389 1852 2456 permansisset

279 2477 335 2530 in
360 2477 613 2530 omnibus
635 2492 756 2545 quae
781 2478 979 2545 scripta
1013 2487 1143 2531 sunt
1172 2479 1226 2531 in
1254 2478 1389 2548 lege,
1434 2479 1614 2548 puniri
1648 2478 1853 2547 lapida-

279 2568 435 2636 rique
480 2569 819 2637 praecepit”,
877 2571 1019 2623 sicut
1066 2569 1267 2625 factum
1324 2581 1404 2625 est
1455 2572 1503 2624 ei
1546 2574 1637 2641 qui
1675 2571 1852 2624 adhuc

279 2658 541 2727 ignorans
578 2660 630 2713 in
670 2659 910 2731 Sabbato
941 2660 1140 2716 fascem
1172 2661 1302 2732 ligni
1328 2662 1650 2732 collegerat;
1690 2660 1851 2717 Iesus

278 2764 409 2803 vero
445 2750 497 2802 in
536 2749 770 2805 Sabbato
793 2753 952 2805 etiam
990 2752 1183 2808 lectum
1218 2763 1430 2824 portare
1461 2754 1712 2823 praecepit
1735 2771 1763 2807 a
1793 2770 1851 2809 se

280 2842 567 2906 curato";
605 2843 697 2897 sed
741 2854 793 2897 et
824 2845 1121 2913 discipulos
1156 2844 1210 2898 in
1256 2845 1343 2900 die
1390 2842 1608 2900 Sabbati
1654 2845 1849 2899 vellere

279 2936 458 3003 spicas
482 2935 527 2966 ³ο
550 2951 613 2989 ac
642 2936 893 2990 manibus
928 2935 1229 2992 eonfricare
1262 2954 1367 2993 non
1402 2940 1670 3008 prohibet,
1704 2938 1848 3007 quod

281 3026 534 3081 Sabbatis
559 3028 744 3096 utique
779 3043 887 3081 non
906 3028 1114 3083 licebat
1153 3029 1290 3083 fieri.
1324 3030 1390 3084 Et
1420 3032 1548 3100 quid
1585 3033 1732 3099 plura
1767 3031 1819 3083 di

280 3119 439 3173 eam?
492 3119 678 3171 multis
729 3127 784 3172 et
835 3120 1001 3173 variis
1043 3121 1439 3176 assertionibus
1473 3122 1846 3191 hujuscemodi
1877 3158 1920 3218 Ο

279 3214 529 3282 dogmata
572 3212 639 3265 ab
678 3226 742 3265 eo
784 3226 999 3265 summo
1041 3211 1162 3265 nisu
1206 3221 1367 3279 atque
1412 3226 1627 3266 summo
1670 3212 1850 3265 studio

280 3306 709 3359 affirmabantur.
736 3302 870 3358 Nam
899 3321 963 3357 ex
995 3303 1318 3358 auctoritate
1366 3304 1633 3373 Apostoli,
1675 3303 1848 3375 Moysi

281 3396 479 3465 legem,
506 3395 675 3464 legem
708 3410 829 3449 esse
865 3394 1053 3448 mortis
1084 3394 1382 3448 conabatur
1411 3411 1686 3460 asserere;
1720 3394 1847 3449 Jesu

283 3502 413 3541 vero
440 3487 629 3558 legem,
665 3487 835 3555 legem
866 3501 986 3541 esse
1020 3486 1161 3551 vitae,
1198 3502 1292 3555 per
1326 3485 1380 3540 id
1403 3487 1544 3555 quod
1576 3487 1651 3541 ait
1682 3504 1695 3540 :
1730 3504 1748 3537 ι
1790 3485 1848 3541 In

283 3593 394 3647 quo
423 3587 475 3631 et
507 3576 734 3632 idoneos
766 3592 866 3631 nos
900 3576 1063 3632 faciat
1094 3577 1234 3631 Deus
1267 3577 1379 3648 (I6)
1409 3579 1689 3633 ministros
1722 3579 1849 3633 novi

279 3670 612 3727 Testamenti
643 3683 751 3722 non
798 3668 996 3731 littera,
1026 3668 1120 3722 sed
1172 3667 1399 3737 Spiritu.
1455 3668 1655 3723 Littera
1703 3670 1847 3723 enim

279 3762 480 3816 occidit
503 3801 518 3823 ,
562 3760 805 3830 Spiritus
838 3772 1015 3815 autem
1046 3762 1302 3816 viviﬁcat.
1336 3760 1491 3827 Quod
1521 3761 1567 3815 si
1600 3761 1847 3816 ministeo

284 3853 422 3905 rium
451 3852 666 3917 mortis,
698 3853 753 3906 in
786 3852 981 3907 litteris
1009 3853 1298 3908 formatum
1336 3854 1391 3907 in
1422 3854 1690 3924 lapidibus
1716 3854 1849 3925 (I7),

285 3941 485 3997 factum
523 3951 605 3998 est
643 3943 695 3996 in
731 3943 923 4011 gloria,
971 3946 1044 3998 ita
1090 3954 1147 3998 ut
1178 3961 1285 3998 non
1316 3954 1537 4015 possent
1574 3946 1852 4000 intendere

284 4034 376 4088 lilii
412 4032 576 4089 Israel
625 4034 682 4088 in
732 4032 926 4088 faciem
957 4033 1126 4106 Moysi
1161 4048 1379 4106 propter
1407 4037 1633 4107 gloriam
1670 4038 1852 4092 vultus

280 4128 420 4197 ejus,
457 4145 577 4198 qua?
598 4128 900 4183 destruetur
928 4128 1041 4199 (18)
1066 4145 1080 4193 ;
1107 4131 1381 4197 quomodo
1412 4145 1518 4183 non
1554 4132 1724 4198 magis
1753 4131 1853 4183 mi-

283 4219 565 4274 nisterium
596 4219 831 4288 Spiritus
859 4219 961 4274 erit
996 4219 1050 4272 in
1097 4218 1302 4289 gloria?
1334 4218 1391 4272 Si
1428 4219 1570 4273 enim
1604 4220 1851 4274 ministe-

282 4313 423 4367 rium
449 4312 815 4366 damnationis
849 4310 1022 4380 gloria
1062 4318 1165 4375 est,
1197 4311 1369 4365 multo
1412 4310 1583 4379 magis
1609 4310 1853 4365 abunda-

281 4405 362 4459 bit
393 4404 755 4459 ministerium
804 4403 1031 4473 justitiae
1073 4404 1141 4458 ad
1187 4405 1437 4475 gloriam.
1485 4403 1673 4474 Neque
1704 4405 1850 4458 enim

1969 578 2147 620 autem
2171 582 2235 619 ex
2259 566 2431 634 prima
2460 563 2721 633 Epistola,
2749 572 2995 617 terrenos
3022 578 3141 616 esse
3170 562 3353 615 dicens
3372 561 3533 614 disci-

1967 657 2122 725 pulos
2156 658 2353 709 veteris
2382 654 2712 709 Testamenti
2747 667 2798 709 et
2840 654 3121 717 animales,
3165 664 3216 706 et
3251 654 3370 706 ideo
3414 668 3530 705 car-

1960 762 2084 800 nem
2105 756 2158 800 et
2176 747 2492 815 sanguinem
2518 760 2741 815 regnum
2767 743 2857 797 Dei
2878 743 3152 812 possidere
3171 758 3272 795 non
3291 741 3525 812 posse”.

1964 838 2148 907 Ipsum
2189 852 2407 906 quoque
2442 836 2665 891 Paulum
2698 852 2764 890 ex
2798 835 3014 905 propria
3045 851 3141 889 sua
3176 850 3408 903 persona
3442 835 3528 889 di-

1960 932 2118 985 cebat
2151 944 2394 984 asserere
2433 930 2484 983 id
2526 929 2671 998 quod
2719 930 2792 982 ait
2832 947 2845 981 :
2881 946 2899 978 ‹
2937 926 2991 981 Si
3022 943 3230 994 eaquae
3262 927 3523 987 destruxi.

1961 1023 2158 1075 iterum
2190 1022 2419 1085 :edilico,
2446 1021 2915 1090 praevaricatorem
2942 1035 3027 1073 me
3046 1020 3257 1073 :estimo
3277 1020 3340 1073 ³³.
3375 1038 3392 1071 ›
3424 1020 3527 1073 Sed

1961 1122 2014 1163 et
2040 1111 2170 1163 illud
2205 1111 2453 1164 eumdem
2492 1112 2668 1181 ipsum
2703 1110 3108 1165 evidentissime
3141 1112 3205 1165 de
3235 1111 3413 1165 carnis
3444 1128 3529 1165 rc-

1960 1204 2296 1257 surrectione
2319 1203 2545 1268 dixisse,
2575 1218 2681 1257 non
2713 1217 2833 1256 esse
2869 1201 3113 1256 Judaeum
3151 1204 3241 1272 qui
3270 1203 3322 1256 in
3357 1203 3529 1255 mani-

1962 1294 2100 1349 festo
2131 1303 2234 1359 est,
2266 1310 2443 1365 neque
2472 1310 2591 1364 quae
2622 1295 2674 1347 in
2708 1294 3019 1358 manifesto,
3052 1296 3105 1348 in
3137 1310 3298 1349 carne
3321 1304 3397 1349 est
3421 1296 3529 1349 cir-

1958 1386 2243 1451 cumcisio,
2298 1402 2473 1455 neque
2518 1388 2815 1441 secundum
2869 1388 3124 1452 litteram,
3170 1387 3337 1456 legem
3368 1387 3527 1454 quid-

1958 1494 2122 1547 quam
2147 1477 2398 1531 utilitatis
2425 1480 2655 1531 retinere
2678 1477 2740 1529 ³⁸.
2769 1478 2831 1530 Et
2852 1494 3068 1531 rursum
3092 1479 3235 1546 quod
3252 1478 3525 1531 Abraham

1961 1568 2121 1621 habet
2147 1568 2397 1637 gloriam,
2422 1565 2514 1621 sed
2545 1582 2650 1619 non
2674 1567 2812 1635 apud
2840 1567 3006 1620 Deum
3029 1567 3093 1619 ³⁸.
3125 1566 3525 1621 Tantummodo

1961 1659 2293 1726 agnitionem
2340 1658 2547 1727 peccati
2592 1674 2686 1727 per
2728 1658 2896 1728 legem
2944 1661 3058 1713 fieri
3085 1661 3148 1714 ³⁸.
3196 1660 3299 1713 Sed
3336 1670 3387 1714 et
3417 1662 3521 1713 alia

1960 1749 2148 1810 multa,
2182 1747 2281 1817 legi
2310 1749 2640 1809 obtrectans,
2674 1749 2965 1813 inserebat,
3003 1764 3067 1802 eo
3099 1751 3243 1819 quod
3285 1751 3367 1804 lex
3408 1752 3521 1820 ipsa

1888 1826 1927 1880 Π
1957 1847 2236 1905 peccatum
2283 1839 2373 1904 sit,
2407 1840 2460 1892 in
2497 1840 2697 1908 quibus
2732 1840 3005 1908 simplices
3044 1841 3267 1908 quique,
3310 1842 3522 1894 dicente

1954 1944 2037 1991 eo,
2074 1930 2445 1995 movebantur,
2464 1941 2516 1984 et
2545 1947 2716 2000 usque
2745 1932 2809 1985 ad
2833 1930 3093 1985 Joannem
3116 1933 3301 2001 igitur,
3325 1932 3520 1997 aiebat,

1955 2023 2038 2075 lex
2071 2031 2121 2075 et
2150 2022 2425 2091 propheta:
2445 2024 2509 2076 ³⁷.
2562 2023 2753 2076 Aiebat
2785 2032 2962 2076 autem
2994 2023 3256 2078 Joannem
3294 2042 3519 2097 regnum

1954 2115 2215 2168 caelorum
2248 2114 2573 2183 prmdicare;
2610 2130 2733 2167 nam
2773 2126 2825 2168 et
2862 2129 2958 2183 per
2992 2115 3383 2170 abscissionem
3409 2118 3519 2186 (19)

1954 2206 2141 2274 capitis
2163 2205 2281 2273 ejus
2308 2206 2409 2259 hoc
2434 2221 2554 2259 esse
2577 2206 2893 2271 indicatum,
2923 2206 3068 2275 quod
3096 2207 3349 2261 omnibus
3375 2209 3521 2277 prio~

1954 2298 2104 2351 ribus
2131 2306 2185 2350 et
2218 2297 2590 2365 superioribus
2619 2297 2737 2365 ejus
2768 2297 3049 2364 abscissis,
3080 2298 3381 2366 posteriora
3404 2299 3519 2352 sola

1952 2390 2214 2444 servanda
2246 2389 2372 2441 sint.
2399 2388 2479 2441 Ad
2503 2388 2615 2441 luec
2645 2389 2809 2457 igitur
2837 2389 3024 2454 nobis,
3053 2403 3085 2441 0
3117 2390 3520 2460 religiosissime

1952 2479 2237 2541 Archelae,
2266 2477 2455 2546 paucis
2482 2478 2754 2543 rescribe;
2790 2480 2971 2531 audivi
2997 2480 3141 2532 enim
3180 2495 3285 2533 non
3316 2482 3521 2535 medio—-

1952 2571 2114 2625 criter
2137 2569 2233 2624 tibi
2257 2584 2377 2623 esse
2408 2571 2461 2621 in
2487 2569 2686 2622 talibus
2718 2570 2993 2624 studium:
3024 2569 3116 2623 Dei
3141 2571 3285 2624 enim
3314 2571 3517 2625 donum

1951 2675 2053 2729 est,
2086 2664 2287 2717 idcirco
2318 2662 2462 2731 quod
2499 2661 2675 2729 dignis
2702 2673 2753 2715 et
2778 2663 2966 2716 amicis
2996 2665 3130 2728 suis,
3162 2663 3375 2733 sibique
3398 2680 3523 2734 pro-~

1951 2757 2112 2828 positi
2136 2754 2394 2809 societate
2419 2754 2748 2824 conjunctis,
2776 2753 2916 2809 Deus
2943 2757 3107 2811 donat
3134 2757 3245 2811 hzec
3272 2774 3518 2813 munera.

1952 2848 2208 2905 Nostrum
2245 2849 2389 2902 enim
2434 2858 2515 2903 est
2547 2850 2884 2918 propositum
2917 2864 3222 2918 przeparare
3253 2859 3304 2903 et
3335 2852 3519 2919 proxi-

1953 2959 2071 2997 mos
2106 2942 2218 2995 lieri
2251 2942 2496 3011 benignae
2518 2956 2580 2995 ac
2604 2939 2755 2993 diviti
2794 2942 2961 2993 menti
2988 2941 3132 3011 (‘10),
3173 2952 3225 2996 et
3259 2943 3521 2995 continuo

1952 3034 2020 3087 ab
2052 3047 2114 3086 ea
2163 3032 2468 3101 largissima
2515 3043 2740 3083 munera
2791 3032 3198 3100 consequimur.
3254 3033 3520 3097 Quoniam

1952 3140 2081 3194 ergo
2109 3126 2161 3177 in
2191 3125 2258 3179 iis
2287 3132 2413 3178 voto
2436 3131 2489 3177 et
2520 3124 2797 3191 proposito
2822 3140 2941 3179 meo
2971 3125 3240 3179 sermonis
3268 3141 3374 3177 non
3407 3124 3523 3177 suf-

1955 3218 2066 3272 ﬁcit
2096 3218 2332 3271 eruditio
2372 3217 2614 3277 (idiotam
2652 3216 2796 3269 enim
2829 3232 2914 3269 me
2954 3231 3075 3269 esse
3117 3217 3421 3281 conﬁteor),
3452 3217 3519 3269 ad

1952 3319 2003 3364 te
2029 3310 2177 3373 misi,
2203 3309 2345 3363 sicut
2370 3309 2569 3377 saepius
2597 3309 2731 3369 dixi,
2757 3308 3072 3378 quaestionis
3105 3308 3264 3376 hujus
3302 3309 3520 3361 solutio-

1950 3417 2073 3456 nem
2103 3400 2473 3471 plenissimam
2506 3412 2842 3470 recepturus.
2891 3398 3184 3452 Incolumis
3212 3399 3343 3452 mihi
3380 3408 3517 3463 esto,

1950 3493 2110 3547 Pater
2136 3493 2577 3560 incomparabilis
2610 3502 2665 3547 et
2702 3490 3059 3547 honorabilis.

2024 3582 2159 3638 XLI.
2200 3585 2430 3652 Accepta
2472 3585 2572 3638 hac
2612 3582 2857 3652 epistola,
2885 3580 3181 3635 Archelaus
3221 3580 3522 3634 admiratus

1950 3686 2033 3730 est
2056 3674 2294 3729 hominis
2323 3676 2639 3741 audaciam;
2681 3674 2772 3729 sed
2813 3674 3028 3727 interim
3068 3672 3286 3728 Diodori
3323 3672 3521 3745 allega—

1952 3767 2214 3830 tionibus,
2246 3777 2417 3820 utres
2478 3766 2740 3819 suadebat
2780 3766 2955 3819 celere
2997 3762 3128 3818 dare
3166 3779 3529 3833 responsum,

1953 3858 2217 3911 continuo
2248 3857 2465 3926 scripsit
2496 3856 2599 3911 hoc
2634 3857 2815 3909 modo.

2009 3965 2319 4004 ARCHELAUS
2350 3964 2580 4003 DIODORO
2608 3963 2947 4002 PRESBYTERO
2976 3963 3118 4002 FILIO
3148 3963 3466 4003 HONORABILI

2526 4054 2770 4093 sumsit
2803 4040 2937 4110 (9.1).

2021 4128 2275 4197 Acceptis
2303 4128 2496 4182 litteris
2528 4130 2654 4195 tuis,
2682 4129 2833 4182 valde
2863 4129 3084 4199 gavisus
3110 4145 3253 4194 sum,
3282 4129 3523 4185 dilectis-

1953 4219 2109 4275 sime.
2159 4219 2399 4289 Cognovi
2449 4229 2630 4273 autem
2683 4220 2826 4289 quod
2869 4219 2953 4272 vir
2997 4220 3097 4274 iste
3138 4221 3227 4290 qui
3265 4230 3387 4274 ante
3423 4220 3522 4276 hos

1952 4315 2070 4370 dies
2099 4314 2165 4369 ad
2194 4330 2280 4369 me
2308 4323 2551 4381 venerat,
2586 4322 2640 4369 et
2665 4311 2947 4367 scientiam
2978 4314 3139 4367 aliam
3177 4324 3370 4384 prazter
3400 4330 3521 4368 eam

1955 4420 2078 4475 qua:
2103 4404 2403 4474 apostolica
2432 4413 2517 4458 est
2540 4413 2593 4457 et
2625 4400 3015 4470 ecclesiastica,
3050 4405 3393 4460 introducere
3427 4422 3525 4460 cu-
3615 4432 3621 4437 -

280 4495 637 4567 glorificatum
667 4503 770 4561 est,
795 4496 939 4565 quod
970 4495 1264 4566 gloriosum
1304 4496 1509 4551 factum
1548 4505 1630 4551 est
1662 4497 1714 4549 in
1750 4497 1853 4550 hac
1883 4490 1929 4549 D
1956 4496 2155 4566 piebat,
2196 4495 2265 4550 ad
2307 4504 2360 4551 te
2401 4510 2621 4565 quoque
2669 4497 2917 4565 venerit;
2958 4513 3119 4566 quem
3163 4497 3379 4566 quidem
3421 4512 3529 4567 ego

278 4596 452 4658 parte,
487 4597 705 4657 propter
735 4603 855 4643 eam
905 4604 1027 4659 quae
1089 4587 1451 4658 supereminet
1501 4587 1724 4659 gloriam
1755 4605 1769 4639 :
1803 4587 1849 4641 si

277 4679 424 4734 enim
451 4678 597 4749 quod
630 4681 939 4735 destruetur
967 4695 1061 4749 per
1088 4680 1313 4747 gloriam
1349 4690 1451 4745 est,
1482 4680 1652 4735 multo
1678 4678 1851 4747 magis

278 4770 425 4841 quod
456 4780 659 4838 manet,
690 4772 742 4826 in
771 4772 942 4843 gloria
966 4782 1050 4827 est
1073 4772 1138 4826 ³⁸.
1171 4791 1189 4823 ι
1212 4772 1315 4827 Sed
1339 4774 1443 4827 hoc
1463 4772 1681 4841 quidem
1710 4770 1854 4825 sicut

1956 4600 2064 4640 non
2111 4584 2331 4650 admisi,
2375 4584 2428 4638 in
2464 4584 2715 4656 prasenti
2746 4588 2891 4640 enim
2935 4587 3093 4641 nobis
3122 4586 3530 4655 disputantibus

1953 4676 2265 4733 confutatus
2309 4686 2412 4731 est.
2458 4677 2522 4733 Et
2552 4680 2712 4734 velim
2739 4680 2955 4750 quidem
3000 4678 3181 4731 omnia
3228 4693 3349 4747 qua:
3377 4693 3407 4730 a
3436 4692 3527 4731 me

1953 4769 2097 4824 dicta
2122 4779 2269 4833 sunt,
2300 4771 2539 4826 scribere
2569 4772 2684 4838 tibi,
2720 4781 2777 4825 ut
2805 4786 2873 4824 ex
2898 4769 2982 4824 his
3011 4784 3332 4838 agnosceres
3362 4769 3522 4823 fidem

350 4890 391 4920 "
423 4887 607 4944 Matth.
638 4905 691 4952 v,
728 4890 808 4943 l7.
857 4891 901 4920 ²²
924 4888 1082 4944 Prov.
1112 4865 1332 4955 ΧΧιιξίὶ.
1399 4891 1444 4921 ’³
1474 4889 1662 4943 Matth.
1697 4905 1751 4953 v,
1783 4889 1836 4942 5.

1976 4887 2107 4942 Luc.
2134 4904 2246 4953 xtv,
2278 4888 2367 4942 '53.
2443 4889 2488 4920 ’³
2522 4888 2690 4941 Exod.
2719 4903 2815 4948 χιι,
2850 4887 2939 4940 55.
3015 4885 3059 4915 ¹⁶
3092 4886 3262 4941 Exod.
3289 4902 3402 4951 xxi,
3427 4886 3518 4941 24.

279 4959 325 4990 "’
349 4959 481 5014 Luc.
518 4975 587 5022 vt,
620 4961 709 5014 ‘29.
786 4961 830 4991 ’⁸
870 4959 1027 5014 Num.
1063 4976 1150 5023 xv,
1186 4962 1272 5014 52.

277 5027 327 5061 ³³
354 5028 471 5085 Gal.
502 5044 562 5088 ιι.
590 5030 675 5084 18.
784 5029 828 5061 ³⁸
855 5029 1013 5083 Rom.
1051 5046 1110 5095 ll,
1141 5030 1230 5085 9.8.

355 5149 463 5221 (16)
505 5149 756 5219 Vulgata,
800 5168 819 5201 ι
870 5150 994 5209 fecit
1025 5149 1189 5217 Deus,
1228 5170 1247 5203 ›
1282 5152 1425 5222 quod
1462 5153 1633 5223 magis
1663 5150 1852 5207 Grteco

281 5222 450 5275 textui
486 5236 783 5275 consonum
812 5232 914 5275 est.

354 5291 465 5361 (l7)
506 5288 770 5360 Vulgata;
814 5310 831 5341 ‹
874 5290 1197 5345 Ministratio
1261 5291 1474 5353 mortis,
1520 5291 1713 5345 litteris
1755 5292 1851 5344 de-

282 5360 515 5414 formata
543 5362 595 5413 in
630 5361 935 5429 lapidibus;
972 5380 989 5410 ι
1026 5362 1119 5414 sed
1152 5364 1324 5416 nostri
1361 5362 1669 5430 interpretis
1695 5363 1852 5415 lectio

284 5431 455 5500 magis
490 5430 557 5484 ad
588 5446 808 5485 sensum
844 5430 1018 5486 Graeci
1064 5446 1172 5500 quo
1203 5448 1349 5485 nunc
1396 5432 1624 5497 utimur,
1672 5441 1852 5486 textus

284 5500 511 5555 accedit.
971 5528 974 5531 -

356 5570 466 5640 (l8)
510 5568 647 5640 Infra
684 5586 803 5639 cap.
840 5571 910 5624 42
936 5570 1118 5632 habet,
1160 5590 1179 5623 ι
1209 5570 1477 5625 aboletur.
1519 5589 1537 5622 ι

357 5638 467 5710 (19)
508 5638 567 5695 lu
620 5638 924 5704 Casinensi,
989 5660 1007 5691 ‹
1064 5658 1185 5695 nam
1246 5650 1299 5695 et
1360 5642 1770 5697 abscissionem.
1825 5658 1843 5689 ι

285 5712 515 5775 omissa,
557 5720 617 5764 ut
648 5720 811 5780 patet,
842 5712 1225 5780 prtepositione
1260 5730 1278 5761 ι
1319 5726 1434 5781 per.
1468 5732 1485 5764 ›
1529 5710 1632 5766 Sed
1662 5722 1715 5765 et
1748 5710 1849 5779 legi

286 5790 481 5848 potest,
522 5798 540 5832 σ
574 5782 926 5836 abscissione.
969 5800 985 5832 ι

1351 4961 1394 4992 ²⁹
1428 4959 1590 5013 Marc.
1629 4975 1689 5022 ll,
1729 4960 1816 5013 11.

1309 5031 1353 5061 ³⁸
1392 5029 1547 5083 Rom.
1583 5046 1655 5096 tv,
1682 5030 1738 5083 ‘2.

1890 4958 1932 4990 ³ο
1967 4958 2099 5014 Luc.
2144 4974 2218 5022 vt,
2260 4959 2309 5010 I.

1840 5028 1885 5059 “
1934 5028 2091 5083 Rom.
2137 5043 2221 5092 Ill,
2266 5026 2356 5081 20.

2386 4958 2432 4989 “
2459 4958 2501 5010 ll
2523 4958 2649 5011 Cor.
2698 4974 2777 5015 ιιι.
2810 4957 2959 5009 6-11.
3027 4956 3070 4986 ³²
3105 4956 3123 5008 I
3154 4957 3280 5011 Cor.
3312 4972 3400 5019 xv,
3430 4956 3519 5012 50.

2459 5029 2501 5059 ³⁷
2532 5027 2688 5082 Joan.
2725 5044 2761 5093 ι,
2784 5027 2873 5081 ‘29.

2028 5147 2138 5218 (20)
2180 5148 2238 5200 In
2296 5146 2583 5201 Casinensi
2632 5145 3076 5218 codicehlegitur,
3131 5160 3156 5218 r
3191 5150 3522 5218 praepararet

1956 5211 2236 5290 proximus
2266 5218 2376 5271 tieri
2410 5218 2781 5290 benignaaliac
2813 5211 2964 5290 diviti
2994 5211 3233 5290 menti.»
3267 5212 3333 5290 Et
3357 5211 3518 5290 infra,

1962 5283 1981 5340 ἓ
2018 5289 2241 5361 idiotam
2265 5302 2350 5361 me
2378 5302 2499 5340 esse
2531 5283 2812 5342 contiteor.
2854 5306 2871 5337 ι
2902 5284 3004 5339 Sed
3030 5283 3101 5361 ita
3123 5283 3519 5361 emendandum

1954 5375 2096 5421 esse,
2148 5357 2226 5409 uti
2259 5356 2464 5411 editum
2497 5366 2598 5422 est,
2644 5372 2827 5423 nemo,
2880 5366 2939 5411 ut
2982 5352 3257 5416 arbitror,
3308 5352 3522 5407 inficias

1955 5429 2130 5483 iverit.

2027 5500 2137 5567 (2t)
2160 5498 2310 5553 Hanc
2328 5497 2576 5551 Arcltelai
2592 5497 2898 5570 epistolam,
2916 5511 3038 5570 cum
3063 5490 3521 5570 subsequentibus

1960 5562 2235 5624 nonnullis
2269 5583 2441 5641 usque
2458 5562 2722 5641 adcaput
2750 5566 3002 5641 {ilibujus
3030 5568 3207 5641 operis
3230 5562 3397 5641 edidit
3424 5576 3521 5641 pa-
3618 5600 3627 5627 ,

1961 5641 2092 5692 riter
2137 5654 2199 5693 ex
2230 5631 2414 5693 codice
2456 5631 2708 5693 Bobiensi
2752 5631 3014 5702 Valesius,
3049 5631 3205 5706 cujus
3237 5632 3414 5686 varias
3442 5631 3531 5684 lca
3616 5679 3623 5682 .

1961 5710 2168 5764 ctiones
2196 5710 2539 5763 adnotamus.
