3922 6482
451 279 586 334 H95
645 307 652 318 κ

1461 277 1642 332 ACTA
1681 276 2204 334 DlSPUTATlONlS
2249 277 2304 333 S.
2347 275 2696 334 ARCHELAI

3571 278 3714 334 H96

445 397 596 466 ejus;
624 395 717 450 sed
743 397 871 465 quia
897 396 964 451 de
987 397 1200 452 vacanti
1229 395 1340 450 ﬁeri
1371 396 1564 466 poterit
1589 397 1700 467 (22)
1723 398 1848 463 hoc,
1878 413 2022 452 nunc
2053 405 2094 459 Α
2125 398 2201 452 lta
2239 398 2370 452 mihi
2405 397 2809 468 intelligendum
2833 405 2916 451 est
2943 395 3294 466 magnificum
3315 393 3410 448 Dei
3437 393 3710 448 famulum

445 486 592 555 quod
643 485 828 552 instat,
878 487 1066 555 paucis
1121 485 1450 554 respondere
1499 487 1592 540 tibi
1641 486 2016 541 necessarium

446 577 599 638 duxi,
631 577 697 631 ad
729 591 790 630 ea
829 593 949 648 quae
993 576 1126 631 mihi
1172 576 1439 646 scripsisti
1473 576 1619 646 quod
1648 577 1716 630 ab
1751 577 1844 630 illo
1874 577 2018 632 dice—

445 677 655 723 rentur.
689 666 818 722 Erat
848 682 978 738 ergo
1010 668 1060 722 ei
1095 683 1371 722 summum
1402 669 1641 724 studium
1678 667 1813 740 (25),
1845 669 2017 739 legem

443 759 615 831 Moysi
648 760 935 815 ostendere
959 775 1064 814 non
1088 775 1206 814 esse
1233 769 1624 815 consonantem
1651 760 1750 832 legi
1779 759 2018 825 Christi;

435 849 496 906 et
531 852 645 907 haec
687 869 752 906 ex
794 851 998 926 nostris
1045 849 1344 922 Scripturis
1388 867 1702 908 asseverare
1756 853 2019 907 tentabat.

443 943 555 998 Nos
587 959 718 998 vero
743 959 808 998 ex
843 944 1032 999 eadem
1061 943 1176 1013 ipsa
1203 943 1482 1014 Scriptura
1521 961 1626 997 non
1668 944 1845 1000 solum
1892 961 2023 999 con-

441 1035 783 1090 ﬁrmavimus
813 1036 982 1106 legem
1009 1036 1204 1108 Moysi,
1227 1047 1280 1090 et
1301 1037 1484 1089 omnia
1509 1052 1630 1106 quae
1657 1037 1709 1090 in
1735 1053 1796 1090 ea
1822 1037 2022 1106 scripta

442 1139 602 1194 sunt;
635 1143 824 1182 verum
847 1129 1008 1183 etiam
1029 1145 1188 1184 omne
1211 1138 1366 1184 vetus
1391 1127 1799 1185 Testamentum
1824 1147 2024 1186 conve-

441 1220 560 1273 nire
609 1236 752 1274 novo
799 1220 1148 1276 Testamento
1180 1231 1232 1276 et
1285 1237 1588 1277 consonare
1641 1223 2019 1291 probavimus,

440 1327 720 1380 unumque
737 1328 855 1366 esse
870 1321 1099 1368 textum.
1123 1322 1380 1384 tanquam
1399 1315 1444 1368 si
1468 1329 1572 1368 una
1593 1313 1758 1367 vestis
1775 1313 2024 1366 videatur

437 1417 506 1456 ex
531 1404 870 1474 subtegmine
896 1404 1008 1474 (24)
1033 1415 1193 1475 atque
1209 1406 1441 1460 stamine
1467 1421 1588 1460 esse
1612 1414 1882 1460 contexta.
1911 1404 2024 1460 Hoc

441 1497 646 1562 Solum,
674 1498 820 1566 quod
847 1497 1010 1551 veluti
1035 1511 1332 1566 purpuram
1358 1497 1606 1552 videmus
1641 1499 1696 1550 in
1727 1507 1897 1562 veste,
1925 1513 2020 1552 no-

437 1603 566 1642 vum
587 1589 994 1644 Testamentum
1017 1589 1070 1641 in
1095 1599 1308 1643 textura
1325 1589 1436 1660 (25)
1455 1590 1652 1644 veteris
1667 1588 2022 1655 Testamenti;

439 1681 667 1748 gloriam
702 1681 848 1736 enim
901 1680 1116 1736 Domini
1165 1683 1220 1734 in
1275 1681 1464 1736 eodem
1514 1683 1861 1751 speculamur
1887 1681 2019 1752 (26).

2126 489 2344 560 Moysen
2398 490 2670 544 invenisse
2693 487 2805 558 (59)
2843 488 3102 558 populum
3141 488 3398 542 afﬂictum
3435 487 3506 540 ab
3537 485 3712 558 Ᾱὶςγ-

2123 582 2271 651 ptiis,
2321 595 2484 650 quem
2537 591 2878 650 assumptum
2923 580 3199 634 nutriebat
3239 581 3292 634 in
3327 579 3546 634 deserto
3587 589 3710 632 tan-

2123 687 2286 742 quam
2311 679 2483 741 pater,
2515 671 2742 726 docebat
2773 679 2830 724 ut
2861 671 3140 740 magister,
3167 671 3388 740 regebat
3417 679 3476 724 ut
3503 679 3708 724 rector.

2121 762 2478 818 Conservavit
2509 762 2790 832 populum,
2836 777 3122 832 usquequo
3151 762 3362 816 veniret
3397 761 3560 829 cujus
3583 771 3708 826 est;

2121 864 2175 908 et
2205 863 2328 924 post
2352 855 2692 924 aliquantum
2725 863 2938 924 tempus
2967 853 3262 908 adveniens
3288 863 3446 923 pater
3469 869 3602 907 oves
3627 869 3712 906 re-

2123 947 2262 1015 cepit
2289 945 2424 1016 (40).
2453 943 2644 1000 Nonne
2671 961 2765 1015 per
2793 946 2976 1000 omnia
3007 945 3368 999 honorabitur
3393 945 3618 1013 quidem
3643 944 3710 1000 ab

2123 1053 2188 1092 eo
2218 1039 2310 1107 qui
2345 1039 2566 1092 tradidit
2596 1053 2848 1108 gregem;
2887 1037 3205 1107 gloriabitur
3241 1053 3370 1091 vero
3403 1039 3475 1090 ab
3517 1037 3586 1092 iis
3619 1039 3708 1105 qui

2125 1130 2193 1183 ah
2225 1145 2290 1184 eo
2325 1130 2632 1184 conservati
2671 1129 2832 1184 sunt?
2857 1127 2992 1194 Quis
3021 1129 3183 1199 igitur
3213 1129 3286 1182 ita
3317 1129 3526 1182 mentis
3559 1130 3710 1182 insa-

2124 1237 2208 1275 na:
2239 1229 2342 1286 est,
2374 1237 2406 1275 ο
2430 1222 2784 1276 dilectissime
2815 1219 3071 1284 Diodore,
3102 1231 3156 1273 ut
3179 1219 3392 1274 alienos
3421 1236 3452 1272 a
3477 1235 3539 1274 se
3567 1219 3712 1274 dicat

2123 1327 2218 1364 eos
2243 1315 2336 1380 qui
2369 1310 2507 1364 inter
2542 1325 2600 1364 se
2629 1309 2905 1380 conjuncti
2943 1319 3092 1374 sunt,
3124 1311 3216 1378 qui
3251 1325 3350 1379 pro
3381 1325 3442 1364 se
3475 1311 3712 1366 invicem

2123 1403 2538 1472 prophetarum,
2577 1401 2670 1470 qui
2701 1401 2932 1472 aequalia
2961 1409 3016 1454 el
3047 1401 3148 1454 sibi
3178 1401 3380 1456 similia
3417 1411 3588 1470 atque
3625 1417 3716 1456 co-

2125 1491 2434 1562 gnita(/t-l),
2486 1492 2598 1546 imo
2632 1492 2813 1561 potius
2849 1507 3107 1560 germana
3145 1491 3300 1560 signa
3347 1507 3416 1546 ac
3465 1493 3714 1562 prodigia

2125 1583 2604 1639 demonstrarunt?
2637 1595 2689 1638 et
2723 1585 2900 1654 primo
2939 1583 3158 1654 quidem
3189 1583 3404 1655 Moyses
3435 1585 3508 1638 ad
3543 1601 3716 1654 popa-

2125 1675 2236 1730 lum
2268 1676 2444 1730 dixit:
2490 1695 2508 1727 ι
2543 1675 2870 1746 PrOphetam
2917 1678 3073 1731 vobis
3119 1677 3402 1732 suscitabit
3443 1677 3714 1734 Dominus

437 1771 558 1826 Non
592 1789 723 1842 ergo
751 1773 1115 1841 ahjiciendum
1145 1779 1229 1828 est
1253 1773 1531 1842 speculum
1554 1773 1686 1844 (27),
1714 1789 1836 1828 cum
1863 1773 2021 1828 nobis
2054 1759 2092 1812 Β
2124 1765 2267 1820 Deus
2293 1777 2480 1822 noster
2512 1769 2653 1822 sicut
2681 1784 2768 1823 me
2787 1769 2852 1822 ³⁸.
2889 1768 3051 1823 Jesus
3087 1767 3280 1823 deinde
3309 1769 3388 1822 ait
3417 1789 3430 1824 :
3467 1791 3488 1821 ι
3533 1771 3608 1826 De
3633 1788 3714 1828 me

442 1865 619 1932 ipsam
651 1865 942 1932 imaginem
975 1879 1158 1919 rerum
1195 1865 1429 1919 similem
1474 1879 1764 1934 veramque
1795 1865 2020 1919 demon-

439 1962 574 2007 stret
597 1951 743 2024 (28);
777 1954 908 2022 quin
963 1955 1144 2024 potius
1172 1963 1226 2010 et
1257 1971 1324 2010 eo
1365 1955 1601 2024 amplius
1635 1955 2016 2010 honorandum

437 2053 539 2098 est.
571 2041 676 2098 Sed
709 2051 760 2098 et
793 2059 1022 2114 puerum
1055 2047 1148 2115 qui
1173 2045 1240 2100 ad
1268 2046 1522 2101 doctores
1550 2063 1576 2100 a
1599 2045 2017 2118 pzedagogo(29)

439 2136 778 2202 perducitur,
813 2153 938 2191 cum
975 2137 1153 2192 adhuc
1187 2140 1448 2208 parvulus
1474 2147 1577 2204 est,
1616 2139 1861 2210 nunquid
1893 2155 2016 2194 cum

437 2227 503 2280 ad
535 2235 746 2282 {etatem
778 2229 1105 2298 pervenerit,
1140 2229 1478 2286 dehonorare
1512 2231 1625 2302 (50)
1661 2239 1880 2301 oportet
1911 2247 2019 2300 p:e-

435 2319 730 2388 dagogum,
763 2329 1044 2388 propterea
1071 2321 1214 2390 quod
1244 2321 1356 2390 jam
1391 2339 1555 2391 Opera
1587 2323 1706 2392 ejus
1736 2339 1844 2377 non
1879 2321 2021 2376 indi-

437 2409 682 2479 gct(31),
709 2421 762 2464 et
791 2420 966 2480 potest
987 2411 1138 2466 solus
1161 2413 1273 2480 jam
1307 2416 1422 2468 sine
1450 2415 1570 2484 ejus
1593 2415 1926 2468 adminiculo
1950 2414 2016 2468 ad

437 2501 654 2556 scholas
693 2517 918 2572 pergere
951 2514 1114 2574 atque
1141 2505 1206 2559 ad
1238 2506 1508 2560 auditoria
1547 2506 1876 2576 properare?
1911 2508 2020 2559 Aut

437 2609 662 2648 rursum
697 2595 812 2664 (52)
857 2598 1118 2665 parvulus
1161 2599 1254 2668 qui
1298 2599 1436 2653 lacte
1487 2599 1724 2654 nutritus
1757 2611 1860 2664 est,
1895 2617 2018 2655 cum

435 2687 730 2752 profecerit
753 2688 818 2741 ad
849 2689 1140 2743 validiores
1162 2689 1334 2755 cibos,
1360 2707 1484 2745 cum
1515 2689 1714 2761 injuria
1741 2691 1899 2746 debet
1925 2693 2022 2746 ab--

431 2777 603 2846 jieere
631 2788 795 2848 atque
829 2781 1220 2836 exhorrescere
1263 2783 1494 2838 nutricis
1539 2783 1850 2838 mamillas?
1888 2783 2018 2852 quin

437 2870 620 2937 potius
642 2881 932 2925 veneratur
954 2873 1180 2938 ct'colit,
1206 2881 1260 2927 et
1287 2873 1532 2928 beneficii
1559 2874 1642 2929 sui
1667 2874 1882 2929 debitor
1905 2874 2018 2945 (55)

432 2961 652 3018 fatetur.
707 2963 864 3028 Aliud
915 2965 1102 3031 etiam,
1158 2965 1204 3021 si
1259 2967 1496 3032 videtur,
1540 2967 1866 3022 adhibemus
1905 2969 2019 3038 (54)

433 3056 765 3124 exemplum.
797 3055 970 3110 Homo
1003 3059 1224 3127 quidam
1257 3059 1557 3128 projectum
1591 3059 1644 3112 in
1671 3069 1870 3114 terram
1893 3075 2016 3115 cum

2122 1857 2266 1911 enim
2299 1851 2511 1930 Moyses
2556 1859 2772 1913 locutus
2816 1869 2900 1913 est
2922 1860 2986 1912 θ’.
3019 1879 3038 1911 ι
3091 1857 3249 1914 Vides
3285 1859 3403 1932 (42)
3433 1867 3714 1931 quomodo
3759 1893 3764 1900 -

2121 1945 2371 2002 dexteras
2423 1947 2524 2002 sibi
2577 1948 2804 2002 invicem
2854 1948 3096 2014 tradunt,
3127 1951 3378 2018 quamvis
3409 1953 3532 2023 (45)
3585 1955 3714 2010 alter

2121 2039 2407 2108 propheta,
2447 2039 2586 2094 alter
2615 2056 2743 2094 vero
2776 2039 2948 2098 Filius
2984 2043 3054 2096 sit
3093 2043 3362 2108 dilectus;
3411 2045 3556 2098 alter
3583 2047 3712 2104 iide-

2121 2129 2189 2182 lis
2225 2127 2487 2194 famulus,
2514 2129 2654 2184 alter
2681 2147 2810 2186 vero
2836 2131 3102 2187 Dominus
3131 2145 3488 2202 agnoscatur.
3531 2137 3640 2192 Sed
3663 2149 3716 2196 et

2121 2221 2398 2292 quondam
2441 2223 2630 2278 volens
2676 2225 2800 2294 quis
2842 2226 2962 2280 sine
3003 2225 3296 2297 paadagogo
3329 2227 3412 2282 ire
3453 2231 3524 2282 ad
3559 2233 3718 2286 scho-

2121 2315 2222 2382 las,
2257 2331 2365 2368 non
2415 2315 2717 2386 suscipitur
2745 2331 2778 2370 a
2821 2317 3082 2386 magistro
3132 2319 3380 2375 dicente:
3417 2319 3546 2376 Non
3591 2341 3714 2378 eum

2121 2405 2441 2476 suscipiam,
2475 2407 2584 2460 nisi
2627 2407 2896 2477 acceperit
2925 2409 3299 2480 paedagOgum.
3329 2409 3474 2476 Quis
3507 2413 3584 2466 sit
3617 2429 3714 2466 au-

2123 2507 2228 2553 tem
2256 2499 2323 2554 de
2365 2515 2475 2570 quo
2504 2499 2726 2566 dicitur,
2763 2500 3000 2556 breviter
3043 2517 3336 2572 exponam.
3379 2502 3565 2558 llmno
3599 2507 3718 2575 qui-

2120 2593 2246 2647 dam
2277 2603 2394 2647 erat
2421 2593 2572 2648 dives
2599 2593 2667 2658 ⁸⁸,
2693 2595 2964 2664 gentiliter
2999 2595 3208 2662 vivens,
3236 2598 3292 2652 in
3335 2598 3519 2652 multa
3553 2597 3704 2652 luxu-

2121 2683 2202 2738 ria
2239 2683 2480 2753 quotidie
2510 2684 2746 2756 degens;
2777 2685 2919 2740 alius
2953 2701 3082 2740 vero
3113 2703 3318 2757 pauper
3353 2699 3480 2742 erat
3505 2691 3718 2746 vicinus

2121 2774 2262 2844 ejus,
2287 2774 2379 2843 qui
2407 2789 2474 2828 ne
2495 2773 2876 2844 quotidianum
2902 2775 3122 2844 quidem
3147 2777 3331 2832 cibum
3359 2789 3586 2848 poterat
3609 2779 3718 2852 (μ)

2121 2867 2390 2922 invenire.
2425 2867 2638 2922 Accidit
2671 2877 2968 2938 utrumque
3001 2869 3112 2923 vita
3139 2870 3428 2925 discedere
3459 2883 3516 2926 et
3545 2874 3602 2926 in
3631 2873 3716 2926 iu-

2121 2957 2332 3012 feruum
2359 2957 2709 3022 descendere,
2758 2967 2810 3014 et
2833 2974 3122 3028 pauperem
3147 2961 3286 3014 mitti
3315 2961 3369 3015 in
3403 2963 3596 3017 locum
3629 2980 3714 3018 reo

2123 3049 2292 3118 quiei,
2322 3057 2376 3102 ct
2393 3047 2599 3120 reliqua
2617 3063 2738 3118 qua:
2755 3049 2916 3103 nosti.
2939 3047 3326 3104 Verumtamen
3345 3061 3516 3106 erant.
3529 3054 3712 3110 (“vitis

433 3150 662 3204 vidisset
689 3149 976 3212 infantem,
1000 3159 1052 3206 et
1076 3151 1190 3220 jam
1223 3152 1570 3206 vehementer
1594 3149 1876 3216 amictum,
1907 3153 2016 3206 col-

2131 3140 2323 3196 fratres
2347 3141 2688 3210 quinque,ea
2715 3157 2837 3210 quae
2861 3150 2914 3196 et
2940 3139 3056 3210 ipse
3080 3153 3288 3212 egerat,
3314 3157 3550 3214 agentes
3579 3149 3712 3217 ($5),

431 3241 562 3312 legit
599 3257 724 3297 eum
760 3251 813 3298 et
845 3244 1056 3299 nutrire
1091 3243 1232 3314 apud
1271 3260 1329 3300 se
1361 3245 1526 3314 coapit
1561 3245 1696 3316 (55),
1730 3261 2018 3317 usquequo

434 3333 502 3386 ad
557 3341 770 3388 aetatem
825 3335 1209 3390 adolescentiae
1261 3336 1590 3404 perveniret,
1657 3337 2020 3406 toleravitque

435 3439 630 3478 omnes
657 3425 750 3494 qui
786 3426 1005 3480 evenire
1032 3428 1211 3480 solent
1244 3426 1609 3482 nutritOribus
1637 3427 1850 3482 labores
1881 3427 2016 3498 (56).

431 3517 656 3572 Accedit
683 3534 813 3572 vero
847 3529 974 3588 post
1003 3527 1218 3588 tempus
1253 3521 1299 3574 is
1338 3520 1430 3589 qui
1461 3521 1730 3574 naturalis
1757 3520 1806 3574 ei
1843 3519 2020 3576 fuerat

431 3619 607 3678 pater,
634 3611 911 3678 requirere
945 3626 1195 3676 puerum,
1221 3618 1275 3664 et
1304 3611 1508 3665 invenit
1535 3625 1660 3665 eum
1691 3610 1828 3680 apud
1859 3612 2012 3666 illum

433 3699 528 3766 qui
565 3700 832 3752 nutrierat
859 3699 994 3769 ('57).
1033 3697 1173 3764 Quid
1205 3699 1368 3753 faciat
1413 3701 1500 3753 hic
1537 3715 1695 3769 puer,
1735 3709 1886 3769 patre
1919 3716 2014 3755 co-

433 3789 620 3857 gnito?
653 3791 720 3844 de
749 3791 901 3860 justo
927 3792 1072 3846 enim
1109 3807 1279 3862 puero
1313 3791 1446 3846 mihi
1480 3806 1663 3846 sermo
1690 3800 1793 3846 est.
1825 3789 2018 3848 Nonne

433 3879 623 3934 multis
650 3879 812 3935 donis
840 3891 1125 3936 munerato
1153 3898 1217 3938 eo
1241 3883 1334 3952 qui
1362 3897 1420 3936 se
1450 3881 1800 3946 educaverat,
1833 3883 2017 3952 sequi-

434 3981 523 4025 tur
546 3973 848 4028 naturalem
873 3983 1080 4043 patrem
1109 3991 1208 4046 pro
1233 3987 1480 4046 respectu
1509 3977 1622 4046 (58)
1654 3977 2020 4031 Ιιαξιδριιίιειίεἳ

504 4105 549 4136 ³⁸
585 4103 738 4160 Deut.
773 4123 924 4174 xvm,
961 4109 1046 4164 18.
1126 4109 1169 4142 ⁸³
1205 4109 1360 4164 Joau.
1389 4128 1442 4176 v,
1472 4111 1560 4165 46.

510 4245 622 4319 (22.)
663 4247 796 4319 βοά.
831 4249 1137 4319 Dobiensis,
1181 4269 1199 4300 ε
1227 4251 1344 4304 fieri
1379 4259 1576 4319 potest.

505 4313 616 4383 (25)
653 4317 784 4372 Cod.
825 4313 1133 4384 Bobiensis,
1169 4339 1184 4370 ι
1223 4313 1394 4373 ειηιηῖ
1419 4323 1681 4378 studium.
1721 4341 1740 4374 ι

506 4385 619 4456 (24)
657 4385 726 4460 llr
742 4387 1024 4460 Gasinensi
1055 4400 1158 4451 est,
1189 4409 1206 4439 ε
1240 4405 1306 4442 ex
1333 4391 1656 4456 subtemine,
1681 4403 1732 4447 et
1759 4409 1879 4460 qua:
1900 4404 2013 4448 sta-

433 4457 601 4510 mine.
641 4477 658 4508 ι
695 4457 798 4512 Sed
823 4475 921 4513 nos
944 4458 1227 4514 Bobiensis
1257 4461 1378 4514 cod.
1413 4460 1697 4516 lectionem
1731 4456 2012 4519 meliorem
2047 4456 2091 4512 D

435 4541 556 4580 esse
591 4528 927 4584 censuimus.

506 4597 619 4665 (25)
660 4599 832 4653 Codd.
867 4599 1051 4654 Casin.
1086 4609 1140 4654 et
1171 4599 1326 4663 Bob.,
1372 4619 1389 4650 ι
1421 4600 1473 4654 in
1506 4608 1795 4656 texturam.
1836 4622 1854 4655 ι

506 4669 617 4738 (26)
659 4669 1070 4742 Corruptusest
1106 4669 1212 4742 hoc
1249 4670 1302 4723 in
1343 4670 1464 4725 loco
1499 4670 1784 4728 Bobiensis
1813 4675 2006 4742 codex,

432 4755 594 4809 quem
625 4755 734 4809 non
764 4750 908 4795 recte
940 4739 1188 4796 Valesius
1218 4741 1476 4796 correxit.

505 4808 615 4878 (27)
643 4808 972 4885 Δ(ῖςιδὶειεηδὶε
1005 4827 1112 4885 non
1137 4819 1306 4885 recte,
1346 4831 1364 4863 ι
1404 4813 1687 4885 speculum
1723 4815 1884 4870 nobis
1914 4832 2010 4885 per

433 4879 606 4948 ipsam
643 4880 954 4950 imaginem.
991 4901 1010 4932 ι
1045 4881 1148 4938 Sed
1185 4881 1378 4936 melior
1408 4879 1514 4938 alia
1545 4883 1830 4941 Bobiensis
1853 4879 2007 4940 colli—

437 4951 518 5004 cis
555 4951 736 5014 lectio,
761 4967 924 5020 quam
958 4955 1128 5006 secuti
1163 4968 1374 5008 sumus.

507 5021 616 5088 (23)
659 5020 958 5080 Bobiensis.
997 5042 1014 5072 ε
1048 5025 1457 5081 demonstrarit.
1491 5044 1508 5076 ι

503 5091 616 5160 (29)
658 5089 723 5144 Et
748 5093 835 5144 hic
859 5093 1049 5146 melior
1071 5092 1356 5148 Bobiensis
1389 5095 1594 5150 codicis
1629 5095 1828 5162 lectio;
1877 5113 2004 5151 nam

431 5159 962 5238 CiliiilllCllfiSdlallel‘,
985 5181 1020 5238 _r
1051 5164 1146 5238 qui
1181 5179 1210 5217 a
1244 5163 1468 5238 doctore
1499 5165 1566 5218 iis
1593 5183 1624 5218 a
1655 5159 2002 5238 paedagogo.»

501 5231 616 5300 (50)
657 5230 835 5286 Codex
867 5230 1172 5292 BobienSis,
1207 5252 1224 5284 ι
1257 5230 1698 5290 dehonestare.)

503 5233 594 5300 (50
657 5233 835 5286 Codex
867 5233 1172 5292 Bobiensis,
1207 5252 1224 5284 ι
1257 5233 1698 5290 dehonestare.)
1812 5233 1834 5237 ἡ
1884 5233 1906 5238 '

503 5233 616 5370 (51)
655 5301 841 5356 Codex
865 5303 1202 5375 Casinensis,
1242 5323 1259 5355 ι
1293 5315 1525 5372 Oportet,
1555 5315 1608 5360 et
1631 5307 2002 5375 paulagogum,

429 5383 650 5440 propter
677 5373 1094 5446 quodpreejus
1121 5389 1228 5426 non
1258 5375 1480 5446 indiget.
1517 5395 1534 5426 ›
1575 5373 1643 5428 Et
1673 5373 1834 5445 paulo
1860 5373 2002 5446 post,

434 5459 452 5490 ι
493 5450 655 5512 atque
680 5443 1006 5512 plauditoria
1039 5459 1350 5512 properare.
1383 5443 1401 5496 ὸ
1451 5445 1558 5500 Sed
1591 5443 1690 5502 nos
1717 5443 2006 5504 Bobiensis

425 5513 632 5567 codicis
661 5514 949 5568 lectionem
977 5515 1370 5582 expressimus.

501 5584 614 5650 (52)
649 5583 954 5638 Bobiensis.
997 5605 1016 5634 ι
1048 5593 1106 5638 ut
1141 5600 1379 5640 rursom.
1420 5605 1437 5636 ι

501 5653 613 5720 (55)
652 5653 984 5710 Casineusis.
1027 5673 1047 5706 α
1085 5655 1406 5710 debitorem.
1451 5675 1468 5707 ι
1507 5655 1686 5724 Forte,
1718 5678 1735 5710 ι
1762 5669 1814 5715 et
1839 5660 2004 5716 bene-

428 5723 534 5778 licii
566 5739 624 5779 se
656 5725 955 5781 debitorem
987 5725 1202 5780 fatetur.
1241 5746 1258 5776 ι

2123 3236 2243 3290 sine
2284 3233 2472 3298 dubio,
2519 3249 2642 3304 qua:
2672 3234 2820 3288 domi
2860 3250 2888 3288 a
2926 3234 3018 3287 tali
3056 3234 3320 3303 magistro
3358 3237 3712 3294 didicissent.

2123 3327 2356 3396 Rogavit
2387 3326 2539 3380 dives
2587 3325 2752 3380 simul
2787 3341 2896 3380 uno
2927 3333 3168 3398 tempore
3197 3337 3258 3382 ut
3284 3329 3566 3384 edisceret
3601 3349 3714 3386 ma-

2117 3419 2294 3488 jorem
2324 3418 2668 3484 doctrinam;
2703 3417 2978 3472 Abraham
3025 3434 3153 3475 vero
3197 3419 3402 3486 sciens,
3443 3425 3711 3492 quoniam

2123 3512 2304 3566 adhuc
2333 3510 2580 3580 indigent
2609 3511 2924 3580 paedagogo,
2954 3511 3030 3564 ait
3051 3511 3100 3564 ei
3132 3530 3144 3566 :
3185 3531 3204 3563 ι
3243 3511 3464 3569 Habent
3487 3515 3710 3588 Moysen

2123 3615 2176 3660 et
2205 3605 2516 3674 prophetas.
2559 3622 2580 3656 ι
2633 3603 2690 3658 Si
2736 3604 2882 3658 enim
2935 3603 3056 3656 illos
3087 3619 3194 3658 non
3229 3609 3604 3675 susceperint,
3657 3619 3712 3664 ut

2119 3698 2188 3752 ab
2213 3712 2278 3752 eo
2323 3697 2470 3751 velut
2515 3695 2812 3768 paedagogo
2859 3699 3250 3768 guberneutur,
3301 3715 3410 3752 non
3446 3713 3710 3770 poterunt

2119 3789 2346 3858 majoris
2379 3788 2632 3858 magistri
2673 3804 2868 3858 capere
2893 3791 3219 3846 doctrinam.

2191 3879 2350 3935 XLII.
2391 3878 2496 3934 Sed
2525 3889 2578 3934 et
2607 3883 2674 3934 de
2701 3880 2824 3934 aliis
2865 3882 3231 3944 sermonibus,
3269 3891 3328 3936 ut
3363 3893 3584 3952 potero.
3617 3899 3706 3934 ex-

2121 3989 2344 4046 ponam,
2389 3971 2442 4026 id
2475 3979 2582 4038 est,
2614 3973 2760 4042 quod
2797 3987 2908 4026 non
2945 3975 3218 4028 contraria
3263 3972 3438 4046 Moysi
3491 3975 3704 4032 locutus

1641 4112 1686 4144 ‘°
1721 4111 1853 4169 Luc.
1889 4133 1998 4183 xvr,
2029 4113 2116 4169 l9.

2195 4250 2307 4318 (54)
2347 4247 2648 4313 Bobiensis,
2688 4265 2706 4298 ι
2743 4246 3118 4302 adhibeamus.
3150 4268 3170 4299 ι

2195 4321 2308 4392 (55)
2349 4319 2492 4374 Idem
2545 4319 2737 4384 codex,
2799 4337 2816 4368 α
2854 4319 3060 4389 colligit
3105 4327 3156 4372 et
3189 4319 3400 4374 nutrire
3449 4321 3598 4392 apud
3645 4337 3702 4378 se

2161 4401 2331 4444 llllfl'll.
2369 4409 2386 4440 ι

2119 4408 2494 4528 Ibem
2528 4459 2724 4524 codex,
2781 4477 2800 4510 ‹
2829 4459 2924 4530 qui
2967 4460 3148 4516 venire
3177 4459 3358 4516 solent
3391 4463 3700 4519 nutricibus

2115 4533 2352 4586 labores.
2391 4550 2409 4581 ι

2186 4603 2298 4672 (57)
2343 4601 2485 4654 Idem
2520 4599 2714 4674 codex,
2749 4617 2768 4650 ι
2807 4599 3003 4654 accidit
3034 4617 3162 4656 vero
3189 4610 3330 4674 post
3360 4611 3610 4674 tempus,
3643 4617 3698 4662 ut

2113 4674 2160 4727 is
2195 4674 2309 4740 qui,
2343 4681 2472 4730 etc..
2507 4671 2808 4740 requireret
2833 4687 3080 4740 puerum,
3112 4681 3164 4726 et
3189 4671 3460 4728 inveniret
3485 4671 3640 4731 eum.
3671 4697 3689 4728 ι

2184 4743 2296 4814 (58)
2335 4741 2531 4814 Codex,
2565 4741 2869 4814 Bobiensis,
2911 4759 2930 4791 ι
2975 4755 3182 4810 patrem
3225 4757 3544 4813 prospectu.
3579 4767 3598 4799 ι
3631 4747 3698 4802 Et

2113 4812 2320 4876 mox“
2353 4813 2484 4866 mihi
2521 4812 2757 4882 intelligo
2791 4815 3160 4882 magniﬁcum.
3205 4831 3224 4863 ι

2185 4885 2300 4952 (59)
2342 4882 2480 4936 Male
2500 4883 2838 4946 Casineusis,
2865 4900 2882 4933 ι
2916 4884 3149 4938 venisse.
3179 4903 3199 4933 ι

2185 4955 2296 5023 (40)
2334 4953 2621 5007 Bobiensis
2649 4953 2831 5014 habet,
2867 4971 2886 5002 σ
2923 4963 3182 5023 tauquam
3213 4963 3368 5021 pater
3400 4956 3686 5014 educabat.

2113 5021 2201 5078 Ut‘
2233 5021 2491 5094 magister
2535 5026 2752 5092 regebat
2795 5032 2848 5076 ct
2885 5021 3240 5077 conservabat
3271 5027 3560 5094 pepulum,
3585 5039 3686 5084 etc.

2109 5094 2177 5148 Et
2225 5111 2350 5170 cum
2397 5101 2522 5164 post
2570 5095 2905 5170 aliquantum
2943 5103 3156 5164 tempus
3203 5097 3502 5152 adveniens
3543 5111 3688 5170 pater

2111 5167 2361 5234 proprias
2391 5181 2520 5218 oves
2547 5165 2770 5234 recepit.
2807 5183 2826 5214 »

2185 5237 2298 5305 (at)
2344 5235 2526 5310 codex
2574 5233 2885 5310 Bobiensis,
2929 5251 2948 5284 ι
2987 5234 3080 5303 qui
3115 5235 3347 5310 aequalia
3399 5250 3566 5310 atque
3597 5253 3688 5296 co-

2111 5317 2295 5376 gnata.
2325 5325 2354 5376 li
2372 5305 2535 5376 Mox,
2561 5325 2578 5355 ί
2619 5307 2684 5358 ad
2715 5305 2969 5374 populum
2995 5323 3008 5371 ;
3037 5307 3376 5374 prophetam.
3413 5327 3434 5359 ι

2183 5377 2297 5446 (42)
2339 5375 2478 5446 Male
2507 5375 2824 5430 Casinensis
2861 5377 3056 5440 codex,
3098 5395 3116 5426 ι
3153 5377 3316 5430 unde.
3358 5395 3378 5429 ι

2183 5445 2296 5516 (45)
2339 5445 2477 5500 Male
2505 5446 2840 5516 casmeusis,
2877 5463 2894 5495 ι
2929 5461 3114 5513 quam.
3149 5465 3168 5497 ι

2182 5515 2293 5588 (44)
2329 5517 2508 5571 Codex
2543 5515 2844 5588 lfobiensis,
2877 5533 2896 5564 ι
2933 5525 3132 5584 potest,
3165 5535 3182 5568 ι
3213 5517 3354 5572 mala
3389 5519 3568 5574 lectio.

2183 5585 2296 5658 (45)
2331 5587 2515 5661 Codex
2538 5585 2862 5661 Bobiensis,
2900 5605 2917 5636 ι
2957 5595 3010 5639 et
3049 5602 3112 5640 ea
3137 5603 3258 5661 quae
3291 5591 3404 5656 ipse
3445 5597 3678 5661 gesserat

2109 5655 2352 5732 agentes.
2387 5677 2404 5708 ι
2443 5655 2508 5732 Et
2537 5655 2746 5732 iuit-3,:
2781 5655 3394 5732 uuo‘tempore'diseerc
3423 5655 3673 5732 majorem

2112 5725 2412 5784 doctrinam
2451 5729 2519 5782 ab
2547 5725 2844 5782 Abraham.
2879 5725 3152 5782 Abraham
3185 5744 3334 5784 vero.
3373 5749 3392 5782 ι
