3922 6496
217 321 350 378 H97

1318 315 1461 374 CUM
1500 315 1781 371 MANETE
1822 315 2353 374 ιίιΕΒΕΞΙΑΒΟΗΛ.

3324 313 3459 369 1198

213 452 295 497 est
323 439 482 498 Jesus
508 451 599 496 aut
628 438 752 494 fecit
785 437 918 510 (16).
949 436 1191 491 Primum
1215 437 1358 508 quod
1389 438 1482 501 ait,
1510 456 1528 489 ι
1557 436 1788 492 Oculum
1818 440 1862 496 A
1892 437 2015 507 quis
2042 456 2054 492 :
2090 435 2208 493 Non
2243 447 2326 493 est
2357 451 2487 508 ergo
2515 437 2717 492 bonum
2752 436 3064 491 renuntiare
3099 433 3322 487 divitiis.
3351 432 3458 487 Bo-

214 547 312 600 pro
329 531 508 595 oculo,
527 530 741 584 dentem
767 544 862 599 pro
877 530 1035 584 deme
1056 529 1122 594 “,
1147 548 1164 580 ι
1187 529 1289 584 hoc
1313 528 1425 600 (47)
1440 529 1646 599 justum
1671 537 1782 594 est;

214 621 360 690 quod
419 631 596 674 autem
655 636 855 675 caesum
926 629 1181 691 praestare
1234 621 1387 690 jubet
1445 629 1499 675 et
1559 622 1785 676 alteram

216 713 512 778 maxillam,
542 713 646 766 hoc
687 713 906 768 bonitas
948 721 1054 768 est.
1082 712 1334 783 Nunquid
1373 713 1580 783 justitia
1630 713 1787 768 boni—

215 804 311 858 tati
343 805 612 859 contraria
653 807 772 859 est?
799 805 952 860 Absit
995 804 1140 875 (d8)!
1174 805 1449 876 profectus
1490 816 1671 860 autem
1703 815 1787 861 est

212 897 282 950 de
308 897 516 965 justitia
547 898 611 951 ad
645 897 960 952 bonitatem.
1012 897 1075 952 Et
1106 914 1298 952 rursus
1343 916 1356 952 :
1395 918 1412 949 ι
1457 899 1662 969 Dignus
1704 907 1788 953 est

212 989 498 1055 cperarius
528 989 776 1042 mercede
811 1003 906 1042 sua
942 989 1008 1042 δ’.
1049 1009 1066 1039 ι
1116 987 1269 1054 Quod
1307 989 1353 1044 si
1395 990 1627 1044 voluerit
1663 989 1785 1057 quis

212 1079 459 1134 fraudem
506 1080 701 1146 facere,
733 1081 875 1150 exigi
911 1082 980 1136 ab
1014 1097 1079 1134 eo
1121 1082 1209 1135 illa
1251 1097 1372 1150 qua}
1409 1097 1503 1152 per
1539 1081 1782 1136 fraudem

210 1171 569 1242 interceperat
618 1173 751 1244 (49),
803 1173 1170 1240 justissimum
1219 1184 1322 1236 est,
1378 1174 1610 1226 maxime
1660 1188 1782 1227 cum

213 1265 382 1318 multa
409 1267 480 1320 sit
511 1282 737 1321 merces.
775 1265 888 1320 Hoc
918 1275 1097 1320 autem
1126 1266 1270 1328 dico,
1297 1265 1516 1335 quando
1544 1265 1782 1337 {Egyptii

209 1357 518 1425 allligehant
548 1358 684 1412 lilios
719 1357 882 1413 Israel
924 1373 1023 1427 per
1065 1374 1292 1428 operum
1328 1359 1698 1427 compulsores
1729 1359 1781 1413 in

210 1448 474 1518 ﬁngendis
525 1449 826 1516 lateribus,
870 1451 1014 1519 quod
1067 1465 1188 1504 cum
1239 1450 1521 1518 suppliciis
1568 1448 1782 1521 Moyses

208 1547 382 1592 totum
409 1540 609 1608 pariter
643 1540 783 1593 intra
819 1556 985 1593 unum
1018 1549 1351 1594 momentum
1387 1543 1646 1610 temporis
1667 1557 1783 1596 exe-

208 1631 306 1701 git.
331 1629 582 1701 Nunquid
625 1634 723 1687 hoc
756 1633 1014 1702 iniquitas
1039 1632 1151 1704 (50)
1180 1633 1496 1703 appellanda
1532 1635 1653 1688 est?
1676 1634 1785 1688 Ab-

209 1723 322 1776 sit!
361 1721 452 1777 llla
488 1738 621 1778 sane
671 1724 936 1779 bonitatis
966 1733 1045 1779 est
1094 1724 1420 1780 abstinentia
1470 1725 1606 1795 (51),
1654 1742 1778 1780 cum

1889 544 2041 588 num.
2083 529 2328 597 inquam,
2361 529 2446 584 his
2477 529 2571 598 qui
2599 538 2857 599 possunt;
2885 527 2976 580 sed
3005 526 3150 580 abuti
3185 525 3295 596 (6|)
3322 526 3460 578 divi-

1887 620 1978 675 tiis
2006 619 2071 674 ad
2097 635 2232 689 opus
2253 619 2478 689 justitize
2508 629 2667 688 atque
2702 615 3090 672 misericordiae
3122 629 3302 685 parem
3335 629 3460 682 gra-

1888 713 2015 767 tiam
2049 711 2240 766 tribuit
2268 727 2332 765 ac
2367 712 2411 766 si
2442 711 2711 765 universis
2738 710 2940 779 pariter
2983 707 3342 761 renuntietur.
3388 705 3460 759 De

1885 820 1951 860 eo
1997 813 2175 859 autem
2209 805 2355 874 quod
2387 804 2538 868 dicit,
2580 803 2916 858 destructum
2966 816 3086 855 esse
3129 798 3451 861 Sabhatum,

1885 913 1992 951 non
2021 899 2178 968 plane
2203 898 2502 964 destruxit;
2533 897 2647 966 ipse
2693 896 2838 949 enim
2887 893 3150 948 DOllliﬂllS
3195 891 3306 961 (6‘2)
3341 898 3460 944 erat

1889 987 2110 1042 Sahbati
2137 989 2213 1056 ";
2260 999 2518 1059 tanquam
2548 989 2592 1041 si
2636 988 2819 1058 sponsi
2856 987 2979 1056 quis
3014 984 3328 1039 custodiens
3375 989 3460 1034 to—

1885 1096 2005 1132 rum
2033 1079 2316 1151 diligenter
2338 1089 2674 1136 exstructum
2705 1080 2836 1150 (65),
2855 1094 2881 1131 a
2908 1077 3056 1130 nullo
3077 1077 3183 1130 alio
3201 1085 3458 1130 extraneo

1885 1173 2070 1226 vexari
2125 1174 2208 1227 vel
2246 1174 2485 1244 contingi
2540 1173 2776 1242 patiatur
2827 1171 2962 1240 (64),
3010 1183 3295 1238 usquequo
3344 1168 3460 1237 ipse

1885 1277 2121 1331 sponsus
2173 1263 2456 1329 adveniat;
2511 1273 2564 1318 et
2613 1280 2738 1319 cum
2786 1263 3095 1326 advenerit,
3143 1269 3314 1316 strato
3357 1275 3459 1315 suo

1885 1356 2027 1412 sicut
2057 1357 2278 1412 libuerit
2307 1367 2513 1424 utatur,
2543 1359 2628 1414 vel
2660 1360 2713 1414 hi
2749 1376 2886 1429 quos
2919 1358 3034 1429 ipse
3062 1374 3245 1412 secum
3279 1357 3460 1426 jusse-

1885 1451 1955 1504 rit
1985 1449 2228 1504 introire.
2261 1448 2654 1504 Testimonium
2683 1452 2845 1506 etiam
2887 1451 3034 1505 dedit
3061 1450 3145 1503 his
3178 1465 3298 1518 qua:
3323 1448 3459 1504 dici-

1885 1559 2027 1606 mus,
2073 1544 2281 1599 cmlesti
2335 1558 2468 1598 voce
2517 1543 2632 1613 ipse
2678 1542 2940 1597 Dominus
2996 1541 3156 1597 Jesus
3206 1541 3457 1596 Christus

1883 1636 2070 1694 dicens
2117 1653 2130 1688 :
2183 1654 2201 1686 ι
2240 1635 2492 1705 Nunquid
2541 1636 2772 1705 potestis
2817 1635 2957 1690 ﬁlios
2993 1634 3180 1705 sponsi
3230 1633 3337 1704 (65)
3371 1631 3455 1688 fa-

1884 1743 2006 1783 cere
2039 1727 2308 1798 jejunare,
2349 1727 2525 1782 donec
2566 1743 2691 1782 cum
2738 1727 2870 1791 ipsis
2917 1736 3001 1782 est
3048 1741 3284 1796 sponsus
3309 1726 3395 1778 ὀἳ
3431 1744 3449 1776 ι

209 1815 384 1868 utitur
409 1817 532 1885 quis
565 1815 865 1886 frugaliter,
897 1817 1218 1872 renuntians
1256 1818 1514 1874 omnibus
1536 1835 1656 1888 qua:
1685 1836 1779 1874 su-
1819 1799 1856 1852 Β
1888 1818 1990 1874 Sed
2023 1817 2494 1874 circumcisionem
2541 1834 2648 1874 non
2695 1819 2913 1889 ahjecit,
2954 1818 3086 1888 quin
3129 1819 3309 1888 potius
3344 1818 3460 1887 ipse

155 1977 162 1988 Ι
207 1908 410 1977 perﬂua
446 1918 594 1964 sunt.
625 1908 780 1975 Quod
811 1925 940 1964 vero
981 1910 1093 1982 (52)
1123 1911 1176 1964 in
1224 1909 1400 1966 Veteri
1437 1909 1784 1968 Testamento

206 2001 410 2055 dictum
439 2011 524 2056 est
552 2021 564 2056 :
599 2002 738 2073 «Ego
757 2001 977 2056 divitem
1010 2001 1150 2057 facio
1170 2012 1225 2057 et
1249 2019 1538 2074 pauperem
1562 2005 1608 2036 “
1629 2025 1674 2071 ;ι
1693 2005 1783 2061 .Ie-

207 2109 305 2147 sus
329 2109 457 2147 vero
504 2094 774 2148 beatiﬁcat
800 2110 1070 2165 pauperes
1105 2095 1172 2162 ⁵⁸,
1206 2112 1314 2150 non
1342 2097 1478 2152 dixit
1505 2099 1784 2154 saecularis

207 2186 527 2240 substantiae
544 2187 653 2255 (55)
670 2201 954 2256 pauperes,
978 2187 1068 2242 sed
1089 2204 1353 2258 pauperes
1371 2190 1586 2258 spiritu,
1611 2192 1660 2245 id
1680 2201 1782 2255 est,

205 2280 298 2346 qui
334 2295 440 2332 non
482 2279 734 2349 superbia
761 2279 1166 2334 inflammantur
1195 2281 1327 2353 (54),
1357 2287 1446 2337 sed
1479 2283 1787 2338 humilitate

207 2388 264 2424 se
285 2369 655 2442 mitigant(55)
674 2381 725 2424 et
743 2372 1025 2438 inclinant,
1056 2387 1161 2426 non
1187 2374 1308 2442 plus
1323 2375 1594 2444 sapientes
1615 2392 1779 2446 quam

205 2471 420 2530 oportet
452 2478 646 2531 sapere
689 2462 757 2542 ξ’.
794 2461 968 2529 Quam
1007 2463 1226 2533 quidem
1262 2466 1611 2522 adversarius
1637 2484 1786 2538 quae-

204 2557 437 2611 stionem
483 2573 591 2611 non
640 2567 1009 2628 competenter
1035 2560 1261 2630 aptavit.
1310 2559 1408 2615 llic
1449 2561 1595 2615 enim
1626 2561 1785 2615 video

202 2657 258 2700 et
285 2645 470 2702 .Iesum
524 2649 758 2704 libenter
802 2650 1100 2705 intuentem
1151 2652 1379 2707 divitum
1430 2667 1657 2707 munera
1700 2651 1783 2720 “;

203 2756 356 2810 cum,
387 2741 440 2794 in
496 2743 886 2813 gazophylacio
937 2743 1277 2811 olferuntur;
1327 2754 1380 2799 et
1438 2760 1629 2814 parum
1682 2746 1787 2799 hoc

203 2840 291 2884 est
315 2831 449 2900 (56),
482 2832 527 2886 si
563 2847 591 2886 a
621 2832 750 2887 solis
775 2831 1034 2887 divitibus
1057 2833 1110 2887 in
1142 2834 1530 2904 gazophylacio
1558 2850 1785 2890 munera

189 2911 512 2976 efferuntur
543 2923 686 2993 (57);
727 2923 836 2978 imo
883 2940 1008 2979 vero
1046 2926 1210 2979 etiam
1259 2913 1368 2981 duo
1409 2927 1621 2981 minuta
1652 2943 1786 2996 pau-

203 3015 440 3082 perculae
467 3013 642 3069 viduae
665 3015 896 3068 libenter
922 3017 1320 3085 suscipiuntur,
1341 3017 1394 3070 in
1420 3032 1528 3086 quo
1550 3017 1783 3087 amplius

203 3106 434 3176 aliquid,
481 3123 634 3176 quam
679 3108 824 3177 quod
865 3107 1079 3179 Moyses
1127 3117 1458 3178 praeceperat
1503 3109 1570 3163 de
1605 3109 1779 3164 susci-

203 3198 404 3270 pienda
441 3198 668 3266 pecunia
699 3198 1127 3253 demonstratur.
1156 3197 1248 3253 llle
1279 3197 1424 3252 enim
1473 3197 1542 3252 ab
1577 3196 1662 3253 his
1691 3199 1783 3268 qui

203 3289 481 3344 habebant
527 3288 829 3357 accipiebat
873 3288 1026 3361 (58);
1066 3289 1155 3343 hic
1185 3297 1364 3343 autem
1398 3289 1593 3358 accipit
1623 3291 1786 3344 etiam

202 3382 274 3436 ab
299 3381 382 3436 his
417 3383 506 3452 qui
540 3397 646 3435 non
682 3381 900 3436 habent.
933 3382 1058 3448 Sed,
1078 3372 1172 3449 ait,
1195 3382 1458 3452 scriptum
1482 3391 1566 3437 est
1592 3401 1604 3437 :
1630 3402 1647 3434 ι
1671 3381 1788 3438 Nisi

202 3474 334 3542 quis
369 3474 762 3528 renuntiaverit
791 3475 1047 3530 omnibus
1087 3491 1209 3542 quae
1245 3474 1509 3542 possidet,
1542 3489 1648 3528 non
1690 3489 1785 3544 po-

202 3574 314 3618 test
358 3581 512 3619 meus
549 3581 672 3620 esse
702 3566 1002 3636 discipulus
1035 3565 1100 3620 ⁷⁵⁷.
1142 3586 1160 3618 ι
1190 3567 1427 3620 ltursum
1464 3566 1620 3621 video
1653 3581 1786 3621 cen-

205 3661 504 3720 tmionem,
539 3659 698 3712 valde
731 3659 950 3713 divitem
985 3667 1038 3714 et
1080 3659 1326 3714 saeculari
1364 3658 1645 3728 praeditum
1685 3673 1784 3727 po-

205 3759 447 3816 testate,
489 3750 648 3804 ﬁdem
705 3751 905 3806 habere
962 3751 1248 3821 plusquam
1295 3765 1512 3805 omnem
1566 3749 1785 3805 Israeli-

205 3853 319 3896 tam
345 3843 391 3875 "
425 3860 438 3909 ;
466 3853 524 3896 ut
552 3843 595 3897 si
625 3843 750 3913 quis
778 3843 878 3898 fuit
902 3844 1214 3912 (59),etiam
1240 3842 1334 3912 qui
1378 3843 1786 3897 renuntiaverat

206 3953 236 3990 a
265 3937 586 3990 centurione
609 3946 899 4006 superatur
934 3935 987 3988 in
1024 3936 1149 3989 fide.
1179 3932 1282 3988 Sed
1313 3933 1456 3989 dicet.
1481 3933 1590 4004 (60)
1625 3934 1785 3990 nobis

280 4029 322 4062 "
361 4027 549 4084 Matth.
584 4047 636 4090 ν.
668 4030 756 4082 '52.
860 4030 904 4062 δ’
933 4027 1120 4082 Matth.
1159 4046 1212 4095 x,
1248 4029 1334 4083 10.

201 4100 298 4155 41.
376 4101 417 4132 ’⁵⁷
438 4101 566 4154 Luc.
598 4117 709 4155 xlv.
736 4101 824 4155 55.
902 4100 946 4132 ’⁵⁸
976 4098 1166 4154 Matth.
1200 4115 1317 4155 vtlt.

204 4187 372 4234 xxiii,
417 4171 467 4224 7.
544 4172 592 4203 ⁸³
620 4170 811 4224 Matth.
847 4187 901 4237 v,
935 4169 989 4225 8.
1087 4170 1132 4202 ⁸⁸
1171 4168 1359 4224 Matth.
1386 4186 1482 4236 vit,
1515 4169 1602 4223 12.

283 4264 394 4333 (46)
428 4262 565 4318 Male
601 4263 940 4328 Casinensis,
979 4280 997 4314 ι
1034 4270 1215 4333 autem
1254 4261 1402 4317 fecit.
1438 4281 1466 4333 »ί
1491 4261 1560 4313 At
1587 4260 1642 4314 in
1673 4259 1782 4333 Βοτ

204 4329 385 4416 biensi
435 4335 622 4390 codice
671 4335 939 4404 sequitur,
976 4350 998 4384 ι
1048 4331 1292 4387 Primum
1341 4332 1585 4402 quidem,
1638 4329 1785 4401 quod

207 4415 309 4461 ait.
343 4425 362 4457 ι

287 4476 398 4546 (47)
439 4474 618 4546 Codex
652 4473 956 4546 Bobiensis.
999 4489 1018 4524 ι
1045 4471 1107 4546 in
1139 4470 1262 4546 hoc.
1298 4489 1316 4522 ι

287 4540 399 4614 (48)
448 4545 503 4598 ln
537 4545 790 4600 Bobieusi
827 4545 1012 4598 codice
1045 4542 1132 4595 hic
1158 4541 1312 4614 plura
1348 4542 1509 4596 verba
1538 4540 1776 4607 desunt;

209 4611 568 4678 habet—cnim,
602 4635 619 4665 ι
651 4616 754 4670 hoc
786 4616 999 4668 bonitas
1026 4620 1129 4666 est.
1167 4611 1340 4664 Absit.
1375 4630 1393 4662 ι

287 4688 399 4759 (49)
437 4686 620 4759 Codex
649 4685 960 4759 Bobiensis.
993 4702 1011 4736 ι
1033 4691 1101 4759 _et
1129 4682 1272 4759 exigi
1320 4682 1388 4734 ah
1415 4696 1478 4736 eo
1522 4681 1632 4759 illa,
1659 4696 1781 4759 quae

214 4751 409 4811 fraude
453 4758 827 4825 interceperat.
868 4775 887 4806 ι
922 4753 1236 4808 Casinensis
1281 4767 1430 4825 vero,
1472 4770 1488 4802 ι
1521 4755 1674 4820 exige
1714 4751 1782 4805 ab

213 4845 282 4881 eo
308 4829 395 4881 illa
427 4843 547 4896 qme
573 4823 814 4880 fraudem
846 4826 1224 4896 interceperat.
1258 4841 1278 4896 ι
1311 4823 1418 4875 Nos
1451 4838 1516 4875 ex
1549 4832 1783 4891 utroque

213 4899 403 4952 codice
428 4892 702 4950 meliorem
733 4896 1014 4951 lectionem
1055 4892 1429 4945 conllavimus.

291 4969 403 5038 (50)
430 4967 731 5038 Bobiensis,
769 4986 788 5017 ι
823 4966 1009 5038 exigit.
1043 4960 1297 5030 Nunquid
1334 4962 1613 5038 iniquitas.
1641 4979 1672 5038 _r

293 5031 403 5110 (51)
459 5037 598 5110 Hinc
643 5031 1124 5110 patet‘V’alesiunr
1160 5043 1305 5110 recte
1356 5031 1440 5086 ad
1482 5031 1782 5110 marginem

212 5103 540 5162 emendasse
567 5103 854 5163 Bobiensis
885 5107 1087 5162 codicis
1113 5103 1570 5173 lectionem-qum
1597 5103 1780 5170 habet,

221 5198 241 5230 ι
274 5180 536 5234 absentia.
579 5197 597 5230 ι

293 5250 403 5319 (52)
433 5249 615 5304 Codex
651 5247 934 5303 Bobiensis
977 5263 997 5301 :

221 5339 245 5372 ι
285 5319 446 5375 Jesus
483 5321 776 5374 beatilicat.
816 5339 833 5370 ι

317 5391 406 5459 55)
438 5390 622 5444 Codex
649 5389 951 5454 Bobiensis,
991 5406 1009 5438 ‹
1049 5385 1294 5442 saeculari
1323 5383 1652 5440 substantia.
1689 5403 1707 5436 ι

318 5461 405 5527 51)
437 5460 618 5524 Forte,
661 5480 679 5511 ί
722 5460 995 5513 inflantur.
1031 5475 1051 5509 ι

297 5525 410 5600 (55)
439 5532 622 5586 Codex
651 5531 953 5592 Bobiensis,
984 5547 1003 5580 ι
1044 5527 1350 5600 humilitate
1380 5525 1652 5595 mitigant.
1693 5542 1713 5576 ι

295 5597 406 5673 (56)
440 5603 620 5673 Codex
646 5600 984 5673 Casinensis,
1014 5616 1032 5649 ι
1063 5597 1377 5673 allegent-tr,
1407 5606 1460 5650 et
1491 5608 1788 5665 pauperum

222 5668 328 5726 hoc
352 5668 454 5726 est.
486 5691 504 5723 ι
537 5671 819 5726 Bobiensis
846 5680 1048 5731 autem,
1085 5687 1102 5719 ι
1139 5668 1480 5730 oﬂeruntur;
1514 5676 1568 5722 et
1597 5681 1787 5735 parum

224 5743 329 5796 hoc
357 5751 460 5806 est,
494 5761 513 5793 ι
549 5758 670 5810 quae
704 5757 827 5794 vera
855 5751 938 5794 est
973 5739 1136 5806 hujus
1162 5739 1262 5792 loci
1293 5738 1472 5791 lectio.

292 5811 409 5883 (57)
441 5813 619 5868 Codex
654 5812 953 5878 Bobiensis,
992 5828 1009 5861 ι
1045 5810 1369 5863 inferuntur.
1405 5828 1422 5859 ι

1036 5264 1055 5300 ι
1091 5245 1248 5313 Quod
1286 5259 1437 5315 ergo,
1479 5261 1498 5294 ι
1547 5250 1601 5297 et
1635 5257 1783 5308 mox,

376 4101 417 4132 ’⁵⁷
438 4101 566 4154 Luc.
598 4117 709 4164 xlv,
736 4101 824 4155 55.
902 4100 946 4132 ’⁵⁸
976 4098 1166 4154 Matth.
1200 4090 1317 4161 tm,
1352 4098 1436 4154 l0.
1513 4099 1556 4130 ⁸³
1592 4097 1783 4155 Matth.

1901 4134 1914 4158 ,
1951 4094 2038 4149 8.·
2081 4093 2311 4151 “Marc.
2337 4090 2401 4162 tt,
2429 4093 2514 4148 l9.
2591 4091 2844 4148 “Matth.
2878 4106 2975 4158 vu,
3016 4090 3105 4146 15.

1884 1928 1982 1982 pro
2028 1912 2187 1967 nobis
2232 1911 2287 1965 in
2334 1912 2685 1982 semetipsum
2735 1927 2961 1968 causam
3020 1909 3457 1966 circumeisionis

1883 2004 2096 2074 excepit
2122 2003 2253 2075 (66),
2283 2003 2470 2058 labore
2496 2020 2594 2058 nos
2621 2004 2887 2071 relevans,
2910 2014 2963 2059 et
2987 2005 3095 2074 pati
3120 2020 3220 2058 nos
3251 2003 3457 2058 frustra

1882 2097 2088 2153 doloris
2119 2097 2323 2167 aliquid
2361 2113 2468 2151 non
2500 2097 2707 2152 siuens.
2737 2097 2878 2164 Quid
2901 2098 3047 2152 enim
3076 2097 3318 2167 prodest.
3350 2097 3460 2152 cir-

1883 2191 2213 2248 cumcidenti
2247 2205 2305 2245 se
2329 2190 2547 2260 quidem
2576 2198 2628 2245 et
2648 2191 2911 2246 adversus
2943 2192 3253 2261 proximum
3295 2205 3454 2245 suum

1883 2287 2120 2357 pessima
2156 2284 2456 2357 cogitanti?
2507 2281 2691 2338 Voluit
2721 2293 2900 2338 autem
2936 2283 3109 2354 magis
3136 2281 3460 2352 largissimae

1883 2378 1985 2433 viae
2037 2377 2214 2448 spatia
2281 2376 2669 2445 compendioso
2725 2375 2885 2429 nobis
2954 2374 3173 2429 tramite
3229 2374 3461 2429 demon-

1885 2480 2058 2524 strare
2103 2469 2236 2540 (67),
2284 2483 2351 2522 ne
2393 2467 2531 2521 forte
2571 2483 2694 2522 cum
2733 2467 2892 2537 longa
2925 2467 3099 2536 spatia
3133 2467 3455 2532 circuimus,

1885 2569 2012 2616 ante
2065 2561 2224 2615 nobis
2264 2560 2382 2614 dies
2427 2559 2711 2613 claudatur
2752 2557 2805 2610 in
2849 2566 3093 2623 noctem;
3124 2567 3179 2611 et
3227 2555 3356 2610 dum
3390 2557 3459 2614 de

1885 2653 2022 2708 foris
2064 2653 2284 2723 quidem
2335 2651 2604 2721 splendidi
2640 2651 2954 2704 hominibus
2993 2666 3339 2720 apparemus,
3375 2651 3462 2705 iu-

1886 2747 2157 2801 trinsecus
2194 2744 2337 2814 lupis
2377 2744 2666 2813 rapacibus
2713 2758 3093 2812 comparemur
3137 2744 3205 2809 ³η,
3237 2749 3330 2796 aut
3376 2759 3463 2797 se-

1886 2838 2093 2908 pulcris
2125 2836 2476 2892 conferamur
2522 2835 2788 2891 dealbatis
2834 2836 2901 2889 ".
2952 2833 3122 2889 Multo
3164 2835 3309 2889 enim
3348 2834 3460 2905 (68)

1871 2931 1977 2997 ,ille
2012 2929 2142 2993 huic
2187 2927 2560 3000 praeferendus
2589 2935 2673 2981 est
2703 2927 2798 2995 qui
2825 2934 2970 2981 veste
2997 2925 3242 2995 squalida
3273 2940 3337 2979 ac
3369 2925 3463 2980 de-

1889 3023 2014 3078 trita
2047 3022 2438 3087 circumdatus,
2482 3020 2618 3073 nihil
2653 3019 2781 3073 mali
2825 3020 2880 3072 in
2909 3019 3072 3073 corde
3095 3034 3196 3073 suo
3233 3018 3462 3072 conclu-

1891 3129 2012 3168 sum
2056 3112 2254 3166 retinet
2280 3111 2543 3165 adversus
2574 3109 2907 3178 proximum.
2938 3107 3136 3163 Cordis
3169 3108 3312 3163 enim
3349 3107 3461 3179 (69)

1891 3206 2239 3262 circumcisio
2267 3205 2382 3260 sola
2410 3205 2640 3259 salutem
2671 3202 2882 3258 confert
2913 3223 2926 3258 ε
2967 3202 3100 3256 nihil
3134 3210 3355 3272 praestat
3382 3203 3463 3259 eis

1893 3299 1994 3354 ista
2026 3297 2286 3363 carnalis,
2307 3297 2412 3351 nisi
2444 3295 2585 3350 forte
2608 3295 2876 3366 spirituali
2901 3295 3320 3352 circumcisione
3343 3312 3463 3350 mu—

1892 3392 2134 3444 niantur.
2175 3389 2316 3443 Audi
2348 3389 2510 3442 etiam
2559 3387 2690 3457 quid
2735 3385 2869 3441 dicit
2903 3385 3182 3456 Scriptura
3220 3407 3233 3441 :
3263 3406 3282 3438 ι
3313 3387 3461 3440 Beati

1892 3481 2096 3534 mundo
2130 3481 2312 3545 corde,
2348 3480 2475 3549 quia
2510 3479 2612 3548 ipsi
2660 3478 2828 3534 Deunt
2873 3479 3130 3532 videbunt
3154 3479 3220 3533 ⁵³.
3254 3499 3271 3530 ι
3321 3478 3462 3544 Quid

1862 3639 1867 3646 .
1892 3586 2023 3642 ergo
2055 3571 2188 3624 mihi
2214 3571 2353 3640 Opus
2383 3581 2465 3623 est
2491 3569 2758 3634 laborare,
2785 3584 2908 3623 cum
2936 3568 3283 3637 cognoverim
3314 3570 3463 3623 'corn-

1892 3661 2084 3731 pendia
2143 3661 2243 3714 viae
2301 3658 2436 3731 (70),
2470 3659 2516 3714 si
2568 3675 2789 3729 possum
2838 3659 3074 3714 mundus
3107 3674 3228 3714 esse
3277 3659 3462 3726 corde,

1891 3751 2110 3804 sicut'et
2152 3749 2198 3805 si
2223 3749 2348 3818 quis
2385 3749 2676 3818 praevaleat
2707 3749 2760 3803 in
2795 3749 3009 3804 duobus
3051 3748 3321 3803 mandatis
3347 3764 3466 3801 om-

1892 3856 2015 3894 nem
2054 3840 2224 3910 legem
2262 3840 2484 3910 implere
2515 3848 2568 3894 et
2593 3839 2976 3909 prophetas“?
3006 3837 3136 3894 Post
3183 3840 3295 3893 hzec
3337 3854 3464 3892 vero

1891 3933 2077 3985 omnia
2099 3932 2290 3986 edocet
2311 3931 2681 4001 apostolorum
2709 3930 2980 3984 maximus
2996 3929 3216 3994 Paulus,
3237 3929 3420 3982 dicens
3445 3945 3461 3984 :

1446 4029 1490 4059 ⁸³
1513 4027 1674 4081 Prov.
1711 4044 1778 4081 xx

1895 4023 1936 4078 2.
2012 4024 2059 4056 “
2104 4023 2292 4079 Matth.
2328 4040 2404 4091 vr,
2436 4025 2491 4078 5.
2567 4022 2613 4055 ⁸⁸
2662 4021 2822 4076 Rom.
2854 4037 2954 4086 xu,
2987 4021 3123 4091 5.7“
3155 4020 3322 4091 Marc.
3355 4037 3461 4085 xu,

3190 4093 3238 4123 ⁵⁸
3270 4089 3461 4148 Matth.

1965 4256 2079 4329 (58)
2110 4255 2255 4329 Idem
2301 4255 2492 4329 codex,
2533 4272 2553 4308 ι
2591 4254 2660 4310 ab
2691 4253 2777 4310 his
2802 4250 3202 4320 tantummodo,
3229 4251 3324 4322 qui
3360 4251 3462 4305 ha-

1890 4327 2091 4383 bebant
2117 4327 2506 4396 suscipiebant.
2539 4344 2558 4378 ι

1964 4398 2075 4470 (59)
2114 4392 2477 4460 Ιιιειιίροάθχ,
2509 4413 2530 4448 ι
2565 4408 2784 4448 omnem
2815 4393 3004 4462 Israel,
3033 4396 3162 4450 utsi
3189 4393 3314 4466 quis
3346 4392 3465 4449 fuc-

1812 4475 1862 4536 D
1887 4470 1980 4524 rit.
2023 4487 2042 4520 ι

1959 4538 2071 4610 (60)
2106 4537 2296 4610 Codex
2321 4535 2628 4610 Bobiensis,
2659 4553 2679 4586 ι
2710 4533 2860 4610 dicit.
2905 4552 2925 4585 ι

1955 4602 2068 4681 (61)
2106 4607 2391 4681 Bobiensis
2416 4607 2639 4681 _codex._
2673 4622 2693 4656 ι
2726 4604 2840 4681 _sed
2888 4612 2943 4681 et
2988 4602 3164 4659 abuti.
3201 4621 3220 4654 ι
3279 4603 3462 4669 Forte,

1876 4674 1907 4733 ἰ
1949 4674 2125 4736 έθᾶθι
2151 4679 2250 4740 uti,
2295 4696 2313 4729 ι
2347 4677 2452 4741 vel,
2483 4695 2502 4726 ι
2549 4675 2643 4732 sed
2667 4674 2832 4728 etiam
2868 4674 2968 4727 uti.
3014 4691 3033 4724 ι

1954 4749 2076 4819 (62)
2108 4747 2293 4801 Codex
2323 4746 2666 4819 Casinensis,
2709 4761 2728 4793 ι
2768 4742 2991 4819 Deus.)

1955 4813 2067 4890 (63)
2117 4821 2190 4890 Ita
2243 4817 2364 4872 cod.
2393 4815 2722 4877 Bobiensis;
2771 4827 2897 4865 nam
2938 4813 3254 4869 Casinensis
3302 4814 3464 4878 male,

1889 4909 1908 4942 ι
1947 4889 2238 4944 exstruxit.
2285 4905 2304 4938 ι

1955 4959 2067 5031 (64)
2113 4958 2258 5011 Idem
2307 4956 2500 5019 codex,
2537 4973 2556 5007 ι
2611 4953 2835 5024 patitur.
2895 4971 2916 5006 ι
2954 4951 3018 5006 Et
3066 4969 3214 5020 mox,
3252 4973 3271 5005 ι
3329 4969 3468 5025 quos

1949 5046 2013 5083 Cll
2023 5045 2095 5083 In.
2133 5047 2152 5079 ι

1886 5045 2170 5178 δθῖὲ5ιῖ1ἰι
2205 5097 2393 5152 Graeco
2438 5104 2523 5149 est
2559 5093 2998 5178 etotvopcgibvog,
3037 5111 3058 5145 ι
3094 5093 3216 5178 ﬁli-iu
3243 5093 3471 5152 thalami

1887 5164 2175 5237 sponsalis,
2229 5186 2248 5218 ι
2299 5182 2418 5231 seu,
2465 5176 2523 5219 ut
2549 5166 2713 5219 vertit
2744 5164 3010 5237 Vulgata,
3049 5183 3067 5215 ι
3094 5235 3100 5237 _
3125 5166 3216 5217 lilii
3249 5177 3469 5237 nuptia-

1887 5235 2048 5303 rum;
2102 5259 2121 5292 ι
2160 5252 2282 5309 qua:
2311 5237 2582 5309 _meliores
2617 5244 2745 5296 sunt
2783 5237 2948 5309 hujus
3002 5235 3106 5289 loci
3155 5236 3462 5290 versiones.

1960 5312 2070 5379 (66)
2093 5306 2276 5364 Codex
2308 5306 2612 5379 bobiensis.
2652 5325 2671 5356 ‹
2709 5307 2968 5379 suscepit.
3011 5324 3030 5354 ι

1901 5444 1906 5449 η
1961 5373 2072 5450 (67)
2097 5379 2278 5450 Codex
2307 5376 2613 5441 Bobiensis,
2645 5395 2663 5428 ι
2700 5377 2801 5429 viae
2828 5373 3273 5444 compendiosum
3303 5373 3465 5428 nobis

1887 5449 2162 5506 tramitem
2193 5449 2589 5503 demonstrare.
2632 5465 2652 5499 ι

1962 5522 2073 5594 (68)
2103 5521 2254 5594 idem
2287 5517 2479 5594 codex,
2510 5536 2528 5569 ι
2569 5518 2799 5594 multum
2833 5517 3058 5594 enim.)

1963 5582 2075 5665 (69)
2103 5591 2246 5644 Idem
2275 5582 2472 5665 codex,
2501 5590 2730 5665 «_cortlis
2760 5604 2910 5656 ergo.
2945 5605 2963 5636 ι
3002 5585 3068 5665 itit
3089 5600 3247 5665 (mox,
3279 5602 3298 5638 ι
3332 5582 3470 5641 nihil

1893 5657 2183 5735 praestante
2213 5659 2440 5735 carnali.
2481 5679 2498 5710 ι
2529 5657 2595 5712 Ει
2621 5659 2781 5720 infra,
2809 5676 2838 5735 _t_
2891 5657 3190 5735 muniatur.
3230 5673 3250 5700 ι

1963 5733 2074 5807 (70)
2108 5730 2249 5787 Idem
2276 5729 2466 5796 codex,
2505 5749 2522 5781 ι
2557 5729 2939 5800 compendium
2970 5729 3092 5780 viae.
3139 5744 3160 5778 ι
