3922 6490
476 377 496 424 1
510 371 612 426 199

1489 374 1669 429 ACTA
1712 368 2236 430 DlSPUTATlONlS
2280 366 2338 422 S.
2372 359 2717 420 ARCHELAI

3590 347 3735 405 ιδω

479 507 500 538 ι
553 491 662 542 Aut
693 490 1126 560 experimentum
1160 491 1272 564 (71)
1308 493 1553 563 quaeritis
1585 495 1704 564 ejus
1735 494 1827 564 qui
1874 494 1927 546 in
1957 508 2043 548 me
2071 496 2118 554 Α
2145 488 2429 545 nisterium
2461 485 2674 546 mortis,
2702 483 2756 536 in
2779 478 2978 535 litteris
3002 478 3298 532 formatum
3337 473 3392 528 in
3423 472 3730 564 lapidibus,

474 579 995 647 loquitur.Christus
1030 581 1136 636 l"'?
1172 602 1191 634 ι
1227 583 1368 648 Quid
1387 583 2042 654 ergomihiopusestcir—

473 670 807 724 cumcisione
840 670 974 742 (72),
1008 686 1130 726 cum
1175 674 1378 742 possim
1421 684 1474 727 et
1516 675 1568 727 in
1597 675 1861 744 praeputio
1880 675 2044 744 justi-

473 759 669 813 ficari'!
694 758 762 814 Et
790 761 1051 830 scriptum
1085 773 1169 816 est
1199 781 1213 818 :
1254 783 1272 816 ‹
1314 763 1370 818 Si
1406 765 1530 833 quis
1555 765 1913 819 circumcisus
1938 773 2039 830 est,

474 866 582 904 non
630 851 863 906 adducat
911 853 1274 922 praeputium;
1310 865 1403 907 aut
1440 855 1483 908 si
1516 855 1640 923 quis
1687 856 1740 908 in
1782 855 2043 924 praeputio

473 952 575 1003 est.
608 959 714 996 non
743 943 1163 998 circumcidatur
1195 962 1210 1000 :
1249 954 1541 1015 utrumque
1577 947 1719 1000 cnim
1763 947 1896 1000 nihil
1939 956 2040 1012 est,

474 1033 579 1088 nisi
611 1034 914 1087 observatio
955 1035 1330 1088 mandatorum
1369 1035 1528 1088 Dei"
1550 1036 1682 1108 ('73).
1708 1056 1726 1088 ›
1751 1036 1887 1090 Cum
1915 1051 2043 1105 ergo

475 1125 686 1178 nullum
719 1125 889 1194 possit
926 1127 1135 1180 salvare
1166 1127 1535 1193 circumcisio,
1572 1144 1676 1183 non
1712 1143 2042 1198 magnopere

475 1217 798 1286 requirenda
830 1225 945 1282 est;
980 1219 1214 1271 maxime
1263 1233 1387 1271 cum
1423 1218 1468 1272 si
1498 1219 1622 1287 quis
1671 1219 1724 1272 in
1776 1218 2042 1287 praeputio

474 1315 701 1361 vocatus
735 1305 897 1360 fuerit
921 1317 974 1361 et
997 1308 1315 1362 circumcidi
1341 1309 1593 1372 voluerit,
1622 1308 1883 1361 continuo
1908 1323 2043 1376 prae-

475 1400 745 1453 varicator
775 1399 910 1470 legis
939 1399 1050 1471 (74)
1071 1399 1351 1454 efﬁciatur.
1384 1399 1440 1452 Si
1474 1399 1620 1454 enim
1657 1399 2040 1463 circumcidor,

474 1495 530 1541 et
569 1488 822 1542 mandata
863 1488 995 1556 legis
1039 1487 1306 1555 adimpleo
1358 1497 1417 1541 ut
1461 1487 1655 1541 salvari
1691 1487 1923 1556 possim;
1958 1486 2044 1538 in-

475 1576 831 1631 circumcisus
891 1585 944 1631 et
1003 1576 1056 1629 in
1108 1576 1370 1645 praeputio
1419 1576 1653 1645 positus,
1712 1575 1882 1629 multo
1930 1590 2046 1627 ma-

476 1668 566 1737 gis
631 1669 884 1722 mandata
934 1670 1248 1723 custodiens
1313 1668 1521 1722 habebo
1546 1669 1732 1722 vitam.
1768 1666 1824 1721 in
1851 1667 2044 1736 spiritu

477 1759 622 1812 enim
659 1758 1132 1812 circumeisionem
1173 1757 1354 1812 cordis
1406 1758 1608 1826 accepi,
1654 1771 1762 1810 nou
1794 1757 1906 1825 jam
1958 1757 2045 1809 lit-

2149 581 2350 635 faetum
2383 586 2467 632 est
2499 576 2554 629 in
2600 573 2791 644 gloria,
2825 571 2900 624 ita
2935 577 2993 622 ut
3027 582 3134 622 non
3165 571 3387 635 possent
3423 562 3519 615 ﬁlii
3555 561 3732 614 Israel

2146 671 2423 727 intendere
2471 667 2528 721 in
2577 665 2768 719 faciem
2804 659 2972 730 Moysi
3005 667 3222 728 propter
3253 654 3486 726 gloriam
3533 653 3731 704 vultus

2145 764 2264 834 ejus
2282 776 2402 831 quae
2420 759 2663 814 aboletur
2686 756 2762 821 ⁶⁷;
2791 774 2807 804 ι
2832 762 2884 806 et
2905 751 3138 820 reliqua:
3156 759 3332 803 tamen
3352 746 3588 816 gloriam
3606 758 3733 796 esse

2144 856 2437 910 confitetur
2467 851 2522 904 in
2563 849 2714 902 vultu
2749 845 2950 916 Moysi,
2983 843 3122 911 quod
3151 849 3233 896 cst
3271 839 3511 892 amicum
3541 835 3731 888 nobis.

2147 947 2301 1014 Quod
2352 945 2397 1000 si
2443 942 2762 1005 destruitur.
2809 947 2863 993 et
2903 937 3146 990 velamen
3198 932 3361 986 habet
3408 929 3526 999 (8'5)
3564 928 3733 982 lectio

2144 1040 2287 1109 ejus,
2335 1027 2437 1091 hoc
2467 1049 2553 1090 me
2605 1048 2716 1087 non
2765 1029 3074 1091 exaeerbat,
3113 1040 3288 1094 neque
3322 1022 3651 1084 conturbat,
3689 1020 3731 1072 si

2146 1138 2355 1183 tantum
2395 1128 2448 1179 in
2486 1140 2552 1181 eo
2602 1123 2774 1195 gloria
2806 1122 2894 1175 sit.
2930 1119 3113 1188 Neque
3154 1130 3283 1169 vero
3327 1115 3634 1182 omnigene
3681 1111 3733 1163 in

2145 1219 2540 1290 ignobilitatem
2594 1213 2704 1286 (84)
2742 1210 3025 1280 redigitur,
3058 1207 3200 1276 quod
3235 1206 3557 1259 destruetur
3592 1201 3732 1273 (83).

2145 1310 2280 1364 Cum
2317 1308 2460 1362 enim
2493 1306 2558 1360 de
2614 1303 2785 1374 gloria
2837 1302 3076 1370 disputat
3116 1297 3417 1366 Scriptura,
3453 1293 3636 1347 scisse
3682 1308 3736 1345 se

2144 1398 2478 1455 differentias
2508 1395 2695 1465 gloriae
2739 1391 2848 1462 (86)
2886 1399 3112 1443 testatur
3146 1405 3159 1440 :
3193 1405 3211 1438 α
3268 1387 3388 1438 Alia
3435 1386 3616 1442 enim,
3655 1383 3736 1434 in-

2145 1491 2283 1560 quit,
2304 1488 2471 1559 gloria
2497 1484 2606 1556 (87)
2626 1483 2778 1547 solis,
2797 1482 2900 1536 alia
2923 1480 3090 1551 gloria
3108 1479 3269 1539 inme,
3286 1477 3390 1529 alia
3403 1475 3582 1544 gloria
3609 1473 3737 1527 stel-

2144 1582 2358 1644 larum;
2403 1578 2557 1633 stella
2590 1575 2734 1629 enim
2771 1590 2799 1627 a
2825 1573 2980 1626 stella
3012 1569 3189 1623 differt
3219 1569 3272 1621 in
3307 1567 3482 1636 gloria
3517 1565 3585 1616 ⁸⁸.
3625 1584 3644 1614 ι
3681 1563 3736 1618 Si

2145 1671 2290 1726 enim
2333 1669 2416 1724 sol
2461 1667 2722 1736 majorem
2774 1663 2934 1716 habet
2965 1661 3188 1730 gloriam
3228 1673 3393 1728 quam
3436 1657 3595 1720 luna,
3628 1669 3736 1706 non

2149 1764 2408 1819 continuo
2450 1761 2503 1814 in
2536 1757 2924 1829 ignobilitatem
2958 1755 3084 1808 luna
3127 1752 3412 1820 redigitur.
3461 1747 3546 1802 Ita
3595 1757 3652 1801 et
3691 1747 3735 1800 si

480 1859 610 1904 tera:
653 1848 764 1920 (75)
793 1864 890 1919 per
916 1857 1296 1911 atramentum,
1334 1849 1387 1901 in
1427 1863 1536 1917 quo
1567 1849 1686 1902 laus
1711 1862 1818 1900 non
1851 1863 1914 1900 cx
1947 1847 2043 1901 ho-
2075 1831 2116 1884 Β
2148 1853 2412 1907 Dominus
2454 1863 2607 1904 meus
2648 1847 2808 1902 Jesus
2856 1845 3108 1900 Christus
3151 1841 3409 1911 praecellit
3450 1840 3512 1892 in
3567 1839 3738 1908 gloria

477 1936 737 1999 minibus,
761 1936 851 1990 sed
882 1951 947 1990 ex
988 1934 1096 1990 Deo
1130 1947 1212 1992 est
1240 1937 1309 1991 ".
1350 1933 1466 1989 Non
1501 1951 1628 2006 ergo
1670 1935 1937 1989 referatur
1978 1937 2044 1990 ad

478 2043 565 2081 me
608 2027 979 2096 hujuscemodi
1012 2028 1302 2084 incusatio.
1346 2027 1498 2082 Sicut
1524 2029 1666 2081 enim
1705 2028 1902 2097 aliquis
1933 2027 2042 2098 (70)

479 2118 629 2172 dives
690 2119 873 2173 multis
930 2121 1044 2173 auri
1097 2130 1259 2190 atque
1308 2121 1514 2191 argenti
1568 2121 1800 2184 talentis,
1862 2122 1936 2175 ita
1984 2131 2044 2175 ut

481 2224 643 2264 omne
673 2209 785 2278 (77)
823 2211 1105 2266 domestici
1141 2228 1273 2266 usus
1298 2212 1661 2266 ministerium
1693 2228 1755 2267 ex
1790 2214 2047 2282 hujusce-

480 2300 626 2353 modi
658 2301 892 2355 metallis
917 2301 1110 2355 habeat
1135 2311 1421 2367 structum,
1450 2302 1503 2354 in
1529 2303 1680 2356 nullo
1703 2303 1847 2357 vasis
1871 2303 2046 2358 fictilis

479 2389 715 2458 speciem
750 2391 1012 2461 requirit;
1040 2391 1130 2446 sed
1159 2408 1266 2445 non
1297 2401 1580 2462 prepterca
1619 2393 1764 2464 figuli
1791 2409 1930 2464 opus
1954 2404 2050 2449 aut

478 2495 570 2535 ars
617 2481 862 2535 fictilium
915 2481 1026 2553 (78)
1076 2496 1329 2535 vasorum
1367 2483 1434 2535 ab
1473 2497 1538 2536 eo
1569 2483 1883 2537 detestanda
1917 2495 1997 2538 est
2032 2503 2045 2538 :

479 2572 551 2626 ita
585 2572 746 2626 etiam
773 2589 871 2643 ego
903 2573 1071 2642 gratia
1120 2573 1210 2627 Dei
1237 2574 1386 2627 dives
1418 2572 1591 2628 factus
1659 2583 1711 2628 et
1738 2575 1919 2629 cordis
1945 2575 2051 2629 cir-

479 2664 868 2718 cumcisionem
902 2674 1224 2719 consecutus
1246 2663 1383 2733 (79),
1403 2679 1744 2734 nequaquam
1771 2667 2052 2722 vilissima:

482 2756 627 2810 illius
653 2755 1090 2811 circumcisionis
1113 2757 1352 2827 indigeo,
1372 2772 1472 2810 nec
1496 2764 1674 2810 tamen
1703 2757 1898 2811 malam
1923 2775 2046 2813 esse

480 2847 626 2903 dico.
656 2847 831 2901 Absit.
874 2846 1030 2913 Quod
1065 2847 1110 2902 si
1133 2848 1445 2918 diligentius
1481 2847 1548 2902 de
1577 2849 1661 2902 his
1687 2849 1919 2904 voluerit
1950 2851 2051 2904 ali—

480 2939 604 3006 quis
633 2937 870 3000 edoceri,
901 2938 1135 2993 inveniet
1181 2939 1296 2993 lmc
1345 2940 1399 2992 in
1435 2939 1546 3008 (80)
1591 2938 1831 3011 Epistola
1877 2941 2052 3012 prima

483 3031 726 3098 Apostoli
751 3030 1064 3098 plenissime
1086 3040 1311 3086 tractata
1341 3031 1475 3103 (81).

552 3119 736 3175 XLIII.
765 3120 838 3175 De
878 3121 1181 3176 velamento
1215 3138 1342 3178 vero
1364 3122 1557 3194 Moysi,
1584 3131 1639 3178 et
1665 3123 1731 3178 de
1752 3123 2052 3179 ministerio

481 3211 695 3274 mortis,
729 3211 906 3264 dicam
937 3226 1188 3264 sermone
1216 3211 1556 3266 brevissimo.
1585 3210 1699 3266 Non
1726 3213 1869 3266 enim
1899 3215 2052 3270 valde

482 3300 619 3354 mihi
659 3301 772 3356 haec
821 3301 1101 3356 insinuare
1129 3302 1333 3371 aliquid
1376 3302 1636 3358 adversus
1672 3305 1843 3373 legem
1867 3304 2054 3360 viden-

452 3395 596 3448 'tur.
628 3390 720 3447 Ait
745 3407 876 3463 ergo
903 3408 1082 3448 sermo
1105 3395 1420 3464 propositus
1447 3395 1557 3465 (82)
1595 3414 1607 3449 :
1641 3413 1660 3446 ι
1689 3394 1842 3461 QuOd
1867 3396 1914 3452 si
1952 3396 2055 3450 mi-

555 3553 699 3630 “_'_ll
722 3554 850 3610 Cor.
875 3571 996 3622 xin,
1023 3557 1076 3612 5.
1151 3557 1198 3589 ⁸⁵
1228 3556 1395 3620 lCor.
1432 3574 1528 3624 νη,
1567 3559 1654 3617 18.
1695 3560 1776 3592 ’⁸⁸
1802 3559 1961 3618 Rom.
1997 3578 2058 3630 Il.
2096 3561 2183 3618 29·

485 3641 539 3689 v,
583 3626 670 3679 M.

583 3766 671 3840 71)
698 3766 843 3840 idem
882 3769 1071 3840 codex,
1105 3788 1125 3822 ς
1165 3770 1372 3837 dicens,
1399 3771 1851 3840 experimentum.
1889 3792 1908 3827 ›

583 3839 843 3904 7'1)ldem
873 3839 1060 3904 codex,
1101 3859 1119 3892 ι
1154 3839 1522 3896 circumcisio.
1573 3861 1591 3893 ι

587 3907 678 3980 75⁷)
719 3907 909 3980 Melius
949 3909 1177 3980 Vulgata
1219 3911 1374 3979 juxta
1419 3912 1576 3966 fidem
1605 3911 1775 3969 Graeci
1821 3925 2044 3970 textus:

496 3995 516 4030 ι
567 3978 937 4034 Circumcisus
983 3978 1178 4049 aliquis
1224 3978 1449 4035 vocatus
1494 3983 1614 4036 est?
1660 4000 1766 4038 non
1815 3987 2050 4039 adducat

489 4048 831 4119 praeputium.
869 4050 926 4103 ln
963 4051 1238 4173 grai-patio
1287 4051 1483 4120 aliquis
1521 4066 1744 4109 vocatus
1793 4054 1913 4110 est?
1943 4070 2049 4109 non

489 4119 930 4173 circumeidatur.
1011 4121 1321 4173 ircumcisio
1352 4121 1486 4173 nihil
1518 4131 1620 4173 est.
1647 4133 1701 4173 et
1732 4127 2049 4173 nrmnutium

489 4119 930 4194 circumcidatur.
963 4119 1321 4194 Circumcisio
1352 4119 1486 4194 nihil
1518 4131 1620 4186 est,
1647 4133 1701 4178 et
1732 4127 2052 4194 przeputium

491 4189 627 4243 nihil
655 4196 739 4241 est
771 4206 783 4241 :
815 4191 907 4242 sed
939 4191 1246 4244 observatio
1281 4191 1657 4246 mandatorum
1699 4189 1815 4248 Dei.
1843 4189 1872 4247 ἰ

493 4256 674 4381 le
707 4257 888 4312 Codex
915 4258 1218 4326 Bobiensis,
1254 4278 1272 4312 ι
1308 4262 1624 4330 ριέεάὶοίιιοι·
1653 4263 1809 4335 legis,
1847 4284 1865 4316 ι
1905 4264 2049 4320 mala

593 4344 614 4376 -I
659 4367 672 4378 .

565 4395 678 4466 (75)
712 4394 1022 4466 Legendum
1068 4395 1317 4463 forsitan,
1359 4417 1380 4448 ι
1431 4399 1633 4462 littera,
1671 4421 1692 4454 ι
1739 4411 1796 4456 ut
1825 4417 1946 4457 cum
1982 4403 2046 4460 D.

491 4463 1310 4558 caelites:eaeaeae
1661 4471 1728 4526 ad
1759 4489 1920 4543 quem
1949 4475 2051 4527 Αν-
2085 4504 2126 4558 ο

493 4535 717 4590 chelaus
751 4535 1008 4604 respicit,
1025 4537 1336 4590 concordet.

566 4605 678 4676 (76)
707 4604 842 4676 Male
867 4605 1182 4660 Casinensis
1201 4608 1394 4674 codex,
1435 4627 1454 4660 r
1484 4608 1644 4664 alius.
1680 4629 1702 4663 ›

565 4675 677 4816 (77)
709 4675 1012 4741 Bobiensis,
1047 4695 1067 4756 ς
1100 4677 1316 4756 talentis
1355 4680 1609 4749 repletus,
1644 4681 1717 4734 ita
1747 4694 1926 4736 omne.
1958 4699 1978 4734 ι

589 4745 654 4801 78
707 4745 897 4816 Codex
936 4744 1238 4809 Bobiensis,
1278 4765 1298 4797 ι
1349 4750 1494 4816 figuli
1543 4766 1680 4816 opus
1727 4749 1978 4816 aufers,a

589 4744 676 4820 78)
707 4745 900 4820 Codex
936 4744 1238 4820 B_obiensis,
1278 4765 1298 4797 ι
1349 4744 1494 4818 ιίεἶιιὶ
1543 4766 1680 4820 opus
1727 4749 1930 4818 aufers,
1961 4761 2056 4806 aut

493 4814 764 4890 fictilium.
804 4833 824 4866 ι
861 4814 1174 4890 Casinensis
1207 4833 1352 4890 vero,
1387 4814 1531 4888 figuli
1566 4814 1703 4890 opus
1733 4830 1784 4875 et
1825 4814 1926 4875 ars
1962 4831 2056 4877 aut

494 4886 775 4962 fictilium;
805 4903 824 4936 ι
859 4887 951 4940 sed
985 4887 1195 4962 videtur
1215 4886 1520 4957 legendum,
1550 4909 1569 4942 ι
1602 4886 1750 4962 liguli
1777 4907 1935 4961 opus,
1963 4901 2058 4948 aut

499 4971 592 5010 ars
615 4955 879 5018 ﬁctilium,
912 4975 930 5006 ι
966 4957 1043 5009 uti
1064 4955 1400 5013 editum’est.

568 5024 680 5096 (79)
733 5023 912 5096 Codex
964 5024 1268 5096 Bobiensis,
1304 5046 1323 5078 ‹
1381 5029 1532 5083 dives
1582 5028 1756 5086 factus
1803 5046 1948 5093 sum,
2001 5039 2057 5086 et

494 5093 676 5170 cordis
721 5093 1188 5170 circumcisionem
1237 5109 1583 5170 consecutus,
1628 5116 1989 5170 nequaquam.
2032 5121 2049 5153 ι

498 5165 564 5217 At
615 5163 948 5226 Casinensis,
1001 5183 1019 5206 ι
1055 5165 1204 5218 dives
1256 5165 1430 5222 factus
1485 5179 1538 5223 et
1570 5163 2056 5226 Vcirctimcisiouem

496 5244 845 5303 consecutus,
879 5248 979 5288 nec
1018 5249 1367 5303 quemquam.
1406 5257 1425 5289 ι
1459 5237 1567 5294 Nos
1610 5239 1962 5295 Casineusem
1991 5259 2058 5296 ex

497 5302 751 5357 Bobiensi
802 5303 1000 5372 partim
1037 5302 1442 5374 "supplevimus,
1495 5312 1692 5378 partim
1745 5312 2057 5366 emendavi-

498 5389 641 5426 mus.

571 5442 683 5512 (80)
734 5440 1303 5519 Epistolamprimam
1345 5445 1593 5519 intelligit
1641 5448 1936 5519 Epistolam
1991 5451 2056 5505 ad

502 5509 789 5592 lioiiian'os'
813 5529 974 5592 quam
1009 5509 1495 5592 abnantiquissimis
1519 5509 1776 5592 Ecclesia:
1804 5523 2060 5592 tempori-

501 5581 604 5655 bus
639 5583 873 5655 primum
910 5584 1048 5655 inter
1072 5581 1516 5654 Pauli—epistolas
1548 5589 1728 5643 locum
1781 5581 2055 5655 habuisse,

500 5649 675 5731 yelex
711 5651 1244 5731 hocﬁrchelai‘loco
1265 5649 1505 5731 apparet:
1539 5657 1672 5731 Vide
1703 5649 2057 5731 Epiphauium

502 5720 556 5774 iu
589 5719 889 5798 lueresii2,
919 5724 1007 5776 ubi
1035 5725 1246 5780 crimini
1278 5719 1435 5798 vertit
1457 5719 1906 5798 Marcionifquod
1937 5729 2061 5798 Epi-

503 5790 697 5850 stulam
726 5795 789 5846 ad
825 5793 1098 5853 Itonianos
1121 5806 1314 5873 quarto
1342 5797 1458 5853 loco
1486 5799 1624 5852 inter
1659 5790 1898 5859 D.'P'auli
1934 5790 2058 5870 Epi-

2144 1945 2387 2016 Moysen,
2439 1953 2696 2013 tanquam
2749 1939 3012 1994 Dominus
3059 1935 3324 1989 famulum
3350 1974 3366 1994 .
3401 1949 3519 1986 non
3557 1933 3733 1986 conti-

2148 2054 2260 2092 nuo
2285 2037 2586 2106 respuenda
2613 2045 2695 2090 est
2718 2033 2887 2103 gloria
2912 2029 3081 2100 Moysi
3113 2047 3126 2080 :
3159 2029 3229 2081 ita
3252 2027 3402 2080 enim
3430 2039 3734 2092 possumus

2151 2124 2468 2182 satisfacere
2495 2122 2856 2183 auditoribus,
2889 2121 3031 2174 sicut
3060 2127 3113 2171 et
3142 2115 3292 2169 verbi
3318 2115 3503 2184 ipsius
3541 2123 3737 2166 natura

2147 2217 2433 2288 persuadet
2469 2215 2604 2286 (88),
2640 2231 2704 2269 ex
2763 2210 3080 2282 Scripturis,
3109 2223 3228 2277 quae
3269 2207 3540 2268 dicimus,
3591 2206 3736 2258 aﬂir-

2150 2320 2360 2364 mantes
2401 2309 2482 2362 vel
2538 2316 2682 2361 certe
2735 2305 2900 2357 etiam
2956 2300 3217 2369 exemplis
3271 2313 3335 2352 ea
3385 2295 3738 2350 manifestius

2152 2400 2592 2470 comprobantes.
2631 2398 2688 2452 Si
2717 2398 2838 2467 quis
2879 2397 3153 2449 lucernam
3190 2390 3511 2445 accenderit
3549 2399 3737 2451 noctu,

2150 2509 2272 2547 cum
2299 2493 2381 2546 sol
2412 2501 2567 2546 ortus
2603 2490 2786 2555 fuerit,
2818 2501 2986 2559 parvo
3022 2485 3254 2538 lucerna:
3279 2484 3405 2554 igne
3444 2498 3564 2534 non
3602 2482 3737 2534 indi-

2150 2593 2256 2654 get,
2291 2593 2510 2654 propter
2534 2584 2874 2652 splendorem
2909 2579 3041 2636 solis
3071 2578 3270 2647 ubique
3305 2575 3620 2635 radiantis;
3649 2572 3738 2626 sed

2150 2690 2258 2727 non
2292 2673 2413 2727 ideo
2436 2673 2635 2742 abjecit
2670 2673 2969 2734 lucernam,
2998 2669 3166 2724 veluti
3205 2667 3546 2721 contrariam
3603 2665 3737 2725 soli;

2151 2765 2281 2835 quin
2323 2765 2504 2834 potius
2546 2773 2826 2833 comperto
2860 2765 2978 2832 ejus
3021 2778 3148 2823 usu,
3199 2760 3360 2814 etiam
3415 2759 3740 2827 diligentius

2152 2856 2388 2910 servavit
2429 2855 2564 2926 (89).
2600 2856 2907 2910 Custodivit
2950 2869 3076 2924 ergo
3107 2851 3362 2923 populum
3414 2851 3501 2902 lex
3566 2848 3740 2920 Moysi

2152 2956 2410 3018 tanquam
2436 2948 2680 3010 lucerna,
2715 2961 3002 3016 usquequo
3025 2945 3106 2999 sol
3136 2943 3292 2997 uobis
3324 2957 3490 2995 verus
3532 2941 3733 2994 Salva-

2154 3050 2240 3094 tor
2270 3051 2455 3094 noster
2505 3039 2759 3104 oriretur,
2789 3038 2928 3092 sicut
2975 3047 3027 3092 et
3055 3038 3131 3091 ait
3164 3055 3178 3090 :
3219 3054 3238 3086 (
3297 3033 3359 3087 Et
3397 3033 3741 3086 illuminabit

2154 3130 2404 3185 Christus
2448 3129 2516 3184 δ’.
2575 3147 2595 3182 ›
2645 3127 2748 3183 Sed
2796 3130 2940 3198 quod
2992 3128 3124 3182 dicit
3161 3145 3173 3180 :
3218 3144 3238 3177 ‹
3273 3124 3573 3179 Obscurati
3615 3132 3740 3177 sunt

2156 3236 2346 3277 sensus
2399 3236 2610 3275 eorum.
2645 3217 2830 3290 Usque
2872 3219 2928 3273 in
2979 3218 3298 3272 hodiernum
3349 3215 3498 3268 enim
3557 3216 3738 3283 ipsum

2155 3311 2401 3365 velamen
2438 3319 2621 3364 manet
2649 3310 2702 3363 in
2737 3310 2966 3366 lectione
3004 3307 3113 3377 (90)
3136 3309 3332 3363 veteris
3361 3306 3736 3362 Testamenti.

2156 3399 2274 3454 Non
2329 3399 2636 3467 revelatur,
2689 3400 2817 3470 quia
2867 3401 2922 3454 in
2967 3399 3182 3456 Christo
3233 3398 3545 3454 destruitur
3604 3399 3739 3466 (91).

2285 3565 2328 3596 ⁵⁷
2360 3564 2399 3618 ll
2435 3564 2562 3619 Cor.
2605 3581 2686 3628 ιιι,
2733 3565 2784 3619 7.
2859 3563 3095 3621 “lCor.
3123 3581 3211 3630 xv,
3244 3565 3334 3618 41.
3438 3565 3485 3596 ⁸³
3526 3563 3735 3634 Ephes.

2151 3777 2319 3832 stolas
2351 3777 2714 3832 collocaverit.
2754 3776 2886 3831 Vide
2913 3777 3076 3831 etiam
3105 3792 3268 3846 supra
3298 3791 3422 3844 cap.
3462 3775 3561 3829 34.

2222 3846 2335 3918 (81)
2377 3846 2513 3901 Male
2538 3847 2743 3903 codicis
2776 3846 3080 3914 Bobiensis,
3113 3866 3133 3899 ι
3168 3847 3491 3917 plenissime
3521 3857 3735 3914 pertra-

2151 3926 2327 3970 etans.
2371 3936 2391 3969 ι

2227 3986 2338 4057 (82)
2369 3986 2506 4040 Male
2549 3987 2752 4041 codicis
2795 3985 3096 4054 Bobiensis,
3133 4005 3152 4037 ι
3186 3985 3570 4057 propheticus.
3617 4005 3637 4037 ι
3673 3984 3738 4039 Et

2158 4071 2309 4112 mox.
2343 4075 2359 4106 ι
2397 4058 2590 4112 litteris
2622 4057 2916 4111 firmatum.
2965 4077 2986 4110 ι

2233 4126 2345 4196 (85)
2373 4125 2658 4196 Bobiensis
2687 4128 2879 4190 codex,
2914 4147 2932 4178 ‹
2965 4128 3010 4182 si
3043 4125 3226 4181 habet.
3271 4143 3292 4176 ι

2226 4197 2336 4265 (81)
2373 4196 2549 4252 Codex
2578 4195 2858 4251 Bobiensis
2885 4205 2939 4251 et
2960 4198 3049 4252 hic
3078 4203 3391 4265 corruptam
3424 4195 3722 4250 lectionem

2153 4266 2402 4330 exhibet,
2466 4283 2686 4335 nempe,
2747 4284 2765 4317 ι
2829 4267 3030 4336 gloria;
3119 4282 3296 4336 neque
3359 4281 3526 4331 vero,
3584 4266 3734 4320 omni

2156 4351 2353 4406 genere
2378 4343 2431 4388 'm
2464 4337 2763 4391 nobilitate.
2799 4355 2816 4388 ι
2854 4335 3101 4392 Valesius
3135 4335 3278 4392 recte
3298 4337 3586 4401 emendat,
3625 4355 3643 4387 ι
3679 4337 3732 4390 in

2154 4405 2570 4475 ignobilitatem.
2613 4427 2630 4456 ιι
3004 4431 3011 4441 ~

2251 4474 2341 4541 85)
2370 4475 2553 4529 Codex
2584 4475 2888 4540 Bobiensia,
2923 4495 2942 4527 ‹
2982 4476 3302 4531 destruitur.
3343 4494 3362 4526 ι

2249 4543 2338 4615 86)
2374 4544 2516 4616 Idem
2556 4546 2750 4616 codex,
2772 4564 2804 4616 il
2843 4548 2950 4603 scis
2989 4562 3109 4601 esse
3140 4546 3472 4601 ditl'erentias
3508 4547 3732 4616 gloria;

2156 4615 2428 4685 aliaienim
2459 4615 2705 4685 gloria.)
2739 4615 2875 4670 Mala
2903 4617 3083 4672 lectio.

2229 4683 2614 4764 (87)‘Vul'gata,
2655 4684 3109 4764 l_remeusl_lil‘i..n,
3136 4700 3255 4755 cap.
3289 4684 3401 4764 2!,”
3416 4693 3472 4764 et
3502 4684 3733 4764 Cypria-

2156 4770 2261 4809 nus
2299 4755 2392 4809 lib.
2427 4771 2508 4818 Ill,
2545 4755 2760 4809 Testim.
2792 4757 2859 4808 ad
2883 4756 3187 4821 Quirinum,
3218 4771 3337 4824 cap.
3369 4756 3462 4818 58,
3503 4755 3728 4816 habent,

2162 4841 2182 4874 ε
2217 4825 2457 4896 claritas,
2492 4845 2529 4896 ζ
2548 4841 2644 4894 pro
2677 4844 2696 4875 ι
2735 4827 2926 4896 gloria.
2961 4845 2980 4876 ›
3017 4826 3119 4879 Sed
3153 4836 3422 4894 postrema
3465 4841 3572 4878 vox
3611 4827 3730 4891 pla-

2157 4895 2270 4949 cuit
2294 4896 2454 4948 etiam
2489 4894 2823 4949 Tertullia'no
2851 4896 2923 4948 De
2943 4912 3141 4949 resurr.
3175 4896 3378 4958 carnis,
3407 4911 3533 4964 cap.
3564 4896 3653 4949 52.

2229 4964 2338 5035 (88)
2363 4964 2896 5028 Bobiensisunatura
2919 4967 3273 5020 demonstrat.
3289 4986 3306 5015 ι
3326 4966 3469 5029 Mox,
3495 4985 3514 5015 ι
3545 4980 3730 5020 exem-

2159 5035 2263 5104 plis
2304 5035 2664 5090 manifestius.
2710 5056 2728 5087 ι
2776 5035 2840 5090 Ει
2869 5035 3028 5099 infra,
3071 5054 3089 5086 ε
3127 5036 3206 5089 sol
3237 5047 3476 5090 exortus.
3528 5055 3546 5086 ι

2232 5105 2344 5172 (89)
2377 5105 2432 5158 lu
2466 5107 2650 5160 codice
2680 5105 2951 5171 Bobiensi,
2997 5124 3015 5157 ε
3051 5107 3306 5160 servabit.
3342 5127 3362 5158 ι
3398 5105 3536 5157 Male
3571 5105 3728 5158 Casi-

2159 5176 2342 5228 neusis
2380 5176 2570 5237 codex,
2607 5195 2625 5227 ι
2661 5178 2986 5231 observavit.
3030 5195 3047 5227 ι
3081 5175 3146 5229 Et
3179 5175 3342 5240 infra,
3373 5195 3392 5225 ‹
3430 5186 3721 5244 antequam

2159 5245 2399 5298 lucerna.
2436 5264 2455 5296 ι
2495 5245 2730 5300 Econtra
2776 5247 2927 5314 peior
2966 5248 3019 5300 in
3049 5247 3404 5315 sequentibus
3438 5244 3721 5298 Bobiensis

2159 5315 2365 5368 codicis
2400 5315 2578 5378 lectio,
2612 5317 2702 5368 ubi
2751 5320 2830 5370 sic
2864 5331 2922 5370 se
2967 5316 3146 5374 habet.
3183 5334 3202 5366 ι
3237 5317 3319 5368 sol
3361 5317 3522 5369 nobis
3563 5329 3724 5367 verus

2161 5384 2408 5436 Salvator
2446 5387 2673 5447 orietur,
2707 5386 2848 5440 sicut
2893 5385 2988 5450 ait,
3025 5395 3079 5439 et
3115 5385 3388 5439 illuminat
3431 5386 3530 5439 tibi
3570 5384 3719 5439 Chri-

2160 5465 2296 5508 stus.
2329 5453 2435 5524 serl
2461 5455 2553 5524 qui
2585 5456 2736 5510 dicit.
2781 5475 2799 5506 ι

2231 5523 2342 5595 (90)
2372 5522 2552 5578 Codex
2595 5525 2898 5588 Bobiensis,
2929 5534 2983 5580 et
3013 5524 3242 5595 Vulgata
3269 5525 3343 5578 ita
3388 5525 3596 5595 legunt,
3624 5522 3717 5576 sed

2160 5593 2212 5646 in
2240 5594 2523 5648 Casinensi
2547 5595 2798 5662 habetur,
2828 5614 2847 5646 ι
2879 5604 3022 5650 tenet
3051 5604 3103 5648 et
3127 5593 3178 5647 in
3214 5593 3467 5648 lectione:
3499 5614 3518 5645 ι

2231 5664 2342 5732 (91)
2373 5663 2550 5718 Codex
2574 5661 2908 5730 Casinensis,
2941 5683 2959 5717 ι
2985 5667 3330 5727 destruetur;
3365 5683 3383 5715 ι
3413 5666 3572 5718 lectio
3598 5661 3719 5714 Vul-

2162 5736 2619 5802 gata-contraria,
2645 5752 2766 5803 qua:
2785 5737 2944 5791 etiam
2971 5736 3151 5798 habet,
3184 5754 3201 5785 ‹
3235 5752 3338 5789 non
3368 5737 3656 5791 revelatum
3691 5751 3714 5780 ι

2164 5805 2448 5875 utrobique
2475 5805 2641 5874 juxta
2669 5809 2824 5862 [idem
2854 5806 3028 5864 Graeci
3061 5815 3264 5865 textus.
