3922 6506
233 399 364 454 1501

1316 401 1461 457 CUM
1501 400 1779 456 MANETE
1820 399 2347 456 HIERESIARCHA.

3334 396 3472 451 1502

233 519 417 590 Usque
468 519 525 573 in
563 519 884 574 hodiernum
936 517 1103 585 enim,
1149 535 1270 574 cum
1321 518 1520 590 legitur
1567 518 1804 590 Moyses,
1833 524 1880 579 A
1908 518 2058 586 oens,
2100 519 2344 574 velamen
2381 531 2501 572 esse
2526 516 2760 586 positum
2797 518 2849 570 in
2878 515 3108 571 lectione
3136 510 3345 569 Veteris
3370 512 3473 567 Te-

228 612 478 665 velamen
513 621 595 664 est
622 611 859 679 positum
890 624 1054 679 super
1084 625 1177 665 cor
1204 626 1417 665 eorum.
1454 609 1590 665 Cum
1618 620 1797 665 autem

228 692 531 757 conversus
584 700 747 757 fuerit
805 702 871 756 ad
928 701 1258 766 Dominum,
1315 701 1595 757 auferetur
1650 702 1798 756 vela-

229 814 355 853 men
378 797 509 867 (92).
536 796 800 851 Dominus
824 806 1002 851 autem
1031 794 1265 866 Spiritus
1285 807 1367 851 est
1394 798 1458 851 ⁸ο.
1488 816 1507 848 ι
1525 795 1661 862 Quid
1686 797 1798 866 (95)

229 889 445 958 inquit?
469 887 649 957 Usque
672 888 725 945 in
752 888 1144 943 hodiernumne
1173 905 1412 959 prmsens
1440 898 1524 943 est
1548 889 1799 960 Moyses?

229 996 339 1034 non
372 980 646 1042 dormivit,
676 995 782 1033 non
812 980 1095 1049 requievit,
1126 996 1236 1034 non
1275 981 1539 1034 abscessit
1578 995 1608 1034 e
1654 980 1802 1033 vita?

226 1071 515 1138 Quomodo
545 1073 598 1125 in
627 1072 946 1127 hodiernum
977 1073 1087 1144 (94)
1123 1072 1296 1127 dicit?
1338 1072 1443 1128 Sed
1471 1073 1679 1127 intuere
1709 1088 1803 1127 ve-

226 1165 431 1227 lamen,
461 1163 552 1219 ubi
594 1164 745 1225 dicit,
780 1165 1016 1233 positum
1070 1181 1234 1233 supra
1274 1180 1370 1219 cor
1399 1180 1611 1227 eorum,
1639 1165 1691 1217 in
1724 1165 1802 1218 le-

226 1258 411 1311 ctione
450 1271 662 1310 eorum.
713 1254 839 1310 Ilaec
878 1263 962 1310 est
1004 1255 1116 1325 (93)
1150 1272 1253 1309 vox
1305 1272 1425 1325 qua:
1450 1257 1630 1325 arguit
1661 1257 1801 1311 filios

225 1350 415 1414 Israel,
464 1349 703 1419 legentes
743 1347 962 1418 Moysen
1001 1358 1054 1403 et
1103 1363 1211 1401 non
1264 1348 1659 1419 intelligentes,
1706 1365 1802 1403 ne-

224 1457 337 1511 que
376 1449 753 1495 eonvertentes
801 1456 860 1495 se
910 1440 976 1493 ad
1016 1437 1336 1503 Dominum;
1379 1440 1635 1509 quoniam
1688 1440 1803 1510 ipse

224 1543 333 1597 est,
365 1532 458 1602 qui
502 1548 533 1587 a
566 1531 750 1603 Moyse
803 1531 1158 1601 prophetatus
1200 1541 1277 1585 est
1324 1532 1528 1585 venire.
1568 1530 1681 1585 lloc
1718 1540 1803 1585 est

225 1624 497 1687 velamen,
533 1624 681 1693 quod
727 1635 844 1677 erat
888 1623 1129 1692 positum
1172 1638 1335 1690 super
1372 1622 1563 1677 faciem
1609 1622 1799 1693 Moysi,

224 1716 372 1784 quod
428 1725 511 1769 est
580 1724 962 1768 testamentum
1028 1714 1148 1783 ejus
1226 1714 1309 1781 ⁸¹;
1382 1716 1457 1770 ait
1532 1717 1678 1771 enim
1744 1716 1797 1770 in

225 1809 343 1876 lege
368 1805 518 1876 (96):
558 1825 575 1857 ι
604 1804 723 1859 Non
754 1807 968 1861 deficiet
1018 1806 1271 1877 princeps
1317 1824 1384 1863 ex
1432 1807 1591 1873 Juda,
1626 1824 1800 1877 neque

224 1900 337 1953 dux
393 1897 459 1951 de
520 1895 821 1952 femoribus
876 1898 1039 1967 ejus,
1105 1914 1389 1968 usquequo
1446 1901 1627 1953 veniat
1687 1897 1797 1969 (97)

226 1989 390 2058 cujus
432 1996 515 2042 est
547 1988 693 2059 (98),
725 1996 779 2042 et
818 1988 931 2057 ipse
961 1989 1062 2043 erit
1102 1989 1436 2058 exspectatio
1460 1991 1699 2059 gentium
1733 1990 1798 2041 δ’.

226 2078 333 2146 Qui
375 2079 619 2149 alligabit
649 2080 758 2151 (99)
796 2081 861 2134 ad
883 2081 1047 2134 vitem
1077 2081 1282 2150 pullum
1318 2098 1502 2146 suum,
1531 2091 1583 2135 et
1612 2083 1676 2135 ad
1706 2097 1800 2150 op.

228 2174 421 2227 timam
472 2174 634 2229 vitem
672 2174 876 2243 pullum
910 2174 1079 2227 asinae
1127 2190 1260 2228 suae.
1314 2173 1539 2227 Lavabit
1584 2175 1635 2226 in
1679 2174 1802 2227 vino

228 2261 426 2315 stolam
450 2277 631 2328 suam,
651 2271 704 2316 et
726 2262 781 2315 in
804 2264 1068 2333 sanguine
1088 2279 1202 2316 uvae
1220 2263 1596 2317 indumentum
1616 2279 1797 2318 suum.

230 2353 437 2409 Sull'usi
463 2355 607 2409 oculi
638 2356 713 2426 (l)
739 2355 859 2424 ejus
884 2372 914 2409 a
940 2357 1086 2419 vino,
1136 2364 1190 2409 et
1222 2356 1434 2410 candidi
1463 2356 1653 2412 dentes
1684 2356 1802 2426 ejus

227 2462 255 2498 a
290 2445 449 2512 lacte,
508 2464 528 2497 ι
572 2454 626 2500 et
668 2447 897 2516 reliqua.
942 2445 1046 2512 Qui
1087 2448 1248 2502 etiam
1275 2457 1328 2501 et
1368 2448 1509 2503 unde
1543 2458 1802 2503 venturus

225 2544 372 2590 esset
412 2536 753 2606 designavit,
814 2537 1000 2591 dicens
1035 2555 1048 2590 :
1093 2556 1111 2588 ι
1157 2536 1479 2607 Prophetam
1513 2538 1663 2591 vobis
1704 2553 1800 2592 su-

226 2627 445 2681 scitabit
502 2626 762 2682 Dominus
812 2627 954 2682 Deus
1008 2643 1075 2683 ex
1120 2628 1379 2683 fratribus
1417 2628 1611 2683 vestris
1661 2628 1801 2683 sicut

226 2736 343 2785 me;
376 2721 549 2788 ipsum
574 2720 754 2774 audite
785 2721 883 2775 ⁸³.»
909 2719 972 2773 Et
993 2721 1209 2789 quidem
1234 2720 1358 2789 quia
1382 2734 1487 2773 non
1522 2720 1693 2789 possit
1716 2719 1801 2772 in-

228 2814 421 2882 telligi,
454 2814 559 2867 hoc
592 2812 659 2865 de
702 2811 828 2866 Jesu
859 2810 1005 2865 Nave
1050 2812 1124 2882 (2)
1168 2813 1370 2866 dictum
1394 2827 1532 2873 esse,
1569 2810 1798 2865 manife-

225 2915 371 2959 stum
404 2912 503 2959 est.
550 2904 694 2957 Nihil
726 2905 869 2957 enim
922 2904 1084 2973 hujus
1116 2904 1547 2959 circumcisionis
1592 2904 1648 2957 in
1682 2904 1799 2973 ipso

226 2996 535 3061 invenitur;
584 2995 758 3050 adhuc
799 2995 942 3048 enim
977 3012 1043 3050 ex
1066 2994 1204 3049 Juda
1240 3011 1392 3064 reges
1425 2994 1643 3050 fuerunt
1676 3002 1799 3063 post

226 3090 431 3157 ipsum,
467 3096 521 3141 et
557 3087 676 3141 ideo
710 3086 885 3140 aliena
932 3085 1089 3155 longe
1121 3095 1205 3140 est
1234 3088 1302 3140 ab
1340 3101 1403 3139 eo
1432 3084 1543 3138 hmc
1569 3086 1798 3154 prophe-

1906 612 2184 677 stamenti,
2231 620 2453 679 propter
2472 610 2624 684 quod
2650 609 2697 663 is
2723 609 2814 678 qui
2851 609 3148 678 appellatur
3170 606 3471 677 antiquitus

1907 702 2093 764 Israel,
2146 711 2423 770 exspectat
2470 704 2760 754 adventare
2786 698 3085 762 Christum,
3124 714 3231 752 non
3266 698 3471 752 intelli-

1902 806 2087 865 gentes
2116 793 2191 863 (6)
2232 794 2361 860 quia
2401 793 2714 846 defecerunt
2744 805 2807 844 ex
2837 789 2974 845 Iuda
3001 791 3295 861 principes,
3327 801 3379 842 et
3400 804 3468 844 ex

1906 885 2202 940 femoribus
2228 885 2346 954 ejus
2383 884 2581 947 duces;
2620 882 2761 936 sicut
2792 897 2937 935 nunc
2973 882 3217 939 videmus
3252 884 3469 952 regibus

1902 992 1997 1031 eos
2038 976 2481 1046 principibusque
2525 973 2801 1042 subjectos
2848 973 2924 1042 (5)
2961 973 3157 1027 tributa
3202 977 3469 1043 pendere,

1904 1070 2051 1123 nulla
2084 1068 2186 1123 sibi
2220 1077 2481 1134 potestate
2509 1069 2590 1120 vel
2628 1066 2905 1135 judicandi
2940 1066 3020 1118 vel
3055 1067 3310 1135 puniendi
3333 1083 3469 1122 con-

1901 1178 2078 1227 cessa,
2128 1161 2273 1216 sicut
2301 1159 2469 1215 Judas
2514 1159 2743 1225 habuit,
2777 1159 2904 1228 quia
2951 1157 3189 1212 Thamar
3219 1160 3285 1226 “,
3318 1167 3473 1229 post-

1901 1268 2134 1322 eaquam
2180 1252 2657 1317 condemnaverat,
2708 1251 2882 1320 potuit
2909 1249 3227 1319 justiticare.
3278 1251 3382 1305 Sed
3415 1258 3473 1306 et

1900 1343 2155 1398 videbitis
2195 1343 2271 1413 (6)
2313 1342 2480 1396 vitam
2511 1349 2746 1397 vestram
2774 1342 3096 1411 pendentem
3127 1350 3251 1395 ante
3280 1341 3470 1396 oculos

1902 1445 2112 1490 vestros
2142 1436 2209 1489 ⁸⁸.

1974 1526 2161 1581 XLIV.
2210 1526 2385 1581 IIabet
2433 1524 2597 1579 etiam
2646 1525 2735 1579 hic
2780 1542 2961 1582 sermo
2988 1527 3253 1581 velamen.
3287 1524 3471 1595 Usque

1903 1620 1969 1673 ad
2014 1618 2281 1673 Herodem
2313 1618 2456 1672 enim
2493 1632 2559 1671 ex
2596 1626 2746 1686 parte
2786 1618 2965 1686 aliqua
3019 1633 3244 1687 regnum
3287 1626 3471 1670 tenere

1902 1709 2265 1775 videbantur;
2314 1710 2383 1763 ab
2413 1708 2664 1779 Augusto
2694 1720 2871 1762 autem
2903 1709 3078 1778 prima
3105 1710 3360 1779 ascriptio
3390 1708 3469 1777 (7)

1904 1802 1957 1856 ἰιι
1994 1802 2074 1855 eis
2109 1801 2252 1855 facta
2292 1812 2395 1865 est,
2453 1812 2505 1856 et
2534 1808 2836 1869 coeperunt
2886 1801 3085 1854 tributa
3132 1801 3384 1869 pendere,
3419 1808 3473 1853 et

1905 1876 2127 1946 censum
2157 1894 2303 1946 dare.
2342 1892 2420 1946 Ex
2459 1909 2567 1962 quo
2602 1892 3076 1946 autem‘Domiuus
3104 1901 3289 1945 noster
3310 1890 3471 1946 Jesus

1902 1995 2113 2054 coeptus
2179 1994 2263 2041 est
2318 1987 2630 2055 pr0phetari
2686 1996 2850 2055 atque
2900 1985 3236 2055 exspectari',
3288 1999 3354 2038 ex
3407 1998 3473 2037 eo

1902 2076 2174 2146 principes
2220 2091 2285 2129 ex
2332 2075 2470 2130 Juda
2513 2091 2635 2131 esse
2663 2086 2946 2145 emperunt
2982 2084 3036 2129 et
3063 2075 3229 2128 duces
3263 2074 3469 2144 populi,

1904 2168 1997 2237 qui
2050 2184 2269 2222 rursum
2318 2168 2634 2223 defecerunt
2686 2168 2741 2221 in
2782 2168 3015 2220 adventu
3050 2166 3125 2235 (8)
3170 2166 3471 2235 praesentiae

1902 2262 2041 2331 ejus.
2073 2261 2131 2316 Si
2161 2277 2289 2332 ergo
2321 2260 2598 2315 auferatur
2620 2261 2861 2315 velamen
2888 2261 3031 2330 quod
3056 2260 3109 2312 in
3129 2260 3217 2312 illa
3242 2259 3473 2312 lectione

1901 2353 2134 2423 positum
2170 2364 2270 2419 est,
2304 2354 2602 2422 intelligent
2626 2353 2700 2422 (9)
2724 2352 2981 2405 virtutem
3010 2349 3467 2412 circumeisionis,

1902 2446 2177 2500 invenient
2218 2456 2271 2500 et
2311 2447 2711 2515 generationem
2743 2443 2862 2513 ejus
2891 2459 3049 2512 quem
3078 2442 3462 2512 praedicamus,

1902 2546 1954 2591 et
1997 2553 2239 2602 crucem,
2273 2546 2326 2591 et
2370 2549 2708 2607 quaecunque
2739 2537 2804 2589 de
2845 2536 3075 2591 Domino
3102 2544 3290 2588 nostro
3321 2542 3469 2603 gesta

1902 2638 2050 2693 sunt,
2088 2629 2204 2698 ipsa
2238 2644 2359 2683 esse
2400 2645 2522 2698 qua:
2570 2628 2636 2683 de
2682 2644 2747 2683 eo
2808 2627 3026 2682 fuerant
3075 2626 3350 2695 praedicta.
3406 2622 3472 2677 Et

1899 2721 2059 2775 velim
2106 2719 2325 2789 quidem
2365 2720 2431 2773 de
2465 2719 2763 2788 Seripturis
2803 2718 3076 2773 discutere
3102 2729 3471 2785 unumquem-

1903 2827 2009 2882 que
2050 2826 2357 2867 sermonem
2407 2810 2542 2883 (lO),
2596 2818 2650 2864 et
2699 2808 2982 2864 ostendere
3029 2816 3087 2861 ut
3121 2806 3345 2875 intelligi
3388 2804 3472 2859 di-

1903 2920 2067 2975 gnum
2098 2912 2199 2957 est.
2233 2902 2338 2957 Sed
2369 2902 2625 2972 quoniam
2662 2918 2809 2956 nunc
2836 2900 2981 2955 aliud
3008 2908 3091 2954 est
3120 2900 3265 2969 quod
3291 2906 3468 2969 urget,

1901 2997 1967 3051 de
1998 2996 2212 3050 vacanti
2244 2996 2353 3062 (11)
2389 2995 2541 3050 nobis
2582 2996 2682 3049 ista
2727 2995 3012 3059 dicenturf;
3060 2994 3175 3047 haec
3211 2991 3356 3046 enim
3388 2991 3469 3044 di-

1902 3086 2047 3140 xisse
2072 3100 2219 3138 nunc
2257 3082 2471 3148 suﬂicit,
2526 3092 2585 3136 ut
2623 3083 2973 3137 ostendamus
3006 3097 3115 3136 non
3155 3084 3273 3136 sine
3302 3096 3468 3134 causa

226 3181 321 3233 tia.
378 3177 443 3233 Et
486 3179 589 3233 hoc
617 3188 699 3233 est
727 3179 971 3233 velamen
1006 3180 1083 3249 (5)
1110 3221 1124 3246 ,
1169 3178 1313 3248 quod
1338 3187 1419 3233 est
1455 3178 1508 3231 in
1542 3176 1794 3250 Moysen;
1825 3218 1867 3273 Ο
1901 3180 2145 3233 velamen
2183 3177 2422 3246 positum
2453 3192 2615 3245 super
2648 3191 2740 3229 cor
2768 3174 3127 3245 quorumdam
3155 3175 3207 3228 in
3240 3175 3470 3228 lectione

226 3285 403 3339 neque
435 3270 600 3335 enim,
634 3269 777 3323 sicut
816 3269 1046 3324 fortasse
1074 3270 1240 3339 aliqui
1282 3269 1652 3338 imperitorum
1694 3284 1796 3337 pu-

226 3370 365 3426 tant,
416 3361 641 3414 linteum
674 3360 894 3430 aliquod
940 3370 1033 3415 aut
1075 3361 1228 3430 pellis
1267 3359 1403 3427 fuit,
1440 3375 1559 3429 quae
1588 3359 1796 3413 vultum

224 3454 344 3529 ejus
372 3455 627 3523 operiret.
666 3452 771 3508 Sed
798 3456 1092 3524 Apostolus
1123 3454 1409 3523 diligenter
1439 3452 1675 3517 ostendit
1707 3452 1796 3507 di-

297 3570 342 3600 ⁶⁰
378 3568 418 3623 ιι
446 3568 572 3623 Cor.
607 3585 689 3633 ιιι,
720 3570 807 3624 14.
885 3571 926 3601 ⁶¹
954 3569 1122 3624 Exod.
1150 3585 1335 3638 xxxrv,
1358 3571 1457 3637 55;
1489 3569 1535 3624 ll
1569 3570 1696 3625 Cor.
1730 3586 1792 3625 ιιι

1917 3599 1941 3625 ι.
2019 3571 2064 3601 ⁶¹
2090 3570 2223 3625 Gen.
2259 3585 2409 3637 xux,
2438 3569 2524 3625 10.
2602 3569 2649 3600 ⁸³
2674 3567 2830 3623 Deut.
2864 3583 3019 3635 xvnl,
3065 3565 3148 3620 l8.

226 3654 455 3699 xxxvtn.
532 3641 577 3678 ⁸⁸
618 3639 777 3695 Deut.
806 3656 998 3707 xxvrn,
1066 3642 1119 3695 9.

296 3760 409 3829 (92)
431 3759 613 3831 Codex
648 3760 952 3831 Bobiensis,
983 3779 1001 3811 ι
1038 3760 1203 3816 fuerit
1227 3761 1351 3831 quis
1381 3763 1446 3817 ad
1474 3761 1787 3829 Dominum,

227 3832 503 3887 auferetur
532 3830 799 3900 velamen.
847 3850 864 3882 ι
906 3830 1134 3900 Vulgata
1165 3830 1309 3885 enim
1348 3834 1529 3895 habet,
1578 3850 1595 3883 ι
1633 3832 1789 3888 aufe-

230 3912 401 3956 retur.
444 3921 461 3952 ι
499 3900 567 3953 At
599 3902 652 3954 in
688 3899 1187 3955 Casinensicodice
1219 3910 1300 3956 est
1336 3920 1354 3953 ι
1396 3902 1662 3956 aufertur.
1696 3922 1716 3955 ι

299 3970 411 4045 (95)
441 3970 786 4045 Casinensis,
811 3990 829 4021 ι
864 3970 1031 4045 quod,
1072 3971 1267 4045 rmala
1293 3972 1477 4045 lectio.

300 4039 413 4103 (94')
444 4040 625 4094 Codex
658 4039 965 4109 Bobiensis,
1010 4059 1030 4093 ι
1069 4041 1332 4097 abscessit
1363 4042 1511 4098 vita?
1586 4039 1797 4106 Quam,—

216 4108 544 4165 obremergo
568 4109 621 4163 in
648 4110 991 4165 hodiernum.
1033 4130 1052 4164 ι

303 4180 420 4250 (95)
456 4178 598 4233 Idem
630 4178 823 4245 codex,
859 4199 877 4231 ι
916 4197 1077 4250 supra
1104 4197 1200 4236 cor
1228 4196 1437 4238 eorum.
1467 4180 1591 4237 112cc
1631 4192 1733 4238 est.
1778 4198 1796 4235 ι

291 4249 409 4372 (196)
446 4250 587 4372 Ἂιθηι
617 4250 810 4315 codex,
849 4268 867 4302 ι
897 4249 1179 4319 θίιίθιιίιη,
1216 4251 1476 4324 intellige,
1507 4271 1526 4304 ι
1562 4263 1617 4309 et
1651 4268 1799 4321 mox,

328 4335 358 4371 e
418 4335 446 4371 u
489 4334 539 4372 a.
578 4337 597 4370 ι

233 4338 253 4371 1
291 4334 358 4372 ae
381 4334 539 4373 θυαε.
578 4337 597 4370 ι

302 4388 414 4457 (97)
451 4388 632 4462 Codex
665 4387 971 4462 Bobiensis,
1013 4407 1032 4440 ι
1082 4389 1147 4443 de
1193 4388 1399 4462 femore
1449 4392 1568 4461 ejus
1604 4408 1803 4462 usque~

227 4475 339 4529 quo
368 4459 698 4531 Veniat,qui
726 4466 830 4531 est.
864 4476 885 4509 ι
934 4460 1200 4514 Ceterum
1222 4461 1338 4531 ista
1379 4459 1540 4531 hujus
1572 4459 1802 4518 loci—in-

1874 3290 1875 3293 η
1908 3270 2113 3326 Veteris
2150 3269 2504 3324 Testamenti.
2553 3269 2875 3338 Quicunque
2917 3284 3047 3321 vero
3076 3268 3141 3321 ad
3176 3267 3467 3321 Dominum

1903 3369 2314 3424 convertuntur,
2359 3360 2427 3414 ab
2480 3360 2546 3414 iis
2590 3359 2833 3414 velamen
2874 3359 2986 3429 (12)
3023 3356 3285 3413 aufertur.
3337 3355 3469 3422 Quae

1903 3452 2088 3508 omnia
2121 3467 2286 3522 quam
2316 3453 2423 3506 vim
2459 3451 2695 3506 habeant
2729 3451 2784 3505 in
2830 3466 2969 3515 sese,
3023 3450 3109 3503 bis
3159 3448 3251 3520 qui
3305 3463 3464 3502 sensu

3249 3564 3296 3597 “
3328 3563 3465 3620 Gen.

1899 3761 2179 3817 Bobiensis
2214 3778 2233 3811 ‹
2276 3759 2535 3817 alligavit.
2575 3778 2594 3812 ο

1971 3834 2049 3903 (1)
2083 3831 2262 3903 Codex
2295 3822 2598 3903 Bobiensis,
2635 3848 2672 3903 ¢_
2696 3829 2852 3884 effusi
2884 3824 3049 3903 oculi.
3086 3843 3106 3878 ι
3142 3822 3299 3903 Mox,
3324 3842 3342 3873 ο
3368 3824 3468 3903 _qui

1900 3893 2067 3957 enini.
2102 3920 2120 3952 ι
2156 3899 2301 3966 Mox,
2346 3920 2365 3951 ι
2397 3893 2720 3967 designavit,
2756 3898 3095 3967 prophetam.
3123 3914 3141 3946 ι
3170 3930 3244 3967 .1
3266 3895 3338 3946 De
3368 3893 3469 3967 hac

1900 3973 2131 4026 lectione
2175 3962 2296 4024 fuse
2324 3962 2565 4038 disputat
2591 3962 2828 4023 Grabins
2858 3962 2916 4021 in
2941 3966 3160 4038 dissert.
3204 3962 3280 4015 De
3304 3965 3467 4038 variis

1899 4044 2045 4096 vitiis
2089 4039 2240 4113 LXX
2273 4034 2533 4113 Intefpp._,
2648 4040 2896 4113 ‘19,>pa_g.
2920 4034 3049 4113 .56._
3082 4035 3303 4113 Quoex
3349 4034 3469 4086 loco

1901 4112 2162 4167 nonnulla
2190 4102 2466 4177 excerpta'
2492 4102 2737 4163 dedimus
2774 4102 2870 4177 'ad
2913 4104 3111 4177 Justini
3150 4102 3290 4177 Dial:
3349 4118 3469 4155 cum

1903 4182 2124 4251 Tryph.,
2160 4179 2188 4251 ᾗ
2214 4179 2302 4251 52,
2334 4172 2469 4251 tom.
2498 4177 2515 4231 I
2546 4180 2708 4251 hujus
2730 4176 3006 4251 Biblioth:2
3038 4190 3160 4244 pag.
3186 4172 3309 4227 507.

1973 4240 2048 4323 (2)
2081 4240 2426 4323 Ιιιᾟορἰηδί
2459 4240 2637 4323 inepta
2668 4249 2829 4323 lectio
2855 4287 2871 4309 ,
2910 4264 2929 4297 ι
2961 4240 3134 4323 Mature:
3176 4262 3194 4293 ι
3236 4272 3306 4323 :—
3330 4240 3468 4323 Cor-

1900 4312 2119 4391 ruptam
2144 4320 2430 4391 lectionem
2468 4336 2486 4371 ι
2519 4312 2919 4391 delesuMane
2946 4315 3215 4391 Lviderat
3240 4312 3471 4391 jampri-

1900 4381 2025 4447 dein
2057 4392 2111 4444 in
2144 4389 2430 4444 Valesiana
2481 4389 2717 4457 editione
2750 4389 2913 4457 hujus
2946 4383 3333 4457 Disputationis
3363 4381 3469 4435 Co-

1905 4462 2127 4516 telerius
2159 4462 2226 4514 ad
2256 4458 2518 4513 Barnaba:
2548 4456 2719 4527 Epist.
2752 4454 2872 4526 cap.
2910 4456 2998 4520 12,
3032 4456 3125 4510 ubi
3153 4455 3219 4509 de
3242 4454 3346 4507 hoc
3370 4468 3469 4506 no-

226 4527 543 4603 terpretatio
586 4529 743 4603 longe
767 4529 983 4603 diversa
1012 4538 1096 4583 est
1123 4544 1152 4581 a
1192 4527 1530 4603 Vulgatal’et
1562 4534 1631 4587 ab
1659 4534 1801 4586 anti-
1831 4549 1875 4603 ι)
1904 4533 2051 4603 mine
2077 4544 2348 4603 promere
2372 4543 2476 4603 suo
2505 4528 2727 4603 disserit
2752 4527 2980 4603 erudite.

270 4599 515 4668 uioribus
546 4598 908 4661 versionibus,
940 4614 1078 4667 quas
1122 4598 1378 4654 exhibent
1409 4599 1797 4668 Tertullianus,

281 4686 308 4721 e
344 4667 562 4739 Trinitt,
589 4684 707 4737 cap.
739 4668 791 4733 9,
810 4678 872 4739 et
905 4668 1207 4739 Cyprianus
1236 4676 1352 4722 adv.
1379 4668 1597 4726 Judazos
1637 4673 1731 4727 lib.
1757 4667 1795 4737 ι,

226 4754 350 4807 cap.
380 4738 471 4791 21.
504 4738 609 4792 Sed
638 4736 747 4805 nec
795 4736 983 4792 Grasco
1025 4736 1167 4791 LXX
1212 4740 1441 4809 lnterpr.
1495 4744 1662 4799 textui
1715 4759 1801 4796 re-

226 4809 480 4877 spondet,
513 4809 637 4863 licet
666 4822 773 4860 non
804 4823 910 4877 una
935 4823 1147 4877 semper
1176 4809 1247 4863 sit
1279 4809 1523 4877 ejusdem
1557 4811 1717 4866 lectio
1744 4813 1798 4866 in

225 4876 388 4932 codd.
429 4894 563 4933 mss.
600 4890 653 4932 et
679 4877 820 4947 apud
857 4876 1069 4934 Patres.
1099 4876 1233 4934 Vide
1258 4876 1531 4936 Nobilium
1559 4881 1616 4936 in
1654 4882 1799 4937 notis

226 4949 297 5002 ad
328 4963 451 5001 eum
484 4950 682 5002 locum.

301 5018 413 5087 (98)
450 5016 612 5085 Cujus
645 5026 743 5070 est.
769 5014 1064 5071 Prudentio
1087 5016 1310 5071 Marano
1336 5018 1460 5075 viro
1482 5019 1799 5075 doctissimo

230 5088 298 5140 ad
327 5086 526 5149 JuStini
563 5087 716 5155 Apol.
746 5102 783 5152 ι,
825 5087 852 5157 §
893 5086 982 5148 52,
1026 5088 1238 5141 videtur
1270 5094 1371 5142 hoc
1398 5105 1518 5144 esse
1547 5091 1800 5145 librario-

231 5174 354 5210 rum
412 5167 674 5221 erratum,
714 5173 811 5227 pro
863 5176 881 5208 ι
953 5158 1059 5229 cui)
1088 5158 1179 5226 jus
1224 5168 1325 5211 est.
1363 5177 1381 5210 ι
1413 5160 1544 5225 Quae
1580 5162 1797 5229 quidem

227 5228 391 5281 lectio
439 5229 686 5281 restituta
732 5229 957 5296 propius
992 5228 1064 5280 illi
1110 5229 1318 5297 accedit
1348 5245 1513 5297 quam
1548 5228 1799 5284 novimus

226 5297 400 5354 fuisse
460 5292 747 5351 veteribus
800 5292 1140 5366 usurpatam,
1199 5292 1243 5364 ᾧ
1293 5292 1601 5364 ἀπ’όκειται,
1651 5318 1670 5351 ‹
1714 5301 1802 5355 cui

226 5369 528 5436 repositum
574 5377 676 5422 est.
740 5385 758 5419 ι
831 5366 1043 5421 Videsis
1088 5379 1188 5421 Hac
1238 5369 1304 5423 de
1363 5386 1421 5425 re
1469 5372 1537 5424 cl.
1590 5369 1802 5424 Cotele-

223 5442 369 5491 rium
411 5439 477 5490 ad
520 5436 748 5493 Constit.
797 5447 966 5506 apost.
1000 5438 1100 5508 lib.
1126 5453 1198 5504 vr,
1230 5455 1348 5508 cap.
1384 5441 1442 5493 11
1473 5441 1575 5494 sub
1598 5441 1754 5493 finem
1786 5459 1799 5494 :

224 5509 318 5579 qui
354 5517 615 5576 praeterea
646 5508 711 5561 ad
735 5508 1049 5579 earumdem
1069 5507 1249 5562 Const.
1272 5507 1363 5563 lib.
1386 5527 1424 5572 ι,
1444 5526 1561 5576 cap.
1594 5510 1645 5572 1,
1666 5526 1804 5579 pra:—

221 5578 372 5631 clare
406 5594 622 5631 versum
654 5587 840 5631 censet
870 5578 955 5631 hic
980 5578 1249 5646 ejusmodi
1280 5580 1552 5635 Geneseos
1577 5578 1754 5634 locum
1785 5598 1800 5635 :

228 5663 253 5698 ι
288 5646 395 5714 Qui
428 5648 777 5720 alligavituad
804 5648 964 5720 vitem
990 5648 1198 5716 pullum
1248 5666 1430 5719 suum,
1474 5661 1530 5704 et
1564 5650 1631 5704 ad
1663 5650 1803 5720 opti-

224 5732 370 5769 mam
402 5720 562 5771 vitem
599 5717 804 5786 pullum
834 5718 1000 5771 asina:
1035 5734 1165 5773 sum.

300 5786 413 5858 (99)
443 5787 624 5841 Codex
649 5786 985 5853 Casinensis,
1018 5808 1035 5839 ι
1066 5790 1194 5856 quia
1225 5789 1468 5858 alligabit
1494 5808 1508 5854 ;
1539 5789 1630 5844 sed
1660 5790 1803 5844 hanc

225 5855 515 5932 lectionem
570 5872 637 5937 ex
695 5858 1012 5941 repetitione
1066 5855 1271 5916 vocalis
1314 5855 1369 5927 ἆ,
1418 5872 1592 5917 ortam
1646 5870 1797 5932 puto.

1973 4592 2265 4672 (5),_'Codex
2297 4599 2652 4672 Casinensis:
2687 4616 2706 4649 ι
2755 4597 2822 4650 Ει
2856 4599 2972 4651 ιιωο
3008 4603 3093 4649 est
3132 4592 3402 4647 velamen.
3440 4609 3461 4645 ι

1899 4668 2159 4736 Ειῖιίῐιεθ,
2193 4688 2212 4721 ι
2251 4669 2335 4721 vel
2364 4668 2536 4737 pellis.
2570 4686 2589 4719 ι

1970 4741 2046 4811 (lt)
2074 4741 2271 4811 Codex_
2294 4736 2595 4811 Bobiensis,
2632 4756 2651 4811 ς
2687 4736 3009 4811 intelligens.
3053 4753 3073 4786 ι

1970 4800 2046 4881 (5)
2079 4810 2215 4881 Male
2238 4807 2521 4862 Bobiensia
2546 4807 2739 4873 codex,
2777 4826 2797 4858 ι
2828 4800 3046 4875 regibus
3075 4818 3191 4871 eos,
3221 4800 3470 4872 regibus-

1898 4897 2018 4952 que
2030 4880 2326 4952 subjectos.
2359 4897 2378 4952 ξ

1971 4950 2047 5019 (6)
2070 4942 2256 5003 Cddex
2284 4946 2621 5019 Bobiensist
2645 4944 2984 5019 justiticare._
3008 4943 3113 5019 Sed
3143 4942 3417 4999 videbitis.
3444 4960 3463 4994 ι

1900 5015 2211 5076 Casinensis
2242 5036 2260 5069 ι
2302 5016 2613 5086 justiticari.
2640 5016 2743 5071 Sed
2767 5024 2822 5069 et
2848 5015 3181 5086 videbitis.)

1975 5090 2051 5161 (7)
2084 5083 2368 5161 Bobiensis
2406 5088 2576 5161 cortex
2610 5126 2625 5152 ,
2672 5086 3036 5161 grabscriptio.
3075 5104 3093 5136 ›
3130 5083 3274 5150 Mox,
3304 5100 3323 5134 ‹
3362 5097 3471 5138 ρω-

1901 5156 2224 5229 ριξὲιιήιιιιιθ.
2259 5176 2280 5209 ι
2316 5156 2381 5229 Et
2413 5157 2574 5229 infra,
2624 5175 2641 5209 ‹
2680 5156 2943 5229 Dominus
2977 5171 3149 5210 meus.
3186 5174 3206 5206 ι

1975 5230 2051 5298 (8)
2084 5228 2227 5282 Idem
2254 5228 2446 5291 codex,
2487 5246 2506 5278 ι
2548 5228 2599 5280 in
2635 5228 2948 5280 adventum.
2988 5244 3007 5276 ι

1976 5293 2051 5368 (9)
2082 5299 2227 5353 Idem
2276 5298 2469 5364 codex,
2514 5316 2534 5350 ι
2580 5298 2907 5366 intelligens.
2951 5313 2971 5347 ι
3002 5293 3069 5350 Et
3097 5293 3260 5359 infra,
3293 5310 3313 5343 ι
3356 5295 3469 5360 ipsa

1903 5370 2237 5442 quaedeieo.
2290 5387 2362 5442 r__
2480 5437 2515 5442 _
2561 5438 2610 5442 Η
2720 5437 2730 5442 _
2904 5435 2935 5442 __
3155 5436 3204 5442 __
3269 5433 3280 5442 _
3356 5426 3359 5429 _

1977 5440 2088 5511 (10)
2134 5441 2193 5492 In
2247 5437 2431 5494 codice
2480 5437 2735 5491 Bobiensi
2785 5433 3465 5511 mutilusestuhlclocus;

1907 5506 2076 5564 habet
2092 5512 2259 5571 enim,
2300 5526 2318 5559 ι
2361 5524 2691 5574 sermonem,
2729 5515 2786 5560 ut
2820 5506 3081 5576 intelligi,
3107 5506 3328 5573 dignum
3361 5512 3466 5557 est.

1905 5580 2118 5634 Dixisse
2154 5596 2297 5633 nunc
2327 5580 2573 5633 sufficit.»

1980 5651 2090 5723 (tl)
2122 5650 2178 5703 ln
2215 5650 2498 5723 Casinensi
2525 5658 2628 5723 est,
2661 5648 2788 5723 Lde
2814 5647 3169 5723 vacantibus;
3214 5664 3235 5700 ι
3270 5647 3361 5704 sed
3390 5645 3467 5699 leo

1907 5718 2162 5790 gendum,
2199 5739 2217 5771 ι
2241 5722 2306 5773 de
2336 5720 2567 5773 vacanti.
2608 5739 2626 5771 ι
2663 5718 2753 5773 Sic
2778 5731 2939 5784 supra
2961 5732 3082 5786 cap.
3110 5718 3199 5770 4L

1978 5792 2088 5862 (12)
2119 5791 2301 5849 Codex
2334 5790 2647 5857 Bobiensis,
2687 5809 2704 5841 ‹
2746 5789 3127 5843 velamentum.
3159 5807 3178 5839 ι
