3922 6538
446 363 472 416 ί
482 365 579 418 505

1460 369 1644 424 ACTA
1677 364 2200 425 DISPUTATIONIS
2235 364 2294 420 S.
2335 360 2682 420 ARCHELAI

3539 360 3685 415 {50}

446 482 649 552 vigent,
681 483 1086 553 intelligendum
1116 489 1389 558 relinquo.
1427 488 1718 544 Veniamus
1745 489 1908 544 etiam
1941 488 2004 544 ad
2036 493 2081 549 Α
2109 501 2234 555 qua.
2294 483 2370 538 lbi
2420 482 2631 554 Moyses
2680 481 2732 534 in
2773 480 3056 549 caliginem
3085 479 3198 548 (23)
3233 478 3461 532 nubium
3505 492 3685 546 aquas

445 571 598 628 illum
632 591 938 632 sermonem
987 578 1177 650 Moysi,
1211 597 1318 648 quo
1347 581 1421 634 ait
1444 581 1554 652 (15)
1587 601 1599 634 :
1632 601 1648 632 t
1687 581 2006 650 Prophetam

447 664 604 718 vobis
649 668 934 722 suscitabit
983 668 1242 724 Dominus
1275 669 1415 725 Deus
1455 681 1633 725 vester
1663 687 1728 725 ex
1757 671 2010 728 fratribus

445 755 663 818 vestris,
691 756 831 809 sicut
855 757 1036 822 me“;
1069 778 1084 808 1
1113 759 1164 812 111
1185 775 1294 829 quo
1322 775 1569 829 magnam
1599 757 1751 815 video
1781 763 2011 832 pr0plie-

447 845 578 898 tiam
615 846 802 900 famuli
841 847 1032 919 Moysi,
1081 851 1303 906 scicntis
1336 853 1446 924 (14)
1481 870 1603 908 eum
1636 857 1726 924 qui
1753 864 2011 910 venturus

449 948 612 1002 esset,
667 941 897 1008 amplius
947 957 1004 995 se
1048 942 1265 1010 quidem
1309 945 1645 999 auctoritatis
1678 947 2007 1010 habiturum,

451 1029 650 1082 similia
699 1040 877 1084 tamen
929 1047 1048 1086 esse
1085 1049 1395 1102 passurum,
1428 1044 1481 1089 et
1519 1037 1715 1090 similia
1762 1038 1914 1108 signa
1948 1053 2011 1092 ac

451 1119 692 1188 prodigia
739 1133 1110 1177 ostensurum.
1169 1123 1241 1177 1ὺί
1272 1125 1414 1178 enim
1447 1125 1657 1196 Moyses
1685 1137 1841 1182 natus
1877 1128 1942 1190 ",
1980 1144 2008 1182 a

451 1220 625 1264 matre
654 1227 749 1264 sua
783 1212 836 1264 in
863 1212 1031 1266 thibin
1064 1213 1176 1285 (15)
1200 1215 1426 1283 positus,
1454 1217 1740 1286 exponitur
1773 1219 1836 1272 ad
1867 1218 2011 1288 ripas

448 1299 731 1356 ﬂuminis:
761 1303 850 1357 hic
889 1302 1150 1359 Dominus
1201 1316 1385 1360 noster
1416 1305 1574 1362 Jesus
1615 1307 1867 1364 Christus
1911 1326 2010 1362 na-

447 1398 536 1444 tus
559 1407 624 1445 ex
661 1400 832 1446 matre
879 1408 971 1447 sua
1004 1392 1172 1447 Maria
1203 1393 1310 1465 (16)
1343 1434 1356 1458 ,
1387 1411 1483 1464 per
1515 1397 1761 1466 angelum
1797 1397 2012 1467 fugatur

447 1481 500 1534 in
525 1479 815 1551 [Egyptum
837 1483 901 1536 ⁸⁸.
921 1482 996 1536 lbi
1020 1482 1234 1553 Moyses
1269 1483 1506 1538 educcns
1529 1485 1783 1554 populum
1810 1486 1875 1540 de
1900 1503 2012 1541 me-

447 1573 538 1625 dio
568 1572 948 1642 Aigyptiorum
981 1575 1047 1642 ⁸ο,
1086 1576 1346 1641 salravit;
1382 1586 1436 1630 et
1466 1577 1552 1631 hic
1575 1575 1732 1632 Jesus
1755 1579 2008 1648 pepulum

443 1661 510 1715 de
535 1664 712 1718 medio
740 1663 1138 1720 Pharisaaorum
1171 1669 1407 1724 educens
1432 1669 1500 1733 "°,
1551 1679 1763 1725 aeternae
1795 1672 2012 1725 tradidit

444 1753 629 1808 saluti.
686 1753 762 1808 lbi
810 1753 1022 1827 Moyses
1050 1773 1146 1826 per
1178 1760 1480 1813 orationem
1527 1769 1715 1830 petens
1747 1802 1760 1826 ,
1805 1777 1835 1816 e
1873 1763 2009 1817 caelo

444 1846 658 1913 accepit
701 1860 892 1914 panem
921 1863 1029 1916 quo
1053 1857 1298 1918 pasceret
1331 1827 1588 1919 populum
1626 1850 1678 1905 in
1711 1852 2007 1919 deserto“;
2044 1827 2082 1880 Β

445 1936 537 1991 hic
571 1937 834 1992 Dominus
879 1954 1030 1994 meus
1081 1940 1193 2010 (17)
1239 1939 1397 1996 Jesus
1447 1942 1643 1998 virtute
1699 1946 1914 2013 propria
1946 1961 2012 1999 ex

448 2030 692 2098 quinque
741 2030 970 2097 panibus
1019 2033 1166 2088 viros
1209 2035 1450 2103 quinque
1494 2036 1662 2089 millia
1709 2036 1925 2090 satiavit
1958 2037 2011 2091 in

445 2116 660 2171 deserto
701 2118 772 2172 ⁷³.
820 2117 897 2172 lbi
931 2118 1140 2190 Moyses
1170 2135 1292 2175 cum
1319 2123 1657 2192 probaretur,
1706 2125 1915 2193 positus
1957 2127 2009 2179 in

446 2206 648 2275 monte’,
663 2209 930 2279 jejunavit
953 2213 1306 2282 quadraginta
1327 2214 1443 2269 dies
1465 2215 1532 2281 ⁷³,
1563 2225 1615 2270 et
1641 2216 1726 2271 hic
1754 2217 2011 2271 Dominus

445 2314 601 2354 meus
633 2299 792 2355 Jesus
817 2317 845 2355 a
878 2302 1068 2371 spiritu
1097 2317 1250 2358 actus
1281 2306 1332 2358 in
1364 2305 1635 2360 desertum
1657 2307 1722 2374 ⁷⁸,
1751 2324 1872 2362 cum
1896 2318 2012 2363 ten-

449 2403 654 2448 taretur
687 2411 717 2449 a
755 2397 1002 2463 diabolo,
1037 2399 1394 2469 quadraginta
1435 2400 1626 2456 diebus
1657 2402 1902 2458 similiter
1931 2403 2012 2473 je-

442 2485 682 2555 junavit.
730 2485 806 2540 lbi
844 2487 897 2540 in
931 2497 1220 2556 conspectu
1247 2488 1438 2559 Moysi,
1487 2499 1703 2559 pr0pter
1729 2491 2012 2546 inﬁdelita-

449 2585 554 2629 tem
580 2575 884 2632 Pharaonis
911 2580 1091 2630 omnia
1127 2577 1504 2650 Egyptiorum
1536 2580 1891 2652 primogenita
1919 2597 2011 2651 pe-

449 2666 657 2720 rierunt
689 2669 734 2698 ⁷⁵
762 2685 776 2733 ;
828 2677 882 2720 et
907 2667 996 2721 hic
1021 2667 1147 2722 Jesu
1174 2676 1430 2722 nascente
1461 2669 1530 2734 ⁷⁸,
1563 2679 1781 2738 propter
1820 2669 2006 2724 inlide-

423 2757 653 2810 'litatcm
707 2757 935 2813 Herodis
982 2773 1143 2812 omne
1174 2759 1533 2814 masculinum
1566 2758 1677 2829 (18)
1701 2759 2008 2816 Judaeorum

451 2847 632 2900 subito
655 2848 810 2916 perit.
847 2849 920 2903 lbi
949 2847 1162 2921 Moyses
1191 2859 1310 2904 orat
1338 2850 1384 2883 "
1405 2890 1419 2914 ,
1452 2860 1510 2904 ut
1538 2861 1791 2920 parcatur
1820 2868 1850 2907 a
1892 2853 2010 2923 pla-

431 2939 535 3009 .gis
559 2937 828 2993 Pharaoni
857 2956 919 2995 ac
945 2942 1146 3010 p0pulo
1179 2943 1333 3011 ejus;
1368 2950 1420 2997 et
1449 2942 1537 2998 hic
1569 2942 1830 3000 Dominus
1859 2964 1876 2996 1
1914 2961 2012 2999 110-

455 3040 567 3084 ster
595 3030 752 3086 Jesus
781 3039 900 3086 orat
926 3033 1190 3104 indulgeri
1220 3033 1507 3090 Pharisaeis
1529 3078 1543 3103 ,
1571 3036 1758 3092 dicens
1786 3055 1799 3091 :
1831 3035 2010 3101 Pater,

2113 576 2402 629 ferentium
2457 575 2573 630 sine
2618 582 2767 626 metu
2816 572 3039 626 incessit
3082 571 3162 638 ’3’;
3195 579 3249 625 et
3290 571 3381 624 hic
3413 569 3686 623 Dominus

2111 667 2270 722 .lcsus
2295 681 2419 720 eum
2442 665 2590 720 omni
2619 671 2882 734 potestate
2906 678 3066 731 super
3091 677 3261 731 aquas
3290 661 3600 714 ambulavit
3615 660 3680 714 εδ.

2110 763 2188 816 lbi
2219 761 2430 832 Moyses
2462 759 2744 830 imperavit
2771 757 2906 811 mari
2927 756 3008 821 ⁸⁸;
3037 763 3090 809 et
3121 755 3207 808 hic
3232 753 3496 808 Dominus
3519 751 3686 808 Jesus

2109 871 2232 909 cum
2261 862 2406 908 esset
2448 852 2503 906 in
2529 852 2667 906 mari
2703 851 2748 882 ⁸⁸
2781 849 2916 919 (24),
2947 864 3173 917 surgens
3199 846 3485 916 imperavit
3501 848 3686 900 ventis

2109 957 2162 1000 et
2190 946 2345 1000 mari.
2382 944 2458 1000 lbi
2500 943 2714 1015 Moyses
2743 958 2865 996 cum
2893 943 3301 1009 impugnaretur
3331 938 3403 1004 ",
3434 939 3681 992 extensis

2111 1037 2362 1091 manibus
2389 1035 2617 1090 certavit
2639 1033 2899 1087 adversus
2924 1030 3177 1093 Amalec;
3205 1038 3258 1082 ct
3295 1028 3384 1082 hic
3412 1027 3681 1079 Dominus

2111 1126 2268 1182 Jcsus
2333 1127 2658 1196 impugnatis
2707 1124 2866 1178 nobis
2915 1132 2966 1176 et
3017 1120 3369 1190 pereuntibus
3422 1117 3682 1172 violentia

2109 1218 2327 1274 crratici
2380 1217 2604 1286 spiritus
2645 1214 2738 1284 qui
2787 1227 2931 1267 nunc
2969 1212 3019 1264 in
3051 1210 3213 1280 justis
3255 1209 3368 1280 (25)
3399 1219 3684 1277 operatur,

2111 1309 2351 1364 extensis
2400 1309 2454 1362 in
2501 1321 2662 1361 cruce
2703 1305 2978 1368 manibus,
3017 1303 3243 1356 salutem
3286 1299 3458 1354 dedit.
3498 1299 3609 1353 Sed
3636 1313 3688 1353 et

2111 1401 2215 1454 alia
2267 1400 2437 1453 multa
2491 1405 2769 1468 praetereo,
2831 1393 3178 1449 dilectissime
3236 1391 3499 1457 Diodore,
3553 1391 3685 1444 dum

2113 1493 2310 1548 festino
2339 1492 2406 1546 ad
2442 1499 2492 1545 te
2523 1489 2764 1543 libellum
2808 1487 2920 1556 (26)
2962 1486 3106 1539 hunc
3137 1484 3393 1538 velociter
3447 1484 3688 1546 mittere,

2110 1600 2232 1653 qua:
2283 1593 2338 1637 tu
2384 1597 2482 1652 pro
2518 1590 2611 1634 tua
2659 1577 2944 1648 prudentia
2981 1576 3136 1631 facile
3167 1575 3368 1644 poteris
3403 1589 3688 1641 reparare.

2113 1671 2300 1726 Scribe
2349 1679 2527 1725 autem
2576 1668 2706 1721 mihi
2751 1682 2912 1721 omne
2951 1666 3096 1736 quod
3139 1673 3322 1734 postea
3365 1663 3486 1731 (27)
3518 1662 3690 1732 egerit

2113 1764 2436 1820 adversaria:
2463 1763 2633 1833 partis
2669 1760 2934 1814 minister.
2965 1757 3292 1813 Incolumem
3331 1765 3387 1810 te
3413 1757 3607 1809 anima
3639 1767 3688 1810 et

2114 1855 2303 1924 Spiritu
2341 1853 2611 1910 custodiat
2650 1851 2788 1906 Deus
2824 1850 3166 1919 omnipotens
3188 1847 3323 1917 (28).

2181 1945 2341 2000 XLV.
2379 1946 2611 2014 Accepta
2653 1944 2756 1998 hac
2785 1942 3014 2012 epistola
3045 1939 3334 2003 Diodorus,
3371 1949 3428 1994 et
3461 1940 3693 1994 collecto

2112 2049 2176 2087 ex
2205 2051 2268 2088 ea
2293 2050 2480 2100 sensu,
2531 2032 2774 2087 conﬂixit
2820 2033 3080 2086 adversus
3119 2029 3375 2095 Manem;
3414 2031 3496 2084 ita
3537 2040 3598 2083 ut
3627 2032 3692 2084 ab

2112 2127 2366 2182 omnibus
2411 2125 2835 2190 eollaudaretur,
2887 2124 3030 2194 quod
3062 2123 3349 2194 diligenter
3380 2132 3436 2178 et
3471 2139 3696 2192 compe-

2112 2223 2284 2271 tenter
2325 2214 2636 2280 ostenderit,
2693 2214 2923 2268 duorum
2986 2210 3462 2266 Tcstamentorum
3535 2223 3699 2282 atque

2112 2309 2399 2377 utriusque
2444 2307 2579 2378 legis
2614 2306 2754 2361 inter
2787 2321 2907 2361 sese
2937 2305 3310 2374 cognationem
3339 2304 3459 2374 (29)
3492 2321 3510 2358 :
3542 2306 3695 2374 plura

2111 2402 2271 2456 etiam
2293 2414 2354 2453 ex
2382 2399 2668 2468 semetipso
2695 2398 2996 2463 inveniens,
3023 2397 3220 2466 objecit
3245 2396 3294 2451 ei
3320 2396 3508 2450 valida
3541 2397 3695 2450 valde

2070 2547 2072 2549 .
2111 2501 2165 2546 et
2196 2491 2354 2546 fortia
2381 2506 2480 2561 pro
2510 2491 2755 2544 veritate.
2792 2487 3076 2542 Conclusit
3113 2486 3272 2542 etiam
3306 2486 3694 2540 adversarium

2112 2583 2383 2638 Diodorus
2435 2599 2500 2638 ex
2551 2580 2864 2635 nominibus
2896 2579 3032 2649 (50),
3082 2580 3264 2636 dicens
3303 2579 3380 2632 ita
3432 2597 3447 2632 :
3497 2578 3698 2634 Dixisti

2110 2678 2218 2732 duo
2244 2692 2365 2732 esse
2399 2674 2748 2730 Testamenta
2768 2715 2784 2741 ,
2821 2674 2909 2728 die
2927 2689 3056 2743 ergo
3099 2675 3206 2727 duo
3230 2688 3350 2727 esse
3381 2683 3578 2726 vetera
3610 2683 3698 2726 aut

2097 2758 2219 2821 duo
2267 2766 2450 2821 nova?
2503 2763 2757 2835 Ejusdem
2823 2765 2965 2818 enim
3026 2765 3308 2833 temporis,
3363 2764 3448 2816 vel
3511 2765 3698 2833 potius

2111 2857 2450 2922 aeternitatis,
2500 2857 2608 2911 duo
2655 2855 2856 2910 asseris
2886 2869 3007 2909 esse
3057 2855 3332 2925 ingenita;
3373 2863 3430 2907 et
3478 2856 3533 2908 si
3590 2856 3698 2910 duo

2112 2958 2259 3014 sunt,
2288 2949 2398 3003 duo
2437 2955 2649 3017 oportet
2682 2955 2860 3000 vetera
2908 2947 3021 3016 (51)
3072 2953 3417 3008 testamenta,
3453 2954 3560 2998 aut
3590 2946 3698 2999 duo

2113 3056 2272 3095 nova.
2300 3038 2456 3105 Quod
2482 3039 2526 3094 si
2562 3038 2668 3092 hoc
2696 3052 2805 3092 non
2830 3036 2967 3092 dicis
2986 3077 3002 3103 ,
3034 3035 3126 3090 sed
3155 3052 3320 3089 unum
3352 3051 3476 3091 esse
3513 3046 3697 3100 vetus,

454 3123 674 3190 ignosce
721 3124 820 3188 eis,
879 3125 1137 3193 quoniam
1176 3127 1424 3181 nesciunt
1465 3128 1594 3198 quid
1646 3128 1846 3185 faciant
1880 3131 1945 3186 ⁷⁸.
1989 3151 2006 3184 1
2042 3159 2084 3217 C
2117 3139 2171 3185 et
2230 3128 2377 3184 aliud
2441 3143 2643 3183 novum
2687 3142 2702 3192 ;
2753 3139 2969 3182 rursum
3020 3141 3164 3180 unus
3226 3127 3518 3194 utriusque
3581 3126 3696 3196 (52)

453 3213 530 3265 lbi
555 3211 722 3284 Moysi
748 3216 931 3269 vultus
954 3216 1286 3285 resplenduit
1308 3218 1360 3271 in
1380 3219 1548 3287 gloria
1579 3220 1688 3290 (19)
1710 3221 1924 3278 Domini
1945 3225 2012 3291 τ’,

455 3304 527 3358 ita
563 3313 623 3358 ut
659 3321 766 3359 non
805 3317 1026 3375 possent
1064 3307 1156 3360 11111
1208 3305 1372 3362 Israel
1416 3309 1694 3365 intendere
1737 3311 1790 3365 in
1824 3311 2017 3368 faciem

453 3395 570 3464 ejus
603 3406 816 3465 propter
849 3398 1073 3468 gloriam
1104 3400 1283 3455 vultus
1312 3401 1460 3470 ejus;
1486 3411 1539 3456 et
1572 3401 1660 3456 hic.
1684 3401 1841 3459 Jesus
1870 3404 2020 3459 Chri-

456 3498 573 3542 stus
608 3488 870 3544 Dominus
915 3489 1249 3558 resplenduit
1293 3491 1434 3546 sicut
1466 3493 1547 3545 sol
1571 3492 1653 3557 ⁸ο,
1688 3503 1740 3547 et
1766 3493 2017 3562 discipuli

443 3581 573 3648 eius
631 3598 737 3636 non
791 3591 1040 3651 poterant
1090 3583 1334 3651 aspicere
1381 3582 1495 3654 (20)
1557 3583 1611 3636 in
1662 3583 1851 3639 faciem
1899 3586 2020 3655 ejus

457 3685 677 3744 propter
721 3674 949 3744 gloriam
993 3674 1173 3728 vultus
1216 3675 1387 3743 ipsius
1416 3683 1469 3728 et
1499 3676 1824 3730 immensum
1862 3678 2022 3731 lumi-

458 3763 542 3816 nis
573 3763 938 3831 splendorem.
996 3760 1071 3815 lbi
1120 3761 1332 3834 Moyses
1376 3780 1469 3820 eos
1518 3766 1611 3835 qui
1652 3766 1876 3820 vitulum
1914 3776 2022 3822 sta-

455 3862 672 3908 tuerant
715 3851 848 3926 (21),
890 3855 1068 3926 gladio
1107 3855 1301 3924 deiecit
1325 3856 1404 3921 ⁸¹;
1439 3863 1492 3910 et
1526 3855 1612 3910 hic
1641 3854 1905 3912 Dominus
1934 3857 2022 3913 Je-

456 3960 551 4000 sus
595 3944 708 3999 ait:
746 3963 764 3995 1
807 3945 937 4000 Veni
969 3947 1204 4018 gladium
1254 3946 1466 4001 mittere
1512 3962 1674 4016 super
1713 3956 1943 4014 terram,
1969 3958 2023 4003 et

456 4037 698 4093 dividere
739 4037 1012 4096 hominem
1042 4055 1072 4094 a
1104 4041 1351 4110 proximo
1384 4055 1484 4096 suo
1504 4041 1549 4072 ⁸³
1589 4040 1724 4110 (22),
1765 4060 1784 4092 1
1821 4052 1876 4095 et
1896 4041 2019 4096 reli-

526 4159 574 4190 θ’
627 4151 781 4206 Deut.
831 4166 987 4214 xvm,
1041 4151 1125 4207 18.
1201 4154 1245 4186 ⁸⁷
1300 4151 1467 4206 Exod.
1515 4168 1575 4207 11.

457 4222 502 4254 ⁷³
545 4219 733 4274 Matth.
792 4238 902 4274 xiv.
1017 4223 1063 4253 ⁷³
1113 4222 1278 4277 Exod.
1337 4238 1520 4276 XXXRV.

458 4375 606 4422 xxiv,
644 4361 694 4414 in
729 4362 852 4414 line.
949 4359 996 4391 ⁸⁸
1024 4360 1211 4415 Matth.
1240 4378 1347 4427 xtv,
1381 4363 1472 4415 25.

533 4477 641 4546 (15)
682 4476 862 4546 Codex
893 4476 1207 4540 Bobiensis,
1249 4496 1268 4527 1
1303 4477 1444 4545 quod
1479 4478 1572 4530 ait.
1612 4495 1631 4527 ι

2125 3231 2313 3276 auctor
2329 3219 2650 3285 ostenditur,
2669 3225 2723 3271 et
2736 3217 2853 3286 ejus
2869 3231 2989 3271 esse
3013 3228 3189 3280 vetus,
3214 3216 3368 3285 cujus
3385 3229 3438 3270 et
3461 3232 3698 3278 novum,

2112 3312 2498 3382 consequentia
2544 3311 2660 3380 ipsa
2691 3311 2880 3365 edocet
2916 3309 3029 3380 (55)
3067 3325 3080 3360 :
3116 3309 3279 3362 veluti
3309 3308 3352 3362 si
3381 3308 3510 3377 quis
3542 3310 3700 3364 dicat

2111 3403 2339 3468 homini,
2354 3401 2495 3456 Loca
2520 3401 2653 3455 mihi
2673 3400 2783 3472 (54)
2802 3409 3036 3456 veterem
3059 3401 3278 3455 domum
3299 3409 3446 3452 tuam
3466 3418 3480 3465 ;
3506 3415 3702 3456 nonne

2112 3510 2206 3565 per
2231 3494 2332 3549 hoc
2361 3493 2471 3564 (55)
2509 3494 2669 3549 etiam
2703 3509 2854 3547 novae
2881 3493 3076 3547 domus
3105 3492 3382 3546 dominum
3409 3508 3540 3546 eum
3574 3508 3701 3548 esse

2115 3588 2464 3659 pronuntiat?
2491 3585 2599 3640 Aut
2628 3602 2845 3640 rursum
2876 3585 2921 3639 si
2944 3585 3090 3639 dicat
3127 3585 3198 3643 ei.
3231 3599 3428 3637 novam
3465 3585 3699 3639 domum

2116 3689 2262 3735 tuam
2297 3686 2491 3748 praesta
2531 3677 2700 3743 mihi;
2731 3691 2910 3730 nonne
2944 3675 3132 3729 eodem
3159 3675 3324 3728 verbo
3349 3675 3519 3729 etiam
3548 3687 3700 3730 vete

2115 3787 2228 3826 rem
2265 3786 2389 3825 eum
2413 3770 2612 3824 habere
2637 3767 2930 3838 designat?
2961 3766 3164 3821 Deinde
3196 3765 3327 3819 illud
3352 3767 3518 3820 etiam
3561 3783 3693 3836 per-

2120 3863 2406 3918 videndum
2452 3869 2555 3926 est,
2617 3859 2745 3930 quia
2773 3873 2839 3914 ex
2890 3874 3001 3928 quo
3036 3859 3142 3912 duo
3188 3866 3335 3916 sunt.
3388 3859 3698 3928 ingenitam

2118 3953 2378 4008 habentes
2412 3963 2660 4005 naturam
2683 3989 2698 4014 ,
2729 3964 2794 4002 ex
2827 3962 2892 4002 eo
2918 3961 3144 4001 necesse
3178 3954 3262 4000 est
3289 3946 3459 4000 etiam
3491 3947 3695 4002 habere

2125 4057 2566 4113 unumquemque
2615 4041 2857 4110 ipsorum
2937 4047 3090 4093 vetus
3148 4037 3590 4104 Testamentum,
3645 4049 3700 4094 et

1653 4152 1697 4184 ⁵⁸
1729 4151 2117 4220 Matth.n,’l'5.
2195 4153 2239 4186 ⁶⁹
2265 4152 2438 4206 Exod.
2468 4166 2579 4206 xtv.
2655 4151 2702 4182 "°
2729 4149 2897 4204 Mare.
2934 4163 3056 4213 vm,
3114 4148 3199 4202 l5.
3276 4147 3318 4178 '“
3363 4147 3540 4202 Exod.
3585 4165 3697 4203 xvi.

1633 4222 1679 4257 ⁷⁸
1714 4222 1900 4276 Matth.
1953 4239 2025 4278 tv.
2079 4225 2134 4278 2.
2218 4225 2264 4255 "
2297 4222 2467 4275 Exod.
2517 4237 2613 4278 xu.
2725 4221 2772 4250 ⁷⁸
2801 4218 3078 4278 Mattb.tt,
3103 4218 3187 4272 16.
3264 4217 3308 4246 ’⁷
3350 4216 3527 4271 Exod.
3572 4235 3690 4273 VIII-

457 4290 504 4321 η
537 4289 666 4345 Luc.
707 4307 869 4351 XXIII.
902 4292 989 4344 si.
1065 4293 1110 4323 το
1147 4292 1313 4345 Exod.
1350 4307 1534 4358 xxxtv,
1563 4292 1652 4344 ss.
1726 4293 1770 4324 εο
1805 4267 2037 4350 11ειιιιι.’;

2125 4310 2162 4357 1,
2191 4294 2246 4347 2.

1548 4361 1592 4393 ⁸⁸
1621 4360 1790 4416 Exod.
1821 4379 1930 4416 xtv.
2006 4365 2051 4396 ⁸⁸
2089 4364 2278 4418 Matth.
2310 4377 2429 4425 VIII,
2474 4361 2562 4415 26.
2639 4361 2681 4391 ⁸⁷
2711 4358 2880 4412 Exod.
2909 4374 3036 4412 xvu.

2218 4225 2264 4255 ⁸1⁵

2297 4222 2467 4275 Exod.
2517 4237 2613 4278 xu.
2725 4222 2772 4250 ⁷⁸
2801 4222 3078 4282 Mattb.tt,
3103 4222 3187 4272 16.
3264 4222 3308 4246 "

2321 4293 2364 4323 ³⁸
2411 4291 2580 4344 Exod.
2610 4286 2807 4342 xxan
2857 4290 2901 4320 ⁸³
2931 4287 3118 4342 Matth.
3152 4304 3204 4351 x,
3245 4286 3332 4341 54.

2725 4221 2772 4250 ⁷⁸
2801 4218 2992 4272 Matth.
3019 4235 3078 4282 tt,
3103 4218 3187 4272 16.
3264 4217 3308 4246 ’⁷
3350 4216 3527 4271 Exod.
3572 4235 3690 4273 VIII-

2725 4286 2807 4341 11.’
2857 4290 2901 4320 ⁸³
2931 4287 3118 4342 Matth.
3152 4304 3204 4344 ι.
3245 4286 3332 4341 54.
3444 4287 3496 4319 ⁸³
3521 4287 3690 4344 Exod-

3567 4305 3694 4343 ιοαο

2201 4477 2314 4544 (25)
2345 4475 2524 4530 Codex
2551 4473 2856 4544 Bobiensis,
2901 4489 2920 4522 ‹
2956 4471 3019 4544 in
3043 4471 3180 4544 istis.
3221 4489 3240 4544 1

531 4535 643 4618 (id)
672 4547 730 4618 ln
761 4545 1040 4618 Casincnsi
1063 4535 1248 4600 codice
1290 4535 1566 4618 scribitur,
1612 4565 1631 4597 ‹
1665 4546 2016 4618 scientibus,»
2055 4535 2100 4590 D
2195 4535 2309 4618 (26)
2339 4544 2521 4618 Codex
2545 4535 2859 4618 Bobiensis,
2893 4542 3197 4618 c_velociter
3223 4539 3490 4618 libellum.
3534 4559 3554 4591 ι

462 4617 516 4670 111
553 4616 828 4677 Bobiensi,
867 4634 885 4666 ι
910 4617 1174 4672 scientes:
1207 4634 1225 4667 1
1253 4617 1344 4670 sed
1375 4614 1642 4678 Valesius,
1675 4633 1695 4666 ι
1726 4617 1965 4678 scicntis,
1998 4637 2016 4670 1

461 4687 856 4741 emendandum
906 4687 1146 4750 censuit,
1203 4687 1360 4754 cujus
1416 4686 1697 4740 sententiae
1749 4687 2026 4755 astipulati

464 4771 674 4810 sumus.
707 4755 850 4811 Infra
877 4755 1180 4820 Bobiensis,
1217 4774 1236 4806 ι
1271 4766 1323 4809 et
1362 4755 1610 4825 amplius.
1657 4774 1674 4806 1

535 4828 648 4896 115)
675 4825 891 4896 Thihis,
919 4825 1080 4889 Θὶὄις,
1112 4825 1252 4896 apud
1282 4823 1557 4889 LXX,'est
1589 4823 1788 4880 ﬁscella
1817 4824 2024 4896 scirpea

461 4900 512 4952 in
552 4895 802 4967 Vulgata.
847 4895 969 4967 Mox
999 4895 1305 4967 Bobiensis,
1337 4916 1354 4947 ι
1388 4897 1581 4967 ripam.
1622 4915 1640 4947 ι

469 5015 479 5020 -
535 4963 857 5036 (16)’()οόει
882 4965 1193 5036 _Bobiensis,
1229 4983 1248 5016 ι
1288 4975 1461 5019 matre
1495 4963 1680 5019 Maria.
1719 4983 1736 5036 1

537 5032 648 5107 (17)
678 5037 859 5090 Codex
879 5034 1180 5107 Bobiensis,
1215 5045 1322 5090 tam
1354 5036 1451 5107 11111
1470 5051 1630 5104 quam
1661 5033 1823 5100 infra,
1866 5051 1884 5085 ι
1925 5032 2030 5089 Do—

466 5104 649 5161 minus
676 5114 883 5161 noster.
917 5123 935 5157 1
971 5104 1090 5158 Mox
1116 5146 1130 5168 ,
1169 5124 1186 5156 1
1219 5106 1502 5159 saturavit.

539 5177 646 5257 (18)
680 5175 911 5257 Ιιξεηιηε
951 5176 1273 5257 maseulum.
1335 5173 1539 5257 )“Mox,
1579 5194 1597 5226 1
1629 5173 1972 5257 pronpopulo.
2009 5190 2027 5224 1

471 5243 637 5306 Infra,
667 5265 684 5296 ‹
717 5244 1046 5308 Ριωτὶείιξυε,
1073 5243 1250 5297 Pater.
1283 5265 1300 5295 1
1335 5243 1478 5308 Mox,
1518 5264 1534 5295 ι
1575 5247 1702 5313 quid
1738 5243 1959 5298 faciunt.
2008 5262 2026 5294 1

541 5317 650 5380 (lt!)
680 5314 863 5369 Codex
894 5313 1200 5378 Bobiensis,
1233 5333 1251 5364 1
1288 5315 1340 5366 111
1380 5315 1625 5383 gloriam.
1669 5334 1686 5366 1
1779 5375 1787 5383 _

544 5386 654 5456 (20)
687 5386 827 5456 Idem
849 5426 864 5451 ,
894 5401 931 5456 ε
951 5385 1237 5452 respicere.
1281 5403 1298 5434 1
1329 5383 1470 5456 Mox,
1501 5402 1519 5434 ς
1552 5386 1732 5456 vultus
1761 5385 1899 5453 ejus.
1939 5404 1958 5437 1

546 5452 655 5524 (21)
693 5455 871 5507 Codex
901 5452 1202 5524 Bobiensis,
1242 5472 1259 5505 1
1295 5455 1523 5506 vitulum
1567 5452 1822 5508 fecerant.
1865 5474 1883 5504 1

547 5522 655 5596 (22)
690 5524 882 5578 Melius
929 5522 1180 5592 Vulgata,
1199 5541 1238 5596 _¢
1278 5524 1526 5596 separari
1546 5525 1814 5596 hominem
1845 5527 2036 5578 adver-

479 5612 571 5647 sus
596 5593 799 5663 patrem
828 5609 1021 5660 suum;
1055 5611 1073 5645 1
1114 5603 1167 5646 et
1198 5593 1421 5646 Tertull.
1448 5593 1708 5647 Adversus
1739 5593 2032 5658 Gnosticos,

478 5680 598 5733 cap.
631 5666 714 5725 16,
750 5682 768 5714 ε
802 5665 1040 5718 dividere
1072 5664 1367 5726 hominem,
1406 5681 1424 5712 ›
1463 5673 1566 5717 etc.

571 5734 662 5803 25)
699 5733 984 5803 Bobiensis
1017 5733 1208 5797 codex,
1241 5751 1258 5782 ι
1302 5733 1354 5786 111
1382 5733 1628 5803 caligine.
1668 5753 1684 5785 1

573 5738 641 5786 25
704 5738 984 5787 Bobiensis
1017 5738 1208 5797 codex,
1241 5751 1258 5782 ι
1302 5738 1354 5786 111
1382 5749 1429 5787 c:

573 5738 663 5872 24)
699 5801 838 5858 Idem
867 5803 1056 5869 codex,
1093 5820 1111 5855 t
1144 5803 1197 5856 in
1232 5803 1371 5856 navi.
1411 5822 1429 5852 1

2201 4611 2312 4686 (27)
2344 4614 2512 4686 1115111,
2549 4613 2754 4686 «111111,
2780 4611 3120 4686 charissime,
3149 4611 3530 4686 quidpostea.
3571 4628 3590 4660 ι

2195 4680 2306 4751 (28)
2333 4685 2513 4738 Codex
2553 4682 2888 4742 Casinensis.
2929 4699 2948 4732 ‹
2989 4680 3129 4734 Deus
3153 4680 3423 4751 omnium.
3458 4699 3477 4731 1

2191 4749 2300 4826 (29)
2324 4755 2462 4826 Male
2487 4753 2802 4826 Casinensis
2828 4751 3017 4826 codex,
3039 4769 3056 4799 ι
3083 4751 3217 4819 legis
3237 4750 3417 4826 inesse
3439 4749 3702 4826 cognitio-

2127 4819 2326 4880 nem.)
2360 4823 2496 4878 Male
2520 4832 2574 4876 et
2604 4821 2743 4874 infra
2769 4820 3072 4883 Bobiensis,
3113 4838 3130 4870 ‹
3162 4820 3408 4878 veniens.
3437 4819 3691 4886 obiecit.)

2130 4897 2233 4951 Sed
2280 4903 2334 4949 et
2379 4895 2692 4948 Casinensis
2749 4906 2847 4961 pro
2907 4908 2926 4940 1
2990 4890 3208 4960 objecit,
3261 4908 3280 4940 1
3341 4890 3485 4942 male
3544 4889 3700 4942 habet

2133 4984 2151 5018 ί
2189 4966 2598 5105 (ἓὸῗαέῖἶάξουιθ
2642 5040 2725 5084 est
2756 5027 3168 5105 bicﬁobiensis
3196 5026 3417 5105 codicis"
3428 5027 3614 5105 lectio,
3647 5027 3696 5105 in

2129 5098 2238 5174 quo
2269 5098 2610 5174 scribitur”
2651 5117 2716 5154 ex
2753 5099 3017 5174 navibus;
3073 5117 3092 5152 1
3126 5107 3353 5174 econtra
3376 5098 3697 5174 Casinensis

2131 5168 2255 5229 mox
2285 5174 2466 5235 habet,
2504 5191 2520 5222 1
2551 5172 2736 5224 dicens
2771 5169 2842 5221 ita
2871 5169 3042 5234 dixit,
3082 5188 3100 5219 1
3135 5168 3272 5220 mala
3300 5169 3488 5221 itidem
3519 5169 3694 5221 lectio.

2201 5245 2312 5314 (51)
2339 5241 2856 5314 CodexaBohiensis,
2893 5258 2911 5290 ι
2942 5247 3152 5308 oportet
3185 5249 3238 5290 et
3268 5246 3474 5314 vetera.
3508 5255 3528 5287 δ

2203 5308 2315 5382 (52)
2349 5312 2484 5366 Male
2504 5309 2840 5382 Casinensis,
2876 5327 2893 5360 ι
2929 5324 3119 5382 rursus
3136 5308 3315 5361 omnis
3338 5309 3646 5376 utriusque.
3673 5323 3690 5356 I

2206 5380 2315 5452 (55)
2351 5383 2530 5436 Codex
2559 5381 2892 5452 casinensis,
2927 5397 2945 5429 ι
2985 5380 3202 5452 docent.
3241 5395 3260 5452 ξ

2206 5443 2316 5522 (51)
2347 5452 2464 5506 llaec
2499 5463 2584 5505 cst
2611 5448 3304 5522 liobiensiscodicisleetio
3329 5465 3344 5511 ;
3370 5461 3498 5522 nam
3524 5446 3577 5499 in
3603 5443 3695 5499 Ca—

2136 5517 2338 5577 sinensi
2391 5531 2493 5583 est,
2549 5539 2567 5570 ι
2623 5521 2829 5572 homini
2863 5519 3017 5573 diviti
3048 5518 3204 5583 mihi,
3257 5536 3277 5569 1
3329 5517 3484 5570 nullo
3516 5531 3691 5571 sensu.

2136 5593 2319 5655 Forte,
2361 5611 2378 5642 t
2412 5593 2620 5645 dimitte
2657 5590 2807 5642 mihi.
2849 5607 2867 5640 1

2207 5662 2317 5731 (55)
2351 5662 2532 5715 Codex
2573 5659 2872 5726 Bobiensis,
2913 5679 2931 5712 1
2986 5672 3092 5714 non
3135 5672 3261 5729 per;
3313 5675 3332 5707 ι
3373 5656 3468 5712 sed
3504 5657 3557 5712 in
3587 5667 3689 5722 seq.

2142 5734 2301 5788 habet
2331 5752 2347 5783 1
2381 5745 2576 5786 nonne.
2627 5749 2643 5780 1
