3922 6516
198 384 339 442 1505

1289 386 1432 444 CUM
1470 388 1750 443 MANETE
1787 362 2316 449 timnesdncus.

3296 408 3432 464 £508

199 506 333 560 fient
367 507 476 579 (56)
508 509 616 562 duc
648 517 826 565 vetera
862 510 1244 576 Testamenta;
1296 511 1338 565 si
1372 519 1548 565 tamen
1584 511 1772 566 ambos
1801 521 1847 571 Α
1877 521 1931 566 et
1964 529 2069 568 non
2102 517 2233 571 satis
2257 514 2660 585 Scripturarum
2698 521 3088 591 quaestionibus
3120 527 3428 585 eruditum:

192 599 478 669 antiquos,
532 611 585 656 et
631 604 749 657 sine
791 603 946 656 initio
969 617 1089 657 esse
1114 602 1270 656 dicis.
1307 601 1416 673 Ego
1443 612 1620 656 autem
1657 618 1764 656 non

195 691 273 744 ita
307 692 509 757 didici,
544 709 719 764 neque
755 695 827 748 ita
869 694 1151 749 continent
1183 694 1493 764 Scripturze.
1534 694 1613 748 Tu
1638 709 1764 749 vero

186 782 293 849 qui
316 782 450 836 dicis
479 783 647 853 legem
682 784 849 854 Moysi
874 800 995 839 esse
1022 785 1241 853 maligni
1267 786 1545 855 principis,
1583 795 1635 840 et
1656 801 1764 840 non

191 871 330 925 boni
366 871 457 925 Dei
488 914 501 934 ,
541 874 627 928 dic
657 875 810 940 mihi,
842 873 1113 944 quierant
1135 874 1207 927 illi
1234 875 1324 943 qui
1354 876 1675 929 resistebant
1710 876 1764 929 in

188 958 392 1015 faciem
429 961 619 1032 Moysi,
672 962 918 1018 Jamncnt
954 964 1076 1018 dico
1111 973 1162 1018 et
1208 964 1542 1019 Mambrem?
1594 964 1764 1021 Omne

188 1050 353 1103 enim‘
394 1054 535 1120 quod
586 1053 809 1119 resistit,
862 1070 972 1108 non
1027 1054 1346 1123 sibimetipsi
1392 1056 1614 1121 resistit,
1668 1057 1760 1111 sed

191 1139 314 1204 alii,
354 1153 447 1195 aut
478 1143 687 1198 meliori
718 1156 811 1199 aut
838 1144 1120 1211 deteriori,
1162 1145 1301 1201 sicut
1332 1145 1535 1200 Paulus
1563 1148 1763 1203 indicat

190 1229 263 1281 ad
284 1229 623 1285 Timotheum
646 1234 700 1286 in
719 1235 954 1289 secunda
974 1234 1210 1305 Epistola
1234 1251 1331 1289 sua
1350 1236 1592 1291 scribens
1613 1236 1719 1309 (57)
1743 1254 1756 1291 :

198 1336 217 1369 ι
262 1319 727 1384 Quemadmodum
773 1323 993 1380 Jamnes
1038 1336 1091 1380 et
1130 1325 1399 1380 Mambres
1450 1326 1761 1382 restiterunt

195 1410 361 1482 Moysi
392 1453 405 1476 ,
444 1413 513 1468 ita
542 1423 595 1469 et
624 1414 714 1470 isti
750 1418 1064 1472 restiterunt
1095 1418 1329 1482 veritati,
1361 1418 1613 1475 homines
1645 1434 1763 1473 cor-

194 1505 339 1574 rupti
395 1516 593 1573 mente,
646 1511 859 1579 reprobi
902 1510 1044 1565 circa
1093 1510 1250 1564 fidem
1267 1528 1291 1576 ;-
1329 1510 1422 1565 sed
1464 1511 1604 1566 ultra
1650 1527 1757 1566 non

192 1599 494 1666 proficient.
550 1600 861 1670 lnsipientia
905 1604 1050 1658 enim
1106 1617 1294 1657 eorum
1345 1603 1596 1658 omnibus
1643 1602 1755 1675 (58)

193 1697 319 1740 nota
345 1698 445 1750 est,
479 1689 621 1743 sicut
657 1698 709 1742 et
742 1691 955 1746 illorum
991 1692 1094 1745 fuit
1118 1692 1206 1761 "f.
1237 1711 1255 1744 ι
1296 1690 1455 1746 Vides
1484 1693 1757 1762 quomodo

194 1776 439 1833 Jamnem
483 1789 535 1834 et
576 1780 870 1836 Mambrem
913 1783 1223 1837 hominibus
1257 1793 1534 1852 comparat
1571 1800 1758 1839 corru-

193 1871 303 1939 ptis
343 1881 520 1926 mente
562 1881 617 1927 et
677 1874 921 1946 reprohis
956 1875 1097 1930 circa
1130 1875 1323 1940 (idem;
1369 1875 1586 1946 Moysen
1628 1893 1756 1933 vero
1787 1857 1829 1911 Β

191 1962 449 2017 veritati?
496 1964 600 2018 Sed
631 1972 683 2018 et
714 1974 936 2020 sanctus
964 1963 1203 2021 Joannes
1232 1966 1502 2019 maximus
1526 1983 1758 2038 evange-

190 2054 437 2109 listarum
461 2056 555 2119 ait,
591 2058 817 2123 gratiam
850 2058 1020 2129 gratia
1058 2067 1331 2126 praestare,
1360 2067 1411 2113 et
1437 2057 1650 2113 differre
1673 2060 1752 2127 ⁸⁸;

189 2160 257 2198 ex
300 2145 630 2213 plenitudine
673 2148 815 2201 enim
870 2146 999 2202 Jesu
1048 2148 1217 2216 legem
1269 2147 1436 2219 Moysi
1482 2149 1756 2219 accepisse

188 2250 291 2289 nos
325 2236 486 2302 dicit;
531 2237 693 2291 aliam
728 2246 910 2291 autem
947 2240 1173 2308 gratiam
1203 2255 1303 2308 pro
1332 2241 1420 2295 illa
1456 2241 1629 2310 gratia
1660 2256 1756 2310 per

186 2321 370 2378 Jesum
422 2324 699 2380 Christum
742 2341 863 2381 esse
918 2328 1237 2396 completam
1289 2327 1343 2380 in
1386 2327 1564 2381 nobis.
1597 2326 1753 2393 Quod

185 2415 481 2470 ostendens
511 2417 672 2471 etiam
698 2417 813 2486 ipse
841 2417 1107 2471 Dominus
1131 2428 1316 2472 noster
1339 2416 1498 2472 Iesus
1529 2418 1706 2471 aiebat
1736 2436 1751 2473 :

192 2520 213 2553 ε
247 2500 365 2557 Non
412 2504 612 2573 putetis
656 2504 788 2574 (59),
839 2506 966 2574 quia
1022 2520 1123 2572 ego
1179 2520 1275 2559 vos
1311 2504 1582 2560 accusabo
1610 2505 1752 2575 apud

185 2592 424 2648 Patrem.
452 2593 544 2649 Est
583 2595 676 2664 qui
710 2610 809 2650 vos
838 2604 1056 2650 accuset
1086 2594 1317 2665 Moyses,
1352 2595 1406 2648 in
1437 2610 1598 2665 quem
1640 2596 1750 2667 (40)

185 2700 285 2739 vos
309 2686 569 2754 speratis;
609 2685 655 2740 si
714 2686 859 2740 enim
903 2684 1196 2739 crederetis
1231 2682 1424 2755 Moysi,
1462 2684 1752 2740 crederetis

186 2781 374 2850 utique
401 2790 455 2835 et
483 2780 616 2834 mihi
644 2778 792 2851 (4!);
821 2779 890 2835 de
916 2793 1003 2833 me
1034 2778 1178 2832 enim
1207 2777 1296 2832 ille
1328 2777 1563 2847 scripsit.
1597 2776 1752 2843 Quod

184 2876 233 2929 si
278 2874 472 2928 litteris
516 2873 662 2927 illius
694 2888 803 2925 non
827 2872 1067 2937 creditis,
1100 2868 1374 2941 quomodo
1405 2869 1585 2923 verbis
1616 2869 1752 2924 meis

183 2966 419 3021 credetis
449 2965 532 3018 "1'
572 2982 592 3017 ι
640 2962 778 3018 Sunt
807 2963 970 3017 etiam
1011 2962 1116 3017 alia
1149 2961 1319 3016 multa
1344 2976 1465 3031 qua:
1490 2960 1595 3015 dici
1625 2976 1753 3029 pos-

183 3067 309 3112 sent
354 3056 464 3126 (42)
508 3064 561 3110 et
604 3056 671 3110 de
712 3054 957 3124 apostolo
984 3052 1176 3117 Paulo,
1213 3061 1269 3107 et
1307 3052 1373 3107 de
1404 3050 1748 3121 Evangeliis;

182 3165 249 3204 ex
277 3148 476 3219 quibus
504 3147 791 3202 ostendere
835 3159 1131 3215 possumus
1157 3153 1394 3198 veterem
1427 3143 1598 3213 legem
1642 3157 1749 3196 non

179 3257 304 3297 esse
343 3242 565 3295 alterius
599 3254 762 3307 quam
811 3236 1051 3303 Domini,
1097 3236 1254 3305 cujus
1278 3243 1362 3289 est
1394 3232 1606 3288 Novum
1642 3233 1749 3289 Te-

180 3344 543 3398 stamentum,
593 3347 714 3401 quae
748 3346 847 3385 nos
884 3336 1255 3397 competenter
1278 3341 1549 3395 exponere
1574 3333 1627 3380 et
1664 3341 1754 3396 ap-

182 3436 301 3481 tare
346 3426 596 3479 convenit
628 3424 762 3493 (43).
794 3420 913 3475 Jam
948 3435 1138 3490 vesper
1168 3420 1410 3489 impedit,
1455 3420 1573 3474 dies
1603 3420 1747 3473 enim

180 3518 493 3581 clauditur,
552 3524 606 3571 et
659 3514 818 3569 finem
891 3527 990 3567 nos
1046 3511 1357 3580 disputandi
1417 3510 1594 3565 facere
1653 3526 1750 3580 par

178 3619 305 3677 est;
353 3610 593 3664 crastino
620 3615 800 3661 autem
829 3604 986 3659 nobis
1030 3602 1162 3673 (44),
1199 3602 1265 3657 de
1308 3603 1507 3673 quibus
1545 3603 1640 3657 tibi
1672 3603 1751 3657 vi-

179 3702 359 3765 detur,
398 3701 724 3771 quaestiones
756 3698 1077 3752 habeantur.
1108 3693 1175 3748 Et
1223 3694 1310 3749 bis
1348 3695 1505 3750 dictis
1547 3695 1750 3750 disces-

179 3802 370 3851 serunt
406 3792 539 3864 (45),

252 3884 437 3942 XLVI.
491 3886 627 3940 Cum
673 3892 854 3939 autem
892 3898 1051 3937 mane
1099 3880 1298 3935 factum
1353 3886 1518 3945 esset,
1568 3876 1748 3933 subito

179 3979 491 4033 adventavit
533 3977 831 4030 Archelaus
878 3975 945 4028 ad
995 3972 1277 4028 castellum
1352 3971 1457 4025 hoc
1522 3971 1574 4023 in
1636 3986 1746 4039 quo

179 4070 497 4124 morabatur
522 4068 810 4131 Diodorus,
855 4067 1173 4136 priusquam
1201 4063 1424 4117 omnino
1451 4062 1743 4131 quisquam

178 4163 249 4217 ad
274 4163 548 4232 publicum
588 4160 920 4231 procederet.
958 4157 1142 4212 Manes
1170 4170 1300 4211 vero
1325 4155 1580 4225 ignorans
1610 4169 1745 4224 pree-

177 4264 388 4310 scntcm
436 4268 555 4309 esse
584 4252 909 4306 Archelaum
940 4291 954 4315 ,
1017 4263 1236 4303 rursum
1288 4246 1582 4300 Diodorum
1618 4260 1745 4314 pro-

176 4347 409 4401 vocabat
431 4346 496 4399 ad
524 4344 799 4415 publicum
823 4381 837 4405 ,
873 4349 931 4395 ut
955 4356 1077 4395 cum
1111 4355 1176 4394 eo
1201 4337 1565 4408 disputatione
1605 4351 1741 4390 con-

178 4440 460 4502 tenderet,
510 4437 697 4491 volens
755 4451 878 4489 eum
934 4434 1113 4487 verbis
1161 4431 1465 4500 opprimere
1494 4469 1508 4494 ,
1558 4445 1624 4483 ex
1678 4445 1742 4483 eo

1777 3203 1819 3259 (Ξ

1866 606 2117 660 Archelai
2174 608 2318 662 enim
2366 609 2626 665 doctrina:
2677 612 2790 681 jam
2839 626 3157 686 perceperat
3190 632 3427 689 gustum.

1865 698 1999 752 Cum
2040 716 2168 770 ergo
2213 712 2265 756 et
2296 703 2469 757 turba:
2491 706 2873 761 convenissent
2893 709 2957 761 ad
2988 709 3208 764 solitum
3238 713 3431 783 dispu-

1866 792 2083 847 tationis
2131 795 2331 862 locum,
2383 804 2437 851 et
2476 795 2657 851 Manes
2684 796 2795 867 jam
2832 800 2993 855 verba
3023 800 3199 857 facere
3235 805 3432 873 cmpis-

1865 891 1963 948 set,
2011 884 2190 939 subito
2239 886 2292 939 in
2343 887 2518 941 medio
2560 903 2749 942 eorum
2799 891 3050 959 apparuit
3106 892 3429 957 Archelaus,

1862 988 1927 1027 ac
1960 973 2249 1030 Diodorum
2302 979 2654 1047 complexus,
2700 989 2888 1035 sancto
2924 983 3110 1037 osculo
3153 985 3425 1042 salutavit.

1861 1063 2128 1122 Diodorus
2178 1084 2328 1135 vero,
2392 1078 2440 1124 et
2497 1086 2689 1125 omnes
2761 1071 2854 1141 qui
2899 1085 3191 1143 praesentes
3250 1088 3426 1142 erant,

1860 1157 2109 1211 admirati
2142 1170 2267 1215 sunt
2296 1176 2432 1230 opus
2458 1163 2652 1217 divinae
2682 1163 3040 1220 Providentim
3062 1206 3075 1229 ,
3112 1174 3173 1220 ut
3212 1168 3263 1221 in
3290 1178 3428 1223 tem-

1859 1260 1990 1313 pore
2037 1248 2154 1317 ipso
2195 1252 2509 1307 adventaret
2555 1254 2855 1310 Archelaus
2901 1273 3009 1326 quo
3048 1260 3279 1328 quaestio
3312 1276 3428 1314 mo-

1858 1338 2101 1405 vebatur;
2134 1356 2192 1394 re
2220 1340 2363 1395 enim
2396 1358 2544 1409 vera,
2572 1346 2717 1414 quod
2749 1344 3023 1401 fatendum
3048 1358 3151 1414 est,
3175 1351 3329 1419 quasi
3360 1367 3425 1405 ex

1857 1437 2008 1498 parte
2038 1430 2218 1499 aliqua
2248 1432 2533 1502 religiosus
2557 1433 2824 1490 Diodorus
2852 1438 3204 1505 pertimuerat
3233 1439 3425 1492 confli-

1858 1528 2025 1573 ctum.
2048 1519 2183 1574 Cum
2216 1528 2394 1577 autem
2431 1524 2653 1579 vidisset
2684 1526 3007 1581 Archelaum
3048 1528 3265 1591 Manes,
3308 1546 3427 1585 ces-

1857 1612 1996 1664 savit
2025 1611 2242 1681 quidem
2284 1615 2541 1668 continuo
2568 1614 2635 1668 ab
2659 1614 3031 1683 insultatione,
3057 1629 3108 1672 et
3135 1620 3426 1688 supercilio

1857 1713 1965 1754 non
1989 1714 2177 1769 parum
2220 1700 2427 1771 dejecto
2451 1744 2466 1769 ,
2512 1696 2795 1757 manifeste
2823 1704 3216 1775 intelligebatur
3236 1749 3248 1771 ,
3280 1711 3426 1778 quod

1858 1791 2168 1846 conflictum
2194 1794 2351 1848 vellet
2375 1795 2629 1865 effugere.
2654 1795 2940 1851 Multitudo
2965 1814 3094 1853 vero
3116 1801 3423 1855 auditorum

1858 1884 2144 1937 adventum
2173 1883 2443 1947 Archelai,
2476 1888 2623 1941 velut
2646 1887 2875 1957 apostoli
2909 1890 3274 1957 przesentiam,
3308 1893 3427 1960 opi-

1858 1987 1987 2029 nata
2017 1984 2118 2042 est,
2147 1991 2246 2045 pro
2269 1991 2334 2030 eo
2357 1978 2501 2046 quod
2530 1978 2596 2032 ad
2620 1980 2767 2034 verbi
2802 1979 3169 2035 defensionem
3198 1990 3302 2035 tam
3330 1999 3426 2051 pa-

1858 2076 2008 2121 ratus
2041 2074 2090 2120 et
2120 2078 2226 2120 tam
2258 2077 2541 2137 promptus
2591 2069 2896 2123 exsisteret.
2932 2068 2996 2123 Et
3037 2086 3159 2123 cum
3204 2073 3424 2127 dextera

1855 2157 2128 2211 silentium
2166 2160 2503 2228 poposcisset
2534 2175 2561 2213 a
2589 2162 2790 2230 populo
2823 2162 3112 2230 (tumultus
3142 2163 3283 2215 enim
3314 2180 3423 2218 non

1856 2248 2149 2303 mediocris
2181 2250 2519 2319 exstiterat),
2554 2251 2657 2305 hoc
2689 2252 2849 2306 modo
2883 2252 3045 2320 ccepit
3076 2252 3375 2306 Archelaus
3408 2272 3420 2307 :

1854 2339 2088 2396 Tametsi
2108 2342 2471 2410 prudentiam,
2506 2343 2729 2412 gloriam
2756 2344 2919 2399 etiam
2948 2352 3259 2397 nostrorum
3286 2362 3421 2399 non-

1854 2433 1986 2486 nulli
2016 2432 2250 2487 assecuti
2282 2441 2450 2489 sunt:
2499 2442 2677 2487 tamen
2724 2434 2827 2489 hoc
2875 2451 2969 2489 vos
3010 2435 3272 2503 deprecor
3301 2474 3315 2498 ,
3362 2446 3421 2488 ut

1852 2537 2039 2577 corum
2073 2537 2194 2591 qua:
2222 2531 2346 2576 ante
2371 2538 2457 2576 me
2487 2523 2633 2576 dicta
2664 2531 2812 2583 sunt,
2845 2522 3217 2577 testimonium
3244 2538 3421 2578 reser-

1852 2614 2007 2667 vetis.
2051 2612 2177 2666 Scio
2212 2613 2354 2666 enim
2389 2620 2442 2667 et
2469 2622 2647 2667 certus
2684 2628 2840 2676 sum,
2889 2612 3115 2677 fratres,
3162 2614 3421 2681 quoniam

1854 2700 2089 2755 Diodoro
2123 2701 2231 2772 (46)
2262 2717 2367 2756 non
2395 2718 2494 2772 pro
2529 2703 2700 2771 ipsius
2733 2703 3164 2772 impossibilitate
3203 2720 3423 2758 succes-

1853 2795 1936 2860 si;
1972 2794 2063 2848 sed
2099 2793 2356 2863 quoniam
2390 2795 2551 2848 istum
2580 2811 2679 2865 ego
2711 2796 2835 2849 novi
2871 2805 3018 2860 tunc,
3059 2811 3181 2848 cum
3214 2797 3278 2849 ad
3322 2796 3422 2849 loci

1853 2886 1955 2937 mei
1980 2895 2158 2954 partes
2187 2884 2467 2954 improbus
2494 2886 2839 2949 advenisset,
2875 2883 3113 2940 Marcelli
3148 2885 3247 2938 viri
3296 2885 3421 2938 illu-

1853 2974 1981 3031 stris
2013 2974 2183 3044 gratia
2214 2974 2347 3044 (i7),
2386 2974 2575 3029 volens
2604 2990 2727 3028 eum
2757 2974 3024 3029 divertere
3054 2990 3083 3027 a
3110 2983 3294 3027 nostra
3325 2976 3423 3027 do-

1852 3066 2026 3120 ctrina
2060 3074 2111 3119 et
2139 3080 2167 3118 a
2198 3065 2326 3123 tide.
2356 3065 2624 3127 videlicet,
2657 3078 2765 3133 quo
2796 3064 3085 3133 impietatis
3111 3064 3274 3132 hujus
3308 3064 3422 3115 ido-

1854 3171 1986 3212 neus
2034 3155 2332 3209 efﬁceretur
2370 3163 2645 3219 assertor;
2681 3162 2734 3207 et
2781 3162 2959 3207 tamen
3008 3153 3262 3207 omnibus
3306 3153 3421 3207 suis

1854 3248 2032 3303 verbis
2064 3248 2116 3300 in
2151 3246 2300 3300 nulio
2328 3260 2450 3299 eum
2484 3244 2749 3300 divertere
2782 3252 2833 3297 et
2864 3259 3082 3298 movere
3112 3243 3413 3313 prasvaluit.

1853 3338 2059 3394 Similis
2089 3338 2233 3393 enim
2264 3337 2517 3391 inventus
2567 3346 2647 3390 est
2701 3336 3147 3404 religiosissimus
3186 3333 3421 3387 Marcel-

1848 3433 1933 3486 lus
1962 3440 2127 3500 petra:
2146 3430 2214 3493 θ’,
2239 3428 2293 3482 in
2320 3443 2427 3497 qua
2453 3428 2712 3481 aedificata
2742 3436 2826 3481 est
2854 3427 3050 3481 domus
3072 3424 3418 3481 solidissimis

1848 3518 2246 3581 fundamentis;
2278 3529 2331 3573 et
2369 3533 2491 3572 cum
2519 3516 2886 3571 descendisset
2912 3515 3112 3585 pluvia,
3149 3526 3200 3568 et
3228 3513 3419 3567 irruis-

1848 3614 1969 3661 sent
1996 3605 2214 3659 llumina
2245 3620 2310 3659 ac
2332 3604 2496 3670 venti,
2522 3611 2576 3658 et
2603 3603 2887 3658 illisissent
2915 3604 2966 3656 in
2992 3603 3213 3657 domum
3243 3604 3415 3664 illam,

1845 3698 2098 3766 perstitit;
2129 3696 2346 3751 fundata
2386 3696 2529 3751 enim
2568 3704 2684 3749 erat
2709 3694 3054 3750 solidissimis
3085 3702 3138 3748 et
3162 3693 3419 3747 immobi-

1846 3788 1988 3844 libus
2019 3787 2387 3843 fundamentis
2424 3806 2438 3842 :
2481 3786 2611 3843 huic
2650 3797 2832 3840 autem
2879 3787 2973 3855 qui
3018 3800 3257 3854 praesens
3305 3796 3409 3854 est,

1846 3877 2124 3932 infamiam
2157 3878 2338 3947 potius
2364 3877 2543 3931 intulit
2564 3886 2793 3931 conatus
2826 3876 2958 3945 ipse,
2981 3891 3143 3946 quam
3176 3875 3409 3935 laudem.

1845 3967 1960 4023 Non
1985 3977 2165 4023 autem
2194 3968 2325 4022 mihi
2359 3967 2512 4021 venia
2544 3967 2742 4034 dignus
2771 3966 2984 4020 videtur
3009 3967 3103 4035 qui
3135 3967 3417 4036 ignorave-

1843 4059 1936 4125 rit,
1967 4060 2109 4128 quod
2158 4058 2400 4112 futurum
2441 4067 2553 4122 est;
2593 4057 2877 4125 oportebat
2924 4057 3068 4110 enim
3108 4071 3232 4110 eum
3274 4073 3413 4125 pra:-

1843 4166 2087 4215 noscere,
2139 4151 2228 4217 qui
2276 4157 2403 4202 sunt
2447 4148 2648 4218 proprii
2690 4148 2814 4213 sui;
2871 4147 3135 4217 siquidem
3181 4146 3415 4218 Spiritus

1842 4242 2107 4296 Paracleti
2152 4240 2358 4293 habitat
2402 4240 2455 4292 in
2490 4253 2577 4292 eo.
2626 4238 2732 4293 Sed
2786 4238 3043 4307 quoniam
3094 4239 3415 4308 ignorantiae

1842 4332 2079 4391 tenebris
2110 4333 2416 4385 obcazeatus
2439 4340 2540 4395 est,
2571 4331 2623 4383 in
2646 4344 2844 4383 vanum
2875 4329 3139 4396 cucurrit,
3164 4345 3284 4383 cum
3312 4330 3413 4385 iter

1844 4424 2046 4480 fa'ceret
2073 4424 2138 4476 ad
2164 4421 2498 4487 Marcellum,
2531 4432 2583 4475 et
2609 4420 2803 4475 similis
2833 4419 3010 4475 facere
3040 4419 3152 4491 (48)
3183 4422 3415 4476 astrolo-

175 4530 324 4600 quod
374 4527 684 4582 advertebat
726 4541 849 4581 eum
907 4522 1180 4577 hominem
1234 4535 1355 4575 esse
1404 4519 1702 4589 simplicem
1724 4559 1738 4583 ,
1774 4538 1819 4597 υ
1845 4532 1932 4587 go,
1964 4513 2291 4569 describenti
2314 4512 2530 4581 quidem
2566 4512 2827 4577 cmlestia,
2856 4512 3125 4583 ignoranti
3145 4528 3272 4567 vero
3293 4529 3413 4583 qua:

248 4668 316 4701 ⁸⁷⁶
351 4665 395 4719 ιι
420 4663 561 4719 Tim.
589 4679 670 4724 ιιι,
694 4662 749 4727 8,
768 4660 821 4714 9.
898 4658 942 4689 ⁸⁸
973 4655 1131 4712 Joan.
1164 4653 1314 4721 ι,16.
1390 4652 1435 4684 ⁸⁸
1463 4650 1621 4705 Joan.
1649 4668 1699 4718 v,
1722 4650 1748 4704 Δ

1857 4651 1903 4706 7.
1979 4650 2024 4681 ⁸⁸
2052 4647 2240 4703 Matth.
2274 4663 2368 4713 vit,
2408 4644 2497 4699 24.

249 4803 361 4876 (56)
402 4801 608 4876 Hoc__i_n
648 4801 769 4855 loco
803 4799 994 4852 lacuna
1029 4804 1113 4876 est
1150 4794 1203 4846 in
1236 4790 1489 4876 Bo‘bi'ensi
1522 4790 1727 4876 codice,

176 4879 234 4931 in
257 4862 378 4945 ‘quo
423 4873 709 4945 scribitur,
753 4889 772 4921 ι
811 4885 875 4923 ex
910 4882 1019 4937 quo
1049 4867 1157 4919 duo
1203 4870 1329 4945 sunt
1364 4862 1601 4945 ingenita
1633 4862 1735 4945 ha-

176 4931 370 5001 bentes
416 4953 663 4997 naturam
686 4931 1383 5012 ipsorumtestamentum,
1421 4938 1474 4983 et
1523 4931 1670 4995 fient,
1709 4948 1729 4981 ι

176 5027 284 5071 etc.
318 5012 565 5067 Valesius
590 5028 654 5066 ex
697 5004 912 5079 ingenio
960 5009 1032 5060 ita
1077 5004 1408 5082 emendavit,
1464 5017 1481 5050 ι
1534 5014 1598 5082 ex
1627 5015 1736 5082 quo

176 5089 289 5141 duo
310 5094 437 5138 sunt
458 5083 718 5152 ingenita,
760 5082 961 5132 habent
991 5093 1057 5152 ex
1085 5086 1284 5152 natura
1304 5078 1543 5152 ipsorum.
1571 5078 1735 5151 testa-

176 5140 442 5211 mentum.
483 5140 648 5206 »vSed
691 5140 869 5220 ipsum
905 5148 1043 5203 male
1080 5144 1380 5214 conjecisse
1422 5140 1737 5195 Casinensis

174 5228 349 5281 codex
382 5224 640 5294 ostendit1
685 5290 735 5294 __
843 5288 855 5294 _
998 5286 1009 5294 _
1182 5284 1193 5294 .

271 5296 362 5366 57)
395 5288 909 5366 Codexpobiensis,
949 5283 1354 5366 «inscribens.
1398 5300 1419 5362 ι
1464 5365 1470 5366 7
1519 5350 1530 5359 _

271 5298 362 5366 57)
395 5298 577 5349 Codex
610 5298 909 5353 Bobiensis,
949 5305 967 5338 ι
999 5298 1067 5341 tta
1091 5298 1354 5366 scribens.
1398 5300 1419 5362 ι
1519 5350 1530 5359 _

249 5298 364 5435 (58)
386 5361 872 5435 ΟοᾱθχᾲΒοιιίειιβὶε
899 5375 911 5411 :
945 5377 962 5408 ι
995 5355 1306 5435 insipientia
1337 5365 1481 5407 emm
1518 5347 1733 5435 illorum

251 5367 364 5488 (58‘)
386 5367 565 5418 Codex
593 5367 872 5415 Bobiensis
899 5375 911 5411 :
945 5377 962 5408 ι
1000 5367 1306 5424 Insiptentta
1337 5367 1481 5407 emm
1518 5367 1733 5427 morum

176 5437 327 5490 mani
354 5443 470 5490 esta
504 5433 608 5486 erit
640 5431 926 5489 omnibus,
963 5427 1137 5489 sicut,
1190 5444 1208 5474 ›
1237 5433 1365 5490 etc.,
1396 5420 1539 5492 quod
1564 5434 1736 5486 magis

175 5508 245 5560 ad
285 5505 523 5567 Vulgata:
554 5502 836 5555 lectionem
879 5497 1102 5567 accedit.
1332 5562 1342 5567 _
1627 5557 1638 5567 .

251 5572 362 5647 (59)
386 5562 567 5629 Codex
594 5570 874 5626 Bobiensis
902 5586 913 5620 :
957 5585 975 5617 ι
1009 5565 1123 5618 Non
1154 5562 1408 5634 potestis;
1448 5576 1467 5609 ›
1498 5562 1733 5629 pessima

172 5645 361 5701 Icctio;
1039 5704 1056 5707 _
1068 5703 1086 5707 _
1578 5697 1591 5707 .
1670 5696 1696 5707 ,.

249 5697 358 5785 (Ᾰο)
388 5710 699 5769 Casinensis
732 5708 900 5766 codex
931 5725 944 5761 :
988 5725 1005 5757 ι
1039 5703 1269 5777 Moyses,
1295 5715 1489 5773 quem;
1528 5717 1546 5750 ι
1578 5697 1736 5753 lectio

174 5785 491 5857 rejicieuda.

1907 4788 2019 4859 (41)
2047 4786 2229 4859 Codex
2259 4783 2565 4859 Bobiensis,
2599 4800 2619 4833 ι
2655 4782 2875 4837 creditis
2908 4778 3103 4851 Moysi,
3133 4778 3410 4837 crcderitis

1837 4855 2025 4927 utique
2066 4856 2248 4910 forsan
2278 4864 2335 4927 et
2372 4855 2577 4927 niihi._:

1911 4918 2020 4998 (λὲ)
2057 4927 2241 4980 Codex
2263 4923 2598 4988 Casinensis,
2632 4940 2651 4972 ί
2685 4920 2790 4973 alia
2821 4919 2971 4988 plura
2996 4918 3134 4987 jam,
3160 4934 3280 4987 qua:
3302 4919 3409 4975 dici

1828 4995 2068 5069 “possint.
2083 5015 2131 5069 ul

1910 5068 2021 5137 (45)
2071 5065 2253 5117 Codex
2298 5060 2601 5137 Bobiensis,
2641 5078 2659 5110 ι
2694 5073 2964 5137 exponere
3006 5067 3059 5137 e_t
3092 5074 3121 5111 a
3160 5056 3319 5111 Patre
3354 5069 3410 5113 ut

1841 5128 2121 5197 convenit;
2163 5154 2180 5184 ›
2218 5149 2338 5202 quae
2370 5132 2530 5185 verba
2556 5146 2677 5184 cum
2706 5130 2925 5202 nullum
2951 5128 3151 5181 habere
3188 5143 3407 5202 sensum

1845 5208 2068 5261 vidisset
2090 5199 2383 5265 Vales—ius“
2410 5216 2678 5270 exponere
2703 5209 2756 5253 et
2781 5199 2991 5267 aperire
3023 5207 3079 5249 ut
3099 5199 3404 5256 convenit,»

1843 5277 2237 5331 emendandum
2266 5287 2386 5325 esse
2420 5272 2660 5340 putavit;
2691 5280 2741 5323 et
2771 5270 2987 5337 quidem
3024 5282 3132 5322 non
3164 5276 3326 5332 recte,
3352 5278 3412 5321 ut

1843 5362 1910 5401 ex
1958 5344 2237 5399 Casinensi
2280 5343 2466 5395 codice
2513 5348 2753 5408 apparet.

1913 5416 2025 5485 (44)
2055 5413 2238 5485 Codex
2263 5407 2681 5485 Bobiensisnon
2715 5420 2877 5485 recte,
2909 5426 2928 5459 ι
2959 5407 3135 5461 vobis.
3170 5423 3190 5457 ι

1914 5478 2024 5555 (45)
2054 5482 2169 5537 Huc
2203 5480 2561 5555 usqueedidit
2589 5478 2857 5555 Valesius.

1912 5544 2022 5623 (46)
2056 5558 2109 5607 tu
2136 5544 2320 5608 codice
2348 5550 2627 5606 Casinensi
2651 5558 2787 5610 erat,
2823 5568 2839 5598 ‹
2879 5546 3170 5612 Diodorus,
3200 5562 3221 5597 ι
3258 5544 3408 5601 nullo

1844 5640 2028 5680 εθιιειι.

1913 5693 2025 5765 (47)
2056 5691 2191 5765 Male
2227 5690 2573 5765 Casinensis,
2607 5708 2625 5739 ι
2669 5689 2768 5744 viri
2804 5689 2858 5743 in
2891 5686 3025 5757 legis
3048 5684 3238 5757 gratia.
3277 5702 3297 5738 ι

1912 5761 2022 5833 (48)
2060 5762 2237 5828 Forte,
2284 5781 2301 5815 ι
2341 5761 2515 5817 factus
2539 5770 2637 5817 est.
2681 5779 2700 5811 ι
