3922 6492
515 325 646 383 1507

1520 321 1705 378 ACTA
1746 320 2270 378 DISPUTATIONlS
2307 317 2364 379 S.
2401 321 2750 380 ARCHELAI

507 462 621 502 suae
654 445 840 500 domui
874 452 1158 516 geruntur.
1200 442 1305 498 Sed
1335 457 1400 497 ne
1425 443 1611 498 videar
1643 460 1739 514 per
1769 445 1881 500 haec
1905 445 2067 498 verba
2098 451 2141 507 Α
2169 442 2420 514 Nunquid
2441 455 2492 500 te
2523 446 2838 500 advocatum
2863 461 3105 502 meorum
3130 446 3352 502 adhibui
3396 463 3748 512 sermonum.

506 537 725 590 diﬁ‘erre
758 536 1135 606 quaestionem,
1163 533 1274 604 jam
1304 534 1512 601 sileam;
1548 536 1615 590 de
1653 535 1720 589 iis
1763 551 1888 590 vero
1931 535 2070 590 dabo

506 628 609 698 ipsi
643 637 997 698 potestatem,
1045 635 1226 681 sumat
1259 627 1620 696 quodcunque
1663 626 1777 680 vult
1822 627 2071 696 proposi-

504 719 669 774 tionis
704 727 757 773 et
784 716 1368 789 qurestionisinitium.
1397 715 1508 772 Vos
1533 718 1926 781 tantummodo,
1965 717 2071 773 sic-

506 821 568 865 ut
607 811 859 880 superius
908 810 1042 875 dixi,
1077 809 1482 865 indeclinabiles
1505 810 1715 880 judices
1747 826 1868 866 esse
1925 827 2072 881 qua:-

505 917 597 966 so,
632 910 692 956 ut
718 917 844 956 vera
875 900 1076 957 dicenti
1096 901 1359 956 honorem
1380 916 1568 956 verum
1595 901 1938 972 palmamque
1961 911 2071 957 tra-

504 989 665 1043 datis.

577 1078 784 1133 XLVII.
811 1078 965 1135 Tunc
1008 1078 1214 1146 Manes,
1245 1081 1461 1136 silentio
1507 1081 1574 1136 ab
1598 1081 1853 1136 omnibus
1891 1080 2067 1147 facto,

503 1172 580 1226 ita
611 1187 840 1226 exorsus
869 1182 949 1227 est
979 1192 990 1227 :
1017 1171 1098 1226 Tu
1123 1189 1361 1243 quoque,
1394 1173 1680 1239 Archelae,
1710 1173 1847 1228 bene
1887 1188 1975 1227 me
2004 1174 2071 1228 de

504 1262 613 1317 Deo
643 1264 982 1325 sentientem,
1019 1263 1348 1336 dignamque
1387 1265 1696 1334 Opinionem
1745 1265 1812 1319 de
1853 1264 2070 1319 Christo

500 1355 848 1420 retinentem,
874 1355 1054 1409 verbis
1082 1356 1484 1411 molestissimis
1506 1354 1785 1422 Obtundis,
1813 1356 1939 1412 licet
1967 1357 2070 1410 tale

504 1446 572 1499 sit
599 1446 971 1514 apostolorum
1005 1462 1218 1517 genus,
1266 1448 1479 1516 patiens
1520 1457 1574 1500 et
1619 1446 1799 1502 ferens
1842 1448 2027 1504 omnia
2052 1487 2068 1512 ,

502 1535 718 1590 etiamsi
751 1551 846 1590 eos
879 1536 1141 1591 conviciis
1169 1536 1292 1605 quis
1327 1545 1420 1590 aut
1454 1536 1756 1591 maledictis
1783 1537 2068 1592 obtrectet.

505 1623 562 1678 Si
607 1625 857 1696 persequi
903 1626 1173 1690 volueris,
1212 1638 1435 1696 paratus
1484 1643 1646 1694 sum;
1680 1638 1734 1683 et
1777 1627 1824 1682 si
1868 1627 2069 1683 inferre

503 1717 788 1787 supplicia,
810 1733 916 1772 non
948 1717 1234 1788 refugiam.
1261 1718 1317 1773 Si
1342 1720 1505 1773 etiam
1527 1719 1830 1774 interﬁcere
1851 1736 1939 1775 me
1961 1721 2064 1785 vis,

2172 545 2232 588 ut
2265 536 2424 590 etiam
2453 534 2566 606 (5|)
2601 551 2732 590 meae
2763 535 2999 591 scientiae
3023 536 3428 606 intelligentiam
3457 539 3748 608 disponas;

2171 627 2370 696 quippe
2403 627 2495 696 qui
2531 629 2745 697 propria
2777 627 3069 697 explanare
3096 644 3204 682 nou
3232 629 3433 694 valeas,
3463 632 3748 700 quomodo

2171 719 2343 773 aliena
2379 719 2582 787 poteris
2626 718 2928 788 explicare?
2977 717 3132 785 Quod
3174 719 3218 774 si
3264 720 3466 774 victum
3515 720 3640 789 jam
3695 735 3752 774 se

2170 807 2453 877 profitetur
2479 806 2766 870 Diodorus,
2799 817 2930 863 tunc
2964 807 3096 861 tnihi
3124 817 3516 863 tecunrsermo
3555 825 3750 863 moveo

2170 899 2336 954 bitur.
2369 898 2425 954 Si
2457 908 2636 954 autem
2670 909 2777 954 stat
2805 901 2914 966 ille,
2948 910 3001 954 et
3043 910 3128 955 est
3169 900 3393 956 idoneus
3441 901 3510 954 ad
3553 903 3748 955 dicen-

2171 989 2326 1056 dum,
2355 990 2538 1045 desine
2567 1000 2644 1056 tu,
2671 1001 2724 1046 et
2757 992 2864 1045 noli
2895 991 3211 1061 perturbare
3247 994 3615 1046 substantiam
3660 1009 3749 1046 ve-

2170 1084 2366 1140 ritatis.
2404 1083 2476 1138 Es
2501 1085 2642 1138 enim
2673 1084 2790 1140 ovis
2813 1085 3010 1150 aiiena,
3039 1084 3284 1140 eﬁicieris
3323 1094 3506 1139 tamen
3555 1091 3746 1154 poaca

2170 1175 2225 1229 in
2250 1190 2476 1230 numero
2505 1175 2746 1244 ejusdem
2787 1176 2996 1246 gregis,
3038 1177 3177 1231 sicut
3198 1193 3298 1230 vox
3331 1173 3459 1230 Jesu
3493 1174 3614 1246 (52)
3657 1192 3747 1229 os-

2171 1267 2360 1333 tendit,
2389 1267 2506 1337 ejus
2533 1269 2624 1337 qui
2656 1268 2906 1338 apparuit
2931 1267 3146 1338 quidem
3179 1269 3233 1322 in
3265 1269 3504 1323 hominis
3543 1270 3744 1337 specie,

2171 1373 2271 1412 nec
2296 1366 2476 1412 tamen
2502 1357 2605 1412 fuit
2641 1359 2824 1412 homo.
2866 1350 3156 1414 Archelaus
3199 1350 3337 1413 dixit
3384 1377 3402 1413 :
3450 1359 3605 1428 Ergo
3643 1377 3745 1414 non

2169 1458 2328 1519 putas
2367 1465 2490 1503 eum
2532 1465 2599 1504 ex
2633 1449 2803 1505 Maria
2850 1449 3071 1520 Virgine
3114 1453 3274 1507 esse?
3325 1453 3515 1508 Manes
3563 1455 3746 1506 dixit:

2168 1540 2326 1596 Absit
2375 1550 2433 1595 ut
2475 1540 2762 1596 Dominum
2807 1550 3052 1597 nostrum
3085 1539 3271 1597 Jesum
3311 1542 3602 1598 Christum
3658 1560 3747 1614 per

2169 1634 2438 1688 naturalia
2489 1635 2735 1704 pudenda
2783 1635 3028 1690 mulieris
3079 1637 3426 1691 descendisse
3483 1643 3746 1692 conﬁtear

2172 1727 2319 1797 (5'5)!
2357 1727 2472 1796 ipse
2501 1727 2644 1781 enim
2671 1727 3036 1782 teétimonium
3077 1726 3208 1793 dat,
3254 1729 3384 1798 quia
3426 1729 3499 1783 de
3536 1730 3744 1784 sinibus

503 1825 610 1863 non
640 1809 954 1875 reformido;
991 1787 1144 1863 illum
1183 1811 1328 1864 enim
1377 1811 1554 1866 solum
1601 1820 1812 1880 oportet
1852 1812 2064 1880 timere,
2099 1787 2141 1842 Β
2171 1787 2348 1872 l’atris
2373 1787 2650 1873 descendit
2682 1818 2766 1882 ⁹²;
2800 1825 2856 1872 et
2895 1835 2909 1871 :
2954 1835 2974 1868 ι
3025 1815 3128 1882 Qui
3159 1787 3243 1872 me
3273 1787 3466 1888 recipit
3491 1859 3510 1884 ,
3560 1820 3746 1887 recipit

502 1903 595 1972 qui
641 1911 817 1972 potest
865 1903 1100 1958 animam
1151 1912 1205 1958 et
1249 1918 1448 1972 corpus
1489 1905 1712 1973 perdere
1758 1903 1815 1958 in
1861 1905 2065 1974 gehen-

501 2011 627 2049 nam
663 1996 728 2047 ⁹¹.
763 1995 1051 2049 Archelaus
1084 1995 1265 2049 dixit:
1312 1995 1467 2051 Absit
1489 2011 1518 2050 a
1542 2011 1648 2052 me.
1674 1994 1794 2051 Non
1823 2007 1905 2053 est
1932 1999 2066 2052 mihi

500 2087 606 2140 tale
635 2088 991 2156 propositum.
1029 2086 1170 2154 Quid
1200 2089 1344 2143 enim
1374 2104 1667 2158 perpessus
1690 2105 1750 2144 es
1786 2105 1816 2144 a
1853 2106 1959 2154 me,
1981 2092 2067 2146 vel

499 2195 528 2232 a
563 2181 764 2234 nostris
787 2222 802 2247 ,
843 2181 1143 2250 etquidem
1176 2196 1302 2236 cum
1340 2182 1672 2237 obtrectares
1712 2191 1875 2253 atque
1922 2183 2067 2254 inju-

499 2271 638 2324 riam
671 2272 965 2341 irrogares,
1001 2281 1054 2326 et
1090 2288 1214 2327 cum
1243 2273 1558 2328 detraheres
1583 2274 1649 2328 de
1691 2275 1930 2344 paternis
1963 2291 2064 2331 no-

499 2363 629 2416 stris
661 2364 1067 2430 traditionibus,
1100 2373 1153 2418 et
1180 2381 1301 2419 cum
1330 2365 1493 2420 velles
1527 2365 1750 2422 animas
1779 2367 2062 2422 hominum

496 2452 634 2508 bene
659 2454 935 2510 institutas
966 2471 1031 2510 ac
1059 2456 1301 2524 diligenti
1329 2457 1540 2511 cautela
1566 2467 1809 2514 servatas
1852 2460 2062 2514 interti-

497 2561 642 2612 ccre,
667 2547 866 2616 quibus
893 2548 1077 2616 utique
1100 2548 1372 2618 repensari
1401 2563 1508 2602 non
1541 2561 1767 2618 possunt
1795 2552 2064 2608 universae

497 2639 687 2691 mundi
720 2638 949 2692 divitize?
973 2637 1357 2693 Verumtamen
1388 2649 1608 2708 propter
1631 2641 1774 2709 quod
1802 2645 2060 2708 assumis,

499 2742 534 2781 ο
566 2726 899 2781 Manichzee?
942 2725 1080 2791 Quid
1109 2734 1192 2781 est
1224 2727 1369 2795 quod
1408 2727 1651 2780 indicas?
1693 2727 1824 2792 Quae
1869 2730 2061 2784 salutis

497 2820 652 2889 signa
683 2820 751 2872 ad
781 2834 882 2873 nos
915 2818 1131 2873 deferas
1159 2818 1347 2872 dicito.
1393 2817 1693 2873 Verborum
1738 2821 1880 2874 enim
1917 2820 2061 2875 nuda

493 2912 718 2982 jactatio
743 2927 851 2965 non
884 2912 1080 2981 poterit
1107 2912 1360 2981 praesenti
1402 2912 1731 2967 multitudini
1781 2913 2062 2969 satisface-

496 3020 580 3068 re,
610 3013 984 3074 utagnoscant
1008 3004 1102 3073 qui
1137 3013 1385 3059 nostrum
1415 3006 1615 3060 rectius
1651 3005 1858 3060 obtinet
1885 3007 2061 3061 scien-

497 3099 627 3150 tiam
659 3097 924 3151 vcritatis.
952 3096 1027 3152 De
1048 3111 1158 3167 quo
1179 3111 1309 3167 ergo
1330 3097 1411 3151 vis
1433 3112 1532 3151 nos
1559 3097 1734 3166 capite
1758 3097 2058 3167 disputare,
2091 3138 2132 3195 ο

495 3190 598 3243 hoc
619 3188 770 3258 prius
789 3189 975 3252 dicito,
995 3204 1116 3243 cum
1144 3191 1293 3258 prius
1312 3189 1522 3244 dicendi
1548 3189 1820 3259 acceperis
1837 3189 2066 3244 faculta-

495 3291 622 3336 tem.
658 3280 838 3334 Manes
861 3282 1032 3334 dixit:
1053 3280 1109 3334 Si
1140 3297 1247 3334 non
1280 3281 1474 3334 iterum
1496 3283 1580 3336 his
1596 3297 1718 3351 quae
1747 3297 1777 3335 a
1802 3281 1960 3336 nobis
1981 3295 2065 3335 re-

491 3382 577 3428 cte
593 3372 867 3436 dicuntur,
887 3371 1174 3425 infideliter
1193 3372 1421 3438 resistis,
1447 3373 1647 3439 dicam;
1670 3373 1715 3426 si
1737 3381 1916 3428 autem
1940 3372 2064 3427 talis

491 3464 734 3529 exsistis,
759 3465 973 3533 qualem
1004 3473 1055 3518 te
1084 3464 1235 3533 prius
1257 3465 1425 3529 sensi,
1450 3464 1627 3519 dicam
1649 3466 1909 3520 adversus
1932 3463 2063 3519 Dio-

493 3555 724 3618 dorum,
773 3554 1052 3609 declinans
1097 3556 1527 3624 inquietudinem
1567 3566 1735 3612 tuam.
1771 3556 2062 3610 Archelaus

491 3648 628 3701 dixit
653 3662 670 3700 :
698 3646 926 3702 Praedixi
949 3648 1086 3716 jam,
1115 3649 1258 3716 quod
1287 3649 1566 3702 abutimur
1593 3649 1854 3704 inanitate
1877 3650 2066 3706 verbo-

493 3753 636 3792 rum.
657 3737 712 3792 Si
731 3740 850 3808 quis
869 3749 1112 3792 nostrum
1138 3739 1250 3809 (49)
1269 3740 1520 3794 resistere
1541 3740 1828 3795 inﬁdeliter
1855 3742 2063 3796 inveni-

493 3839 604 3896 tur,
623 3830 898 3899 judicibus
923 3830 1036 3884 haec
1053 3831 1640 3899 pcrmittediscernere;
1656 3842 1710 3886 tu
1732 3843 1910 3887 autem
1932 3833 2061 3903 quid

491 3936 727 3985 asseras,
761 3922 946 3976 dicito.
975 3921 1157 3976 Manes
1191 3923 1328 3976 dixit
1358 3939 1377 3977 .°
1403 3923 1458 3977 Si
1487 3939 1596 3978 non
1627 3924 1822 3978 iterum
1855 3924 2061 3978 resistis

493 4015 583 4070 his
607 4031 727 4085 qua:
756 4031 786 4068 a
813 4031 898 4069 me
926 4015 1122 4069 iterum
1157 4026 1303 4071 recte
1332 4016 1608 4081 dicuntur,
1645 4017 1922 4086 incipiam.
1954 4016 2062 4070 Ar-

485 4107 704 4162 chelaus
729 4108 865 4161 dixit
895 4125 914 4161 :
942 4107 998 4160 Si
1030 4125 1137 4161 non
1172 4109 1276 4163 hoc
1304 4118 1406 4172 est,
1441 4108 1486 4164 si
1516 4124 1624 4163 non
1657 4109 1785 4162 illud
1812 4151 1826 4174 ,
1879 4124 2059 4163 sermo

482 4208 574 4255 est
601 4201 836 4254 hominis
867 4201 1187 4268 ignorantis.
1222 4200 1444 4270 Ignoras
1478 4217 1607 4272 ergo
1638 4205 1782 4271 quod
1814 4202 2058 4256 futurum

483 4300 593 4344 est.
614 4289 718 4344 Sed
747 4292 850 4344 hoc
869 4293 1014 4360 quod
1048 4291 1287 4345 futurum
1313 4293 1415 4356 ais,
1441 4293 1694 4347 resistere
1720 4308 1804 4347 me
1830 4302 1924 4346 aut
1950 4307 2058 4346 non

489 4381 762 4443 resistere,
793 4385 845 4435 in
880 4397 1000 4436 mea
1027 4394 1107 4436 est
1138 4392 1420 4452 potestate.
1459 4383 1740 4448 Quomodo
1771 4399 1900 4452 ergo
1947 4392 2057 4436 sta-

2168 1924 2291 1965 eum
2331 1909 2424 1979 qui
2461 1924 2547 1964 me
2577 1909 2725 1964 misit
2746 1909 2828 1977 ⁹³;
2869 1929 2888 1961 ι
2925 1920 3017 1966 et:
3049 1931 3068 1963 ι
3104 1908 3217 1965 Non
3245 1911 3368 1964 veni
3421 1906 3611 1966 facere
3656 1928 3744 1964 w-

2167 2001 2428 2056 luntatem
2473 2019 2672 2067 meam,
2704 2002 2799 2058 sed
2842 2002 2960 2072 ejus
3006 2003 3098 2073 qui
3136 2003 3284 2058 misit
3316 2019 3406 2058 me
3433 2005 3522 2069 ἐς
3567 2023 3588 2056 ι
3631 2014 3683 2058 et
3725 2023 3740 2056 :

2175 2113 2194 2146 ι
2225 2093 2346 2148 Νοη
2374 2110 2494 2148 sum
2528 2095 2730 2149 missus
2761 2093 2867 2148 nisi
2898 2094 2963 2148 ad
2999 2111 3128 2150 oves
3152 2097 3391 2165 perditas
3431 2096 3639 2151 domus
3673 2095 3745 2150 ls-

2168 2184 2282 2239 rael
2308 2184 2374 2239 ”.
2417 2204 2435 2236 ι
2466 2183 2606 2239 Sunt
2629 2195 2682 2239 et
2706 2186 2811 2239 alia
2841 2185 3122 2240 innumera
3145 2187 3456 2241 testimonia
3490 2187 3750 2256 hujusce-

2167 2277 2336 2340 modi,
2370 2294 2491 2348 qua:
2522 2279 2758 2334 indicant
2787 2295 2910 2334 eum
2942 2279 3175 2345 venisse,
3206 2288 3262 2334 et
3289 2296 3400 2334 non
3427 2289 3632 2334 natum
3667 2296 3751 2334 es-

2169 2385 2246 2425 se.
2285 2370 2439 2436 Quod
2471 2370 2518 2425 si
2551 2372 2824 2440 potentior
2855 2373 2946 2427 illo
2976 2389 3056 2436 es,
3087 2382 3138 2426 et
3184 2373 3357 2443 magis
3405 2373 3558 2427 scire
3596 2382 3748 2442 potes

2167 2460 2310 2531 qttod
2338 2475 2523 2516 verum
2555 2471 2660 2528 est,
2689 2464 2962 2533 quomodo
2990 2463 3102 2533 jam
3149 2464 3226 2517 illi
3273 2464 3564 2518 credimus
3586 2465 3612 2516 ?
3646 2465 3747 2517 Ar-

2164 2551 2379 2606 chelaus
2421 2552 2557 2606 dixit
2601 2569 2619 2606 :
2654 2552 2841 2623 Neque
2885 2555 2978 2608 illo
3011 2555 3280 2624 potentior
3326 2571 3452 2610 sum
3481 2593 3501 2620 ,
3561 2571 3750 2611 servus

2165 2644 2311 2698 enim
2342 2659 2486 2709 sum,
2520 2653 2574 2699 et
2596 2660 2768 2715 neque
2791 2647 3014 2716 aequalis
3038 2647 3251 2702 Domini
3293 2648 3401 2702 mei
3425 2630 3582 2702 esse
3629 2665 3747 2718 pos-

2167 2750 2307 2802 sum;
2335 2751 2435 2806 ego
2461 2739 2602 2792 enim
2626 2754 2746 2793 sum
2777 2739 2984 2794 inutilis
3009 2754 3225 2805 servus,
3277 2740 3588 2794 verborum
3638 2740 3748 2810 ejus

2165 2824 2488 2895 discipulus,
2519 2828 2746 2883 credens
2772 2828 2857 2883 his
2899 2844 3020 2898 quae
3050 2830 3119 2883 ab
3151 2829 3269 2898 ipso
3302 2830 3448 2884 dicta
3478 2842 3624 2884 sunt
3650 2872 3666 2896 ,
3699 2842 3747 2882 et

2165 2916 2280 2970 haec
2310 2916 2709 2971 indeclinabilia
2739 2933 2859 2974 esse
2886 2921 3168 2973 conﬁrmo.
3198 2917 3380 2972 Manes
3413 2921 3563 2972 dixit
3611 2936 3632 2972 :
3663 2919 3744 2973 Si-

2166 3007 2310 3061 milis
2339 3007 2416 3060 tui
2450 3007 2692 3076 quidam,
2721 3023 2845 3062 eum
2873 3009 2923 3062 ei
2947 3008 3238 3078 aliquando
3268 3010 3502 3064 dixisset
3537 3031 3553 3064 :
3587 3031 3606 3062 ι
3641 3003 3746 3064 Μί-

2167 3095 2245 3148 ria
2273 3105 2446 3150 mater
2476 3105 2588 3162 tua,
2628 3105 2681 3150 et
2709 3094 2904 3151 fratres
2946 3098 3022 3151 tui
3070 3097 3203 3152 foris
3237 3107 3383 3153 stant
3422 3100 3511 3166 9‘,
3566 3118 3588 3151 ι
3641 3116 3742 3154 non

2165 3187 2392 3242 libenter
2417 3187 2709 3254 accipiens,
2739 3203 2862 3243 eum
2894 3190 2986 3258 qui
3035 3189 3242 3244 dixerat
3285 3190 3624 3259 increpavit,
3675 3193 3748 3246 di-

2164 3293 2331 3333 cens:
2362 3297 2381 3329 ι
2415 3277 2544 3343 Quae
2575 3287 2658 3332 est
2698 3289 2870 3333 mater
2903 3296 3018 3334 mea
3043 3321 3058 3344 ,
3101 3290 3193 3334 aut
3237 3281 3330 3351 qui
3359 3293 3494 3334 sunt
3543 3282 3744 3337 fratres

2164 3369 2310 3422 mei?
2359 3386 2376 3419 ι
2440 3368 2506 3422 Et
2552 3368 2788 3424 ostendit
2831 3386 2924 3425 eos
2970 3372 3064 3441 qui
3116 3371 3352 3427 facerent
3397 3375 3741 3430 voluntatem

2163 3474 2342 3522 suam,
2378 3468 2430 3513 et
2456 3468 2659 3514 matres
2688 3460 2790 3513 sibi
2813 3475 2933 3515 esse
2961 3471 3014 3514 et
3043 3460 3233 3517 fratres
3265 3480 3278 3515 :
3306 3463 3387 3516 sin
3432 3471 3630 3519 autem
3668 3470 3742 3519 ris

2163 3549 2342 3604 dicere
2375 3559 2600 3604 matrem
2634 3551 2805 3619 ipsius
2834 3550 3081 3614 Mariam,
3112 3569 3218 3608 non
3246 3563 3329 3607 est
3363 3554 3466 3608 tibi
3495 3555 3630 3611 sine
3655 3574 3743 3626 pe-

2163 3641 2355 3707 riculo;
2385 3642 2501 3696 sine
2524 3642 2689 3696 dubio
2709 3645 2852 3697 enim
2884 3645 3046 3698 etiam
3066 3644 3256 3701 fratres
3287 3663 3354 3700 ex
3379 3663 3445 3701 ea
3475 3650 3738 3705 habuisse

2162 3744 2516 3789 monstratur.
2546 3734 2612 3788 Et
2640 3735 2928 3790 dieutrum
2953 3739 3019 3792 de
3045 3737 3241 3808 Joseph
3292 3743 3543 3810 generati
3593 3755 3738 3809 sunt,

2161 3835 2257 3881 aut
2287 3842 2351 3881 ex
2380 3828 2567 3882 eodem
2599 3829 2802 3897 Spiritu
2831 3832 3060 3885 sancto?
3091 3829 3230 3901 Ergo
3250 3841 3304 3885 et
3335 3834 3546 3889 multos
3579 3835 3740 3890 Chri-

2161 3928 2295 3984 stos,
2332 3920 2377 3975 si
2407 3936 2471 3974 ex
2502 3922 2690 3975 eodem
2729 3920 2930 3991 Spiritu
2967 3931 3153 3978 sancto
3177 3935 3472 3995 generatos
3505 3924 3734 3990 dixeris,

2161 4011 2474 4066 habuimus.
2505 4012 2656 4078 Quod
2692 4015 2807 4085 (54)
2835 4016 2879 4071 si
2911 4031 3018 4070 non
3049 4031 3115 4069 ex
3147 4017 3335 4070 eodem
3367 4014 3610 4086 Spiritu,
3645 4021 3736 4075 sed

2159 4112 2340 4158 tamen
2369 4105 2569 4161 dixeris
2594 4122 2716 4162 eum
2750 4107 2944 4162 fratres
2968 4109 3254 4176 habuisse;
3288 4109 3409 4164 sine
3444 4113 3620 4168 dubio
3655 4116 3738 4166 in-

2159 4193 2507 4263 telligendum
2529 4203 2631 4256 est,
2666 4196 2792 4264 quia
2823 4206 2945 4265 post
2977 4195 3233 4265 Spiritum
3261 4235 3276 4260 ,
3320 4210 3448 4266 post
3481 4199 3734 4262 Gabriel.

2150 4286 2402 4352 nupserit
2424 4282 2622 4354 Joseph
2646 4283 2807 4356 Virgo
2834 4287 3161 4351 castissima,
3186 4298 3238 4341 et
3254 4287 3616 4345 immaculata
3640 4291 3738 4346 Ec-

2158 4375 2326 4429 clesia
2357 4376 2490 4445 (55).
2519 4375 2673 4442 Quod
2703 4378 2748 4431 si
2778 4379 2936 4431 etiam
2968 4379 3069 4432 hoc
3093 4379 3392 4433 absurdum
3431 4394 3518 4437 est
3558 4385 3737 4436 omni-

483 4472 566 4526 bit
590 4488 769 4526 sermo
793 4473 878 4526 ille
911 4473 1141 4526 duarum
1181 4474 1460 4538 arborum,
1489 4474 1542 4527 in
1573 4488 1682 4542 quo
1725 4474 1845 4528 ﬁdis
1894 4474 2054 4528 veluti
2091 4476 2134 4531 D
2162 4483 2254 4530 n0.
2296 4483 2416 4522 eam
2451 4470 2691 4537 quolibet
2730 4473 2894 4526 modo
2937 4467 3295 4527 concubuisse
3325 4490 3455 4528 cum
3504 4475 3732 4547 Ioseph,

489 4574 646 4619 scuto
670 4564 1006 4620 ﬁrmissimo?
1041 4566 1096 4620 Si
1125 4566 1266 4619 enim
1293 4565 1576 4619 contrariae
1596 4566 1764 4633 partis
1790 4580 1890 4635 ego
1911 4581 2056 4631 sum,

2157 4557 2244 4611 dic
2285 4574 2352 4611 an
2389 4557 2584 4613 fratres
2631 4560 2901 4616 habuerit.
2957 4560 3339 4630 Nunquidnam
3384 4565 3554 4619 etiam
3599 4582 3736 4621 mea

487 4654 764 4723 quomodo
795 4654 1153 4708 obedientiam
1186 4670 1360 4708 meam
1389 4653 1656 4722 requiris?
1683 4652 1836 4719 Quod
1863 4654 1908 4708 si
1933 4656 2059 4708 obe-
2155 4649 2291 4703 chiae
2318 4649 2368 4704 ei
2397 4651 2603 4706 crimen
2634 4652 2905 4722 impingiS.
2947 4669 2980 4708 0
3018 4655 3438 4723 prudeﬂlissilne
3482 4657 3736 4714 Marcelle

470 4746 703 4799 dientiae
737 4746 789 4799 in
833 4761 918 4799 me
953 4754 1035 4799 est
1077 4762 1261 4810 mens,
1304 4747 1578 4814 quomodo
1617 4745 1953 4814 pertimescis
1988 4763 2056 4802 ne

486 4839 773 4892 resistant?
813 4839 908 4892 Ais
937 4839 1081 4892 enim
1116 4839 1242 4907 quia
1286 4840 1486 4892 malum
1526 4855 1742 4909 semper
1777 4849 2054 4910 permanet

486 4932 710 4989 malum,
755 4941 808 4982 et
839 4931 1037 4983 bonum
1088 4947 1299 4999 semper
1331 4941 1610 5000 permanet
1653 4932 1891 4995 bonum,
1940 4932 2046 4984 vim

483 5022 632 5076 verbi
676 5023 830 5076 istius
875 5025 1090 5092 penitus
1139 5024 1393 5092 ignorans
1436 5024 1572 5092 (50).
1619 5023 1799 5077 Manes
1845 5026 1978 5079 dixit
2031 5039 2049 5077 :

555 5137 596 5166 ⁹¹
626 5135 810 5188 Matth.
861 5152 914 5198 Χ,
953 5135 1044 5189 ‘28.

479 5205 529 5238 ³⁸
552 5205 741 5258 Matth.
773 5222 868 5265 xu,
898 5206 988 5258 47.

552 5300 662 5366 (49)
695 5300 1007 5354 Casinensis
1030 5299 1220 5365 codex,
1261 5320 1280 5353 ι
1322 5311 1656 5357 nostrorum.
1693 5321 1713 5354 ι

551 5370 660 5439 (50)
695 5370 746 5422 In
779 5371 1080 5429 Casinensi,
1115 5390 1131 5420 ι
1167 5372 1394 5438 ignorat.
1432 5391 1450 5422 ι

552 5443 663 5506 (at)
700 5439 754 5492 lu
783 5441 968 5494 codice
989 5439 1272 5496 Casinensi
1298 5452 1401 5506 est,
1436 5460 1457 5494 ι
1491 5443 1792 5510 autetiam,
1828 5461 1847 5493 ι
1887 5443 2046 5498 lectio

479 5508 858 5572 improbanda.

551 5579 661 5647 (5'2)
696 5580 1029 5641 Casinensis,
1071 5599 1088 5631 ι
1117 5581 1255 5636 sicut
1288 5597 1384 5637 vos
1408 5581 1587 5638 Jesus.
1622 5603 1640 5635 ι

513 5648 662 5727 “(559
693 5649 1266 5727 lucodice_Casiueusi
1295 5662 1400 5722 est,
1433 5671 1452 5707 ι
1486 5655 1793 5723 conﬁtetur,
1825 5674 1844 5708 ι
1880 5654 2045 5710 libra-

477 5722 546 5772 rii
573 5733 775 5787 errore,
807 5729 866 5775 ut
893 5722 1070 5789 palam
1106 5731 1206 5778 est.

1155 5136 1198 5167 ⁰²
1243 5133 1400 5191 Joan.
1445 5153 1483 5203 ι,
1539 5135 1604 5189 18
1657 5153 1737 5204 tu,
1777 5138 1862 5193 i5.

1971 5137 2018 5170 ”
2045 5136 2230 5190 Matth.
2286 5149 2341 5199 x,
2388 5131 2476 5186 40.

2157 4739 2294 4811 (56)?
2319 4739 2471 4806 Quod
2503 4741 2548 4796 si
2576 4741 2768 4796 borum
2809 4743 2942 4795 nihil
2991 4744 3242 4798 convenit
3286 4745 3736 4803 incontaminatz

2155 4827 2390 4900 Virgini,
2420 4834 2563 4887 unde
2591 4834 2638 4887 ei
2676 4833 2844 4888 fuisse
2875 4833 3068 4888 fratres
3100 4836 3350 4890 astrues?
3377 4837 3534 4903 Quod
3559 4843 3606 4894 si
3631 4840 3738 4895 fra-

2159 4931 2266 4978 tres
2285 4926 2332 4979 ei
2353 4923 2520 4978 fuisse
2538 4941 2640 4978 non
2656 4934 2808 4994 potes
2823 4927 3067 4991 educere,
3083 4929 3354 4994 quomodo
3371 4929 3541 4984 Maria
3560 4944 3736 4986 mater

2156 5017 2275 5084 ejus
2295 5016 2420 5080 erit,
2441 5016 2582 5070 sicut
2608 5016 2682 5068 ait
2705 5016 2794 5068 ille
2818 5017 2907 5085 qui
2936 5018 3172 5071 scribere
3194 5033 3363 5071 ausus
3384 5031 3465 5074 est
3497 5039 3513 5076 :
3543 5041 3562 5072 ι
3592 5021 3734 5076 Ecce

2529 5161 2538 5168 -
2587 5132 2634 5165 ”
2669 5131 2825 5187 Joan.
2862 5148 2942 5195 vt,
2995 5133 3083 5188 58.
3195 5135 3240 5166 ⁸³
3269 5133 3460 5190 Matth.
3516 5155 3603 5205 xv,
3633 5141 3730 5195 ΞΔ,

2231 5299 2341 5369 (54)
2382 5299 2439 5351 1η
2475 5297 2781 5360 Casinensi,
2823 5316 2841 5348 ι
2877 5298 3114 5351 dixerint
3147 5298 3460 5354 habuimus.
3495 5301 3654 5369 Quid.
3698 5323 3722 5354 ι

2155 5369 2256 5423 Sed
2291 5370 2446 5421 obvia
2482 5379 2561 5422 est
2599 5370 2757 5433 hujus
2793 5369 2889 5420 loci
2911 5369 3243 5422 emendatio.

2226 5440 2336 5509 (ἠδ)
2366 5437 2476 5509 Vox
2514 5457 2533 5487 ι
2576 5438 2836 5502 Ecclesia,
2889 5457 2906 5489 ι
2944 5440 3150 5492 videtur
3187 5454 3618 5505 supervacanea,
3665 5453 3724 5496 et

2151 5508 2480 5582 perlibrarii
2512 5523 2752 5582 errorem
2788 5510 3018 5578 adjecta.
3043 5510 3200 5562 Certe
3223 5511 3342 5563 sine
3374 5513 3491 5580 ipsa
3515 5514 3728 5582 integer

2151 5590 2235 5632 est
2264 5581 2423 5647 hujus
2462 5579 2562 5633 loci
2591 5594 2800 5632 sensus.

2227 5650 2339 5718 (56)
2378 5650 2453 5701 lix
2490 5650 2573 5701 his
2605 5649 2784 5701 verbis
2817 5649 2993 5718 colligi
3022 5664 3183 5718 posse
3208 5649 3458 5714 videtur,
3491 5649 3725 5706 Marcel-

2154 5720 2264 5773 lum
2298 5736 2420 5775 cum
2448 5719 2713 5774 Archelao
2743 5723 2809 5772 ad
2836 5719 3052 5774 Diouori
3084 5720 3368 5775 castellum
3398 5724 3629 5776 venisse.
