3922 6506
107 326 126 337 ’
209 360 350 416 1509

1293 362 1438 420 CUM
1476 361 1761 418 MANETE
1797 357 2332 417 HERESIARCHA.

3289 352 3431 408 l5l0

205 490 382 535 mater
407 489 522 545 tua,
549 490 604 537 et
629 479 823 538 fratres
851 481 928 537 tui
955 481 1088 539 foris
1119 485 1296 539 stant?
1330 505 1348 536 ι
1377 484 1529 552 Quod
1561 484 1774 540 etiamsi
1801 489 1851 546 Α
1877 483 2026 538 nium
2051 482 2354 537 auditorum
2373 487 2516 535 esset
2538 478 2761 542 intenta,
2784 490 2893 532 non
2911 471 3433 546 opportuneingres-

201 575 296 628 Ille
329 589 495 628 ausus
523 583 604 629 est
634 575 835 644 dicere,
870 575 964 631 illo
992 577 1110 646 ipso
1150 578 1418 647 potentior
1453 588 1547 633 aut
1597 578 1771 648 major

199 678 324 720 esse
356 680 514 719 nemo
558 676 768 735 potest,
817 666 910 737 qni
943 669 1178 723 ostendit
1218 669 1376 724 nobis
1423 681 1646 725 matrem
1678 679 1771 726 aut

200 750 401 806 fratres
431 770 582 820 suos;
608 757 700 809 sed
736 764 789 810 et
813 756 1031 810 Davidis
1059 772 1177 812 esse
1211 757 1326 828 (57)
1368 774 1478 814 non
1515 759 1772 828 dignatur

197 844 393 898 audire
416 845 483 899 ’⁷.
525 845 817 914 Apostolus
859 846 1050 902 Petrus
1092 846 1483 914 discipulorum
1526 848 1769 903 omnium

197 934 668 990 eminentissimus
710 946 838 992 tunc
876 953 1169 1008 agnoscere
1214 954 1337 993 eum
1383 940 1594 1008 potuit,
1643 953 1768 994 cum

197 1023 404 1094 singuli
442 1026 722 1093 opiniones
750 1042 881 1098 suas
913 1045 1049 1099 quas
1083 1031 1149 1085 de
1171 1031 1288 1100 ipso
1314 1031 1603 1096 habebant,
1643 1046 1771 1099 pro-

201 1125 436 1180 merent,
464 1116 540 1170 ait
573 1135 587 1171 :
623 1135 642 1169 ι
685 1115 766 1172 Τιι
799 1134 858 1174 es
891 1117 1144 1176 Christus
1172 1120 1342 1177 Filius
1368 1120 1460 1176 Dei
1486 1123 1592 1174 vivi
1627 1121 1693 1183 ἐς
1717 1129 1770 1176 et

197 1207 386 1260 statim
417 1206 689 1261 beatificat
720 1210 1075 1273 eum,dicens
1109 1229 1122 1264 :
1159 1229 1178 1262 ι
1209 1209 1477 1278 Quoniam
1517 1211 1770 1266 revelavit

198 1296 300 1351 tibi
333 1295 494 1352 Pater
517 1314 670 1355 meus
709 1303 968 1357 cmlestis.
1013 1320 1032 1354 ι
1075 1300 1208 1356 Vide
1250 1311 1453 1373 quanta
1501 1303 1571 1357 sit
1613 1302 1770 1358 diffe-

197 1391 376 1444 rentia
428 1406 614 1447 eorum
662 1409 783 1463 qua:
815 1395 886 1450 ab
913 1393 1040 1451 Jesu
1091 1395 1232 1450 dicta
1288 1403 1438 1450 sunt.
1493 1393 1574 1449 Illi
1623 1396 1768 1451 enim

197 1482 298 1551 qui
325 1482 534 1538 dixerat
566 1503 579 1538 :
622 1503 641 1537 ‹
679 1485 816 1542 Ecce
845 1497 1016 1542 mater
1046 1497 1135 1543 tua
1163 1487 1294 1544 foris
1320 1498 1446 1556 stat,
1480 1507 1500 1541 ι
1546 1503 1770 1560 respon-

194 1572 281 1626 dit
316 1590 329 1625 :
369 1592 387 1624 ι
433 1573 560 1638 Quae
588 1576 720 1629 mihi
755 1585 838 1631 est
868 1585 1061 1644 mater,
1102 1587 1196 1632 aut
1227 1578 1464 1634 fratres?
1504 1598 1523 1632 ι
1565 1580 1626 1634 Ei
1672 1597 1770 1636 au-

197 1668 310 1714 tem
339 1662 432 1730 qui
469 1662 607 1718 dixit
641 1684 654 1719 :
690 1683 708 1716 ‹
748 1665 828 1721 Tn
860 1683 918 1723 es
953 1669 1206 1728 Christus
1230 1669 1399 1725 Filius
1429 1668 1524 1726 Dei
1557 1672 1686 1737 vivi,
1743 1691 1763 1725 ι

197 1751 587 1832 beatitudinem
630 1755 1166 1830 benedictionemque
1191 1762 1445 1815 restituit.
1475 1760 1531 1816 Si
1552 1777 1680 1832 ergo
1703 1763 1770 1817 de

198 1826 373 1896 Maria
407 1845 488 1900 vis
520 1860 642 1902 esse
669 1863 794 1903 eum
825 1861 1033 1917 natum,
1071 1853 1328 1906 mentitur
1363 1853 1476 1923 ipse
1515 1869 1638 1908 cum
1664 1851 1766 1909 Pe-

196 1941 290 1988 tro
321 1953 335 1989 :
367 1935 412 1989 si
447 1945 625 1992 autem
653 1955 838 1995 verum
873 1942 1003 1997 dicit
1042 1942 1272 2010 Petrus,
1315 1947 1433 1999 sine
1475 1945 1640 2000 dubio
1679 1947 1767 2001 ille

196 2023 351 2093 prior
380 2023 586 2081 fefellit.
617 2027 772 2095 Quod
803 2030 848 2085 si
875 2030 1021 2100 prior
1048 2031 1253 2100 fefellit,
1288 2049 1509 2090 causam
1548 2036 1614 2090 ad
1638 2037 1769 2091 scri-

199 2124 411 2184 ptorem
442 2118 733 2188 rejicienda
782 2132 882 2177 cst.
934 2122 1108 2178 Unum
1145 2124 1307 2194 igitur
1349 2127 1624 2183 Christum
1667 2143 1766 2184 nos

193 2205 408 2259 scimus
451 2223 571 2263 esse
621 2211 919 2266 secundum
957 2216 1259 2283 apostolum
1299 2214 1565 2284 Paulum,
1607 2219 1765 2288 cujus

199 2299 427 2355 vocibus
466 2301 736 2360 credimus
768 2307 1194 2364 consonantibus
1223 2308 1484 2366 duntaxat
1510 2311 1762 2368 adventui

194 2391 340 2460 ejus.

273 2483 508 2541 XLVIII.
536 2484 632 2542 llis
685 2487 883 2543 auditis
919 2491 1089 2546 turbae
1113 2502 1371 2562 permotae
1406 2504 1553 2556 sunt,
1597 2496 1761 2552 veluti

195 2577 466 2632 rationem
511 2579 754 2634 veritatis
795 2583 1196 2638 continentibus
1223 2627 1236 2651 ,
1284 2593 1337 2639 et
1385 2585 1652 2642 Archelao
1686 2591 1762 2644 nil

197 2671 434 2727 habente
457 2672 599 2741 quod
627 2672 710 2727 his
734 2684 913 2743 posset
933 2691 1234 2746 opponere;
1263 2679 1366 2732 hoc
1393 2679 1537 2733 enim
1569 2680 1767 2735 indica-

196 2764 561 2826 vittumultus
586 2765 679 2833 qui
709 2765 848 2819 inter
880 2783 972 2821 eos
1002 2778 1221 2823 exortus
1255 2768 1428 2823 fuerat
1455 2789 1470 2837 ;
1515 2772 1607 2825 sed
1641 2787 1765 2826 cum

198 2855 492 2911 multitudo
540 2861 969 2928 conquievisset,
1009 2861 1307 2918 Archelaus
1340 2865 1442 2919 hoc
1481 2866 1641 2919 modo
1681 2881 1765 2920 re-

197 2948 417 3015 spondit
471 2967 484 3002 :
521 2947 667 3004 Voce
708 2951 921 3020 quidem
978 2953 1188 3008 Domini
1241 2957 1410 3009 nostri
1449 2955 1576 3011 Jesu
1609 2957 1766 3010 Chri-

194 3038 270 3091 sti
303 3037 485 3092 nullus
522 3041 716 3106 poterit
748 3057 866 3096 esse
899 3044 1166 3110 potentior
1189 3085 1203 3109 ,
1253 3045 1299 3099 si
1343 3062 1515 3114 neque
1567 3061 1764 3099 nomen

199 3126 418 3196 aliquod
448 3129 653 3197 aequale
683 3132 731 3183 ei
757 3145 876 3186 esse
914 3133 1186 3186 invenitur
1219 3151 1232 3187 :
1284 3153 1302 3184 ‹
1364 3133 1590 3204 Propter
1616 3135 1760 3204 quod

198 3217 344 3273 Deus
377 3236 498 3274 eum
523 3223 794 3286 exultavit,
829 3233 880 3277 et
906 3223 1124 3278 donavit
1156 3226 1230 3279 illi
1267 3243 1462 3280 nomen
1495 3228 1639 3296 quod
1679 3238 1762 3282 est

199 3326 364 3379 super
395 3328 553 3366 omne
584 3330 778 3368 nomen
811 3316 878 3380 ⁹⁹;
922 3334 942 3368 ι
991 3333 1163 3387 neque
1201 3323 1253 3372 in
1285 3321 1594 3374 testimonio
1641 3323 1762 3390 quis

195 3402 426 3470 aequalis
454 3404 502 3457 ei
538 3420 658 3459 esse
693 3407 882 3474 poterit
917 3425 932 3460 ;
961 3417 1013 3461 ct
1048 3409 1168 3464 ideo
1210 3426 1306 3480 ego
1340 3411 1488 3466 vocis
1515 3411 1632 3480 ejus
1668 3412 1762 3465 tibi

193 3494 508 3549 testimonia
568 3497 865 3566 proferam,
926 3503 1158 3572 primum
1198 3505 1411 3572 quidem
1460 3504 1762 3561 dissolvens

197 3584 315 3638 lucc
341 3601 462 3654 qua:
496 3604 523 3641 a
558 3597 606 3642 te
634 3589 774 3646 dicta
801 3601 945 3658 sunt,
981 3594 1054 3647 uti
1089 3611 1154 3648 ne
1188 3595 1357 3658 dicas,
1381 3597 1637 3658 quoniam
1666 3611 1765 3651 nec

197 3679 303 3733 sibi
347 3681 450 3749 ipsi
488 3692 828 3751 consonant,
859 3695 918 3739 ut
947 3696 1028 3741 est
1071 3687 1166 3740 tibi
1209 3689 1546 3744 consuetudo
1584 3689 1766 3743 dicen-

195 3771 275 3825 di.
311 3771 404 3826 Ais
432 3773 576 3828 enim
615 3777 742 3846 quia
772 3793 894 3832 eum
927 3779 1018 3848 qui
1054 3781 1393 3835 nuntiaverat
1422 3782 1468 3835 ei
1496 3783 1560 3837 de
1595 3791 1764 3837 matre

196 3874 294 3918 aut
313 3865 377 3919 de
407 3863 682 3935 fratribus,
709 3870 1062 3939 increpaverit
1086 3871 1265 3940 Jesus,
1291 3875 1447 3942 quasi
1467 3873 1758 3943 fallentem,

198 3958 497 4011 secundum
524 3960 577 4013 id
611 3962 753 4029 quod
790 3965 1114 4032 scriptorem
1145 3962 1349 4020 fefellit.
1383 3964 1569 4036 Neque
1597 3969 1643 4022 is
1669 3970 1761 4037 qui

199 4053 546 4108 annuntiavit
573 4055 621 4108 ei
655 4055 720 4110 de
751 4065 922 4111 matre
951 4065 1004 4112 et
1039 4059 1296 4114 fratribus
1327 4059 1633 4130 increpatus
1656 4072 1759 4128 est,

197 4160 376 4214 neque
395 4143 587 4201 Petrus
618 4162 780 4216 supra
816 4148 965 4202 illum
993 4151 1142 4204 solus
1162 4150 1501 4206 heatificatus
1524 4161 1640 4219 est;
1667 4153 1761 4208 sed

196 4244 428 4306 uterque
457 4237 524 4290 ah
549 4252 614 4291 eo
649 4239 865 4309 dignam
901 4243 1311 4311 responsionem
1345 4244 1562 4313 propria
1597 4245 1763 4298 inter-

195 4329 479 4398 rogatione
508 4332 777 4400 percepit,
821 4332 958 4387 sicut
989 4335 1041 4388 in
1082 4324 1540 4406 consequentibus
1584 4353 1762 4393 sermo

195 4419 544 4473 monstrabit.
593 4419 725 4473 Cum
753 4423 874 4489 quis
919 4425 1177 4491 parvulus
1221 4435 1342 4492 est,
1379 4427 1576 4495 cogitat
1623 4426 1762 4480 sicut

1874 589 1968 629 sus
2009 574 2095 630 hic
2136 573 2358 627 nuntius
2406 570 2474 624 de
2519 581 2689 624 matre
2733 568 2850 638 ejus
2895 566 3179 637 suggessit,
3215 579 3279 619 ac
3323 561 3434 616 fra-

1874 665 2066 720 tribus.
2129 663 2294 732 Quidj
2315 662 2498 718 enim?
2541 659 2803 714 Debuitne
2842 660 3003 714 etiam
3061 656 3208 726 (58),
3258 654 3432 723 teipso

1867 753 2160 824 judicante,
2177 752 2548 822 derelinquere
2563 764 2658 804 eos
2675 764 2812 819 quos
2832 749 3056 804 curabat
3077 754 3129 800 et
3149 759 3287 815 quos
3307 758 3401 796 cru
3415 769 3434 784 -

1869 845 2068 910 diebat,
2100 854 2153 898 et
2185 858 2309 898 cum
2345 851 2517 896 matre
2546 855 2611 895 ac
2639 838 2902 894 fratribus
2935 836 3208 907 colloqui?
3236 831 3428 888 Nonne

1868 937 2125 993 continuo
2151 935 2217 990 de
2243 933 2345 989 hoc
2371 933 2490 1004 ipso
2522 932 2873 987 detraheres’!
2902 929 3036 985 Cum
3064 929 3208 984 enim
3239 940 3429 996 pecca-

1868 1026 1937 1082 tis
1959 1034 2186 1081 onustos
2214 1033 2266 1079 et
2291 1032 2539 1093 gravatos
2566 1021 2635 1076 ad
2658 1021 3044 1091 discipulatum
3067 1017 3263 1087 delegit
3291 1015 3428 1069 duo-

1867 1115 2042 1170 decim
2084 1130 2315 1169 numero
2343 1113 2455 1184 (59)
2491 1127 2628 1182 quos
2669 1122 2722 1166 et
2764 1111 3034 1181 apostolos
3083 1107 3425 1169 nominavit,

1867 1207 2050 1261 dicens
2079 1206 2155 1260 eis
2192 1223 2205 1259 :
2243 1204 2546 1274 Relinquite
2583 1213 2808 1256 matrem
2836 1211 2888 1256 et
2924 1210 3131 1271 patrem
3161 1202 3183 1232 ¹
3206 1240 3220 1265 ,
3256 1207 3314 1252 ut
3342 1211 3431 1250 me

1867 1294 2014 1364 digni
2039 1293 2364 1360 efficiamini,
2410 1304 2469 1348 ut
2513 1293 2650 1348 ultra
2687 1309 2793 1348 non
2840 1293 3008 1364 possit
3049 1291 3129 1347 eis
3167 1290 3429 1345 memoria

1867 1387 2034 1458 patris
2058 1394 2153 1440 aut
2174 1385 2360 1439 matris
2388 1387 2668 1440 robustum
2697 1394 2885 1455 pectus
2912 1384 3204 1438 inflectere.
3237 1381 3296 1435 Et
3326 1383 3428 1434 ite-

1867 1492 1986 1530 rum
2013 1476 2225 1530 volente
2256 1475 2362 1529 alio
2394 1477 2628 1545 quodam
2674 1477 2853 1530 dicere
2884 1475 2932 1530 ei
2968 1493 2982 1530 ε
3017 1474 3108 1529 Ibo
3128 1516 3142 1541 ,
3173 1483 3228 1528 et
3273 1487 3432 1542 sepe-

1866 1565 1995 1619 liam
2041 1573 2246 1635 patrem
2276 1579 2478 1630 meum,
2508 1565 2624 1620 ait:
2659 1583 2678 1617 t
2738 1565 2957 1620 Dimitte
2998 1575 3244 1620 mortuos
3275 1579 3431 1633 sepe-

1865 1655 1964 1709 lire
1991 1665 2234 1710 mortuos
2263 1670 2392 1710 suos
2419 1667 2461 1709 θ.
2500 1673 2519 1706 ι
2550 1653 2761 1710 Intuere
2790 1671 2919 1725 ergo
2941 1656 3213 1725 quomodo
3243 1654 3428 1710 Domi-

1867 1761 1972 1801 nus
2005 1761 2160 1801 meus
2179 1744 2339 1800 Jesus
2368 1744 2436 1800 ad
2467 1746 2770 1800 necessaria
2819 1745 2931 1816 (60)
2971 1746 3267 1816 discipulos
3299 1747 3430 1802 aedi-

1797 1841 1839 1896 B
1867 1835 2010 1900 ﬁcat,
2040 1843 2092 1889 et
2115 1851 2212 1905 pro
2237 1835 2444 1889 meritis
2469 1834 2759 1904 unicuique
2781 1843 2966 1888 sancta
2988 1833 3150 1887 verba
3180 1834 3431 1887 commit-

1864 1927 1946 1982 tit.
1975 1925 2051 1982 lta
2083 1934 2137 1980 et
2165 1925 2218 1980 in
2255 1941 2321 1981 eo
2361 1935 2604 1996 tempore
2637 1940 2747 1996 quo
2789 1925 3101 1994 importune
3138 1925 3429 1977 annuntia-

1861 2028 2011 2073 verat
2038 2017 2257 2090 quidam
2295 2019 2343 2073 ei
2389 2019 2456 2072 de
2506 2027 2700 2082 matre,
2744 2033 2852 2072 non
2902 2016 3280 2086 complectitur
3328 2031 3428 2085 pro

1864 2111 2054 2166 matris
2093 2111 2376 2181 praesentia
2422 2109 2714 2165 Paternum
2765 2109 3036 2179 praeterire
3082 2119 3426 2178 praeceptum.

1868 2201 1935 2258 Ut
1964 2213 2144 2256 autem
2189 2203 2282 2256 tibi
2311 2203 2592 2257 ostendam
2635 2203 2746 2256 haec
2777 2201 2849 2255 ita
2897 2216 3019 2255 esse
3041 2241 3056 2264 ,
3091 2199 3284 2254 Petrus
3330 2200 3430 2254 ali-

1862 2294 2099 2365 quando,
2129 2308 2254 2350 cum
2280 2293 2392 2365 jam
2421 2293 2868 2348 beatiticationem
2902 2291 3092 2347 fuisset
3124 2291 3191 2346 ab
3213 2306 3276 2345 eo
3299 2307 3429 2346 con-

1863 2395 2102 2452 secutus,
2136 2388 2210 2442 ait
2239 2387 2305 2442 ad
2339 2386 2523 2440 Jesum
2557 2408 2568 2441 :
2606 2405 2625 2438 ι
2677 2385 2947 2454 Pr0pitius
2975 2396 3112 2449 esto,
3162 2383 3385 2438 Domine
3407 2423 3426 2449 ,

1864 2492 1970 2531 non
1999 2478 2096 2531 erit
2134 2477 2227 2530 tibi
2254 2478 2396 2531 istud
2429 2477 2470 2544 ⁸,
2511 2495 2528 2528 ι
2562 2493 2685 2532 cum
2721 2478 2946 2532 dixisset
2974 2477 3023 2530 ei
3069 2475 3261 2541 Jesus,
3300 2475 3429 2545 quia

1864 2576 2134 2636 oporteret
2163 2568 2274 2638 (61)
2310 2567 2505 2621 Filium
2539 2569 2778 2622 hominis
2825 2569 3116 2623 ascendere
3149 2566 3427 2637 Jerosoly-

1863 2671 2031 2721 mam,
2062 2664 2116 2710 et
2147 2657 2343 2719 occidi,
2379 2666 2432 2710 et
2453 2656 2609 2710 tertia
2640 2657 2726 2710 die
2755 2671 3056 2724 resurgere;
3091 2655 3428 2722 respondens

1863 2748 1939 2800 ait
1969 2745 2128 2800 Petro
2152 2764 2165 2800 :
2197 2764 2214 2797 ‹
2243 2745 2387 2800 Vade
2407 2755 2570 2813 retro,
2602 2747 2826 2812 Sataua,
2857 2747 2984 2816 quia
3013 2762 3118 2800 non
3145 2747 3289 2815 sapis
3309 2760 3429 2815 quae

1864 2836 1959 2891 Dei
1991 2846 2136 2900 sunt,
2169 2838 2260 2892 sed
2289 2853 2409 2907 qua:
2437 2839 2713 2892 hominum
2761 2848 2910 2892 sunt.
2951 2856 2969 2890 ι
3009 2838 3274 2904 Quoniam
3302 2853 3430 2906 ergo

1864 2929 2146 2982 existimas
2187 2929 2338 2981 illum
2371 2928 2464 2997 qui
2510 2929 2559 2982 ei
2608 2929 2674 2983 de
2707 2939 2880 2983 matre
2929 2929 3333 2982 renuntiaverat
3375 2939 3432 2981 et

1863 3018 2142 3081 fratribus,
2178 3021 2514 3088 iucrepatum
2539 3034 2659 3074 esse
2690 3021 2758 3074 ab
2780 3020 2937 3087 Jesu;
2968 3022 3130 3076 istum
3170 3036 3298 3075 vero
3335 3022 3429 3090 qui

1869 3138 2028 3206 paulo
2060 3147 2184 3191 ante
2221 3137 2431 3191 dixerat
2465 3155 2478 3190 :
2518 3156 2535 3188 ι
2573 3136 2654 3190 Tu
2684 3154 2742 3193 es
2771 3139 2941 3194 Filius
2970 3139 3058 3195 Dei
3088 3141 3216 3207 vivi,
3249 3160 3267 3193 ›
3303 3141 3430 3195 bea-

1865 3229 2146 3283 titudinem
2185 3237 2559 3295 consecutum;
2607 3230 2728 3283 vide
2756 3233 2882 3299 quia
2916 3233 3088 3301 magis
3131 3233 3276 3288 hunc
3315 3233 3428 3305 (62)

1862 3323 2097 3391 praetulit
2125 3318 2302 3384 Jesus,
2339 3320 2427 3373 cui
2455 3328 2508 3374 et
2541 3322 2858 3378 clementius
2896 3333 3094 3377 etcum
3150 3325 3303 3379 venia
3335 3341 3428 3380 re-

1863 3428 2120 3483 sponsum
2152 3411 2280 3464 dare
2307 3410 2559 3480 dignatus
2592 3422 2714 3479 est;
2760 3413 2916 3467 Petro
2942 3430 3070 3470 vero
3113 3425 3234 3484 post
3282 3416 3428 3472 illam

1864 3502 2288 3559 benedictionem
2320 3503 2528 3556 nullum
2561 3504 2674 3566 jam
2715 3505 2885 3558 venia:
2923 3505 3150 3576 largitur
3188 3507 3426 3575 titulum,

1864 3611 1961 3666 pro
1988 3613 2053 3651 eo
2081 3597 2220 3666 quod
2260 3607 2506 3652 naturam
2543 3596 2619 3650 rei
2660 3595 2760 3650 sibi
2797 3598 2952 3652 dictae
3001 3615 3106 3653 nou
3141 3599 3429 3670 diligenter

1864 3688 2174 3743 adverterit.
2207 3688 2358 3742 Illius
2381 3687 2522 3741 enim
2560 3685 2734 3739 nuntii
2767 3701 2916 3741 error
2947 3691 3188 3760 responsi
3219 3693 3431 3746 ratione

1864 3778 2170 3846 corrigitur;
2200 3778 2361 3847 hujus
2377 3793 2504 3831 vero
2521 3777 2744 3831 tarditas
2757 3776 3057 3834 intellectus
3069 3781 3332 3836 acerbiori
3354 3781 3434 3834 in-

1863 3871 2170 3940 crepatione
2192 3871 2498 3924 damnatur.
2531 3867 2607 3920 Ex
2641 3883 2748 3938 quo
2778 3868 3053 3923 advertere
3087 3880 3257 3939 potes,
3282 3873 3429 3941 quod

1864 3959 2125 4016 Dominus
2156 3961 2311 4017 Jesus
2339 3960 2821 4030 interrogationum
2882 3960 2985 4013 sibi
3026 3965 3429 4030 Opportunitate

1864 4062 2097 4115 servata,
2125 4054 2344 4122 dignum
2373 4059 2586 4120 promat
2608 4049 2834 4119 singulis
2854 4061 3326 4118 opportunumque
3349 4070 3429 4108 re-

1863 4159 2146 4214 sponsum.
2179 4143 2331 4209 Quod
2359 4144 2426 4210 si,
2461 4153 2518 4197 ut
2541 4143 2641 4208 ais,
2681 4159 2747 4197 ex
2777 4157 2843 4196 eo
2876 4143 3022 4211 quod
3060 4159 3244 4197 verum
3273 4145 3426 4200 dixe-

1864 4247 1968 4300 rat,
1993 4235 2182 4291 Petrus
2214 4237 2572 4298 beatifieatur,
2596 4243 2650 4289 et
2677 4251 2776 4305 pro
2803 4250 2868 4289 eo
2892 4236 3034 4305 quod
3059 4235 3262 4303 fefellit,
3287 4255 3429 4292 nun-

1861 4329 1970 4382 tius
2007 4329 2093 4382 ille
2135 4329 2418 4397 culpatur;
2467 4327 2555 4381 dic
2596 4327 2729 4380 mihi
2781 4341 2950 4396 quare
2993 4343 3113 4382 cum
3154 4329 3430 4385 daemones

1863 4434 1986 4473 eum
2019 4419 2426 4482 confiterentur,
2460 4418 2701 4473 dicentes
2736 4437 2750 4472 :
2790 4437 2808 4470 ι
2856 4418 3071 4475 Scimus
3102 4430 3168 4486 te,
3223 4425 3315 4492 qui
3353 4424 3430 4478 sis

199 4509 481 4579 parvulus,
522 4509 662 4579 sapit
691 4519 747 4563 ut
774 4513 1032 4579 parvulus
1062 4516 1101 4578 ¹;
1135 4530 1255 4568 cum
1288 4528 1465 4570 autem
1496 4518 1762 4586 perlectus

1869 4509 1978 4577 (65)
2016 4519 2237 4562 sanctus
2269 4509 2412 4564 Deus
2433 4509 2474 4574 ⁸,
2509 4526 2528 4559 ι
2563 4508 2856 4576 increpavit
2889 4525 3003 4574 eos,
3029 4519 3082 4564 et
3116 4511 3272 4566 silere
3315 4511 3427 4583 (64)

205 4597 374 4652 fuerit
405 4601 504 4662 vir,
538 4601 886 4653 destruentur
912 4618 973 4655 ea
999 4618 1119 4671 quae
1149 4614 1274 4658 sunt
1313 4608 1540 4674 parvuli,
1575 4607 1624 4659 id
1654 4615 1755 4668 est,

196 4691 328 4744 dum
362 4690 426 4744 ad
467 4693 646 4761 priora
685 4708 742 4748 se
779 4695 901 4763 quis
946 4695 1216 4758 extendit,
1262 4697 1609 4753 obliviscetur
1645 4717 1766 4768 qua:

197 4791 322 4851 post
351 4797 409 4836 se
436 4793 580 4836 sunt.
621 4783 770 4838 Unde
800 4784 1028 4839 Domino
1057 4798 1242 4842 nostro
1268 4787 1393 4843 Iesu
1422 4790 1642 4844 Christo
1674 4793 1768 4844 do-

195 4882 374 4938 cente,
400 4885 449 4928 et
471 4885 693 4929 curante
724 4875 1020 4931 humanum
1049 4894 1238 4948 genus,
1267 4881 1341 4932 uti
1377 4897 1442 4934 ue
1464 4882 1625 4935 simul
1655 4899 1768 4936 om-

200 4966 292 5019 nia
323 4967 647 5034 depei-ireut,
670 4984 901 5037 cumque
925 4969 977 5021 in
1011 4968 1208 5023 talibus
1235 4970 1428 5024 studiis
1463 4985 1613 5025 mens
1644 4987 1765 5026 om-

271 5079 316 5111 ³⁷
358 5079 542 5134 Matth.
595 5098 750 5145 xxiii,
788 5083 876 5136 Δὶ.
951 5083 998 5114 ⁸⁸
1034 5081 1221 5136 Matth.
1260 5099 1368 5146 xvi,
1407 5083 1492 5137 16.

196 5166 277 5215 Ix,
307 5150 397 5204 59.
472 5150 494 5180 λ
534 5151 721 5206 Matth.
750 5169 860 5219 ενι,
893 5153 984 5207 22.
1062 5153 1083 5182 ⁸
1116 5151 1244 5206 Luc.
1275 5169 1348 5217 IV,
1377 5153 1466 5208 54.

275 5242 384 5312 (57)
409 5241 721 5312 Casineusis
752 5245 942 5305 codex,
982 5263 1000 5294 ι
1041 5241 1205 5312 David
1237 5241 1407 5297 Jesse.
1463 5264 1481 5297 ι

197 5310 386 5434 M(‘58)l
427 5311 491 5392 In.
532 5313 716 5368 codice
759 5313 1060 5376 Casiueusi,
1100 5331 1116 5362 ι
1174 5311 1366 5368 Debuit
1398 5324 1451 5369 et
1497 5314 1680 5370 etiam.
1741 5335 1762 5370 ι

259 5400 283 5430 :t
312 5398 339 5433 11
394 5393 549 5434 1³0110.

259 5383 339 5433 ala
376 5383 549 5435 lectio.

274 5450 386 5523 (59)
429 5450 483 5503 lu
501 5452 694 5523 codice
733 5451 1013 5506 Casinensi
1066 5454 1475 5521 corruptissime
1519 5454 1713 5523 legitur
1748 5474 1762 5510 :

203 5538 226 5592 ᾳ
269 5520 568 5592 (lumenim
605 5524 837 5592 peccatis
867 5523 1040 5576 bonus
1067 5531 1119 5576 et
1147 5520 1402 5592 gravatus
1431 5526 1496 5576 ad
1526 5520 1764 5590 discipu-

198 5590 370 5663 latum
403 5589 878 5663 diligit__duodecirn
914 5589 1159 5645 numero.
1193 5612 1210 5644 ›
1241 5592 1349 5648 Nos
1377 5605 1636 5661 quantum
1664 5589 1760 5663 per

201 5660 548 5726 conjecturas
574 5660 745 5723 licuit,
778 5663 939 5728 hujus
968 5663 1069 5717 loci
1112 5663 1304 5717 menda
1331 5660 1684 5728 suStulimns,
1707 5675 1761 5718 et

200 5729 444 5805 fortasse
471 5730 632 5805 paulo
664 5740 786 5799 post
823 5747 944 5802 pro,
985 5751 1005 5785 ‹
1042 5732 1227 5792 dicens
1254 5735 1356 5802 eis,
1404 5753 1424 5788 ο
1470 5735 1755 5805 legendum

195 5806 304 5866 est,
344 5817 362 5850 ι
395 5797 529 5853 dixit
548 5800 646 5855 eis.
664 5797 703 5852 “›

1571 5084 1615 5115 ⁹⁹
1650 5084 1846 5156 Philip.
1872 5101 1930 5146 ιι,
1959 5081 2013 5136 9.

1864 4601 2142 4670 praecepit?
2161 4600 2272 4654 Cur
2294 4615 2398 4654 non
2412 4599 2700 4668 (siquidem
2720 4601 3090 4654 confitentium
3115 4617 3172 4655 se
3195 4604 3433 4658 testimo-

1864 4693 1971 4747 niis
2001 4690 2318 4758 delectatur)
2353 4691 2514 4744 etiam
2552 4691 2718 4754 istos,
2765 4691 2904 4744 sicut
2929 4689 3146 4744 Petrum
3185 4707 3310 4746 vera
3341 4694 3430 4747 di-

1867 4793 2102 4847 centem,
2140 4781 2606 4835 benedictionibus
2639 4793 3014 4836 reumueratus
3038 4784 3152 4836 est?
3184 4783 3337 4849 Quod
3381 4787 3430 4841 si

1866 4875 1969 4930 hoc
1993 4874 2289 4928 absurdum
2316 4881 2420 4932 est,
2454 4871 2776 4939 relinquitur
2803 4881 2862 4925 ut
2882 4886 2978 4940 pro
3010 4873 3148 4939 loco,
3175 4891 3270 4942 pro
3293 4885 3433 4931 tem-

1866 4981 2018 5036 pore,
2046 4979 2142 5033 pro
2170 4963 2438 5030 persoais,
2465 4978 2564 5031 pro
2587 4967 2766 5027 rebus,
2793 4979 2892 5033 pro
2915 4964 3273 5022 accidentium
3294 4970 3432 5024 salu-

2091 5079 2106 5110 ⁸
2135 5077 2155 5131 l
2181 5078 2307 5132 Cor.
2335 5094 2454 5141 xui,
2487 5080 2573 5134 Il.
2649 5082 2670 5111 ⁸
2699 5078 2887 5134 Matth.
2953 5097 3008 5146 x,
3065 5082 3152 5138 57.
3232 5085 3428 5141 a'Luc.

1940 5238 2050 5310 (60)
2081 5236 2138 5310 In
2167 5237 2354 5310 eodem
2385 5238 2591 5310 codice,
2629 5256 2647 5290 ‹
2677 5238 2742 5292 ad
2780 5240 3162 5296 necessariam.
3197 5261 3216 5295 ι

1935 5307 2048 5382 (6-1)
2074 5307 2135 5382 In
2162 5309 2346 5382 eodem
2359 5309 2571 5382 codice,
2605 5326 2624 5359 ι
2663 5318 2893 5378 oportet,
2922 5330 2942 5363 ι
2971 5329 3128 5368 secus
3151 5320 3312 5382 atque
3335 5314 3436 5370 ha-

1865 5378 1953 5436 bet
1984 5378 2209 5447 Vulgata
2245 5378 2432 5447 editio:

1935 5449 2046 5520 (6‘2)
2080 5445 2137 5520 In
2168 5449 2353 5520 codice
2386 5445 2668 5520 Casinensi
2691 5457 2792 5512 est,
2828 5467 2847 5500 ‹
2876 5450 3035 5520 huic.
3071 5469 3090 5503 ι

1934 5516 2044 5586 (65)
2078 5516 2134 5570 1η
2171 5518 2356 5576 codice
2390 5517 2689 5570 Casineusi.
2729 5537 2746 5566 ‹
2793 5519 2917 5586 quis
2947 5537 3024 5575 es.
3065 5541 3084 5572 ›
3128 5521 3232 5577 Sed
3265 5523 3434 5582 libra.

1863 5589 1931 5643 rii
1958 5602 2112 5641 error
2137 5588 2293 5639 nobis
2325 5587 2438 5641 visa
2477 5595 2557 5639 est
2581 5587 2666 5638 illa
2695 5586 2871 5642 lectio.

1937 5658 2047 5730 (64)
2067 5657 2128 5730 In
2156 5658 2342 5710 eodem
2370 5657 2554 5710 codice
2583 5665 2666 5710 est
2702 5675 2722 5708 ι
2754 5659 2938 5730 sinire.
2971 5659 3120 5730 ii'Sed
3150 5681 3169 5714 ι
3194 5663 3374 5725 silere,
3405 5683 3425 5718 ι

1865 5727 1968 5804 legi
1993 5729 2188 5782 debere
2218 5742 2318 5804 pos
2347 5743 2499 5804 sacer
2522 5734 2703 5804 textus
2731 5727 2938 5786 edocet.
2973 5729 3104 5789 Vide
3131 5742 3309 5792 tamen
3335 5750 3429 5804 an,

1871 5821 1890 5854 ι
1927 5797 2123 5868 Sinere,
2169 5815 2186 5850 ι
2219 5797 2502 5867 legendum
2531 5797 2619 5853 sit.
