3922 6498
492 381 623 436 1511

1511 382 1690 437 ACTA
1732 381 2260 438 DISPUTATIONIS
2299 382 2357 438 S.
2402 380 2748 436 ARCHELAI

3604 387 3741 441 15!!

490 514 561 565 te,
590 517 650 557 ea
674 517 793 571 quae
815 500 955 555 dicta
976 510 1104 555 sunt
1127 501 1509 571 intelligamus,
1529 502 1603 555 uti
1626 518 1691 557 ne
1711 510 1910 557 temere
1936 520 2057 573 pro-
2085 510 2128 565 Α
2154 502 2387 571 judicer.
2418 500 2571 568 Quod
2607 501 2652 557 si
2688 517 2793 556 non
2823 500 3087 571 judicium
3117 502 3241 566 erit,
3276 500 3477 558 frustra
3506 503 3613 557 crit
3640 503 3739 557 ob-

490 594 824 655 nuntiantes,
877 593 1039 663 digna
1082 594 1410 647 coercitione
1464 592 1743 660 feriarnur,
1795 602 1848 647 et
1900 603 1958 647 ut
2006 601 2058 648 te

491 686 662 755 magis
695 701 759 740 ac
800 686 972 755 magis
1001 687 1277 751 edoceam,
1310 686 1479 739 multo
1509 685 1741 755 amplius
1770 685 1919 739 illum
1965 685 2058 755 qui

489 779 555 833 dc
584 789 753 832 matre
781 778 1141 845 nuntiaverat,
1172 781 1496 834 honoratum
1523 798 1535 833 :
1568 790 1623 832 tu
1656 787 1835 833 autem
1861 778 2061 832 oblitus

489 868 565 922 rei
594 885 713 937 qua:
742 870 895 924 nobis
928 871 1203 939 proposita
1239 881 1343 935 est,
1382 872 1434 924 in
1462 870 1605 925 aliud
1649 885 1947 925 conversus
1978 886 2057 924 es.

486 958 625 1012 Audi
665 974 794 1029 ergo
845 959 1110 1027 breviter;
1162 962 1207 1015 si
1257 962 1403 1016 enim
1458 961 1695 1015 volueris
1751 961 2062 1032 diligentius

482 1050 685 1105 intueri
715 1068 834 1121 qua:
867 1052 1009 1107 dicta
1053 1066 1209 1119 sunt,
1258 1055 1603 1110 inveniemus
1648 1056 1701 1109 in
1754 1055 1845 1109 illo
1884 1055 2063 1123 priore

486 1142 713 1195 multam
766 1142 1051 1197 Dominum
1102 1143 1286 1199 Jesurn
1341 1145 1642 1199 ostendisse
1686 1145 2059 1209 clementiam,

488 1234 649 1303 idque
674 1236 1118 1290 convenientibus
1142 1246 1191 1291 te
1220 1237 1483 1306 exemplis
1506 1238 1779 1292 edoceam.
1804 1234 1915 1290 [lex
1942 1236 2065 1304 qui-

486 1324 645 1390 dam,
672 1341 796 1380 cum
844 1327 1107 1383 adversus
1154 1327 1363 1381 hostem
1404 1326 1759 1397 processisset
1796 1335 2059 1389 armatus,

485 1427 539 1472 et
568 1419 829 1486 cngitaret
861 1428 1022 1488 atque
1055 1420 1368 1488 disponeret
1391 1418 1849 1488 quemadmodum
1883 1425 2064 1487 posset

486 1524 706 1563 manum
751 1511 852 1565 sibi
901 1511 1153 1565 hostilem
1192 1519 1353 1579 atque
1394 1510 1681 1565 barbaram
1737 1510 2059 1580 subjugare;

484 1618 721 1672 cumque
756 1603 809 1656 in
837 1604 1005 1657 multa
1036 1611 1181 1657 esset
1208 1619 1338 1657 cura
1364 1612 1417 1657 et
1447 1604 1809 1659 sollicitudine
1857 1603 2064 1658 consti-

484 1704 655 1758 tutus,
695 1696 749 1748 in
784 1696 960 1749 medio
1008 1694 1445 1749 adversariorum
1494 1698 1724 1766 positus,
1768 1713 1831 1751 ac
1876 1706 2064 1766 postea

480 1790 593 1859 jam
623 1790 867 1857 captivos
900 1804 994 1843 eos
1025 1798 1209 1843 tenere
1248 1790 1537 1859 incipiens,
1565 1790 1789 1860 jamjam
1826 1790 1915 1844 illa
1947 1791 2061 1845 sol-

2161 596 2394 648 servatio
2426 595 2803 648 mandatorum
2837 594 2953 658 Dei,
2988 595 3172 649 nullus
3200 595 3545 650 abstinentia:
3586 596 3738 649 locus

2160 694 2279 739 est:
2313 704 2330 735 ι
2362 684 2751 740 Manduccmus
2778 694 2831 741 et
2859 687 3130 752 bibamus,
3176 702 3296 742 cras
3343 687 3491 741 enim
3543 688 3734 741 morie-

2161 778 2335 830 mur“.
2361 796 2377 827 ι
2402 776 2525 831 Ηεεο
2542 788 2718 831 autem
2738 780 2919 832 omnia
2937 779 3235 842 connectis,
3252 795 3456 849 negans
3470 780 3618 849 quod
3636 779 3743 849 (66)

2160 867 2227 920 de
2251 866 2413 919 Maria
2445 875 2605 920 natus
2627 878 2743 933 est;
2773 868 2818 922 si
2843 868 2987 922 enim
3017 868 3301 923 confessus
3334 870 3511 923 fueris
3534 886 3663 923 eum
3687 872 3759 923 de

2162 957 2329 1013 Maria
2362 969 2573 1022 natum,
2598 969 2649 1015 et
2681 962 2865 1030 passio
2897 962 3264 1031 subsequatur
3294 977 3529 1015 necesse
3554 970 3662 1027 est,
3703 973 3752 1015 et

2162 1049 2469 1119 passionem
2504 1051 2854 1113 resurrectio,
2879 1060 2933 1106 et
2962 1053 3419 1107 resurrectionem
3448 1051 3750 1121 judicium,

2162 1145 2217 1192 et
2249 1139 2396 1193 salva
2425 1138 2582 1194 nobis
2608 1149 2765 1194 erunt
2801 1139 3097 1211 Scriptura:
3124 1151 3413 1211 praecepta.
3458 1138 3585 1194 Non
3627 1155 3754 1210 ergo

2158 1228 2269 1298 jaru
2309 1246 2446 1284 vana
2477 1240 2558 1285 est
2588 1233 2839 1301 quaestio,
2896 1232 2989 1288 sed
3042 1234 3273 1303 plurima
3316 1233 3371 1286 in
3421 1233 3531 1287 hoc
3570 1234 3755 1288 verbo.

2165 1322 2318 1374 Sicut
2349 1322 2492 1375 enim
2529 1322 2706 1376 omnis
2736 1322 2822 1376 lex
2859 1332 2912 1377 et
2946 1324 3241 1393 prophetia:
3280 1324 3332 1377 in
3371 1322 3599 1378 duobus
3649 1341 3753 1377 ser-

2164 1414 2415 1469 monibus
2444 1424 2715 1479 constant,
2768 1416 2843 1471 ita
2892 1417 3055 1470 etiam
3088 1426 3273 1472 nostra
3317 1418 3505 1471 omnis
3546 1434 3675 1487 spes
3709 1420 3756 1471 in

2163 1507 2334 1563 beata:
2361 1507 2541 1562 Mariae
2568 1516 2725 1578 partu
2759 1525 3025 1579 suspensa
3058 1518 3171 1574 est;
3217 1519 3269 1565 et
3309 1510 3435 1564 ideo
3488 1514 3756 1581 responde

2166 1601 2300 1655 mihi
2329 1601 2395 1655 ad
2433 1602 2645 1672 singula
2672 1618 2793 1672 qua:
2815 1612 2867 1657 te
2894 1603 3259 1673 interrogabo.
3290 1606 3591 1669 Quomodo
3619 1608 3753 1673 abji-

2164 1694 2374 1748 ciemus
2404 1703 2583 1749 tantas
2613 1705 2665 1749 et
2702 1696 2836 1750 tales
2861 1695 3106 1764 Apostoli
3144 1711 3324 1761 voces,
3356 1712 3486 1766 quae
3531 1698 3755 1751 dicunt:

2174 1802 2191 1836 ι
2225 1786 2359 1839 Cum
2395 1795 2572 1840 autem
2604 1785 2707 1840 fuit
2739 1786 2833 1841 Dei
2858 1788 3113 1843 voluntas
3147 1789 3199 1841 in
3238 1788 3400 1842 nobis
3427 1789 3573 1859 (6'7).
3622 1792 3757 1845 misit

486 1880 710 1934 licitudo
744 1880 1071 1947 immineret,
1105 1881 1563 1949 quemadmodum
1614 1898 1707 1937 eos
1751 1882 1845 1951 qui
1876 1897 2060 1937 secum
2094 1849 2135 1904 Β
2164 1876 2363 1931 Filium
2414 1893 2574 1932 suum
2630 1878 2832 1933 factum
2884 1896 2951 1934 ex
2993 1881 3219 1934 muliere
3260 1882 3303 1933 ⁷.
3336 1900 3355 1931 ι
3389 1880 3457 1933 Ει
3517 1883 3756 1939 iterum:

484 1971 895 2037 laboraverant,
949 1987 1012 2025 ac
1064 1971 1277 2041 pondus
1337 1973 1459 2027 belli
1516 1973 1876 2029 toleraverant
1916 1972 2060 2043 (65),

484 2073 838 2131 procuraret,
879 2064 1100 2132 quidam
1135 2064 1183 2118 ei
1220 2066 1444 2121 nuntius
1492 2068 1837 2138 importunus
1873 2080 2064 2120 occur-

484 2168 631 2216 rens,
662 2152 729 2207 de
768 2152 931 2208 rebus
967 2153 1286 2210 domesticis
1317 2172 1606 2226 suggerere
1647 2156 1829 2225 aliqua
1876 2156 2060 2226 cmpit.

482 2248 552 2301 At
581 2247 669 2302 ille
707 2246 1011 2301 admiratus
1051 2254 1133 2300 est
1175 2247 1457 2302 audaciam
1489 2258 1652 2317 atque
1690 2249 2061 2318 importunam

483 2339 908 2409 suggestionem,
943 2346 996 2391 et
1023 2339 1187 2392 morti
1221 2339 1434 2395 tradere
1466 2339 1848 2410 hujuscemodi
1886 2340 2065 2394 homi-

482 2447 605 2486 nem
642 2430 941 2501 cogitabat;
980 2432 1126 2500 quod
1162 2431 1268 2486 nisi
1306 2432 1372 2486 de
1405 2433 1747 2489 charissimis
1781 2432 2064 2488 affectibus

482 2525 607 2580 talis
658 2531 881 2579 nuntius
911 2522 1230 2586 exstitisset,
1274 2538 1339 2579 eo
1384 2525 1531 2593 quod
1583 2526 1887 2580 incolumes
1943 2539 2064 2579 esse

482 2616 605 2684 hos,
633 2626 685 2670 et
712 2627 855 2673 recte
885 2634 948 2672 ac
977 2633 1234 2689 prospere
1267 2627 1489 2687 agentes
1517 2617 1701 2671 omnia
1737 2619 2062 2681 nuntiasset,

480 2706 708 2775 dignum
740 2708 990 2775 protinus
1022 2709 1196 2778 potuit
1227 2710 1511 2777 excepisse
1550 2708 1896 2777 supplicium.
1933 2707 2066 2774 Qua:

477 2796 626 2851 enim
656 2807 772 2853 erat
800 2815 931 2856 cura
962 2801 1069 2855 alia
1103 2801 1270 2872 regis,
1316 2800 1443 2854 belli
1484 2800 1753 2854 duntaxat
1797 2808 2061 2869 tempore,

481 2889 586 2943 nisi
611 2891 1023 2960 provincialium
1062 2893 1233 2957 salus,
1276 2892 1381 2947 nisi
1420 2892 1712 2962 dispositio
1756 2893 1831 2947 rei
1864 2880 2065 2947 milita-

479 2981 594 3037 ris?
627 2982 701 3037 Ita
726 2991 780 3037 et
807 2982 1037 3039 Domino
1071 3000 1193 3039 meo
1228 2982 1359 3039 Jesu
1401 2982 1623 3039 Christo
1664 2985 1927 3054 pugnanti
1963 2983 2064 3039 ad-

477 3087 695 3130 versum
723 3076 1007 3145 passiones
1034 3091 1156 3145 qua:
1199 3075 1471 3145 profunda
1521 3076 1792 3131 viscerum
1839 3076 2064 3130 obsede-

2170 1985 2187 2019 ‹
2218 1966 2424 2023 Pascha
2479 1979 2725 2025 nostrum
2780 1973 3089 2028 immolatus
3132 1984 3215 2028 est
3268 1974 3534 2029 Christus
3561 1975 3605 2026 ⁸.
3639 1995 3657 2025 ›
3700 1974 3758 2029 Et

2163 2060 2288 2129 quia
2320 2078 2339 2111 ι
2374 2060 2515 2116 Deus
2561 2070 2615 2115 et
2656 2062 2946 2119 Dominum
2995 2068 3319 2134 suscitavit,
3372 2078 3430 2122 et
3484 2086 3600 2124 nos
3643 2085 3756 2124 cum

2164 2151 2257 2205 illo
2285 2150 2396 2221 (68)
2434 2154 2718 2209 suscitabit
2766 2172 2877 2235 per“
2907 2158 3160 2213 virtutem
3213 2176 3369 2215 suam
3395 2163 3440 2215 ’.
3476 2182 3495 2213 ι
3541 2162 3610 2215 Et
3665 2166 3757 2216 alia

2164 2244 2333 2298 multa
2379 2244 2464 2300 his
2511 2246 2711 2301 similia
2745 2249 2888 2303 dicta
2936 2259 3095 2316 sunt,
3134 2261 3193 2305 ut
3223 2263 3307 2307 est
3339 2254 3478 2307 illud
3511 2273 3527 2307 :
3566 2274 3584 2305 ι
3620 2254 3758 2320 Quo-

2163 2336 2326 2390 modo
2348 2337 2535 2392 dicunt
2564 2341 2784 2409 quidam
2822 2342 2875 2395 in
2912 2342 3064 2397 vobis
3094 2342 3229 2413 (69),
3258 2346 3387 2413 quia
3420 2348 3759 2414 resurrectio

2163 2435 2503 2483 mortuorum
2532 2446 2639 2485 non
2673 2433 2791 2488 est?
2836 2431 2893 2487 Si
2935 2433 3079 2489 enim
3134 2438 3471 2491 resurrectio
3511 2449 3759 2491 mortuo-

2164 2533 2283 2571 rum
2320 2534 2429 2573 non
2476 2530 2590 2586 est,
2643 2537 2741 2576 nec
2792 2522 3040 2580 Christus
3080 2528 3401 2583 resurrexit.
3462 2526 3525 2581 Si
3582 2542 3758 2584 autem

2162 2605 2416 2665 Christus
2442 2626 2552 2664 non
2584 2614 2903 2677 resurrexit,
2944 2615 3122 2671 inanis
3157 2628 3240 2671 est
3270 2632 3404 2686 ergo
3437 2619 3755 2685 pradicatio

2164 2710 2371 2755 nostra.
2408 2700 2753 2758 lnveniemur
2777 2707 2938 2760 etiam
2967 2707 3088 2762 falsi
3126 2718 3291 2763 testes
3321 2709 3439 2776 Dei,
3469 2713 3571 2781 qui
3618 2712 3761 2766 testi-

2165 2791 2407 2845 monium
2460 2794 2837 2862 perhibuimus
2876 2797 3139 2852 adversus
3173 2797 3363 2865 Deum,
3406 2800 3545 2869 quia
3586 2803 3761 2857 susci-

2163 2885 2359 2938 taverit
2402 2884 2717 2955 Christum,
2749 2904 2912 2957 quem
2959 2904 3068 2944 non
3122 2891 3428 2946 suscitavit.
3472 2892 3756 2964 Siquidem

2165 2979 2367 3034 mortui
2394 2995 2502 3034 non
2546 2991 2860 3052 resurgunt,
2905 2998 3007 3038 nec
3041 2983 3295 3040 Christus
3328 2993 3673 3044 resurrexit.
3711 2992 3757 3047 Si

2164 3085 2346 3129 autem
2376 3074 2627 3130 Christus
2678 3091 2784 3129 non
2824 3078 3152 3143 resurrexit,
3184 3094 3325 3132 vana
3365 3092 3453 3135 est
3496 3083 3645 3138 fides
3672 3101 3758 3140 ve-

478 3174 621 3231 rant,
653 3176 707 3220 et
746 3182 947 3221 curans
976 3182 1071 3222 cos
1096 3167 1190 3237 qui
1218 3167 1390 3221 multo
1419 3175 1660 3236 tempore
1695 3166 1862 3221 variis
1908 3166 2060 3220 infir-
2089 3194 2131 3252 ο
2166 3178 2310 3232 stra;
2346 3166 2522 3221 adhuc
2556 3166 2689 3221 estis
2733 3168 2787 3221 in
2830 3169 3070 3239 peccatis
3118 3170 3334 3225 vestris.
3369 3170 3520 3244 Ergo
3564 3187 3624 3231 et
3668 3179 3756 3246 qui

478 3259 761 3315 mitatibus
802 3259 1013 3315 fuerant
1057 3261 1313 3327 devincti,
1359 3269 1413 3315 et
1454 3260 1715 3314 inclinato
1751 3261 1902 3314 omni
1934 3260 2058 3315 nisu

478 3367 577 3422 pro
611 3352 786 3406 salute
814 3352 1221 3418 universitatis;
1256 3353 1343 3406 ille
1368 3351 1592 3407 nuntius
1623 3351 1932 3421 importune
1960 3353 2060 3407 ad-

478 3445 702 3499 veniens
725 3444 791 3498 de
819 3456 992 3499 matre
1029 3456 1082 3498 et
1125 3443 1387 3499 fratribus
1434 3444 1726 3498 nuntiavit.
1774 3442 1839 3498 Et
1884 3445 2060 3515 potuit

472 3536 692 3608 quidem
726 3537 959 3591 similem
992 3535 1174 3603 Petro,
1219 3545 1314 3590 aut
1345 3536 1508 3591 etiam
1549 3535 1855 3606 graviorem
1903 3552 2059 3592 acce-

472 3626 622 3697 pisse
651 3628 1008 3693 sententiam;
1042 3628 1135 3681 sed
1163 3628 1355 3682 matris
1374 3636 1430 3683 et
1453 3627 1682 3682 fratrum
1722 3628 2055 3684 intellectum

473 3732 672 3771 nomen
710 3718 1052 3772 clementiam
1084 3719 1420 3787 provocavit.

544 3808 734 3863 XLIX.
778 3810 882 3865 Sed
912 3822 965 3864 et
998 3810 1234 3879 amplius
1266 3811 1445 3867 adhuc
1473 3811 1728 3867 omnibus
1771 3810 2056 3866 ostendere

468 3902 656 3973 cupio,
688 3910 747 3957 ut
775 3911 1075 3974 agnoscant
1102 3904 1362 3969 universi,
1398 3905 1631 3960 assertio
1666 3913 1756 3959 tua
1788 3914 2051 3973 quantum

471 3994 1041 4064 impietatis‘obtineat.
1064 3994 1121 4049 Si
1141 3995 1309 4063 enim,
1328 3996 1628 4051 secundum
1649 3997 1795 4066 quod
1814 4006 1869 4050 tu
1892 3997 2051 4061 dicis,

472 4102 581 4142 non
608 4097 692 4143 est
716 4098 897 4155 natus,
931 4088 1052 4143 sine
1079 4087 1246 4142 dubio
1274 4103 1372 4143 nec
1406 4104 1603 4159 passus
1627 4098 1745 4155 est;
1774 4089 1884 4158 pati
1905 4088 2050 4143 enim

468 4179 563 4249 qui
595 4191 756 4236 natus
786 4197 891 4236 non
926 4193 1030 4247 est,
1061 4182 1397 4253 impossibile
1429 4194 1531 4238 est.
1566 4181 1721 4249 Quod
1755 4182 1800 4236 si
1834 4198 1941 4236 non
1969 4191 2054 4236 est

470 4286 687 4339 passus,
726 4276 908 4328 crucis
950 4290 1147 4329 nomen
1180 4274 1449 4329 aufertur.
1494 4275 1669 4329 Cruce
1717 4283 1899 4328 autem
1942 4290 2049 4328 non

470 4375 742 4435 suscepta,
784 4382 883 4421 nec
905 4366 1065 4424 Jesus
1095 4384 1161 4423 ex
1198 4368 1429 4423 mortuis
1456 4368 1775 4423 resurrexit.
1818 4366 1973 4433 Quod
2004 4368 2050 4422 si

467 4456 626 4513 Jesus
657 4474 723 4514 ex
752 4460 983 4515 mortuis
1008 4475 1118 4514 non
1161 4460 1486 4524 resurrexit,
1534 4474 1635 4513 nec
1678 4459 1877 4527 aliquis
1907 4459 2048 4513 alius

2163 3258 2501 3313 dormierunt
2544 3258 2597 3312 in
2632 3258 2873 3327 Christo,
2921 3262 3222 3331 perierunt.
3277 3262 3336 3318 Si
3386 3266 3443 3320 in
3498 3268 3610 3324 hac
3656 3273 3756 3325 vita

2164 3352 2543 3405 tantummodo
2588 3368 2870 3422 speramus
2916 3353 2970 3406 in
3013 3353 3259 3421 Christo,
3316 3359 3755 3417 miserabiliores

2161 3459 2355 3497 sumus
2393 3444 2647 3498 omnibus
2679 3444 3014 3501 hominibus.
3062 3444 3218 3501 Nunc
3269 3461 3456 3503 autem
3501 3452 3759 3509 Christus

2161 3536 2463 3589 resurrexit
2488 3550 2518 3589 a
2549 3537 2804 3601 mortuis,
2847 3536 3065 3591 initium
3118 3539 3514 3597 dormientium
3545 3544 3626 3607 '°;
3660 3566 3679 3596 ι
3710 3558 3758 3600 et

2159 3626 2387 3696 reliqua.
2419 3628 2575 3693 Quis,
2609 3644 2758 3699 rogo,
2780 3639 2887 3683 tam
2923 3622 3245 3687 temerarius
3272 3634 3651 3704 etimpudens
3679 3640 3754 3691 in-

2159 3718 2393 3785 venitur,
2428 3720 2521 3789 qui
2552 3719 2672 3775 istis
2700 3722 3065 3776 sacrosanctis
3095 3723 3323 3779 vocibus
3367 3726 3486 3795 (70)
3518 3744 3632 3782 non
3664 3747 3753 3784 ac-

2158 3812 2465 3866 commodet
2513 3812 2708 3876 tidem,
2761 3813 2815 3866 in
2855 3813 3058 3883 quibus
3105 3816 3253 3868 nulla
3298 3826 3387 3871 est
3436 3819 3747 3883 distinctio,

2157 3903 2300 3956 nulla
2331 3902 2631 3957 dubitatio?
2663 3901 2949 3971 Quisnam,
2985 3922 3190 3975 qureso,
3219 3907 3385 3962 etiam
3416 3923 3493 3973 te,
3532 3928 3566 3965 ο
3594 3915 3749 3966 stulte

2154 3994 2374 4060 Galata,
2420 3994 2743 4063 fascinavit,
2788 3998 2932 4053 sicut
2975 4010 3028 4054 et
3072 4001 3213 4067 illos,
3273 4018 3293 4051 ‹
3339 4017 3585 4071 quorum
3631 4018 3749 4059 ante

2154 4087 2345 4142 oculos
2389 4084 2548 4141 Jesus
2581 4087 2835 4143 Christus
2887 4092 3185 4161 reseriptus
3233 4103 3318 4148 est
3366 4094 3487 4165 (71)
3533 4097 3748 4151 cruciﬁ-

2157 4196 2259 4234 xus
2284 4179 2369 4233 “?
2402 4198 2419 4231 ›
2454 4178 2607 4250 Unde
2640 4182 2878 4237 arbitror
2910 4184 3156 4239 sufﬁcere
3186 4185 3300 4241 btec
3334 4189 3659 4244 testimonia
3686 4192 3745 4243 ad

2153 4273 2523 4327 ostensionem
2556 4273 2748 4340 judicii
2794 4285 2848 4328 et
2891 4278 3310 4332 resurrectionis
3347 4288 3404 4332 et
3440 4284 3741 4349 passionis,

2152 4366 2352 4435 quibus
2372 4374 2769 4434 consequenter
2788 4375 2841 4420 et
2857 4369 3063 4437 pariter
3078 4385 3143 4423 ex
3168 4367 3334 4424 Maria
3359 4381 3563 4440 partus
3577 4385 3747 4428 esten.

2153 4460 2319 4513 ditur.
2352 4457 2489 4525 Quid
2520 4461 2692 4525 enim,
2723 4461 2769 4516 si
2801 4472 2856 4515 tu
2899 4461 3042 4517 nolis
3073 4463 3443 4531 asquiescere,
3496 4466 3597 4520 sed
3639 4470 3745 4519 cvi-

468 4560 733 4623 resurget.
779 4551 934 4618 Quod
983 4553 1029 4607 si
1086 4553 1268 4607 nullus
1320 4561 1586 4621 resurget,
1635 4566 1734 4605 nec
1782 4551 2048 4621 judicium
2087 4539 2127 4592 ί)
2156 4552 2477 4607 dentissime
2520 4551 2804 4623 Scriptura
2843 4553 3183 4622 proclamet?
3225 4552 3617 4611 Verumtamen
3666 4558 3744 4609 in-

464 4645 589 4699 erit.
624 4643 845 4700 Certum
875 4653 960 4699 est
989 4646 1155 4712 enim,
1184 4646 1309 4715 quia
1348 4644 1394 4699 si
1440 4658 1547 4697 non
1596 4659 1903 4713 resurgam,
1952 4661 2052 4701 nec

537 4826 557 4856 ‘
592 4824 615 4949 Il
641 4826 766 4883 Cor.
799 4844 885 4893 xv,
915 4827 1003 4881 52.

1102 4830 1121 4861 ⁷
1161 4828 1335 4883 Galat.
1373 4846 1445 4897 tv,
1476 4830 1530 4886 4.
1623 4830 1644 4861 ⁸
1686 4829 1705 4883 l
1738 4829 1865 4885 Cor.
1897 4848 1953 4896 v,
1994 4831 2049 4885 7.

538 5040 651 5111 (65)
690 5042 751 5093 In
784 5040 969 5113 codice
996 5041 1300 5105 Casinensi,
1331 5062 1349 5095 ‹
1379 5058 1441 5097 ac
1472 5042 1686 5113 pondus
1727 5042 1923 5097 bellico
1957 5050 2038 5095 to-

465 5109 723 5166 lerarant.
759 5129 778 5161 »
809 5109 918 5183 rios
948 5114 1378 5177 emendaviruus,
1410 5109 1488 5168 ac'
1506 5115 1716 5183 pondus
1746 5114 1868 5165 belli
1896 5114 2037 5183 tole-

466 5189 739 5235 raverant.
771 5199 789 5231 ι
823 5180 1074 5253 Fortasse
1094 5192 1287 5253 tamen
1320 5184 1473 5239 rudis
1502 5180 1769 5253 interpres
1800 5182 2037 5253 scripse-

466 5260 571 5314 rat,
602 5269 622 5301 ί
653 5266 717 5305 ac
744 5252 958 5320 pondus
984 5252 1106 5305 belli
1134 5255 1621 5309 contoleraverant.
1650 5252 1679 5305 3

535 5321 648 5391 (66)
687 5320 763 5374 lta
794 5323 1079 5391 legendum
1112 5325 1319 5389 censui,
1372 5325 1496 5378 licet
1543 5326 1600 5378 in
1643 5324 1831 5379 codice
1872 5321 2032 5379 Casi-

466 5390 637 5464 nensi
655 5390 945 5464 scribatur,
975 5394 1235 5464 rfnegatis
1272 5395 1322 5448 id
1353 5396 1518 5464 quod.
1553 5414 1571 5446 ι

537 5459 662 5534 (67)_
688 5460 915 5534 )lulgata
946 5459 1347 5534 editio—Crateo
1371 5459 1553 5519 'textui
1582 5480 1827 5520 consona
1873 5464 2030 5534 legit:

470 5544 493 5580 ε
519 5529 586 5583 At
614 5529 704 5583 ubi
724 5529 1504 5605 venitplenitudotemporis;
1543 5554 1561 5586 ι
1592 5552 1822 5605 eamque
1844 5529 2035 5589 leciio-

464 5613 588 5721 ιιῗᾳι
621 5601 851 5668 probant
894 5599 1149 5671 Irenaaus,
1193 5599 1578 5669 Tertullianus,
1619 5599 1924 5676 Cyprianus
1981 5612 2037 5656 et

464 5684 497 5721 a
523 5683 577 5720 u.

464 5683 577 5722 alil.

539 5736 649 5809 (ϐξ)
687 5735 885 5809 Verba,
917 5758 937 5792 ι
970 5756 1094 5795 cum
1122 5740 1237 5805 illo,
1270 5762 1288 5795 ι
1321 5758 1428 5798 non
1463 5744 1663 5800 habent
1701 5746 1907 5809 Graeca,
1938 5760 2033 5799 ne-

469 5823 575 5881 que
602 5808 847 5886 vulgata,
887 5812 1323 5879 nequellreuacus
1364 5815 1459 5869 lib.
1501 5832 1531 5871 v
1572 5816 1826 5872 Adversus
1873 5808 2028 5878 litem,

2160 4645 2444 4713 terrogaho
2473 4654 2524 4699 te
2552 4663 2565 4698 :
2596 4654 2650 4700 tu
2683 4655 2864 4700 autem
2893 4645 3028 4699 mihi
3074 4647 3358 4716 responde.
3395 4646 3637 4714 Quando
3660 4648 3746 4703 Je-

2161 4832 2192 4887 ’,
2225 4832 2243 4884 l
2274 4830 2402 4885 Cor.
2443 4846 2516 4898 vt,
2548 4831 2637 4886 Η.

2747 4833 2815 4901 _‘°
2854 4830 2875 4884 l
2903 4828 3033 4888 Cor.
3063 4848 3152 4897 ιν,
3183 4832 3369 4889 iii-20.
3490 4836 3536 4867 “
3569 4838 3741 4895 Galat.

2148 5058 2268 5111 cap.
2302 5041 2334 5095 6
2359 5051 2412 5097 et
2435 5042 2487 5106 7,
2513 5057 2689 5111 neque
2721 5041 3087 5097 Tertulliauus
3111 5043 3203 5096 lib.
3230 5059 3261 5096 v
3305 5044 3567 5100 adversus
3596 5048 3739 5101 Har-

2146 5114 2516 5187 cion‘eimtcap.
2551 5112 2603 5187 '_7_,
2636 5128 2811 5187 neque
2837 5114 2889 5166 in
2926 5114 3062 5187 libro
3090 5113 3166 5165 De
3185 5115 3472 5187 pudicitia,
3496 5134 3622 5187 cap.
3652 5122 3732 5173 f6.

2223 5183 2332 5252 (69)
2373 5184 2431 5235 In
2468 5183 2653 5237 codice
2687 5183 2968 5237 Casinensi
2997 5193 3099 5247 est,
3134 5201 3151 5233 ι
3187 5186 3240 5237 in
3278 5186 3463 5250 nobis,
3502 5207 3521 5239 ι
3569 5183 3619 5243 et
3656 5192 3734 5241 in-

2147 5251 2317 5326 fra,‘¢
2346 5269 2503 5326 vana
2549 5262 2634 5326 est
2680 5254 2814 5308 fides
2879 5266 3081 5307 nostra.
3118 5272 3136 5303 ι
3173 5252 3275 5307 Sed
3330 5254 3584 5326 Vulgata:
3631 5261 3733 5313 lec—

2147 5324 2223 5377 tio
2265 5324 2391 5378 huic
2440 5322 2795 5392 praaferenda,
2838 5333 3023 5391 utpote
3061 5338 3181 5392 quae
3217 5339 3285 5378 ex
3330 5322 3549 5381 librarii
3598 5346 3730 5383 use:-

2148 5394 2316 5447 tautia
2350 5394 2595 5447 videatur
2633 5405 2840 5448 exorta.
2884 5394 3118 5447 lreuazus
3170 5410 3414 5463 quoque,
3441 5396 3725 5453 Tertulliao

2140 5464 2587 5538 nuleypriauus
2605 5464 2804 5538 aliique
2820 5464 3061 5538 vulgata:
3080 5465 3364 5538 lectionem
3397 5483 3720 5538 sequuntur,

2210 5533 2321 5602 (70)
2368 5533 2421 5586 In
2454 5537 2640 5588 eodem
2675 5536 2861 5590 codice
2895 5537 3111 5605 legitur,
3156 5553 3173 5585 ι
3204 5537 3299 5604 qui
3334 5533 3502 5591 istaui
3543 5556 3725 5595 sacro-

2140 5614 2386 5657 sanctam
2429 5606 2693 5667 vocibus,
2729 5626 2747 5656 ›
2786 5618 2916 5672 etc.,
2961 5605 3203 5671 librarii,
3242 5614 3300 5659 ut
3340 5610 3603 5676 arbitror,
3636 5626 3721 5664 er—

2140 5690 2279 5726 I'UI'C.

2209 5742 2318 5812 (7|)
2360 5744 2602 5817 Vulgata:
2639 5749 2893 5804 editionis
2926 5748 3117 5803 melior
3161 5746 3357 5814 lectio,
3411 5769 3432 5801 ι
3474 5752 3717 5822 ρι-ωκι-ί.

2137 5824 2261 5882 plus
2286 5826 2387 5869 est.
2421 5835 2440 5867 ι
