3922 6526
289 327 426 384 1515

1388 331 1531 391 CUM
1568 336 1851 394 ΜᾹΝΕΤΕ
1889 334 2424 398 IMSRESIARCHA.

3387 357 3526 413 ιδιι

285 433 380 515 ses
402 458 468 513 de
508 456 718 512 Joanne
747 457 1116 513 testimonium
1165 459 1289 526 dat,
1335 470 1387 515 et
1432 461 1680 526 dicebat.
1722 466 1849 534 quia
1881 471 1924 525 A
1954 479 2012 518 re
2043 480 2166 521 esse
2203 467 2474 537 Opinaris,
2529 469 2581 524 id
2609 480 2691 525 est
2735 473 2826 542 qui
2889 490 3016 528 caro
3059 483 3115 529 et
3160 478 3385 546 sanguis.
3431 484 3525 536 sit.

289 570 306 601 ι
336 550 507 618 major
535 551 588 604 in
625 550 764 605 natis
796 551 1084 605 mulierum
1130 551 1310 607 nullus
1359 556 1597 610 surrexit
1638 553 1849 611 Joanne

281 641 551 712 Baptista;
577 642 670 712 qui
709 652 887 698 autem
933 644 1114 698 minor
1138 652 1224 699 est
1262 644 1316 698 in
1350 661 1520 717 regno
1559 649 1844 712 cmlorum,

279 735 454 804 major
481 744 566 791 est
593 735 686 792 illo
708 735 781 800 ";
815 753 834 786 ι
863 733 953 789 dic
994 735 1127 790 mihi
1161 749 1267 806 qua
1313 735 1521 792 ratione
1549 737 1721 807 major
1754 737 1846 792 illo

276 835 360 882 est
385 826 438 880 in
471 841 637 898 regno
679 828 975 882 caelorum?
1014 827 1270 898 Nunquid
1313 827 1474 884 Jesus
1514 829 1692 884 minor
1727 839 1846 886 erat

273 918 482 974 Joanne
506 919 559 975 in
587 934 754 990 regno
773 919 1072 976 caelorum?
1099 919 1250 985 Dico,
1274 921 1416 976 absit
1435 920 1568 992 (72).
1599 920 1695 977 Dic
1714 937 1844 992 ergo

274 1010 330 1064 in
359 1025 488 1081 quo,
529 1019 588 1065 ut
614 1011 696 1066 vel
727 1021 776 1066 te
806 1013 982 1083 ipsum
1017 995 1275 1083 superare
1313 1013 1530 1082 possis?
1573 1011 1702 1068 Sine
1732 1014 1844 1068 du-

272 1101 366 1158 bio
390 1103 569 1156 minor
599 1112 715 1158 erat
741 1102 949 1159 Joanne
978 1103 1138 1160 Jesus
1171 1104 1310 1159 inter
1338 1113 1496 1159 natos
1526 1105 1837 1172 mulierum;

271 1194 328 1249 in
358 1210 524 1266 regno
548 1205 729 1251 autem
761 1197 1022 1252 calorum
1051 1197 1229 1266 major
1259 1197 1352 1251 illo
1394 1205 1528 1251 erat.
1579 1196 1674 1252 Dic
1709 1197 1839 1252 mihi

271 1287 403 1342 illud
437 1288 622 1354 etiam,
659 1303 694 1342 ο
731 1288 1056 1356 Manichaee;
1093 1290 1136 1346 si
1166 1290 1248 1344 ais
1273 1289 1553 1345 Christum
1578 1305 1689 1344 non
1719 1305 1841 1346 esse

267 1397 334 1436 ex
354 1381 517 1438 Maria
543 1390 752 1449 natum,
779 1383 872 1438 sed
889 1383 1207 1453 apparuisse
1225 1381 1443 1451 quidem
1466 1381 1836 1446 uthominem,

264 1489 390 1528 cum
420 1474 582 1530 homo
610 1489 718 1530 non
751 1485 913 1538 esset,
949 1483 1236 1546 praestante
1264 1475 1366 1530 hoc
1403 1485 1457 1530 et
1498 1483 1688 1546 agente
1726 1475 1838 1530 vir-

265 1575 379 1621 tute
404 1582 525 1637 quae
557 1567 611 1622 in
642 1568 763 1638 ipso
783 1576 899 1632 est;
923 1567 1010 1622 dic
1035 1567 1191 1634 mihi,
1223 1582 1386 1636 super
1408 1582 1570 1638 quem
1597 1565 1841 1636 Spiritus

261 1676 487 1723 sanctus
529 1668 670 1724 sicut
717 1669 970 1724 columba
1013 1668 1486 1735 descendit?Quis
1525 1677 1607 1723 est
1645 1669 1831 1734 etiam,

258 1759 357 1830 qui
387 1759 691 1829 baptizatur
717 1773 746 1815 ιι
773 1758 1016 1815 Joanne?
1046 1760 1103 1815 Si
1138 1759 1410 1830 perfectus
1433 1769 1570 1823 erat,
1601 1761 1644 1814 si
1662 1759 1834 1814 Filius

259 1859 398 1916 erat,
429 1851 474 1907 si
511 1852 685 1907 virtus
717 1863 868 1918 erat,
906 1869 1013 1908 non
1057 1861 1270 1922 poterat
1303 1851 1539 1922 Spiritus
1584 1852 1828 1922 ingredi,

257 1941 401 1996 sicut
424 1955 522 1997 nec
544 1955 766 2012 regnum
788 1952 964 2012 potest
987 1942 1192 2014 ingredi
1224 1941 1360 1995 intra
1386 1957 1632 2011 regnum.
1660 1940 1830 2011 Cujus

255 2045 437 2089 autem
464 2034 513 2089 ei
561 2034 776 2090 coalitus
815 2035 1014 2089 emissa
1067 2049 1171 2088 vox
1225 2034 1592 2088 testimonium
1637 2033 1832 2087 detulit

253 2127 478 2182 dicens:
511 2147 530 2180 ‹
566 2127 664 2182 Hic
695 2137 776 2182 est
808 2126 975 2182 Filius
1005 2143 1160 2182 meus
1191 2127 1442 2191 dilectus,
1469 2127 1522 2180 in
1553 2142 1662 2196 quo
1691 2127 1831 2180 bene

254 2221 554 2292 complacni
583 2221 660 2276 "?
688 2240 706 2273 ι
743 2220 833 2276 Dic
861 2236 979 2292 age,
1032 2220 1166 2275 nihil
1213 2222 1537 2282 remoreris;
1568 2220 1692 2289 quis
1741 2220 1828 2274 ille

252 2320 358 2377 est,
382 2313 472 2381 qui
505 2321 658 2382 parat
683 2313 799 2366 haec
830 2311 1051 2378 omnia;
1097 2311 1190 2380 qui
1237 2311 1347 2382 agit
1387 2311 1678 2365 universa?
1725 2310 1828 2363 lie-

251 2401 458 2471 sponde
483 2422 494 2457 :
526 2403 671 2458 itane
694 2403 1084 2473 blasphemiam
1110 2417 1206 2472 pro
1248 2402 1457 2456 ratione
1487 2402 1828 2472 impudenter

250 2503 473 2575 allegas,
498 2515 552 2560 et
574 2505 774 2563 inferre
800 2507 1018 2563 conaris
1045 2507 1197 2578 (75)?

319 2639 384 2698 L.
419 2639 604 2696 Manes
627 2642 765 2696 dixit
793 2656 812 2695 :
837 2639 1007 2698 Nemo
1029 2643 1247 2712 quidem
1278 2643 1372 2712 qui
1395 2641 1684 2697 adversum
1709 2642 1824 2697 hzec

246 2749 370 2806 quae
401 2749 433 2789 a
467 2744 518 2789 te
547 2733 690 2789 dicta
721 2742 868 2801 sunt,
901 2735 1226 2804 respondere
1275 2734 1531 2806 potuerit,
1573 2734 1824 2804 blasphe-

247 2826 372 2881 mia:
418 2827 623 2882 crimen
659 2828 918 2894 incurrit,
961 2828 1092 2897 quin
1140 2828 1320 2897 potius
1359 2835 1445 2882 est
1481 2827 1629 2880 omni
1666 2826 1825 2881 laude

167 2915 169 2917 ’
245 2917 618 2989 dignissimus.
646 2920 870 2989 Oportet
890 2920 1033 2976 enim
1057 2921 1315 2976 artiﬁcem
1339 2920 1503 2975 rebus
1530 2918 1822 2988 prapositis

245 3009 604 3080 responsione
639 3010 925 3080 diligenter
973 3019 1178 3081 aptata,
1225 3008 1515 3065 manifesta
1563 3009 1818 3065 omnibus

244 3120 306 3160 ea
342 3103 411 3160 de
442 3104 641 3175 quibus
669 3105 932 3176 quaeritur
971 3107 1054 3160 vel
1095 3106 1396 3172 dubitatur,
1431 3105 1736 3172 ostendere,
1766 3115 1819 3160 et

245 3199 480 3254 maxime
523 3198 724 3254 idiotis.
770 3196 837 3252 Et
877 3197 1137 3267 quoniam
1179 3197 1275 3251 tibi
1310 3198 1575 3252 doctrinae
1619 3208 1818 3253 nostra:

243 3307 350 3344 non
378 3291 551 3360 placet
571 3289 732 3355 ratio,
759 3297 1017 3358 tanquam
1045 3287 1238 3343 artifex
1265 3288 1460 3354 bonus,
1484 3289 1645 3343 etiam
1673 3288 1816 3343 hanc

253 3382 385 3436 mihi
417 3381 768 3451 quaestionem
801 3379 1189 3434 rationabiliter
1213 3381 1450 3433 exsolve.
1499 3378 1626 3433 Mihi
1669 3379 1814 3432 enim

243 3474 390 3541 pium
412 3473 624 3526 videtur
639 3471 839 3533 dicere,
859 3469 1001 3539 quod
1033 3470 1167 3524 nihil
1189 3471 1398 3540 eguerit
1422 3470 1591 3525 Filius
1619 3471 1736 3535 Dei,
1759 3473 1815 3528 in

251 3579 316 3615 eo
336 3563 482 3633 quod
511 3563 776 3616 adventus
809 3562 929 3631 ejus
958 3570 1279 3630 procuratur
1303 3563 1369 3616 ad
1401 3572 1604 3630 terras;
1639 3580 1816 3635 neque

249 3677 386 3733 opus
401 3653 645 3717 habuerit
662 3661 935 3723 columba,
957 3677 1130 3731 neque
1149 3641 1488 3731 baptismate,
1508 3680 1680 3734 neque
1700 3681 1817 3719 ma-

243 3766 524 3826 tre,neque
542 3755 818 3818 fratribus,
839 3754 1068 3810 fortasse
1081 3770 1253 3825 neque
1271 3764 1442 3824 patre,
1455 3757 1548 3826 qui
1564 3757 1611 3811 ei
1627 3773 1792 3814 secnn

244 3849 372 3904 dum
389 3859 438 3902 te
452 3849 543 3903 fuit
558 3848 788 3919 Joseph;
816 3850 908 3904 sed
933 3857 1077 3904 totus
1103 3849 1190 3902 ille
1212 3849 1325 3920 ipse
1338 3849 1694 3914 descendens,
1725 3866 1814 3907 se-

241 3942 533 4012 metipsum
563 3942 616 3996 in
653 3957 980 4012 quocunque
1001 3941 1170 3997 voluit
1197 3941 1605 3998 transformavit
1634 3945 1686 3998 in
1713 3946 1812 3999 ho-

239 4033 463 4098 minem,
489 4047 555 4087 eo
583 4042 740 4103 pacto
768 4049 877 4103 quo
901 4032 1100 4090 Paulus
1127 4033 1279 4097 dicit,
1303 4034 1430 4104 quia
1461 4053 1480 4086 ι
1515 4036 1700 4090 habitu
1727 4053 1811 4090 re-

237 4139 424 4198 pertus
455 4141 536 4185 est
566 4140 626 4186 ut.
661 4132 823 4186 homo
850 4132 912 4188 “2
953 4153 970 4184 ι
997 4132 1168 4204 Cujus
1198 4134 1360 4205 igitur
1413 4137 1488 4190 rei
1520 4137 1811 4208 iudigucrit

237 4221 285 4277 is
314 4222 406 4292 qui
433 4223 783 4293 semetipsum
817 4225 871 4277 in
897 4227 1080 4280 omnia
1109 4227 1530 4293 transformarit,
1561 4231 1805 4284 ostende.

235 4314 464 4383 Quando
497 4317 640 4371 enim
670 4317 857 4383 voluit,
885 4318 1028 4373 hunc
1077 4320 1350 4375 hominem
1385 4339 1600 4377 rursum
1627 4333 1809 4379 trans-

236 4407 488 4462 formavit
509 4407 562 4461 in
597 4408 831 4476 speciem
863 4409 996 4463 solis
1025 4425 1088 4464 ac
1107 4411 1332 4466 vultum.
1353 4411 1506 4478 Quod
1539 4414 1583 4469 si
1614 4431 1808 4472 rursus

1950 553 2181 612 Necesse
2208 569 2291 612 est
2324 575 2488 628 ergo,
2529 570 2581 615 et
2629 563 2912 632 Spiritum,
2947 566 3040 636 qui
3084 567 3226 623 sicut
3270 570 3526 627 columba

1949 649 2198 718 apparuit
2225 651 2290 714 '5,
2323 668 2429 706 non
2456 653 2601 710 aliud
2633 671 2752 711 esse
2781 673 2944 726 quam
2973 661 3277 715 naturalem
3305 663 3524 720 colum-

1949 737 2104 806 bam;
2137 741 2274 794 sicut
2304 741 2456 796 homo
2500 745 2644 799 enim
2676 746 2882 802 dictum
2915 759 3019 815 est,
3059 760 3113 806 et
3143 752 3281 806 sicut
3317 753 3526 808 colum-

1947 829 2034 894 ba,
2074 840 2128 885 et
2172 832 2536 904 quodcunque
2581 838 2795 906 opinari
2845 847 3020 908 potest
3063 840 3132 896 de
3171 857 3237 897 eo
3267 858 3521 900 sermone

1945 924 2090 992 quod
2149 924 2353 980 dictum
2400 935 2514 993 est,
2563 930 2700 982 sicut
2747 931 2930 994 homo,
2966 933 3069 988 hac
3110 933 3364 1004 opinione
3407 937 3518 1008 (74)

1944 1015 2168 1085 concipe
2199 1017 2359 1072 etiam
2389 1018 2456 1072 de
2494 1034 2579 1086 eo,
2610 1021 2753 1086 quod
2785 1022 2987 1078 dictum
3017 1034 3119 1087 est,
3148 1026 3287 1080 sicut
3316 1028 3520 1082 calum-

1943 1105 2039 1170 ba;
2075 1123 2293 1164 necesse
2321 1119 2406 1165 est
2437 1119 2492 1165 et
2521 1111 2635 1167 haec
2667 1114 2944 1183 :equaliter
2974 1118 3232 1187 recipere,
3266 1120 3337 1176 ita
3369 1122 3517 1178 enim

1943 1196 1999 1249 in
2030 1196 2325 1268 Scripturis
2355 1217 2475 1271 quae
2509 1201 2577 1257 de
2613 1219 2676 1259 eo
2709 1207 2908 1277 scripta
2950 1219 3078 1264 sunt
3099 1251 3114 1278 ,
3142 1211 3512 1270 inveniuntur.

1943 1290 2231 1344 Archelaus
2257 1292 2392 1348 dixit
2418 1311 2436 1348 :
2470 1293 2622 1351 Sicut
2651 1297 2746 1351 tibi
2783 1299 2896 1368 ipse
2919 1317 3025 1355 non
3049 1312 3222 1372 potes,
3253 1313 3515 1375 tanquam

1943 1379 2120 1436 bonus
2151 1382 2367 1446 artifex,
2403 1401 2578 1455 neque
2607 1402 2708 1458 ego
2743 1388 2837 1443 tibi
2878 1391 3016 1446 hanc
3047 1394 3402 1463 questionem
3426 1399 3514 1453 di-

1940 1472 2168 1541 ligenter
2197 1486 2432 1544 aptatam
2462 1479 2862 1537 manifestarem
2892 1495 3054 1555 atque
3088 1488 3374 1546 manifeste
3397 1493 3513 1550 dis-

1940 1565 2202 1620 solverem
2229 1567 2367 1637 (75),
2401 1570 2502 1624 nisi
2535 1584 2750 1642 propter
2781 1576 2880 1632 hos
2909 1580 3002 1647 qui
3035 1581 3303 1637 assistunt
3325 1595 3380 1640 et
3417 1589 3512 1658 qui

1939 1671 2040 1712 nos
2080 1660 2345 1714 audiunt:
2387 1673 2440 1718 et
2493 1663 2634 1732 ideo,
2683 1667 2821 1724 sicut
2859 1675 3146 1741 convenit,
3193 1681 3512 1747 quaastionis

1939 1748 2104 1819 hujus
2139 1767 2355 1823 quoque
2383 1770 2648 1826 exponam
2682 1761 2968 1818 rationem.
3003 1764 3123 1822 Tibi
3157 1771 3374 1840 quidem
3400 1792 3509 1832 non

1937 1841 2147 1897 videtur
2181 1847 2266 1915 pie
2299 1848 2426 1912 dici,
2459 1861 2686 1907 matrem
2720 1854 2977 1912 habuisse
3021 1857 3208 1916 Jesum
3255 1863 3509 1935 Mariam,

1934 1943 1989 1986 et
2019 1935 2220 2006 reliqua
2243 1953 2363 2007 qua:
2385 1955 2530 1996 nunc
2552 1956 2873 2011 prosecutus
2896 1963 2975 2013 es,
3003 1966 3124 2018 quae
3149 1954 3366 2023 quidem
3391 1974 3511 2013 οιιι-

1933 2027 2024 2080 nia
2075 2038 2315 2097 repetere
2368 2033 2746 2100 perhorresco.
2798 2035 3070 2097 Interdum
3118 2044 3340 2113 quidam
3387 2051 3507 2118 cogi

1933 2120 2072 2174 solet
2100 2123 2291 2178 artifex
2337 2136 2556 2196 propter
2604 2129 2928 2198 imperitiam
2978 2135 3282 2194 resistentis
3327 2141 3508 2197 dicere

1931 2221 1986 2267 et
2019 2213 2197 2270 facere
2224 2233 2287 2272 ea
2316 2234 2438 2287 qua:
2466 2229 2679 2290 tempus
2712 2235 2958 2293 recusat;
2988 2236 3042 2282 et
3069 2228 3193 2284 ideo
3217 2233 3342 2301 quia
3371 2235 3506 2290 mihi

1928 2317 2011 2361 est
2041 2308 2184 2364 illata
2216 2312 2512 2368 necessitas
2546 2325 2765 2385 propter
2793 2330 3110 2387 praesentem
3155 2327 3391 2394 turbam,
3433 2333 3502 2385 ad

1927 2415 1990 2453 ea
2021 2416 2137 2470 qua:
2167 2418 2196 2456 a
2230 2412 2279 2458 te
2310 2419 2416 2458 non
2448 2415 2594 2460 recte
2638 2407 2783 2463 dicta
2835 2421 2995 2479 sunt,
3045 2416 3234 2484 paucis
3271 2433 3502 2490 respon-

1927 2491 2082 2544 deam
2111 2492 2242 2562 (76).
2295 2494 2389 2549 ['ic
2413 2510 2543 2566 ergo
2576 2498 2706 2552 mihi
2775 2500 2821 2554 si
2857 2499 3042 2558 Jesum
3098 2505 3375 2565 hominem
3405 2527 3474 2566 na

1928 2584 2173 2639 turaliter
2207 2584 2406 2641 factum
2443 2587 2869 2649 intellexerimus
2896 2610 2960 2649 ex
2990 2595 3180 2664 Maria,
3211 2601 3501 2660 habentem

1925 2690 2144 2729 carnem
2200 2686 2253 2731 et
2296 2681 2618 2750 sanguinem
2654 2683 3114 2757 intellexerimus;
3147 2708 3371 2751 necesse
3416 2709 3501 2754 est

1923 2769 2086 2821 etiam
2124 2768 2385 2838 Spiritum
2437 2783 2683 2829 sanctum
2730 2793 2912 2833 veram
2959 2782 3267 2840 columbam
3309 2786 3499 2857 fuisse,

1922 2868 1976 2913 et
2007 2877 2112 2915 non
2147 2862 2418 2932 spiritum.
2447 2867 2514 2922 Et
2545 2873 2820 2939 quomodo
2853 2876 3048 2942 poterit
3089 2893 3214 2932 vera
3248 2880 3499 2937 columba

1922 2967 2110 3007 verum
2150 2954 2423 3011 hominem
2459 2959 2688 3030 ingredi,
2736 2973 2899 3034 atque
2945 2966 2999 3020 in
3046 2983 3112 3021 eo
3151 2976 3500 3038 permanere?

1922 3059 2054 3099 caro
2089 3046 2233 3100 enim
2268 3062 2488 3104 carnem
2539 3053 2744 3123 ingredi
2794 3071 2900 3110 non
2933 3067 3153 3127 potest:
3189 3064 3282 3118 sed
3325 3067 3498 3132 magis

1922 3138 1966 3192 si
2009 3137 2195 3196 Jesum
2241 3141 2514 3196 hominem
2547 3159 2732 3198 verum
2780 3148 3156 3214 conﬁteamur,
3200 3168 3322 3209 eum
3366 3173 3496 3211 vero

1920 3230 2012 3299 qui
2040 3231 2256 3298 dicitur,
2290 3233 2432 3288 sicut
2455 3235 2726 3298 columba,
2759 3236 3018 3308 Spiritum
3047 3253 3318 3310 sanctum,
3343 3250 3492 3305 salva

1918 3331 1998 3375 est
2034 3324 2187 3376 nobis
2219 3325 2356 3379 ratio
2383 3325 2433 3379 in
2463 3337 2712 3398 utraque.
2745 3330 2980 3400 Spiritus
3013 3335 3156 3389 enim
3192 3342 3489 3396 secundum

1918 3422 2122 3468 rectam
2162 3415 2425 3470 rationem
2464 3417 2670 3474 habitat
2712 3421 2764 3474 in
2814 3424 3052 3488 homine,
3098 3437 3150 3479 et
3194 3428 3489 3499 descendit,

1916 3514 1969 3558 et
1996 3518 2305 3575 permanet;
2343 3519 2395 3565 et
2425 3521 2795 3581 competenter
2831 3515 2933 3571 hoc
2974 3527 3025 3573 et
3070 3517 3270 3576 factum
3309 3533 3410 3587 est,
3440 3537 3494 3581 et

1917 3599 1977 3650 lit
2008 3613 2242 3668 semper,
2277 3603 2420 3657 sicut
2447 3614 2502 3657 tu
2533 3613 2583 3660 te
2614 3605 2793 3675 ipsum
2825 3619 2950 3665 ante
2982 3610 3085 3667 hoc
3116 3622 3329 3684 tempus
3359 3634 3490 3686 pro-

1918 3688 2155 3745 ﬁtebaris
2184 3707 2304 3747 esse
2331 3691 2668 3750 Paracletum
2704 3696 2818 3759 Dei.
2862 3709 2920 3755 ut
2966 3703 3142 3758 dicam
3184 3693 3340 3773 silex,
3382 3727 3490 3766 non

1915 3779 2077 3834 homo
2099 3781 2236 3852 (77),
2267 3785 2360 3852 qui
2393 3784 2702 3855 frequenter
2723 3790 3061 3849 oblivisceris
3088 3811 3150 3850 ea
3179 3814 3300 3867 qua:
3327 3802 3485 3858 dicis.

1915 3869 2176 3940 Spiritum
2195 3876 2337 3930 enim
2354 3878 2564 3933 venisse
2580 3895 2743 3950 super
2760 3891 2809 3936 te
2825 3883 3030 3949 dixisti,
3049 3903 3208 3956 quem
3226 3895 3488 3960 promise-

1914 3972 1998 4016 rat
2019 3962 2179 4019 Jesus
2214 3964 2320 4037 [se]
2343 3981 2464 4021 esse
2493 3969 2791 4026 missurum
2821 3991 2834 4027 :
2859 3983 2913 4029 et
2945 3977 3087 4031 unde
3116 3981 3218 4034 nisi
3255 3982 3322 4037 de
3343 3987 3483 4039 cceéo

1912 4055 2241 4110 descendat?
2274 4057 2339 4111 Et
2371 4060 2415 4112 si
2441 4060 2720 4117 descendit
2755 4063 2989 4132 Spiritus
3012 4083 3176 4138 super
3209 4071 3482 4131 hominem

1913 4146 2134 4215 dignum
2164 4162 2242 4211 se,
2269 4163 2433 4218 super
2453 4158 2505 4205 te
2533 4161 2715 4206 autem
2750 4171 2906 4210 veras
2939 4157 3223 4215 columbas
3260 4162 3487 4219 descen-

1911 4237 2057 4292 disse
2105 4239 2447 4294 sentiendum
2491 4251 2594 4306 est,
2652 4255 2709 4298 ut
2758 4254 2809 4300 te
2856 4247 3251 4306 columbarium
3304 4256 3485 4324 potius

1911 4326 2086 4382 furem
2140 4330 2498 4400 accipiamus,
2531 4333 2757 4390 insidias
2783 4337 2864 4392 eis
2892 4354 2956 4394 ac
2999 4339 3222 4411 laqueos
3259 4347 3483 4402 molienv

1909 4430 2055 4489 tem;
2083 4423 2282 4492 dignus
2311 4425 2456 4478 enim
2480 4442 2559 4492 es,
2587 4429 2681 4497 qui
2708 4431 2887 4487 verbis
2921 4432 3166 4490 ridiculis
3203 4438 3480 4508 illudaris;

233 4500 1411 4574 resistis,'mihi[autem]rectedicentiﬁdem
1431 4507 1802 4562 nolisaccom-
1838 4521 2006 4584 nego
2057 4523 2238 4570 tamen
2287 4532 2490 4586 parco,
2535 4535 2602 4574 ne
2650 4523 2930 4580 auditores
2974 4528 3156 4582 videar
3212 4531 3484 4588 oilendere

233 4594 490 4660 modare,
540 4595 665 4647 audi
717 4595 1084 4650 delinitionem
1127 4605 1274 4650 tuam
1325 4601 1520 4670 inqua
1574 4613 1705 4657 stas.
1743 4603 1799 4658 Si

231 4686 377 4741 enim
408 4685 680 4740 hominem
711 4701 835 4741 eum
863 4689 1237 4743 tantummodo
1266 4705 1333 4744 ex
1363 4690 1530 4746 Maria
1569 4709 1690 4748 esse
1717 4696 1802 4750 di-

231 4779 332 4842 cis,
362 4787 416 4832 et
442 4777 495 4831 in
526 4777 851 4847 baptismate
878 4777 1136 4849 Spiritum
1168 4783 1476 4853 percepisse
1501 4803 1514 4838 :
1539 4801 1670 4856 ergo
1704 4803 1800 4858 per

233 4865 530 4936 profectum
563 4865 734 4922 Filius
762 4868 1049 4931 videbitur,
1083 4879 1136 4924 et
1167 4885 1271 4925 non
1299 4887 1395 4942 per
1427 4882 1698 4930 naturam.
1740 4877 1797 4932 Si

232 4967 411 5010 tamen
446 4954 540 5009 tibi
573 4956 866 5010 concedam
899 4957 1096 5034 dicere,
1141 4961 1440 5016 secundum
1487 4963 1794 5034 profectum

229 5063 353 5102 esse
383 5044 604 5113 Filium,
632 5047 787 5118 quasi
817 5032 1087 5104 hominem
1119 5050 1353 5119 factum;
1393 5053 1668 5111 hominem
1708 5075 1798 5112 ve-

302 5165 346 5196 "
383 5163 572 5220 Matth.
599 5179 678 5228 ιι,
707 5164 791 5218 ΙΙ.
870 5163 913 5195 ⁸³
932 5163 1120 5220 Matth.
1147 5183 1230 5230 ιιι,
1257 5169 1342 5223 17.

300 5273 427 5346 (72),
453 5273 792 5346 Hazcverba,
827 5294 846 5326 ι
877 5277 998 5331 dico
1037 5277 1208 5345 absit,
1243 5300 1260 5331 ι
1294 5281 1394 5334 nisi
1441 5283 1694 5338 mendum
1725 5286 1796 5338 sit

229 5345 283 5422 i_n
313 5345 520 5422 codice,
551 5345 800 5422 videntur
833 5351 1178 5418 tanquam’ex
1210 5349 1437 5407 Manetis
1466 5368 1696 5422 persona
1725 5357 1795 5408 ab

226 5415 494 5479 Archelao
519 5415 749 5485 prolata.

300 5485 413 5558 (Ῐᾷ)
455 5487 588 5539 Male
617 5486 671 5558 in
701 5486 886 5558 codice
916 5486 1221 5558 Casinensi,
1252 5511 1270 5543 ι
1301 5493 1534 5548 coneris.
1573 5513 1590 5545 ι

300 5554 414 5624 (74)
453 5558 512 5627 ln
552 5555 737 5611 codice
772 5557 1053 5616 Casineusi
1095 5554 1370 5627 scribitur,
1406 5583 1424 5615 ι
1458 5566 1598 5618 sicut
1632 5566 1796 5620 homo

230 5640 294 5680 ac
322 5626 595 5693 Opinione.
626 5646 644 5678 ι

303 5695 637 5776 (75)_§odex
671 5697 983 5756 Casinensis
1023 5702 1093 5756 ita
1128 5703 1272 5776 legit,
1316 5723 1334 5755 ι
1367 5705 1505 5758 hanc
1544 5708 1799 5776 quzestiu-

235 5781 355 5820 nem
383 5767 680 5835 diﬂigenter
702 5779 882 5838 aptare
902 5780 1010 5825 tam
1045 5767 1468 5841 tnanil'esﬂrem,
1495 5767 1658 5846 atqtie
1686 5795 1800 5830 nta-

441 5865 706 5928 Pnnoc.
751 5871 864 5930 (in.
915 5870 994 5934 X.

1422 5170 1465 5201 “
1493 5169 1692 5242 Philip.
1728 5190 1790 5240 tt,
1820 5174 1870 5230 7.

1908 4605 2025 4660 haec
2064 4606 2289 4676 dicens,
2340 4619 2394 4664 et
2441 4614 2676 4667 maxime
2724 4616 2851 4684 quia
2900 4628 3095 4685 przeter
3143 4633 3478 4690 propostnm

1907 4713 2109 4763 meum,
2159 4701 2213 4754 in
2264 4711 2313 4756 te
2361 4703 2603 4773 ingerere
2651 4722 2771 4774 quae
2814 4711 3074 4765 merearis
3117 4715 3326 4769 audire.
3376 4717 3479 4772 Sed

1908 4790 2124 4844 redeam
2157 4793 2221 4845 ad
2257 4807 2391 4846 rem.
2419 4792 2626 4848 Memor
2663 4813 2782 4850 sum
2813 4800 2958 4854 enim
2987 4804 3478 4873 transformatiouis

1906 4887 2031 4943 tua},
2054 4895 2160 4949 qua
2193 4881 2351 4949 dicis,
2378 4883 2506 4953 quia
2538 4883 2681 4940 Deus
2724 4889 3193 4950 transformaverit
3219 4913 3276 4952 se
3304 4900 3354 4952 in
3382 4901 3481 4954 ho-

1905 4971 2136 5037 minem,
2182 4974 2266 5027 vel
2319 4975 2372 5028 in
2419 4977 2625 5043 solem,
2673 4996 2738 5034 ex
2793 4983 2896 5038 hoc
2952 4987 3139 5042 volens
3194 4993 3482 5048 ostendere

1902 5059 2086 5116 Jesum
2120 5072 2367 5120 nostrum
2406 5066 2592 5122 habitu
2635 5072 2751 5125 solo
2779 5084 2831 5127 et
2863 5076 2975 5128 visu
3008 5077 3206 5134 factum
3233 5097 3352 5137 esse
3383 5084 3482 5136 bo-

1985 5177 2030 5209 ⁸⁸
2067 5177 2255 5235 Matth.
2296 5196 2378 5244 ιιι,
2427 5182 2514 5237 16.

1903 5285 2097 5367 trifeste
2136 5291 2510 5372 dissolverent.
2545 5314 2563 5344 ι
2618 5295 2720 5349 Sed
2770 5314 2832 5372 ex
2888 5298 3116 5358 Manetis
3170 5305 3475 5372 interroga-

1904 5359 2066 5439 tione,
2098 5364 2184 5440 cui
2233 5363 2536 5419 Archelaus
2584 5371 2904 5435 respondet,
2953 5390 3052 5426 nos
3096 5376 3241 5430 hunc
3293 5359 3472 5430 lucrm

1903 5440 2259 5486 ιεδιιιιιιιιιιιδ.
2959 5487 2966 5494 .

1971 5499 2144 5581 (70L:
2174 5501 2573 5581 Respondeam,
2601 5529 2618 5559 δ
2651 5525 2766 5578 pro,
2801 5533 2818 5562 ι
2853 5513 3190 5581 respondebo
3221 5534 3232 5568 :
3271 5536 3289 5566 ι
3314 5519 3393 5572 sic
3415 5518 3469 5572 in

1904 5571 2165 5648 cap;_48,_
2189 5593 2205 5621 ι
2237 5577 2520 5648 edoceam,
2557 5571 2574 5630 ἱ
2608 5571 2725 5648 pro,
2753 5571 2775 5632 ἰ
2805 5571 3061 5638 edocebo.
3098 5603 3115 5636 ι

1975 5640 2086 5716 (77)
2128 5642 2459 5710 Casinensis,
2495 5666 2513 5698 ι
2549 5640 2621 5703 αι’
2647 5640 2822 5705 dicam
2868 5654 3036 5708 dilere
3085 5673 3191 5708 non
3230 5657 3410 5716 homo.
3437 5684 3453 5714 ι

1908 5708 2133 5764 Videant
2164 5715 2380 5780 eruditi,
2414 5708 2479 5769 an
2515 5731 2657 5773 recte
2689 5724 3027 5777 emendatum
3068 5729 3159 5780 sit.

3081 5897 3158 5952 Ξιδ
