3922 6494
446 331 581 395 1515

1430 330 1615 386 ACTA
1655 326 2185 387 DISPUTATIONIS
2230 327 2287 382 S.
2359 324 2703 383 ARCHELAI

3541 334 3693 388 13:0

441 450 641 504 minem
672 464 685 500 :
712 445 859 517 quod
895 445 1034 502 absit
1070 445 1139 501 ab
1175 461 1501 517 unoquoque
1534 448 1990 503 ﬁdelium‘dicere.
2023 452 2070 509 Α
2097 446 2263 516 poris,
2301 446 2580 515 c00perire
2624 454 2676 500 te
2727 455 2779 500 et
2826 445 3163 503 circumdare
3195 458 3404 519 potest;
3445 462 3504 507 tu
3544 471 3692 509 vero

442 540 566 595 Hmc
599 537 843 608 alioquin
873 537 1170 593 secundum
1207 547 1257 592 te
1289 539 1354 592 ad
1397 539 1671 592 somnium
1720 538 1877 593 nobis
1922 554 2007 593 re—

439 632 601 685 deant
634 630 908 695 universa,
958 638 1011 685 et
1036 631 1266 700 ﬁguras;
1300 645 1407 685 non
1450 630 1629 684 solum
1681 638 1881 695 autem,
1914 630 2007 685 sed

440 723 704 777 adventus
748 737 943 777 nomen
993 721 1290 788 delebitur;
1327 731 1536 792 poterat
1576 722 1720 776 enim
1773 722 1826 775 in
1870 722 2006 777 cmlo

441 813 651 881 positus
675 811 855 868 facere
891 827 1011 882 quae
1050 812 1312 877 voluerat,
1341 812 1387 865 si
1427 810 1686 879 Spiritum
1713 825 1837 863 eum
1862 826 2003 872 esse,

440 914 493 961 et
520 921 629 960 non
658 906 954 969 hominem,
989 905 1154 960 dices.
1204 903 1310 958 Sed
1350 919 1457 958 non
1500 905 1571 958 ita
1609 913 1712 968 est,
1746 903 2006 973 quoniam

446 1017 463 1049 ι
496 998 790 1053 exinanivit
809 997 1178 1067 semetipsum,
1194 995 1587 1052 formam'servi
1611 997 1882 1066 accipiens
1904 998 1967 1063 “5;
1983 1016 2001 1046 ι

440 1090 561 1146 dico
593 1098 773 1146 autem
802 1091 867 1145 de
897 1106 983 1156 eo,
1028 1091 1119 1160 qui
1169 1105 1235 1145 ex
1284 1089 1447 1144 Maria
1496 1089 1671 1143 factus
1710 1088 2003 1144 est‘homu.

440 1183 581 1250 Quid
616 1183 802 1237 enim?
828 1198 933 1237 non
962 1191 1272 1252 poteramus
1295 1192 1347 1237 et
1373 1198 1472 1237 nos
1517 1182 1687 1236 multo
1714 1180 1927 1237 facilius
1955 1191 2007 1237 et

439 1274 603 1328 latius
634 1275 737 1329 ista
778 1274 1045 1329 narrare?
1069 1274 1172 1329 Sed
1204 1274 1344 1329 absit
1378 1283 1490 1329 uta
1524 1273 1748 1328 veritate
1774 1274 2006 1329 decline-

439 1374 561 1414 mus
600 1361 709 1414 iota
752 1376 943 1427 unum,
986 1369 1079 1415 aut
1121 1377 1288 1416 unum
1334 1363 1562 1432 apicem.
1596 1362 1691 1417 Est
1731 1364 1875 1416 enim
1912 1364 2006 1433 qui

437 1452 502 1506 de
531 1451 697 1506 Maria
723 1460 883 1507 natus
913 1461 996 1507 est
1030 1452 1220 1519 Filius,
1254 1453 1347 1523 qui
1381 1462 1552 1507 totum
1601 1454 1703 1507 hoc
1747 1470 1855 1523 quo
1890 1454 2003 1524 (78)

437 1557 695 1614 magnum
733 1551 815 1598 est
858 1543 1028 1597 voluit
1061 1542 1300 1613 perferre
1345 1552 1637 1609 certamen,
1687 1541 1867 1597 Jesus.
1908 1542 2005 1599 ille

437 1644 519 1689 est
543 1634 792 1691 Christus
822 1635 936 1702 Dei,
988 1637 1081 1706 qui
1124 1635 1397 1691 descendit
1443 1650 1604 1704 super
1636 1650 1758 1688 eum
1803 1636 1893 1704 qui
1938 1635 2004 1690 de

436 1729 603 1783 Maria
650 1738 750 1785 est.
801 1728 956 1794 Quod
1006 1730 1052 1783 si
1102 1743 1211 1783 non
1264 1727 1438 1782 credis
1492 1743 1666 1795 neque
1714 1727 1830 1781 voci
1885 1742 2005 1797 quae

436 1822 651 1877 coalitus
677 1820 818 1877 facta
852 1830 966 1887 est,
1007 1821 1354 1876 temerarium
1391 1822 1606 1891 aliquod
1659 1822 1772 1890 ipse
1804 1821 2004 1890 produ-

436 1914 548 1979 cis;
583 1922 657 1978 et,
695 1913 742 1969 si
791 1913 1013 1977 dixeris,
1067 1928 1226 1967 nemo
1276 1912 1477 1967 credet.
1526 1911 1717 1967 Statim
1763 1912 1907 1966 enim
1950 1912 2004 1966 in

435 2007 710 2061 desertum
733 2021 763 2059 a
785 2005 975 2075 spiritu
1000 2005 1193 2059 ductus
1233 2015 1315 2059 est
1355 2003 1531 2068 Jesus,
1560 2015 1618 2059 ut
1650 2012 1946 2059 tentaretur
1974 2022 2003 2059 a

434 2098 670 2165 diabolo,
711 2113 873 2168 quem
901 2113 1024 2153 cum
1059 2097 1309 2152 diabolus
1356 2097 1645 2167 ignoraret,
1676 2097 1886 2151 dicebat
1911 2096 1959 2150 ei
1989 2113 2000 2148 :

440 2210 459 2242 ι
493 2189 550 2245 Si
585 2190 755 2246 Filius
799 2206 860 2245 es
905 2188 1001 2244 Dei
1051 2190 1113 2244 "’.
1158 2209 1176 2240 ι
1223 2188 1508 2258 lgnorabat
1563 2199 1744 2244 autem
1789 2200 2003 2260 propter

435 2282 563 2351 quid
598 2282 876 2352 genuisset
910 2279 1107 2335 Filium
1143 2280 1257 2345 Dei,
1290 2281 1383 2350 qui
1415 2281 1741 2350 praadicabat
1773 2298 1997 2352 regnum

436 2373 721 2437 caelorum,
751 2373 897 2443 quod
922 2381 1041 2426 erat
1070 2371 1181 2441 (79)
1207 2372 1577 2426 habitaculum
1602 2387 1876 2443 magnum,
1903 2387 2000 2429 nec

433 2464 501 2518 ab
536 2464 643 2518 ullo
691 2463 798 2517 alio
838 2464 1017 2532 parari
1066 2464 1331 2533 potuisset
1363 2479 1376 2517 :
1410 2464 1553 2517 unde
1598 2463 1787 2518 allixus
1827 2464 1995 2531 cruci,

433 2570 556 2609 cum
580 2554 977 2609 resurrexisset
1006 2554 1074 2608 ab
1105 2553 1314 2617 inferis,
1367 2563 1677 2624 assumptus
1728 2564 1811 2609 est
1846 2556 1993 2621 illuc,

434 2644 523 2698 ubi
557 2644 805 2699 Christus
830 2643 1004 2698 Filius
1042 2642 1135 2697 Dei
1163 2644 1451 2712 regnabat;
1487 2654 1546 2698 ut
1582 2660 1704 2699 cum
1728 2644 1994 2714 judicium

434 2735 629 2790 habere
655 2736 898 2804 cmperit,
942 2735 997 2790 hi
1047 2736 1139 2804 qui
1192 2736 1576 2805 ignoraverunt
1606 2752 1751 2804 eum,
1781 2739 1997 2793 videant

432 2845 593 2898 quem
625 2829 1135 2898 compunxerunt“.
1164 2827 1232 2883 Ut
1258 2837 1433 2883 autem
1463 2830 1673 2895 credas,
1694 2846 1816 2886 cum
1840 2831 1996 2887 disci-

432 2919 546 2987 puli
576 2919 693 2987 ejus
723 2934 816 2987 per
858 2933 1057 2972 annum
1106 2919 1373 2989 integrum
1414 2929 1730 2974 manserunt
1754 2936 1875 2976 cum
1902 2937 1990 2988 eo,

431 3024 599 3079 quare
638 3010 819 3065 nullus
858 3011 1100 3079 ipsorum
1141 3011 1372 3080 procidit
1409 3027 1570 3082 super
1597 3012 1787 3068 faciem
1814 3030 1989 3082 suam,

432 3104 574 3158 sicut
618 3104 778 3171 paulo
830 3111 954 3157 ante
1005 3103 1244 3167 dicebas,
1297 3105 1390 3159 sed
1434 3105 1487 3157 in
1534 3121 1638 3160 una
1686 3109 1989 3177 hora,illa,
2024 3136 2064 3192 ρ

430 3196 648 3265 quando
680 3195 822 3249 sicut
864 3195 946 3250 sol
991 3196 1317 3265 resplenduil
1372 3199 1549 3253 vultus
1607 3198 1759 3268 ejus?
1811 3199 1997 3255 Nonne

432 3298 649 3359 propter
692 3289 1057 3343 habitaculum
1110 3290 1272 3354 illud,
1316 3290 1460 3359 quod
1508 3306 1576 3345 ex
1610 3290 1779 3346 Maria
1824 3292 1997 3347 fuerat

428 3380 719 3437 eli‘ectum?
751 3380 901 3437 Sicut
932 3384 1073 3437 enim
1104 3381 1365 3436 Paracleti
1400 3386 1606 3453 pondus
1643 3386 1822 3439 nullus
1854 3386 1995 3439 alius

430 3473 595 3527 valuit
629 3472 915 3538 sustinere,
948 3473 1051 3527 nisi
1089 3472 1190 3525 soli
1224 3472 1496 3541 discipuli,
1530 3483 1584 3528 et
1624 3473 1826 3531 Paulus
1869 3477 1994 3530 hea-

429 3575 547 3630 tus;
582 3565 654 3618 ita
682 3565 841 3619 etiam
876 3563 1136 3634 Spiritum
1180 3566 1273 3634 qui
1317 3566 1383 3619 de
1425 3566 1579 3620 cmlis
1618 3566 1989 3634 descenderat,

428 3671 522 3722 per
563 3670 725 3723 quem
772 3669 874 3708 vox
917 3654 1147 3710 Paterna
1194 3664 1423 3710 testatur
1454 3656 1688 3710 dicens:
1725 3675 1741 3706 ι
1778 3655 1874 3710 Hic
1911 3668 1993 3712 est

428 3745 601 3800 Filius
636 3760 790 3799 meus
822 3746 1049 3801 dilectus
1077 3749 1137 3811 '°,
1170 3764 1189 3797 ι
1231 3747 1412 3851 null,s
1440 3747 1577 3802 alius
1614 3758 1828 3816 portare
1856 3766 1992 3819 prte-

428 3838 620 3903 valuit,
653 3838 757 3892 nisi
802 3840 893 3907 qui
938 3854 1003 3891 ex
1053 3838 1216 3891 Maria
1251 3838 1410 3893 natus
1454 3848 1555 3901 est,
1599 3855 1761 3907 super
1802 3856 1990 3895 omnes

427 3939 644 3985 sanctos
667 3928 844 3986 Jesus.
872 3930 977 3986 Sed
1005 3941 1057 3985 et
1080 3932 1145 3986 ad
1174 3932 1285 3985 haac
1311 3948 1430 4001 quae
1456 3932 1673 3999 objicio,
1701 3934 1984 4002 responde.

429 4023 487 4076 Si
520 4024 703 4078 habitu
730 4039 852 4078 eum
888 4033 941 4079 et
972 4023 1150 4093 specie
1180 4025 1316 4078 dicis
1356 4040 1476 4078 esse
1520 4025 1813 4091 hominem,
1849 4041 1985 4092 quo-

427 4113 588 4167 modo
622 4114 689 4167 ab
725 4113 808 4166 his
835 4114 927 4183 qui
957 4128 1023 4167 ex
1053 4114 1169 4168 viro
1195 4122 1247 4167 et
1270 4114 1494 4167 muliere
1525 4114 1637 4168 nati
1673 4124 1818 4177 sunt,
1848 4112 1988 4166 Pha-

425 4204 619 4269 rismis,
654 4205 825 4257 teneri
856 4205 1050 4272 potuit,
1085 4213 1138 4257 et
1167 4204 1232 4257 ad
1259 4204 1523 4275 judicium
1555 4205 1826 4273 protrahi;
1858 4221 1979 4261 cuni

425 4294 704 4362 spirituale
735 4309 929 4362 corpus
956 4310 985 4347 a
1012 4295 1377 4349 crassioribus
1411 4296 1729 4364 corporibus
1756 4312 1862 4350 non
1892 4314 1985 4349 va-

425 4385 530 4438 leat
558 4385 977 4453 comprehendi?
1007 4384 1162 4451 Quod
1204 4387 1248 4440 si
1292 4387 1457 4441 habes
1499 4387 1700 4456 aliquid
1731 4389 1983 4457 quodad

2108 554 2256 601 eum,
2285 538 2388 593 etsi.
2416 538 2839 604 conculcaveris,
2880 539 3016 593 nihil
3044 540 3213 595 laedis.
3249 542 3512 600 Dominus
3547 563 3690 601 vero

2108 645 2261 684 meus
2292 626 2469 695 Jesus,
2511 627 2558 683 si
2605 636 2784 684 tentus
2819 638 2921 695 est,
2963 638 3023 684 ut
3054 630 3217 686 homo
3256 633 3324 687 ab
3364 634 3689 693 hominibus

2108 729 2285 775 tentus
2306 729 2408 775 est.
2444 718 2500 774 Si
2528 734 2636 775 non
2671 728 2754 775 est
2786 721 2971 789 homo,
3004 737 3105 778 nec
3135 731 3312 779 tentus
3342 735 3444 780 est.
3481 726 3539 782 Si
3565 746 3684 784 non

2106 824 2188 867 est
2219 822 2415 879 tentus,
2463 827 2563 867 nec
2598 826 2791 881 passus
2831 825 2946 877 est,
2987 828 3087 869 nec
3126 813 3428 884 baptizatus
3472 829 3577 874 est.
3623 820 3685 875 Si

2108 906 2196 961 ille
2236 919 2345 960 non
2378 914 2461 960 est
2502 905 2825 975 baptizatus,
2870 922 3044 976 neque
3091 909 3380 980 quisquam
3426 923 3684 967 nostrum

2107 998 2408 1068 baptizatus
2440 1006 2541 1053 est.
2582 997 2853 1068 Baptisma
2884 1008 3063 1055 autem
3094 1002 3139 1055 si
3172 1015 3278 1055 non
3304 1011 3410 1069 est,
3444 1019 3545 1058 nec
3574 1007 3686 1059 erit

2107 1090 2354 1145 remissio
2378 1098 2746 1159 peccatorum;
2772 1090 2865 1144 sed
2894 1090 2948 1171 in
2973 1091 3089 1146 suis
3112 1093 3346 1161 peccatis
3375 1098 3682 1164 unusquis-

2106 1196 2212 1250 que
2258 1181 2538 1235 morietur.
2575 1179 2758 1233 Manes
2794 1181 2930 1234 dixit
2955 1198 2973 1234 :
2997 1181 3139 1252 Ergo
3162 1183 3428 1252 baptisma
3453 1196 3687 1254 propter

2107 1272 2482 1327 remissionem
2531 1283 2874 1342 peccatorum
2925 1273 3119 1328 datur?
3156 1275 3443 1329 Archelaus
3495 1279 3684 1333 dixit:

2106 1360 2303 1416 Etiam.
2342 1362 2522 1416 Manes
2566 1362 2745 1415 dixit:
2790 1362 2930 1433 Ergo
2959 1365 3201 1434 peccavit
3232 1365 3513 1432 Christus,
3548 1369 3683 1438 quia

2104 1452 2410 1523 baptizatus
2442 1454 2562 1510 est?
2594 1454 2881 1508 Archelaus
2912 1457 3047 1510 dixit
3074 1473 3092 1510 :
3117 1457 3297 1524 Absit;
3329 1458 3463 1527 quin
3496 1462 3686 1528 potius

2104 1541 2202 1613 pro
2234 1545 2390 1599 nobis
2422 1556 2703 1615 peccatum
2743 1547 2917 1603 factus
2956 1559 3058 1611 est,
3107 1558 3290 1604 nostra
3327 1559 3557 1619 peccata
3585 1566 3684 1606 su-

2106 1636 2341 1706 scipiens
2364 1638 2442 1704 '°;
2468 1648 2686 1709 prepter
2708 1639 2820 1711 (80)
2854 1640 2999 1710 quod
3030 1657 3097 1696 ex
3124 1641 3346 1695 muliere
3379 1651 3549 1696 natus
3570 1652 3681 1705 est,

2103 1735 2157 1780 et
2195 1736 2411 1797 propter
2440 1730 2583 1798 quod
2614 1730 2682 1785 ad
2715 1731 2975 1801 baptisma
3013 1731 3179 1797 venit,
3204 1739 3263 1785 ut
3298 1731 3463 1801 hujus
3506 1735 3683 1802 partis

2106 1816 2405 1886 perciperet
2432 1818 2884 1888 purificationem,
2917 1829 2978 1875 ut
3019 1820 3277 1890 Spiritum
3304 1822 3400 1891 qui
3437 1822 3680 1877 descen-

2104 1907 2255 1961 derat
2285 1908 2339 1962 in
2381 1910 2561 1978 specie
2592 1912 2882 1979 columba},
2919 1927 3115 1982 corpus
3145 1912 3287 1983 quod
3329 1923 3678 1984 susceperat,

2103 2009 2316 2069 portare
2344 2001 2535 2069 possit.

2174 2092 2259 2147 LI.
2300 2093 2426 2150 llaec
2472 2111 2594 2151 cum
2625 2097 2848 2153 dixisset
2873 2097 3192 2165 Archelaus,
3218 2098 3503 2153 admiratae
3550 2109 3680 2155 sunt

2103 2185 2274 2241 turbae
2300 2187 2583 2241 veritatem
2613 2188 2871 2244 doctrinm
2898 2189 3039 2259 ejus,
3067 2199 3120 2244 et
3152 2190 3337 2245 laudes
3367 2190 3419 2245 ei
3450 2191 3681 2245 immeo.

2103 2291 2191 2331 sas
2222 2292 2346 2332 cum
2377 2278 2708 2334 clamoribus
2744 2280 3124 2343 reddiderunt;
3163 2281 3234 2334 ita
3272 2289 3330 2335 ut
3356 2282 3514 2335 omni
3563 2293 3679 2337 stu-

2102 2368 2193 2421 dio
2225 2382 2554 2423 conarentur
2578 2411 2592 2436 ,
2645 2380 2700 2424 et
2736 2370 2847 2441 (8i)
2904 2372 3038 2425 ultra
3089 2372 3135 2426 ei
3185 2388 3291 2427 non
3319 2373 3574 2428 sinerent
3607 2375 3677 2428 ad

2103 2458 2318 2528 propria
2374 2473 2614 2512 remeare
2666 2477 2677 2512 :
2737 2467 2791 2512 et
2838 2468 2967 2515 tunc
3009 2460 3226 2529 quidem
3269 2460 3673 2517 discesserunt.

2102 2549 2296 2604 Postea
2331 2565 2476 2611 vero,
2508 2550 2848 2620 congregatis
2873 2551 3286 2615 eis,Arehelaus
3316 2554 3677 2623 acquiescere

2100 2642 2224 2708 sibi,
2260 2652 2421 2711 atque
2446 2642 2635 2696 audire
2676 2643 2900 2696 verbum
2928 2643 3187 2697 suadebat
3213 2662 3227 2697 :
3252 2660 3359 2698 non
3384 2645 3537 2698 enim
3572 2646 3675 2700 soli

2097 2734 2188 2803 qui
2214 2749 2337 2788 cum
2376 2732 2609 2786 Diodoro
2632 2742 2806 2797 erant,
2840 2732 3131 2787 audiebant
3156 2748 3278 2787 eum
3300 2776 3315 2798 ,
3348 2736 3447 2790 sed
3477 2752 3675 2791 omnes

2096 2826 2406 2895 quicunque
2439 2839 2507 2878 ex
2537 2822 2817 2892 provincia
2851 2823 2969 2892 ejus
3013 2824 3238 2879 aderant
3281 2835 3451 2894 atque
3482 2843 3552 2881 ex
3595 2830 3673 2881 vi-

2096 2917 2232 2972 cinis
2277 2916 2448 2982 locis;
2498 2914 2751 2985 factoque
2783 2914 3033 2980 silentio,
3069 2917 3172 2971 hoc
3214 2919 3377 2972 modo
3413 2920 3485 2973 de
3514 2919 3672 2975 Mane

2097 3010 2276 3064 dicere
2307 3022 2585 3078 aggressus
2615 3018 2698 3062 est
2718 3024 2729 3058 :
2753 3005 2996 3073 Qualiter
3024 3022 3080 3061 se
3097 3008 3313 3076 quidem
3339 3009 3548 3065 habeat
3576 3027 3671 3065 no-

2098 3107 2212 3154 stra
2244 3098 2489 3152 doctrina
2524 3097 2751 3152 audistis
2773 3136 2788 3161 ,
2819 3106 2871 3151 et
2906 3097 3026 3151 lidei
3062 3106 3257 3151 nostra:
3288 3100 3667 3169 experimenta

2100 3190 2373 3259 coepistis;
2429 3198 2594 3257 prout
2638 3189 2788 3258 potui
2818 3190 2963 3243 enim
2994 3189 3292 3259 intelligere
3321 3190 3666 3261 Scripturas,

2095 3297 2282 3335 coram
2313 3281 2566 3335 omnibus
2605 3281 2760 3335 vobis
2786 3281 3032 3350 exposui.
3084 3279 3187 3335 Sed
3216 3299 3357 3337 nunc
3392 3286 3671 3353 paucissi-

2095 3387 2179 3426 me
2212 3372 2325 3441 (8:2)
2360 3372 2539 3425 dicere
2573 3371 2835 3425 volentem
2864 3372 3140 3441 deprecor,
3200 3382 3257 3426 ut
3281 3388 3410 3427 eum
3446 3378 3668 3430 silentio

2094 3464 2437 3529 audiatis;ut
2461 3463 2787 3532 agnoscatis,
2822 3463 2914 3532 qui
2942 3464 3009 3517 sit
3039 3473 3094 3517 et
3123 3465 3262 3518 unde
3286 3474 3339 3518 et
3376 3468 3567 3534 qualis
3600 3470 3668 3523 sit

2093 3555 2195 3609 iste
2221 3595 2235 3618 ,
2289 3555 2381 3625 qui
2429 3554 2679 3617 advenit,
2712 3556 2853 3608 sicut
2900 3553 3135 3608 Sisinius
3163 3556 3382 3626 quidam
3420 3574 3573 3615 unus
3598 3576 3663 3614 ex

2091 3646 2384 3701 comitibus
2434 3646 2552 3715 ejus
2596 3646 2851 3701 indicavit
2880 3647 3034 3713 mihi,
3061 3662 3221 3716 quem
3249 3649 3415 3703 etiam
3447 3652 3567 3720 (83)
3598 3653 3664 3705 ad

2093 3739 2465 3793 testimonium
2513 3754 2702 3794 eorum
2737 3756 2857 3808 qua:
2882 3756 2909 3793 a
2944 3757 3028 3793 me
3056 3739 3322 3805 dicentur,
3371 3742 3417 3795 si
3464 3745 3661 3812 placet,

2090 3846 2283 3884 vocare
2312 3839 2531 3899 paratus
2566 3847 2707 3895 sum.
2752 3832 2858 3887 Sed
2884 3849 2951 3887 ne
2980 3834 3094 3903 ipse
3115 3835 3331 3904 quidem
3361 3834 3551 3890 dicere
3586 3853 3643 3889 re

2091 3922 2303 3976 eusavit
2330 3922 2443 3992 (84)
2472 3922 2659 3977 eadem
2697 3940 2941 3992 quaternos
2969 3926 3217 3991 dicimus,
3251 3936 3525 3995 praesente
3550 3926 3661 3980 Με-

2090 4029 2185 4077 ne;
2243 4013 2471 4068 credidit
2526 4014 2669 4068 enim
2711 4014 2972 4089 doctrina:
3023 4026 3220 4071 nostrae
3264 4020 3654 4086 supradictus,

2089 4108 2228 4162 sicut
2259 4117 2310 4161 et
2340 4106 2480 4175 apud
2515 4122 2600 4161 me
2629 4107 2767 4162 alius
2794 4106 2976 4162 Turbo
3008 4110 3244 4163 nomine.
3293 4108 3652 4179 Qumcunquc

2088 4216 2216 4269 ergo
2265 4199 2553 4253 contestati
2586 4209 2711 4254 sunt
2742 4200 2895 4268 mihi,
2930 4200 3021 4255 sed
3062 4210 3113 4255 et
3140 4216 3200 4255 ea
3244 4218 3369 4271 quae
3410 4218 3520 4256 nos
3556 4203 3657 4272 ipsi

2088 4292 2537 4360 deprehendimus
2571 4291 2626 4344 in
2653 4292 2756 4347 hoc
2789 4294 2924 4355 viro,
2959 4309 3064 4347 non
3096 4292 3290 4347 faciam
3315 4294 3489 4349 latere
3520 4311 3653 4349 con-

2089 4384 2366 4440 scientiam
2402 4391 2658 4454 vestram.
2696 4381 2848 4437 Tunc
2874 4399 3000 4437 vero
3023 4384 3193 4437 turba:
3214 4399 3279 4437 eo
3299 4384 3544 4453 amplius
3574 4386 3655 4437 iu-

423 4475 648 4530 verbum
678 4485 837 4544 atque
860 4476 923 4529 ad
955 4476 1291 4545 propositum
1322 4478 1670 4546 respondeas,
1714 4480 1807 4547 qui
1843 4497 1983 4533 nunv-
2012 4481 2059 4539 D
2087 4476 2282 4539 citatas,
2317 4483 2652 4543 congregatae
2678 4484 2803 4528 sunt
2832 4476 2897 4528 ad
2932 4473 3259 4528 audiendum
3282 4474 3650 4539 Archelaum;

423 4584 583 4637 quam
640 4567 705 4621 ad
753 4571 1024 4637 proposita
1056 4567 1407 4637 respondisti,
1450 4584 1627 4639 perge,
1667 4582 1885 4638 quaeso,
1926 4580 1979 4625 et

423 4660 681 4729 pugillum
714 4661 929 4729 plenum
961 4661 1094 4715 solis
1129 4661 1258 4715 mihi
1286 4659 1437 4724 affer,
1476 4670 1568 4713 aut
1601 4663 1837 4727 modium
1865 4664 1979 4732 ple-

422 4750 592 4804 num?
620 4749 734 4818 lpse
762 4765 887 4804 vero
917 4750 997 4815 sol
1029 4764 1124 4819 pro
1155 4765 1218 4804 eo
1254 4750 1397 4818 quod
1427 4750 1724 4807 subtilioris
1752 4762 1835 4807 est
1857 4768 1990 4808 cor-

494 4913 535 4940 ιε
574 4894 770 4981 Philip,
808 4926 867 4976 ll,
900 4913 949 4965 7.
1028 4914 1067 4944 ¹⁷
1108 4913 1295 4968 Matth.
1347 4890 1423 4979 iv,
1474 4916 1551 4988 1.ἐ

488 5070 599 5142 (78)
638 5072 818 5142 Forte,
849 5092 867 5124 ι
898 5076 1059 5142 quod.
1096 5094 1113 5126 ι

489 5141 601 5210 (79)
642 5141 841 5215 Locum
883 5141 1026 5215 hunc
1060 5153 1243 5199 nostra
1276 5147 1587 5215 conjectura
1628 5146 1700 5201 ita
1733 5150 1972 5203 correxi-

414 5227 561 5283 mus,
598 5221 653 5283 ut
684 5213 877 5281 aliquis
908 5214 1028 5267 inde
1057 5230 1249 5271 sensus
1278 5213 1590 5283 eliceretur;
1626 5234 1749 5271 nam
1781 5219 1832 5271 in
1862 5218 1936 5273 Ca
1956 5249 1969 5260 -

413 5281 882 5355 sinensiscodicis
906 5284 1131 5338 lectione
1165 5302 1354 5355 magna
1381 5281 1683 5341 obscuritas
1708 5304 1769 5341 ex
1807 5289 1972 5343 libra-

414 5352 477 5429 rii
509 5351 783 5407 erroribus
815 5364 1033 5418 exorta;
1063 5354 1150 5429 ‘sic
1179 5351 1320 5429 enim
1361 5358 1621 5429 sc_rliahet
1650 5377 1662 5429 ς
1700 5376 1717 5406 ι
1748 5360 1971 5429 Ignora-

412 5420 510 5497 bat
536 5431 716 5475 autem
747 5433 959 5497 propter
986 5424 1075 5491 qui
1106 5428 1380 5493 genuisset
1414 5425 1606 5480 Filium
1645 5428 1736 5482 Dei
1771 5420 1969 5497 pracdi-

413 5491 825 5565 cabatregnUm
849 5491 1136 5565 caelorum,
1163 5497 1254 5565 qui
1284 5505 1418 5561 erat,
1452 5515 1469 5546 ›
1503 5506 1604 5551 etc.

456 5560 601 5639 .(80)
642 5559 698 5613 lu
724 5565 907 5618 codice
940 5559 1245 5639 Casiniensi,
1267 5580 1376 5635 quo
1406 5559 1488 5619 usi
1508 5582 1707 5639 sumus
1730 5609 1744 5633 ,
1780 5572 1970 5623 adver-

418 5630 564 5682 bium
618 5648 636 5679 ι
684 5643 898 5701 propter
956 5654 972 5684 ι
1023 5630 1377 5699 desiderat-ur,
1428 5638 1520 5690 sed
1582 5630 1966 5692 illud'lil'irarii

418 5702 701 5755 oscitantia
750 5706 1008 5760 omissum
1044 5705 1210 5763 fuisse
1240 5707 1516 5777 sequentia
1567 5708 1709 5762 clare
1753 5709 1971 5763 demon-

414 5778 608 5825 straut.

2083 4574 2278 4627 etenim
2312 4588 2372 4627 ea
2400 4587 2520 4641 qua:
2546 4573 2612 4625 ab
2637 4587 2702 4627 eo
2727 4572 3061 4634 dicebantur,
3082 4569 3367 4639 plurimam
3391 4570 3477 4624 eis
3503 4572 3653 4624 oble-

2085 4664 2375 4718 ctationem
2406 4664 2745 4732 pra-hebant;
2780 4670 2998 4732 propter
3028 4660 3174 4731 quod
3200 4668 3254 4713 et
3279 4662 3529 4714 certatim
3555 4663 3651 4714 ad-

2084 4756 2439 4810 hortabantur
2467 4770 2589 4809 cum
2618 4756 2797 4809 dicere
2821 4768 3156 4824 quaecunque
3186 4753 3367 4817 vellet,
3386 4769 3651 4823 quincun-

1634 4916 1905 4978 “Joanu.
1949 4937 2075 4989 XIX,
2126 4922 2217 4977 37.
2316 4923 2356 4953 "
2411 4920 2597 4975 Matth.
2634 4937 2714 4986 ιιι,
2758 4921 2841 4975 l7.
2948 4922 2992 4951 ⁵ο
3032 4919 3073 4972 ll
3098 4920 3223 4974 Cor.
3253 4935 3305 4983 v,
3332 4919 3423 4971 2!.

2153 5080 2263 5151 (81)
2310 5078 2372 5134 Et
2405 5080 2492 5151 hic
2520 5078 2805 5148 particula,
2845 5088 2974 5151 cet,
3012 5097 3028 5128 ι
3062 5078 3211 5151 deest
3245 5076 3519 5151 ineodice
3545 5076 3646 5133 C2-

2084 5147 2286 5204 sinen'si
2310 5191 2323 5215 ,
2356 5147 2532 5219 quain
2553 5161 2726 5202 tamen
2756 5148 3019 5202 orationis
3042 5149 3210 5203 series
3239 5147 3518 5201 evidenter
3550 5166 3643 5201 εις

2117 5221 2270 5273 oscit.

2079 5235 2270 5288 pOSCll.

2147 5290 2258 5357 (82)
2298 5286 2483 5349 Forte,
2520 5307 2537 5337 ι
2576 5287 2923 5355 paucissima.
2965 5306 2981 5336 ι

2147 5354 2258 5427 (85)
2294 5358 2475 5431 Codex
2502 5354 2814 5411 Casiniensis
2842 5357 2991 5431 nullo
3021 5354 3381 5431 sc_nsu_ha_het
3400 5372 3420 5431 ί
3448 5372 3469 5405 ι

2082 5425 2207 5483 nius
2236 5425 2456 5497 quidam
2489 5444 2585 5479 vos
2617 5443 2679 5479 ex
2716 5427 3005 5481 comitibus
3041 5426 3160 5489 eius
3193 5425 3453 5479 indicavit
3487 5427 3631 5490 mihi,

2076 5500 2569 5575 qumetizi‘niaetc.
2698 5566 2710 5575 _
2787 5566 2797 5575 ,
3052 5565 3084 5575 ,.
3126 5565 3137 5575 .
3216 5563 3249 5575 η
3322 5564 3334 5575 .

2148 5569 2258 5639 (84)
2300 5567 2375 5639 Et
2398 5568 2484 5620 hic
2519 5566 2927 5639 emendavimus
2969 5563 3529 5639 codicisCasinensis
3561 5564 3630 5616 le-

2078 5636 2332 5700 ctiunelu,
2368 5638 2439 5689 ita
2470 5653 2529 5690 se
2560 5636 2878 5691 habentem:
2916 5654 2933 5687 ι
2967 5636 3081 5705 ipse
3104 5636 3321 5705 quidem
3350 5650 3437 5689 me
3458 5638 3629 5689 ditere

2079 5709 2367 5772 recusavit,
2396 5727 2413 5757 ›
2451 5717 2549 5761 etc.

3660 6484 3823 6494 m
