3922 6490
260 328 396 383 1517

1362 333 1509 393 CUM
1540 335 1819 391 MANETE
1860 335 2395 395 IIERESIAIICIIA.

3365 340 3505 397 1518

256 464 369 520 que
418 451 675 516 sentiret;
722 461 939 520 paratos
987 468 1045 507 se
1094 468 1214 508 esse
1261 453 1328 508 ad
1380 455 1731 513 audiendum.
1784 462 1912 518 etA
1940 466 1999 511 ut
2040 466 2093 511 et
2133 457 2225 511 alii
2252 473 2445 511 omnes
2500 458 2665 525 hujus
2714 458 2987 528 dogmatis
3029 465 3372 513 sectatores:
3409 457 3503 527 qui

261 554 437 609 usque
480 538 547 592 ad
594 554 877 608 vesperum
916 556 1252 609 permanere,
1284 542 1447 596 etiam
1478 544 1722 599 accensis
1750 546 1827 598 Iu—

261 633 521 697 minibus,
560 634 999 703 pollicebantur:
1035 651 1268 705 quorum
1314 636 1660 693 animositate
1690 638 1826 692 inci-

259 733 404 778 tatus
458 724 760 779 Archelaus
810 741 931 780 cum
969 727 1117 781 omni
1159 726 1354 781 titlucia
1384 727 1564 782 dicere
1601 742 1829 783 exorsus

258 822 342 868 est
377 833 388 868 :
424 814 536 869 Viri
597 814 824 876 fratres.
891 818 1198 886 superiores
1249 818 1463 885 quidem
1500 832 1693 872 causas
1734 818 1831 872 Do-

260 906 393 960 mini
430 907 533 960 mei
566 905 693 961 Jesu
726 908 985 973 audistis;
1038 908 1161 962 dico
1209 917 1388 962 autem
1432 924 1560 972 eas,
1609 924 1729 977 qua:
1761 923 1827 961 ex

260 997 377 1065 lege
402 1004 456 1049 et
488 997 767 1065 prophetis
795 998 1143 1075 iudicantur;
1184 998 1465 1053 inferiores
1502 1014 1628 1052 vero
1650 998 1831 1051 Domi-

264 1086 319 1139 ni
354 1087 459 1139 mei
489 1084 616 1141 Jesu
649 1087 849 1142 Christi
911 1087 1210 1142 Salvatoris
1254 1087 1425 1141 nostri
1462 1104 1565 1140 non
1613 1088 1830 1156 ignora-

260 1179 349 1231 tis.
385 1177 487 1232 Sed
519 1179 646 1247 quid
682 1180 875 1247 plura?
921 1180 1184 1248 Appellati
1216 1195 1407 1233 sumus
1437 1194 1502 1231 ex
1533 1177 1829 1232 Salvatoris

261 1269 532 1323 desiderio
554 1269 873 1333 Christiani,
904 1271 1046 1325 sicut
1072 1272 1359 1325 universus
1387 1270 1537 1323 orbis
1562 1278 1827 1323 terrarum

259 1360 633 1414 testimonium
664 1361 929 1429 perhibet,
960 1371 1122 1431 atque
1159 1361 1389 1430 apostoli
1416 1360 1677 1424 edocent;
1734 1359 1830 1413 sed

262 1460 314 1504 el
349 1450 587 1520 optimus
621 1452 950 1507 architectus
979 1454 1115 1521 ejus,
1148 1453 1557 1507 fundamentum
1590 1452 1702 1523 (85)
1734 1467 1830 1507 no-

260 1552 458 1606 strum,
493 1541 544 1595 id
575 1551 658 1596 est
682 1540 967 1604 Ecclesia},
1014 1542 1216 1598 Paulus
1248 1544 1427 1613 posuit
1454 1546 1495 1575 "
1519 1586 1533 1608 ,
1573 1554 1625 1598 et
1657 1534 1838 1613 legem.

258 1630 517 1695 tradidit,
553 1632 817 1687 ordinatis
842 1633 954 1701 (86)
984 1634 1269 1699 ministris,
1306 1645 1358 1689 et
1401 1636 1748 1708 presbyteris,
1778 1649 1830 1693 et

258 1722 535 1791 episcOpis
563 1723 613 1775 in
640 1738 703 1778 ea
724 1765 739 1789 ,
780 1724 1096 1780 describens
1146 1742 1238 1795 per
1267 1727 1379 1781 loca
1408 1728 1615 1797 singula
1640 1771 1653 1791 ,
1690 1749 1829 1800 quo-

259 1814 423 1867 modo
452 1822 505 1868 et
534 1815 766 1883 qualiter
796 1826 1039 1885 oporteat
1076 1819 1356 1873 ministros
1391 1820 1479 1875 Dei
1503 1863 1516 1880 ,
1564 1823 1751 1891 quales
1776 1834 1827 1878 et

263 1906 499 1974 qualiter
532 1906 647 1961 fieri
680 1909 1041 1979 presbyteros,
1092 1912 1387 1980 qualesque
1434 1929 1555 1967 esse
1600 1915 1827 1969 debeant

256 1997 355 2066 qui
400 1996 771 2067 episcopatum
804 2000 1147 2065 desiderant;
1204 2018 1324 2071 quae
1355 2004 1536 2057 omnia
1569 2006 1702 2059 bene
1730 2022 1827 2059 no—

264 2086 350 2142 bis
383 2097 434 2143 ct
464 2099 606 2144 recte
630 2090 910 2159 disposita,
945 2107 1119 2159 usque
1148 2093 1201 2146 in
1236 2094 1575 2157 hodiernum,
1625 2105 1825 2150 statum

265 2194 426 2234 suum
456 2183 773 2235 custodiunt
799 2222 813 2245 ,
848 2190 901 2236 et
928 2194 1206 2252 permanet
1241 2185 1382 2253 apud
1415 2201 1514 2240 nos
1546 2185 1708 2254 hujus
1743 2203 1827 2241 re-

255 2273 398 2341 gula:
430 2273 735 2341 disciplina.
773 2274 933 2329 Istius
965 2290 1093 2330 vero
1124 2277 1217 2345 qui
1248 2293 1390 2331 nunc
1419 2279 1576 2333 nobis
1604 2296 1669 2332 ex
1692 2278 1825 2333 Per-

261 2380 445 2419 sarum
480 2366 755 2435 provincia
800 2366 1079 2433 ebullivit,
1129 2366 1311 2421 Manes
1343 2370 1582 2433 nomine,
1632 2370 1824 2423 adver-

260 2474 381 2512 sum
431 2474 590 2527 quem
639 2459 770 2513 mihi
812 2458 1107 2529 disputatio
1142 2461 1254 2529 jam
1286 2462 1527 2515 secundo
1558 2471 1825 2516 commota

256 2561 360 2617 est,
394 2567 565 2621 genus
597 2552 751 2606 vobis
783 2553 981 2618 dicam,
1035 2562 1087 2607 et
1118 2562 1326 2618 totum;
1383 2554 1473 2608 sed
1502 2564 1555 2607 et
1583 2553 1825 2609 doctrina

256 2642 377 2712 ejus
410 2644 552 2699 unde
580 2645 892 2710 descendat,
923 2645 1255 2699 lucidissime
1278 2645 1685 2701 demonstrabo.
1722 2647 1826 2702 Iste

257 2753 365 2791 non
397 2749 482 2792 est
514 2738 723 2807 primus
752 2747 942 2792 auctor
978 2738 1351 2807 hujuscemodi
1396 2738 1689 2805 doctrinm,
1727 2753 1827 2793 nec

260 2832 448 2895 solus;
486 2832 578 2885 sed
604 2831 822 2900 quidam
846 2845 913 2884 ex
947 2829 1189 2900 Scythia,
1221 2830 1551 2899 Scythianus
1582 2829 1693 2899 (87)
1724 2846 1824 2884 no-

259 2922 425 2986 mine,
464 2915 851 2990 apostolorum'
871 2931 1109 2989 tempore
1134 2922 1235 2975 fuit
1266 2930 1423 2975 sectm
1454 2921 1615 2989 hujus
1638 2932 1825 2976 auctor

258 3023 311 3067 et
338 3014 609 3082 princeps,
643 3014 786 3068 sicut
817 3023 871 3067 et
897 3014 1117 3067 fuerunt
1145 3022 1200 3067 et
1233 3013 1387 3066 multi
1422 3013 1511 3065 alii
1542 3022 1821 3081 apostataz,

255 3103 349 3173 qui
382 3103 646 3172 primatus
679 3104 781 3157 sibi
813 3105 1088 3159 vindicare
1121 3106 1421 3173 cupientes,
1446 3104 1579 3159 falsa
1605 3122 1702 3173 pro
1728 3104 1892 3194 ve-'C

255 3198 332 3251 ris
368 3198 811 3267 conscripserunt
862 3198 1013 3267 (88),
1067 3197 1427 3267 simpliciores
1473 3212 1720 3265 quosque
1753 3198 1821 3251 ad

256 3301 411 3342 suam
460 3286 736 3341 libidinem
771 3296 1169 3357 pervertentes;
1222 3272 1717 3356 quorum.nomina
1768 3296 1822 3341 et

253 3378 506 3448 perlidias
552 3379 733 3433 dicere
777 3394 925 3434 nunc
965 3388 1176 3448 tempus
1219 3394 1329 3433 non
1361 3378 1509 3434 sinit.
1572 3378 1671 3435 llic
1699 3395 1825 3449 ergo

257 3464 590 3536 Scythianus
631 3466 944 3522 dualitatem
998 3468 1160 3522 istam
1199 3468 1491 3522 introducit
1532 3468 1643 3538 (89)
1696 3484 1825 3524 cou-

252 3557 477 3611 trariam
515 3558 654 3624 sibi;
700 3560 843 3628 quod
887 3560 1002 3628 ipse
1040 3576 1067 3613 a
1099 3558 1401 3628 Pythagora
1424 3562 1682 3631 suscepit,
1716 3563 1822 3617 sic-

325 3671 368 3702 “
398 3666 760 3729 lCor.m.10.

326 3784 437 3856 (83)
477 3784 660 3860 Codex
697 3786 1015 3860 Casinensis
1047 3807 1058 3841 :
1104 3809 1119 3838 ι
1156 3788 1258 3843 Sed
1292 3799 1341 3844 et
1372 3791 1607 3860 optimos
1645 3794 1822 3847 archi-

256 3855 429 3909 tectos
479 3858 528 3909 ei
578 3855 1025 3927 fundamentum,
1072 3880 1087 3910 ι
1121 3861 1277 3927 cujus
1325 3855 1665 3916 manifestam
1698 3879 1821 3918 cor-

252 3928 559 3994 ruptiouem
594 3926 803 3981 modica
835 3930 1135 3983 mutatione
1166 3926 1509 3985 sustulimus.

328 3996 438 4067 (86)
480 3995 655 4067 Locus
684 4001 955 4051 notandus
986 4000 1051 4052 de
1083 4000 1400 4054 hierarchizc
1436 4002 1821 4059 ecclesiastica:

251 4070 444 4121 ordine
462 4066 530 4119 ab
552 4069 810 4141 apostolis
837 4070 1105 4123 instituto.
1146 4069 1441 4139 Episcopus
1467 4082 1669 4133 autem,
1701 4091 1823 4141 pre-

252 4141 513 4211 sbyteros
534 4148 587 4211 et
621 4138 923 4211 ministros
953 4148 1161 4193 tantum
1199 4138 1441 4193 nominat
1474 4138 1774 4197 Archelaus
1801 4163 1815 4211 ;

249 4207 395 4277 quod
444 4207 857 4277 ministrormn,
913 4209 1015 4263 hoc
1060 4220 1143 4265 est
1198 4211 1551 4265 diaeonorum
1604 4207 1821 4267 nomine

253 4276 443 4351 omnes
499 4276 640 4331 inira
690 4280 1119 4351 presbyteratum
1174 4282 1391 4335 ordines
1451 4284 1816 4351 antiquissimi

251 4348 443 4402 Patres
493 4348 952 4415 comprebemlere
1005 4353 1387 4405 consueverint
1425 4370 1435 4404 :
1468 4356 1537 4405 ita
1569 4348 1819 4408 Clemens

248 4416 769 4490 Alexandrinusdil).
807 4435 856 4471 VI
886 4417 1230 4480 Stromalum.
1273 4438 1387 4490 pag.
1430 4423 1567 4487 667;
1602 4424 1815 4477 Tertul-

1930 563 2118 602 omnes
2168 548 2486 603 dualitateni
2538 548 2854 613 defendunt,
2886 549 3221 604 declinantes
3249 548 3501 618 Scriptu-

1931 654 2005 693 ra:
2032 639 2174 692 viam
2202 640 2499 703 directam;
2537 639 2629 694 sed
2664 656 2770 694 non
2802 641 2854 693 in
2885 641 3117 709 amplius
3150 642 3450 709 proficient.

2007 729 2115 785 LII.
2162 730 2353 786 Nullus
2384 743 2562 785 tamen
2596 732 2668 785 ita
2694 733 3032 801 impudenter
3059 732 3338 801 prtevaluit
3360 733 3498 789 sicut

1932 823 2033 877 iste
2064 822 2413 894 Scythianus.
2475 824 2793 879 Inimicitias
2824 825 2967 879 enim
3020 827 3156 878 inter
3188 825 3325 879 duos
3352 825 3504 895 inge-

1932 914 2076 969 nitos
2120 914 2459 978 introduxit,
2515 926 2569 969 et
2619 917 2801 970 omnia
2852 918 2963 971 haec
3006 932 3126 986 qua:
3156 932 3502 986 consequun-

1931 1014 2018 1056 tur
2048 1004 2162 1072 (90)
2201 1006 2575 1075 hujuscemodi
2612 1007 2987 1061 assertionem.
3019 1007 3228 1076 Quique
3256 1007 3501 1077 Scythia-

1932 1110 2036 1148 nns
2070 1095 2185 1163 ipse
2209 1112 2270 1150 ex
2306 1112 2503 1167 genere
2555 1097 2952 1152 Saracenorum
2989 1098 3109 1161 fuit,
3149 1106 3201 1151 et
3231 1100 3501 1167 captivam

1931 1188 2223 1255 quamdam
2274 1190 2483 1257 accepit
2532 1205 2755 1243 uxorem
2790 1192 2856 1243 de
2884 1191 3161 1257 superiore
3204 1189 3496 1253 Thebaide,

1931 1293 2053 1347 qua:
2079 1293 2203 1333 eum
2232 1280 2406 1334 suasit
2436 1280 2681 1336 habitare
2714 1283 2765 1335 iu
2789 1280 3020 1353 Egypto
3051 1283 3221 1351 magis
3254 1297 3416 1348 quam
3445 1282 3498 1335 in

1930 1370 2183 1424 desertis.
2251 1370 2428 1441 Atque
2451 1374 2657 1427 utinam
2694 1390 2970 1443 nunquam
3006 1389 3127 1427 eum
3158 1374 3245 1427 illa
3278 1374 3501 1437 provin-

1933 1460 2012 1512 cia
2042 1461 2399 1530 suscepisset,
2439 1463 2494 1515 in
2539 1478 2644 1531 qua
2690 1475 2813 1514 cum
2865 1474 2989 1513 eum
3037 1460 3339 1526 habitaret,
3375 1479 3500 1518 cum

1932 1551 2312 1621 Egyptiorum
2338 1553 2657 1623 sapientiam
2692 1554 2971 1608 didicisset
2997 1552 3143 1622 (9|);
3180 1563 3295 1609 erat
3328 1556 3498 1620 enim,

1932 1652 1991 1695 ut
2018 1642 2163 1712 quod
2193 1658 2378 1696 verum
2404 1651 2487 1697 est
2512 1643 2762 1697 dicamus
2783 1684 2798 1706 ,
2834 1643 2987 1697 valde
3021 1645 3170 1696 dives
3200 1643 3416 1713 ingenio
3447 1652 3503 1698 et

1933 1738 2146 1807 opibus,
2178 1736 2318 1791 sicut
2354 1736 2405 1789 hi
2432 1736 2525 1805 qui
2564 1735 2805 1789 sciebant
2839 1750 2984 1798 cum,
3025 1750 3121 1802 per
3157 1734 3498 1788 traditionem

1863 1801 2090 1883 Bnobis
2139 1843 2355 1897 quoque
2406 1801 2678 1881 testificati
2726 1836 2872 1880 sunt.
2942 1801 3276 1894 Discipulum
3318 1834 3497 1878 autem

1930 1921 2120 1975 habuit
2167 1920 2490 1989 quemdam,
2545 1920 2761 1974 nomine
2793 1918 3181 1973 Terebinthum
3218 1917 3360 1986 (92),
3406 1917 3498 1987 qui

1929 2012 2147 2081 scripsit
2174 2012 2222 2066 ei
2249 2020 2484 2080 quatuor
2515 2010 2716 2073 libros;
2744 2026 2810 2063 ex
2844 2010 3047 2078 quibus
3075 2025 3244 2063 unum
3279 2008 3498 2078 quidem

1928 2104 2219 2173 appellavit
2274 2103 2666 2172 Mysteriorum,
2714 2102 2879 2155 alium
2928 2116 3057 2155 vero
3109 2100 3498 2170 Capitulorum,

1929 2199 2146 2251 tertitnn
2171 2207 2350 2251 autem
2378 2194 2754 2265 IIIvutigeliunt;
2777 2201 2829 2247 et
2851 2192 3206 2246 novissimum
3230 2191 3497 2257 omnium,

1933 2288 2256 2343 Thesaurum
2293 2286 2579 2358 appcllavit
2612 2304 2625 2339 :
2668 2295 2721 2339 et
2759 2293 2914 2338 erant
2958 2284 3006 2337 ei
3043 2283 3129 2337 isti
3162 2293 3396 2352 quatuor
3430 2282 3498 2336 li-

1928 2380 2042 2445 bri,
2096 2392 2150 2433 et
2197 2395 2337 2434 unus
2380 2377 2683 2447 discipulus
2710 2376 2927 2431 nomine
2968 2373 3331 2430 Terehinthus
3359 2374 3496 2445 (93).

1928 2471 2064 2536 Quia
2097 2486 2225 2539 ergo
2252 2470 2589 2539 aliquantutn
2616 2468 2874 2536 temporis
2896 2482 3080 2521 secum
3103 2467 3192 2521 isti
3215 2467 3376 2521 ambo
3400 2466 3497 2520 dea

1928 2572 2209 2617 creverant
2242 2563 2344 2617 soli
2379 2561 2663 2625 habitare;
2710 2559 2917 2629 placuit
2944 2558 3243 2630 Scytbiano
3287 2559 3497 2613 discur-

1928 2668 2045 2705 rere
2073 2652 2126 2705 iu
2152 2650 2414 2716 Judaeam,
2453 2659 2513 2703 ut
2540 2650 2612 2704 ibi
2642 2648 3063 2717 congrederetur
3096 2664 3218 2703 cum
3238 2648 3498 2702 omnibus

1928 2744 2241 2813 quicunque
2288 2743 2358 2795 ibi
2403 2741 2725 2795 videbantur
2749 2757 2869 2795 esse
2898 2741 3148 2795 doctores
3182 2760 3194 2794 :
3231 2748 3283 2794 et
3313 2756 3487 2809 perve-

1928 2833 2007 2885 nit
2032 2850 2156 2885 eum
2187 2831 2448 2885 continuo
2481 2832 2591 2885 vita
2626 2829 2869 2900 defungi,
2902 2847 2999 2884 nec
3030 2830 3273 2899 potuisse
3291 2830 3496 2899 aliquid

1928 2940 2267 2991 promovere.
2318 2922 2408 2976 Ille
2436 2937 2563 2976 vero
2594 2921 2896 2990 discipulus
2926 2922 3019 2991 qui
3056 2938 3179 2975 eum
3214 2938 3279 2976 eo
3324 2921 3497 2975 fuerat

1926 3024 2301 3080 Conversatus,
2352 3014 2404 3067 in
2447 3013 2628 3082 fugam
2666 3028 2856 3067 versus
2888 3019 2973 3065 est
3004 3012 3147 3082 (94),
3180 3019 3231 3065 et
3264 3010 3495 3081 Babylo-

1926 3104 2073 3159 niam
2105 3104 2294 3174 petiit,
2344 3118 2465 3173 quat
2510 3117 2655 3157 nunc
2688 3101 2963 3171 provincia
2994 3102 3223 3155 habetur
3258 3113 3288 3151 a
3316 3098 3496 3156 Persis

1927 3197 2069 3265 (95),
2104 3211 2331 3265 quaeque
2355 3195 2508 3249 abest
2533 3210 2677 3249 nunc
2706 3209 2735 3247 a
2768 3194 2903 3247 locis
2930 3192 3129 3247 nostris
3156 3192 3350 3246 itinere
3375 3192 3493 3247 die-

1926 3305 2047 3344 rum
2077 3297 2129 3344 et
2159 3288 2397 3342 noctium
2432 3288 2600 3341 ferme
2627 3302 2720 3341 sex
2753 3303 2765 3338 ε
2802 3300 2911 3355 quo
2947 3299 3071 3339 cum
3115 3284 3373 3351 venisset,
3407 3292 3491 3339 ta-

1926 3382 2032 3435 lem
2082 3382 2148 3433 de
2201 3394 2258 3433 se
2310 3378 2507 3432 famam
2563 3378 2895 3446 pervulgavit
2950 3376 3063 3444 ipse
3111 3374 3494 3445 Terebinthus,

1925 3473 2111 3528 dicens
2144 3471 2291 3524 omni
2324 3487 2381 3524 se
2408 3469 2671 3539 sapientia
2707 3467 3082 3539 Aﬂgyptiorum
3112 3468 3372 3537 repletum
3392 3507 3407 3532 ,
3439 3478 3492 3523 et

1925 3563 2107 3618 vocari
2135 3562 2365 3632 nunjam
2385 3560 2793 3624 Tcrebiuthum,
2817 3559 2909 3613 sed
2933 3559 3098 3612 alium
3119 3558 3229 3629 (96)
3251 3557 3492 3613 Buddam

1926 3792 2044 3845 Vat.
2070 3832 2085 3856 ,
2140 3809 2156 3841 ι
2208 3791 2262 3843 in
2303 3803 2407 3857 qua
2441 3802 2564 3841 cum
2593 3785 2895 3849 habitaret,
2943 3794 2995 3838 et
3028 3782 3428 3857 Egyptiorum.
3468 3803 3486 3834 υ

1926 3862 2045 3915 Mox
2080 3860 2233 3923 ibid.,
2271 3876 2288 3909 ι
2322 3855 2503 3913 testati
2542 3867 2689 3919 sunt,
2734 3874 2751 3906 ι
2794 3858 2889 3923 pro
2924 3874 2941 3905 ι
2982 3855 3247 3909 testificati
3279 3864 3425 3911 sunt.
3467 3872 3487 3905 ι

1994 3932 2105 3999 (92)
2146 3929 2211 3982 Et
2242 3929 2329 3982 hic
2359 3927 2804 3999 manifestusest
2833 3925 3217 3999 librarii‘error
3251 3924 3303 3976 in
3334 3924 3487 3977 codi-

1924 3994 2335 4061 ce'Casinensi,
2375 4000 2426 4051 in
2458 4013 2565 4065 quo
2592 3996 2847 4049 scribitur
2880 4015 2897 4067 ς
2935 3994 3267 4067 Terbonetn;
3308 4012 3325 4044 ι
3365 4010 3489 4067 nam

1922 4072 2157 4141 Cyrillus
2185 4064 2703 4141 llierosolymitanus
2733 4064 3072 4141 catechcsi_6,
3101 4075 3154 4141 et
3180 4064 3272 4141 alii
3300 4064 3491 4117 omnes

1923 4134 2211 4213 'I‘Epéweov
2253 4158 2299 4213 __r
2337 4134 2725 4213 Terbinthum,
2761 4155 2778 4186 ι
2821 4151 2914 4213 seu
2942 4154 2968 4213 _r
3005 4134 3483 4213 Terebintltum,o

1924 4204 2202 4282 Scj'thiani
2236 4210 2560 4276 discipulum
2595 4207 2818 4260 faciunt.
2852 4204 2992 4269 Quin
3020 4215 3071 4259 et
3100 4206 3150 4257 iu
3184 4220 3337 4325 δι)ρῖ
3360 4205 3487 4275 (ubi-

1924 4299 2027 4325 ηιιιι
2061 4303 2077 4325 ι
2117 4280 2447 4325 Τρι-ρνριιιιις.
2488 4298 2504 4325 ι
2542 4278 2818 4325 scribitur.
2856 4276 3014 4325 Ουοά
3036 4291 3165 4325 vero
3194 4277 3306 4325 ait.
3341 4276 3487 4325 r‘che—

1922 4276 2027 4351 que
2061 4303 2077 4332 ι
2117 4280 2447 4351 Tereveutus
2488 4298 2504 4329 ι
2542 4278 2818 4351 scribitur.
2856 4276 3014 4340 Quod
3036 4276 3492 4351 veroaitAr‘che-

1922 4347 2060 4414 laus,
2089 4353 2234 4404 hunc
2258 4350 2551 4418 chtliiauo
2580 4348 2861 4415 scripsisse
2896 4356 3130 4418 quatuor
3158 4347 3325 4418 libros
3350 4362 3489 4414 quos

1924 4430 2188 4483 recenset,
2222 4417 2554 4472 contrarium
2589 4427 2671 4471 est
2696 4418 2879 4487 Cyrilli
2912 4432 3035 4469 mox
3069 4417 3268 4470 laudati
3302 4432 3490 4471 narra-

250 4489 451 4559 Ijanus,
479 4486 555 4539 De
588 4488 865 4559 baptismo,
900 4489 1015 4557 ca‘p.
1049 4490 1148 4548 I7;
1195 4486 1667 4559 Urige'nesdminil.
1697 4494 1730 4546 2
1762 4496 1811 4547 in
1846 4490 1890 4544 Ι)
1921 4494 2078 4556 tioni,
2104 4492 2353 4559 aliisque,
2381 4492 2469 4557 qui
2503 4486 2855 4559 Scythianum
2885 4488 3059 4559 solum
3082 4502 3272 4559 eorum
3301 4496 3490 4539 aucto-

245 4558 450 4638 Jercm.
484 4570 536 4611 et
564 4560 618 4611 in
658 4558 893 4613 Matthzei
936 4574 1056 4628 cap.
1103 4562 1201 4625 19,
1253 4558 1373 4632 pag.
1408 4564 1541 4627 565,
1589 4574 1643 4617 et
1685 4565 1811 4617 alibi

266 4644 475 4681 )JSSlm.

266 4646 475 4681 )JSSIm.

248 4646 264 4698 ι
324 4698 437 4767 (87)
468 4696 573 4768 Qui
604 4716 621 4747 ‹
648 4694 977 4768 Scythianus
1003 4718 1021 4749 ι
1053 4700 1192 4767 apud
1220 4716 1405 4753 omnes
1440 4701 1575 4755 alios
1606 4716 1812 4757 veteres

245 4770 342 4836 qui
370 4770 435 4839 de
465 4767 886 4822 Manichaeorum
920 4770 1107 4822 haeresi
1145 4778 1461 4833 tractarunt,
1490 4774 1809 4839 appellatur,

248 4848 358 4910 tam
399 4838 483 4889 hic
508 4878 521 4899 ,
558 4854 719 4906 quam
753 4840 804 4891 in
832 4841 1189 4910 sequentibus
1232 4856 1259 4891 a
1292 4843 1451 4892 veteri
1502 4838 1809 4910 interprete,

251 4926 270 4957 ι
306 4908 599 4961 Scutianus
630 4927 647 4957 ι
680 4918 733 4961 et
776 4928 792 4959 ι
826 4909 1155 4962 Excutiauus
1189 4930 1204 4957 ι
1244 4920 1500 4972 vocatur,
1549 4908 1655 4964 nisi
1688 4916 1809 4965 ubi-

246 4995 354 5046 que
390 4978 621 5044 imperiti
656 4979 861 5032 librarii
892 4980 961 5031 sit
990 4996 1157 5032 error.
1205 4979 1257 5031 In
1283 4981 1468 5032 codice
1498 4992 1675 5034 autem
1708 5000 1808 5036 ms.

248 5049 418 5118 Ilegio
448 5049 810 5102 Alexandrino
835 5049 953 5101 Vat.
986 5049 1178 5111 legitur
1216 5068 1227 5102 :
1270 5069 1285 5098 ι
1326 5048 1579 5113 Quidam,
1605 5053 1804 5105 Stulta-

249 5136 354 5172 nus
390 5118 626 5181 nomine,
656 5120 749 5187 qui
774 5120 1166 5188 apostolorum,
1198 5138 1215 5169 ι
1243 5131 1347 5173 etc.
1389 5119 1479 5174 Sic
1504 5122 1643 5174 infra
1676 5140 1813 5175 sctu-

246 5206 344 5257 pcr
377 5207 395 5237 ‹
428 5189 734 5241 Stutianum
774 5208 791 5238 ι
836 5198 1007 5242 vocat.

322 5258 435 5325 (88)
474 5258 606 5312 Cod.
660 5257 1066 5329 Regius-Alex.
1118 5256 1262 5323 V'at.,
1318 5279 1335 5310 ‹
1377 5260 1512 5315 falsa
1543 5276 1638 5330 pro
1666 5265 1810 5316 veris

243 5330 607 5383 contixerunt.
646 5349 665 5379 ι

318 5400 431 5467 (89)
472 5399 650 5452 Codex
679 5399 1010 5465 Casinensis,
1049 5419 1067 5450 ι
1100 5400 1415 5456 introduxit.
1456 5423 1474 5453 ι

319 5469 433 5591 ('90)
475 5471 533 5549 In
578 5470 764 5523 eodem
796 5471 998 5533 codice,
1055 5488 1072 5520 ι
1109 5486 1230 5539 qua:
1258 5488 1381 5526 cum
1415 5483 1741 5543 sequuntur.
1786 5494 1801 5524 ι

319 5554 383 5591 ta
430 5549 590 5591 eetto.

242 5537 383 5591 Mala
415 5537 590 5593 lectio.

317 5612 431 5676 (91)
472 5608 570 5663 Hic
600 5610 856 5663 nonnulla
884 5612 1073 5667 deesse
1105 5613 1280 5682 palam
1307 5625 1407 5667 est.
1459 5612 1655 5679 Forte,
1701 5632 1718 5661 ι
1756 5614 1810 5667 in

241 5694 350 5753 qua
388 5695 510 5731 cum
543 5682 633 5753 diu
673 5681 959 5753 habitaret,
992 5681 1314 5750 depravatus
1343 5694 1451 5746 est,
1488 5701 1610 5736 cum
1644 5682 1810 5753 Egy-

238 5752 482 5817 ptiorum
510 5750 830 5820 sapientiam
853 5750 1145 5807 didicisset.
1184 5753 1413 5809 r—Cod.
1445 5754 1599 5823 Iit-3.,
1632 5750 1807 5818 Att-sl,

1918 4579 2028 4617 rem
2061 4556 2381 4633 agnoscunt.
2402 4556 2487 4633 7—7—-
2519 4556 2658 4633 Cod.
2686 4558 2840 4633 Ileg.,
2875 4558 3050 4620 Alex..
3081 4556 3220 4633 Vat.,_
3255 4574 3272 4606 ι
3303 4572 3490 4625 quem-

1915 4628 2217 4699 daquui
2261 4632 2498 4697 scripsit.
2541 4648 2559 4680 ι
2626 4628 2795 4682 Paulo
2839 4635 2993 4697 post,
3054 4646 3070 4675 ι
3106 4629 3320 4679 tertium
3355 4642 3486 4679 vero

1915 4702 2288 4772 Evangelium.
2331 4719 2346 4751 ι

1989 4763 2099 4841 (95)
2138 4771 2320 4841 Codex
2367 4768 2495 4836 Reg.
2541 4768 2691 4820 Alex.
2728 4764 2849 4820 Vat.
2875 4808 2889 4830 ,
2944 4784 2962 4815 ι
2998 4766 3219 4841 nomine
3250 4763 3487 4841 Terybef

1916 4836 2088 4898 netis.’
2140 4840 2275 4894 Cum
2323 4856 2451 4907 ergo
2497 4840 2831 4906 aliquantum
2884 4836 3145 4904 temporis
3178 4850 3360 4889 secum
3397 4838 3484 4889 isti

1916 4914 2076 4966 ambo
2104 4910 2501 4972 decrevissent,
2555 4908 2656 4961 soli
2686 4908 2888 4974 placuit
2914 4907 3165 4959 Stutiano
3193 4922 3485 4959 excurrere

1915 4984 1969 5036 iu
2018 4980 2281 5037 .Iudmab.
2335 4998 2353 5029 ι
2409 4978 2499 5033 Sic
2548 4977 2688 5031 infra
2732 4978 2931 5046 ubique
2983 4986 3139 5029 vocat
3190 4995 3208 5026 ι
3243 4974 3483 5047 Tcrybe-

1914 5069 2072 5106 neum
2082 5090 2095 5103 .
2136 5070 2154 5101 ι

1986 5122 2096 5190 (94)
2138 5120 2279 5172 Idem
2309 5119 2471 5172 codex
2501 5159 2516 5179 ,
2556 5136 2573 5169 ι
2605 5118 2694 5170 ille
2728 5133 2853 5171 vero
2884 5116 3182 5190 discipulus
3227 5115 3483 5169 omnibus

1914 5186 2404 5262 quincunqneejus
2433 5190 2667 5253 fuerant,
2691 5190 3053 5262 congregatis,
3076 5190 3127 5240 in
3157 5186 3483 5262 fugam‘ver-

1914 5256 2010 5316 sus
2046 5270 2146 5315 est.
2168 5256 2201 5311 ⁷»
2260 5258 2414 5324 Mox,
2455 5278 2473 5310 ε
2524 5256 2819 5327 provincia
2846 5259 3118 5310 habitatur
3144 5272 3173 5308 a
3208 5256 3421 5319 Persis,
3453 5274 3474 5306 ι

1915 5348 2011 5397 pro
2042 5350 2059 5381 ι
2095 5331 2340 5383 habetur.
2380 5348 2398 5381 ›
2442 5330 2506 5382 Et
2535 5330 2691 5397 paulo
2720 5339 2859 5398 post,
2898 5346 2916 5378 ι
2949 5328 3129 5383 vocari
3169 5345 3187 5377 ι
3219 5327 3333 5397 jam
3368 5342 3481 5381 nou

1914 5402 2307 5473 Terybeneum,
2335 5402 2426 5454 sed
2454 5401 2714 5452 Iluddam.
2750 5421 2768 5451 ο

1986 5464 2097 5538 (95)
2136 5470 2273 5524 Nota
2295 5486 2579 5540 quousque
2600 5472 3018 5524 extenderentur
3046 5466 3258 5536 imperii
3273 5464 3484 5540 Itoma-

1915 5544 1967 5595 ni
1998 5537 2197 5595 limites
2227 5556 2293 5595 eo
2315 5537 2599 5611 tempore,
2648 5556 2759 5608 quo
2786 5542 3083 5594 Archelaus
3115 5553 3237 5592 cum
3269 5537 3481 5590 Manete

1913 5612 2230 5680 disputavit.

1985 5676 2095 5752 ('96)
2133 5681 2263 5736 Mite
2292 5685 2383 5740 hic
2409 5698 2529 5740 sese
2555 5680 2755 5738 exserit
2775 5680 2980 5734 librarii
3009 5679 3101 5747 qui
3129 5676 3479 5752 Casinensem

1916 5744 2155 5808 codicem
2190 5754 2464 5818 exaravit,
2494 5752 2806 5819 oscitantia;
2849 5744 3066 5820 scripsit
3104 5751 3245 5804 enim
3268 5789 3283 5812 ,
3334 5766 3351 5797 ι
3387 5744 3481 5800 sed
