3922 6496
423 342 560 400 ἱεῖθ

1424 343 1605 400 ACTA
1652 333 2178 396 DISPUTATIONIS
2218 335 2274 389 S.
2318 329 2661 387 ARCHELAI

3548 328 3696 381 13ἐῦ

422 459 663 528 nomine,
717 460 930 531 sibique
976 458 1078 513 hoc
1120 470 1318 511 nomen
1357 454 1703 524 impositum;
1752 468 1818 505 ex
1866 466 1994 520 qua-

2106 429 2605 506 nisterium‘voluit,
2638 451 2691 496 et
2725 439 3058 509 comparavit
3090 439 3194 494 sibi
3222 454 3450 509 puerum
3475 439 3562 508 (4)
3593 456 3697 493 an-

423 553 549 607 dam
588 562 768 608 autem
818 551 1028 622 virgine
1056 558 1243 604 natum
1298 563 1440 611 esse,
1495 546 1658 601 simul
1701 555 1752 599 et
1798 544 1868 598 ab
1898 560 1993 596 an-

427 645 545 711 gelo
577 643 690 713 (97)
725 643 779 696 in
810 641 1088 696 montibus
1115 639 1431 695 enutritum.
1478 635 1681 690 Parcus
1715 650 1844 689 vero
1869 633 1996 702 quin

428 734 552 788 dam
593 733 855 803 propheta
905 732 1039 803 (98),
1087 731 1446 787 etLabdacus
1474 727 1683 781 Mithrze
1714 726 1876 787 filius,
1910 742 1995 779 ar-

427 823 625 891 guebat
657 838 782 877 eum
813 824 1104 887 mendacii,
1138 832 1191 877 et
1218 830 1337 878 erat
1361 822 1440 877 eis
1471 820 1712 890 quotidie
1751 819 1993 873 animosa

423 915 768 985 exaggeratio
795 915 862 970 de
891 914 1210 985 hujusmodi
1240 914 1473 985 negotio.
1510 912 1615 968 Sed
1642 911 1772 982 quid
1798 912 1951 981 plura
1975 910 1997 961 ?

429 1006 575 1061 Licet
604 1006 943 1078 frequentius
979 1007 1380 1077 objurgaretur,
1404 1015 1583 1059 tamen
1609 1002 1893 1057 nuntiabat
1914 1001 1995 1056 eis

427 1113 550 1166 quae
572 1106 696 1152 ante
726 1099 985 1153 saeculum
1010 1107 1211 1159 essent,
1247 1105 1297 1150 et
1335 1098 1401 1149 de
1435 1095 1664 1165 sphmra,
1709 1105 1763 1147 et
1783 1091 1995 1145 duobus

430 1189 825 1256 luminaribus;
883 1191 975 1245 sed
1027 1199 1079 1244 et
1106 1205 1245 1260 quo,
1282 1198 1334 1241 et
1361 1187 1635 1257 quomodo
1665 1184 1858 1238 anima:
1885 1182 1997 1236 dis-

428 1282 621 1336 cedant
650 1283 761 1353 (99)
790 1323 804 1346 ,
849 1291 902 1337 et
931 1282 1165 1352 qualiter
1196 1284 1389 1336 iterum
1425 1287 1765 1334 revertantur
1792 1276 1845 1330 in
1879 1290 1997 1330 cor-

430 1388 583 1441 pora,
620 1384 673 1428 et
702 1375 807 1429 alia
834 1375 1005 1429 multa
1035 1373 1432 1443 hujuscemodi,
1464 1380 1517 1426 et
1542 1371 1739 1424 horum
1772 1368 1997 1438 nequio-

426 1478 484 1515 ra
506 1504 522 1528 ,
556 1463 605 1517 id
636 1473 719 1518 est
751 1464 951 1519 bellum
1003 1463 1115 1519 Deo
1168 1473 1497 1518 commotum
1545 1475 1665 1516 esse
1706 1461 1759 1514 in
1794 1460 1996 1529 princi-

426 1553 551 1622 piis,
590 1562 649 1608 ut
673 1555 789 1624 ipse
814 1555 1072 1624 propheta
1102 1556 1434 1608 crederetur.
1498 1552 1603 1606 Pro
1639 1552 1837 1621 quibus
1864 1552 1994 1607 dum

427 1656 767 1716 argueretur.
803 1646 869 1700 ad
901 1645 1120 1699 viduam
1154 1646 1445 1715 quamdam
1477 1645 1704 1699 secessit
1733 1660 1853 1699 cum
1880 1646 1995 1700 suis

426 1749 662 1805 quatuor
711 1737 909 1801 libris,
946 1738 1096 1792 nullo
1130 1737 1330 1791 ibidem
1382 1737 1651 1807 discipulo
1704 1737 1994 1807 acquisito,

2100 553 2295 592 norum
2325 537 2496 591 ferme
2519 546 2747 606 septem,
2784 532 3097 587 Corbicium
3127 531 3204 601 (5)
3230 532 3481 593 nomine,
3513 547 3694 601 quem

2098 630 2280 685 statim
2313 628 2634 683 manumisit
2664 642 2728 681 ac
2758 625 2954 680 litteris
2986 623 3239 678 erudivit.
3294 622 3513 691 Quique
3556 638 3695 677 cum

2097 724 2381 778 duodecim
2433 736 2700 776 annorum
2751 728 2897 775 esset
2936 717 3195 783 etl‘cctus,
3243 732 3381 770 anus
3409 717 3496 769 illa
3535 715 3695 768 diem

2098 814 2254 879 obiit,
2274 814 2489 883 ipsique
2521 812 2597 881 (6)
2627 812 2881 866 universa
2907 809 3048 863 bona
3073 824 3171 862 sua
3196 807 3443 872 tradidit,
3472 817 3527 860 et
3559 820 3695 859 cum

2097 904 2308 958 cameris
2355 904 2583 972 reliquis
2630 902 2735 971 (7),
2793 900 2958 954 etiam
3007 906 3244 967 quatuor
3293 896 3419 949 illos
3467 896 3697 948 libellos

2099 1010 2238 1064 quos
2260 993 2590 1065 Scythianus
2614 994 2928 1063 scripserat,
2956 1007 3060 1044 non
3088 989 3383 1043 multorum
3415 1002 3693 1041 versuum

2099 1087 2361 1155 singulos.
2401 1084 2553 1140 Tunc
2579 1101 2709 1154 ergo
2736 1083 3039 1145 Corbicius,
3067 1080 3274 1148 sepulta
3306 1080 3561 1139 domina,
3592 1078 3697 1129 bo-

2102 1178 2185 1230 nis
2236 1176 2338 1229 sibi
2386 1176 2661 1230 derelictis
2692 1174 2948 1228 omnibus
2974 1172 3053 1225 uti
3088 1170 3286 1239 coepit,
3333 1177 3387 1221 et
3418 1168 3694 1238 migravit

2098 1268 2164 1322 ad
2214 1269 2451 1322 medium
2501 1268 2738 1322 civitatis
2784 1266 2964 1319 locum
3017 1264 3071 1316 in
3118 1277 3228 1332 quo
3275 1261 3535 1314 manebat
3588 1275 3692 1312 rex

2096 1358 2421 1425 Persarum;
2459 1366 2512 1412 et
2537 1365 2876 1412 commutato
2922 1356 3026 1410 sibi
3061 1353 3298 1416 nomine,
3334 1354 3551 1406 Mancm
3594 1367 3693 1404 se-

2097 1450 2385 1520 metipsum
2425 1464 2521 1519 pro
2544 1449 2797 1504 Corbicio
2823 1447 3146 1517 appellavit;
3180 1460 3279 1499 nec
3306 1443 3551 1508 Manem,
3588 1447 3691 1499 sed

2097 1540 2315 1606 Manes;
2346 1540 2633 1595 Persarum
2668 1542 2814 1595 enim
2869 1541 3049 1609 lingua
3097 1537 3189 1591 tali
3227 1538 3397 1590 utitur
3430 1536 3693 1589 declina-

2098 1635 2266 1690 tione.
2317 1632 2553 1688 Ell‘ectus
2600 1633 2765 1700 igitur
2812 1648 2944 1702 puer
2970 1632 3057 1685 ille
3086 1644 3351 1684 annorum
3382 1643 3559 1698 prope
3593 1643 3687 1681 se-

2100 1727 2318 1796 xaginta
2347 1726 2423 1794 (8)
2448 1766 2462 1789 ,
2513 1726 2758 1780 eruditus
2785 1724 3083 1779 secundum
3123 1722 3428 1777 doctrinam
3464 1737 3595 1789 quae
3630 1721 3689 1773 in

413 1839 619 1900 ‘prazter
652 1843 819 1883 anum
866 1829 1038 1883 solam
1085 1843 1206 1897 quae
1246 1829 1366 1898 ejus
1411 1830 1679 1898 particeps
1720 1828 1861 1883 facta
1889 1837 1991 1884 εει,
2027 1807 2068 1860 Β
2099 1819 2233 1873 locis
2272 1818 2379 1872 illis
2414 1827 2497 1872 est
2520 1860 2534 1883 ,
2587 1826 2641 1871 et
2668 1832 2818 1886 paene
2850 1816 3079 1869 dixerim
3134 1830 3295 1884 super
3321 1828 3551 1868 omnem
3581 1812 3692 1865 bo-

427 1919 582 1975 Tunc
643 1919 719 1990 (l)
764 1920 958 1975 deinde
1006 1935 1164 1975 mane
1221 1921 1398 1990 primo
1445 1921 1688 1975 ascendit
1734 1921 1994 1975 solarium

425 2012 696 2081 quoddam
732 2012 1033 2074 excelsum,
1070 2012 1159 2067 ubi
1188 2014 1411 2068 nomina
1440 2015 1687 2084 quaedam
1715 2016 1879 2084 etrapit
1913 2016 1995 2068 in-

426 2118 655 2171 vocare,
705 2120 827 2172 qua:
866 2104 1024 2159 nobis
1050 2102 1234 2159 Turbo
1269 2105 1437 2171 dixit,
1474 2107 1621 2161 solos
1648 2115 1852 2176 septem
1887 2106 1996 2161 ele-

425 2202 543 2249 ctos
590 2194 865 2249 didicisse.
926 2194 1063 2249 Cum
1106 2210 1237 2265 ergo
1285 2196 1623 2252 ascendisset
1651 2198 1787 2252 ritus
1813 2198 1995 2253 nescio

422 2283 621 2352 cujus,
656 2284 740 2338 vel
786 2284 999 2340 artificii
1035 2287 1241 2357 gratia;
1297 2288 1448 2344 solus
1501 2297 1683 2343 autem
1729 2289 1992 2352 ascendit,

424 2388 492 2426 ne
520 2372 644 2427 inde
672 2373 741 2427 ab
775 2374 958 2444 aliquo
992 2377 1241 2431 convinci
1272 2387 1457 2448 posset
1483 2377 1560 2448 (2)
1581 2419 1595 2444 ,
1632 2378 1777 2449 quod
1810 2379 1854 2433 si
1884 2380 1995 2434 dis-

422 2465 737 2522 simulasset
773 2467 857 2522 vel
906 2482 1006 2537 pro
1047 2469 1221 2523 nibilo
1267 2470 1534 2536 duxisset,
1566 2471 1839 2541 cogitabat
1881 2487 1940 2527 se
1964 2488 1993 2527 a

426 2557 568 2611 veris
594 2557 934 2627 principibus
964 2560 1141 2627 pomis
1171 2575 1293 2615 esse
1322 2561 1621 2617 subditum.
1662 2561 1785 2618 Haec
1812 2578 1877 2618 eo
1903 2578 1994 2619 co-

422 2650 624 2717 gitante
654 2648 730 2719 (3)
754 2690 770 2715 ,
820 2650 1163 2719 justissimus
1209 2651 1350 2707 Deus
1382 2652 1485 2707 sub
1529 2662 1704 2709 terras
1740 2670 1865 2710 eum
1896 2654 1984 2710 de-

425 2739 569 2793 trudi
618 2755 714 2809 per
764 2739 1014 2811 spiritum
1061 2740 1261 2811 jubet:
1297 2752 1350 2799 et
1378 2745 1638 2799 continuo
1670 2746 1737 2800 de
1780 2761 1995 2801 summo

424 2832 706 2900 deiectus,
758 2834 1011 2889 exanime
1048 2851 1248 2906 corpus
1301 2836 1555 2891 deorsum
1602 2838 1994 2908 praecipitatum

423 2933 527 2988 est,
562 2926 709 2994 quod
743 2941 880 2981 anus
910 2926 1000 2981 illa
1032 2930 1253 2983 miserta
1286 2970 1301 2994 ,
1336 2930 1620 2985 collectum
1655 2930 1788 2987 locis
1821 2933 1995 2988 solitis

427 3017 656 3087 sepeliit.

2100 1910 2339 1976 minem;
2382 1910 2695 1979 diligentius
2726 1919 2903 1963 tamen
2938 1908 3052 1962 haec
3080 1906 3291 1968 didicit,
3322 1921 3449 1975 qua:
3482 1906 3539 1958 in
3572 1906 3690 1958 illis

2103 2012 2339 2072 quatuor
2366 2001 2560 2055 libellis
2578 2001 3026 2055 continebantur:
3057 1997 3344 2067 acquisivit
3368 1996 3540 2050 etiam
3564 1996 3691 2051 dis—

2098 2092 2308 2161 cipulos
2362 2100 2470 2145 tres
2502 2090 2577 2161 (9)
2600 2135 2613 2155 ,
2650 2106 2883 2160 quorum
2916 2090 3136 2144 nomina
3182 2099 3307 2143 sunt
3336 2090 3454 2142 hac
3488 2106 3505 2141 :
3531 2086 3691 2140 Tho-

2099 2199 2250 2248 mas,
2286 2183 2467 2237 Addas
2497 2191 2552 2236 et
2584 2181 2833 2236 llernias.
2889 2180 3044 2235 Tune
3083 2181 3313 2235 assumit
3360 2180 3488 2234 illos
3525 2180 3692 2233 libel-

2098 2275 2199 2338 los,
2233 2284 2287 2329 et
2316 2273 2576 2329 transfert
2603 2289 2717 2337 eos,
2751 2274 2822 2327 ita
2850 2282 2909 2327 ut
2937 2273 3109 2326 multa
3135 2272 3245 2341 (10)
3285 2272 3391 2325 alia
3419 2288 3451 2326 a
3486 2283 3692 2326 semet-

2099 2373 2219 2441 ipso
2247 2372 2509 2426 insereret
2531 2372 2632 2436 eis,
2666 2387 2787 2440 quae
2809 2370 3043 2425 anilibus
3066 2368 3262 2423 fabulis
3291 2369 3499 2423 similia
3527 2378 3688 2423 sunt.

2099 2464 2341 2520 Habebat
2372 2480 2501 2536 ergo
2530 2476 2641 2520 tres
2687 2465 2823 2519 istos
2866 2464 3161 2533 discipulos
3210 2464 3463 2517 conscios
3500 2464 3689 2517 malo-

2098 2573 2217 2611 rum
2250 2571 2508 2620 suorum;
2549 2570 2747 2609 nomen
2780 2570 2908 2609 vero
2937 2554 3133 2608 libellis
3166 2555 3447 2623 proprium
3498 2555 3687 2607 ascri-

2099 2649 2195 2710 bit,
2230 2647 2429 2716 prioris
2457 2647 2680 2700 nomine
2705 2645 2903 2709 deleto,
2938 2654 3193 2714 tanquam
3224 2644 3268 2697 si
3293 2660 3389 2699 eos
3423 2646 3584 2699 solus
3614 2661 3689 2699 ex

2098 2740 2390 2809 semetipso
2413 2738 2824 2809 conscripserit.
2886 2735 3039 2791 Tunc
3067 2737 3243 2791 visum
3268 2748 3351 2792 est
3377 2737 3428 2791 ei
3461 2738 3687 2791 mittere

2096 2832 2391 2900 discipulos
2440 2846 2570 2886 suos
2610 2845 2733 2884 cum
2787 2828 2872 2883 his
2900 2845 3021 2898 qua:
3052 2830 3455 2899 conscripserat
3505 2829 3563 2882 in
3612 2830 3685 2881 li-

2096 2923 2274 2989 bellis,
2306 2924 2372 2977 ad
2403 2922 2685 2992 superiora
2724 2921 2869 2975 illius
2894 2920 3187 2989 provinciae
3212 2921 3352 2983 loca,
3383 2929 3443 2973 et
3474 2936 3570 2989 per
3600 2924 3690 2974 di-

2096 3031 2282 3070 versas
2310 3014 2557 3069 civitates
2584 3023 2637 3067 ct
2669 3014 2820 3068 vicos
2844 3055 2859 3078 ,
2907 3022 2968 3067 ut
2996 3013 3215 3067 haberet
3246 3014 3468 3082 aliquos
3502 3029 3566 3067 se
3594 3029 3681 3067 se-

499 3110 627 3166 Llll.
669 3110 824 3167 Tunc
873 3112 1055 3166 omnia
1105 3113 1194 3167 illa
1244 3129 1364 3183 qua:
1417 3130 1601 3169 secum
1647 3114 1713 3170 de
1757 3114 1992 3188 [Egypto
2022 3146 2067 3205 ρ
2094 3118 2360 3178 quentes;
2415 3114 2469 3161 ει
2515 3106 2754 3160 ThOmaS
2781 3106 3221 3205 qUﬂideIftpa‘rfe‘s
3251 3103 3472 3205 [Εεξριί
3507 3106 3684 3159 Voluit

428 3204 755 3271 pertulerat,
787 3214 1105 3260 manserunt
1129 3208 1270 3274 apud
1299 3222 1456 3273 eam;
1492 3218 1545 3260 et
1570 3208 1751 3278 gavisa
1783 3219 1865 3263 est
1887 3210 1995 3263 val-

426 3295 493 3347 de
522 3294 589 3349 de
616 3301 787 3348 morte
829 3292 971 3360 ejus,
1009 3293 1211 3363 duplici
1242 3310 1405 3349 causa
1434 3314 1445 3347 :
1476 3294 1676 3364 primo,
1706 3296 1851 3364 quod
1883 3311 1991 3349 non

419 3386 657 3441 libenter
682 3385 947 3455 aspiceret
975 3395 1117 3441 artes
1144 3387 1317 3452 illius;
1342 3387 1601 3451 secundo,
1627 3401 1729 3457 pro
1758 3388 1843 3443 his
1873 3404 1994 3457 quae

427 3480 493 3532 de
523 3479 833 3533 haereditate
863 3477 1038 3532 fuerat
1067 3488 1392 3544 consecuta;
1429 3489 1548 3533 erat
1586 3481 1730 3534 enim
1760 3481 1991 3535 multum

431 3571 608 3640 pretii.
647 3569 778 3636 Quae
805 3586 927 3626 cum
958 3570 1072 3625 sola
1100 3580 1263 3637 esset,
1299 3571 1499 3625 habere
1529 3572 1762 3641 aiiquem
1797 3573 1864 3628 ad
1892 3577 1994 3627 mi-

426 3750 570 3803 aliud
620 3749 904 3818 cujusdam
942 3751 1191 3815 nomine;
1237 3769 1255 3801 ι
1312 3750 1592 3820 legendum
1616 3759 1811 3820 autem
1849 3766 1991 3815 esse,

434 3840 450 3870 ι
492 3821 779 3891 sodalium
810 3820 1045 3875 Buddam
1072 3820 1309 3885 nomine,
1345 3819 1580 3889 i’Cyrilli
1611 3819 1995 3891 Hierosolymi-

418 3891 560 3952 ‘tani,
594 3889 876 3961 Epiphanii
914 3902 967 3946 ct
1000 3891 1228 3945 aliorum
1260 3890 1602 3945 narrationes
1637 3891 1812 3959 palam
1843 3889 1995 3946 evin-

427 3970 576 4015 cunt.

498 4030 613 4099 (97)
652 4030 785 4086 Cod.
819 4028 975 4101 Reg.,
1007 4030 1185 4094 Alex.,
1223 4029 1365 4093 Vat.,
1399 4050 1417 4081 t
1454 4047 1512 4085 se
1535 4030 1991 4101 essesimulabat,

426 4110 479 4154 et
503 4102 810 4172 abgangelo.
870 4121 888 4151 ι
931 4102 1052 4156 Mox
1085 4118 1233 4166 vero,
1281 4122 1299 4152 ε
1346 4101 1634 4155 Labdacus
1663 4100 1819 4154 Metri
1851 4101 1994 4172 ﬁlius

429 4182 544 4241 (pro
577 4170 902 4241 Mithraa)....
932 4172 1172 4238 quotidie
1202 4174 1335 4227 satis
1379 4172 1625 4226 animosa
1670 4171 1898 4225 certatio
1928 4174 1994 4226 de

431 4240 746 4311 hujusmodi
778 4243 1014 4311 negotio.
1057 4260 1075 4292 ι

500 4310 612 4381 (98)
655 4310 729 4381 De
757 4312 841 4364 his
860 4310 1157 4365 Persarum
1187 4310 1583 4376 sacerdotibus,
1610 4310 1730 4381 vide
1762 4310 1992 4379 Epipha-

426 4380 579 4501 illiilli“
612 4380 667 4461 in
700 4380 800 4433 hac
824 4382 1011 4435 haeresi
1040 4397 1186 4435 nunt.
1215 4382 1267 4443 5,
1297 4391 1348 4434 et
1375 4397 1474 4436 nos
1500 4383 1551 4434 in
1578 4380 1991 4435 Manichworum

487 4460 696 4501 istorta.

487 4450 696 4503 istoria.

499 4483 783 4587 (’99.)..Cod.
818 4518 948 4588 Reg.
982 4519 1130 4575 Alex.
1173 4518 1316 4579 Vat..
1363 4537 1381 4570 ι
1420 4530 1472 4574 et
1504 4519 1569 4573 de
1594 4519 1807 4573 duobus
1841 4520 1995 4575 lumi-
2025 4483 2069 4538 Β

422 4590 597 4645 'nariis
646 4592 923 4659 mysteria.
991 4588 1094 4643 Sed
1124 4599 1177 4644 et
1204 4589 1477 4659 quomodo
1531 4589 1995 4651 animaediscede-

429 4662 579 4716 bant.
619 4679 638 4713 ι
674 4661 739 4713 Ει
766 4677 912 4725 mox,
950 4679 968 4710 ‹
1002 4661 1427 4715 revertebantur.
1466 4679 1483 4710 ι

498 4731 575 4799 (1)
615 4729 673 4784 In
699 4732 883 4785 codice
918 4731 1201 4786 Casinensi
1234 4730 1521 4791 scribitur,
1563 4748 1581 4780 ‹
1621 4727 1805 4795 Nunc;
1846 4749 1864 4783 ι
1899 4732 1991 4786 sed

433 4819 449 4849 ε
483 4810 661 4871 ωηο)
699 4801 980 4871 legendum
1009 4817 1128 4855 esse
1162 4815 1264 4854 non
1294 4800 1529 4871 ambigo.

498 4870 580 4941 (2)
613 4868 795 4924 Codex
830 4871 1143 4941 Casiniensis
1168 4872 1349 4933 habet,
1403 4890 1421 4919 ι
1447 4868 1512 4924 ut
1541 4870 1665 4926 inde
1693 4872 1760 4925 ab
1810 4873 1993 4941 aliquo

427 4939 677 4994 eouviuci
723 4943 912 5010 possit.
953 4961 969 4992 ι
1024 4940 1346 4995 Contrarius
1392 4949 1572 4994 tamen
1607 4957 1801 4997 sensus
1830 4939 1992 5010 quem

424 5010 1010 5077 expressimus,rerior
1030 5020 1142 5076 est;
1177 5027 1299 5064 nam
1328 5010 1381 5064 id
1406 5011 1510 5067 sibi
1537 5012 1651 5065 vult
1671 5010 1991 5076 Archelaus,

428 5078 696 5152 Blanetem
726 5083 941 5152 solum,
990 5081 1273 5152 cujusdam
1320 5082 1577 5152 praestigii
1608 5098 1803 5152 causa,
1851 5084 1993 5136 sola-

429 5150 567 5201 rium
601 5151 931 5215 ascendisse,
965 5168 1030 5205 ne
1062 5167 1089 5205 a
1117 5149 1287 5205 Pareo
1312 5160 1366 5205 et
1392 5149 1642 5205 Labdaco
1671 5151 1880 5207 Mithrae
1907 5170 1994 5207 sa-

426 5220 738 5292 cerdotibus
789 5221 839 5274 id
884 5221 1061 5291 egisse
1099 5221 1505 5291 deprehensus,
1554 5223 1761 5292 tleliitas
1802 5238 1992 5292 poenas

428 5286 720 5361 gersarum
770 5294 881 5359 regi
921 5286 1278 5360 persolveret.
1312 5320 1380 5330 —
1409 5292 1542 5346 Cod.
1595 5290 1726 5361 Reg.
1754 5333 1768 5357 ,
1806 5286 1987 5359 'Alex.,

427 5355 577 5426 Vat.,
622 5380 639 5410 ι
674 5355 946 5431 ascendit;
972 5371 1029 5414 ttt
1060 5362 1216 5431 ueab
1241 5362 1443 5431 aliquo.
1479 5382 1497 5413 ι

500 5432 575 5499 (5)
615 5429 747 5485 Cod.
778 5430 910 5500 Reg.
944 5432 1095 5485 Alex.
1133 5429 1254 5485 Vat.
1278 5473 1290 5494 ,
1337 5429 1359 5483 t
1396 5433 1572 5500 pinnis
1606 5447 1727 5487 esse
1758 5434 1995 5487 subden-

427 5500 576 5555 dum.
643 5502 766 5574 llaec
792 5502 880 5555 illo
909 5504 1202 5574 cogitante.
1240 5522 1257 5553 ι
1288 5503 1459 5574 Paulo
1478 5516 1634 5574 post,
1671 5522 1690 5555 ι
1728 5504 1794 5558 de.
1830 5503 1993 5574 Egy-

426 5579 519 5693 rto
541 5570 894 5639 protulerant.
929 5592 946 5625 ι
982 5570 1046 5627 Ει
1071 5588 1215 5639 mox,
1241 5593 1258 5624 ε
1292 5572 1490 5641 duplici
1519 5588 1585 5626 ex
1613 5588 1847 5629 causa...
1871 5570 1993 5643 qua:

446 5641 739 5693 uereJitate
766 5644 941 5693 fuerat
960 5652 1253 5693 consecuta
1284 5663 1297 5693 :
1332 5651 1449 5693 erat
1470 5644 1613 5693 enim
1640 5647 1869 5693 multum
1901 5661 1991 5693 ne-

446 5641 744 5716 uereJitate
766 5644 941 5716 luerat
960 5652 1253 5698 consecuta
1284 5663 1297 5697 :
1332 5651 1449 5698 erat
1470 5644 1613 5697 enim
1640 5647 1869 5700 multum
1890 5641 1991 5716 “pe-

425 5714 599 5763 cunia:
626 5711 802 5766 avida.
838 5711 969 5778 Quae
997 5730 1141 5776 cum,
1182 5734 1199 5765 ι
1232 5724 1333 5768 etc.

500 5778 575 5850 (4)
616 5780 757 5836 Idem
795 5785 997 5851 codex,
1036 5804 1053 5836 ι
1104 5785 1410 5854 puerulum.
1458 5802 1476 5838 υ
1536 5784 1691 5855 Mox,
1747 5805 1764 5838 t
1803 5802 1991 5855 quem-

2097 3213 2399 3267 occupare,
2441 3197 2622 3251 Addas
2673 3211 2802 3251 vero
2834 3194 3068 3266 Scythiae
3096 3195 3243 3265 (ll),
3296 3196 3454 3250 solus
3494 3208 3681 3251 autem

2097 3289 2323 3343 Hermas
2345 3288 2585 3344 residere
2611 3304 2734 3343 cum
2764 3303 2829 3342 eo
2851 3288 3033 3358 elegit.
3059 3287 3193 3341 Cum
3216 3303 3347 3357 ergo
3379 3288 3460 3340 illi
3488 3300 3682 3343 essent

2094 3379 2341 3452 prolocti,
2391 3380 2536 3451 regis
2577 3380 2722 3434 ﬁlius
2768 3379 3087 3449 aegritudine
3129 3380 3364 3449 quadam
3416 3391 3680 3451 arreptus

2095 3483 2208 3539 est;
2238 3488 2399 3543 quem
2422 3488 2518 3527 rex
2544 3472 2724 3528 curari
2751 3471 3089 3538 desiderans,
3118 3473 3353 3527 edictum
3380 3476 3682 3544 proposuit

2062 3637 2065 3640 ⁴
2096 3567 2150 3620 in
2181 3566 2291 3619 vita
2333 3564 2481 3637 (12),
2536 3565 2582 3620 si
2626 3564 2750 3635 quis
2792 3580 2916 3619 eum
2948 3579 3143 3619 curare
3180 3565 3387 3634 possit,
3425 3567 3682 3636 accipere

2096 3760 2201 3816 que
2232 3744 2436 3816 statim.
2474 3763 2502 3816 »γ
2527 3742 2594 3797 Ει
2626 3743 2786 3811 paulo
2808 3753 2953 3816 post.
2990 3760 3008 3793 ι
3050 3741 3325 3816 Quicum.
3358 3758 3375 3792 ι

2167 3816 2242 3884 (5)
2289 3833 2306 3865 ι
2344 3810 2657 3877 Cubricuni,
2700 3833 2717 3863 ι
2756 3810 3079 3884 Κὸύϐρςκον,
3114 3813 3285 3884 hunc,
3320 3826 3494 3884 non“:
3532 3810 3678 3867 Cor.

2097 3882 2319 3946 bieium,
2356 3905 2373 3936 ι
2414 3893 2609 3954 vocant
2637 3884 2891 3954 Cyrillus,
2912 3882 3260 3953 Epiphanius
3292 3890 3344 3954 et
3372 3882 3491 3954 alii.

2169 3956 2246 4023 (6)
2283 3954 2466 4008 Codex
2499 3952 2630 4023 Reg.
2659 3951 2810 4008 Alex.
2844 3951 3005 4016 Vah,
3032 3951 3044 3953 ⁷
3071 3972 3089 4003 t
3126 3968 3261 4005 anus
3293 3951 3383 4004 die
3431 3952 3673 4023 illagqua

2096 4021 2247 4084 obiit.
2268 4026 2499 4094 ipsique,
2526 4042 2544 4073 ι
2567 4021 2670 4077 etc.
2708 4024 2852 4086 Mox,
2888 4042 2905 4074 ι
2931 4024 3140 4078 caeteris
3162 4023 3430 4094 reliquiis.
3472 4042 3502 4094 ζ
3526 4021 3676 4076 Pau-

2093 4091 2301 4165 cisque’
2332 4091 2662 4164 iuterjectis,
2720 4113 2739 4146 ‹
2789 4095 2843 4148 in
2887 4110 2993 4164 qua
3038 4092 3288 4147 manebat
3341 4109 3440 4147 rex
3474 4091 3675 4148 Persa-

2097 4183 2240 4220 I‘Ulll.
2294 4183 2312 4215 ι

2169 4238 2247 4306 (7)
2289 4234 2447 4288 Forte
2485 4260 2503 4285 ι
2530 4233 2794 4301 reliquiis.
2830 4253 2847 4286 ι

2168 4303 2244 4376 (8)
2287 4309 2362 4361 lta
2396 4314 2717 4376 constanter
2741 4306 2793 4357 in
2820 4306 3105 4361 (Iasinensi
3138 4303 3322 4361 codice
3366 4304 3673 4369 scribitur;

2095 4374 2286 4432 \‘CI'BOI‘
2321 4387 2497 4429 tamen
2530 4391 2597 4428 ne
2626 4374 2679 4426 ill
2709 4375 2810 4427 IIOC
2840 4394 3108 4431 annorum
3137 4389 3364 4430 numero
3404 4378 3673 4428 mendum

2099 4448 2187 4501 sit.
2218 4480 2287 4488 —
2308 4445 2491 4500 Codex
2522 4443 2651 4513 Reg.
2679 4444 2830 4499 Alex.
2864 4446 3010 4510 Vat.,
3060 4466 3089 4507 ,ο
3122 4446 3360 4514 Effectus
3387 4457 3473 4498 est
3505 4446 3675 4516 igitur

2099 4534 2233 4588 puer
2266 4518 2353 4571 ille
2382 4530 2647 4567 annorum
2675 4529 2838 4635 prope
2865 4518 3220 4598 septuaginta.
3255 4535 3273 4567 ι

2169 4589 2243 4635 (9)
2287 4588 2431 4635 Idem
2462 4586 2628 4635 codex
2659 4583 2680 4635 ι
2708 4600 2790 4635 ee.
2827 4588 2978 4635 Alex-
3003 4631 3016 4635 -
3078 4606 3096 4635 ι
3141 4603 3192 4635 ιιι
3247 4587 3273 4635 lt

2169 4589 2243 4659 (9)
2287 4588 2436 4659 Idem
2462 4586 2628 4639 codex
2659 4583 2790 4654 Reg.
2827 4583 2979 4643 Alex.
3003 4631 3017 4650 .
3061 4583 3096 4638 ⁷(
3141 4588 3192 4640 in
3247 4583 3392 4659 locis,
3424 4585 3669 4659 illisiest,

2098 4655 2233 4727 pene
2269 4657 2498 4713 dixerim
2547 4670 2710 4723 super
2742 4672 2955 4711 omnem
2998 4659 3271 4711 hominem
3300 4655 3623 4727 diligentius
3654 4675 3669 4710 :

2097 4739 2278 4783 tamen
2308 4727 2496 4781 didicit
2519 4740 2588 4797 ea
2611 4740 2731 4793 quae
2761 4727 2811 4779 in
2844 4738 3078 4797 quatuor
3117 4728 3223 4781 illis
3258 4726 3456 4780 libellis
3489 4728 3671 4782 couti—

2098 4800 2385 4869 nebantttr.
2423 4796 2917 4869 Acquisivitetiaht
2951 4799 3064 4869 ipse
3094 4797 3413 4869 discipulos.
3459 4816 3481 4848 ι

2169 4869 2278 4938 (10)
2320 4867 2377 4920 ln
2422 4868 2608 4938 eodem
2657 4866 2778 4938 cod.
2819 4867 2939 4922 Vat.
2959 4866 2985 4935 ,’
3032 4889 3049 4919 ‹
3090 4879 3147 4921 ut
3184 4866 3507 4921 transferret
3553 4884 3671 4931 eos,

2099 4935 2259 4992 itaut
2285 4938 2387 4992 alia
2418 4937 2607 4990 multa.
2635 4956 2652 4986 ι
2682 4935 2848 4991 Paulo
2878 4949 3020 5007 post,
3056 4959 3073 4990 ς
3102 4954 3168 4992 ex
3199 4939 3499 5007 semetipso
3530 4940 3669 4993 scri-

2096 5011 2287 5077 pserit,
2324 5028 2341 5059 ι
2379 5022 2476 5077 pro
2507 5025 2524 5056 ι
2560 5010 2963 5077 conscripserit.
3008 5030 3025 5061 ι

2167 5080 2275 5150 (ll)
2304 5080 2445 5151 Idem
2467 5077 2663 5151 codex,
2671 5096 2694 5151 μ
2720 5088 2898 5145 partes
2917 5079 3294 5151 Egyptiorum
3309 5077 3483 5132 voluit
3506 5092 3671 5133 occu-

2096 5148 2459 5229 parel'Abdas
2489 5162 2617 5229 vero
2652 5148 2844 5229 Syriae.
2880 5169 2898 5201 ι

2167 5221 2278 5288 (12)
2322 5218 2626 5288 chcndum
2681 5218 2946 5286 fortasse,
2987 5239 3004 5271 ε
3043 5219 3298 5275 inritans.
3339 5238 3358 5271 ι
3389 5250 3458 5258 -
3490 5220 3668 5288 Atque

2096 5291 2235 5344 hanc
2287 5290 2572 5343 lectionem
2619 5288 2906 5360 confirmat
2948 5290 3111 5344 codex
3154 5290 3283 5360 Reg.
3336 5294 3493 5345 Alex.
3549 5292 3663 5343 \‘at.

2095 5362 2216 5413 Mox
2251 5360 2302 5413 in
2330 5360 2518 5414 eodem
2546 5358 2692 5420 cod.,
2720 5377 2738 5408 ‹
2771 5376 2962 5414 curare
2993 5371 3194 5429 posset,
3213 5358 3519 5420 accederet.
3542 5379 3666 5429 pra:-

2096 5433 2203 5484 uiio
2238 5431 2410 5485 multo
2460 5430 2754 5498 proposito.
2820 5429 2971 5501 Tunc
3002 5433 3124 5496 iste,
3162 5433 3304 5487 sicut
3330 5431 3410 5485 illi
3441 5434 3539 5501 qui
3572 5448 3663 5484 cu.

2095 5502 2244 5566 bum,
2276 5500 2421 5569 quod
2452 5510 2764 5571 uotncucst
2806 5500 2954 5562 aleae,
2982 5502 3167 5557 ludere
3191 5503 3388 5565 solent,
3429 5500 3663 5571 praesen-

2094 5573 2225 5626 tiam
2260 5576 2343 5625 sui
2373 5570 2589 5624 exhibet
2642 5569 2845 5623 Manes.
2880 5590 2897 5621 ι
2963 5574 3065 5626 lsta
3094 5589 3219 5627 vera
3247 5582 3332 5626 est
3364 5569 3535 5641 hujus
3563 5574 3658 5624 loci

2096 5643 2274 5705 lectio,
2321 5656 2482 5710 quam
2532 5654 2630 5694 nos
2665 5641 3141 5710 subodoravimus,
3180 5653 3237 5699 ut
3268 5644 3325 5696 in
3357 5645 3563 5698 nostris
3596 5641 3659 5696 ad

2097 5714 2241 5769 hunc
2268 5714 2444 5767 locum
2484 5711 2624 5765 uotis
2656 5711 2822 5765 videri
2858 5722 3050 5781 potest.
