3922 6520
221 420 349 475 ίῧὲι

1305 426 1448 484 CUM
1489 428 1769 482 MANETE
1816 426 2351 483 HIERESIARCHA.

3312 429 3333 483 1
3347 430 3467 485 522'

227 541 536 607 praemium,
563 542 735 597 multo
763 544 1067 613 proposito.
1097 543 1233 600 Tum
1272 547 1393 612 iste,
1424 550 1564 603 sicut
1593 549 1666 603 illi
1694 550 1785 619 qui
1815 564 1861 618 Α
1892 550 2046 603 libris
2074 549 2186 619 (22)
2207 588 2222 612 ,
2272 550 2414 605 sicut
2458 549 2622 602 etiam
2649 549 2910 603 adversus
2943 564 3025 602 ine
3058 548 3341 618 disputans
3371 549 3449 603 fe-

218 630 439 698 cibum,
490 635 635 703 quod
675 651 875 690 nomen
918 646 1000 692 est
1046 640 1151 693 tale
1198 640 1415 695 eludere
1446 643 1556 711 (15)
1588 642 1782 706 solent,

222 725 565 789 praesentiam
611 741 765 780 suam
808 726 993 783 Manes
1033 730 1249 785 exhibet
1285 733 1428 801 apud
1453 748 1630 803 regem
1653 775 1667 797 ,
1700 734 1785 787 di-

221 826 350 868 cens
399 830 457 869 se
493 832 614 872 esse
644 834 871 888 puerum
898 832 1211 877 curaturum
1248 842 1261 878 :
1291 840 1413 894 qua:
1452 840 1574 879 cum
1604 826 1788 880 audis-

220 912 303 959 set
328 905 439 973 (14)
468 922 581 971 rex,
631 911 868 981 suscepit
893 928 1016 967 eum
1046 930 1168 969 cum
1198 914 1482 984 obsequio,
1512 932 1575 971 ac
1619 917 1789 971 liben-

222 1006 303 1050 ter
332 997 539 1053 habuit.
603 998 798 1055 Verum
833 1019 901 1058 ne
946 1006 1115 1058 multa
1161 1007 1434 1060 narrando
1476 1022 1597 1074 quae
1625 1008 1789 1076 gessit

218 1089 439 1144 taedium
485 1092 825 1150 auditoribus
856 1095 1086 1150 inferam
1109 1138 1124 1161 ,
1179 1107 1429 1151 mortuus
1461 1108 1543 1151 est
1571 1113 1703 1166 puer
1735 1098 1789 1150 in

221 1181 473 1237 manibus
517 1183 670 1252 ejus,
708 1186 792 1240 vel
832 1188 1013 1255 potius
1056 1188 1376 1243 exstinctus.
1428 1188 1580 1243 Tunc
1611 1204 1703 1243 rex
1736 1190 1787 1241 in

218 1287 488 1328 carcerem
520 1275 732 1330 detrudi
768 1279 925 1345 jubet
946 1278 1181 1342 Manem,
1202 1289 1257 1333 et
1287 1278 1415 1333 ferri
1454 1283 1655 1333 talento
1679 1281 1788 1351 (15)

220 1364 459 1419 onerari.
518 1365 598 1418 Illi
636 1382 764 1421 vero
791 1370 899 1423 duo
942 1370 1191 1439 discipuli
1224 1368 1342 1438 ejus
1380 1370 1473 1438 qui
1520 1372 1672 1425 missi
1703 1371 1789 1424 fu—

220 1465 378 1511 erant
418 1458 483 1509 ad
522 1456 823 1513 docendum
854 1476 949 1528 per
981 1461 1225 1529 singulas
1271 1461 1537 1522 civitates,
1584 1476 1792 1530 quaere-

221 1546 421 1601 bantur
456 1550 520 1602 ad
555 1564 793 1618 ptPllalll.
831 1550 1043 1620 Quique
1068 1552 1334 1621 fugientes
1360 1553 1483 1605 licet
1512 1568 1790 1621 nunquam

222 1648 510 1691 cessarunt
542 1639 771 1693 alienam
800 1640 912 1712 (16)
937 1640 1079 1695 hanc
1099 1651 1153 1695 et
1175 1642 1243 1695 ab
1264 1642 1603 1696 Anticln'isto
1631 1643 1795 1712 inspi-

221 1739 425 1795 ratam,
457 1747 552 1799 per
581 1732 696 1785 loca
732 1732 944 1803 singula
976 1733 1219 1788 inserere
1249 1734 1577 1788 doctrinam.

296 1821 429 1875 LIV.
472 1822 601 1877 Post
631 1826 744 1877 haec
770 1824 835 1877 ad
863 1825 1181 1895 magistrum
1215 1840 1372 1879 suum
1406 1826 1670 1890 redeunt,
1706 1841 1787 1879 re-

1887 641 1980 703 cit,
2018 640 2372 695 assertionem
2398 655 2552 695 suam
2583 638 2853 709 proferre,
2880 640 3126 709 quaedam
3161 640 3213 693 in
3241 640 3325 694 his
3354 654 3450 694 ac-

1888 747 2087 787 cusans
2112 772 2126 793 ,
2165 732 2411 800 quaedam
2444 741 2759 801 permutans
2785 770 2799 794 ,
2835 730 2953 785 solo
2990 729 3192 785 Christi
3234 732 3453 786 nomine

1889 826 2132 893 adjecto;
2188 840 2349 893 quem
2383 839 2442 878 se
2469 822 2676 879 idcirco
2704 824 2978 893 suscipere
3031 822 3343 886 simulavit,
3395 834 3455 877 ut

1888 930 1984 984 per
2030 916 2282 970 civitates
2330 915 2569 985 singulas
2608 925 2854 971 sanctum
2885 925 2939 969 et
2980 914 3222 969 divinum
3255 930 3453 969 nomen

1890 1004 2173 1059 audientes
2210 1003 2412 1059 Christi
2442 1046 2456 1067 ,
2506 1004 2728 1059 minime
2754 1010 3103 1059 exsecrantes
3128 1018 3255 1070 eos,
3291 1003 3461 1058 disci-

1890 1095 2049 1163 pulos
2074 1095 2232 1149 istius
2277 1112 2383 1148 non
2421 1096 2724 1165 fatigarent.
2784 1095 3124 1150 lnvenientes
3156 1106 3334 1149 autem
3362 1109 3456 1148 vo-

1891 1199 2007 1237 cem
2042 1185 2205 1238 etiam
2242 1186 2309 1240 de
2336 1185 2617 1241 Paracleto
2646 1186 2877 1256 positam
2911 1185 2964 1240 in
2998 1186 3295 1256 Scripturis
3321 1184 3455 1256 (25),

1892 1276 2241 1344 semetipsum
2268 1294 2389 1332 esse
2425 1279 2691 1348 subjecit;
2729 1281 2821 1349 qui
2854 1295 2961 1335 non
2991 1279 3195 1350 legerat
3232 1279 3460 1349 diligen-

1894 1376 1993 1431 ter,
2020 1368 2143 1436 quia
2170 1367 2482 1422 Paracletus
2502 1369 2613 1437 jam
2644 1380 2777 1425 tunc
2804 1372 3062 1436 venisset,
3087 1387 3207 1425 cum
3230 1370 3460 1439 apostoli

1894 1458 2070 1513 adhuc
2103 1468 2476 1528 essentsuper
2506 1468 2727 1514 terram.
2787 1461 2882 1516 llis
2909 1476 3039 1531 ergo
3062 1470 3169 1516 tam
3202 1461 3460 1517 scelerate

1893 1550 2212 1618 compositis
2234 1593 2247 1613 ,
2305 1550 2473 1604 mittit
2500 1562 2553 1605 et
2578 1552 2874 1621 discipulos
2907 1569 3036 1609 suos
3072 1554 3463 1623 praedicaturus

1894 1639 2158 1709 intrepide
2186 1643 2338 1696 fictos
2370 1644 2765 1713 simulatosque
2803 1660 3015 1699 errores
3036 1688 3050 1710 ,
3081 1655 3133 1699 et
3165 1661 3331 1699 novas
3358 1645 3453 1698 fal-

1895 1747 2093 1800 sasque
2125 1747 2288 1787 voces
2321 1736 2739 1789 annuntiaturos
2770 1752 2864 1805 per
2890 1738 3008 1789 loca
3033 1737 3263 1807 singula.
3306 1735 3461 1803 Quod

1895 1839 2019 1878 cum
2050 1840 2143 1878 rex
2175 1824 2466 1880 Persarum
2494 1829 2856 1896 cognovisset,
2904 1827 3081 1897 dignis
3105 1843 3228 1881 eum
3259 1830 3463 1898 suppli-

223 1912 461 1968 ferentes
496 1930 616 1983 qua:
638 1915 718 1969 eis
742 1915 1083 1982 acciderant;
1134 1916 1361 1970 audiunt
1386 1917 1547 1970 etiam
1580 1932 1641 1970 ea
1674 1934 1795 1985 qua:
1828 1914 1866 1968 Β
1898 1917 1997 1971 ciis
2031 1917 2260 1971 subdere
2288 1928 2462 1987 parat.
2518 1920 2636 1986 Quo
2663 1919 2846 1974 Manes
2887 1921 3104 1987 agnito,
3155 1921 3465 1974 admonitus

223 2006 279 2059 in
306 2006 420 2074 ipso
445 2008 641 2061 collata
669 2015 795 2061 sunt
821 2009 984 2062 mala.
1021 2008 1352 2063 Accedentes
1380 2024 1528 2077 ergo,
1559 2017 1617 2062 ut
1642 2008 1792 2063 dice-

222 2097 348 2150 bam
380 2097 513 2168 (l7),
551 2098 616 2152 ad
645 2114 768 2152 eum
796 2100 902 2162 sui,
936 2109 989 2155 et
1011 2108 1359 2169 suggerentes
1386 2100 1433 2152 ei
1469 2100 1642 2155 dehis
1673 2116 1793 2153 ma-

220 2186 293 2239 lis
338 2202 457 2254 quae
507 2202 602 2255 per
644 2188 758 2243 loca
810 2189 1022 2259 singula
1072 2188 1435 2257 patiebantur,
1489 2191 1555 2244 de
1588 2191 1795 2260 reliquo

220 2278 467 2331 converti
501 2277 614 2349 (l8)
645 2294 703 2333 se
725 2280 923 2334 debere
950 2281 1014 2334 ad
1047 2280 1274 2335 salutem
1305 2281 1606 2336 suadebant
1635 2299 1647 2334 :
1675 2296 1796 2350 per-

219 2368 520 2422 timuerant
547 2370 689 2423 enim
711 2412 725 2432 ,
770 2380 1019 2424 verentes
1044 2387 1111 2424 ne
1141 2372 1268 2441 quid
1301 2373 1402 2426 sibi
1434 2388 1497 2425 ex
1524 2372 1608 2427 his
1636 2372 1795 2426 malis

218 2475 345 2529 quae
367 2459 441 2512 illi
470 2459 862 2527 inferebantur,
890 2462 1168 2516 accederet
1196 2464 1329 2533 (l9).
1366 2465 1429 2518 At
1456 2465 1541 2517 ille
1561 2464 1795 2519 suadens

220 2565 320 2604 eos
355 2551 487 2605 nihil
517 2552 710 2617 vereri,
746 2553 809 2605 ad
840 2553 1139 2607 orationem
1171 2557 1469 2624 consurgit.
1514 2556 1667 2609 Tunc
1702 2556 1795 2610 de-

226 2643 354 2697 inde
374 2642 528 2711 jubet
548 2684 563 2708 ,
597 2644 652 2697 in
680 2659 897 2699 carcere
928 2645 1136 2714 positus
1156 2686 1170 2708 ,
1202 2646 1335 2714 legis
1360 2646 1792 2701 Christianorum

221 2730 394 2785 libros
417 2733 760 2801 comparari;
811 2734 967 2788 valde
994 2735 1137 2789 enim
1182 2736 1235 2788 lii
1265 2738 1357 2805 qui
1392 2737 1544 2792 missi
1580 2736 1797 2792 fuerant

222 2822 295 2875 ab
326 2836 391 2875 eo
434 2838 530 2891 per
575 2823 817 2891 singulas
846 2825 1115 2891 civitates,
1154 2826 1224 2879 ab
1262 2826 1516 2881 omnibus
1562 2827 1797 2881 homini-

221 2914 329 2968 bus
372 2915 733 2969 cxsecrationi
783 2915 1141 2984 habebantur,
1186 2918 1423 2971 maxime
1470 2919 1609 2988 apud
1657 2935 1795 2987 quos

222 3004 665 3061 Christianorum
724 3022 923 3062 nomen
973 3009 1305 3063 venerationi
1361 3019 1501 3063 erat.
1566 3010 1795 3080 Snmpto

228 3111 359 3168 ergo
384 3098 721 3168 aliquantulo
755 3100 874 3153 auri
911 3101 1074 3154 modo
1096 3142 1110 3166 ,
1160 3101 1411 3156 abierunt
1438 3103 1504 3156 ad
1533 3103 1650 3157 loca
1680 3103 1792 3173 (20)

222 3190 279 3245 in
308 3191 508 3259 quibus
534 3191 971 3246 Christianorum
999 3193 1120 3246 libri
1143 3194 1789 3265 conscribebanturfll);

220 3291 277 3337 et
304 3282 622 3338 simulantes
650 3298 709 3337 se
744 3284 967 3339 nuntios
995 3298 1116 3339 esse
1137 3283 1502 3350 Christianos,
1526 3286 1793 3353 rogabant

222 3374 471 3445 praestari
521 3374 623 3428 sibi
659 3374 829 3430 libros
874 3375 942 3429 ad
984 3376 1407 3444 comparandum
1459 3395 1471 3429 :
1519 3385 1593 3440 et,
1640 3387 1793 3431 utne

220 3466 396 3522 multa
422 3466 599 3521 dicam
621 3508 636 3532 ,
671 3476 992 3536 comparant
1034 3468 1321 3523 universos
1356 3468 1523 3522 libros
1551 3466 1795 3537 Scriptu-

220 3569 409 3608 rarum
462 3564 766 3609 nostrarum
791 3593 805 3618 ,
855 3565 908 3610 et
952 3556 1203 3611 deferunt
1233 3558 1299 3612 ad
1340 3574 1464 3613 eum
1494 3559 1545 3612 in
1580 3574 1795 3614 carcere

221 3647 604 3701 constitutum.
667 3646 877 3712 Quibus
920 3647 1009 3702 ille
1047 3649 1320 3718 acceptis,
1367 3650 1532 3703 homo
1584 3660 1796 3704 astutus

221 3740 390 3807 cmpit
415 3738 468 3791 in
506 3739 708 3793 nostris
737 3740 889 3793 libris
922 3741 1238 3794 occasiones
1272 3740 1544 3810 inquirere
1568 3740 1798 3795 dualita-

224 3827 297 3882 tis
341 3843 487 3894 suae,
523 3843 623 3882 nec
656 3844 768 3883 suae
798 3828 1014 3897 quidem
1037 3869 1051 3893 ,
1086 3830 1179 3883 sed
1210 3829 1486 3901 Scythiani
1507 3873 1521 3895 ,
1569 3831 1662 3901 qui
1696 3832 1797 3886 hoc

224 3926 357 3975 ante
406 3920 703 3991 plurimum
748 3921 1009 3991 temporis
1053 3922 1383 3991 protulerat;
1426 3932 1479 3977 et
1510 3924 1562 3976 iu
1596 3924 1797 3978 nostris

303 4099 413 4170 (15)
454 4099 633 4155 Locus
687 4100 844 4154 valde
899 4108 1209 4171 corruptus.
1271 4100 1432 4157 Forte
1483 4101 1794 4172 legendum,

230 4189 251 4224 ς
286 4172 379 4241 qui
409 4172 796 4241 cybum,iquod
829 4182 1143 4241 nomendest
1170 4172 1285 4237 tali,
1316 4173 1518 4226 ludere.
1555 4192 1575 4224 ι

302 4237 414 4309 (14)
443 4237 583 4295 ⁷0011.
636 4237 769 4310 Reg.
813 4241 966 4294 Alex.
1013 4237 1131 4295 Vat.
1193 4260 1209 4291 ι
1251 4241 1405 4307 Quod
1445 4258 1569 4297 cum
1615 4243 1801 4297 audis-

224 4321 333 4375 set,
370 4329 389 4361 ι
426 4327 524 4380 pro
562 4330 580 4362 ι
616 4326 755 4380 qua).
802 4329 821 4362 ι
881 4311 1039 4376 Mox,
1098 4331 1115 4362 ι
1159 4313 1431 4367 narrando
1478 4328 1599 4383 qua:
1650 4323 1798 4383 gesta

223 4389 376 4435 sunt.
412 4400 431 4432 ι

298 4451 412 4522 (15)
449 4449 563 4522 Hoc
586 4459 686 4515 est,
710 4450 945 4505 vinculis
972 4449 1183 4516 ferreis,
1209 4452 1279 4505 ab
1307 4466 1494 4506 eorum
1519 4454 1757 4522 pondere
1784 4473 1797 4508 :

222 4536 356 4575 nam
386 4521 641 4575 τάλαντον
675 4522 944 4583 interdum
970 4530 1052 4574 est
1078 4523 1309 4589 pondus.

296 4590 411 4674 (16)
446 4590 580 4674 God.
614 4590 745 4659 Reg.
773 4590 1112 4674 Aleit._Vat.,
1138 4610 1170 4674 Δι
1210 4592 1333 4645 licet
1360 4608 1640 4674 nunquam
1675 4610 1792 4674 ces-
1826 4590 1869 4642 D

219 4670 413 4714 sarem
455 4662 705 4715 alienam.
745 4680 762 4710 ι
816 4660 984 4715 Paulo
1034 4668 1187 4729 post.
1233 4679 1251 4711 ι
1294 4663 1424 4728 quid
1475 4660 1554 4717 eis
1585 4665 1797 4718 accide-

221 4732 369 4795 rint,
406 4750 424 4781 ο
455 4732 568 4795 lege
598 4750 615 4781 ι
658 4731 933 4784 acciderit.
972 4749 990 4782 ι
1054 4729 1177 4784 Mox
1205 4746 1365 4795 vero,
1411 4751 1427 4781 ι
1464 4732 1798 4788 Accedentes

221 4748 369 4795 rint,
406 4750 424 4781 ι
455 4748 501 4785 ie
540 4749 568 4784 e
598 4750 615 4781 ι
658 4748 933 4784 θεωρεῖ-ιι.
972 4749 990 4782 ι
1054 4748 1177 4784 mox
1205 4748 1365 4795 vero,
1411 4751 1427 4781 ι
1464 4748 1795 4788 accedentes

215 4817 374 4926 zrgp,
405 4810 465 4855 ut
491 4748 736 4867 (fecebat,
772 4802 838 4855 ad
862 4816 984 4855 eum
1018 4802 1138 4865 sui,
1173 4810 1227 4855 et
1256 4813 1605 4871 suggerentes
1634 4805 1719 4857 sui
1748 4806 1795 4857 ei

261 4887 292 4925 e
340 4887 425 4924 ns.
465 4890 484 4923 ι

261 4887 292 4925 e
324 4887 425 4924 lllS.
465 4890 484 4923 ι

296 4940 408 5009 (17)
445 4940 501 4994 ln
517 4939 1023 5007 codiceCasinensi,
1054 4960 1071 4992 ι
1107 4951 1166 4995 ut
1190 4940 1473 5004 dicebant;
1503 4960 1521 4992 ι
1567 4958 1666 4996 nos
1696 4944 1796 4996 levi

218 5013 548 5074 mutatione,
604 5030 622 5063 ε
658 5012 924 5071 dicebam,
963 5031 981 5062 ι
1020 5011 1416 5066 emendandum
1460 5014 1793 5067 censuimus.

220 5078 335 5134 Sed
361 5091 415 5135 et
438 5083 701 5147 turtasse,
742 5100 760 5132 ι
794 5091 854 5135 ut
883 5080 1144 5143 decebat,
1188 5100 1206 5132 ι
1244 5081 1567 5151 legendum;
1606 5086 1797 5137 melior

226 5159 416 5204 tamen
446 5152 560 5206 visa
582 5161 663 5205 est
694 5152 842 5220 prior
871 5151 1048 5205 lectio.

301 5220 415 5288 (18)
455 5223 512 5274 In
560 5223 750 5275 eodem
797 5222 1017 5283 codice,
1069 5239 1087 5271 ‹
1118 5220 1404 5285 conventi,
1444 5240 1463 5273 ι
1498 5222 1794 5285 scribitur;

218 5290 326 5346 sed
381 5310 399 5341 ι
434 5294 698 5355 converti,
746 5309 764 5342 ι
808 5292 1091 5361 legendum
1141 5307 1281 5358 esse,
1330 5306 1452 5360 quae
1494 5303 1797 5361 sequuntur

219 5364 393 5421 clare.
427 5371 479 5415 ut
512 5362 767 5425 arbitror,
802 5362 1054 5415 innuunt.

300 5431 412 5503 (l9)
453 5431 647 5503 Forte,
700 5449 726 5503 t_
741 5432 1035 5503 accideret.
1076 5449 1094 5481 ι
1137 5462 1195 5471 -
1229 5430 1408 5501 Atque
1452 5432 1526 5486 ita
1573 5434 1792 5503 quidem

218 5517 332 5556 ms.
366 5500 494 5567 Reg.
527 5502 679 5555 Alex.
709 5500 829 5555 Vat.

301 5570 414 5641 (20)
451 5571 584 5625 Cod.
632 5588 733 5626 ms.
783 5570 913 5642 Reg.
953 5571 1107 5625 Alex.
1139 5570 1259 5626 Vat.
1321 5589 1339 5621 ι
1374 5572 1437 5625 ad
1470 5572 1558 5625 illa
1591 5572 1728 5627 loca.
1772 5592 1791 5623 ι

218 5640 433 5705 Μυκη
475 5657 532 5695 se
562 5643 794 5696 novitios
847 5640 966 5696 esse
1016 5641 1377 5706 Christianos,
1418 5660 1435 5692 ι
1473 5657 1568 5710 pro
1600 5661 1616 5691 ‹
1652 5658 1794 5695 nun-

218 5712 353 5766 tios.
394 5733 411 5763 ι
450 5711 616 5764 Paulo
645 5722 784 5780 post,
824 5730 841 5762 ε
873 5721 927 5765 ct
969 5728 1035 5766 ne
1060 5716 1227 5766 inulta
1254 5712 1523 5765 dicam...
1561 5720 1611 5764 ιιι
1650 5712 1791 5766 refe-

214 5794 352 5837 l'ttnl
381 5781 447 5835 ad
472 5798 617 5834 eum.
657 5801 674 5831 ι

302 5854 383 5917 (21
397 5862 414 5921 )
460 5850 619 5907 Vides
656 5859 715 5907 ut
758 5852 944 5906 arcani
979 5851 1320 5923 disciplinam
1369 5854 1423 5910 in
1460 5852 1801 5912 occultandis

1898 2007 1949 2059 in
1981 2008 2212 2069 somnis,
2248 2008 2467 2077 elapsus
2496 2010 2563 2064 de
2587 2025 2823 2073 carcere,
2858 2011 2910 2063 in
2939 2011 3119 2081 fugam
3142 2026 3333 2066 versus
3359 2021 3461 2075 est,

1896 2112 2030 2150 auro
2078 2097 2317 2167 plurimo
2359 2100 2679 2153 custodibus
2714 2100 3019 2169 corruptis;
3069 2109 3122 2155 et
3166 2101 3365 2155 mansit
3408 2101 3461 2153 in

1895 2190 2117 2243 castello
2170 2190 2478 2245 Arabiouis.
2546 2190 2696 2246 Unde
2739 2192 2990 2260 scriptam
3036 2192 3318 2261 epistolam
3371 2208 3467 2261 per

1896 2278 2208 2334 Turbonem
2258 2282 2325 2334 ad
2369 2280 2678 2336 Marcellum
2729 2292 2973 2335 nostrum
3024 2283 3211 2348 misit,
3262 2283 3313 2335 in
3356 2299 3464 2351 qua

1898 2372 2223 2441 signiﬁcavit
2270 2388 2328 2426 se
2370 2387 2491 2427 eSSc
2535 2383 2843 2428 venturum.
2889 2373 3007 2439 Quo
3056 2389 3177 2428 cum
3232 2376 3475 2431 venisset

1898 2460 2034 2531 (Ἡ),
2070 2461 2172 2515 fuit
2201 2462 2359 2516 nobis
2408 2471 2680 2516 certamen
2714 2463 2838 2523 tale,
2871 2465 3032 2533 quale
3054 2475 3108 2517 et
3134 2465 3221 2518 hic
3252 2465 3467 2519 vidistis

1894 2561 1949 2603 et
1989 2552 2221 2606 audistis
2252 2592 2266 2615 ,
2300 2552 2351 2604 in
2385 2567 2494 2620 quo
2516 2591 2530 2614 ,
2569 2562 2730 2621 prout
2772 2554 3048 2622 potuimus
3074 2596 3088 2618 ,
3127 2555 3467 2609 ostendimus

1894 2656 2018 2695 eum
2046 2641 2595 2711 pseudoprophetam.
2662 2640 2765 2696 Sed
2798 2651 2978 2697 custos
3029 2642 3246 2712 quidem
3279 2658 3465 2697 carce-

1896 2734 1996 2799 ris,
2029 2732 2122 2803 qui
2145 2748 2269 2788 eum
2299 2733 2605 2798 dimiserat,
2660 2734 2879 2803 punitus
2906 2743 3018 2798 est;
3066 2750 3161 2788 rex
3187 2749 3315 2788 vero
3341 2750 3465 2788 eum

1896 2825 2099 2895 requiri
2141 2825 2342 2895 jussit,
2387 2834 2442 2879 et
2485 2826 2538 2879 in
2572 2826 2987 2895 quibuscunque
3031 2826 3165 2880 locis
3195 2834 3467 2894 repertum

1900 2917 2289 2985 comprehendi
2318 2916 2452 2985 (ἓὸ).
2518 2914 2643 2970 Haec
2668 2932 2790 2971 cum
2821 2933 2919 2986 ego
2943 2917 3336 2985 cognovissem,
3375 2932 3470 2970 ne-

1894 3008 2190 3063 cessarium
2222 3007 2321 3061 fuit
2345 3023 2431 3061 me
2451 3008 2614 3062 etiam
2638 3009 2791 3063 vobis
2817 3008 3076 3075 indicare,
3093 3009 3218 3077 quia
3237 3010 3470 3078 requiri-

1896 3108 1982 3153 tur
2008 3099 2109 3153 iste
2132 3114 2159 3152 a
2185 3115 2309 3169 rege
2339 3099 2626 3153 Persarum
2657 3115 2828 3168 usque
2865 3101 2915 3152 in
2946 3100 3268 3153 hodiernum
3299 3101 3475 3155 diem.

1972 3189 2081 3244 LV.
2126 3189 2220 3245 His
2251 3191 2471 3256 auditis,
2504 3190 2673 3245 turba:
2702 3191 2955 3244 volebant
2980 3190 3189 3244 Mauem
3219 3206 3470 3261 compre-

1904 3283 2134 3337 hensum
2171 3282 2385 3336 tradere
2408 3281 2659 3350 potestati
2691 3281 3050 3334 barbarorum
3085 3281 3176 3351 qui
3200 3289 3355 3337 erant
3383 3283 3466 3336 vi-

1896 3374 2004 3427 cini
2040 3374 2180 3427 ultra
2218 3372 2507 3443 Strangam
2541 3373 2650 3443 (26)
2684 3373 2904 3427 fluvium
2938 3373 3072 3441 (‘27),
3128 3373 3384 3442 quoniam
3416 3384 3470 3427 et

1898 3472 2023 3518 ante
2048 3472 2260 3531 tempus
2283 3471 2546 3515 venerant
2570 3461 2791 3531 quidam
2813 3463 2878 3516 ad
2908 3462 3289 3530 requirendum
3319 3480 3466 3526 eum,

1897 3572 2004 3626 quo
2029 3570 2298 3623 nusquam
2336 3562 2568 3621 reperto,
2590 3554 2982 3620 discesserant;
3018 3562 3135 3607 erat
3167 3556 3309 3607 enim
3342 3565 3471 3609 tunc

1900 3648 2022 3718 fuga
2054 3646 2406 3701 constitutus.
2442 3646 2577 3699 Cum
2617 3662 2743 3716 ergo
2778 3647 2891 3700 lucc
2923 3648 2991 3699 ita
3016 3646 3315 3700 Archelaus
3340 3662 3467 3715 pro-

1898 3741 2143 3802 didisset,
2181 3738 2441 3793 continuo
2468 3753 2525 3793 se
2557 3738 2608 3790 in
2640 3740 2816 3809 fugam
2849 3739 2997 3792 dedit
3022 3738 3225 3803 Manes,
3257 3747 3310 3791 et
3336 3754 3465 3792 eva-

1899 3834 2025 3887 dere
2051 3833 2246 3901 potuit,
2279 3831 2408 3885 dum
2446 3844 2605 3884 nemo
2633 3847 2754 3884 cum
2790 3833 3187 3900 insequeretur.
3240 3828 3341 3885 Sed
3374 3846 3471 3899 po-

1900 3924 2080 3993 pulus,
2115 3939 2238 3979 cum
2264 3922 2510 3977 Archelai
2546 3938 2707 3991 quem
2736 3923 2961 3976 libenter
2989 3923 3296 3987 audiebant,
3327 3925 3467 3978 rela-

1902 4103 2024 4158 fidei
2046 4101 2320 4171 mysteriis
2343 4100 2470 4155 olim
2504 4098 2860 4154 eustodierint
2879 4097 3196 4171 Christiani,
3215 4107 3469 4171 etquang

1901 4185 1955 4226 to
1981 4167 2294 4228 curaverint
2336 4171 2545 4227 studio.
2596 4187 2660 4223 ne
2705 4178 3063 4223 sacrosanctae
3092 4167 3223 4237 legis
3249 4168 3369 4221 libri
3402 4170 3469 4222 ad

1902 4244 2185 4313 gentilium
2218 4257 2414 4313 manus
2444 4240 2804 4308 pervenirent,
2831 4239 2993 4293 etiam
3024 4248 3317 4313 antequam
3341 4237 3472 4313 Dio-

1903 4309 2118 4368 cleliani
2144 4310 2451 4381 persecutio
2474 4326 2595 4381 exui
2611 4318 2662 4363 ta
2689 4318 2853 4381 esset,
2888 4325 2952 4363 ac
2982 4309 3292 4363 traditionis
3323 4312 3470 4381 peri-

1902 4385 2083 4437 culum
2117 4378 2443 4436 immineret.
2496 4378 2759 4434 Praeterea
2796 4380 2920 4432 hinc
2943 4388 3184 4448 apparet,
3216 4394 3323 4433 non
3350 4380 3471 4432 ubi-

1902 4469 2009 4522 que
2034 4453 2127 4507 sed
2160 4452 2323 4506 certis
2348 4450 2673 4520 quibusdam
2705 4453 2756 4503 in
2784 4450 2916 4504 locis
2938 4449 3373 4503 Christianorum
3397 4450 3469 4502 li-

1906 4529 2030 4577 bros
2063 4522 2219 4576 vendi
2249 4536 2616 4575 consuevisse.

1970 4594 2081 4664 (‘22)
2126 4593 2265 4664 idem
2296 4593 2417 4664 cod.
2456 4590 2653 4664 νηί-ι
2684 4600 2735 4643 et
2760 4606 2821 4643 ex
2852 4588 3254 4664 nostrislibris.
3284 4606 3301 4638 ι

1972 4657 2084 4732 (25)
2124 4663 2180 4716 ln
2209 4662 2398 4732 eodem
2429 4662 2547 4714 cod.
2581 4659 2698 4713 Vat.
2723 4702 2737 4723 ,
2780 4679 2797 4709 ι
2833 4659 3128 4732 discipulos
3170 4657 3326 4732 istius
3358 4672 3469 4711 non

1902 4726 2192 4803 fugarenti
2232 4731 2516 4803 Inveniens
2549 4739 2747 4803 autem
2780 4730 2941 4803 etiam
2970 4730 3039 4803 de
3063 4726 3342 4803 Paracleto
3372 4742 3470 4795 po-

1902 4798 2066 4857 situm
2089 4804 2140 4855 in
2163 4800 2479 4869 Scripturis.
2509 4819 2525 4849 ι
2546 4798 2689 4861 Mox,
2720 4818 2738 4848 ε
2764 4799 2931 4852 mittit
2952 4798 3248 4865 discipulos
3268 4812 3417 4861 suos,
3442 4815 3475 4847 μ

1901 4874 2020 4927 sine
2049 4870 2363 4941 particula_c
2400 4880 2471 4923 et.
2506 4887 2525 4919 ι

1973 4936 2085 5013 (26)
2118 4941 2255 5013 god.
2311 4938 2444 5009 Reg.
2490 4938 2643 4993 Alex.
2691 4936 2808 5013 Val.
2863 4957 2879 4987 ε
2911 4936 3030 5013 Quo
3059 4952 3181 4990 cum
3220 4936 3479 5013 advenis-.

1902 5008 2000 5068 set.
2037 5008 2075 5062 ι’
2125 5010 2293 5063 Paulo
2329 5008 2469 5079 post,
2508 5028 2525 5058 ι
2564 5008 3113 5077 pseudo-prophetarit
3144 5023 3262 5061 csse
3290 5008 3468 5060 mani-
3544 5036 3547 5037 ν

1903 5085 2055 5138 feste.
2094 5080 2219 5135 Sed.
2259 5100 2277 5131 ‘a

1975 5153 2087 5218 (‘25)
2128 5151 2265 5203 Idem
2298 5152 2417 5204 cod.
2452 5169 2469 5201 ς
2510 5150 2560 5202 in
2588 5148 3004 5218 quibuscunque
3029 5147 3160 5201 locis
3193 5154 3477 5218 repertum

1903 5215 2244 5277 ostendimus
2286 5215 2692 5288 comprehendi.
2732 5236 2751 5269 ι
2808 5215 3085 5281 Fortasse,
3121 5236 3137 5267 ι
3170 5217 3469 5270 offendere-

1902 5303 2011 5353 tur,
2040 5291 2444 5358 comprehendi.
2484 5309 2502 5341 ι

1973 5364 2086 5429 (26)
2127 5355 2182 5413 lii
2210 5360 2397 5413 eodem
2424 5356 2726 5429 cod._Vat.,
2758 5376 2777 5408 ‹
2806 5358 3061 5429 potestati
3083 5355 3479 5429 barbarorum,

1901 5424 1991 5501 qui
2022 5424 2177 5487 erant
2198 5430 2362 5484 vicini
2395 5430 2532 5501 ultra
2555 5424 3073 5501 Stracum’flnvium.
3106 5445 3124 5478 ι
3150 5424 3295 5488 Mox,
3330 5442 3348 5475 ι
3378 5439 3471 5477 ve—

1900 5497 2095 5555 nerant
2120 5501 2339 5570 quidam
2366 5499 2645 5553 hominum
2674 5499 2739 5551 ad
2768 5497 3150 5566 requirendum
3173 5510 3329 5560 eum;
3361 5510 3481 5564 quo.

1901 5586 2169 5639 nusquam
2208 5579 2420 5639 reperto
2452 5571 2847 5639 discesserunt.
2876 5585 2895 5639 ξ

1979 5588 2003 5625 s
2046 5588 2169 5624 nam
2208 5588 2420 5639 reperto
2452 5588 2839 5623 discesserunt.
2876 5588 2895 5618 ι

1972 5588 2086 5707 (ἑιῖ)
2128 5633 2193 5693 Et
2219 5640 2308 5693 hic
2336 5641 2616 5710 priccisius
2637 5637 2852 5710 imperii
2879 5636 3105 5690 Romani
3138 5636 3317 5699 limes,
3346 5637 3468 5710 qui-

1902 5726 2026 5765 nam
2056 5710 2307 5763 Archelai
2339 5707 2516 5764 ἀείδω
2551 5719 2599 5762 et
2634 5707 2814 5762 Probo
2840 5707 3135 5777 itupcr‘tttle
3161 5716 3338 5769 esset,
3374 5708 3482 5765 des

1902 5792 2167 5853 signatur.
