3922 6548
197 532 3422 568 WM

1325 709 1504 753 ειιιω
1558 709 1780 751 ANNL‘M
1834 707 2060 751 DOMISI
2105 709 2288 752 CCXC.

1010 889 1179 1065 S.
1306 883 2562 1066 PAMPHILUS

263 1200 859 1291 ECCLESI/E
955 1197 1751 1292 CIESARIENSIS
1821 1201 2520 1296 PRESBYTER
2613 1208 2766 1297 ET
2837 1209 3336 1298 MABTYB

1514 1566 2111 1680 NOTITIA

1057 1781 1344 1846 (GALLAKD.,
1362 1789 1461 1834 Vel.
1491 1787 1633 1834 Patr.
1684 1783 1930 1845 Biblioth.,
1958 1794 1990 1835 t.
2034 1786 2116 1846 Ν,
2145 1787 2366 1852 Proleg.,
2389 1804 2436 1852 p.
2465 1788 2554 1852 ιιι.)

181 2084 226 2138 1.
257 2085 388 2150 Quis
418 2095 466 2138 et
491 2093 716 2158 quantus
757 2085 840 2158 uir
887 2083 1241 2154 Pamphilus,
1276 2082 1444 2138 Pierii
1466 2083 1810 2138 Alexandrini
1835 2084 2142 2153 discipulus.
2178 2082 2427 2138 Ecclesia:
2457 2085 2799 2140 Caesariensis
2844 2089 3111 2158 presbyter
3150 2100 3200 2144 et
3250 2108 3414 2146 orna-

255 2164 506 2208 mentum.
543 2154 884 2208 Beatissimus
906 2165 1126 2224 martyr.

187 2221 256 2277 ll.
292 2223 893 2300 _Sac_rarum‘li_tterarum
918 2221 1356 2282 studiosissimus.
1385 2225 1720 2280 Bibliotheca:
1747 2222 2090 2279 Cwsariensis
2119 2225 2379 2279 conditor.
2412 2226 2491 2278 An
2518 2225 2721 2296 aliquid
2755 2228 2954 2297 proprii
2989 2230 3158 2297 operis
3189 2232 3412 2300 scripse-

255 2295 345 2364 rit.
380 2293 590 2348 Eusebii
621 2294 764 2350 locus
787 2311 1056 2364 expensus.

181 2363 274 2437 ιιι.
304 2363 580 2437 Expositio
609 2363 856 2437 capitum
888 2366 1120 2437 Actuum
1153 2366 1542 2435 apostolorum,
1569 2382 1693 2418 num
1725 2363 1978 2418 Euthalio
2007 2366 2337 2420 ascribenda.
2382 2365 2658 2437 Pamphilo
2683 2370 2962 2422 asscritur.

289 2434 504 2506 _Anctor
523 2432 720 2505 quoque
748 2435 996 2505 Origenis
1027 2432 1360 2505 Apologetici
1389 2451 1453 2489 ea:-
1477 2446 1703 2506 veterum
1737 2437 2050 2489 testimoniis
2087 2437 2250 2504 fuisse
2273 2432 2591 2506 perhibetur.

187 2500 248 2557 ν.
269 2503 357 2576 _Eo
381 2505 438 2576 in
458 2500 607 2573 opere
628 2500 957 2576 potissimum
986 2500 1272 2576 praiclarus
1303 2507 1593 2560 divinitatis
1623 2505 1820 2560 Christi
1848 2500 2282 2560 assertor-beatus
2308 2519 2511 2575 martyr
2535 2508 2918 2574 comprobatur.
2952 2507 3258 2576 Interpretis
3296 2507 3404 2561 Ru-

249 2573 492 2696 ﬁnilpdes
521 2576 802 2656 astruitur.
829 2574 1130 2657 Novissima
1158 2575 1390 2656 ejusdem
1412 2576 1744 2646 Apologetici
1770 2575 2036 2630 luculenta
2065 2576 2226 2630 editio
2265 2573 2583 2631 Parisiensis
2622 2577 2908 2632 exhibetur.
2961 2573 3107 2633 Acta
3131 2580 3397 2648 passionis

250 2641 311 2698 S.
389 2644 603 2698 amplult
627 2660 690 2698 ea:
717 2662 812 2698 ms.
843 2644 1074 2698 Mediceo
1105 2647 1452 2698 adliciuntur.

425 2644 605 2713 mphili
627 2660 690 2698 ea:
717 2662 812 2700 ms.
843 2644 1074 2699 Mediceo
1105 2647 1452 2716 adjiciuntur.

247 2761 290 2812 Ι.
318 2757 632 2828 Pamphilus
679 2769 836 2832 gente
884 2761 1193 2818 Pbmnicius
1245 2777 1311 2817 ex
1364 2762 1738 2833 Berytensium
1768 2770 1816 2827 Α
1842 2772 1902 2817 ut
1936 2778 2055 2818 eam
2092 2763 2299 2818 medias
2327 2762 2471 2817 inter
2495 2762 2786 2832 Egyptum
2835 2773 2889 2818 et
2929 2762 3271 2818 Antiochiam
3309 2762 3410 2815 Ec.-

175 2851 330 2917 orbe,
362 2852 527 2906 nobili
543 2867 738 2922 genere
768 2863 920 2909 ortus
939 2896 954 2920 ,
984 2853 1212 2910 illustris
1233 2871 1450 2926 quoque
1495 2855 1596 2910 fuit
1621 2872 1740 2909 mu-

176 2947 399 3001 neribus
430 2945 484 3000 in
519 2946 692 3016 patria
726 2945 941 3017 publice
971 2947 1138 3017 gestis
1171 2947 1269 3017 (l).
1295 2945 1495 3000 Verum
1531 2947 1736 3002 relictis

175 3039 529 3095 molaribus
555 3041 720 3108 curis,
778 3037 1160 3095 Alexandriam
1217 3055 1278 3096 se
1330 3040 1603 3104 contulit;
1647 3039 1737 3094 ubi

176 3131 414 3188 Pierium
445 3134 589 3189 illius
622 3131 876 3188 Ecclesiae
925 3133 1300 3203 presbyterum
1327 3170 1342 3194 ,
1387 3133 1565 3185 virum
1617 3134 1738 3187 exi-

177 3224 371 3289 mium,
395 3224 449 3278 in
478 3240 759 3280 sacrarum
791 3223 1092 3279 litterarum
1125 3223 1306 3278 studio
1335 3224 1608 3278 doctorem
1640 3224 1760 3277 ba:

175 3316 313 3382 Ιιιιίι,
339 3326 400 3371 ιιι
420 3316 849 3373 scribithotius
875 3316 972 3387 (2).
1007 3315 1266 3386 Deinceps
1289 3331 1416 3370 vero
1436 3316 1735 3370 Caesaream

174 3405 474 3462 Palestina:
505 3408 857 3472 contendens,
889 3417 1050 3477 atque
1073 3407 1141 3460 ad
1168 3405 1484 3476 presbyterii
1507 3406 1731 3476 gradum

172 3504 413 3560 evectus,
445 3495 798 3551 Caesariensis
822 3495 1078 3551 Ecclesiae
1093 3505 1472 3551 ornamentum
1495 3495 1734 3560 exstitit;

173 3587 356 3657 ibique
379 3589 614 3643 maxime
665 3588 953 3652 inclaruit,
1009 3603 1119 3657 quo
1147 3597 1388 3656 tempore
1421 3587 1733 3642 cathedram

173 3679 323 3732 illam
351 3679 711 3750 episcopalem
759 3689 880 3749 post
911 3677 1280 3733 Theotecnum
1324 3678 1540 3732 tenebat
1588 3677 1724 3749 Aga-

172 3767 317 3835 pius.
367 3765 552 3822 Virum
608 3768 1030 3823 disertissimum
1085 3767 1440 3837 moribusque
1474 3783 1538 3823 ac
1569 3769 1734 3838 gestis

170 3873 298 3913 vere
329 3859 735 3929 philosophum,
762 3859 1186 3930 ἐλλογιμώτατον
1213 3858 1362 3929 αὐτῷ
1383 3876 1441 3912 τε
1470 3859 1570 3930 βίῳ
1590 3860 1736 3929 φιλό-

173 3968 346 4022 σοφον
387 3952 560 4024 ἀληθῆ
594 3992 609 4018 ,
658 3952 996 4022 Pamphilum
1055 3961 1302 4008 nostrum
1365 3963 1521 4007 Vocat
1567 3952 1736 4008 Eusc-

172 4045 294 4099 bius
325 4044 401 4115 (5)
434 4061 446 4098 :
481 4044 574 4113 qui
613 4045 775 4099 etiam
812 4045 1024 4115 singula
1063 4060 1185 4114 qua;
1208 4045 1273 4100 ad
1304 4045 1449 4101 illius
1483 4045 1651 4099 vitam
1682 4055 1736 4100 et

169 4135 238 4188 ad
263 4135 502 4189 scholam
550 4135 618 4189 ab
650 4135 839 4190 eodem
890 4136 1190 4190 institutam
1228 4137 1532 4206 pertinent;
1581 4136 1728 4188 varia

1843 2854 2036 2908 clesias
2075 2855 2128 2908 in
2169 2870 2510 2910 communem
2536 2871 2694 2909 nsum
2725 2855 2990 2924 recepisse
3021 2863 3245 2909 testetur
3276 2870 3411 2910 san-

1844 2953 1963 2998 ctus
1985 2943 2347 3015 Hieronymus
2379 2945 2475 3014 (5).
2519 2943 2782 2999 Mittimus
2824 2947 2982 2999 etiam
3015 2962 3134 3014 qua:
3167 2947 3232 3000 de
3290 2947 3406 3016 ipsi»

1841 3034 2125 3106 Pamphilo
2157 3036 2296 3089 idem
2326 3035 2516 3090 doctor
2549 3038 2819 3091 maximus
2849 3047 2971 3105 post
2999 3036 3289 3091 Eusebium
3327 3039 3402 3109 (6)

1841 3128 1966 3181 alibi
1994 3137 2210 3182 enarrat
2239 3127 2316 3198 (7)
2349 3145 2362 3180 :
2402 3127 2552 3180 illum
2584 3127 2869 3192 videlicet,
2926 3145 3043 3180 cunt
3076 3128 3402 3183 Demetrium

1840 3219 2155 3273 Phalereum
2220 3227 2270 3272 et
2333 3217 2679 3272 Pisistratum
2734 3219 2788 3271 in
2851 3234 3017 3273 sacra:
3081 3218 3406 3274 bibliotheca:

1838 3313 2016 3368 studio
2059 3311 2208 3367 vellet
2253 3328 2460 3381 wquare
2487 3355 2501 3376 ,
2539 3311 2890 3381 imaginesque
2936 3312 3259 3380 ingeniorum
3288 3328 3406 3382 qua:

1839 3423 1959 3459 cera
1983 3416 2104 3457 sunt
2134 3415 2182 3457 et
2211 3415 2408 3458 ceterna
2442 3413 2802 3468 monumenta,
2845 3412 2952 3456 toto
2993 3402 3112 3456 orbe
3136 3406 3403 3473 perquire-

1841 3507 1936 3562 rct,
1969 3507 2090 3550 tunc
2125 3496 2203 3550 rel
2247 3497 2473 3548 maxime
2505 3495 2747 3566 Origenis
2768 3495 2930 3548 libros
2959 3496 3247 3565 impensius
3279 3511 3402 3564 pro-

1838 3600 2090 3652 secutum,
2124 3587 2436 3643 C(csariensi
2472 3586 2718 3641 Ecclesia
2751 3587 3059 3648 dedicasse;
3111 3597 3401 3656 praetcrea-

1838 3696 1944 3748 que
1967 3680 2041 3746 (8)
2068 3678 2442 3732 (stariensem
2480 3677 2840 3730 bibliothecam
2870 3676 3251 3729 studiosissime
3278 3691 3403 3729 con—

1838 3773 2042 3842 luisse.

1909 3865 1974 3918 Et
2005 3865 2117 3918 haec
2142 3863 2358 3933 quidem
2389 3863 2529 3918 beati
2564 3862 2816 3933 martyris
2856 3861 3101 3916 studium
3134 3860 3186 3913 in
3228 3860 3401 3915 sacris

1838 3957 2130 4028 praesertim
2152 3956 2344 4010 litteris
2365 3956 2674 4010 excolendis
2692 3955 2822 4009 satis
2841 3954 3095 4024 produnt.
3117 3951 3234 4020 Ipse
3250 3967 3398 4015 vero,

1839 4048 2014 4117 inquit
2029 4045 2290 4101 Eusebius
2313 4047 2452 4116 apud
2472 4045 2856 4116 Hieronymum
2884 4046 2980 4114 (9),
3009 4045 3207 4113 proprii
3231 4046 3402 4113 operis

1838 4139 1969 4193 nihil
1997 4139 2207 4192 omnino
2230 4139 2460 4208 scripsit,
2490 4139 2719 4206 exceptis
2745 4135 2995 4204 Epistolis
3018 4152 3146 4206 quas
3171 4136 3239 4188 ad
3266 4138 3400 4188 ami-

167 4243 388 4298 quoque
411 4227 816 4284 confessionum
842 4229 1140 4284 certamina
1168 4228 1562 4298 persecutionis
1593 4238 1730 4282 tem-
1767 4249 1808 4302 η
1840 4248 1924 4284 cos
1965 4231 2101 4300 forte
2125 4231 2397 4283 mittebat:
2424 4231 2476 4282 in
2510 4239 2714 4282 tantum
2731 4246 2783 4282 se
2798 4230 3095 4282 humilitate
3117 4228 3396 4297 dejecerat.

166 4335 302 4389 pore
333 4319 485 4375 abeo
525 4320 783 4385 tolerata;
825 4336 888 4375 ac
942 4330 1218 4390 postremo
1248 4323 1567 4394 martyrium
1623 4340 1733 4393 quo

166 4421 464 4468 coronatus
503 4423 608 4476 est,
657 4414 913 4484 peculiari
975 4429 1138 4484 Opere
1191 4417 1507 4486 complexus
1563 4417 1732 4472 fuisse

168 4505 483 4575 perhibetur
511 4525 522 4560 ε
553 4506 698 4576 quod
725 4514 902 4560 tamen
940 4506 1281 4562 intercidisse
1308 4549 1322 4571 ,
1367 4509 1491 4577 jure
1540 4508 1730 4564 dolen-

165 4598 320 4651 dum.
341 4595 537 4652 Passus
564 4607 641 4651 est
675 4596 928 4652 Cwsareaz
953 4597 1254 4653 Palaestina:
1269 4600 1363 4653 sub
1380 4602 1734 4668 persecutione

167 4686 476 4754 Maximini,
500 4697 634 4743 teste
658 4686 984 4758 Hieronymo
1015 4688 1090 4758 (4)
1113 4729 1130 4753 ,
1168 4705 1312 4744 anno
1341 4689 1444 4744 509
1490 4690 1728 4746 ineunte.

239 4779 303 4832 ll.
333 4780 412 4835 Ad
440 4790 788 4835 monumenta
813 4796 940 4835 vero
973 4781 1276 4835 litterarum
1295 4780 1563 4852 Pamphili
1584 4784 1729 4852 quod

163 4874 376 4938 attinet,
401 4874 542 4927 nulla
567 4874 655 4928 hic
675 4874 876 4928 mentio
897 4874 963 4928 de
989 4874 1251 4927 Lxxvirali
1289 4872 1546 4940 editione,
1567 4892 1731 4945 quam

161 4973 390 5019 sanctus
422 4973 626 5033 martyr
649 4979 753 5017 una
785 4979 908 5018 cum
942 4963 1173 5019 Eusebio
1199 4965 1521 5034 descripsit,
1572 4977 1734 5034 prout

163 5057 237 5110 ah
257 5053 487 5125 Origene
515 5055 789 5110 asteriscis
814 5055 1056 5124 suppleta
1074 5055 1356 5124 obelisque
1379 5055 1589 5109 confixa
1616 5055 1731 5110 fue-

165 5155 295 5200 runt
326 5165 338 5199 :
367 5162 489 5215 quae
521 5147 736 5216 quidem
779 5146 965 5208 editio,
999 5149 1158 5216 vulgo
1188 5147 1481 5201 Palaestina
1521 5165 1732 5202 nuncu-

164 5247 289 5306 pata
318 5279 332 5303 ,
373 5253 542 5307 usque
578 5239 712 5292 adeo
763 5239 1112 5308 comprobata
1155 5238 1325 5294 fuisse
1354 5242 1686 5308 compcritur
1711 5280 1726 5304 ,

237 5458 312 5530 (ι)
350 5457 475 5530 Yid.
509 5457 635 5511 infr.
671 5457 786 5511 Act.
817 5455 1049 5530 pars._
1085 5455 1340 5528 Pamph.,
1380 5456 1445 5530 ἓξ
1476 5459 1509 5513 5
1539 5469 1592 5514 ct
1625 5459 1674 5514 7.

236 5529 311 5595 (εἰ)
338 5524 480 5582 Bibl.
513 5530 632 5582 cod.
665 5544 775 5592 crx,
810 5524 929 5597 pag.
952 5527 1077 5581 ‘299.

230 5599 306 5665 (3)
346 5597 484 5651 Hist.
517 5599 641 5653 eccl.
679 5600 768 5652 lib.
808 5615 902 5658 vu,
943 5613 1061 5662 cap.
1090 5597 1176 5651 52.

235 5670 313 5733 (4)
350 5667 422 5722 De
447 5668 544 5722 vir.
587 5670 782 5723 illustr.
806 5710 820 5732 ,
855 5684 973 5735 cap.
1006 5665 1093 5722 75.

239 5739 316 5805 (5)
345 5737 500 5793 Praef.
529 5739 581 5792 in
617 5740 710 5794 lib.
737 5739 972 5806 Paralip.

234 5810 310 5880 (ti)
340 5808 480 5864 Hist.
505 5811 628 5864 eccl.
663 5811 753 5864 lib.
783 5825 869 5876 vr,
903 5824 1021 5880 cap.
1050 5808 1142 5871 32.

1838 4323 2056 4377 Interim
2085 4331 2265 4375 tamen
2303 4321 2614 4390 lmjusmodi
2662 4321 2904 4391 episc0pi
2933 4319 3286 4375 Caesariensis
3316 4329 3398 4374 te-

1838 4416 2152 4470 stimonium
2217 4415 2352 4468 nihil
2409 4413 2670 4483 impedit,
2734 4413 3029 4482 quominus
3084 4410 3400 4482 Pamphilus

1835 4507 2097 4576 Opuscula
2122 4507 2231 4560 duo
2254 4523 2376 4576 qua:
2413 4505 2591 4561 adlmc
2620 4514 2882 4576 superant
2918 4506 3205 4575 scripsisse
3229 4548 3244 4572 ,
3282 4504 3398 4559 Ea:-

1833 4601 2142 4668 positionem
2182 4599 2438 4652 nimirum
2473 4598 2700 4668 capitum
2754 4598 2982 4652 Actuum
3043 4597 3398 4666 apostolorum

1834 4701 1884 4746 et
1920 4689 2159 4760 Origenis
2211 4689 2601 4760 Apologeticum
2628 4731 2643 4756 ,
2693 4689 2888 4742 merito
2917 4687 3275 4741 existimetur.
3312 4686 3399 4739 Si-

1835 4785 2074 4849 quidem.
2106 4792 2165 4836 ut
2196 4785 2360 4852 probe
2382 4782 2653 4852 perspexit
2683 4780 3089 4836 eruditissimus
3133 4778 3396 4835 Fontani-

1836 4875 1960 4927 nius
1992 4872 2126 4944 (10),
2161 4870 2428 4926 Eusebius
2468 4880 2613 4924 certe
2659 4867 2768 4923 non
2820 4868 3004 4935 dixit,
3031 4856 3392 4939 Pamphilum

1835 4965 1969 5018 nihil
1985 4967 2173 5033 operis,
2196 4966 2288 5020 sed
2306 4965 2435 5018 nihil
2451 4977 2660 5016 paoenn
2674 4963 2840 5032 operis
2865 4963 3074 5016 omnino
3088 4961 3393 5030 scripsisse:

1837 5061 1939 5126 vel,
1977 5059 2022 5114 si
2051 5059 2242 5124 mavis,
2284 5057 2402 5127 ipso
2428 5055 2757 5125 Hieronymo
2783 5053 3241 5124 interprete,nihil
3266 5067 3394 5107 rno-

1833 5167 1936 5204 Pnn
1958 5151 2240 5220 quidquam
2264 5148 2553 5202 condidisse
2576 5162 2856 5204 senuoms.
2876 5146 3038 5215 Atqui
3063 5145 3208 5215 prius
3259 5160 3395 5213 optt-

1833 5241 2045 5294 scnlum
2093 5238 2444 5294 conscribens
2477 5237 2807 5307 Pamphilus,
2839 5237 2972 5290 nihil
3006 5237 3204 5305 proprii
3227 5235 3397 5304 operis

1909 5461 1984 5531 (Ἰ)
2006 5461 2222 5514 Hieron.
2240 5501 2254 5521 ,
2271 5461 2429 5531 epist.
2449 5460 2537 5526 54,
2563 5461 2634 5514 al.
2661 5461 2781 5523 Ml,
2805 5460 2867 5512 ad
2887 5459 3145 5524 Mareell.,
3166 5472 3316 5510 num.
3340 5458 3397 5517 Ι.

1906 5532 1980 5598 (8)
2010 5532 2084 5584 Id.
2123 5531 2196 5584 De
2228 5531 2324 5586 vir.
2362 5531 2586 5595 illustr.,
2621 5545 2740 5598 cap.
2764 5531 2816 5582 5.

1905 5597 1980 5671 (9)
2011 5602 2120 5665 ld.,
2153 5603 2245 5671 l_ih.
2283 5617 2297 5654 ι
2375 5601 2596 5671 Apolog.
2647 5597 2814 5654 cantr.
2863 5599 3036 5667 Ruﬁn.
3064 5639 3080 5662 ,
3133 5613 3284 5654 num.
3316 5597 3351 5653 9
3380 5638 3394 5658 .

1834 5669 1969 5742 Opp.
2002 5683 2133 5742 ton}.
2164 5669 2225 5732 ll,
2258 5687 2379 5739 pag.
2415 5669 2537 5742 λεδ.

1904 5735 2012 5813 (10)
2053 5741 2194 5796 Hist.
2227 5735 2388 5795 litter.
2422 5741 2601 5811 Aquil.
2643 5740 2735 5796 lib.
2765 5755 2818 5804 ν,
2848 5753 2948 5810 cap
2988 5735 3089 5812 5,5
3115 5735 3167 5802 5,
3188 5755 3238 5813 p.
3267 5737 3412 5800 259..
