3922 6494
514 334 644 388 1351

1722 334 1780 388 S.
1819 333 2136 389 PAMPHILI
2176 333 2533 388 MARTYRIS

3611 336 3745 394 15'!

513 451 754 522 pmtu-lit,
784 467 884 507 nec
912 453 1206 523 quidquam
1251 452 1496 508 condidit
1516 454 1738 521 proprii
1766 456 2019 508 sermonis
2048 469 2066 507 :
2098 459 2140 513 Α
2170 453 2323 517 Acta,
2365 461 2525 521 atque
2553 452 2606 505 in
2643 451 2958 507 melioribus
2989 450 3123 508 Novi
3152 451 3484 508 Testamenti
3537 456 3746 508 editio-

515 543 644 597 illnd
658 544 802 597 enim
826 545 1088 598 duntaxat
1105 561 1171 599 ex
1195 545 1425 599 summis
1440 560 1619 598 rerum
1645 545 1913 613 capitibus
1935 560 2072 614 quas

514 637 566 690 in
581 638 874 705 apostolica
899 637 1122 691 historia
1137 637 1298 692 tradit
1315 645 1532 692 sanctus
1556 637 1912 706 Lucasapatet
1926 637 1993 690 ab
2007 651 2072 690 eo

513 737 845 781 contextum.
876 726 1062 797 Neque
1106 744 1269 796 porro
1297 729 1568 798 posterius
1606 728 1899 798 quidquam
1946 744 2070 796 pro-

512 821 616 886 prii
637 819 806 887 operis
825 819 937 872 sive
958 819 1209 871 sermonis
1230 819 1427 871 habere
1444 819 1772 887 comperit-ur
1793 808 1807 871 Ξ
1829 817 2072 886 quando~

515 910 755 978 quidem,
798 919 858 964 ut
893 911 970 963 ait
1013 910 1095 962 vir
1123 911 1217 974 el.,
1273 910 1461 964 beatus
1490 917 1692 978 martyr
1735 917 1920 963 contra
1957 923 2072 961 ma-

512 1001 619 1055 lam
652 1000 955 1054 doctrinam
993 999 1214 1068 Origeni
1248 999 1510 1067 objectam
1535 1039 1548 1063 ,
1582 1013 1762 1050 veram
1798 997 1916 1066 ejus
1968 997 2070 1050 do-

512 1090 740 1143 ctrinam
779 1089 910 1156 ipsis
928 1087 1268 1158 Origenianis
1291 1086 1468 1141 verbis
1483 1101 1794 1154 expressam
1816 1085 2066 1154 opponit;

514 1191 575 1234 ut
622 1195 687 1233 ex
731 1179 1016 1247 utriusque
1067 1190 1256 1233 mutuo
1305 1179 1512 1232 collatae
1564 1177 1881 1232 discrimine
1929 1178 2070 1232 clare

510 1273 809 1332 evincatur.
851 1271 1095 1340 Origenis
1125 1271 1323 1340 scripta
1355 1271 1423 1324 ab
1453 1271 1722 1324 haereticis
1744 1268 1914 1324 fuisse
1943 1285 2067 1324 cor-

511 1374 666 1434 rupta
699 1383 713 1426 ;
770 1381 891 1418 cum
928 1365 1064 1419 hanc
1113 1379 1278 1418 unam
1317 1362 1675 1432 qttmstioncm
1727 1369 2019 1431 pertractet
2050 1403 2065 1428 ,

513 1458 784 1512 fuerintne
807 1458 1052 1526 Origenis
1085 1457 1204 1510 libri
1238 1455 1498 1524 corrupti,
1532 1469 1700 1508 necne
1727 1472 1740 1507 :
1773 1455 1917 1523 quod
1941 1470 2070 1510 sane

510 1567 616 1604 non
650 1561 730 1605 est
761 1552 959 1620 proprii
1000 1551 1166 1619 operis
1202 1549 1405 1615 aliquid
1434 1547 1686 1602 condere.

582 1641 664 1694 Ill.
701 1641 792 1696 His
826 1649 1005 1695 autem
1059 1640 1246 1708 positis
1283 1641 1347 1693 ad
1406 1649 1697 1708 utrumque
1747 1635 2068 1706 opusculum

508 1731 790 1802 Pamphilo
818 1732 1192 1795 astruendum,
1219 1730 1284 1784 de
1311 1731 1490 1800 priore
1517 1731 1734 1798 quidem
1766 1729 1846 1784 sic
1887 1726 2069 1797 prolo—

509 1826 693 1892 qnitur
730 1825 1080 1879 doctissimus
1112 1823 1550 1878 Montfaucouius
1582 1864 1596 1888 ,

508 1915 1003 1970 (Ioislinianoiilud
1060 1915 1269 1984 primus
1330 1915 1384 1968 in
1440 1915 1635 1983 vulgus
1685 1914 1863 1968 emisit
1905 1914 2065 1985 (H);

515 2027 533 2058 ι
583 2007 978 2075 Expositionem
1009 2007 1238 2075 capitum
1272 2007 1498 2058 Actuum
1528 2006 1886 2074 apostolorum
1947 2020 2068 2060 esse

509 2115 632 2153 vere
652 2099 916 2168 Pamphili
959 2099 1210 2168 martyris
1232 2137 1248 2162 ,
1293 2113 1400 2150 non
1433 2106 1515 2152 est
1542 2099 1686 2167 quod
1733 2097 2063 2152 dubitemus.

504 2191 638 2246 Nam
675 2195 727 2244 in
755 2207 820 2244 eo
841 2190 950 2244 fere
973 2199 1136 2243 totam
1163 2197 1374 2242 aetatem
1399 2189 1652 2244 contrivit
1675 2197 1894 2244 sanctus
1921 2205 2067 2244 mar-

507 2294 591 2354 tyr
613 2324 627 2346 ,
666 2293 726 2337 ut
761 2281 1054 2352 Scriptura:
1085 2297 1254 2336 sacrae
1282 2281 1449 2336 libros
1478 2297 1642 2336 manu
1667 2298 1765 2338 sua
1789 2282 2066 2338 describe-

505 2386 607 2439 ret,
641 2383 861 2429 ornaret
892 2373 1061 2428 titulis
1089 2382 1252 2442 atque
1283 2372 1526 2438 scholiis,
1562 2382 1622 2427 ut
1669 2374 1828 2428 docet
1872 2373 2066 2427 Hiero-

506 2482 724 2537 nymus,
766 2464 841 2518 De
870 2464 1213 2532 scriptoribus
1258 2464 1652 2518 ecclesiasticis.
1703 2463 1907 2518 Iudicat
1939 2463 2064 2518 item

505 2567 635 2611 nota
657 2556 859 2610 codicis
901 2555 1013 2608 RR.
1067 2553 1169 2607 PP.
1209 2552 1538 2609 Jesuitarum
1569 2595 1583 2617 ,
1633 2555 1724 2624 qui
1776 2555 2066 2624 prophetas

504 2665 693 2703 omnes
725 2647 981 2701 continet.
1016 2645 1453 2702 Asserildcmum
1478 2645 1839 2715 calligraphns
1864 2646 2066 2700 codicis

503 2738 862 2793 vetustissimi
897 2737 1060 2808 hujus
1091 2738 1435 2793 bibliothecae
1465 2736 1880 2809 (Coisliniante)
1911 2754 2061 2792 num.

503 2829 632 2894 202,
665 2829 754 2897 qui
781 2829 845 2882 ad
878 2829 1076 2884 calcem
1104 2828 1468 2898 Epistolarum
1509 2829 1565 2883 S.
1599 2829 1751 2883 Pauli
1782 2830 1856 2883 ait
1899 2845 1957 2884 se
1999 2831 2065 2883 il-

506 2920 618 2973 lum
648 2919 824 2991 ipsum
856 2921 1097 2975 codicem
1128 2920 1424 2974 contulisse
1447 2920 1499 2972 in
1541 2919 1860 2973 bibliOthcca
1888 2919 2068 2973 Caesa-

505 3015 674 3070 riensi
701 3031 822 3069 cum
865 3015 972 3067 alio
999 3013 1185 3068 codice
1233 3013 1325 3082 qui
1375 3011 1547 3082 ipsius
1597 3010 1863 3079 Pamphili
1899 3027 2065 3066 manu

503 3113 759 3158 exaratus
809 3104 1007 3157 fuerat.
1042 3103 1119 3156 Ad
1152 3103 1266 3156 haec
1300 3117 1427 3155 vero
1465 3101 1832 3170 calligraphus
1888 3102 1975 3157 ille
2012 3104 2064 3156 in

506 3207 632 3250 nota
657 3211 778 3261 sua,
796 3194 982 3249 eadem
1012 3193 1264 3264 loquendi
1291 3194 1522 3246 formula
1544 3209 1712 3262 eaque
1733 3211 1837 3247 non
1860 3194 2066 3264 vulgari

505 3286 695 3351 utitur,
717 3286 808 3355 qui
848 3286 1001 3338 initio
1033 3285 1278 3353 opusculi
1337 3283 1697 3354 Pamphiliani
1729 3294 2022 3353 usurpatur
2050 3300 2064 3348 ;

503 3378 785 3440 nimirum,
824 3380 949 3448 παρ’
974 3371 1047 3430 ὧν
1070 3377 1320 3430 ἁπάντων
1340 3376 1541 3448 τόλμης
1566 3375 1890 3447 συγγνώμην
1911 3376 2062 3440 αἰτῶ,

503 3469 634 3539 εὐχῇ
666 3471 730 3540 τῇ
760 3469 896 3540 ὑπὲρ
930 3469 1082 3539 ἡμῶν
1107 3469 1205 3540 τὴν
1233 3468 1644 3540 συμπεριφορὰν
1673 3466 2024 3538 κομιζόμενος
2049 3485 2062 3497 σ

501 3576 624 3631 quae
661 3561 820 3614 verba
845 3561 958 3630 ipse
981 3576 1043 3614 ex
1072 3558 1357 3629 Pamphilo
1384 3559 1527 3613 haud
1582 3557 1743 3611 dubie
1787 3566 2065 3611 mutuatus

502 3656 606 3702 est.
666 3646 815 3701 lianc
858 3658 1038 3702 autem
1093 3647 1512 3716 Expositionem,
1554 3657 1666 3700 tum
1717 3646 1785 3700 ob
1829 3647 2065 3702 auctoris

503 3742 832 3797 sanctissimi
872 3741 1317 3810 celeberrimique
1347 3756 1539 3794 nomen
1571 3779 1585 3802 ,
1639 3747 1750 3792 tum
1779 3739 1906 3808 quia
1956 3754 2062 3793 non

503 3833 683 3888 fructu
709 3850 899 3889 vacare
923 3843 1159 3903 putatur,
1183 3833 1268 3886 hic
1299 3833 1455 3886 edere
1486 3833 1659 3908 visum
1691 3841 1792 3885 est.
1836 3851 1854 3883 ι

577 3926 724 3980 lianc
748 3941 874 3978 vero
897 3925 1111 3977 ἔκθεσιν
1135 3923 1332 3978 sreculo
1358 3923 1637 3992 superiore
1658 3923 1936 3977 desinente
1963 3923 2064 3977 sub

503 4016 742 4071 Enthalii
772 4015 1050 4070 Sulcensis
1079 4014 1316 4083 episcopi
1352 4012 1573 4066 nomine
1601 4012 1930 4066 edideratcl.
1965 4010 2065 4066 Za-

503 4109 728 4177 cagnins
761 4107 814 4159 in
847 4105 1161 4159 collectione
1191 4102 1646 4156 Monumentorum
1666 4111 1916 4171 veterum,
1940 4117 2058 4171 pag.

501 4197 625 4250 «5'23.
660 4197 972 4265 lpsetamen
1004 4193 1308 4254 Euthalius,
1336 4208 1460 4262 pag.
1484 4191 1588 4246 515
1611 4232 1626 4257 ,
1666 4192 1864 4244 diserte
1893 4198 2062 4244 testa-

503 4296 610 4351 tur,
649 4297 704 4340 nt
727 4287 978 4340 observat
1002 4285 1281 4339 Fabricius
1308 4284 1419 4351 (1‘2)
1445 4325 1458 4347 ,
1504 4298 1561 4336 se
1592 4298 1749 4336 usum
1781 4281 2062 4336 codicibus

501 4393 534 4432 e
549 4377 867 4431 Caesariensi
885 4376 1401 4443 hibliothcca,quam
1423 4374 1477 4426 S.
1497 4372 1807 4440 Pamphilus
1828 4372 2060 4441 primum

2175 545 2333 599 nibus
2360 543 2579 598 Roherti
2605 541 2886 612 Stephani,
2917 542 3140 598 Joannis
3170 542 3389 598 llenrici
3419 545 3675 599 Boecleri
3699 561 3748 601 et

2171 634 2395 690 Joannis
2428 634 2577 688 Millii
2608 650 2623 698 ;
2659 649 2870 688 necnon
2920 634 2972 688 in
3004 633 3240 690 Danielis
3270 633 3476 690 Heinsii
3510 636 3594 688 ad
3629 634 3748 690 No-

2171 744 2288 782 vum
2336 726 2719 780 Testamentum
2741 725 3220 780 exercitationibus.
3247 724 3370 780 Haec
3391 725 3696 781 Fabricius
3735 771 3747 784 .

2171 819 2261 888 qni
2287 827 2338 872 et
2362 818 2475 887 ipse
2509 818 2544 870 Ι.
2579 832 2628 871 c.
2656 817 2796 870 hanc
2838 814 3106 884 Pamphili
3154 814 3554 884 Expositionem
3615 831 3741 870 cum

2174 909 2488 962 Euthaliana
2523 907 2768 963 collatam
2801 907 2940 977 typis
2971 907 3336 962 excutiendam
3355 908 3540 962 denuo
3573 922 3741 962 cura-

2173 1001 2265 1054 vit.
2298 1000 2429 1065 Quee
2465 1014 2593 1054 cum
2619 1000 2690 1052 ita
2721 1013 2778 1053 se
2805 999 3058 1065 habeant,
3101 999 3527 1054 existimaverim
3581 1003 3741 1069 equi-

2171 1091 2290 1145 dem
2352 1091 2744 1146 Wetsthenium
2781 1091 2960 1145 minus
2989 1091 3233 1145 consulte
3257 1107 3425 1145 unum
3461 1092 3737 1160 ejusmodi

2171 1184 2355 1253 opclhe
2383 1195 2651 1238 auctorem
2685 1181 2993 1236 Euthalium
3038 1198 3330 1252 agnoscere
3360 1183 3474 1252 (15)
3510 1202 3525 1248 ;
3586 1185 3738 1237 nullo

2173 1289 2302 1329 sane
2334 1285 2651 1346 argumento
2681 1275 2814 1330 satis
2842 1275 3020 1341 firmo,
3057 1291 3165 1346 quo
3220 1276 3273 1329 in
3300 1292 3456 1331 suam
3506 1287 3737 1332 sentcn-

2172 1366 2299 1420 tiam
2332 1382 2430 1422 nos
2457 1367 2750 1437 pertrahat,
2779 1367 2833 1420 in
2865 1366 3100 1420 medium
3131 1367 3382 1420 adducto.

2242 1457 2330 1512 IV.
2367 1458 2436 1512 De
2465 1460 2634 1512 altero
2661 1467 2840 1511 autem
2871 1456 3138 1526 Pamphili
3183 1457 3471 1525 opusculo,
3527 1459 3738 1511 scilicet

2175 1548 2413 1617 Origenis
2442 1549 2794 1618 Apologetico,
2828 1564 2934 1601 non
2977 1560 3057 1602 est
3089 1548 3364 1601 enimvero
3417 1565 3522 1602 cur
3572 1553 3739 1602 verba

2172 1639 2433 1694 faciamus
2466 1659 2478 1692 :
2513 1641 2650 1693 hanc
2669 1639 2808 1692 enim
2831 1638 3161 1707 provinciam
3181 1653 3369 1706 cepere
3405 1637 3735 1705 jamdudum

2172 1731 2309 1785 inter
2354 1729 2680 1784 recentiores
2732 1728 2832 1781 viri
2866 1728 3208 1791 doctissimi,
3247 1726 3476 1782 lluctius
3521 1731 3576 1782 in
3625 1731 3738 1798 pri-

1651 1823 1743 1892 qui
1775 1838 1841 1876 ex
1878 1819 2068 1875 codice
2100 1803 2142 1856 Β
2172 1819 2276 1896 mis
2307 1818 2417 1889 (Li)
2445 1859 2459 1883 ,
2489 1816 2867 1871 Tillemontius
2916 1815 3025 1886 (i5)
3083 1825 3136 1870 et
3167 1816 3529 1872 Fontaniuius
3580 1819 3735 1886 (16');

2170 1925 2341 1980 nuper
2372 1925 2499 1963 vero
2519 1909 2651 1964 satis
2678 1922 2906 1978 operose
2938 1917 3241 1978 postremus
3271 1907 3736 1978 Origenianorum

2168 2002 2341 2056 editor
2369 1999 2696 2056 Parisiensis
2731 2000 2864 2072 (l7).
2893 1997 3094 2054 Verum
3123 2014 3190 2055 ne
3220 2001 3397 2055 ofﬁcio
3429 2013 3624 2056 nostro
3649 2018 3740 2071 pe-

2167 2094 2315 2149 nitus
2345 2093 2534 2148 deesse
2564 2092 2878 2157 videamur,
2926 2092 3014 2147 hic
3040 2102 3248 2148 veteres
3281 2102 3497 2147 tantum
3526 2102 3581 2148 et
3605 2095 3738 2164 'qui-

2169 2187 2289 2242 dem
2322 2186 2624 2257 pracipuos
2652 2200 3080 2240 commemorare
3135 2201 3309 2256 operae
3355 2189 3598 2256 pretium
3634 2191 3736 2242 du-

2167 2277 2368 2342 cimus,
2391 2277 2485 2346 qui
2510 2275 2883 2347 Origenianum
2915 2277 3301 2347 Apologeticum
3323 2278 3485 2332 beato
3510 2281 3736 2349 martyri

2167 2370 2469 2424 asseruisse
2499 2377 2818 2423 noscuntur.
2851 2367 2994 2422 Inter
3016 2383 3111 2422 eos
3129 2382 3258 2422 vero
3288 2369 3508 2438 primus
3537 2385 3734 2423 occur-

2168 2458 2238 2514 rit
2260 2457 2526 2513 Eusebius
2563 2457 2712 2530 (18);
2763 2475 2922 2528 quem
2978 2459 3220 2527 sequitur
3269 2467 3493 2513 sanctus
3549 2458 3738 2514 Hiero-

2168 2564 2364 2619 nymus
2386 2587 2400 2612 ,
2446 2548 2524 2602 sic
2559 2548 2811 2618 inquiens
2853 2548 2962 2619 (19)
2996 2567 3008 2602 :
3064 2547 3285 2618 Scripsit
3321 2549 3735 2619 (Pamphilus)

2169 2650 2448 2710 antequam
2482 2640 2740 2696 Eusebius
2762 2640 3100 2695 Cwsariensis
3127 2681 3142 2704 ,
3183 2642 3588 2711 Apologeticum
3640 2659 3732 2710 pra

2172 2730 2411 2801 Origene.
2453 2730 2648 2786 Verum
2683 2731 2880 2786 Doctor
2909 2733 3176 2786 maximus
3197 2772 3211 2795 ,
3240 2741 3449 2786 mutata
3476 2733 3735 2801 deinceps

2168 2823 2435 2876 sententia
2459 2863 2473 2886 ,
2531 2821 2586 2874 in
2619 2821 2946 2890 assignando
2987 2821 3297 2890 scriptionis
3323 2831 3556 2876 auctore
3589 2824 3732 2874 varia

2167 2911 2444 2966 disseruit.
2480 2911 2757 2964 Socratem
2795 2908 2906 2978 (ἳο)
2933 2909 3265 2978 praeterimus
3288 2919 3340 2962 et
3359 2908 3732 2977 Nicephorum

2169 3006 2280 3076 (‘21)
2311 3005 2555 3072 aliosque
2588 3002 2858 3072 sequioris
2889 3004 2984 3056 mvi
3018 3003 3310 3071 scriptores
3338 3043 3352 3066 ,
3410 3003 3508 3071 qui
3567 3001 3734 3055 Euse-

2170 3095 2318 3148 bium
2361 3094 2681 3163 plerumque
2711 3093 2959 3147 assectati
2991 3093 3157 3147 fuisse
3183 3092 3460 3146 videntur.
3507 3092 3582 3145 At
3627 3107 3729 3144 non

2169 3184 2597 3240 estomittendus
2630 3181 2879 3245 Photius,
2903 3181 2994 3251 qui
3022 3181 3120 3234 sibi
3150 3181 3316 3234 lectos
3350 3193 3478 3233 esse
3501 3188 3734 3233 testatur

2169 3277 2280 3347 (Ξὲ)
2308 3273 2572 3344 Pamphili
2608 3274 2860 3344 martyris
2895 3281 2949 3328 et
2993 3271 3207 3326 Eusebii
3239 3286 3337 3339 pro
3381 3268 3629 3340 Origene
3670 3273 3732 3324 ιί-

2166 3368 2293 3422 bros
2323 3382 2453 3432 sex;
2487 3365 2756 3434 simulque
2776 3364 2935 3417 docet
2953 3363 3318 3433 Pamphilum,
3361 3377 3491 3416 cum
3524 3363 3733 3418 detine-

2166 3463 2314 3509 retur
2346 3455 2397 3507 in
2430 3468 2668 3519 carcere,
2702 3453 2940 3522 quinque
2970 3453 3174 3523 priores
3205 3452 3535 3521 Apotogetici
3589 3454 3732 3509 illius

2166 3544 2349 3608 libros,
2383 3552 2642 3612 praesente
2668 3542 2831 3596 etiam
2858 3541 3110 3607 Eusebio,
3128 3542 3438 3596 elaborasse
3465 3561 3480 3609 ;
3513 3554 3730 3598 sextum

2166 3649 2314 3698 vero,
2347 3644 2467 3704 post
2497 3633 2764 3703 Pamphili
2797 3633 3116 3704 martyrium
3142 3673 3157 3697 ,
3191 3631 3359 3688 fuisse
3389 3634 3463 3686 ab
3493 3632 3732 3690 Eusebio

2165 3726 2488 3781 absolutum.
2517 3720 2614 3778 Ὧν
2645 3729 2695 3781 oi
2726 3725 2823 3796 μὲν
2877 3725 3034 3778 πέντε
3082 3724 3347 3795 Παμφίλῳ
3372 3726 3435 3778 τὸ
3462 3726 3732 3798 δεσμεῖ-ᾗς

2169 3836 2277 3890 ριον
2298 3817 2549 3883 οἰκοῦντι,
2583 3818 2954 3889 συμπαρόντος
2981 3818 3072 3870 καὶ
3096 3816 3374 3879 Euctemon,
3397 3817 3730 3891 ὲξεπονήθη-

2166 3926 2260 3963 σαν
2279 3926 2292 3939 ⁸
2323 3912 2350 3962 ὁ
2381 3911 2436 3962 δὲ
2467 3910 2622 3974 ἕκτος
2647 3951 2661 3975 ,
2708 3910 2828 3962 ἐπεὶ
2857 3911 2884 3962 ὁ
2921 3909 3126 3980 μάρτυς
3159 3907 3298 3976 ξίφει
3324 3907 3418 3961 τοῦ
3459 3909 3562 3982 ζῇν
3593 3913 3727 3964 ﬁm-

2163 3999 2331 4070 χθεὶς,
2363 4001 2584 4054 ἀνέλυσε
2617 4001 2751 4072 πρὸς
2773 4000 2830 4053 ὃν
2868 3999 3048 4052 ἐπόθει
3084 3999 3234 4063 Θεὸν,
3267 3999 3518 4071 Εὑσεὸιῳ
3543 4001 3728 4055 λοιπὸν

2163 4091 2531 4165 ἀπαρτίζεται.
2568 4090 2691 4146 Haec
2722 4093 2855 4146 satis
2885 4105 3065 4144 sunto.
3105 4089 3206 4155 Qui
3237 4103 3364 4143 vero
3418 4091 3578 4159 plura
3621 4093 3719 4145 hoc

2162 4183 2229 4238 de
2255 4199 2416 4253 opere
2442 4184 2583 4238 scire
2604 4183 2822 4248 studet,
2869 4183 3158 4252 scriptores
3201 4196 3269 4236 ex
3326 4186 3726 4238 recentioribus

2163 4275 2326 4327 modo
2348 4273 2594 4328 laudatos
2615 4273 2791 4326 adeat.

2232 4363 2296 4427 ν.
2318 4365 2423 4419 Sed
2444 4379 2608 4417 unum
2625 4364 2801 4418 adhuc
2817 4363 3079 4418 hactenus
3097 4363 3255 4417 dictis
3279 4362 3724 4432 addidissejuve-

503 4484 700 4536 luagno
751 4467 928 4522 studio
961 4466 1252 4529 instruxit;
1293 4464 1558 4516 Eusebius
1610 4463 1800 4515 deinde
1833 4463 2059 4531 ejusque

2173 4455 2234 4509 rit
2261 4473 2274 4521 ;
2310 4470 2418 4522 quo
2449 4454 2706 4507 nimirum
2735 4463 2978 4531 constet,
2998 4463 3057 4507 ut
3090 4454 3188 4507 viri
3217 4454 3524 4509 doctissimi
3548 4457 3722 4510 verbis

503 4572 846 4613 successores
879 4555 1118 4624 episcopi
1170 4553 1531 4607 Caesarienses
1571 4560 1856 4605 servarunt
1903 4567 2066 4606 auxe-

503 4659 759 4718 runtque.
797 4647 934 4700 llinc
975 4647 1155 4715 itaque
1194 4644 1513 4698 divisionem
1566 4642 1800 4711 capitum
1848 4644 2060 4712 qualem

505 4742 562 4794 ὃ.
614 4740 928 4809 Pamphilus
974 4738 1296 4807 digesserat,
1329 4736 1488 4790 etiam
1520 4749 1583 4788 ex
1619 4733 1726 4788 illis
1783 4742 2062 4790 mutuatus

503 4845 641 4889 esse,
673 4829 1065 4883 versiculorum
1106 4843 1238 4882 vero
1270 4827 1493 4896 ipsemet
1536 4823 1819 4878 Euthalius
1876 4823 2063 4892 utique

502 4919 776 4974 addidisse
792 4921 1020 4974 videtur.
1039 4917 1228 4974 Exstat
1243 4932 1403 4987 porro
1425 4916 1608 4970 eadem
1625 4914 1836 4977 ἕκθεσις
1861 4914 2064 4982 absque

503 5011 720 5065 inomine
752 5011 991 5067 auctoris
1037 5019 1161 5065 ante
1190 5008 1609 5064 commentarios
1633 5005 1948 5060 OEcumenii
2007 5005 2060 5057 in

575 5166 684 5233 (il)
713 5166 850 5220 Bibl.
881 5165 1043 5220 Coisl.
1069 5207 1082 5229 ,
1117 5180 1236 5233 pag.
1277 5163 1361 5215 78.

574 5231 684 5303 (1‘2)
712 5239 790 5290 Ad
826 5236 960 5305 Opp.
998 5231 1207 5305 Hippnl;
1239 5243 1372 5305 tuin.
1411 5231 1477 5305 ll,
1511 5247 1628 5299 pag.
1658 5231 1779 5284 9.09.

717 5299 1019 5387 Prolcgom.
1045 5299 1112 5358 ad
1144 5303 1208 5357 N.
1238 5302 1384 5356 Test.
1417 5302 1510 5356 Gr.
1535 5340 1550 5363 ,
1591 5317 1745 5371 pagg.
1788 5299 1856 5354 45
1877 5308 1928 5354 et
1959 5299 2055 5367 76,

501 5376 1021 5517 edi-idlngrigenian.
1054 5445 1149 5498 lib.
1178 5459 1252 5517 tt_,_
1271 5459 1390 5513 cap.
1515 5442 1542 5512 §
1580 5443 1662 5504 N5.
1699 5455 1821 5517 93$;
1860 5439 1983 5493 ‘90-

572 5510 684 5582 (15l
717 5510 956 5570 Mentoir.
985 5553 1000 5579 ,
1049 5525 1180 5568 tom.
1209 5512 1286 5580 V,
1319 5510 1369 5582 p.
1419 5510 1541 5576 7'50,
1597 5519 1707 5564 not.
1763 5511 1822 5562 11
1863 5525 1956 5565 sur
1998 5510 2054 5564 S.

501 5582 858 5722 Paiigl‘ilist.
895 5655 1058 5709 littcr.
1096 5655 1294 5724 Aquil.,
1319 5654 1417 5724 lib.
1447 5653 1500 5715 ξ’,
1534 5667 1652 5720 cap.
1680 5650 1730 5715 1,
1862 5649 1894 5706 5
1925 5658 1978 5706 et
2003 5649 2056 5716 6,

501 5739 553 5778 et
588 5743 702 5794 cap.
732 5725 784 5788 5,
826 5725 854 5796 ᾗ
887 5726 939 5792 5,
969 5741 1122 5796 pagg.
1155 5723 1290 5789 7208,
1322 5723 1444 5787 23L
1490 5738 1640 5792 seqq.

2164 4554 2287 4599 utar
2324 4547 2460 4615 (25),
2499 4555 2747 4601 sanctum
2773 4556 3062 4615 martyrem
3087 4546 3140 4598 in
3177 4544 3419 4614 Origenis
3460 4546 3720 4616 Apologe-

2163 4640 2263 4690 tico
2287 4638 2599 4691 adornaudo
2622 4639 2939 4707 praclarum
2969 4651 3081 4690 suae
3100 4637 3152 4689 in
3188 4635 3470 4690 Christum
3508 4638 3722 4706 pietatis

2161 4738 2571 4782 monumentum
2627 4727 2930 4796 reliquisse.
2969 4724 3104 4779 Dum
3146 4725 3289 4778 enim
3323 4727 3412 4779 ille
3439 4727 3494 4779 in
3533 4729 3585 4781 id
3627 4744 3720 4796 po-

2163 4819 2432 4873 tissimum
2473 4819 2754 4883 incumbit,
2783 4828 2839 4871 ut
2861 4818 2929 4871 ab
2953 4817 3141 4870 haeresi
3173 4817 3374 4870 Ariona
3419 4818 3717 4872 immunem

2159 4911 2492 4964 demonstret
2525 4908 2808 4978 Origenem
2835 4949 2849 4972 ,
2896 4920 3059 4978 atque
3092 4909 3274 4961 animo
3324 4911 3399 4963 ita
3437 4925 3722 4979 compara-

2161 5010 2266 5064 tus,
2296 5000 2557 5070 quidquid
2588 5002 2798 5070 uSpiatn
2821 5002 2888 5054 de
2925 4999 3061 5054 Filio
3095 5000 3187 5054 Dei
3217 5000 3582 5056 Adamantius
3637 5002 3717 5055 lu-

2231 5157 2368 5279 (17)1
2384 5157 2593 5280 (ζιέαεη.
2619 5157 2750 5227 Opp.
2781 5167 2912 5212 tom.
2939 5157 3024 5223 ιν,
3056 5159 3108 5211 in
3129 5156 3350 5210 admon.
3375 5156 3445 5210 ad
3477 5158 3715 5225 Apolog..

2231 5244 2313 5280 ea.
2380 5258 2403 5266 —
2480 5265 2494 5280 .

2197 5244 2313 5295 agg.
2346 5244 2494 5280 1-ιυ.

2158 5245 2313 5298 pagg.
2346 5245 2494 5280 ι-ιυ.

2230 5298 2340 5364 (18)
2373 5297 2515 5350 llist.
2540 5299 2664 5350 εδει.
2691 5298 2782 5351 lib.
2820 5314 2870 5350 vi
2895 5337 2910 5360 ,
2945 5313 3065 5364 cap.
3100 5296 3188 5348 '55.

2259 5367 2336 5434 l9)
2366 5366 2440 5420 De
2475 5368 2569 5421 vir.
2601 5367 2798 5422 illustr.
2825 5407 2839 5428 ,
2866 5383 2983 5436 cap.
3012 5367 3095 5422 75.

2229 5436 2343 5506 (ΞΟ)
2370 5436 2515 5491 Hist.
2549 5436 2674 5490 eccl.
2712 5438 2805 5492 lib.
2835 5453 2926 5498 ut,
2959 5452 3077 5506 cap.
3113 5436 3163 5489 7.

2253 5509 2339 5574 ξι)
2371 5506 2516 5560 Hist.
2547 5507 2671 5560 eccl.
2704 5508 2796 5560 lih.
2825 5521 2853 5559 λ
2876 5546 2889 5568 ,
2914 5523 3032 5575 cap.
3071 5506 3154 5560 i4.

2253 5515 2339 5574 at)
2371 5515 2516 5560 Hist.
2547 5515 2671 5560 eccl.
2704 5515 2796 5560 lib.
2825 5521 2853 5559 λ
2876 5546 2889 5568 ,
2914 5523 3032 5575 cap.
3071 5515 3154 5560 Μ.

2227 5515 2340 5645 l2?)
2366 5577 2506 5630 Bibl.
2534 5578 2652 5630 cod.
2687 5593 2848 5631 cxvnt
2877 5618 2890 5641 ,
2923 5593 3042 5645 pag.
3074 5575 3203 5629 295.

2229 5643 2623 5772 (ὶὸὲυὶὲῐαναηη
2656 5648 2727 5701 De
2749 5643 2992 5702 divian.
3013 5643 3082 5702 VC.
3121 5646 3212 5704 lib.
3252 5661 3324 5711 tv,
3357 5659 3476 5717 cap.
3494 5645 3582 5707 24,
3609 5643 3709 5715 εὖ»

2233 5733 2280 5772 κ.
2349 5735 2394 5770 ί).
2425 5757 2436 5770 .

2160 5733 2280 5788 pag.
2314 5733 2436 5772 eos.
3066 5773 3072 5780 ,
3103 5774 3108 5780 _
