3922 6548
227 409 371 464 1555

1748 408 1951 464 ACTA.

3335 415 3464 472 1535

222 524 599 580 rulentissime
652 524 856 593 docuit,
889 527 1111 583 sedulus
1139 525 1364 597 colligit,
1406 525 1645 595 illudque
1674 524 1793 594 ejus
1823 529 1867 585 Α
1897 541 1954 579 se
1980 525 2138 581 hesos
2156 537 2345 596 putant
2371 527 2444 581 ab
2468 541 2534 583 eo
2561 529 2654 598 qui
2693 528 2760 583 de
2805 528 3033 600 Origene
3094 549 3204 588 non
3258 537 3460 605 aliquid

222 616 681 672 obtrectatoribus
712 619 939 688 objicit;
975 619 1105 688 quid
1154 618 1271 687 ipse
1318 633 1534 688 quoque
1581 615 1648 670 de
1691 617 1792 670 hoc

221 706 501 775 praecipuo
532 709 812 763 catholica:
854 710 1097 764 veritatis
1123 708 1298 778 capite
1328 708 1594 773 sentiret,
1635 706 1792 776 plane

218 808 561 867 compertum
592 800 737 856 fecit.

295 885 483 957 Neque
522 889 627 943 ulla
664 892 903 956 demum,
936 891 1109 962 pergit
1141 891 1224 944 vir
1252 891 1321 946 cl.
1347 933 1361 957 ,
1409 891 1647 961 legitima
1699 907 1792 946 su-

221 978 398 1047 spicio
421 981 592 1034 estde
639 982 741 1035 (ide
776 980 977 1046 Rufini,
1007 983 1098 1052 qui
1134 984 1277 1037 hunc
1302 982 1687 1051 Apologeticum
1735 981 1789 1034 in

221 1069 477 1125 Latinum
503 1072 796 1125 transtulit.
835 1072 1113 1141 Siquidem
1137 1072 1430 1141 quominus
1463 1071 1516 1125 in
1540 1086 1603 1125 eo
1629 1085 1792 1139 opere

220 1161 437 1217 Latinis
468 1163 661 1217 litteris
712 1165 985 1219 reddendo
1028 1164 1081 1219 id
1122 1165 1386 1234 interpres
1434 1162 1794 1218 committeret

218 1254 365 1323 quod
394 1255 447 1307 in
478 1256 599 1311 aliis
621 1256 885 1325 ejusmodi
919 1257 1393 1312 lucubrationibus
1433 1255 1536 1309 sibi
1572 1254 1791 1309 licuisse

218 1343 575 1409 existimavit,
607 1346 876 1402 deterrere
908 1357 1051 1402 certe
1076 1348 1253 1417 ipsum
1298 1346 1481 1401 debuit
1522 1353 1698 1399 metus
1722 1344 1791 1398 ab

218 1434 472 1504 ()rigenis
499 1436 828 1493 adversariis
864 1440 1114 1509 injectus,
1140 1439 1340 1509 quibus
1363 1437 1702 1492 stomachum
1730 1451 1789 1490 se

218 1524 492 1580 facturum
519 1528 755 1593 videbat,
808 1530 1058 1600 quamvis
1088 1546 1196 1583 non
1231 1544 1391 1584 suum
1424 1570 1439 1595 ,
1491 1528 1585 1583 sed
1615 1528 1789 1582 sancti

216 1616 486 1687 Pamphili
526 1620 599 1685 ,de
652 1620 881 1690 Origene
905 1621 1171 1690 judicium
1246 1620 1511 1691 proferret
1540 1638 1553 1673 :
1585 1628 1788 1689 quanto

216 1708 397 1778 magis
428 1708 474 1763 si
502 1711 630 1779 quid
660 1711 777 1781 ipse
811 1712 1153 1780 inseruisset,
1182 1715 1325 1783 quod
1359 1727 1534 1783 neque
1582 1713 1649 1767 ab
1670 1711 1790 1766 Ori-

216 1814 357 1870 gene
377 1800 638 1871 scriptum
665 1843 680 1867 ,
712 1819 890 1873 neque
925 1820 956 1859 a
987 1814 1176 1861 sancto
1216 1805 1498 1875 Pamphilo
1534 1804 1784 1870 relatum,

216 1893 396 1948 evinci
423 1894 713 1964 aliquando
742 1898 1048 1966 potuisset?

289 1983 446 2050 Quod
482 1987 702 2055 quidem
722 2002 783 2041 ex
822 1989 978 2041 initio
1010 1986 1343 2055 praefationis
1374 1985 1669 2039 Ruﬁniana:
1716 1984 1782 2038 li-

212 2075 387 2144 quido
413 2086 645 2131 constat.
688 2076 777 2133 Sic
822 2078 967 2133 enim
1007 2080 1274 2150 interpres
1321 2077 1615 2133 Macarium
1652 2079 1783 2133 allo-

215 2174 384 2224 cutus
413 2188 426 2224 :
457 2188 475 2221 c
510 2169 754 2240 lnjungis
780 2172 914 2225 mihi
945 2186 1091 2239 rem,
1134 2172 1330 2240 inquit,
1361 2186 1480 2241 qua:
1508 2170 1601 2225 tibi
1631 2171 1783 2241 agni-

212 2268 288 2314 ta:
314 2261 561 2316 veritatis
587 2261 813 2332 gratiam
850 2262 1094 2317 conferat
1128 2280 1141 2315 :
1179 2264 1312 2317 mihi
1337 2272 1516 2317 tamen
1537 2277 1643 2316 non
1680 2262 1781 2316 du-

214 2349 334 2405 bito
366 2349 497 2421 quin
526 2351 785 2406 otl'ensam
819 2353 1110 2407 maximam
1137 2363 1413 2422 comparet
1442 2368 1631 2406 eorum
1684 2351 1776 2422 qui

1896 616 2033 671 male
2060 620 2310 674 senserit.
2346 619 2411 673 Et
2437 622 2686 693 quamvis
2718 636 2824 675 non
2852 637 3027 676 meam
3059 625 3127 678 de
3155 641 3219 679 eo
3245 636 3461 682 senten-

1892 710 2041 773 tiam,
2074 710 2163 764 sed
2189 712 2359 765 sancti
2394 712 2643 783 martyris
2689 712 2948 781 Pamphili
3001 718 3306 773 sciscitatus
3339 720 3415 774 sis
3442 760 3459 785 ,

1891 808 1945 853 et
1978 800 2171 854 librum
2207 802 2346 871 ejus,
2382 819 2540 872 quem
2574 819 2672 873 pro
2724 804 2958 875 Origene
3000 807 3054 861 in
3086 807 3275 863 Graeco
3324 813 3460 865 scri-

1890 891 2061 961 psisse
2093 893 2325 947 traditur
2347 936 2362 960 ,
2409 896 2691 950 transferri
2739 898 2832 951 tibi
2865 903 3181 969 poposceris
3228 903 3280 955 in
3310 903 3457 957 Lati-

1892 996 2056 1047 num;
2088 990 2268 1036 tamen
2296 999 2402 1036 non
2440 984 2628 1038 dubito
2657 984 2889 1055 futuros,
2917 990 3007 1059 qui
3036 1002 3089 1043 et
3116 991 3168 1042 in
3199 1006 3265 1044 eo
3301 992 3459 1046 laesos

1889 1088 1948 1128 se
1972 1082 2177 1142 putent,
2205 1074 2249 1128 si
2282 1091 2381 1130 nos
2409 1076 2609 1146 aliquid
2646 1092 2745 1145 pro
2773 1093 2838 1132 eo
2867 1080 2951 1133 vel
2980 1080 3156 1135 alieno
3208 1096 3457 1137 sermone

1888 1162 2157 1217 dicamus.
2200 1183 2218 1215 ι
2248 1162 2421 1218 Tanta
2456 1178 2618 1233 porro
2647 1166 2829 1219 cautio
2850 1206 2864 1229 ,
2898 1174 2958 1220 ut
2978 1182 3101 1220 cum
3148 1167 3267 1221 viro
3298 1167 3457 1221 docto

1888 1255 2302 1322 concludamus,
2331 1256 2514 1310 nimia:
2536 1257 2767 1311 licentia:
2794 1258 3163 1327 suspicionem
3213 1274 3323 1313 non
3357 1273 3457 1327 pa-

1889 1348 2037 1411 titur,
2061 1362 2161 1402 nee
2185 1346 2364 1401 Ruﬁni
2390 1364 2589 1403 nomen
2636 1349 2704 1403 de
2735 1349 3170 1404 testimoniorum
3217 1348 3458 1419 pondere

1889 1439 2088 1507 aliquid
2129 1438 2415 1493 detrahere
2441 1439 2567 1507 jure
2593 1440 2772 1495 debet.
2799 1439 2931 1493 lllud
2965 1455 3181 1510 quoque
3222 1440 3452 1502 accedit,

1888 1532 2031 1601 quod
2064 1546 2130 1585 ex
2159 1530 2369 1585 laciniis
2401 1530 2599 1585 Griecis
2622 1530 2983 1601 Origenianis,
3011 1532 3125 1586 suis
3146 1531 3453 1601 quibusque

1886 1623 2024 1677 locis
2051 1621 2295 1685 intextis,
2333 1621 2400 1675 de
2422 1622 2647 1691 reliquis
2675 1624 2837 1676 etiam
2876 1624 2963 1677 ubi
2994 1640 3112 1677 esse
3136 1624 3350 1684 desunt,
3379 1622 3455 1675 in-

1892 1713 2143 1782 terpretis
2169 1712 2302 1767 ﬁdes
2356 1711 2596 1766 fulcitur.
2650 1714 2913 1767 Caeterum
2969 1731 3228 1784 nuperam
3290 1715 3453 1783 hujus

1894 1805 2208 1875 Apologetici
2238 1806 2372 1860 satis
2402 1806 2730 1861 luculentam
2760 1807 3050 1862 editionem
3088 1808 3449 1862 Parisiensem

1814 1878 1859 1936 Β
1889 1898 2030 1968 typis
2054 1897 2459 1965 exprimendam
2492 1900 2822 1955 curavimus.

1958 1989 2054 2043 His
2080 2003 2243 2058 porro
2270 1988 2330 2043 B.
2355 1988 2621 2059 Pamphili
2669 1992 2922 2060 operibus
2953 2034 2966 2057 ,
3025 1991 3156 2044 Acta
3188 1991 3451 2063 passionis

1885 2077 2131 2148 ejusdem
2165 2076 2462 2146 adjecimus
2486 2120 2501 2143 ,
2536 2096 2603 2134 ex
2631 2080 2785 2134 libris
2837 2079 3053 2134 Eusebii
3102 2081 3453 2136 CtBStll‘lenSls

1885 2171 2190 2240 desumpta,
2222 2186 2343 2240 qua:
2368 2173 2717 2227 doctissimus
2743 2173 3145 2243 Papebrochius
3160 2174 3314 2243 juxta
3342 2190 3448 2231 ms.

1883 2260 2179 2317 Mediceum
2205 2262 2347 2332 regis
2386 2262 2839 2320 Christianissimi
2866 2264 3133 2334 cvulgavit
3166 2264 3299 2336 (9.4).

737 2763 1116 2875 ACTA
1207 2760 1947 2875 PASSIONIS
2033 2758 2148 2874 S.
2248 2763 2927 2940 PAMPHILI

1532 2998 2143 3087 MARTYRIS

273 3197 380 3257 Ex
436 3194 616 3259 libris
644 3162 901 3256 Eusebii
936 3193 1332 3257 Caesariensis
1360 3193 1432 3254 de
1460 3190 1635 3252 illius
1670 3190 1830 3263 Vita,
1853 3190 2053 3269 juxta
2082 3206 2193 3249 ms.
2241 3187 2583 3250 Mediceum
2639 3188 2803 3264 regis
2854 3186 3392 3255 Christianissimi.

1600 3508 1794 3569 PARS
1837 3507 2080 3569 PRIOR

458 3672 705 3730 Omnium
732 3674 1006 3729 duodecim
1041 3673 1130 3743 qui
1184 3688 1302 3726 cum
1348 3673 1461 3741 ipso
1491 3671 1635 3740 passi
1672 3678 1816 3738 sunt,
1848 3681 2002 3741 atque
2031 3670 2086 3724 in
2111 3670 2297 3741 primis
2325 3666 2592 3738 Pamphili
2619 3667 2801 3721 laudes
2828 3666 3194 3733 complectens.

278 3850 356 3901 A'.
375 3847 577 3919 Καιρὸς
597 3845 659 3917 δὴ
676 3845 831 3899 καλεῖ
852 3844 986 3916 πρὸς
1009 3846 1139 3897 πᾶσι
1169 3844 1227 3896 τὸ
1252 3844 1394 3914 μέγα
1420 3844 1511 3896 καὶ
1526 3843 1778 3915 περιϐόη-
1802 3846 1845 3905 C

202 3955 298 3992 τον
314 3936 666 4008 ἀνιστορῆσαι
693 3933 917 4005 Θέατρον
966 3932 1250 4003 Παμφίλου
1278 3932 1369 3985 τοῦ
1399 3929 1783 4003 ἁγίουμάρτυ-

205 4046 302 4101 ρος
314 4028 404 4081 καὶ
414 4026 518 4080 τῶν
534 4027 628 4079 σὺν
644 4025 789 4096 αὐτῷ
803 4023 1194 4077 τελειωθέντων
1220 4024 1532 4094 Θαυμασίων
1548 4023 1778 4095 ἀνδρῶν,

200 4119 302 4173 καὶ
354 4117 722 4189 πολυτρόπους
758 4115 1037 4179 εὐσεϐείας
1092 4114 1285 4177 ἇολους
1333 4114 1775 4184 ἐπιδεδεγμένων.

198 4210 480 4263 Πλείστων
538 4206 668 4277 γοῦν
727 4209 865 4261 ὅσων
920 4206 1058 4259 κατὰ
1115 4207 1204 4259 τὸν
1257 4207 1593 4276 ἐγνωσμένον
1647 4208 1778 4277 ἡμῖν

196 4302 471 4374 διωγμὸν,
512 4300 934 4372 ἀνδρισαμένων,
982 4300 1072 4353 τὸν
1111 4301 1236 4369 περὶ
1275 4293 1349 4353 ὧν
1393 4300 1420 4352 ὁ
1459 4298 1613 4367 λόγος
1639 4296 1778 4365 ἀγῶ-

197 4416 273 4453 να
322 4395 708 4458 σπανιώτατον,
750 4394 809 4447 ὃν
857 4396 1018 4466 ἡμεῖς
1068 4394 1333 4466 ἔγνωμεν,
1392 4396 1775 4466 ἱστορήσαμεν,

197 4486 418 4557 ἀθρόως
452 4488 508 4539 ὲν
541 4484 687 4555 αὐτῷ
732 4485 841 4536 πᾶν
876 4479 1011 4545 εἶδος
1042 4482 1262 4551 ἡλικιῶν
1290 4500 1349 4535 τε
1386 4482 1655 4551 σώματος.
1686 4480 1780 4534 καὶ

196 4577 390 4649 ψυχῶν
432 4575 677 4645 ἀγωγῆς,
725 4573 840 4644 βίου
890 4589 949 4625 τε
1003 4572 1097 4624 καὶ
1138 4573 1479 4643 ἀναστροφῆς
1523 4572 1778 4643 διαφόρου

197 4668 614 4741 περιειληφότα,
648 4666 892 4736 βασάνων
928 4682 987 4717 τε
1027 4663 1285 4727 ποικίλοις
1330 4664 1512 4726 εἴδεσι,
1548 4665 1779 4726 καὶτοῖς

198 4761 347 4817 κατὰ
387 4762 446 4814 τὸ
476 4759 678 4813 τέλειον
717 4756 1010 4829 μαρτύριον
1043 4754 1459 4824 ὲνηλλαγμένοις
1497 4754 1782 4822 στεφάνοις

198 4853 554 4924 κεκοσμένον.
589 4852 763 4914 Νέους
794 4866 853 4902 τε
886 4849 992 4919 γὰρ
1022 4843 1090 4917 ἦν
1123 4847 1268 4908 ἰδεῖν,
1296 4846 1389 4898 καὶ
1422 4845 1616 4915 κομιδῇ
1652 4848 1777 4897 παῖ-

198 4947 300 5009 δας
342 4942 449 4996 τῶν
483 4944 578 4996 σὺν
609 4942 790 5005 αὐτοῖς
820 4940 1129 5009 Αἰγυπτίων
1166 4938 1336 5000 τινὰς,
1372 4937 1527 5008 ἡμῶν
1558 4938 1683 4999 τοὺς
1722 4936 1778 4988 δὲ

200 5038 396 5099 ἄλλους
421 5034 560 5105 (μεθ’
591 5030 664 5088 ὧν
695 5036 787 5087 καὶ
820 5036 848 5086 ὁ
877 5030 1181 5103 Πορφυριος
1204 5026 1300 5100 ἦν)
1332 5028 1599 5099 ἀκμαίους
1623 5045 1682 5080 τε
1710 5022 1776 5080 αὖ

203 5126 421 5197 σώματί
443 5143 499 5178 τε
522 5123 657 5195 ὁμοῦ
683 5125 775 5176 καὶ
799 5123 1076 5193 φρονήσει,
1112 5119 1236 5182 τοὺς
1268 5119 1409 5188 ἀμφὶ
1442 5117 1501 5169 τὸ
1537 5116 1777 5169 ποθεινόν

206 5236 302 5291 μοι
343 5217 531 5287 ὄνομα,
562 5217 772 5270 καὶτὸν
812 5216 1099 5285 ἰαμνήτην
1145 5210 1376 5272 Παῦλον,
1417 5208 1674 5262 Σέλευκόν
1717 5225 1777 5260 τε

202 5310 303 5364 καὶ
343 5308 645 5371 Ἰουλιανὸν,
697 5307 863 5377 ἄμφω
904 5306 1001 5375 τῆς
1038 5301 1418 5356 Καππαδοκῶν
1450 5300 1549 5369 γῆς
1586 5298 1777 5370 ὡρμη-

203 5398 402 5471 μένους
427 5414 440 5427 ο
480 5393 619 5467 ἦσαν
646 5397 701 5448 δὲ
722 5399 778 5448 ὲν
805 5396 985 5456 αὐτοῖς
1014 5394 1107 5445 καὶ
1137 5393 1255 5462 ἱερᾷ
1286 5390 1463 5459 πολιᾷ,
1496 5387 1778 5458 βαθυτάτῳ

199 5508 270 5562 γε
303 5491 448 5562 γήρᾳ
481 5488 908 5559 πεπυκασμένοι,
952 5485 1164 5555 Οὐάλης
1189 5486 1433 5545 διάκονος
1477 5482 1574 5551 τῆς
1616 5482 1774 5553 Ἱερο-

280 5665 395 5739 (illi)
430 5667 562 5739 dcta
715 5707 727 5739 ,
756 5662 929 5717 Jnn.t
973 5661 1016 5739 l_.
1048 5678 1100 5732 p.
1136 5660 1225 5723 64,
1252 5675 1404 5739 seqq.
1520 5727 1553 5739 ,Α
1610 5727 1620 5738 ι

281 5736 398 5803 (25)
438 5734 632 5806 Procul
681 5736 749 5787 ab
797 5730 1247 5806 auctoris'nrente
1292 5730 1561 5783 aberravit
1610 5730 1773 5806 inter-

207 5801 541 5876 pres,'apml
595 5805 949 5873 Lipomannm
1000 5812 1053 5855 ct
1104 5801 1346 5876 Silvium,
1404 5813 1527 5876 cum
1569 5801 1771 5849 vertit:

211 5868 576 5930 Rdolcscémcs
609 5868 889 5943 διῴκει-οε,
923 5882 1071 5943 atque
1100 5873 1227 5925 (ιιιςο
1258 5869 1409 5940 plane
1440 5868 1688 5937 infantes,
1714 5881 1775 5919 ex

1948 3842 1991 3897 Ι.
2028 3841 2265 3912 Tempus
2298 3855 2444 3897 nunc
2497 3848 2684 3894 monet
2722 3852 2905 3893 coram
2939 3837 3193 3893 omnibus
3226 3838 3443 3908 aperire

1880 3934 2152 3989 theatrum
2202 3946 2463 4001 magnum
2521 3929 2665 3985 istud
2708 3945 2773 3983 ac
2815 3930 3229 3984 celeberrimum
3269 3932 3442 3986 sancti

1880 4023 2132 4095 martyris
2188 4021 2488 4090 Pamphili,
2521 4028 2574 4074 et
2605 4035 2793 4073 eorum
2842 4022 2933 4088 qui
2962 4035 3084 4074 cum
3127 4022 3244 4088 ipso
3273 4022 3440 4075 vitam

1879 4118 2170 4171 ﬁniverunt
2201 4112 2606 4167 admirabilium
2658 4115 2921 4177 virorum,
2952 4122 3005 4167 et
3037 4128 3132 4182 per
3166 4113 3312 4167 varia
3345 4129 3445 4182 pro

1878 4210 2076 4279 pietate
2127 4205 2423 4261 certamina
2477 4204 3002 4259 circumductorum.
3061 4205 3271 4259 Etenim
3320 4206 3443 4259 licet

1876 4297 2096 4369 plurimi
2124 4313 2190 4352 ex
2224 4296 2403 4361 nobis,
2434 4305 2676 4366 tempore
2702 4297 3101 4360 persecutionis
3131 4308 3316 4352 contra
3342 4314 3443 4353 nos

1877 4389 2181 4459 publicatae,
2215 4395 2434 4441 strenue
2462 4400 2581 4439 sese
2610 4386 2913 4455 gesserint;
2946 4386 3140 4439 horum
3170 4395 3348 4440 tamen
3375 4386 3443 4439 de

1877 4480 2073 4550 quibus
2103 4494 2249 4533 nunc
2274 4491 2453 4532 sermo
2489 4484 2591 4542 est,
2622 4477 2966 4531 rarissimum
2997 4492 3224 4548 agonem
3257 4478 3442 4532 nobis-

1877 4588 1982 4643 que
2024 4572 2318 4641 cognitum,
2354 4571 2471 4623 ideo
2505 4569 2686 4639 potius
2718 4566 3078 4637 scripsimus;
3115 4569 3243 4638 quia
3290 4569 3343 4622 in
3377 4583 3442 4622 eo

1878 4664 2057 4719 statim
2093 4662 2389 4731 apparebit,
2421 4662 2569 4715 velut
2598 4661 2702 4715 sub
2733 4675 2845 4714 uno
2878 4668 3131 4727 aspectu,
3161 4672 3322 4712 omne
3350 4673 3443 4728 ge-

1878 4769 1980 4807 nus
2012 4763 2122 4806 tum
2151 4752 2323 4805 aetatis
2356 4764 2649 4818 corporeae,
2686 4758 2798 4800 tum
2832 4746 3133 4815 spiritualis
3163 4746 3441 4799 conditio-

1878 4845 1983 4910 nis,
2018 4843 2249 4911 vitaaque
2291 4849 2345 4895 et
2387 4839 2693 4895 studiorum
2739 4838 3027 4891 diversitas
3075 4852 3269 4906 magna
3294 4876 3308 4901 ,
3346 4838 3441 4891 sed

1878 4934 2145 5003 imprimis
2169 4932 2402 4986 varietas
2436 4936 2829 4983 tormentorum
2854 4938 3019 5006 atque
3039 4927 3233 4981 exinde
3255 4942 3443 4983 secun-

1876 5028 2003 5080 dum
2052 5024 2297 5095 martyrii
2343 5022 2609 5092 cujusque
2653 5020 3179 5075 consummationem
3224 5028 3442 5089 parata-

1877 5132 1998 5171 rum
2032 5116 2227 5185 cuique
2252 5128 2599 5169 coronarum.
2632 5108 2767 5163 Nam
2794 5110 2979 5180 _videre
3009 5118 3126 5163 erat
3171 5109 3438 5178 quosdam

1808 5187 1851 5241 Ῑ)
1881 5225 2068 5264 eorum
2096 5208 2189 5277 qui
2216 5209 2355 5261 inter
2377 5205 2524 5275 ipsos
2545 5212 2701 5258 erant
2725 5201 3101 5272 Egyptiurum
3127 5201 3240 5271 ('25)
3258 5200 3443 5271 junio-

1885 5316 1971 5355 res
2003 5308 2164 5369 atque
2212 5297 2434 5352 omnino
2462 5310 2697 5366 pueros;
2733 5296 2870 5349 alios
2900 5300 3081 5348 autem
3129 5302 3438 5348 nostrorum

1888 5392 1965 5458 (in
2018 5389 2217 5459 quibus
2268 5388 2431 5441 etiam
2475 5384 2810 5455 Porphyrius
2862 5382 2997 5450 erat)
3032 5380 3234 5436 viribus
3280 5381 3442 5434 simul

1883 5482 2128 5551 corporis
2175 5479 2338 5535 simul
2377 5486 2430 5532 et
2466 5476 2630 5531 animi
2682 5473 2968 5545 prudentia
3021 5472 3303 5537 robustos;
3348 5486 3442 5526 eos

1883 5662 1949 5716 iis
1981 5659 2069 5729 qui
2100 5666 2244 5711 erant
2276 5671 2391 5729 cunt
2422 5654 2550 5729 ipsis
2579 5649 2851 5729 (fortassis
2881 5648 3154 5729 ngyptiis
3178 5647 3441 5715 interpres

1885 5719 2198 5797 scripserat,
2243 5726 2319 5779 uti
2362 5719 2610 5797 debebat)
2646 5722 2779 5797 alios
2815 5729 3007 5797 _auteni
3041 5719 3443 5797 pubescentes...

1885 5788 2063 5870 nempe
2093 5788 2217 5851 mihi
2250 5788 2615 5850 clarissimum
2645 5791 2929 5846 lamnitem
2964 5788 3216 5845 Paulum.
