3922 6498
457 353 595 413 12535

1642 344 1697 398 S.
1742 340 2060 396 PAMPHILI
2101 339 2452 395 MARTYRIS

3564 329 3706 383 1.133

457 471 663 526 scilicet
678 466 768 537 qui
798 480 919 520 cum
943 461 1294 518 dilectissimo
1329 474 1447 513 meo
1468 460 1844 526 censebantur,
1865 458 2015 513 Jam-

2125 456 2423 527 σολυμιτῶν
2466 451 2807 524 Ἐκκλησίας,
2849 450 2941 503 καὶ
2972 450 3001 502 ό
3033 447 3269 520 τοῦνομα
3310 444 3712 516 ἐπαληθεύσσς

458 564 619 615 nitent
637 559 744 629 (26)
759 556 1003 619 Paulum,
1028 553 1420 621 Seleucumque
1438 549 1797 612 etJulianum,
1820 550 2008 605 ambos

2114 548 2417 611 Θεόδουλος.

456 670 524 707 ex
562 650 937 720 Cappadocum
973 645 1190 713 regione
1222 643 1329 699 huc
1372 644 1644 698 advectos.
1681 643 1848 697 Erant
1874 645 2036 698 etiam
2065 643 2205 697 inter
2238 642 2357 696 illos
2390 639 2610 710 quidam
2663 650 2815 692 sacra
2849 634 3048 692 canitie
3095 642 3148 689 et
3182 629 3454 702 profunda
3511 632 3705 684 ornati

456 752 759 809 senectute;
797 741 992 795 Valens
1023 755 1234 808 nempe,
1255 738 1506 793 Ecclesia:
1538 737 2036 809 Hierosolymorum
2084 738 2364 800 diaconus,
2401 745 2454 790 et
2480 749 2677 789 nomen
2706 747 2865 787 suum
2890 729 3175 785 veriﬂcaus
3204 726 3529 781 Theodulus
3558 726 3702 796 (-27).

525 836 587 892 ll.
630 835 754 891 Haec
781 850 909 905 ergo
940 835 1077 887 inter
1103 849 1197 889 eos
1218 840 1333 886 erat
1359 842 1573 886 aetatum
1610 833 1843 887 varietas
1870 851 1882 887 :
1914 838 2007 891 sed

2182 835 2254 886 B'.
2283 831 2515 902 Τοιαύτη
2546 828 2641 900 μὲν
2668 824 2759 882 οὖν
2786 828 2844 880 ὲν
2876 826 3058 887 αὐτοῖς
3088 827 3121 897 ἡ
3148 824 3255 878 τῶν
3273 823 3503 896 ἡλικιῶν
3524 821 3703 889 ἐτύγ-

454 938 511 982 et
555 928 753 982 mentis
782 926 1165 980 exercitatione
1210 923 1708 992 distinguebantur,
1761 938 1882 977 cum
1918 926 2011 980 alii

2125 943 2241 996 ίανε
2279 923 2536 979 ποικιλία·
2557 921 2742 993 ψυχῶν
2765 921 2822 973 δὲ
2837 921 3077 989 ἀγωγαῖς
3099 917 3493 990 διηλλάττοντο,
3520 916 3576 969 οἱ
3601 915 3701 985 μὲν

456 1017 702 1071 rudiores
726 1026 929 1080 essent,
965 1024 1147 1083 utpote
1176 1012 1348 1082 pueri,
1377 1013 1693 1081 simpliciori
1729 1014 1905 1068 adhuc
1930 1016 2013 1069 in-

456 1110 668 1164 tellectu
702 1117 931 1168 utentes.
969 1108 1058 1161 alii
1087 1108 1198 1176 jatn
1236 1104 1521 1158 formatam
1556 1120 1618 1158 ac
1658 1105 1886 1160 solidam
1921 1108 2015 1161 ha-

458 1203 648 1257 berent
675 1202 883 1256 vivendi
915 1202 1383 1256 consuetudinem.
1415 1203 1553 1268 Quin
1576 1204 1738 1256 etiam
1774 1201 2012 1256 invenie-

456 1293 654 1348 bantur
704 1292 845 1345 inter
874 1293 992 1346 illos
1030 1293 1168 1347 haud
1209 1294 1470 1363 inexperti
1510 1293 1815 1348 divinarum
1850 1292 2015 1347 disci-

454 1380 747 1449 plinarum.
807 1379 1072 1435 Omnibus
1123 1391 1303 1436 tamen
1358 1398 1511 1452 aeque
1564 1383 1847 1451 congenita
1902 1392 2017 1436 erat

454 1473 723 1527 excellens
762 1474 1005 1541 quaedam
1055 1484 1215 1543 atque
1243 1474 1439 1529 virtute
1490 1473 1621 1528 l‘ulta
1667 1475 1837 1528 animi
1871 1474 2017 1529 forti-

455 1564 604 1617 tudo.
638 1562 756 1617 Prae
785 1565 1037 1618 omnibus
1068 1575 1271 1631 autem,
1299 1575 1556 1634 tanquam
1582 1581 1689 1635 pra:
1715 1567 2016 1620 scintillan-

454 1655 602 1709 tibus
630 1655 794 1709 astris
826 1656 1094 1710 luminare
1134 1657 1331 1724 majus,
1366 1658 1634 1712 emicabat
1670 1674 1858 1713 eorum
1898 1676 2013 1713 me-

455 1747 580 1801 dius
623 1747 877 1801 dominus
927 1764 1113 1815 meus;
1151 1764 1250 1803 nec
1294 1750 1439 1803 enim
1476 1752 1706 1821 amplius
1755 1752 1838 1807 fas
1881 1754 2010 1807 mihi

455 1849 539 1893 est
589 1839 826 1893 sodalem
881 1840 1150 1909 appellare
1202 1841 1313 1911 (28)
1363 1845 1731 1899 venerandum
1785 1862 1848 1900 ac
1893 1862 2016 1900 vere

458 1930 831 1984 beatissimum
900 1929 1262 2001 Pamphilum.
1338 1933 1546 1988 Etenim
1606 1934 2014 2007 disciplinarum

459 2020 749 2090 gentilibus
782 2023 1193 2086 aestimatarum,
1224 2026 1473 2094 peritiam
1511 2027 1654 2081 haud
1689 2029 2017 2084 mediocrem

459 2122 803 2179 consecutus,
840 2115 894 2168 in
922 2115 1121 2171 divinis
1145 2117 1491 2187 dogmatibus
1514 2134 1578 2174 ac
1607 2120 1822 2175 caelitus
1851 2122 2020 2191 inspi-

457 2205 592 2260 ratis
646 2205 962 2275 Scripturis,
993 2208 1236 2261 omnium
1292 2209 1385 2278 qui
1435 2225 1617 2264 secum
1662 2212 2021 2268 versabantur

460 2298 758 2365 (audacter,
805 2300 898 2353 sed
943 2310 1122 2354 tamen
1155 2317 1275 2355 vere
1294 2300 1462 2371 dico,)
1497 2304 1789 2372 apparebat
1834 2320 2021 2360 versa-

460 2392 594 2457 tior;
629 2391 850 2461 insuper
895 2401 1071 2445 autem
1106 2394 1338 2462 pollebat
1376 2396 1729 2464 praeregativa
1790 2398 2021 2467 propria:

460 2470 687 2546 scilicet,
714 2493 807 2538 aut
854 2485 1033 2553 potius
1066 2500 1096 2538 a
1128 2483 1236 2537 Deo
1265 2486 1498 2550 donatze,
1544 2487 1912 2558 intelligentia:
1957 2504 2021 2544 ac

460 2574 759 2642 sapientiae.

529 2663 618 2716 lll.
648 2664 737 2717 Sic
765 2664 941 2732 quoad
965 2664 1202 2719 animam
1230 2666 1541 2723 constitutis
1568 2667 1817 2739 singulis,
1846 2669 2021 2740 major

462 2754 642 2809 adhuc
674 2754 974 2810 differentia
1019 2764 1136 2810 erat
1162 2758 1553 2813 conditionum.
1586 2758 1719 2813 Nam
1764 2758 2021 2831 Pamphi-

461 2848 547 2899 lus
572 2844 825 2914 quidem,
857 2845 1022 2899 nobili
1059 2848 1356 2901 secundum
1403 2863 1620 2903 carnem
1661 2864 1855 2919 genere
1895 2866 2018 2920 pro-

462 2946 678 3009 gnatus,
726 2937 889 2991 etiam
932 2938 1215 3008 przesignis
1248 2951 1365 2994 erat
1403 2941 1721 2997 muneribus
1764 2941 1816 2996 in
1847 2944 2020 3014 patria

460 3027 674 3098 publice
708 3026 912 3099 gestis;
964 3025 1221 3082 Seleucus
1245 3042 1393 3093 vero,
1430 3029 1716 3099 prazcipuis
1745 3030 1800 3083 in
1830 3030 2019 3085 militia

2118 1018 2542 1091 ἰδιωτικώτερον,
2576 1012 2663 1071 οἷα
2695 1015 2878 1078 παῖδες
2897 1055 2911 1079 ,
2944 1014 3037 1069 κα)¹
3077 1012 3441 1084 ἁπλούστερον
3474 1011 3566 1062 ἔτι
3610 1010 3699 1061 τὸν

2114 1112 2236 1166 νοῦν
2258 1109 2564 1181 φοροῦντες,
2583 1109 2632 1162 οἱ
2662 1107 2719 1160 δὲ
2743 1107 2839 1160 καὶ
2865 1106 3005 1159 πάνυ
3022 1104 3280 1175 στιϐαρὸν
3306 1104 3397 1156 καὶ
3428 1100 3703 1172 ἐμϐριθὲς

2117 1202 2442 1272 κεκτημένοι
2474 1200 2535 1253 τὸ
2566 1196 2722 1271 ἦθοςο
2755 1194 2894 1268 ἦσαν
2925 1197 2983 1250 δὲ
3014 1199 3071 1250 ἐν
3103 1197 3285 1259 αὐτοῖς
3313 1195 3407 1248 καὶ
3438 1196 3560 1255 τοῖς
3592 1190 3702 1243 τῶν

2120 1294 2279 1365 ἱερῶν
2323 1292 2655 1364 μαθημάτων
2698 1291 2797 1345 ούκ
2826 1289 3271 1359 ἀνεπιστήμονες,
3320 1283 3612 1353 συγγενῶς
3645 1282 3705 1335 δὲ

2117 1384 2319 1437 ἅπασιν
2349 1381 2630 1452 ὑπερφυὴς
2658 1381 2751 1434 καὶ
2772 1381 3021 1449 ἐνάρετος
3052 1380 3087 1448 ἡ
3115 1375 3300 1447 ἀνδρία
3325 1374 3564 1445 προσῆν.
3597 1366 3705 1426 υἷα

2117 1474 2172 1526 δέ
2195 1490 2276 1536 τις
2295 1475 2351 1526 ἐν
2375 1471 2785 1525 ἀποστίλϐουσιν
2817 1472 3035 1540 ἄστροις
3068 1466 3411 1539 ἡμεροφανὴς
3440 1464 3703 1535 φωστὴρ.

2121 1563 2177 1615 ἐν
2222 1565 2404 1633 μέσοις
2441 1562 2726 1636 διέπρεπεν
2759 1561 3145 1631 ἐξαστράπτων
3177 1560 3206 1611 ὁ
3238 1558 3367 1629 ἐμὸς
3422 1556 3706 1626 δεσπότης

2123 1656 2220 1725 (ού
2253 1655 2359 1726 γὰρ
2404 1657 2615 1725 ἑταῖρον
2647 1656 2960 1726 προσειπεῖν
2993 1651 3073 1704 ἔτι
3119 1666 3209 1721 μοι
3248 1650 3405 1718 θέμις
3442 1647 3536 1699 τὸν
3577 1644 3707 1697 θεσ-

2122 1746 2304 1800 πέσιον
2332 1748 2426 1801 καὶ
2457 1747 2721 1817 μακάριον
2754 1745 2829 1807 ὼς
2852 1742 3066 1815 ἀληθῶς
3094 1738 3421 1811 Πάμφιλονγ
3444 1736 3703 1799 παιδείας

2050 1808 2090 1861 Β
2118 1838 2226 1909 γάρ
2253 1831 2405 1901 οὗτος
2440 1808 2539 1908 τῆς
2581 1808 2710 1909 παρ’
2746 1808 2968 1905 Ἕλλησι
3010 1808 3429 1904 θαυμαζομένης
3475 1830 3538 1882 ού
3607 1845 3704 1896 με·-

2115 1929 2281 2001 τρίως
2317 1924 2480 2001 ἦπτο,
2516 1929 2616 1998 τῆς
2646 1946 2706 1981 τε
2738 1928 2879 1982 κατὰ
2906 1926 2974 1980 τὰ
3012 1925 3132 1979 θεῖα
3174 1925 3417 1994 δόγματα
3451 1923 3547 1974 καὶ
3602 1922 3702 1984 τὰς

2120 2018 2507 2083 θεοπνεύστους
2555 2020 2776 2091 Γραφάς
2809 2019 2895 2089 (εί
2933 2018 3038 2089 χρῆ
3079 2034 3131 2069 τι
3166 2013 3526 2087 θρασύτερον,
3558 2012 3705 2082 πλὴν

2118 2111 2333 2184 ἀληθὲς,
2359 2112 2572 2182 εἰπεῖν),
2600 2113 2675 2175 ὡς
2701 2113 2978 2180 οὐδέτερον
3002 2111 3113 2181 ἔχοι
3138 2126 3221 2172 τις
3241 2108 3405 2178 φάναι
3429 2108 3544 2159 τῶν
3570 2108 3702 2159 κατ’

2120 2202 2301 2268 αὐτὸν,
2336 2204 2495 2273 ἦχετο
2520 2220 2532 2232 ·
2573 2202 2753 2273 μεῖζον
2783 2203 2841 2255 δὲ
2880 2201 3083 2255 τούτων
3115 2200 3310 2269 ἐκέκτη
3348 2200 3412 2254 τὸ
3464 2200 3697 2251 πλεονέ-

2118 2314 2327 2368 κτημα,
2347 2293 2444 2364 τὴν
2467 2292 2696 2359 οἴκοθεν,
2729 2292 2926 2362 μᾶλλον
2955 2292 3013 2345 δὲ
3058 2291 3241 2345 θεόθεν
3274 2290 3422 2358 αὑτῷ
3458 2287 3706 2358 δεδωρη-

2125 2384 2294 2457 μένην
2327 2384 2540 2438 σύνεσίν
2571 2403 2629 2437 τε
2663 2386 2757 2440 καὶ
2791 2384 3000 2455 σοφίαν.

2189 2670 2263 2723 Γ’.
2288 2669 2396 2722 Καὶ
2425 2669 2493 2723 τὰ
2523 2668 2620 2740 μὲν
2648 2670 2773 2739 περὶ
2793 2668 2969 2739 ψυχὴν
2990 2666 3162 2729 οὕτως
3190 2660 3332 2735 εἶχον
3367 2666 3418 2717 οἱ
3451 2665 3662 2727 πάντες
3683 2681 3698 2694 ’

2122 2757 2235 2828 βίου
2268 2758 2322 2811 δὲ
2352 2755 2505 2822 αὖθις
2533 2757 2627 2812 καὶ
2669 2758 3009 2829 ἀναστροφῆς
3039 2756 3262 2826 πλείστη
3296 2773 3381 2818 τις
3412 2757 3472 2808 ἐν
3518 2756 3704 2817 αὐτοῖς

2121 2850 2331 2922 ὑπῆρχε
2362 2849 2617 2921 διαλλαγή
2638 2867 2651 2880 ν
2687 2849 2779 2903 τοῦ
2813 2850 2910 2920 μὲν
2940 2849 3223 2919 Παμφίλου
3257 2845 3317 2910 ἐξ
3351 2846 3701 2915 εὐπατριδῶν

2121 2943 2445 3010 κατάγοντος
2464 2941 2603 2995 κατά
2623 2943 2801 3013 σάρκα
2823 2942 2995 3010 γένος,
3017 2943 3297 3012 ἐπισήμως
3322 2957 3384 2993 τε
3412 2942 3540 3002 ταῖς
3561 2939 3703 2993 κατα

2121 3034 2218 3106 τὴν
2256 3036 2488 3107 πατρίδα
2520 3035 2810 3099 πολιτείαις
2841 3036 3251 3107 διαπρέψαντος,
3286 3033 3381 3087 τοῦ
3413 3035 3472 3087 δὲ.
3510 3034 3702 3086 Σελεύο

460 3119 762 3174 honoribus
789 3117 959 3172 fuerat
991 3118 1309 3183 decoratus,
1342 3136 1465 3175 eum
1497 3121 1587 3175 alii
1620 3122 1810 3177 media:
1849 3122 2015 3178 ferme

2125 3144 2216 3180 κου
2249 3129 2368 3191 ταῖς
2401 3127 2541 3181 κατὰ
2576 3128 2673 3199 τὴν
2702 3128 2986 3200 στρατείαν
3029 3126 3205 3191 ἀξίαις
3249 3127 3702 3198 περιφανέστατα

460 3210 789 3266 conditionis
818 3219 1021 3265 essent.
1056 3208 1159 3265 Sed
1189 3226 1363 3280 neque
1394 3213 1446 3265 in
1481 3212 1651 3267 choro
1678 3214 1784 3268 isto
1824 3214 2020 3269 servile

460 3317 630 3370 genus
668 3302 871 3365 deerat,
905 3317 1026 3356 cum
1058 3317 1123 3355 ex
1164 3305 1539 3371 proconsulari
1575 3304 1777 3359 familia
1826 3307 2020 3376 adjun-

462 3402 583 3447 ctus
626 3393 706 3447 eis
750 3391 916 3447 fuerit
963 3408 1153 3448 servus
1192 3392 1546 3465 Porphyrius,
1591 3398 1770 3465 specie
1798 3399 2017 3467 quidem

462 3495 620 3539 tenus
655 3485 918 3555 Pamphili
960 3486 1308 3555 mancipium,
1362 3487 1540 3555 reipsa
1595 3497 1775 3543 autem
1818 3490 1952 3544 nihil
1988 3507 2017 3545 a

462 3576 649 3639 fratre,
688 3586 781 3631 aut
808 3577 988 3647 potius
1016 3578 1126 3631 lilio
1158 3578 1391 3647 genuino
1421 3579 1754 3648 discrepans,
1794 3589 1849 3635 et
1888 3598 2019 3637 nus-

461 3680 624 3733 quam
675 3680 705 3718 a
754 3665 960 3719 domini
1006 3666 1092 3720 sui
1141 3666 1442 3720 imitatione
1488 3667 1765 3724 deficiens.
1811 3668 2017 3740 Ecquid

461 3756 661 3823 porro?
694 3755 753 3810 Si
788 3757 913 3826 quis
943 3757 1160 3819 dixerit,
1202 3756 1350 3826 ipsos
1393 3770 1607 3812 omnem
1639 3760 2020 3817 ecclesiastica:

461 3849 824 3905 ordinationis
873 3849 1104 3906 formam
1133 3866 1358 3906 numero
1391 3866 1491 3905 suo
1526 3853 1839 3922 complexos
1873 3871 2015 3921 esse,

459 3940 598 3998 nihil
626 3950 775 3995 extra
800 3941 1081 3996 veritatem
1103 3941 1327 4000 dixerit:
1354 3955 1479 3997 cum
1505 3943 1822 4014 presbyterii
1851 3944 2021 4016 digni-

461 4042 571 4087 tate
602 4042 827 4087 ornatus
860 4030 1025 4086 fuerit
1058 4028 1415 4099 Pamphilus,
1459 4034 1527 4089 ad
1557 4035 1786 4105 gradum
1831 4036 2017 4092 diaco-

461 4133 621 4179 natus
649 4133 866 4180 evectus
904 4122 1117 4189 Valens,
1148 4125 1238 4179 alii
1290 4126 1551 4182 lectorum
1598 4143 1825 4184 munere
1867 4128 2018 4198 fungi

460 4227 645 4266 coram
694 4214 848 4282 plebe
894 4225 1277 4281 consuessent;
1337 4214 1596 4272 Seleucus
1644 4234 1799 4281 vero,
1853 4220 2017 4274 etiam

459 4312 589 4357 ante
616 4304 965 4375 martyricum
1004 4305 1165 4360 ﬁnem
1195 4307 1482 4363 decoratus
1523 4318 1669 4364 esset
1694 4310 1862 4366 nobili
1888 4327 2020 4366 con-

460 4394 695 4449 fessione
728 4411 825 4464 per
862 4412 1180 4465 generosam
1215 4401 1501 4455 verberum
1533 4402 1871 4458 tolerantiam
1914 4403 2021 4459 for-

2121 3217 2501 3288 τετιμημένου,
2530 3218 2637 3271 τῶν
2656 3217 2713 3271 δὲ
2741 3219 2839 3289 τῆς
2872 3219 3045 3289 μέσης
3066 3218 3158 3270 καὶ
3183 3217 3370 3286 κοινῆς
3394 3219 3703 3285 γεγονότοιν

2120 3309 2358 3380 ἀγωγῆς.
2393 3310 2503 3363 Οὐκ
2525 3305 2591 3380 ἦν
2620 3310 2675 3362 δὲ
2708 3310 2882 3362 αὐτῶν
2906 3312 2935 3363 ὁ
2964 3309 3118 3382 χορὸς
3148 3309 3265 3363 ούδέ
3298 3309 3393 3361 τοῦ
3422 3308 3703 3363 οἰκετικοῦ

2120 3399 2308 3466 γένους
2338 3398 2511 3465 ἐκτὸς,
2545 3400 2572 3453 ὃ
2599 3417 2658 3452 τε
2682 3402 2791 3473 γάρ
2820 3401 3149 3471 ἡγεμονικῆς
3174 3401 3415 3465 οίκετίας
3443 3401 3705 3474 θεράπων

2121 3490 2303 3553 αὐτοῖς
2326 3491 2744 3558 συγκατείλεκτο
2766 3494 2857 3545 καὶ
2881 3496 2909 3546 ό
2937 3492 3257 3565 Πορφύριος,
3289 3492 3352 3545 τὸ
3375 3495 3481 3565 μὲν
3502 3495 3701 3557 δοκεῖν,

2120 3581 2214 3634 τοῦ
2266 3582 2547 3652 Παμφίλου
2604 3584 2842 3652 γεγονὼς
2898 3585 3134 3655 οἰκέτης,
3184 3584 3427 3637 διαθέσει
3474 3604 3544 3654 γε
3602 3588 3701 3659 μὴν

2120 3675 2346 3745 ἀδελφοῦ
2378 3677 2470 3731 καὶ
2500 3677 2696 3748 μᾶλλον
2722 3678 2941 3749 γνησίου
2973 3678 3159 3741 παιδὸς
3185 3677 3517 3749 διενηνοχὼς
3553 3680 3703 3731 οὐδὲν

2120 3768 2153 3839 ἢ
2188 3768 2446 3821 ἐλλείπων
2485 3769 2583 3839 τῆς
2616 3771 2752 3842 πρὸς
2782 3771 2872 3823 τὸν
2904 3769 3168 3839 δεσπότην
3212 3771 3352 3823 κατὰ
3382 3772 3573 3824 πάντα
3619 3790 3705 3843 μι-

2124 3862 2357 3931 μήσεως.
2390 3862 2498 3914 Καὶ
2521 3863 2573 3914 τί
2602 3863 2740 3933 γάρ;
2790 3862 2927 3915 Ἀλλ’
2956 3865 3003 3915 εί
3036 3866 3183 3934 φωνῇ
3217 3880 3319 3925 τις,
3354 3864 3567 3927 αὐτοὺς
3590 3865 3704 3916 ὁλό-

2121 3952 2317 4022 κληρον
2352 3954 2408 4005 ἐν
2445 3953 2633 4025 βραχεῖ
2659 3955 2821 4008 τόπον
2861 3954 3309 4026 ὲκκλησιαστικοῦ
3342 3958 3699 4026 συστήματος

2121 4045 2556 4115 περιειληφέναι,
2602 4047 2701 4100 οὐκ
2744 4046 2811 4100 ἂν
2859 4048 3013 4112 ἐκτὸς
3059 4046 3208 4117 βάλοι
3260 4047 3361 4118 τῆς
3404 4048 3698 4119 ἀληθείας,

2122 4134 2510 4206 πρεσϐυτερίου
2533 4136 2628 4207 μὲν
2657 4139 2713 4191 ἐν
2736 4137 2914 4200 αὐτοῖς
2935 4136 3234 4207 ἠξιωμένου
3258 4135 3353 4189 τοῦ
3380 4138 3700 4208 Παμφίλου.

2120 4223 2390 4288 διακονίας
2414 4242 2474 4278 τε
2505 4226 2597 4280 τοῦ
2623 4228 2940 4292 Οὐάλεντος,
2971 4229 3070 4299 τήν
3096 4244 3154 4280 τε
3182 4227 3287 4280 τῶν
3310 4229 3403 4280 ἐπὶ
3432 4228 3535 4282 τοῦ
3565 4230 3703 4302 πλή-

2122 4313 2245 4379 θους
2277 4315 2663 4387 ἀναγινώσκειν
2706 4319 3023 4390 εἰθισμένων
3061 4320 3208 4387 τάξιν
3242 4318 3547 4389 εἰληχότων
3589 4321 3705 4373 ἑτέ-

2124 4423 2261 4476 ρων’
2296 4408 2603 4479 ὁμολογίαις
2645 4409 2733 4463 διά
2764 4411 3179 4482 καρτερωτάτης
3224 4412 3511 4481 μαστίγων
3562 4413 3700 4464 ὑπο-

458 4487 583 4539 titer
608 4485 770 4540 etiam
804 4484 1083 4557 dignitatis
1117 4490 1368 4545 militaris
1388 4491 1658 4561 jacturam
1686 4509 2012 4563 perpessus;

2125 4501 2309 4572 μονῆς,
2343 4503 2421 4556 ἔτι
2454 4503 2618 4556 πάλαι
2657 4504 2761 4577 πρὸ
2790 4504 2883 4557 τοῦ
2917 4504 3056 4557 κατὰ
3087 4505 3146 4558 τὸ
3175 4504 3479 4577 μαρτύριον
3514 4510 3703 4573 τέλους

460 4576 637 4631 caeteri
655 4591 805 4645 vero,
840 4585 1097 4646 tanquam
1127 4579 1498 4635 catechumeni
1527 4583 2014 4648 autfideles,veluti

459 4665 513 4718 in
546 4665 781 4737 imagine
809 4681 975 4735 parva
996 4680 1445 4739 reprzesentarent
1472 4672 1881 4729 similitudinem
1910 4692 2013 4729 nu-

458 4773 686 4813 merosa:
718 4757 987 4815 Ecclesiae.

531 5040 621 5095 IV.
660 5042 718 5097 In
748 5045 893 5098 hunc
918 5060 1048 5117 ergo
1073 5047 1294 5101 modum
1322 5049 1676 5120 contemplari
1710 5050 1867 5107 nobis
1891 5052 2017 5108 licet

455 5135 829 5189 admirabilem
861 5137 1048 5191 talium
1075 5146 1237 5207 atque
1270 5148 1545 5194 tantorum
1589 5152 1886 5213 martyrum
1921 5145 2016 5199 de-

458 5226 687 5292 lectum;
731 5236 1000 5295 quatenus
1048 5228 1175 5291 illis,
1228 5232 1476 5297 quamvis
1526 5247 1753 5287 numero
1798 5236 2003 5303 paucis,

456 5316 638 5370 nullus
666 5324 843 5371 tamen
876 5332 1066 5372 eorum
1099 5320 1350 5372 ordinum
1381 5321 1583 5387 deerat,
1608 5323 1699 5391 qui
1734 5325 1906 5379 solent
1930 5326 2013 5380 in-

456 5414 536 5459 ter
580 5405 829 5461 homines
876 5407 1121 5476 reperiri.
1182 5406 1403 5477 Nempe,
1454 5414 1909 5480 quemadmodum
1956 5417 2009 5471 in

526 5565 641 5635 (26)
669 5566 884 5621 Jamm’a
931 5568 1045 5623 sive
1070 5568 1269 5624 lamna
1302 5572 1431 5627 urbs
1462 5573 1732 5629 maritima
1772 5574 2005 5632 Palaesti—

392 5674 401 5683 ,ν
455 5650 558 5711 nae,
586 5637 734 5711 haud
773 5640 959 5707 procul
991 5638 1178 5711 anpe,
1229 5644 1324 5696 sed
1362 5644 1491 5698 totis
1523 5660 1592 5697 xx
1627 5644 1857 5702 horariis
1898 5649 2013 5702 leu-

454 5707 535 5785 cis
569 5706 753 5785 dissita
776 5706 820 5762 ’a
851 5706 1133 5785 Caesarea,
1164 5711 1755 5785 cujus_ar_chiepiscopo
1791 5718 1972 5773 subest
1994 5759 2009 5785 ,

452 5775 616 5831 etiam
651 5778 781 5833 urbe
814 5780 1085 5835 maritima
1118 5775 1175 5836 in
1216 5775 1459 5838 confiniis
1496 5775 1800 5841 Phoenicim.

2121 4598 2210 4653 τοῦ
2240 4597 2500 4651 Σελεύκου
2527 4596 2939 4670 διαπρέψαντος,
2987 4596 3081 4650 καὶ
3108 4596 3203 4667 τὴν
3240 4597 3337 4668 τῆς
3372 4615 3700 4669 στρατιωτι-

2120 4691 2221 4760 κῆς
2251 4688 2406 4755 ἀξίας
2433 4686 2703 4760 ἀποϐολὴν
2730 4687 3057 4760 ἐρρωμένως
3080 4689 3345 4755 καταδεξα
3354 4690 3522 4760 μένου
3543 4710 3556 4721 ·
3590 4692 3701 4744 τῶν

2120 4797 2179 4833 τε
2201 4779 2400 4833 λοιπῶν
2422 4780 2515 4831 ἐπὶ
2543 4778 2770 4843 τούτοις,
2796 4778 2885 4831 διά
2919 4779 3337 4850 κατηχουμένων
3364 4781 3460 4833 καὶ
3486 4784 3702 4837 πιστῶν

2119 4873 2265 4925 τουτὶ
2303 4871 2487 4925 λοιπὸν
2536 4872 2637 4943 τῆς
2677 4873 2751 4937 ὡς
2791 4874 2849 4925 ἐν
2890 4872 3056 4925 είκόνι
3106 4874 3311 4944 σμικρᾷ
3363 4876 3700 4947 μυριάνδρου

2128 4962 2447 5034 Ἐκκλησίας
2480 4963 2804 5034 ἀφομοίωμα
2847 4960 3115 5034 φερούσης
3145 4962 3625 5035 ἀναπληρούντων.

2188 5057 2257 5109 Δ¹.
2291 5054 2445 5107 Οὕτω
2487 5053 2783 5125 παράδοξον
2810 5056 2907 5126 τὴν
2934 5055 3198 5109 τοσούτων
3232 5056 3323 5108 καὶ
3357 5056 3697 5127 τηλικούτων

2120 5145 2409 5220 μαρτύρων
2448 5146 2677 5218 ἐκλογὴν
2728 5145 3143 5219 ὲθεωρήσαμεν,
3172 5147 3293 5200 καθ’
3326 5148 3394 5219 ἣν
3445 5152 3691 5219 καίτοιγε

2116 5238 2176 5290 ού
2223 5238 2436 5301 πολλοῖς
2490 5237 2581 5291 τὸν
2632 5236 2861 5309 ἀριθμὸν
2905 5234 3077 5305 οὖσιν,
3122 5240 3269 5310 ὅμως
3301 5240 3454 5295 οὐδὲν
3503 5243 3696 5297 ἀπέδει

2114 5330 2407 5400 ταγμάτων
2452 5332 2510 5383 ἐν
2550 5328 2856 5401 ἀνθρώποις
2898 5330 3316 5402 εὑρισκομένων.
3354 5327 3457 5385 Οἷα
3500 5331 3595 5388 οὖν
3635 5337 3693 5389 ἐν

2117 5420 2425 5492 πολυχόρδῳ
2480 5419 2619 5491 λύρᾳ
2667 5417 2729 5485 ἐξ
2787 5421 3053 5491 ἀνομοίων
3101 5421 3413 5495 συνεστὼσῃ
3461 5424 3693 5495 χορδῶν,

2189 5585 2300 5655 (27)
2337 5585 2619 5649 Θεόδουλος
2652 5585 2818 5649 enim,
2858 5584 2951 5637 Dei
2979 5601 3154 5639 servus
3187 5584 3599 5652 interpretatur.

2191 5656 2302 5725 (28)
2367 5657 2660 5711 Praedictus
2712 5656 2978 5724 interpres
3028 5670 3126 5724 pro
3187 5656 3426 5726 ἑταῖρον,
3480 5656 3687 5726 ἕτερον,

2121 5726 2321 5792 alium;
2353 5736 2407 5782 et
2434 5727 2608 5793 vertit,
2642 5742 2745 5780 non
2778 5736 2853 5780 est
2882 5726 3007 5779 mihi
3040 5726 3121 5795 fas
3158 5725 3320 5779 aliter
3344 5725 3639 5794 appcflare.
