3922 6504
173 385 197 438 Ι
210 385 310 440 537

1637 393 1648 406 '
1689 385 1887 439 ACTA.

3277 372 3409 427 1558

169 505 360 571 ὁξειῶν
386 507 478 558 καὶ
515 505 776 579 βαρειῶν⁸
809 509 917 566 τῶν
949 527 1008 564 τε
1038 511 1335 583 ἀνειμένων
1367 509 1460 561 καὶ
1498 509 1723 560 ἐπιτεταη

1849 503 1960 574 lyra
2001 499 2328 556 chordarum
2364 495 2599 567 plurium
2640 507 2936 563 earumque
2978 493 3118 546 inter
3159 505 3218 545 se
3245 489 3410 544 dissi-

173 599 351 668 μένων
383 599 474 650 καὶ
503 598 705 667 μέσων,
736 601 1208 674 εὑδιηρμοσμένων
1236 599 1460 654 ἀπασῶν
1487 597 1647 668 τέχνῃ
1672 598 1738 665 τῇ

173 692 442 760 μουσικῇ·
477 691 619 744 κατὰ
649 691 720 745 τά
748 693 884 746 αὑτά
907 694 969 766 δὴ
1001 696 1093 748 καὶ
1117 695 1210 746 ἐπὶ
1232 692 1433 745 τούτων
1461 690 1569 742 νέοι
1600 685 1738 740 κατά

165 783 230 835 τὸ
257 783 388 837 αὐτὸ
417 784 510 837 καὶ
540 785 859 854 πρεσϐῦται,
883 787 1055 842 δοῦλοί
1081 805 1140 840 τε
1162 784 1297 856 ὁμοῦ
1328 785 1420 837 καὶ
1443 780 1735 850 ἐλεύθεροι.

166 873 338 943 λόγιοι
372 876 465 928 καὶ
516 876 742 942 ἰδιῶται,
793 877 966 942 ἄδοξοί
998 897 1062 932 τε
1103 878 1245 933 κατά
1282 877 1342 930 τὸ
1381 879 1492 939 τοῖς
1526 874 1738 935 πολλοῖς

163 965 357 1020 δοκοῦν
383 968 476 1021 καὶ
497 967 752 1036 ἐπίδοξοι,
780 969 960 1023 πιστοί
989 989 1048 1024 τε
1070 971 1165 1025 καὶ
1191 969 1603 1041 κατηχούμενοιν
1622 968 1735 1036 ἅμα

163 1059 258 1111 καὶ
286 1058 520 1112 διάκονοι
558 1061 654 1113 σὺν
685 1061 1092 1134 πρεσϐυτέροις,
1121 1063 1171 1115 οί
1204 1061 1422 1123 πάντες,
1447 1059 1518 1122 ὡς
1548 1058 1612 1111 ἂν
1645 1059 1734 1125 ὑφ’

162 1150 282 1214 ἐνὸς
317 1150 589 1221 πανσόφου
627 1153 962 1225 μουσουργοῦ
989 1154 1083 1206 τοῦ
1122 1150 1441 1225 μονογενοῦς
1467 1149 1560 1202 τοῦ
1599 1147 1733 1200 Θεοῦ

162 1243 338 1310 Λόγου
388 1244 645 1308 ποικίλως
687 1244 1172 1317 ἀνακρουσθέντες,
1204 1244 1420 1314 καὶτῆς
1455 1244 1512 1295 ὲν
1553 1241 1734 1302 αὐτοῖς

158 1333 383 1388 ἕκαστοι
410 1334 690 1406 δυνάμεως
717 1337 804 1391 διά
832 1338 930 1408 τῆς
955 1336 1062 1390 τῶν
1093 1336 1335 1408 βασάνων
1357 1333 1631 1404 ὑπομονῆς
1650 1333 1734 1385 ὲν-

157 1425 464 1497 δε-ιξάμενοι
495 1427 591 1498 τὴν
635 1429 859 1500 ἀρετὴν,
891 1428 1015 1493 τούς
1052 1446 1113 1482 τε
1145 1430 1241 1500 τῆς
1269 1427 1555 1500 ὁμολογίας
1590 1425 1732 1495 λαμ-

162 1518 464 1590 προτάτους
495 1521 587 1573 καὶ
637 1521 890 1591 ἐμμελεῖς
915 1559 928 1584 ,
963 1519 1252 1592 ἀρμονίους
1290 1537 1350 1573 τε
1391 1520 1483 1572 καί¹
1514 1517 1734 1589 συμφώ-

157 1627 286 1673 νους
323 1609 416 1662 ἐπὶ
456 1610 563 1663 τῶν
605 1609 966 1682 δικαστηρίων
1001 1611 1268 1681 φθόγγους
1312 1609 1728 1672 ἀποδεδωκότες,

157 1701 250 1770 ὑφ’
285 1701 342 1754 ἓν
373 1703 466 1755 καὶ
497 1701 663 1756 ταύτὸ
689 1703 841 1766 τέλος
870 1702 966 1774 τὴν
988 1701 1378 1773 εὐσεϐεστάτην
1407 1702 1500 1755 καὶ
1534 1701 1732 1754 πάνσο-

159 1811 261 1863 φον
291 1794 378 1848 διὰ
409 1794 508 1864 τῆς
541 1795 633 1848 τοῦ
679 1795 975 1866 μαρτυρίου
1010 1792 1336 1855 τελειώσεως
1355 1791 1433 1862 τῷ
1473 1790 1591 1861 Θεῷ
1623 1789 1730 1842 τῶν

154 1887 294 1939 ὅλων
326 1887 725 1958 ἀπεπλήρωσαν
751 1888 849 1958 τὴν
885 1886 1166 1958 μελῳδίαν.

230 1979 306 2031 Ε’.
352 1977 624 2050 ’Υπερθαυ
634 1977 824 2048 μάζειν
849 1977 995 2043 ἄξιον
1023 1978 1115 2031 καί
1136 1977 1227 2030 τὸν
1249 1975 1478 2047 ἀριθμὸν
1503 1974 1610 2027 τῶν
1639 1974 1731 2026 ἀν·-

155 2067 301 2135 δρῶν
335 2067 668 2138 προφητικὸν
697 2066 959 2138 δηλοῦντα
987 2062 1148 2138 ’χορόν
1169 2083 1182 2095 ·
1217 2064 1424 2118 δώδεκα
1457 2063 1564 2135 γὰρ
1593 2059 1729 2116 εἶναι

158 2158 370 2230 συνέϐη
389 2160 514 2223 τοὺς
548 2160 774 2223 πάντας,
813 2162 1044 2222 ὁπόσους
1090 2158 1431 2229 πατριάρχας
1467 2158 1560 2210 καὶ
1597 2173 1723 2228 προ-

157 2251 335 2321 φήτας
369 2252 462 2304 καὶ
506 2252 833 2315 ἀποστόλους
871 2251 1122 2320 γενέσθαι
1167 2250 1602 2322 παρειλήφαμεν.
1648 2247 1725 2300 Ob

155 2357 265 2413 περ
296 2341 518 2414 ἑτέρων,
551 2342 669 2395 οὐδὲ
695 2341 794 2405 τὰς
826 2341 967 2396 κατά
1007 2342 1170 2413 μέρος
1205 2341 1435 2395 ἑκάστου
1466 2338 1728 2410 πολυτλή-

151 2447 282 2494 τους
303 2431 572 2501 ἀνδρείας,
597 2431 739 2484 κατά
764 2431 871 2484 τῶν
902 2431 1148 2502 πλευρῶν
1183 2431 1375 2495 ξέσεις,
1405 2431 1497 2483 καὶ
1517 2429 1614 2493 τάς
1640 2429 1728 2482 διά

149 2521 356 2594 τριχῶν
389 2524 581 2591 αἰγίων
621 2523 761 2594 ὑφῆς
790 2521 929 2577 κατά
957 2522 1064 2576 τῶν
1097 2522 1388 2587 ξεσθέντων
1415 2521 1508 2576 τοῦ
1544 2521 1728 2592 σώμα-

149 2630 246 2677 τος
288 2613 467 2686 μερῶν
507 2616 802 2686 ὲκτρίψεις,
838 2617 935 2678 τάς
982 2633 1040 2669 τε
1071 2615 1399 2684 ἀνηκέστους
1435 2614 1722 2685 μάστιγας,

152 2705 249 2758 καὶ
294 2706 393 2770 τὰς
438 2707 807 2779 πολυτρόπους
851 2708 944 2761 καὶ
989 2707 1392 2778 ἐνηλλαγμένας
1437 2706 1722 2776 βασάνους,

148 2798 329 2862 δεινάς
359 2816 419 2852 τε
460 2801 554 2853 καὶ
585 2800 1051 2872 δυσκαρτερητους
1087 2799 1472 2872 στρεϐλώσεις,
1501 2799 1568 2862 ἀς
1607 2799 1726 2851 ὲπι-

153 2888 508 2960 κελευομένου
549 2889 642 2942 τοῦ
679 2889 934 2944 δικαστοῦ
964 2892 1055 2944 καὶ
1092 2892 1248 2963 χερσὶ¹
1287 2891 1380 2944 καὶ
1418 2891 1572 2943 ποσὶν
1603 2891 1721 2942 ὲπι-

151 2977 414 3042 τείνοντες
440 2981 488 3032 οἱ
522 2980 824 3051 δορυφόρων
859 2983 922 3052 τῇ
951 2981 1040 3053 βίᾳ·
1068 2979 1480 3051 κατηνάγκαζον
1517 2979 1723 3051 πρᾶξαί

149 3086 202 3122 τι
235 3069 342 3122 τῶν
368 3072 750 3143 ἀπειρημένων
783 3075 909 3137 τοὺς
936 3075 1236 3146 μάρτυρας.

224 3249 292 3314 C,"
351 3248 414 3299 Τί
443 3249 546 3319 χρὴ
577 3248 753 3315 λέγειν
778 3249 877 3312 τὰς
905 3249 1261 3319 ἀειμνήστους
1291 3249 1394 3302 τῶν
1425 3249 1723 3305 θεσπεσίων

149 3336 354 3406 φωνὰς,
388 3339 446 3389 ἐν
474 3333 560 3400 αἷς
583 3335 740 3410 ἦττον
770 3338 1184 3411 πεφροντικότες
1213 3338 1318 3390 τῶν
1351 3339 1544 3404 πόνων,
1583 3340 1725 3411 λαμ-

149 3429 275 3501 πρῷ
306 3430 400 3482 καὶ
428 3430 637 3501 φαιδρῷ
665 3431 956 3502 προσώπῳ,
988 3430 1084 3493 τάς
1110 3431 1200 3484 τοῦ
1223 3430 1474 3484 δικαστοῦ
1507 3432 1724 3496 πεύσεις

147 3521 485 3592 ἀμείϐοντες,
510 3522 647 3593 πρὸς
668 3523 856 3585 αὑταῖς
878 3523 1127 3593 βασάνοις
1148 3523 1412 3590 γελῶντες
1437 3523 1720 3595 ἀνδρικῶς,

147 3615 271 3686 ἤθει
304 3633 364 3668 τε
405 3615 675 3685 σπουδαίῳ
713 3617 1226 3688 κατειρωνευόμενοι
1268 3616 1430 3668 αὐτοῦ
1460 3616 1557 3680 τὰς
1589 3619 1724 3688 ἐρω-

145 3708 370 3777 τήσεις;
414 3707 717 3778 Ἐρωμένου
746 3707 854 3779 γὰρ
873 3708 1064 3761 ὁπόθεν
1092 3702 1223 3769 εἶεν,
1255 3707 1352 3778 τὴν
1381 3708 1472 3761 ἐπὶ
1499 3710 1600 3778 γῆς
1624 3708 1722 3760 πό-

143 3799 232 3851 λιν
271 3798 497 3872 φράζειν
537 3800 822 3871 παρέντες,
853 3801 951 3871 τὴν
980 3799 1148 3862 ὅντως
1183 3800 1389 3852 ἑαυτῶν
1435 3801 1722 3872 ἀνεδήλουν

145 3891 404 3962 πατρίδα,
443 3891 550 3944 ἀπὸ
607 3891 960 3964 Ἰερουσαλὴμ
1004 3891 1230 3955 ἑαυτοὺς
1277 3892 1718 3963 ἀναγορεύοντες,

142 3981 426 4056 ἐνέφαινον
458 3982 513 4034 δὲ
545 3983 651 4052 ἄρα
695 3983 833 4036 κατὰ
862 3983 952 4036 τὸν
982 3982 1160 4035 αὐτῶν
1201 3982 1323 4034 νοῦν
1357 3983 1452 4054 τὴν
1485 3985 1720 4056 ἐπουρά-

114 4047 262 4124 λιιον
293 4071 382 4124 τοῦ
412 4047 683 4141 Geel-sgf
715 4074 780 4138 ἣν
826 4074 920 4126 καὶ
955 4073 1209 4127 ἔσπευδον
1256 4047 1430 4138 πόλιν,
1465 4075 1558 4127 καὶ
1588 4047 1720 4128 ἄλλα

139 4161 203 4214 δὲ
233 4162 638 4232 τοιουτότροπα,
661 4163 912 4232 ἄγνωστα
937 4165 1033 4234 μὲν
1059 4165 1150 4218 καὶ
1171 4164 1448 4218 ἀσύνοπτα
1473 4167 1583 4229 τοῖς
1610 4165 1720 4218 τῶν

144 4251 311 4322 ἱερῶν
353 4253 657 4320 ἀγεύστοις,
697 4255 875 4324 μόνοις
909 4255 965 4308 δὲ
1008 4257 1191 4320 αὐτοῖς
1238 4255 1332 4309 καὶ
1360 4259 1470 4319 τοῖς
1515 4257 1580 4308 ἐκ
1618 4255 1720 4326 τῆς

139 4346 296 4409 Θείας
325 4348 556 4410 πίστεως
585 4347 931 4419 ὡρμημένοις
961 4349 1318 4420 ἀριδηλότατα
1347 4349 1680 4420 προσέφερον
1700 4365 1713 4378 ·

139 4440 231 4507 ἐφ’
272 4432 352 4500 οἷς
393 4438 449 4490 δὲ
505 4439 738 4509 μάλιστα
785 4440 813 4492 ὁ
861 4439 1121 4511 δικαστὴς
1168 4439 1568 4508 ἀγανακτικῶς,
1622 4442 1718 4494 καὶ

1849 592 2078 657 milium,
2125 599 2298 644 acuta:
2325 599 2380 643 et
2413 600 2623 658 graves,
2659 585 2888 638 intensa:
2914 597 2977 638 ac
3005 580 3268 646 remissae,
3300 595 3410 634 mc-

1845 678 2075 747 dizeque,
2126 692 2222 746 per
2262 676 2529 730 musicam
2573 681 2744 727 artem
2794 671 2932 726 belle
2960 671 3403 726 concordantur:

1845 769 1923 823 sic
1951 777 2004 822 et
2028 768 2082 822 in
2119 768 2258 832 istis,
2280 767 2506 835 juvenes
2528 779 2650 820 cum
2688 765 2930 830 senibus,
2962 763 3101 818 servi
3127 777 3248 816 cum
3273 761 3406 815 libe-

1845 861 1942 924 ris,
1992 859 2136 913 docti
2187 869 2240 912 et
2274 858 2495 923 indocti,
2555 857 2764 911 nobiles
2809 865 2862 912 et
2911 855 3206 910 secundum
3260 851 3404 921 vulgi

1843 950 2257 1005 aestimationem
2313 948 2600 1018 ignobiles,
2661 946 2845 1001 ﬁdeles
2900 955 2953 1000 et
3005 942 3403 1007 catechumeni,

1840 1041 2053 1095 diaconi
2084 1050 2247 1110 atque
2280 1037 2609 1110 presbyteri;
2645 1047 2901 1105 tanquam
2933 1035 3182 1106 pulsante
3205 1048 3297 1086 eos
3320 1031 3404 1085 di-

1843 1133 2150 1187 versimode
2220 1131 2626 1201 sapientissimo
2684 1130 2920 1183 musices
2985 1126 3244 1195 magistro
3307 1122 3403 1178 Dei

1843 1223 2042 1286 Verbo,
2079 1237 2233 1276 suam
2267 1223 2466 1291 singuli
2498 1237 2592 1291 per
2626 1227 3022 1274 tormentorum
3057 1213 3404 1269 tolerantiam

1842 1314 2191 1368 ostendentes
2234 1315 2511 1380 virtutem,
2560 1312 2956 1382 pulcherrimos
2989 1311 3232 1378 beneque
3269 1321 3404 1360 con-

1840 1407 2033 1460 cordes
2088 1404 2448 1459 confessionis
2507 1403 2756 1458 modulos
2806 1417 2988 1458 coram
3041 1397 3403 1454 tribunalibus

1839 1495 2238 1565 personabant;
2283 1494 2558 1548 communi
2589 1495 2822 1564 denique
2855 1493 2961 1547 line
3009 1507 3106 1563 per
3147 1503 3404 1546 consum-

1841 1588 2138 1641 mationem
2190 1587 2456 1657 martyrii,
2506 1586 2902 1656 pientissimam
2946 1584 3108 1639 simul
3150 1582 3402 1638 doctissi-

1841 1697 2102 1752 inanique
2128 1680 2511 1735 concludentes
2537 1678 2824 1732 melodiam
2853 1676 2963 1732 Deo
2987 1676 3229 1730 omnium
3267 1689 3400 1729 con-

1835 1776 2016 1828 ditori.

1908 1947 1970 2002 ν.
2025 1947 2130 2002 Sed
2166 1958 2219 2003 et
2251 1947 2684 2003 consideratione
2711 1945 2973 2018 singulari
3005 1944 3203 2014 dignus
3225 1950 3310 1996 est
3333 1941 3400 1997 il-

1834 2041 2009 2095 lorum
2057 2056 2357 2103 numerus,
2409 2039 2786 2110 propheticum
2831 2048 3224 2108 repraesentans
3263 2037 3398 2091 eho-

1834 2149 1954 2187 rum
1983 2152 1996 2187 :
2026 2142 2182 2188 erant
2209 2134 2352 2187 enim
2387 2132 2682 2188 universim
2713 2132 3020 2198 duodecim,
3066 2139 3198 2200 quot
3228 2129 3393 2184 etiam

1832 2227 2193 2296 patriarchas,
2229 2226 2524 2296 prophetas
2547 2235 2710 2295 atque
2744 2223 3022 2294 apostolos
3043 2221 3215 2277 fuisse
3247 2235 3396 2274 acce-

1831 2319 2031 2387 pimus.
2084 2316 2270 2387 Neque
2316 2317 2546 2372 aliorum
2602 2331 2768 2385 quam
2831 2315 3021 2369 talium
3071 2327 3194 2367 esse
3237 2311 3392 2365 dixe»-

1830 2415 1929 2467 rim
1991 2413 2125 2484 (‘29),
2181 2415 2262 2468 vel
2310 2413 2741 2483 uniuscujusque
2790 2425 2979 2465 eorum
3041 2406 3394 2476 multiplicem

1830 2507 2222 2572 fortitudinem,
2255 2508 2393 2561 inter
2417 2508 2686 2562 sectiones
2713 2506 2964 2568 laterum,
2989 2514 3042 2556 et
3062 2501 3390 2554 laniatorum

1827 2601 2026 2656 deinde
2054 2601 2299 2669 corporis
2335 2600 2502 2654 totius
2544 2598 2915 2652 membrorum
2959 2593 3261 2648 attritiones
3298 2603 3394 2658 per

1827 2691 2073 2746 cilicinos
2103 2705 2168 2744 ex
2199 2690 2337 2743 lanis
2378 2687 2616 2756 caprinis
2658 2699 2869 2756 pannos
2891 2723 2906 2747 ,
2942 2692 2995 2736 et
3032 2678 3392 2734 intolerabilia

1827 2783 2048 2836 verbera
2068 2782 2350 2851 variaque,
2374 2789 2427 2833 et
2449 2785 2777 2834 commutata
2794 2775 3082 2830 identidem
3099 2778 3392 2831 tormenta,

1827 2891 1890 2931 ac
1930 2891 2118 2945 graves
2161 2873 2696 2938 imi-nanissimosque
2744 2868 3051 2931 cruciatus;
3081 2879 3220 2934 quos
3266 2876 3391 2916 cum

1827 2967 1894 3019 ad
1929 2965 2213 3033 imperium
2238 2962 2440 3031 judicis
2487 2961 2710 3014 lictores
2755 2956 3096 3010 intenderent
3135 2953 3390 3007 manibus

1827 3057 2183 3127 pedibusque,
2213 3055 2360 3108 omni
2385 3052 2640 3107 violentia
2678 3050 2988 3103 nitebantur
3015 3061 3206 3116 cogere
3244 3059 3392 3098 mar-

1827 3161 1972 3220 tyres
2003 3149 2068 3202 ad
2097 3147 2300 3216 aliquid
2329 3147 2574 3200 illicitum
2605 3142 2930 3197 faciendum.

1901 3239 1989 3294 νι.
2019 3239 2159 3306 Quid
2205 3254 2367 3308 porro
2397 3252 2617 3292 necesse
2652 3244 2736 3289 est
2778 3233 2981 3288 referre
3011 3232 3131 3287 illas
3177 3244 3390 3301 semper

1831 3331 2216 3386 memorabiles
2249 3345 2437 3383 eorum
2473 3344 2650 3392 voces,
2681 3341 2819 3396 quas
2855 3325 3061 3379 medios
3102 3325 3243 3376 inter
3289 3322 3390 3375 do-

1825 3426 1968 3480 lores
1999 3439 2188 3479 sereno
2214 3439 2277 3478 ac
2298 3423 2420 3476 lmto
2452 3420 2602 3474 vultu
2635 3419 2908 3490 sapienter
2931 3416 3262 3486 reponebam
3306 3414 3391 3467 in-

1827 3516 2283 3587 terrogationibus
2328 3514 2549 3584 judicis,
2603 3524 2862 3582 generose
2892 3507 3117 3562 ridendo
3149 3506 3217 3560 ad
3270 3505 3391 3574 ejus

1827 3617 2130 3674 tormenta,
2185 3615 2280 3660 aut
2328 3606 2566 3677 gratioso
2614 3605 2848 3674 quodam
2907 3601 3070 3654 modo
3123 3598 3391 3653 eludendo

1826 3702 2130 3771 propositas
2181 3701 2248 3754 ab
2287 3714 2352 3752 eo
2412 3693 2778 3767 quatstiones?
2824 3694 3198 3761 lnterrogante
3240 3689 3387 3744 enim

1826 3796 1935 3852 illo.
1967 3795 2235 3847 undenam
2267 3800 2484 3856 essent;
2520 3804 2618 3859 pro
2643 3803 2709 3844 eo
2734 3787 2878 3858 quod
2907 3785 2974 3841 de
3003 3795 3215 3839 terrena
3247 3782 3388 3836 civi-

1825 3900 1930 3943 tate
1945 3889 2351 3958 responderent,
2372 3901 2551 3940 veram
2567 3885 2614 3938 ei
2634 3899 2786 3938 suam
2809 3881 3116 3935 indicabant
3134 3877 3384 3948 patriam,

1821 3982 1889 4035 ab
1940 3980 2376 4036 llierusalemse
2412 3991 2532 4030 esse
2579 3975 2969 4046 praedicantes;
3018 3967 3388 4037 intelligebant

1823 4085 2002 4130 autent
2033 4074 2309 4127 cmlestcm
2337 4069 2484 4122 illam
2521 4067 2637 4130 Dei,
2673 4079 2781 4135 quo
2821 4062 3169 4126 feStinabant,
3194 4059 3388 4113 civita-

1823 4179 1929 4223 tem
1953 4187 1968 4232 ;
2001 4177 2054 4222 et
2079 4168 2184 4221 alia
2210 4165 2478 4236 ejusmodi
2503 4161 2651 4216 varia
2679 4159 2950 4219 dicebant,
2982 4151 3275 4222 inexpertis
3296 4166 3384 4205 sa-

1820 4276 2036 4316 crarum
2064 4275 2243 4313 rerum
2271 4272 2380 4311 non
2407 4251 2784 4322 intelligibilia,
2811 4258 2863 4302 et
2890 4247 3022 4302 solis
3041 4244 3236 4299 divina:
3260 4241 3384 4295 ﬁdei

1819 4351 2166 4410 consortibus
2198 4348 2483 4404 manifesta
2510 4366 2522 4401 :
2554 4345 2753 4415 quibus
2775 4341 2941 4412 judex
2971 4336 3144 4408 magis
3164 4348 3384 4389 exacer-

1820 4446 1997 4510 batus,
2031 4444 2318 4510 animoque
2361 4451 2618 4501 mstuans,
2650 4450 2825 4504 neque
2855 4433 2984 4502 quid
3023 4436 3204 4502 ageret
3232 4440 3385 4480 eom-

142 4529 294 4600 μάλα
332 4529 562 4601 ὀργίλως
593 4529 899 4599 σφαδάζων,
941 4531 1034 4584 καὶ
1067 4530 1156 4583 τὸν
1189 4531 1444 4601 λογισμὸν
1483 4530 1718 4603 ἀπορού-

1833 4537 2060 4607 perieris,
2095 4550 2162 4588 ne
2209 4533 2314 4588 illis
2362 4533 2600 4594 cederet,
2635 4540 2993 4597 quascunque
3042 4517 3385 4588 excogitabat

141 4639 308 4691 μενος
339 4621 615 4685 ποικίλως,
645 4622 719 4685 ὼς
747 4621 812 4674 ἂν
842 4621 915 4693 μὴ
944 4622 1222 4692 ἡττηθείη,
1250 4622 1347 4686 τὰς
1385 4624 1504 4676 κατ’
1537 4623 1715 4676 αὐτῶν

135 4712 351 4765 ἐπενόει
391 4713 666 4782 μηχανάς·
705 4712 936 4766 κᾶπειτα
965 4711 1143 4765 πεσὼν
1176 4713 1274 4783 τῆς
1303 4713 1534 4777 ἐλπίδος,
1565 4714 1714 4778 τέλος

134 4802 358 4873 ἑκάστῳ
385 4803 455 4856 τά
489 4804 586 4875 τῆς
633 4805 788 4875 νίκης
823 4803 1191 4875 ἀποφέρεσθαι
1227 4804 1533 4876 παρεχώρει
1583 4805 1714 4875 βρα-

136 4893 284 4946 ϐεῐα.
334 4894 582 4958 Ποικίλος
626 4894 671 4948 δ’
698 4890 764 4965 ἦν
794 4895 974 4948 αὐτῶν
1009 4895 1101 4948 καὶ
1133 4897 1160 4947 ὁ
1189 4897 1284 4966 τῆς
1308 4895 1564 4965 τελευτῆς
1589 4896 1713 4965 τρό-

137 5001 277 5048 πος·
305 4985 450 5038 δυεῖν
483 4987 579 5057 μὲν
613 4986 720 5038 τῶν
759 4988 816 5039 ὲν
847 4987 1027 5051 αὐτοῖς
1060 4987 1480 5057 κατηχουμένων
1510 4987 1585 5058 τῷ
1624 4987 1711 5039 διὰ

135 5076 317 5148 πυρὸς
355 5076 690 5149 βαπτίσματι
733 5078 1152 5132 τελειωθέντωνο
1195 5079 1380 5148 ἑτέρου
1414 5077 1470 5130 δὲ
1505 5077 1582 5148 τῷ
1616 5077 1710 5130 τοῦ

136 5168 410 5240 σωτηρίου
464 5168 668 5232 πάθους
723 5171 962 5241 σχήματι
1027 5169 1446 5241 παραδοθέντος·
1498 5169 1604 5222 τῶν
1655 5170 1712 5222 δὲ

131 5261 283 5330 ἀμφὶ
309 5261 371 5314 τὸ
407 5261 649 5316 ποθεινόν
679 5279 768 5334 μοι
793 5262 993 5334 ὄνομα,
1031 5263 1399 5317 διαλλάττουσι
1440 5261 1708 5334 βραϐείοις

130 5351 583 5424 ἀναδησαμένων.

209 5444 284 5497 Z'.
314 5445 450 5498 Τάδε
475 5446 572 5516 μὲν
599 5440 690 5499 οὖν
718 5446 851 5516 φαίη
873 5448 937 5501 ἄν
958 5464 1041 5510 τις
1060 5444 1486 5517 καθολικώτερον
1510 5446 1712 5500 τούτων

134 5533 506 5604 μεμνημένος,
541 5536 681 5589 κατά
732 5537 895 5608 μέρος
921 5537 976 5589 δὲ
1015 5536 1242 5590 ἕκαστον
1285 5535 1534 5601 ἐπεξιὼν,
1567 5537 1710 5590 εἰκό-

135 5642 246 5689 τως
289 5625 356 5680 ἃν
411 5626 503 5680 τοῦ
558 5626 720 5700 χοροῦ
777 5627 868 5680 τὸν
926 5629 1312 5701 πρωτοστάτην
1366 5627 1706 5700 μακαρίσεις.

1821 4629 2137 4691 machinas;
2168 4640 2233 4678 ac
2274 4623 2524 4690 denique,
2554 4619 2794 4687 dejectus
2826 4629 2920 4682 spe
2951 4609 3120 4675 omni,
3169 4604 3383 4659 unicui-

1817 4734 1924 4789 que
1950 4732 2138 4772 eorum
2167 4713 2404 4768 victoria:
2437 4708 2732 4779 assignavit
2766 4702 3034 4758 bravium.
3068 4696 3174 4751 Sed
3200 4696 3255 4748 in
3276 4695 3382 4748 hoc

1817 4788 1972 4880 quasi
2007 4808 2190 4861 varius
2221 4813 2338 4859 erat
2379 4801 2572 4856 modus
2600 4817 2612 4852 :
2643 4813 2766 4851 nam
2800 4795 3013 4849 duobus
3045 4788 3262 4860 quidem
3287 4799 3383 4838 eo-

1817 4877 1938 4952 rum
1987 4898 2165 4952 adhuc
2210 4891 2638 4954 catechumenis,
2675 4903 2807 4944 suus
2841 4901 2934 4956 per
2979 4885 3154 4954 ignem
3200 4877 3378 4948 bapti-

1817 5007 1968 5046 sxnus
1997 4989 2226 5059 obtigit:
2259 4986 2412 5040 alteri
2439 4983 2688 5038 salviticre
2721 4976 2990 5048 passionis
3041 4969 3260 5041 imagini
3291 4983 3381 5023 as—

1822 5081 2077 5145 similati;
2127 5079 2306 5134 caeteri
2353 5091 2481 5130 vero
2510 5075 2602 5145 qui
2642 5087 2765 5128 cum
2805 5070 2999 5124 dilecto
3034 5081 3154 5121 meo
3193 5071 3376 5127 erant,

1817 5174 2029 5227 diversa
2066 5173 2204 5223 inter
2234 5183 2294 5223 se
2325 5165 2541 5237 praemia
2569 5163 2748 5234 partiti
2779 5169 2921 5216 sunt.

1889 5437 2000 5492 γη.
2023 5438 2199 5508 Atque
2231 5436 2345 5490 hate
2370 5432 2568 5490 dixerit
2595 5431 2811 5501 aliquis,
2844 5430 3083 5498 ipsorum
3105 5424 3292 5480 volens
3316 5421 3372 5478 in

1815 5547 2008 5604 genere
2037 5530 2382 5595 meminisse;
2417 5526 2727 5597 singillatim
2773 5538 2898 5578 vero
2929 5537 3024 5578 eos
3051 5517 3373 5590 praedicatu-

1815 5643 1929 5692 rus,
1955 5626 2078 5696 jure
2122 5625 2316 5678 merito
2343 5621 2508 5677 totius
2548 5619 2698 5676 chori
2731 5619 2920 5671 duceni
2952 5615 3003 5667 in
3038 5611 3228 5683 primis
3258 5611 3370 5665 lau-

217 5822 326 5890 (29)
368 5820 589 5876 Videtur
631 5823 718 5878 hic
748 5823 947 5895 aliquid
980 5823 1168 5880 deesse
1197 5825 1383 5881 Graeco
1415 5825 1582 5880 textui
1630 5824 1695 5880 ad
1737 5841 1952 5880 sensum
1989 5823 2388 5892 complendum.
