3922 6528
145 383 278 437 £5“

1658 377 1858 435 ACTA.

3241 376 3264 430 ί
3275 375 3378 431 δη

141 499 388 572 πολιτείᾳ
408 500 502 554 καὶ
525 502 769 575 ἀσκήσει.
805 504 1055 559 Μάλιστα
1078 503 1229 576 παρά
1259 502 1386 566 τοὺς
1410 499 1527 554 καθ’
1554 502 1702 572 ἡμᾶς

1816 505 2170 567 contemptum
2191 497 2373 552 saeculi
2400 497 2729 560 consideres,
2759 512 2851 552 seu
2876 497 3138 553 bonorum
3167 499 3374 569 largam

139 590 404 662 διέπρεπε
438 595 504 664 τῇ
541 595 666 666 περὶ
692 596 760 649 τὰ
787 595 904 650 θεῖα
929 595 1083 664 λόγια
1111 594 1453 666 γνησιωτάτῃ
1485 592 1706 662 σπουδῇ,

140 681 362 753 ἀτρύτῳ
388 700 446 736 τε
484 683 520 737 ἀ
553 685 816 757 προῦθετο
849 687 1150 759 φιλοπονίᾳ,
1181 686 1276 739 καὶ
1317 688 1382 756 τῇ
1426 684 1551 754 περὶ
1587 686 1710 746 τοὺς

139 775 521 845 προσήκοντας
571 777 664 830 καὶ
703 779 908 844 πάντας
959 781 1086 844 τοὺς
1128 777 1275 848 αὐτῷ
1317 775 1710 846 πλησιάζοντας

138 863 379 936 ὠφελείᾳ
396 882 408 895 ·
439 859 500 918 οὗ
523 866 590 919 τὰ
615 867 774 922 λοιπά
805 869 904 939 τῆς
929 870 1127 940 ἀρετῆς
1151 867 1572 938 κατορθώματα,
1608 881 1710 935 μα-

141 955 412 1026 κροτέρας
441 955 569 1012 ὄντα
600 958 920 1031 διηγήσεως,
948 961 1034 1014 ἐπ’
1066 960 1197 1023 ἰδίας
1219 959 1317 1029 τῆς
1347 958 1439 1011 τοῦ
1474 959 1592 1010 κατ’
1617 957 1712 1009 αὺ-

137 1046 239 1100 τὸν
263 1047 567 1113 ὑποθέσεως
610 1049 724 1119 βίου
763 1054 978 1124 γραφῆς
1009 1055 1066 1106 ὲν
1098 1052 1274 1124 τρισὶν
1317 1051 1416 1122 ήδη
1451 1049 1712 1120 πρότερον

137 1136 500 1209 ὑπομνήμασι
537 1142 1015 1215 παραδεδώκαμεν.
1068 1144 1230 1197 Ἀλλά
1262 1141 1369 1213 γὰρ
1411 1142 1497 1193 ἐπ’
1533 1140 1712 1192 ἐκεῖνα

135 1233 273 1297 τοὺς
301 1233 594 1304 φιλοτίμως
623 1235 716 1288 καὶ
753 1235 926 1289 ταῦτα
966 1235 1160 1290 είδέναι
1195 1235 1434 1305 ἔχοντας,
1471 1230 1713 1300 ἀναπέμ-

137 1324 364 1394 ψαντες,
397 1325 464 1378 τά
515 1325 609 1378 νῦν
661 1327 912 1398 ἐχώμεθα
944 1329 1043 1398 τῆς
1087 1327 1226 1381 κατὰ
1257 1327 1383 1388 τοὺς
1433 1323 1712 1394 μάρτυρας

137 1417 480 1480 ἀκολουθίας.
517 1417 775 1490 Δεύτερος
813 1421 949 1490 μετά
980 1420 1260 1491 Πάμφιλον
1286 1419 1376 1471 ἐπὶ
1408 1416 1496 1470 τὸν
1529 1413 1712 1483 ἀγῶνα

138 1512 367 1581 παρῄει,
404 1513 718 1586 ἱεροπρεπεῖ
749 1514 908 1584 πολιᾷ
933 1511 1311 1582 τετιμημένος,
1343 1508 1575 1578 Οὐάλης,
1605 1506 1712 1559 τῶν

140 1589 454 1667 ἀπὸἈίλίας
475 1604 734 1668 διάκονος,
773 1605 906 1674 αὐτῇ
931 1601 1188 1674 προσόψει
1227 1599 1549 1670 σεμνότατος
1584 1613 1714 1667 πρε-

142 1691 368 1764 σϐύτης,
397 1695 505 1747 τῶν
533 1695 687 1748 θείων
733 1693 961 1768 Γραφῶν
988 1695 1034 1746 εί
1065 1694 1158 1747 καί
1188 1710 1270 1755 τις
1301 1691 1456 1752 ἄλλος
1486 1689 1710 1760 ἐπιστή-

144 1803 299 1856 μων·
344 1786 606 1850 τοσαύτας
635 1787 698 1855 γέ
725 1804 802 1840 τοι
835 1787 1050 1858 μνήμας
1076 1784 1250 1839 αὐτῶν
1289 1782 1709 1854 ἐνεστέρνισατο,

141 1879 221 1939 ὡς
267 1879 338 1947 μὴ
373 1879 538 1931 ἐνδεῖν
571 1879 668 1949 τῆς
719 1878 825 1932 άπὸ
865 1876 1204 1947 γραμμάτων
1252 1875 1541 1940 ἐντεύξεως
1564 1911 1579 1934 ,
1612 1872 1710 1942 τῆς

143 1965 200 2017 εἴ
225 1984 352 2019 ποτε
378 1969 764 2042 λά6οιΓραφῆς
788 1968 879 2032 οὓς
899 1969 941 2021 δ’
967 1965 1057 2022 οὖν
1079 1965 1550 2038 ἀπομνημονεῦσαι
1575 1961 1711 2024 διεξ-

139 2058 316 2120 όδους.
357 2059 548 2131 Τρίτος
594 2063 622 2114 ό
678 2059 1136 2131 θερμουργότατος
1189 2059 1281 2112 καὶ
1319 2057 1395 2128 τῷ
1441 2055 1710 2126 πνεύματι

143 2147 304 2213 ζέων,
330 2149 438 2202 ἀπὸ
463 2150 562 2219 τῆς
611 2149 892 2221 Ἰαμνιτῶν
918 2151 1144 2214 πόλεως,
1177 2149 1234 2202 ὃν
1267 2150 1448 2210 αὐτοῖς
1482 2147 1708 2218 ἐγνωρί-

142 2237 271 2300 ζετο
301 2239 528 2305 Παῦλος,
561 2243 665 2311 πρὸ
698 2239 789 2294 τοῦ
823 2242 1115 2313 μαρτυρίου
1147 2241 1233 2294 διά
1264 2242 1546 2311 καυτήρων
1577 2238 1710 2290 ὐπο-

147 2330 317 2400 μονῆς
348 2331 436 2384 τὸν
462 2331 557 2402 τῆς
592 2330 877 2401 ὁμολογίας
907 2331 1196 2402 διαθλήσας
1231 2331 1433 2398 ἀγῶνα.

1812 591 1867 643 in
1917 603 2183 658 pauperes
2223 590 2614 658 erogationem,
2665 604 2760 645 seu
2809 591 3148 644 smcularium
3201 593 3376 645 hono-

1811 695 1930 734 rum
1961 679 2029 734 ad
2075 695 2216 750 quos
2253 680 2494 749 aspirare
2540 688 2751 749 poterat
2795 681 3225 750 despicientiam,
3275 697 3370 736 seu

1811 773 2040 842 denique
2091 774 2337 828 arctioris
2383 784 2432 829 et
2485 774 2873 843 philosophica:
2927 775 3208 844 cujusdam
3250 775 3375 827 vita:

1810 863 2269 919 exercitationem.
2303 862 2407 918 Sed
2458 879 2565 932 pra:
2598 865 2806 919 cunctis
2848 873 3047 919 nostra:
3077 864 3251 918 aetatis
3277 864 3375 916 ho-

1813 955 2050 1010 minibus
2075 956 2303 1010 eminuit
2329 956 2382 1009 iu
2411 971 2476 1010 eo
2501 957 2616 1011 viro
2658 958 3097 1012 ardentissimum
3135 956 3371 1009 studium

1812 1062 2089 1101 sacrarum
2120 1047 2443 1115 litterarum,
2479 1057 2532 1102 et
2559 1049 2610 1102 in
2644 1049 2708 1102 iis
2738 1050 2901 1104 rebus
2935 1066 3072 1117 quas
3117 1050 3217 1104 sibi
3257 1065 3378 1117 per-

1814 1139 2067 1193 liciendas
2113 1149 2486 1209 proposuerat,
2524 1140 2794 1195 indefessa
2830 1141 3031 1195 laboris
3079 1140 3376 1195 assiduitas

1812 1244 1875 1284 ac
1918 1230 2226 1300 diligentia;
2267 1233 2331 1287 ad
2369 1233 2482 1287 haec
2521 1233 2812 1302 singularis
2855 1232 2906 1286 in
2940 1234 3217 1302 proximos
3250 1249 3380 1286 cun-

1813 1331 2035 1391 ctosque
2059 1322 2150 1390 qui
2180 1323 2244 1376 ad
2277 1323 2452 1392 ipsum
2485 1332 2828 1379 accesserant
2861 1325 3232 1379 beneﬁcentia.
3263 1324 3371 1378 llu-

1807 1413 1896 1482 jus
1932 1412 2030 1466 viri
2080 1413 2313 1482 reliquas
2359 1415 2584 1469 virtutes
2618 1432 2812 1485 resque
2857 1417 3114 1485 praeclare
3147 1428 3333 1486 gestas
3359 1459 3376 1484 ,

1811 1522 1931 1575 quae
1960 1507 2306 1574 prolixiorem
2347 1508 2648 1561 orationem
2679 1508 3007 1572 desiderant,
3051 1509 3374 1578 jampridem

1813 1615 1910 1652 nos
1941 1599 1992 1651 in
2044 1598 2298 1667 peculiari
2343 1613 2506 1667 apere
2536 1598 2678 1668 quod
2711 1600 2776 1652 de
2818 1600 2936 1668 ejus
2979 1600 3089 1653 vita
3133 1600 3382 1653 conseri-

1815 1689 2042 1757 psimus,
2073 1689 2244 1742 tribus
2269 1689 2422 1742 libris
2450 1689 2716 1758 complexi
2753 1704 2944 1743 sumus
2973 1709 2985 1742 :
3020 1689 3063 1743 si
3093 1690 3184 1759 qui
3214 1691 3382 1760 igitur

1815 1775 2006 1829 harum
2052 1792 2232 1829 rerum
2269 1776 2770 1845 cognoscendarum
2806 1777 3059 1845 cupidine
3087 1787 3371 1840 tenentur,

1816 1885 1909 1924 cos
1943 1869 2070 1923 illuc
2103 1869 2426 1924 amandasse
2455 1869 2712 1934 contenti,
2750 1870 2804 1923 in
2833 1871 3240 1939 praesentiarum
3273 1885 3381 1924 cu:-

1815 1973 1958 2033 ptam
1995 1965 2060 2017 de
2092 1963 2418 2033 martyribus
2447 1963 2648 2017 nostris
2683 1963 3049 2017 narrationem
3084 1976 3379 2032 proseque-

1815 2069 1955 2106 mur.
2004 2050 2285 2107 Secundus
2333 2059 2454 2120 post
2504 2051 2845 2121 Pamphilum
2887 2052 2940 2104 in
2969 2061 3240 2106 certamen
3281 2051 3379 2104 de-

1815 2144 2023 2199 scendit
2061 2143 2218 2199 IEliae
2243 2144 2394 2198 urbis
2435 2143 2719 2209 diaconus,
2762 2141 2981 2209 Valens,
3015 2151 3243 2212 augusta
3286 2157 3382 2195 ca-

1813 2233 1943 2288 nitie
1959 2235 2306 2303 conspicuus,
2335 2232 2559 2303 ipsoque
2583 2240 2805 2302 aspectu
2831 2233 3154 2287 venerabilis
3183 2247 3376 2296 senex,

1814 2326 1906 2395 qui
1929 2325 2138 2380 divinas
2162 2322 2471 2394 Scripturas
2492 2339 2603 2393 prae
2626 2324 2833 2378 caeteris
2856 2325 3070 2395 egregie
3106 2325 3334 2378 callebat
3358 2341 3372 2385 ;

143 2436 243 2476 eas
291 2425 432 2479 enim
481 2441 652 2496 usque
696 2427 830 2482 adeo
868 2427 1012 2481 fideli
1057 2428 1315 2481 memoria
1376 2423 1849 2494 complectebatur,
1903 2432 1961 2476 ut
2007 2422 2140 2475 nihil
2190 2422 2414 2475 omnino
2456 2421 2757 2486 interesset,
2815 2435 2883 2475 an
2930 2436 2996 2474 ex
3023 2420 3205 2476 codice
3257 2423 3380 2489 ipso

146 2513 367 2584 legeret,
405 2531 472 2570 an
519 2517 806 2584 cujuslibet
855 2516 1149 2588 Scriptura:
1192 2519 1429 2586 integras
1475 2515 1699 2585 paginas
1757 2512 2026 2568 recitaret.
2088 2511 2304 2567 Tertius
2355 2513 2494 2566 inter
2547 2527 2641 2565 eos
2681 2511 2872 2565 claruit
2911 2509 3132 2573 Paulus.
3172 2511 3381 2566 Jamni-

151 2615 331 2660 tarum
363 2609 556 2678 oppido
586 2612 878 2678 oriundus,
913 2612 996 2666 vir
1039 2613 1094 2666 in
1142 2612 1349 2682 agendo
1402 2609 1641 2665 fervidus
1692 2616 1748 2662 et
1803 2606 1995 2662 ardore
2044 2608 2267 2678 spiritus
2313 2609 2522 2677 plenus,
2558 2607 2650 2677 qui
2706 2617 2828 2661 ante
2881 2609 3194 2678 martyrium
3246 2624 3380 2661 can-

145 2699 326 2755 dentis
360 2701 486 2756 ferri
516 2703 754 2760 ustiones
795 2721 1105 2776 perpessus,
1155 2704 1514 2762 confessionis
1545 2717 1803 2758 coronam
1837 2702 2117 2756 retulerat.

1708 2851 1779 2861 .—

1453 2939 1650 3000 PARS
1713 2937 2058 2998 ALTERA.

958 3057 1271 3114 Sanctorum
1321 3059 1652 3129 singulorum
1681 3058 1991 3122 certamina,
2029 3066 2076 3109 et
2109 3057 2352 3125 martyrii
2375 3057 2568 3111 exitus.

221 3169 298 3224 8'.
327 3171 543 3236 Τούτοις
567 3171 658 3226 ἐπὶ
680 3173 778 3243 τῆς
802 3174 1019 3244 εἱρκτῆς
1040 3175 1182 3228 δυεῖν
1211 3177 1349 3229 ἐτοῖν
1382 3177 1585 3248 χρόνων
1616 3193 1712 3230 κα·
1741 3181 1782 3238 C

148 3265 574 3338 τατριὸομένοις,
610 3267 866 3330 ὑπόθεσις
910 3267 1001 3320 τοῦ
1042 3270 1336 3340 μαρτυρίου
1371 3270 1583 3338 ἐγένετο
1615 3272 1710 3322 Al-

147 3357 392 3425 γυπτίων
424 3355 624 3424 ἄφιξις,
664 3356 771 3409 τῶν
808 3357 903 3410 σὺν
936 3357 1115 3422 αὐτοῖς
1151 3359 1540 3413 τελειωθέντων
1561 3399 1574 3423 ,
1620 3360 1712 3425 οὒς

145 3450 292 3505 κατά
316 3451 412 3519 τὴν
459 3449 708 3503 Κιλικίαν
755 3443 896 3502 οὗτοι
943 3453 1448 3523 καταπονουμένους
1501 3456 1558 3506 ὲν
1602 3456 1713 3518 τοῖς

152 3542 453 3613 μετάλλοις,
486 3543 644 3612 μέχρι
681 3542 786 3596 τῶν
821 3543 997 3598 τόπων
1033 3545 1472 3614 καταστήσαντες
1502 3546 1592 3597 ἐπὶ
1616 3544 1713 3616 τὴν

1884 3173 1976 3228 ιχ.
2027 3175 2162 3228 Cum
2199 3175 2512 3244 praelaudati
2558 3188 2668 3229 tres
2701 3176 2871 3229 sancti
2921 3175 3193 3232 biennium
3235 3180 3380 3251 egis-

1815 3277 1935 3321 sent
1959 3267 2014 3320 in
2057 3282 2272 3322 carcere
2314 3267 2448 3338 (53),
2490 3267 2706 3320 occasio
2749 3270 2990 3338 martyrit
3032 3269 3208 3324 oblata
3244 3273 3377 3340 ipsis

1814 3367 1893 3413 est
1914 3374 2008 3428 per
2029 3374 2144 3425 eos,
2173 3359 2264 3428 qui
2293 3360 2453 3413 etiam
2493 3375 2613 3413 cum
2647 3359 2751 3414 illis
2773 3370 3014 3414 extremo
3047 3362 3219 3417 affecti
3248 3380 3376 3433 sup-

1811 3449 1974 3520 plicio
1999 3449 2239 3515 fuerunt,
2271 3449 2573 3521 Egyptios.
2607 3450 2670 3504 lli
2697 3467 2725 3506 a
2754 3450 2941 3507 Cilicia
2969 3455 3380 3509 revertebantur

1812 3541 2055 3607 domum,
2089 3550 2375 3611 postquam
2419 3542 2546 3596 illuc
2588 3559 2757 3612 usque
2783 3544 3124 3600 deduxerunt
3162 3546 3226 3600 ad
3260 3563 3377 3600 me-

148 3633 354 3688 οἰκείαν
382 3634 784 3687 ὲπαλινὸστουν·
825 3635 916 3688 καὶ
947 3634 1009 3706 δὴ
1045 3635 1178 3706 πρὸς
1209 3640 1324 3699 ταῖς
1357 3637 1579 3700 εἰσόδοις
1608 3636 1712 3690 τῶν

148 3727 291 3780 κατὰ
312 3726 644 3797 Καισάρειαν
676 3725 878 3789 πυλῶν,
903 3727 1045 3791 τίνες
1074 3723 1180 3780 εἶεν
1212 3729 1301 3780 καὶ
1332 3727 1492 3780 πόθεν
1520 3728 1711 3797 ἀφικό-

153 3834 326 3886 μενοι,
361 3816 493 3888 πρὸς
527 3816 632 3868 τῶν
668 3815 918 3884 φυλάκων
945 3815 1326 3887 ἐρωτηθέντες,
1353 3816 1446 3870 καὶ
1472 3816 1634 3886 μηδὲν
1664 3815 1710 3868 τ’

149 3908 383 3978 ἀληθοῦς
423 3907 852 3979 ἀποκρύψαντες,
890 3908 1204 3978 Χριστιανοὶ
1249 3908 1304 3961 δὲ
1349 3907 1547 3978 φάντες
1587 3909 1710 3960 ἐαυ-

146 4001 298 4062 τοὺς,
329 3997 644 4069 κακούργων
675 3998 859 4069 τρόπῳ
887 3999 971 4048 ἐπ’
1018 3997 1164 4068 αὐτῷ
1191 3998 1357 4072 φώρῳ
1406 3998 1712 4070 ληφθέντων

151 4089 660 4159 καταλαμϐάνοντοο
703 4088 864 4140 πέντε
897 4088 952 4140 δὲ
979 4085 1115 4158 ἦσαν
1143 4090 1235 4142 τὸν
1271 4088 1517 4160 ἀριθμόν.
1554 4091 1615 4142 Οἱ
1656 4091 1712 4143 δὲ

151 4174 546 4246 προσαχθέντες
571 4175 647 4246 τῷ
678 4175 914 4247 ἄρχοντι,
951 4176 1085 4228 κάπὶ
1112 4176 1297 4229 τούτου
1329 4179 1710 4249 παρρησιασά-

150 4283 326 4336 μενοι,
346 4265 558 4337 δεσμοῖς
580 4266 678 4336 μὲν
698 4266 890 4319 αὐτίκα
915 4267 1309 4338 παραδίδονται.
1337 4269 1413 4339 Τῇ
1439 4269 1710 4342 ὑστεραίᾳ,

149 4359 434 4430 Περιττίου
480 4358 641 4429 μηνὸς
673 4359 1062 4430 ἑκκαιδεκάτῃ,
1114 4360 1254 4413 κατά
1311 4361 1609 4431 Ῥωμαίους
1658 4363 1712 4415 δὲ

145 4454 217 4520 τῇ
249 4449 352 4520 πρὸ
376 4448 786 4519 δεκατεσσάρων
821 4449 1107 4503 Καλάνδων
1134 4452 1407 4521 Μαρτίων,
1428 4453 1624 4515 αὐτοὺς
1651 4453 1712 4525 δὴ

148 4540 392 4602 τούτους,
445 4540 540 4592 σὺν
592 4543 704 4602 τοῖς
751 4540 889 4609 ἀμφὶ
929 4540 1018 4592 τὸν
1049 4541 1347 4610 Πάμφιλον,
1399 4543 1474 4613 τῷ
1520 4546 1710 4616 Φιρμι-

149 4630 320 4700 λιανῷ
365 4631 743 4702 προσάγουσιν.
792 4631 850 4685 ’0
898 4630 952 4683 δὲ
991 4631 1095 4684 τῶν
1147 4633 1448 4700 Αἰγυπτίων
1487 4637 1711 4688 ἀπεπει-

149 4721 286 4792 ρᾶτο
317 4720 509 4789 μόνων,
541 4720 644 4791 πρὸ
674 4722 777 4773 τῶν
813 4720 1053 4790 βασάνων
1080 4720 1273 4772 εἴδεσιν
1302 4724 1571 4787 παντοίοις
1599 4724 1713 4777 δια-

147 4810 442 4879 γυμνάςων
485 4814 609 4875 τοὺς
643 4811 872 4882 ἄνδραςο
902 4812 990 4864 τὸν
1027 4812 1125 4881 μὲν
1163 4808 1254 4865 οὖν
1287 4816 1586 4886 προήγορον
1620 4817 1714 4868 αύ-

145 4901 261 4956 τῶν
311 4903 368 4954 ὲν
422 4902 569 4973 μέσῳ
609 4903 848 4970 ἀγαγὼν,
913 4903 965 4955 τί
1020 4901 1106 4973 εἴη
1161 4905 1254 4956 καὶ
1301 4903 1709 4976 πόθενιὴρώτα.

225 5077 340 5158 (3'5)
373 5075 648 5158 l'lcgrapha
690 5086 876 5158 nostra
894 5075 1286 5158 ollediceinns"
1316 5077 1410 5158 επὶ
1437 5077 1536 5158 τῆς
1564 5077 1714 5158 Κρή-

146 5145 273 5216 της,
305 5148 358 5199 in
387 5145 563 5209 Creta,
595 5148 747 5216 quasi
776 5147 863 5201 isti
894 5147 965 5200 ihi
995 5147 1330 5201 exsulassent
1361 5165 1374 5200 :
1410 5145 1504 5201 sed
1543 5145 1712 5202 corri-

151 5215 360 5286 guntur
389 5232 455 5269 ex
491 5232 592 5270 ms.
629 5215 932 5287 Lipomani,
981 5226 1144 5286 atque
1183 5218 1412 5287 ipsomet
1439 5216 1710 5280 Eusebio,

153 5291 288 5408 haec‘
325 5287 378 5339 in
407 5286 784 5354 compendium
824 5288 1211 5352 contrahente,
1255 5294 1308 5341 et
1344 5286 1442 5357 τῆς
1495 5287 1714 5359 εἱρκτῆς

153 5373 265 5408 scrt
292 5364 446 5408 )ente'.

150 5357 446 5417 scribente;

228 5425 343 5492 (54)
385 5426 612 5480 Additur
641 5425 694 5478 in
732 5425 894 5485 llist..
923 5426 1272 5496 ὁμολογητάς,
1301 5427 1638 5495 confessores.

227 5495 345 5565 (55)
380 5497 606 5550 Additur
642 5495 860 5557 ibidem,
891 5495 1104 5566 perinde
1131 5495 1191 5548 ac
1219 5497 1418 5564 priores
1466 5496 1546 5548 illi
1584 5513 1712 5566 quos

148 5582 318 5636 supra
349 5567 745 5620 commemoravi
780 5566 1014 5637 (scilicet
1043 5564 1276 5635 {Egyptii
1317 5567 1428 5628 alii,
1460 5567 1549 5634 qui
1593 5564 1711 5634 cap.

153 5640 224 5688 to
259 5639 642 5701 narrabantur,
685 5635 797 5690 χιιι
823 5636 947 5689 Kal.
983 5635 1274 5688 Ianuarias
1323 5637 1711 5702 comprehensi)

152 5704 457 5776 professos,
500 5725 552 5760 se
580 5710 646 5759 ad
679 5709 968 5760 ministeria
1008 5707 1386 5775 confessoribus
1429 5709 1482 5758 in
1524 5705 1713 5759 Cilicia

149 5777 458 5832 constitutis
503 5778 789 5832 exhibenda
836 5777 1102 5846 proticisci
1146 5795 1158 5829 :
1194 5792 1424 5846 quorum
1473 5776 1561 5829 alii
1593 5776 1714 5844 qui—

1814 3631 1938 3684 talla
1967 3631 2252 3686 damnatos
2279 3632 2424 3703 (54);
2458 3641 2619 3702 atque
2658 3635 2722 3687 ad
2765 3634 3067 3704 ingressum
3098 3647 3374 3706 portarum

1813 3721 2071 3779 Caesarea:
2102 3725 2416 3796 interrogati
2471 3725 2584 3792 (55)
2617 3726 2707 3795 qui
2743 3735 2927 3782 essent
2975 3737 3029 3783 et
3059 3729 3199 3784 unde
3227 3732 3380 3785 veni-

1812 3822 1966 3879 rent,
2002 3830 2125 3869 cum
2177 3831 2350 3886 neque
2385 3815 2503 3886 ejus
2546 3818 2688 3886 quod
2727 3829 2842 3872 erat
2875 3819 3175 3889 quidquam
3215 3821 3380 3877 dissi-

1814 3905 2103 3967 mularent,
2135 3922 2299 3975 seque
2327 3906 2665 3962 Christianos
2711 3923 2833 3963 esse
2863 3911 3270 3977 profiterentur;
3297 3913 3380 3966 in-

1813 4002 1926 4049 star
1953 3995 2319 4050 malelicorum
2363 3996 2479 4064 ipso
2511 3995 2563 4049 in
2597 3995 2839 4052 facinore
2880 3998 3337 4067 deprehensorum
3357 4042 3375 4065 ,

1814 4083 2028 4137 fuerant
2069 4086 2468 4155 comprehensi,
2508 4103 2737 4141 numero
2768 4087 3008 4157 quinque
3037 4105 3051 4142 :
3087 4089 3151 4142 ad
3189 4092 3377 4158 prtesi-

1813 4175 1932 4230 dem
1967 4186 2143 4230 autem
2178 4177 2414 4243 adducti,
2441 4178 2735 4248 eademque
2760 4179 2952 4234 fiducia
2979 4180 3083 4247 usi,
3115 4182 3377 4236 continuo

1814 4266 1867 4320 in
1898 4267 2109 4320 vincula
2144 4268 2253 4321 dati
2302 4278 2474 4322 erant.
2525 4267 2792 4323 Postridie
2821 4285 2975 4337 vero,
3008 4271 3100 4341 qui
3152 4272 3218 4326 16
3259 4272 3376 4327 dies

1813 4369 1930 4415 erat
1952 4361 2153 4417 mensis
2177 4360 2406 4424 Perittii,
2433 4363 2533 4416 hoc
2558 4370 2638 4416 est
2660 4361 2813 4431 juxta
2840 4361 3114 4418 Romanos
3134 4365 3248 4420 dies
3276 4383 3367 4420 xrv

1815 4460 1942 4506 ante
1980 4451 2252 4506 Kalendas
2286 4451 2526 4519 Martias,
2563 4453 2725 4507 iidem
2772 4453 2932 4507 simul
2981 4469 3101 4508 cum
3134 4457 3240 4511 illis
3282 4458 3375 4525 qui

1747 4517 1787 4570 θ
1817 4542 2099 4612 Pamphilo
2132 4543 2376 4607 aderant,
2409 4517 2724 4597 Firmiliano
2762 4545 3104 4600 exhibentur.
3149 4545 3248 4612 Qui
3283 4517 3375 4601 so-

1818 4636 1902 4690 los
1947 4634 2229 4705 {Egyptios
2265 4635 2549 4689 lentandos
2602 4635 2703 4688 sibi
2744 4651 2964 4690 sumens
2997 4637 3142 4689 omni
3179 4652 3375 4705 genere

1820 4734 2247 4789 tormentorum,
2305 4725 2496 4779 nudari
2548 4726 2694 4778 viros
2731 4725 2923 4794 jussit;
2971 4726 3184 4791 deinde,
3237 4741 3362 4781 eum

1818 4815 1910 4883 qui
1958 4817 2263 4884 praecipuus
2307 4815 2445 4868 inter
2494 4829 2683 4868 omnes
2728 4813 3009 4868 videbatur
3046 4815 3100 4869 in
3135 4816 3373 4871 medium

1821 4907 2118 4972 adducens,
2169 4905 2294 4976 quis
2327 4914 2472 4959 esset
2517 4915 2570 4959 ct
2620 4905 2782 4971 unde,
2835 4905 3221 4976 interrogabat.
3275 4907 3373 4962 llic

1819 5080 1964 5140 dem,
2002 5079 2180 5131 cadent
2225 5094 2328 5148 qua
2370 5077 2454 5131 illi
2481 5078 2668 5147 quibus
2698 5079 3054 5133 ministraturi
3092 5090 3370 5147 venerant,

1818 5165 1965 5217 pwna
1994 5150 2228 5200 damnati
2259 5157 2400 5209 sunt,
2432 5150 2594 5202 oculis
2618 5165 2679 5202 ac
2707 5149 2921 5218 pedibus
2947 5151 3157 5204 inutiles
3183 5151 3372 5204 redditi

1822 5224 1951 5287 (uno
1985 5219 2188 5271 scilicet
2233 5218 2394 5271 oculo
2422 5227 2594 5283 eruto,
2637 5229 2692 5273 et
2736 5220 2910 5273 cruris
2941 5222 3106 5273 unius
3148 5222 3374 5276 succisis

1820 5288 2053 5359 nervis);
2088 5298 2189 5341 tres
2220 5304 2336 5340 vero
2364 5303 2427 5341 ea:
2456 5288 2605 5357 ipsis,
2635 5290 2690 5341 in
2719 5289 2841 5342 urbe
2867 5289 3144 5351 Ascalone,
3179 5291 3234 5342 in
3268 5308 3374 5359 qua

1821 5358 1977 5411 vincti
2006 5360 2330 5421 tenebantur,
2360 5374 2474 5410 cum
2510 5359 2876 5412 admirabilem
2907 5360 3069 5412 animi
3101 5358 3372 5428 fortitudi-

1823 5444 1936 5498 nem
1980 5429 2344 5488 ostendissent,
2381 5428 2581 5498 diverso
2614 5429 2850 5498 martyrii
2896 5431 3039 5482 exitu
3068 5429 3369 5484 occubuere.

1823 5496 2019 5566 Quippe
2046 5514 2179 5568 unus
2200 5498 2438 5561 illorum,
2468 5496 2594 5550 Ares
2622 5496 2844 5559 nomine,
2872 5499 3098 5568 ﬂammis
3131 5515 3370 5552 cansam-

1821 5578 1939 5635 ptus
1961 5577 2069 5631 est;
2108 5567 2318 5636 reliquis
2345 5569 2569 5631 duobus,
2595 5585 2814 5636 quorum
2841 5567 3210 5631 uuusProbus,
3238 5569 3372 5621 alter

1825 5636 1974 5691 Elia:
2023 5637 2327 5701 vocabatur,
2359 5647 2513 5706 caput
2545 5638 2719 5707 gladio
2763 5639 3058 5699 priecisum.
3106 5638 3274 5688 Cnln"
3331 5683 3335 5689 .

1821 5715 2001 5760 autem
2045 5707 2096 5759 hi
2128 5722 2157 5759 a
2188 5707 2388 5761 Cra-cis
2421 5709 2484 5760 19
2517 5707 2636 5761 ῡυυι

1823 5786 1944 5846 post
1967 5779 2500 5846 comprehensionem
2531 5795 2650 5848 supj
