3922 6486
566 313 707 370 I343

1725 309 1781 365 S.
1825 306 2148 363 PAMPHIIJ
2186 305 2546 365 MARTYRIS

3666 253 3875 358 {535'

567 445 695 488 cum
732 429 852 486 loco
883 427 1085 498 proprii
1111 427 1351 483 nominis
1384 427 1762 498 prepheticum
1793 427 2001 498 aliquid
2028 428 2123 498 ipsi

2235 429 2441 492 Ὅστις,
2489 426 2610 482 dini.
2650 425 2743 481 τοῦ
2791 426 2976 498 κυρίου
3021 425 3301 496 ὀνόματος.
3357 423 3704 495 προφητικόν
3747 439 3792 472 τι

570 523 882 586 indicasset,
913 522 1052 576 idem
1085 531 1140 576 et
1170 523 1262 577 alii
1293 524 1536 578 fecerunt
1563 537 1660 592 pro
1689 521 2005 578 nominibus
2029 522 2132 578 sibi

571 616 626 671 in
658 616 832 685 patria
863 614 1068 670 inditis.

646 792 708 848 Χ.
743 793 913 846 Eliam
947 809 1075 864 ergo
1106 803 1159 848 et
1183 791 1492 853 Jeremiam,
1522 790 1713 848 Isaiam
1743 801 1797 846 et
1825 790 2128 846 Samuelem

571 896 732 954 atque
763 884 1038 939 Dauielem
1083 900 1204 939 sese
1233 887 1380 953 ipsos
1414 883 1685 953 appellare
1728 884 1957 938 audiens
1994 898 2130 952 prae:

571 990 660 1030 ses
701 976 803 1034 (sic
849 977 990 1029 enim
1025 975 1301 1044 placuerat
1341 975 1447 1029 illis
1479 983 1754 1029 ostentare
1794 990 1955 1044 quem
1986 974 2132 1027 intus

572 1067 812 1121 abditum
851 1067 1108 1136 gerebant
1133 1067 1376 1121 animum
1409 1067 1520 1122 veri
1541 1065 1715 1122 Judaei
1740 1081 1804 1122 ac
1830 1064 2121 1131 Israelitat,

572 1175 678 1213 non
716 1160 892 1214 solum
932 1159 1205 1228 operibus,
1235 1160 1328 1213 sed
1353 1159 1514 1213 etiam
1544 1157 1825 1215 vocabulis
1847 1159 1958 1229 (56)
1987 1158 2131 1213 clare

572 1253 836 1322 prolatis),
871 1252 983 1320 ipse
1010 1251 1226 1321 quidem
1255 1254 1504 1306 virtutem
1540 1252 1775 1306 nominis
1798 1251 1901 1307 sibi
1927 1268 1956 1306 a
1987 1266 2132 1305 mar-

569 1356 687 1416 tyre
719 1344 940 1398 indicati
979 1359 1085 1398 non
1123 1343 1414 1408 intellexit;
1457 1343 1548 1398 sed
1585 1359 1746 1412 porro
1780 1346 2013 1413 perrexit
2044 1345 2130 1399 in-

571 1451 867 1505 terrogare,
907 1451 1028 1505 qua:
1067 1437 1168 1506 ipsi
1203 1446 1348 1490 esset
1385 1437 1593 1504 patria:
1628 1446 1832 1507 martyr
1864 1453 2008 1500 vero,
2033 1453 2128 1491 eo-

570 1527 692 1580 dem
727 1527 1046 1596 compendio
1073 1541 1224 1589 usus,
1254 1527 1477 1588 alteram
1508 1527 1689 1581 emisit
1711 1543 1916 1591 vocem,
1947 1529 2130 1582 dicens

569 1611 870 1667 Jerusalem
893 1613 995 1668 sibi
1018 1615 1243 1684 patriam
1276 1630 1414 1680 esse,
1440 1630 1558 1670 eam
1586 1616 1791 1670 scilicet
1830 1617 2129 1687 intelligens

571 1705 637 1758 de
663 1721 770 1774 qua
801 1703 1000 1759 Paulus
1030 1706 1137 1759 ait‘
1167 1724 1179 1759 :
1214 1704 1344 1770 Quae
1362 1723 1568 1759 sursum
1596 1717 1670 1760 est
1700 1705 2016 1770 Jerusalem,
2059 1708 2126 1760 li-

2235 521 2411 594 ἐαυτῷ
2433 521 2714 593 προσῆπτε
2732 537 2746 552 ο
2771 521 2930 575 τούτο
2952 522 3012 576 δέ
3037 522 3130 574 καὶ
3162 519 3294 592 πρὸς
3320 517 3432 571 τῶν
3457 513 3668 568 λοιπῶν
3693 514 3794 582 t7!-

2236 630 2388 683 γνετο
2412 611 2531 667 ἀντὶ
2569 611 2668 682 τῆς
2710 610 2974 683 πατρόθεν
3006 611 3186 672 αὐτοῖς
3218 606 3572 675 ἐπιτεθείσης
3603 606 3793 657 ἐπωνυο

2281 721 2382 768 ιας.

2235 722 2382 846 μιῗῗ.
2410 791 2592 846 Ἠλίαν
2629 793 2682 861 γ’
2711 785 2804 846 οὖν
2849 792 2944 844 καὶ
2997 789 3278 861 Ἰερεμίαν,
3328 786 3574 839 Ἡσαΐαν
3620 799 3680 834 τε
3712 786 3790 834 κεῖ

2232 883 2480 955 Σαμουὴλ
2508 883 2602 937 καὶ
2629 882 2824 952 Δανιὴλ
2854 880 3085 943 ἀκούσας
3117 879 3182 932 ἂν
3214 877 3392 932 αὐτῶν
3425 875 3661 936 ἐαυτοίδς
3689 873 3789 924 ὀνο-

2234 977 2530 1044 μαζόντων,
2565 975 2658 1028 καὶ
2689 974 2778 1028 τὸν
2810 975 2867 1026 ἐν
2899 971 3122 1042 κρυπτῷ
3171 970 3420 1024 Ἰουδαῖον
3458 966 3558 1020 καὶ
3592 969 3791 1034 Mam

2243 1051 2576 1138 Ίᾶραηλίτην
2603 1066 2780 1128 αὐτοῖς
2809 1065 2987 1134 ἔργοις
3017 1064 3078 1116 οὐ
3103 1063 3277 1134 μόνον,
3305 1059 3448 1114 ἀλλά
3477 1059 3580 1112 και
3607 1057 3788 1126 (parad;

2231 1155 2430 1226 κυρίως
2456 1155 2847 1228 ὲκφερομέναις
2878 1152 3322 1223 ἐνδεικνυμένων
3357 1147 3610 1202 τοιοῦτον
3639 1141 3728 1198 οἷον
3746 1162 3789 1197 τι

2231 1246 2364 1316 πρὸς
2391 1246 2482 1299 τοῦ
2515 1250 2787 1318 μάρτυρος
2817 1245 3120 1308 ἐπακούσας
3149 1245 3177 1296 ὁ
3219 1243 3481 1312 δικαστὴς
3520 1241 3717 1308 ὄνομα,
3737 1241 3787 1290 οὗ

2233 1336 2337 1408 μὴν
2375 1340 2437 1407 τῇ
2466 1337 2556 1389 τοῦ
2608 1337 2846 1407 ρήματος
2878 1335 3172 1405 ἐπιστήσας
3216 1331 3478 1402 δυνάμει,
3532 1329 3787 1398 δεύτεροι,

2229 1429 2345 1489 ἥτις
2372 1427 2530 1479 αὑτοῦ
2562 1426 2753 1496 πατρὶς
2782 1425 2866 1496 εἴη
2897 1422 3098 1497 ἠρώτα.
3143 1424 3198 1476 '0
3239 1423 3293 1476 δὲ
3324 1421 3535 1490 συνοδῴ
3570 1423 3641 1490 τῇ
3677 1437 3792 1490 προ·

2227 1519 2360 1589 τέρᾳ
2389 1517 2642 1590 δευτέραν
2683 1517 2873 1590 ἀφίησι
2914 1520 3114 1589 φωνὴν,
3155 1516 3516 1589 Ἰερουσαλὴμ
3551 1509 3696 1566 εἶναι
3719 1514 3793 1564 λέ-

2227 1626 2337 1677 γων
2358 1609 2453 1680 τὴν
2487 1609 2676 1662 ἐαυτοῦ
2703 1609 2954 1682 πατρίδα,
2980 1610 3188 1679 ἐκείνην
3214 1609 3347 1680 δῆτα
3380 1606 3544 1666 νοῶν,
3583 1605 3712 1676 περὶ
3735 1599 3792 1673 ἦς

2228 1703 2437 1772 εἴρηται
2471 1701 2698 1771 Παύλῳ’
2731 1702 2798 1754 Ἡ
2827 1700 2893 1753 δὲ
2924 1701 3044 1754 ἅνω
3087 1698 3480 1768 Ἰερουσιιίὴμ
3515 1695 3789 1763 ἐλευθέρη

570 1794 693 1849 bera
717 1805 815 1861 est,
842 1813 957 1860 qua:
977 1807 1052 1850 est
1078 1809 1244 1851 mater
1265 1811 1481 1864 nostra;
1507 1809 1560 1852 et
1584 1799 1710 1853 alibi
1737 1802 1757 1832 ²
1787 1818 1800 1854 :
1826 1802 2123 1855 Accessistia

2230 1791 2417 1854 ἐστὶν,
2454 1791 2583 1859 ἣτις
2616 1792 2746 1845 ἐστὶ
2780 1790 2976 1860 μήτηρ
3012 1789 3206 1860 ἡμῶν·
3253 1789 3375 1843 καί’
3405 1786 3792 1855 Προσεληλιίι-

569 1889 639 1944 ad
674 1888 801 1944 Sion
841 1899 1066 1942 montem
1089 1899 1139 1943 et
1164 1891 1422 1944 civitatem
1449 1891 1545 1946 Dei
1574 1893 1806 1956 viventis,
1831 1892 2125 1947 Jerusalem

570 1980 846 2036 caelestem.
873 1979 1021 2035 Talia
1044 1982 1206 2050 igitur
1227 1982 1498 2052 cogitabat
1529 1994 1732 2056 martyr
1760 2001 1772 2036 :
1811 1988 1902 2040 sed
1933 2001 2130 2056 praeses

571 2083 805 2128 mentem
839 2081 994 2128 terra:
1023 2074 1232 2128 allixam
1265 2076 1470 2130 habens
1493 2118 1507 2139 ,
1539 2092 1656 2146 quae
1689 2078 1776 2131 illa
1807 2088 1952 2132 esset
1973 2076 2128 2131 Jeru-

570 2165 758 2231 salem,
779 2174 832 2220 et
863 2164 952 2219 ubi
993 2175 1254 2220 terrarum
1292 2168 1394 2222 sita
1424 2168 1532 2238 (57)
1560 2170 1856 2226 studiosius
1884 2172 2127 2240 require-

569 2255 700 2321 bat;
732 2255 865 2325 quiu
901 2265 954 2310 et
993 2265 1260 2312 tormenta
1291 2258 1630 2325 admovebat,
1678 2269 1736 2316 ut
1769 2263 1913 2332 quod
1941 2279 2124 2316 verum

568 2358 713 2404 esset
751 2348 1028 2404 fateretur.
1074 2350 1178 2405 Sed
1211 2353 1355 2407 enim
1390 2365 1590 2425 martyr
1639 2371 1834 2410 manus
1871 2365 1993 2426 post
2021 2366 2128 2409 ter-

569 2457 695 2510 gum
721 2451 972 2506 retortas,
998 2444 1266 2514 pedesque
1286 2446 1610 2514 quibusdam
1637 2447 1897 2503 machinis
1917 2449 2128 2503 Inxatos

572 2533 798 2597 habens,
847 2549 1033 2588 verum
1067 2551 1124 2589 se
1167 2536 1371 2591 dixisse
1411 2536 1714 2593 allirmavit.
1758 2538 2004 2609 Cumque
2045 2543 2128 2593 ni-

570 2625 866 2681 hilominus
897 2627 1090 2681 iterum
1123 2637 1286 2695 atque
1319 2628 1512 2682 iterum
1542 2627 1984 2701 interrogaretur,
2008 2649 2126 2702 qua:

569 2727 623 2772 et
654 2718 742 2771 ubi
773 2718 876 2772 sita
904 2728 1046 2772 esset
1069 2733 1132 2771 ea
1159 2734 1320 2787 quam
1347 2717 1559 2774 dicebat
1580 2721 1774 2777 civitas
1793 2721 2124 2792 Jerusalem;

569 2807 740 2862 solam
774 2807 912 2862 hanc
939 2807 1368 2864 Christianorum
1402 2813 1632 2880 patriam
1667 2827 1789 2868 esse
1827 2816 2124 2884 respondit,

569 2909 732 2971 atque
763 2901 884 2955 illos
917 2901 1061 2956 solos
1085 2918 1181 2956 nec
1207 2903 1344 2958 alios
1366 2904 1503 2959 ullos
1539 2905 1590 2958 in
1630 2921 1692 2960 ea
1723 2909 1961 2972 versari;
1992 2922 2126 2962 con-

569 2992 762 3046 sistere
791 3007 919 3047 vero
945 2993 1011 3048 ad
1043 2995 1329 3058 orientem,
1354 2996 1510 3065 juxta
1539 2997 1712 3052 lucem
1747 3007 1907 3069 atque
1935 3000 2124 3056 solem.

569 3083 636 3139 Et
659 3086 746 3141 hic
769 3086 985 3155 quidem
1021 3104 1207 3142 rursus
1229 3089 1381 3158 juxta
1411 3090 1684 3160 proprium
1715 3106 1874 3146 suum
1905 3107 2122 3146 sensum

571 3177 1071 3248 pliilusophahatnr,
1105 3179 1237 3233 nihil
1267 3190 1634 3237 commutatus
1661 3181 1726 3237 iis
1755 3199 1876 3252 quae
1901 3184 2124 3238 circum-

571 3267 784 3324 stabant
809 3271 1113 3337 tormentis,
1144 3273 1238 3326 sed
1265 3273 1409 3326 velut
1433 3273 1783 3345 incorporeus
1822 3291 1890 3332 ne
1923 3278 2126 3332 sentire

571 3361 788 3430 quidem
827 3362 1110 3418 videbatur
1144 3365 1374 3420 dolores.
1416 3364 1588 3422 Iudex
1620 3384 1748 3423 vero
1776 3371 2124 3440 angustiaha-

573 3463 680 3515 tur,
732 3463 882 3508 ratus
932 3454 1270 3511 Christianos
1321 3457 1506 3512 urbem
1556 3459 1815 3523 aliquam,
1865 3458 2126 3516 Romanae

567 3546 815 3600 aemulam
841 3557 893 3600 et
914 3547 1208 3612 inimicam,
1232 3550 1329 3604 sibi
1355 3549 1616 3616 cendere;
1644 3553 1952 3622 multusque
1980 3554 2032 3606 in
2060 3571 2125 3607 eo

566 3647 684 3692 erat
712 3646 770 3691 ut
795 3640 1192 3707 percunctando
1217 3641 1466 3706 disceret,
1490 3651 1543 3697 et
1574 3644 1744 3713 ipsam
1771 3655 1826 3698 et
1850 3645 2122 3712 regionem

567 3731 882 3785 orientalem
931 3747 1051 3800 quae
1097 3732 1199 3786 sibi
1246 3732 1622 3789 indicabantur
1668 3736 1759 3789 ubi
1799 3746 2000 3791 essent.
2033 3735 2126 3790 Vi-

565 3822 700 3877 dens
743 3831 920 3877 tamen
967 3823 1032 3876 ad
1068 3824 1289 3880 verbera
1327 3827 1499 3897 magis
1539 3827 1699 3882 etiam
1730 3807 2123 3882 immutabilem

567 3931 784 3972 manere
807 3917 1082 3987 juvenem,
1113 3927 1168 3974 et
1195 3917 1248 3972 in
1275 3918 1548 3988 prioribus
1579 3919 1853 3990 responsis
1883 3935 2125 3989 perseve-

568 4021 708 4073 rare,
745 4009 1025 4078 capitalem
1057 4010 1270 4064 tandem
1303 4019 1488 4065 contra
1521 4026 1644 4064 eum
1685 4011 1875 4066 mortis
1908 4019 2124 4065 senten-

567 4099 695 4153 tiam
727 4101 1110 4169 pronuntiavit.

635 4189 724 4244 XI.
777 4191 840 4245 Et
863 4207 948 4247 res
977 4193 1192 4263 quidem
1220 4193 1443 4262 hujusce
1468 4195 1720 4265 martyris
1745 4194 1932 4258 talem,
1961 4194 2122 4248 veluti

565 4284 848 4352 cujusdam
896 4287 1198 4349 dramatis,.
1236 4289 1442 4341 exitum
1508 4288 1845 4354 habuerunt;
1901 4297 2122 4343 caeteros

565 4373 757 4428 deinde
780 4373 1083 4445 Egyptios,
1118 4391 1239 4428 cum
1264 4378 1327 4428 ad
1353 4377 1710 4432 diversimoda
1729 4393 1943 4447 quoque
1962 4393 2122 4446 expe-

568 4466 793 4519 rimenta
819 4467 1093 4530 nudasset,
1115 4467 1361 4522 eumdem
1393 4467 1445 4520 in
1471 4470 1688 4522 modutn
1719 4471 1955 4538 agitavit.
1981 4470 2116 4524 Tum
2152 4498 2192 4552 ι)

565 4558 632 4610 ad
662 4555 924 4626 Pamphili
954 4558 1168 4614 sodales
1193 4568 1584 4629 transgressus,
1619 4561 1808 4615 didicit
1833 4563 1974 4630 quod
2007 4563 2118 4632 jam

565 4649 771 4717 pridem
797 4649 959 4705 variis
986 4659 1168 4706 essent
1195 4651 1525 4707 cruciatibus
1565 4653 1774 4706 tentati.
1817 4654 1995 4719 Quare
2027 4671 2120 4710 su-

565 4756 954 4809 pervacaneum
1012 4752 1162 4798 ratus
1210 4743 1397 4798 iisdem
1449 4744 1841 4812 qnmstionibus
1872 4746 2119 4802 homines

564 4833 848 4902 subjicere,
879 4849 1043 4904 seque
1076 4835 1272 4890 frustra
1307 4837 1359 4890 in
1391 4836 1457 4891 iis
1489 4837 1895 4904 laboraturum;
1939 4839 2116 4894 solum

568 4924 931 4994 interrogavit,
962 4939 1028 4978 an
1059 4925 1141 4979 vel
1171 4941 1314 4980 nunc
1352 4928 1662 4996 persuaderi
1707 4928 1808 4982 sibi
1855 4930 2112 4983 sinerent.

563 5013 802 5069 Audiens
844 5025 972 5069 vero
1016 5031 1082 5070 ex
1138 5017 1362 5086 singulis
1407 5027 1702 5072 extremam
1757 5019 2116 5074 confessionis

635 5129 653 5160 ⁸
683 5127 859 5183 Galat.
887 5143 958 5196 tv,
981 5129 1069 5182 26.
1147 5133 1166 5162 ⁸
1195 5129 1327 5185 Heh.
1355 5147 1446 5195 xu,
1475 5129 1564 5184 22.

636 5263 748 5330 (56)
800 5261 998 5320 Ibidem
1033 5265 1138 5320 alia
1181 5265 1339 5320 datur
1379 5265 1517 5321 ratio
1554 5276 1883 5322 mutatorum
1939 5268 2113 5322 nomi-

566 5346 715 5406 num,
740 5333 878 5404 quod
903 5335 1109 5406 scilicet
1128 5337 1340 5406 propria
1363 5335 1544 5406 forsan
1564 5337 1899 5392 idololatrica
1921 5349 2108 5402 essent,

565 5421 594 5457 κ
623 5403 877 5476 falsorum
901 5403 1460 5462 deorum'noininibus
1484 5417 1720 5476 sumpta,
1747 5418 1805 5461 ut
1830 5419 1956 5462 sunt
1981 5408 2109 5462 Dio-

564 5475 761 5542 nysius,
791 5473 1097 5545 Bacchides,
1143 5477 1441 5540 Atltenwus,
1487 5473 1700 5545 aliaque
1743 5479 1960 5532 similia.
1991 5477 2107 5534 Non

565 5553 740 5616 tatnen
767 5560 831 5598 ex
867 5544 966 5600 hac
993 5545 1208 5601 Eusebii
1243 5547 1572 5616 conjectura,
1608 5544 1780 5601 multo
1819 5549 1997 5602 minus
2041 5566 2107 5604 ex

564 5611 667 5687 isto
695 5614 886 5687 horum
919 5625 1212 5687 martyrum
1258 5611 1420 5680 Iacto,
1469 5628 1612 5672 recte
1645 5619 1933 5686 quisquam
1966 5619 2109 5673 intu-

563 5681 713 5758 lerit,
763 5685 818 5737 in
863 5681 1129 5758 Irequenti
1177 5687 1602 5742 Christianorum
1656 5681 1957 5758 prim-orum
2003 5705 2104 5742 usu

561 5751 752 5818 fuisse,
800 5751 1016 5825 gentilia
1066 5759 1284 5814 nomina
1317 5751 2103 5828 baptizandis'commutarein

2229 1888 2365 1938 θατε
2406 1884 2554 1938 Σιὼν
2583 1884 2721 1953 ὄρει,
2757 1884 2852 1937 καὶ
2891 1885 3063 1938 πόλει
3111 1883 3256 1937 Θεοῦ
3299 1881 3542 1948 ζῶντος,
3590 1881 3792 1948 ἰεροικ

2228 1972 2433 2041 (faxint
2465 1973 2815 2040 ὲποιφανίῳ.
2859 1973 2967 2026 Καὶ
3005 1973 3032 2025 ὁ
3073 1971 3168 2042 μὲν
3209 1969 3413 2040 ταύτην
3459 1970 3640 2022 ἐνόει·
3677 1972 3706 2020 ὁ
3743 1969 3791 2021 ἃ

2229 2065 2319 2117 ἐπὶ
2350 2062 2514 2134 χθόνα
2563 2065 2656 2116 καὶ
2703 2066 2877 2133 χαμαὶ
2929 2062 3090 2135 ῥίψας
3131 2061 3228 2132 τὴν
3260 2060 3524 2121 διάνοιαν,
3574 2060 3666 2122 τίς
3718 2059 3788 2127 εἷς

2229 2155 2364 2224 αὑτὴ
2392 2153 2486 2206 καὶ
2532 2152 2637 2205 ὑπὸ
2683 2155 2784 2223 γῆς
2836 2154 2992 2216 ποίας
3033 2151 3278 2222 κειμένη,
3313 2149 3563 2221 ἀκριϐῶς
3607 2148 3789 2200 ἐπολυ-

2231 2244 2552 2314 πραγμόνει,
2585 2244 2679 2296 καὶ
2707 2244 2838 2314 δῆτα
2880 2245 2973 2296 καὶ
3005 2243 3264 2314 βασάνους
3297 2241 3508 2311 ἐπῆγεν
3549 2240 3631 2302 ὡς
3667 2240 3730 2292 ἂν
3754 2240 3790 2290 τ’

2227 2335 2423 2406 ἀληθὲς
2450 2335 2758 2406 ὁμολογοίη.
2809 2336 2864 2390 Ὀ
2901 2336 2955 2388 δέ
2985 2333 3400 2406 στρεϐλούμενος
3449 2333 3693 2385 κατόπιν
3737 2335 3792 2382 τὰ

2227 2428 2374 2497 χεῖρε
2419 2427 2511 2479 καὶ
2543 2429 2653 2480 τοῖν
2692 2427 2868 2480 ποδοῖν
2914 2427 3209 2498 μαγγάνοις
3251 2425 3362 2478 τισὶ
3400 2423 3790 2494 διακλώμενος.

2228 2518 2503 2589 εἰρηκέναι
2528 2519 2574 2571 τ“
2599 2518 2792 2590 ἀληθὲς
2819 2518 3192 2590 διῖσχυρίζετο,
3235 2514 3366 2570 Εἶτα
3413 2512 3483 2569 αὖ
3519 2516 3688 2569 πάλιν
3710 2519 3788 2567 καῖ,

2229 2607 2483 2673 πολλάκις
2533 2610 2949 2681 πυνθανομένου,
2993 2610 3075 2674 τίς
3116 2609 3200 2682 εἴη
3233 2609 3324 2662 καὶ
3377 2610 3472 2660 ποῖ
3502 2608 3786 2677 κειμέναιηή

2227 2699 2477 2774 λεχθεῖσα
2506 2703 2658 2767 πόλις
2704 2702 3070 2776 Ἰερουσαλὴμ,
3105 2703 3269 2772 μόνην
3306 2701 3482 2772 αὐτὴν
3517 2696 3662 2753 εἶναι
3700 2700 3788 2752 τῶν

2228 2792 2560 2850 Χριστιανῶν
2606 2793 2838 2864 πατρίδα
2880 2792 3062 2860 ἔλεγε,
3126 2793 3200 2863 μὴ
3240 2791 3347 2862 γὰρ
3391 2792 3488 2843 xa‘t
3518 2792 3727 2861 mpm;
3758 2789 3786 2855 ἦ

2227 2882 2434 2946 τούτοις
2464 2884 2640 2954 μόνοις
2667 2883 2835 2952 αὐτῆς
2851 2886 3110 2954 μετεῖναι,
3137 2882 3347 2935 κεῖσθαι
3369 2882 3426 2933 δὲ
3454 2882 3601 2952 πρὸς
3623 2881 3789 2932 ἀνατο-

2226 2971 2365 3038 λαῖς,
2397 2975 2488 3028 καὶ
2521 2975 2657 3047 πρὸς
2686 2974 2832 3046 αύτῷ
2860 2975 2997 3044 φωτὶ
3026 2974 3116 3026 καὶ
3145 2975 3299 3044 ἡλίῳ.
3340 2973 3402 3025 ὐ
3437 2973 3544 3042 μὲν
3578 2973 3673 3024 καὶ
3701 2972 3790 3023 :5-

2227 3069 2310 3122 λιν
2337 3069 2424 3122 διὰ
2447 3068 2649 3123 τούτων
2673 3069 2812 3124 κατὰ
2838 3071 2928 3122 τὸν
2950 3071 3143 3122 οἰκεῖον
3167 3069 3289 3123 νούν
3317 3067 3668 3137 ἐφιλοσόφει’
3697 3067 3789 3120 τῶν

2227 3161 2284 3212 ἐν
2314 3159 2494 3232 κύκλῳ
2535 3161 2784 3232 βασάνοις
2816 3162 2974 3215 αὐτὸν
3003 3160 3356 3232 αἰκιζομένων
3386 3161 3515 3215 οὐδὲ
3549 3162 3786 3232 iras-.92-

2228 3251 2484 3322 φάμενοςο
2519 3251 2705 3323 ὥσπερ
2734 3253 2788 3305 δέ
2812 3271 2894 3318 τις
2931 3254 3164 3325 ἄσαρκος
3197 3253 3290 3305 καί
3322 3251 3654 3322 ἀσώματος,
3687 3253 3790 3305 05%.-

2226 3343 2645 3398 ἐπαισθάνεσθαι
2675 3344 2846 3397 ἐδόκει
2867 3343 2972 3397 τῶν
3001 3343 3324 3414 ἀλγηδόνων.
3363 3344 3424 3394 Ὀ
3454 3344 3516 3396 δὲ
3548 3345 3789 3413 δικαστὴς

2227 3434 2595 3506 ἀπορούμενος
2634 3435 2950 3504 ἐσφάδαζεν,
2997 3434 3192 3506 ἐχθρὰν
3225 3436 3320 3487 καὶ
3363 3436 3676 3506 Ῥωμαίοις
3705 3454 3789 3488 πο-

2225 3525 2416 3598 λεμίαν
2441 3527 2579 3596 τάχα
2602 3543 2702 3579 που
2725 3526 3089 3597 συστήσασθαι
3111 3527 3319 3588 ἑαυτοῖς
3351 3526 3514 3578 πόλιν
3549 3529 3791 3600 Χριστιαο

2225 3619 2348 3681 νοὺς
2374 3619 2646 3689 οἰόμενος·
2679 3617 2846 3681 πολύς
2879 3635 2937 3674 τε
2975 3614 3042 3689 ἦν
3085 3617 3436 3687 ἐπικείμενος
3475 3622 3610 3681 ταῖς
3646 3619 3790 3688 βασά-

2225 3725 2354 3772 νοις,
2396 3710 2488 3763 καὶ
2525 3709 2824 3781 άνερευνῶν
2856 3709 2952 3780 τὴν
2991 3708 3318 3781 δηλωθεῖσαν
3352 3709 3546 3773 πόλιν,
3597 3713 3695 3780 τήν
3738 3725 3786 3760 τε

2225 3801 2364 3854 κατὰ
2400 3801 2659 3864 ἀνατολάς
2701 3801 2965 3866 ἐξετάζων
3012 3801 3222 3873 χώραν·
3261 3801 3336 3864 ὡς
3368 3802 3431 3855 δέ
3478 3803 3580 3856 ἐπὶ
3627 3804 3787 3854 πλεῖον

2227 3893 2441 3962 μάστιξι
2481 3893 2571 3946 τὸν
2604 3894 2816 3946 νεανίαν
2855 3893 3175 3964 καταξήνας,
3220 3893 3657 3964 ἀπαράλλακτον
3695 3892 3786 3945 uir:

2225 3987 2501 4059 προτέρων
2529 3987 2673 4057 αὐτῷ
2705 3985 2972 4058 ῥηθέντων
2997 3985 3162 4056 ἐώρα,
3185 3983 3280 4054 τὴν
3306 3986 3400 4037 ἐπὶ
3427 3985 3655 4056 Θανάτῳ
3681 3983 3786 4037 κατ’

2224 4075 2386 4129 αὑτοῦ
2421 4078 2718 4150 κεφαλικὴν
2748 4077 2965 4150 ἐκφέρει
2992 4077 3186 4148 ψῆφον.

2295 4171 2395 4222 IA'.
2428 4169 2538 4222 Καὶ
2565 4170 2633 4222 τά
2664 4171 2758 4240 μὲν
2782 4169 2921 4222 κατὰ
2947 4169 3151 4231 τοῦτον,
3173 4168 3429 4237 τοιαύτην
3459 4169 3653 4240 εἴληφε
3677 4168 3786 4234 δρα-

2227 4261 2580 4334 ματουργίαν,
2611 4261 2704 4314 καὶ
2726 4261 2849 4324 τοὺς
2870 4260 3084 4324 λοιποὺς
3113 4260 3166 4313 δέ
3191 4260 3296 4312 τῶν
3327 4261 3674 4327 Αἰγυπτίων,
3692 4261 3786 4317 τοῖς

2223 4351 2619 4425 παραπλησίοις
2665 4352 3034 4423 διαγυμνάσας
3078 4349 3437 4419 παλαίσμασι,
3476 4351 3573 4402 τὸν
3619 4351 3785 4419 ὅμοιοι

2223 4447 2414 4513 ἐπάγει
2456 4444 2671 4514 τρόπον.
2703 4439 2836 4497 Εἶτα
2877 4446 2939 4496 ἐκ
2983 4443 3184 4496 τούτων
3216 4443 3306 4494 ἐπὶ
3347 4443 3478 4504 τοὺς
3523 4443 3673 4512 ἀμφὶ
3708 4440 3785 4492 τδρ

2224 4537 2500 4608 Πάμφιλον
2545 4535 2781 4606 μεταϐὰς
2830 4536 3217 4597 ἀνεδιδάσκετο,
3254 4534 3329 4597 ὡς
3375 4535 3488 4605 ἄρα
3530 4535 3786 4606 πρότερον

2221 4627 2318 4697 ἤδη
2355 4627 2618 4678 πλείστων
2660 4621 2767 4678 εἷεν
2801 4625 3046 4696 βασάνων
3096 4625 3559 4696 πεπειρασμένοι·
3599 4627 3785 4678 ἄτοποι

2217 4717 2272 4770 δὲ
2305 4714 2439 4770 εἶναι
2469 4717 2820 4787 λογισάμενος
2841 4719 2960 4780 ταῖς
2985 4717 3175 4780 αὑταῖς
3202 4716 3405 4779 αἰκίαις
3440 4715 3784 4788 περιϐάλλειν

2218 4810 2342 4871 τοὺς
2379 4809 2598 4880 ἄνδρας,
2637 4808 2730 4861 καὶ
2775 4809 2978 4878 μάταια
3021 4808 3268 4879 μοχθεῖν,
3302 4807 3563 4860 τοσοῦτον
3611 4809 3782 4878 μόνον.

2217 4897 2264 4947 εἰ
2296 4896 2396 4948 κᾶν
2435 4895 2528 4947 νῦν
2572 4896 2931 4966 πειθαρχοῖεν,
2977 4895 3402 4950 ἀνεπυνθάνετο·
3455 4899 3705 4962 ἀκούσας
3732 4900 3781 4951 δὲ

2215 4988 2340 5059 παρ’
2377 4987 2604 5042 ἑκάστου
2658 4990 2758 5060 τὴν
2799 4990 3033 5062 ὑστάτην
3077 4990 3171 5062 τῆς
3223 4992 3532 5062 μαρτυρίας
3581 4993 3777 5063 φωνὴν.

2212 5275 2920 5349 nominapatriarcharum,
2955 5278 3336 5348 prophetarum
3380 5278 3469 5332 vel
3501 5280 3773 5349 apostolo-

2212 5362 2369 5418 rum:
2385 5347 2597 5418 aliaque
2619 5363 2650 5402 e
2677 5348 2848 5418 sacris
2881 5347 3172 5418 Scripturis
3199 5349 3362 5418 petita

2281 5415 2402 5488 (57)_
2431 5414 2633 5488 Nempe
2665 5418 2774 5484 jam
2809 5417 2936 5472 inde
2963 5414 3264 5488 a'tempo're
3292 5417 3424 5472 Elii
3452 5420 3703 5482 Adriani,
3722 5428 3771 5468 et

2209 5500 2352 5540 anno
2365 5485 2567 5540 Christi
2587 5488 2711 5552 I79,
2741 5497 3042 5542 restaurata
3067 5485 3198 5543 urbs
3219 5487 3546 5552 Jerusalem,
3572 5498 3770 5544 mutato

2207 5557 2450 5628 nomine,
2469 5566 2609 5619 erat,
2628 5569 2682 5611 et
2716 5557 2994 5628 dicebatur
3026 5558 3190 5621 Elia.
3223 5570 3282 5614 ut
3302 5561 3648 5626 antiquatum
3675 5560 3770 5628 pri-

2207 5627 2330 5678 dem
2366 5641 2574 5700 nomeu
2601 5629 2848 5700 potuerit
2892 5627 3143 5700 Romano
3182 5630 3398 5700 prasidi
3429 5627 3765 5700 peregrinum

2208 5710 2433 5772 prorsus
2463 5696 2728 5772 accidere,
2760 5697 2995 5754 maxime
3019 5701 3065 5756 si
3096 5696 3320 5756 noverat
3347 5696 3632 5772 Egypti'os
3655 5717 3752 5754 ess.

2207 5781 2344 5836 quos
2377 5765 2761 5836 interrogabat.
