3922 6536
242 377 378 432 45ίό

1767 375 1967 431 ACTA.

3371 379 3508 436 1516

236 489 634 562 παραπλησίως
668 488 969 559 κεφαλικὴν
1002 489 1274 559 τιμωρίαν
1322 490 1441 540 κατ’
1489 487 1668 540 αὐτῶν
1711 487 1826 553 ἐξε-

1938 503 2140 554 vocem,
2173 489 2515 546 consimilem
2554 489 2608 544 in
2645 503 2740 545 eos
2775 490 2900 545 tulit
2932 489 3254 545 seintentiam
3289 491 3504 560 capitis,

236 581 598 650 νεγκάμενος,
633 581 854 647 ὑπάγει.

311 673 409 726 ἰΒ’.
444 672 610 726 Οῦπω
653 673 708 726 δὲ
751 673 898 743 αύτῷ
937 675 1042 726 πᾶν
1083 675 1268 745 είρητο
1310 673 1469 735 ἔπος·
1508 675 1599 725 καὶ
1635 671 1827 735 ποθενς

252 765 484 836 Ἀναὸοᾷ
535 765 818 837 μειράκιόν
850 783 924 830 τι,
961 767 1059 836 τῆς
1099 766 1377 836 οἰκετικῆς
1401 765 1495 819 τοῦ
1544 765 1828 836 Παμφίλου

235 857 558 929 θεραπείας,
598 859 662 911 ἐκ
709 857 873 928 μέσου
909 855 1003 910 τοῦ
1050 857 1286 929 πλήθους
1331 858 1438 911 τῶν
1478 858 1620 927 ἀμφὶ
1660 858 1720 910 τὸ
1749 857 1830 908 δι-

237 948 534 1019 καστήριον
574 946 918 1000 κυκλούντων
950 946 1238 1018 παρελθὼν
1272 949 1352 1012 είς
1385 948 1548 1018 μέσον
1573 965 1585 975 ·
1619 947 1747 1000 ἐϐόα
1773 947 1829 999 δὲ

236 1039 452 1112 μεγάλῃ
478 1043 652 1110 φωνῇ,
674 1043 816 1110 ταφῇ
843 1041 910 1093 τά
933 1039 1163 1110 σώματα
1182 1039 1581 1110 ἐξαιτούμενος.
1609 1039 1828 1109 Πορφύ-

239 1150 352 1205 ριος
383 1128 451 1203 ἦν
477 1135 505 1185 ὁ
541 1131 838 1203 μακάριοςο
869 1132 1091 1204 θρέμμα
1117 1133 1337 1203 γνήσιον
1376 1131 1686 1202 Παμφίλου,
1718 1133 1828 1185 οὐδ’

234 1225 374 1279 ὅλων
397 1223 542 1278 ὀκτὼ
577 1226 672 1278 καὶ
703 1224 834 1278 δέκα
875 1224 1032 1286 ἐτῶν,
1064 1223 1506 1296 καλλιγραφικῆς
1540 1223 1825 1296 ἔμπειρος,

235 1312 597 1385 σωφροσύνης
629 1313 686 1366 δὲ
728 1313 893 1367 ἕνεκα
928 1314 1022 1367 καὶ
1071 1313 1289 1385 τρόπων
1331 1314 1508 1367 πάντα
1540 1315 1829 1368 καλύπτων

231 1403 505 1474 ἐγκώμια,
539 1404 616 1468 ώς
645 1399 732 1458 οἷα
768 1404 872 1456 ὑπὸ
904 1403 1166 1474 τηλικῷδε
1204 1404 1359 1476 ἀνδρὶ
1388 1407 1824 1477 συνησκημένος·

231 1497 312 1560 ὡς
344 1497 388 1550 δ’
413 1496 554 1566 ἔγνω
581 1498 680 1567 τὴν
712 1496 855 1550 κατὰ
882 1496 976 1549 τοῦ
998 1497 1260 1550 δεσπότου
1281 1498 1482 1568 ψῆφον,
1514 1499 1621 1552 ἀπὸ
1658 1501 1828 1570 μέσης

231 1590 338 1660 τῆς
369 1589 610 1660 πληθύος
641 1590 934 1661 ἀνέκραγε,
981 1593 1050 1660 γῇ
1093 1590 1158 1643 τά
1197 1588 1425 1661 σώματα
1459 1592 1827 1672 παραδοθῆναι

231 1682 423 1748 ἀξιῶν.
470 1683 528 1734 ’0
571 1683 627 1735 δὲ
671 1684 770 1736 οὐκ
808 1682 1115 1754 ἄνθρωπος,
1161 1683 1296 1736 ἀλλά
1335 1682 1458 1755 θὴρ,
1493 1684 1588 1736 καὶ
1637 1683 1826 1756 θηρίου

232 1774 437 1837 παντὸς
471 1773 826 1846 ἀγριώτερος,
857 1775 991 1845 μήτε
1019 1773 1120 1842 τῆς
1148 1777 1416 1845 αἰτήσεως
1449 1774 1668 1844 εὔλογον
1693 1778 1828 1829 ἀπο-

230 1864 546 1934 δεξάμενος,
579 1865 714 1935 μήτε
743 1863 820 1934 τῷ
851 1863 952 1933 τῆς
986 1863 1199 1935 ἡλικίας
1235 1865 1536 1935 ἀπονείμας
1565 1864 1670 1936 νέῳ
1695 1882 1826 1932 συγ·
1860 1845 1899 1897 Β

232 1954 485 2025 γνώμην,
540 1954 673 2008 αὐτὸ
733 1955 892 2024 μόνον
952 1953 1027 2017 ὡς
1082 1955 1448 2024 ὁμολογοῦντα
1498 1957 1825 2028 Χριστιανὸν

234 2047 432 2117 ἔμαθε,
467 2047 629 2100 παντὶ
685 2046 864 2100 σθένει
909 2049 1022 2110 τοῖς
1077 2046 1426 2116 βασανισταῖς
1481 2050 1601 2102 κατ’
1660 2049 1824 2102 αὐτοῦ

233 2137 470 2211 χρῆσθαι
513 2139 861 2210 προστάττει.
932 2139 1020 2202 Ὡς
1067 2139 1124 2192 δὲ
1179 2140 1630 2212 ἐπικελευομένου
1677 2141 1826 2194 θύειν

236 2231 489 2285 ἀνένευεν
513 2232 541 2283 ὁ
568 2232 890 2302 θαυμάσιος,
919 2231 1018 2284 οῦκ
1047 2230 1126 2282 ἔθ’
1152 2229 1240 2284 οἷα
1267 2233 1474 2303 σάρκας
1501 2233 1788 2305 ἀνθρώπου
1809 2272 1824 2295 ,

234 2323 353 2378 ἀλλ’
383 2319 468 2380 οἷα
489 2324 670 2388 λίθους
699 2326 732 2395 ἢ
761 2323 912 2390 ξύλα,
937 2324 970 2394 ἢ
994 2341 1048 2377 τι
1078 2323 1186 2377 τῶν
1217 2325 1438 2397 ἀψύχων
1458 2326 1643 2397 ἕτερον
1669 2326 1826 2397 ἄχρις

232 2418 438 2472 ὀστέων
469 2417 646 2470 αὐτῶν
680 2419 773 2471 καὶ
817 2419 960 2472 κατὰ
990 2418 1188 2489 βάθους
1227 2418 1550 2489 σπλάγχνων
1593 2416 1827 2481 αἰκίζειν

235 2508 422 2565 αὑτὸν.
465 2507 562 2561 καὶ¹
602 2509 709 2560 πᾶν
742 2507 802 2560 τὸ
837 2509 996 2579 σῶμα
1035 2509 1382 2572 καταξαίνειν
1417 2507 1821 2560 ἐπικελεύεται·

237 2603 322 2664 είς
381 2599 591 2672 μακρὸν
639 2600 695 2653 δὲ
746 2600 935 2653 τούτου
993 2601 1300 2671 γινομένου,
1342 2601 1517 2670 μάτην
1559 2603 1827 2672 ἐγχειρεῖν

237 2693 452 2762 διέγνω.
503 2691 766 2762 Ἀφώνου,
815 2693 1012 2765 μικροῦ
1055 2693 1164 2746 δεῖν
1196 2693 1291 2746 καὶ
1337 2691 1546 2762 ἀψύχου
1589 2691 1684 2745 τοῦ
1717 2691 1826 2744 σώ-

244 2802 412 2856 ματος
442 2783 520 2855 τῷ
547 2785 781 2854 γενναίῳ
826 2785 1062 2857 μάρτυρι
1095 2785 1484 2847 καταστάντος,
1511 2783 1830 2856 παραμένον

236 2878 303 2931 τὸ
327 2877 553 2948 άνηλεὲς
592 2878 684 2930 καὶ
713 2877 1078 2950 ἀπάνθρωπον
1107 2895 1272 2946 κεκτη
1284 2877 1445 2947 μένος
1476 2880 1504 2931 ὁ
1535 2877 1826 2949 δικαστής,

238 2970 443 3043 τριχῶν
478 2969 877 3040 πεπλεγμένοις
905 2971 1191 3041 ὑφάσμασι
1223 2970 1324 3034 τὰς
1354 2969 1677 3044 ἐκδαρείσας
1708 2975 1830 3036 ταῖς

243 3062 498 3133 βασάνοις
526 3061 765 3132 πλευράς
785 3061 980 3132 ψήχειν
1006 3064 1100 3116 κο.)⁵
1125 3062 1332 3133 τρίϐειν
1353 3063 1444 3115 ἐπὶ
1475 3062 1636 3116 πλέον
1663 3081 1830 3135 προσ-

1933 594 2097 649 atque
2125 583 2369 637 recessit.

2003 674 2116 730 XII.
2161 673 2266 729 Sed
2319 674 2560 730 nondum
2609 683 2722 729 tota
2778 676 3037 741 tragiedia
3093 685 3313 744 peracta
3370 682 3507 730 erat.

1931 765 2218 833 Quomodo
2252 777 2433 821 autem
2475 776 2696 837 peracta
2738 767 2858 821 est?
2887 766 3180 821 Revocavit
3203 783 3328 822 cum
3352 767 3508 836 juve-

1931 861 2017 914 nis
2049 860 2270 929 qnidam
2303 860 2369 913 de
2398 859 2577 913 medio
2617 859 2788 912 turba:
2826 859 3064 913 tribunal
3101 860 3508 914 circumstantis

1932 953 2241 1020 prosiliens,
2281 967 2347 1005 ex
2384 949 2652 1004 famulitio
2686 949 2993 1019 Pamphili;
3024 953 3297 1006 revocavit
3326 962 3504 1005 autem

1930 1059 2062 1099 voce
2085 1059 2302 1113 magna,
2321 1043 2623 1112 deposcens
2643 1057 2874 1112 corpora
2903 1044 2970 1098 ad
2993 1045 3348 1112 sepulturam.
3378 1044 3510 1096 Bea-

1930 1144 2020 1188 tus
2046 1134 2135 1188 hic
2155 1133 2494 1205 Porphyrius
2515 1143 2656 1197 erat,
2680 1135 2949 1205 genuinus
2970 1134 3238 1205 Pamphili
3263 1135 3508 1198 vernula,

1932 1226 2164 1280 necdum
2194 1224 2494 1280 octodecim
2523 1241 2697 1280 annos
2723 1233 2904 1293 natus,
2930 1225 3041 1297 (58)
3067 1225 3338 1280 scribendi
3369 1227 3512 1295 peri-

1932 1316 2201 1378 tissimus,
2233 1331 2451 1370 morum
2479 1330 2544 1370 ac
2578 1316 2859 1386 sapientia:
2888 1317 3048 1370 titulo
3069 1315 3324 1370 omnibus
3347 1332 3512 1370 enco-

1933 1407 2058 1462 miis
2089 1407 2286 1476 major,
2322 1415 2386 1460 ut
2417 1407 2510 1475 qui
2539 1421 2663 1460 cum
2704 1407 2798 1460 tali
2839 1407 2958 1460 viro
2989 1422 3108 1461 sese
3141 1414 3463 1460 excreuerat
3494 1426 3506 1460 :

1930 1498 2046 1568 qui,
2079 1506 2140 1552 ut
2165 1497 2420 1567 cognovit
2448 1497 2611 1550 latam
2655 1497 2707 1551 in
2752 1498 3037 1550 dominum
3083 1513 3241 1551 suum
3285 1511 3508 1551 senten-

1931 1589 2084 1651 tiam,
2115 1603 2183 1642 ex
2211 1587 2386 1641 media
2427 1586 2582 1639 turba
2621 1585 2949 1649 vociferans,
2983 1587 3160 1640 oravit
3186 1595 3246 1641 ut
3279 1603 3509 1657 corpora

1931 1679 2036 1734 sibi
2067 1678 2299 1748 sepelire
2332 1677 2537 1732 liceret.
2570 1675 2778 1731 Praeses
2809 1693 2958 1739 vero,
2987 1692 3094 1731 non
3124 1690 3380 1748 tanquam
3407 1681 3509 1732 ho-

1930 1785 2040 1834 mo,
2073 1770 2168 1823 sed
2208 1777 2267 1822 ut
2296 1767 2432 1832 fera,
2459 1768 2545 1822 vel
2576 1769 2620 1821 si
2651 1769 2780 1837 qttid
2810 1767 2923 1822 fera
2954 1769 3252 1824 immanius
3285 1779 3388 1832 est,
3415 1785 3512 1823 nc-

1927 1878 2034 1930 que
2066 1861 2454 1931 postulationis
2489 1860 2799 1927 mquitatem
2833 1861 3162 1930 suscipiens,
3205 1876 3380 1930 neque
3417 1862 3510 1930 ju-

1929 1955 2168 2009 ventutis
2187 1955 2457 2008 rationem
2490 1953 2656 2006 ullam
2691 1953 2924 2019 habens,
2955 1954 3132 2008 solum
3169 1955 3297 2022 quia
3319 1954 3510 2008 didicit

1927 2046 2324 2101 adolescentem
2375 2060 2432 2101 se
2474 2045 2850 2099 Christianum
2907 2045 3099 2110 fateri,
3155 2045 3512 2100 carnificibus

1927 2139 2184 2208 praecepit
2216 2153 2408 2192 omnes
2452 2136 2505 2190 in
2535 2152 2601 2190 eo
2637 2136 2942 2206 torquendo
2975 2137 3120 2190 vires
3158 2137 3507 2191 contendere.

1927 2232 2066 2287 Cum
2089 2247 2220 2302 ergo
2247 2230 2460 2300 jubenti
2498 2231 2811 2286 sacrificare
2849 2229 3132 2285 abnuisset
3171 2231 3512 2284 admirabilis

1930 2327 2040 2389 ille,
2069 2340 2176 2379 non
2208 2326 2322 2395 jam
2353 2331 2413 2378 ut
2441 2340 2662 2379 carnem
2701 2325 3020 2388 humanam,
3062 2323 3155 2378 sed
3190 2332 3248 2376 ut
3279 2323 3507 2392 lapidem

1930 2428 2024 2472 aut
2057 2419 2264 2488 lignum
2303 2427 2398 2471 aut
2427 2417 2575 2472 aliud
2607 2415 2976 2487 quodcunque
3015 2415 3397 2477 inanimatum,
3427 2433 3512 2467 ns-

1929 2527 2036 2580 que
2065 2511 2131 2563 ad
2166 2511 2278 2579 ipsa
2313 2525 2439 2565 ossa
2477 2518 2531 2564 et
2567 2509 2829 2563 interiora
2862 2508 3095 2572 viscera,
3132 2509 3390 2576 praecepit
3435 2519 3514 2578 t3:-

1929 2617 2138 2656 rannns
2163 2601 2539 2656 excarniﬁcari
2563 2613 2764 2668 corpus
2795 2597 2915 2668 ejus
2941 2616 2953 2651 :
2976 2614 3084 2668 quo
3115 2598 3321 2651 diutius
3345 2597 3508 2654 facto,

1930 2695 2151 2764 agnovit
2187 2695 2404 2747 tandem
2434 2694 2488 2746 in
2521 2709 2720 2747 vanum
2765 2691 2816 2747 id
2852 2692 2962 2763 agi.
2996 2691 3146 2747 Licet
3172 2701 3352 2746 autem
3387 2693 3514 2746 ahs~

1929 2801 2038 2856 que
2061 2801 2194 2840 voce
2223 2794 2278 2839 et
2309 2800 2458 2853 paene
2499 2785 2706 2853 absque
2733 2785 2917 2838 anima
2960 2782 3208 2854 generosi
3257 2784 3512 2856 martyris

1931 2893 2132 2947 corpus
2163 2878 2390 2946 jacerct,
2436 2877 2662 2930 immitis
2699 2887 2880 2930 tamen
2913 2884 3079 2945 atque
3112 2875 3311 2930 efferus
3345 2875 3511 2944 judm

1929 2971 2096 3040 jussit
2123 2970 2387 3024 laceratas
2413 2968 2532 3038 ejus
2553 2983 2748 3021 carnes
2773 2982 2836 3021 ac
2861 2967 3028 3020 latera
3057 2967 3287 3022 setaceis
3318 2973 3514 3035 pann;s

1931 3063 2225 3117 confricari
2251 3069 2416 3130 atque
2441 3059 2612 3114 deteri
2641 3060 2790 3129 ('59);
2827 3059 3156 3128 tandemque
3187 3059 3334 3113 velut
3358 3074 3516 3112 exsa—

239 3157 453 3210 τάττει·
479 3151 580 3208 εἷθ’
614 3155 804 3228 ὧσπερ
836 3155 998 3226 κόρον
1029 3153 1208 3208 λαϐὼν
1243 3155 1333 3207 καὶ
1361 3155 1460 3224 τῆς
1495 3155 1692 3224 μανίας
1731 3157 1830 3224 ἐμ-

1938 3161 2220 3208 turaturus
2270 3151 2552 3215 furorem,
2602 3149 2752 3202 lento
2796 3163 2860 3203 ac
2906 3148 3122 3217 longius
3167 3147 3346 3217 posito
3390 3147 3513 3217 igne

242 3245 519 3316 φορηθεὶς,
565 3245 760 3318 μακρῷ
794 3246 887 3298 καὶ
921 3243 1181 3314 μαλθακῷ
1224 3243 1358 3316 πυρὶ
1405 3242 1826 3314 παραϐληθῆναι

242 3336 403 3389 αὑτὸν
439 3338 819 3405 ἀποφαίνεται.
854 3330 1020 3398 Οὗτος
1053 3335 1151 3404 μὲν
1173 3330 1266 3388 οὖν
1295 3335 1399 3406 πρὸ
1421 3334 1521 3406 τῆς
1547 3334 1641 3386 τοῦ
1675 3336 1830 3405 Παμ·

239 3426 395 3497 φίλου
427 3428 755 3492 τελειώσεως
781 3427 1010 3490 ’ύστατος
1042 3427 1135 3479 ἐπί
1165 3426 1256 3479 τὸν
1294 3426 1482 3494 ἀγῶνα
1517 3425 1825 3498 παρελθὼν,

237 3523 309 3594 τῇ
344 3521 451 3574 ἀπὸ
481 3522 574 3575 τοῦ
621 3520 873 3591 σώματος
905 3519 1194 3589 ἀπαλλαγῇ
1240 3516 1332 3571 τὸν
1359 3519 1630 3590 δεσπότην
1664 3519 1827 3590 προέ-

239 3613 426 3670 λάϐεν.

313 3709 412 3761 II”.
451 3705 558 3762 Ἦν
590 3708 647 3762 δὲ
679 3707 788 3780 ἄρα
829 3708 918 3762 τὸν
948 3708 1256 3780 Πορφύριον
1291 3705 1516 3776 θεωρεῖν
1567 3704 1829 3774 ἱερονίκου

241 3801 482 3854 διαθέσει
544 3800 842 3871 πάμμαχον
914 3799 1285 3870 νενικηκότος,
1323 3795 1706 3866 κεκονισμένον
1773 3795 1832 3846 τὸ

250 3893 428 3963 σῶμα,
472 3894 694 3966 φαιδρὸν
725 3893 781 3946 δὲ
813 3893 908 3964 τὴν
934 3891 1076 3962 ὄψιν,
1115 3890 1398 3962 θαρσαλέῳ
1423 3906 1482 3942 τε
1525 3889 1832 3960 φρονήματι

246 3983 343 4036 καὶ
394 3983 605 4054 γαύρῳ,
653 3982 749 4054 τὴν
777 3982 869 4034 ἐπὶ
911 3983 1002 4034 τὸν
1049 3980 1276 4032 θάνατον
1323 3976 1640 4048 βαδίζοντα·
1686 3976 1830 4029 θείου

251 4076 565 4147 Πνεύματος
597 4075 672 4140 ὼς
719 4075 934 4146 ἀληθῶς
975 4073 1257 4145 ἐμπλεων’
1309 4071 1402 4124 καὶ
1453 4069 1516 4140 δὴ
1562 4068 1832 4136 φιλοσόφῳ

250 4168 486 4238 σχήματι
522 4167 600 4238 τῷ
644 4167 770 4238 περὶ
803 4165 965 4219 αὑτὸν
997 4161 1303 4231 ἀναϐολαίῳ
1337 4159 1538 4230 τρόπον
1573 4157 1832 4227 ἐξωμίδος

249 4259 642 4330 ἠμφιεσμένος,
678 4258 790 4312 ἄνω
825 4257 1036 4327 βλέπων
1065 4257 1159 4309 καὶ
1195 4253 1369 4307 πάντα
1400 4251 1490 4304 τὸν
1521 4250 1712 4320 θνητὸν
1741 4251 1835 4302 καὶ

248 4350 588 4424 ἀνθρώπινον
616 4349 971 4421 ὑπερφρονῶν
1001 4347 1132 4416 βίον,
1159 4346 1387 4416 ἀτρεμεῖ
1407 4345 1472 4414 τῇ
1497 4340 1640 4411 ψυχῇ
1671 4339 1836 4410 πρόσ-

249 4459 359 4496 εισι
392 4446 457 4514 τῇ
498 4443 664 4514 πυρᾷ.
701 4441 839 4510 Ἤδη
873 4438 1047 4508 ἐαυτῷ
1095 4438 1194 4508 τῆς
1226 4434 1421 4504 φλογὸς
1477 4430 1832 4501 πελαζούσης,

1935 3255 2225 3315 martyrem
2260 3241 2508 3297 consumi
2537 3240 2810 3310 praecepit.
2844 3237 2921 3293 Ita
2955 3239 3066 3300 ille,
3099 3247 3223 3292 ante
3249 3254 3513 3294 consum-

1932 3337 2227 3391 mationem
2259 3335 2552 3404 Pamphili,
2583 3334 2808 3386 ultimus
2831 3347 3151 3401 progressus
3172 3332 3239 3386 ad
3259 3347 3510 3402 agonem,

1931 3429 2214 3485 dominum
2250 3444 2408 3483 suum
2438 3427 2710 3498 praevertit
2737 3426 3082 3482 abdicatione
3106 3440 3389 3494 corporea.

2002 3692 2142 3747 XIII.
2187 3691 2316 3746 Erat
2347 3698 2529 3746 autem
2559 3690 2740 3744 videre
2770 3687 3134 3761 Porphyrium
3169 3690 3342 3743 instar
3371 3689 3514 3744 sacri

1934 3786 2150 3840 athletae
2202 3783 2445 3838 universi
2503 3781 2821 3836 certaminis
2873 3781 3130 3835 victorem
3193 3781 3514 3848 gloriosum,

1933 3878 2228 3933 dissectum
2247 3891 2498 3944 corpore,
2519 3875 2613 3930 sed
2647 3873 2786 3928 facie
2811 3873 3176 3943 splendidum,
3207 3872 3435 3941 hetaque
3461 3883 3517 3926 et.

1935 3968 2202 4038 intrepida
2225 3976 2405 4020 mente
2427 3963 2495 4019 ad
2527 3972 2754 4018 mortem
2775 3963 3102 4032 procedere;
3126 3964 3314 4030 utique
3333 3965 3516 4016 divino

1935 4061 2153 4131 plenum
2188 4057 2424 4129 Spiritu;
2458 4067 2510 4112 et
2539 4055 2757 4125 quidem
2797 4064 3054 4123 tanquam
3086 4054 3138 4106 in
3179 4054 3363 4107 habitu
3394 4055 3516 4122 phi-

1936 4152 2244 4220 Iosophico,
2266 4151 2442 4205 solum
2472 4148 2729 4217 injectum
2758 4145 2860 4199 sibi
2894 4145 3338 4208 instrumentum,
3359 4147 3516 4214 quasi

1937 4245 2158 4314 pallium
2212 4253 2452 4313 gestans,
2519 4239 2936 4309 despiciensque
2981 4239 3203 4302 omnia,
3261 4248 3314 4292 et
3375 4254 3519 4292 mor-

1936 4337 2100 4392 talem
2157 4345 2318 4404 atque
2375 4334 2671 4388 humanam
2727 4331 2869 4384 hanc
2923 4332 3090 4384 vitam
3135 4340 3513 4391 contemnens,

1936 4429 2143 4496 absque
2174 4427 2283 4480 ulla
2316 4426 2513 4480 mentis
2543 4424 2836 4479 formidine
2862 4423 2927 4476 ad
2956 4438 3148 4492 rogum
3173 4423 3494 4492 procedebat

248 4535 329 4598 ὼς
357 4535 423 4589 ἂν
454 4535 513 4589 δὲ
547 4533 771 4606 μηδενὸς
805 4531 953 4602 αὐτῷ
991 4529 1256 4600 παρόντος
1285 4523 1552 4597 λυπηροῦ,
1580 4522 1830 4592 άταράχῳ

1941 4525 2078 4578 Cum
2111 4536 2240 4575 vero
2268 4519 2333 4573 ad
2368 4520 2544 4588 ipsum
2571 4518 2684 4586 jam
2721 4517 3110 4586 propinquaret
3136 4515 3374 4578 flamma,
3395 4522 3519 4568 tan-

249 4629 351 4683 καὶ
377 4629 596 4699 νήφοντι
641 4623 886 4696 λογισμῷ
927 4623 1054 4693 περὶ
1086 4620 1194 4673 τῶν
1232 4619 1448 4672 οἰκείων
1491 4619 1602 4680 τοῖς
1635 4615 1835 4688 γνωρί-

256 4737 382 4794 μοις
414 4723 442 4774 ὁ
474 4723 624 4794 ἥρως
682 4720 1016 4778 διετάττετο,
1053 4718 1132 4778 εἰς
1177 4714 1255 4766 ἔτι
1283 4713 1404 4765 τότε
1444 4711 1504 4764 τὸ
1545 4710 1835 4782 πρόσωπον

252 4813 482 4885 φαιδρὸν
510 4812 604 4865 καὶ
629 4809 1048 4880 ἀπαράλλακτον
1073 4803 1468 4874 διαφυλάττων.
1525 4800 1612 4862 Ὠς
1636 4798 1692 4851 δὲ
1723 4800 1835 4860 τοῖς

253 4906 552 4977 γνωρίμοις
589 4903 876 4974 αὐτάρκως
907 4897 1250 4961 συνετάξατο,
1283 4895 1420 4964 πρὸς
1445 4891 1535 4944 τὸν
1569 4889 1700 4942 Θεὸν
1732 4888 1832 4958 ἤδη

252 4997 442 5052 λοιπὸν
488 4996 748 5066 ἠπείγετο
767 5011 779 5023 ο
811 4992 909 5063 τῆς
945 4991 1010 5059 γέ
1041 5007 1122 5043 τοι
1152 4987 1332 5059 πυρᾶς
1363 4986 1421 5051 ἐξ
1454 4984 1836 5051 ἀποστήματος

255 5089 444 5159 κύκλῳ
473 5089 599 5160 περὶ
627 5087 785 5141 αὐτὸν
817 5083 1110 5154 ἀφθείσης,
1140 5078 1348 5134 ἐνθένδε
1372 5074 1626 5130 κάκεῖθεν
1659 5074 1836 5142 ὑφήρ-

259 5181 400 5245 παζε
431 5180 508 5250 τῷ
541 5179 769 5250 στόματι
801 5178 898 5249 τὴν
931 5177 1123 5245 φλόγα,
1153 5171 1502 5241 ἐπισπέρχων
1528 5166 1690 5229 αὐτὸς
1712 5166 1838 5216 ἐαυ-

259 5274 352 5327 τὸν
384 5274 476 5326 ἐπὶ
499 5272 597 5344 τὴν
628 5269 996 5344 προκειμένην
1027 5263 1251 5335 πορείαν
1275 5280 1290 5294 ·
1326 5262 1421 5315 καὶ
1447 5258 1604 5313 τοῦτο
1635 5256 1840 5326 ἐπρατ-

263 5383 378 5427 sev.
407 5366 559 5420 οὐδὲν
591 5365 776 5436 ἓτερον
802 5363 838 5433 ἢ
879 5358 1083 5430 Ἰησοῦν
1107 5353 1560 5425 ἀνακαλούμενος.

339 5461 435 5512 ιΔο.
488 5457 738 5520 Τοιοῦτος
763 5455 856 5509 καὶ
897 5450 1207 5523 Πορφυρίου
1255 5443 1450 5509 ἆθλοςο
1498 5443 1596 5513 τῆς
1625 5441 1680 5494 δὲ
1726 5439 1847 5493 κατ’

267 5551 430 5604 αὐτὸν
466 5549 797 5610 τελειώσεως
845 5544 1074 5613 ἄγγελος
1112 5539 1192 5610 τῷ
1243 5535 1514 5608 Παμφίλῳ
1555 5533 1846 5601 γενόμενος

267 5642 560 5706 Σέλευκος,
613 5639 703 5693 τοῦ
755 5639 851 5691 σὺν
903 5636 1083 5696 αὐτοῖς
1136 5627 1485 5694 καταξιοῦται
1535 5621 1848 5696 παραυτίκα

346 5761 459 5833 (‘58)
497 5759 742 5833 litraque
763 5758 878 5812 haec
898 5740 1839 5833 eommendatiodeest'i’n‘distorta:

1939 4631 2104 4686 quam
2137 4615 2182 4669 si
2217 4615 2352 4668 nihil
2393 4611 2659 4666 molestia:
2700 4618 2978 4679 pateretur
3007 4609 3088 4661 vir
3117 4607 3204 4660 ille
3233 4615 3514 4663 strenuus.

1943 4710 2273 4762 inconcusso
2315 4715 2477 4774 atque
2519 4702 2791 4758 constanti
2840 4716 3026 4761 sensu,
3069 4713 3193 4767 qua:
3227 4712 3326 4752 sua
3363 4706 3519 4751 erant

1941 4801 2156 4870 legahat
2187 4795 2568 4857 familiaribus,
2600 4809 2774 4862 usque
2805 4793 2858 4846 in
2894 4792 3024 4844 illud
3059 4802 3271 4858 tempus
3295 4804 3520 4843 servans

1943 4895 2056 4948 oris
2083 4891 2428 4946 serenitatem
2461 4887 2828 4940 immutatam.
2858 4881 2929 4937 Ut
2959 4896 3085 4935 vero
3114 4880 3259 4934 notis
3285 4879 3398 4932 suis
3423 4894 3520 4946 pro

1945 4981 2096 5036 libitu
2144 4975 2414 5040 valefecit,
2461 4985 2608 5029 totus
2648 4973 2714 5028 ad
2765 4972 2934 5026 Deum
2977 4985 3275 5025 conversus
3316 4979 3427 5033 est;
3469 4977 3524 5021 et.

1946 5073 2072 5142 quia
2105 5084 2273 5139 rogus
2303 5067 2370 5122 ad
2401 5066 2746 5121 intervallum
2778 5063 3201 5132 circumpositus
3223 5070 3362 5122 erat,
3396 5060 3523 5112 hinc

1946 5160 2073 5216 inde
2107 5159 2358 5228 captabat
2387 5171 2484 5210 ore
2518 5156 2788 5218 flammas,
2817 5153 2972 5223 quasi
3001 5167 3058 5207 se
3079 5153 3257 5221 ipsum
3290 5151 3523 5204 incitans

1949 5246 2015 5300 ad
2046 5245 2381 5314 propositam
2407 5243 2511 5298 sibi
2543 5245 2684 5296 viam
2711 5260 2725 5305 ;
2753 5243 2856 5296 hoc
2883 5251 3061 5295 autem
3094 5237 3347 5303 faciebat,
3375 5236 3520 5291 aliud

1948 5338 2082 5392 nihil
2113 5351 2276 5406 quam
2309 5333 2494 5390 .Iesum
2531 5337 2856 5391 inclamans.

2022 5428 2161 5484 XIV.
2204 5427 2337 5483 Tale
2387 5426 2492 5482 fuit
2541 5438 2813 5482 certamen
2873 5423 3158 5494 Porphyrii
3202 5439 3216 5476 :
3259 5422 3352 5493 qui
3397 5436 3525 5474 vero

1951 5524 2121 5593 ipsius
2161 5533 2392 5577 mortem
2436 5520 2722 5590 Pamphilo
2761 5519 3031 5574 nuntiavit
3069 5515 3351 5579 Seleucus,
3380 5515 3529 5578 ejus-

1953 5618 2074 5671 dem
2116 5633 2238 5672 eum
2289 5618 2406 5686 ipso
2456 5613 2633 5670 factus
2689 5613 2834 5668 illico
2888 5621 2972 5666 est
3025 5610 3190 5665 sortis
3235 5609 3522 5680 partiecps.

495 5805 1201 5899 tié'c'ifﬁéiiiié'idnnentum
1226 5819 1412 5875 eadem
1444 5813 1688 5869 Historia
1714 5805 2098 5881 prietermitlit.

588 5928 859 5987 ΡΑτιιοι..
895 5923 1012 5984 Gn.
1035 5920 1119 5980 Χ.

3068 5885 3144 5943 Ml
