3922 6494
404 395 409 407 ,
449 278 587 386 nm

1666 325 1722 378 S.
1765 322 2085 379 PAMPlllLl
2128 324 2487 379 MARTYRIS

3557 322 3700 378 15H

380 420 407 457 Εἰ
447 454 660 511 Etenim
679 452 856 524 ipsum
876 448 1162 519 Porphyrii
1187 447 1345 501 tinem
1369 445 1653 515 Pamphilo
1672 447 2010 501 nuntiantem

2118 446 2337 517 κλήρου.
2381 445 2586 498 Αὐτίκα
2618 445 2668 513 γ’
2699 436 2791 497 οὖν
2825 441 3205 511 διαγγείλαντα
3240 442 3401 494 αὐτὸν
3438 439 3518 510 τῷ
3551 442 3711 509 Παμρ

445 548 610 605 simul
642 556 696 603 et
733 555 1030 617 martyrum
1068 552 1341 599 catervam
1378 542 1735 608 osculantem,
1771 557 2018 611 compre-

447 642 753 697 henderunt
787 638 1009 700 milites,
1055 646 1217 706 atque
1250 636 1315 689 ad
1360 634 1739 703 proconsulem
1779 634 2018 688 adduxe-

447 744 574 791 runt
591 753 603 788 :
618 733 733 804 qui,
748 732 905 802 quasi
924 745 1088 785 mora:
1117 729 1403 799 impatiens
1421 726 1594 782 donec
1611 726 1698 781 ille
1714 727 1873 781 simul
1891 741 2015 780 cum

446 829 780 899 prmcedente
808 823 1111 895 Porphyrio
1159 822 1287 875 hinc
1330 820 1608 891 migraret,
1643 819 1806 889 jussit
1841 820 2016 889 ipsum

445 922 661 993 capitali
683 918 948 975 sententia
980 916 1158 985 plecti.
1184 914 1416 969 Venerat
1436 912 1526 967 hic
1556 927 1619 966 ex
1649 910 2013 981 Cappadocia,

445 1016 900 1081 vehementerque
913 1010 1245 1063 inclaruerot
1262 1004 1588 1067 militaribus
1600 1000 2015 1070 exercitiisMO),

442 1118 498 1158 et
524 1120 630 1159 non
659 1101 1005 1157 mediocriter
1030 1099 1171 1169 apud
1191 1098 1466 1151 Romanos
1487 1105 1769 1165 promotus
1801 1093 1975 1147 fuerat
1998 1108 2012 1157 ;

424 1190 741 1267 quinetiam
782 1203 935 1249 :etatc
968 1203 1021 1247 ct
1057 1191 1303 1261 corporis
1340 1190 1533 1243 robore
1558 1187 1865 1255 viriumque
1896 1200 2015 1238 ma-

441 1291 723 1362 gnitudine
762 1298 815 1342 et
855 1289 1053 1342 virtute
1082 1286 1374 1355 plerosque
1409 1282 1693 1341 hominum
1726 1278 2014 1335 antecede-

441 1383 562 1448 bat;
599 1399 723 1435 nam
748 1382 899 1435 vultu
932 1379 1048 1448 ipso
1082 1378 1374 1431 admodum
1403 1372 1712 1443 spectabilis
1742 1386 1852 1440 pra:
1880 1386 2017 1425 cun-

442 1476 569 1540 ctis,
602 1474 836 1545 speciem
870 1470 1193 1542 prchcrebat
1220 1470 1584 1537 undequaquc
1614 1463 2013 1537 dignissimam,

440 1567 633 1623 forma:
658 1565 872 1620 eximiae
896 1563 1088 1634 gratia.
1126 1561 1325 1616 Fuerat
1355 1570 1535 1615 autem
1572 1558 1729 1611 initio
1758 1570 2015 1625 persecu-

442 1662 608 1715 tionis
633 1667 848 1729 pr0pter
883 1656 1005 1711 ﬁdei
1042 1655 1436 1711 confessionem
1471 1649 1804 1706 certantibus
1837 1663 2013 1701 annu-

441 1766 685 1809 meratus
729 1768 823 1823 per
860 1750 1198 1807 tolerantiam
1244 1748 1564 1812 verberum;
1624 1744 1718 1799 sed
1766 1741 2011 1796 abdicata

2121 539 2259 610 φίλῳ
2282 540 2342 591 τὸ
2370 537 2462 591 τοῦ
2492 536 2800 607 Πορφυρίου
2834 535 3003 599 τέλος,
3035 535 3129 586 καὶ
3154 533 3261 586 τῶν
3290 532 3585 603 μαρτύρων
3609 529 3710 585 τὸν

2119 630 2289 701 δῆμον
2342 630 2401 681 ἐν
2453 627 2717 699 φιλήματι
2777 627 3184 696 ἀσπασάμενον,
3246 622 3599 684 συλλαϐόντες
3654 626 3715 675 οἱ

2121 722 2450 793 στρατιῶται
2518 720 2741 788 ἄγουσιν
2806 720 2898 772 ἐπὶ
2962 718 3053 771 τὸν
3106 716 3429 787 ἡγούμενον.
3492 717 3554 768 Ὀ
3607 715 3706 776 δὲ,

2120 813 2305 888 ὥσπερ
2339 812 2680 867 ἐπισπεύδων
2722 810 2806 881 τῷ
2847 809 3096 881 προτέρῳ
3128 808 3289 861 αὐτὸν
3323 806 3709 875 συναπόᾶημον

2118 905 2390 973 γενέσθαι,
2422 903 2629 974 κεφαλῇ
2663 902 2989 973 κολασθῆναι
3016 901 3359 972 προστάττει.
3398 900 3511 969 Τῆς
3544 901 3711 952 Καπο

2118 996 2367 1051 παδοκῶν
2400 988 2557 1059 οὗτος
2584 996 2810 1065 ὡρμᾶτο
2844 994 2976 1065 γῆς’
3007 992 3366 1065 λαμπρότατα
3402 993 3461 1045 δὲ
3500 991 3613 1045 τῶν
3643 992 3706 1042 ἐν

2120 1088 2427 1159 στρατείαις
2461 1088 2845 1157 εὐδοκιμήσας,
2875 1086 2984 1138 τῶν
3018 1087 3076 1138 ἐν
3124 1086 3459 1155 Ῥωμαϊκαῖς
3499 1100 3711 1153 προκο-

2117 1183 2247 1243 παῖς
2284 1181 2347 1233 οὐ
2377 1183 2577 1251 μικρᾶς
2606 1179 2931 1250 ἐπείληπται
2958 1177 3146 1242 ἀξίας·
3188 1178 3251 1229 οὐ
3288 1177 3393 1247 μὴν
3444 1177 3586 1229 ἀλλά
3613 1176 3711 1227 καὶ

2116 1274 2253 1343 αὐτῇ
2310 1272 2494 1344 ἡλικίᾳ
2545 1272 2641 1325 καὶ
2688 1270 2847 1345 ῥώμῃ
2896 1270 3166 1342 σώματος,
3221 1268 3441 1339 μεγέθει
3497 1285 3562 1319 τε
3613 1270 3711 1321 καὶ

2120 1366 2320 1436 ἰσχύος,
2346 1368 2511 1437 ἀρετῇ
2540 1366 2789 1418 πλεῖστον
2830 1366 2953 1418 ὅσον
2979 1365 3103 1426 τοὺς
3132 1363 3351 1425 λοιποὺς
3379 1360 3712 1432 ἀνθρώπους

2118 1458 2487 1523 ἐπλεονέκτει,
2521 1458 2615 1511 καὶ
2642 1458 2741 1528 τὴν
2773 1455 3037 1527 πρόσοψιν
3058 1455 3112 1507 δὲ
3149 1455 3316 1524 αὐτὴν
3338 1454 3711 1525 περίϐλεπτος

2112 1543 2179 1619 ἦν
2204 1553 2316 1611 τοῖς
2344 1551 2496 1613 πᾶσι,
2537 1550 2593 1603 τό
2621 1568 2679 1602 τε
2730 1550 2837 1601 πᾶν
2865 1544 3001 1610 εἶδος
3041 1546 3389 1614 ἀξιάγαστος,
3431 1546 3709 1615 μεγέθους

2115 1640 2277 1693 ἕνεκα
2306 1642 2395 1693 καὶ
2428 1641 2747 1711 εὐμορφίας·
2784 1638 3063 1710 καταρχὰς
3087 1639 3185 1709 μὲν
3216 1635 3309 1691 οὖν
3337 1637 3589 1708 διωγμοῦ
3623 1638 3709 1689 διὰ

2123 1731 2399 1801 μαστίγων
2428 1732 2722 1803 ὑπομονῆς,
2753 1735 2863 1794 τοῖς
2890 1731 3028 1783 κατά
3052 1729 3149 1801 τὴν
3178 1729 3469 1800 ὁμολογίαν
3494 1729 3711 1799 διέπρε-

440 1849 631 1903 militia
661 1819 944 1902 aarhulator
966 1844 1142 1898 factus
1166 1856 1351 1895 eorum
1378 1839 1472 1909 qui
1497 1838 1561 1892 ad
1585 1836 1836 1906 pietatem
1868 1848 2012 1887 exer-

2118 1824 2213 1892 ψεν
2248 1824 2453 1892 ἀγῶσιο
2493 1823 2629 1895 μετά
2667 1824 2723 1875 δέ
2750 1823 2846 1894 τὴν
2887 1822 2986 1892 τῆς
3017 1822 3304 1893 στρατείας
3338 1822 3706 1890 ἀπαλλαγὴν,

440 1950 654 2002 centur,
701 1937 903 1992 Christi
952 1948 1267 2005 germanum
1310 1932 1535 1985 militem
1577 1944 1697 1983 sese.
1736 1926 2008 1996 probavit;

440 2032 701 2104 orphauis
730 2029 990 2085 desolatis
1020 2044 1084 2081 ac
1126 2025 1305 2080 viduis
1344 2033 1647 2093 protectore
1679 2020 2011 2085 carentibus,

437 2124 801 2191 omnibusque
822 2136 943 2174 cum
968 2117 1194 2188 penuria
1223 2126 1276 2170 et
1301 2112 1671 2169 imbecillitate
1699 2110 2015 2165 conﬂictan-

438 2218 604 2279 tihus,
645 2214 897 2285 provisor
934 2210 1132 2274 factus,
1175 2209 1345 2279 patris
1391 2214 1485 2261 aut
1525 2206 1793 2260 curatoris
1825 2204 1892 2257 ad
1926 2204 2013 2256 in-

439 2322 575 2372 star,
610 2319 1045 2375 cunctarumque
1086 2304 1493 2373 dcspcratorum
1536 2298 1812 2353 laboribus
1853 2306 2013 2366 atque

437 2402 698 2458 aerumnis
739 2399 1003 2454 medelam
1043 2396 1266 2451 ferens:
1303 2401 1632 2463 quapropter
1672 2406 1702 2445 a
1748 2388 1877 2451 Dco,
1918 2387 2011 2457 qui

437 2495 639 2550 talihus
662 2492 835 2563 magis
865 2505 1027 2560 quam
1055 2488 1402 2542 victimarum
1434 2485 1622 2538 nidore
1653 2498 1717 2537 ac
1747 2480 2012 2550 sanguine

436 2590 774 2648 delectatur,
830 2580 1130 2652 martyriali
1180 2579 1329 2633 exitu
1388 2577 1585 2645 dignus
1636 2582 1719 2629 cst
1769 2573 2007 2626 habitus.

433 2675 609 2729 Porro
647 2673 892 2727 decimus
923 2669 1012 2723 hic
1039 2668 1260 2731 athleta,
1288 2681 1393 2719 una
1419 2665 1717 2732 eademque
1748 2676 2011 2715 consum-

435 2768 608 2823 mavit
633 2778 860 2845 agonem
894 2776 1053 2816 suum
1078 2760 1202 2823 die;
1239 2764 1497 2826 atquc,ut
1524 2770 1622 2823 par
1653 2762 1736 2807 cst
1769 2752 2010 2818 credere,

435 2860 704 2933 martyrio
739 2872 839 2913 suo
868 2854 1262 2925 amplissimam
1293 2851 1414 2905 coeli
1453 2858 1663 2920 portam
1698 2864 1821 2903 cum
1856 2860 2008 2901 rese-

436 2962 636 3017 rasset,
671 2950 836 3007 simul
866 2957 919 3003 et
956 2945 1243 3016 Pamphilo
1270 2943 1372 3012 ipsi
1402 2942 1675 3013 spatiosus
1703 2941 1768 2994 ad
1803 2938 1897 2994 Dei
1924 2954 2011 2992 re-

437 3061 605 3114 gnum
636 3042 944 3114 patefactus
966 3049 1047 3095 cst
1074 3038 1374 3109 ingressus.

507 3283 626 3339 XV.
670 3280 882 3337 Seleuci
910 3294 1039 3335 vero
1063 3276 1289 3349 vestigia
1319 3283 1541 3332 secutus
1566 3284 1649 3331 est
1672 3274 2010 3344 Theodulus,

436 3380 561 3450 pius
596 3392 660 3432 ac
692 3374 1018 3431 venerabilis
1060 3387 1247 3433 senex,
1291 3371 1345 3424 in
1389 3370 1765 3439 proconsulari
1807 3368 2012 3425 familia

437 3472 615 3541 primo
644 3469 851 3522 honore
876 3466 1150 3533 dignatus,
1185 3472 1295 3517 tum
1322 3476 1535 3515 morum
1567 3461 1847 3529 artatisque
1876 3476 2013 3529 prae-

440 3564 721 3633 rogativa,
779 3570 895 3614 tum
958 3558 1189 3613 ﬁliorum
1255 3556 1416 3609 trium
1476 3554 2009 3625 (4l)generatione,

438 3655 679 3710 maxime
729 3666 860 3709 vero
914 3651 1006 3720 pio
1054 3648 1246 3703 aﬂectu
1304 3662 1431 3716 erga
1484 3647 1792 3715 principes,
1837 3646 2013 3715 incly-

440 3757 528 3800 tus
554 3764 566 3799 :
598 3744 691 3814 qui
724 3743 909 3797 eadem
939 3754 1003 3794 ac
1032 3738 1291 3793 Seleucus
1321 3736 1596 3800 iactitans,
1629 3746 1682 3790 ct
1713 3746 2009 3807 martyrum

440 3839 653 3908 aliquos
696 3834 884 3890 osculo
936 3834 1293 3895 devenerans,
1345 3830 1565 3883 domino
1606 3844 1706 3883 suo
1751 3829 2015 3883 adductus

440 3932 563 3996 fuit,
616 3942 851 3997 eumque
897 3926 963 3979 ad
1012 3924 1272 3992 majorem
1321 3935 1484 3991 quam
1530 3921 1621 3974 alii
1676 3920 2010 3974 iracundiam

439 4022 743 4087 concitans,
790 4021 961 4088 ipsam
1012 4015 1265 4071 salutaris
1306 4012 1668 4069 confessionis
1703 4012 2013 4084 passionem

443 4115 654 4183 excepit
687 4112 836 4167 cruci
872 4108 1129 4164 traditus.

515 4293 653 4347 XVI.
698 4292 812 4346 Sub
854 4293 988 4355 hac,
1037 4306 1159 4344 cum
1209 4290 1508 4344 etiamnum
1553 4288 1809 4342 deﬁceret
1847 4302 2011 4350 unus,

446 4382 617 4439 adfuit
655 4382 749 4450 qui
789 4380 1181 4434 duodenarium
1222 4395 1511 4432 numerum
1558 4379 1803 4447 impleret
1844 4377 2015 4431 Julia-

444 4493 548 4531 nus
576 4494 589 4530 :
619 4474 711 4544 qui
736 4488 798 4529 ea
824 4474 937 4542 ipsa
962 4472 1095 4525 hora
1121 4486 1342 4541 peregre
1370 4471 1684 4533 adveniens,
1715 4480 1768 4524 et
1794 4471 2014 4527 vixdum

444 4572 727 4637 ingressus
781 4566 1078 4626 civitatem,
1133 4579 1257 4618 cum
1306 4562 1660 4617 intellexisset
1699 4578 1819 4631 qua:
1860 4573 2017 4617 erant
2049 4538 2092 4590 ι)

441 4671 584 4726 acta,
619 4668 674 4715 et
706 4661 773 4715 ad
805 4667 1104 4729 martyrum
1139 4666 1487 4724 conspectum
1516 4654 1827 4709 festinasset
1857 4672 2013 4710 acce—

441 4755 603 4819 dere;
645 4753 739 4808 ubi
779 4767 968 4807 eorum
1004 4764 1231 4819 corpora
1264 4749 1415 4802 humi
1450 4749 1688 4816 jacentia
1724 4749 1875 4814 vidit,
1907 4750 2015 4803 cir-

442 4842 729 4899 cumfusus
765 4841 1014 4911 singulis,
1045 4854 1233 4894 omnes
1261 4847 1345 4893 est
1372 4838 1669 4893 osculatus.
1703 4836 1816 4892 Hoc
1848 4855 2012 4909 agen-

442 4944 551 4989 tem
594 4931 1125 5002 comprehenderunt
1173 4926 1405 4981 ministri
1448 4926 1697 4991 caedium,
1730 4937 1891 4996 atque
1918 4927 2014 5002 ad:

443 5028 714 5079 duxerunt
736 5022 949 5091 przesidi
967 5040 978 5073 :
997 5021 1087 5089 qui
1106 5033 1345 5089 congrua
1371 5018 1649 5086 proposito
1666 5033 1766 5072 suo
1788 4994 2018 5080 faciens:

442 5117 606 5169 etiam
642 5116 789 5168 hunc
817 5114 962 5167 lento
1001 5112 1110 5182 igni
1150 5112 1386 5166 tradidit.
1429 5111 1506 5166 lta
1548 5113 1712 5167 etiam
1739 5110 2010 5176 Julianus,

444 5208 678 5277 gestiens
718 5214 881 5274 atque
920 5203 1101 5257 laetitia
1142 5204 1444 5269 exsultans,
1496 5212 1551 5257 et
1593 5202 1704 5257 Deo
1750 5203 1913 5257 tantis
1955 5218 2015 5256 se

443 5299 603 5354 bonis
637 5298 857 5368 dignate
888 5311 1081 5366 magna
1112 5310 1244 5350 voce
1278 5296 1480 5365 gratias
1506 5310 1692 5366 agens,
1731 5303 2014 5364 susceptus

442 5400 527 5445 est
551 5391 690 5445 inter
716 5389 913 5444 choros
937 5396 1259 5458 martyrum.
1280 5386 1407 5441 Erat
1431 5397 1613 5442 autem
1640 5388 1767 5441 huic
1797 5402 2015 5457 quoque

517 5565 628 5634 (40)
668 5564 869 5619 Ibidem
904 5563 1139 5635 legitur;
1172 5563 1283 5632 Τῆς
1316 5566 1378 5617 ἐκ
1407 5563 1693 5635 στρατείας
1727 5563 2013 5616 ἐπιλέκτου

444 5632 715 5698 νεαλείας,
748 5636 804 5689 in
829 5632 1032 5688 delecta
1071 5632 1139 5685 ad
1171 5635 1418 5687 militiam
1436 5632 1727 5703 jiwentute.

519 5708 629 5775 (41)
669 5705 858 5767 Trium
902 5706 1139 5775 ﬁliorum
1178 5706 1421 5774 patrihus
1456 5706 1677 5773 prannia
1718 5705 1860 5773 apud
1906 5703 2015 5757 Ro-

446 5792 640 5834 manos
669 5776 840 5833 fuisse
869 5774 1169 5846 proposita,
1202 5777 1384 5832 notius
1409 5785 1493 5832 est
1524 5790 1687 5847 quam
1711 5787 1771 5831 ut
1792 5777 1880 5831 hic
1902 5789 2013 5830 mo-

2116 1917 2357 1987 ζηλωτὴν
2381 1916 2541 1979 αὐτὸς
2568 1916 2756 1970 ἐαυτὸν
2785 1917 3130 1986 καταστήσας
3157 1914 3262 1967 τῶν
3286 1916 3386 1984 τῆς
3417 1914 3709 1975 εὐσεϐείας

2114 2008 2385 2079 ἀσκητῶν,
2415 2008 2650 2079 Χριστοῦ
2680 2009 2897 2079 γνήσιος
2928 2006 3264 2078 στρατιώτης
3285 2006 3705 2059 ἀποδέδεικται·

2114 2099 2387 2171 ὀρφανῶν,
2432 2100 2654 2170 ἐρήμων
2689 2100 2782 2152 καὶ
2822 2098 3003 2171 χηρῶν
3051 2099 3451 2170 ἀποριστάτων,
3491 2099 3610 2151 τῶν
3649 2115 3708 2151 τε

2115 2192 2171 2242 ἐν
2200 2189 2359 2261 πενίᾳ
2407 2189 2500 2242 καὶ
2550 2188 2805 2259 ἀσθενείᾳ
2846 2188 3360 2257 καταπονουμένων,
3397 2188 3709 2248 ἐπίσκοτεός

2114 2300 2196 2345 τις
2246 2276 2334 2333 οἷα
2384 2280 2479 2332 καὶ
2522 2279 2850 2349 φροντιστὴς
2888 2277 3352 2348 ἐπιμελούμενοςο
3398 2277 3616 2349 πατρός
3649 2294 3709 2331 τε

2114 2375 2209 2427 καὶ
2263 2373 2555 2443 κηδεμόνος
2612 2372 2766 2441 δίκην
2811 2370 2918 2423 τῶν
2971 2371 3399 2442 ἀπερριμμένων
3445 2372 3709 2424 ἁπάντων

2113 2467 2237 2530 τοὺς
2290 2465 2503 2527 πόνους,
2555 2464 2649 2516 καὶ
2701 2463 2799 2526 τὰς
2855 2463 3224 2525 κακοπαθείας
3276 2463 3706 2533 ἀνακτώμενος·

2113 2558 2233 2611 ὅθεν
2265 2558 2508 2621 εἰκότως,
2534 2557 2668 2627 πρὸς
2692 2559 2803 2619 τοῖς
2830 2556 3087 2618 τοιούτοις
3110 2555 3173 2626 δὴ
3198 2556 3375 2625 χαίρει
3397 2556 3534 2619 Θεὸς
3564 2557 3712 2627 μῖλ-

2112 2647 2201 2701 λον
2230 2647 2263 2719 ἢ
2293 2649 2412 2709 ταῖς
2440 2647 2525 2699 διά
2554 2648 2759 2700 καπνοῦ
2786 2648 2880 2700 καί¹
2908 2648 3137 2718 αἵματος
3163 2647 3398 2710 θυσίαις,
3423 2649 3526 2718 τῆς
3560 2651 3705 2702 κατὰ

2112 2738 2172 2791 τὸ
2227 2738 2523 2811 μαρτύριον
2582 2738 2788 2809 ἠξιώθη
2844 2737 3189 2802 τελειώσεως.
3240 2740 3481 2803 Δέκατος
3546 2735 3705 2803 οὗτος

2113 2829 2349 2903 ἀθλητὴς
2388 2832 2481 2884 σὺν
2510 2834 2621 2894 τοῖς
2649 2832 2978 2902 εἰρημένοις,
3014 2835 3110 2903 μιᾷ
3140 2833 3233 2885 καὶ
3271 2836 3333 2903 τῇ
3377 2834 3515 2904 αὐτῇ
3551 2851 3705 2887 τετε-

2112 2922 2305 2976 λείωτο
2334 2922 2535 2995 ἡμέρᾳ,
2570 2923 2689 2976 καθ’
2731 2924 2795 2993 ἦν
2832 2924 2907 2987 ὡς
2942 2924 3083 2976 ἔοικε
3129 2924 3395 2995 μεγίστης
3433 2925 3515 2995 τῷ
3545 2927 3702 2995 Παμ-

2113 3013 2268 3083 φίλου
2305 3014 2589 3085 μαρτυρίῳ
2617 3013 2791 3083 πύλης
2817 3014 3059 3085 οὐρανῶν
3080 3013 3499 3085 διανοιχθείσης,
3538 3018 3702 3085 εὐμα-

2117 3106 2206 3178 ρές
2248 3105 2343 3176 ἀμ’
2372 3104 2517 3176 αὐτῷ
2550 3107 2642 3159 καὶ
2669 3106 2897 3175 ἄφθονος
2930 3109 2962 3178 ἡ
2998 3108 3097 3177 τῆς
3126 3106 3219 3160 τοῦ
3251 3106 3389 3160 Θεοῦ
3422 3108 3702 3177 βασιλείας

2039 3178 2086 3239 C
2116 3196 2361 3265 ἐγίγνετο
2389 3196 2639 3268 πάροδος.

2186 3287 2283 3340 lE'.
2319 3288 2453 3339 Κατ’
2484 3286 2627 3357 ἴχνος
2683 3286 2816 3357 δῆτα
2868 3284 2946 3356 τῷ
2981 3285 3226 3357 Σελεύκῳ
3258 3287 3577 3355 Θεόδουλος,
3615 3308 3700 3343 σεο

2118 3378 2247 3449 μνός
2276 3395 2360 3441 τις
2391 3379 2485 3431 καὶ
2500 3378 2755 3448 θεοσεΰὴς
2787 3377 2988 3449 παρῄει
3017 3379 3343 3451 πρεσϐύτης,
3374 3381 3479 3449 τῆς
3500 3383 3704 3451 ἠγεμο-

2118 3471 2275 3541 νικῆς
2302 3471 2542 3535 οἰκετίας
2572 3471 2793 3542 πρώτης
2833 3473 2997 3543 τιμῆς
3024 3470 3321 3541 ἠξιωμένος
3352 3474 3579 3543 τρόπων
3613 3476 3703 3528 καὶ

2115 3562 2327 3635 ἡλικίας
2368 3563 2560 3615 ἕνεκα·
2610 3562 2703 3614 καὶ
2741 3562 2827 3616 διὰ
2863 3564 2921 3616 τὸ
2956 3564 3254 3635 τριγονείας
3285 3564 3449 3616 αὐτὸν
3490 3567 3703 3637 πατέρα

2117 3655 2464 3720 καθεστάναι,
2509 3655 2604 3708 καὶ
2636 3655 2713 3708 ἔτι
2757 3655 2957 3727 μᾶλλον
2982 3656 3048 3708 δι’
3093 3658 3160 3726 ἢν
3192 3656 3362 3709 ἔσωσε
3410 3659 3545 3728 περὶ
3581 3661 3700 3719 τοὺς

2116 3747 2414 3817 κηδεμόνας
2448 3745 2657 3799 εὔνοιαν
2676 3763 2691 3776 ’
2722 3745 2782 3798 τὸ
2814 3746 3193 3818 παραπλήσιον
3225 3746 3288 3815 δὴ
3336 3746 3417 3816 τῷ
3451 3748 3702 3815 Σελεύκῳ

2114 3839 2207 3891 καὶ
2247 3832 2399 3901 οὗτος
2431 3837 2902 3909 διαπραξάμενος,
2948 3839 3041 3890 καί
3084 3855 3233 3900 τινας
3257 3837 3366 3889 τῶν
3401 3840 3700 3909 μαρτύρων

2115 3930 2501 4000 ἀσπασάμενος
2564 3928 2848 3999 φιλήματι,
2903 3930 3232 3999 προσάγεται
3286 3928 3365 3998 τῷ
3423 3930 3697 4002 δεσπότῃ,

2120 4020 2317 4091 μᾶλλον
2359 4020 2546 4073 ἑαυτὸν
2582 4020 2706 4090 (Ῐσ.
2729 4020 2783 4073 δὲ
2813 4020 3012 4091 αὐτόν)
3048 4019 3156 4072 τῶν
3197 4019 3370 4073 ἀλλων
3402 4021 3495 4072 ἐπ’
3535 4022 3697 4092 ὀργήν

2117 4109 2340 4174 ὸξύνας,
2415 4108 2609 4162 ταυτὸν
2670 4108 2766 4161 τοῦ
2832 4111 3097 4179 σωτηρίου
3162 4110 3468 4181 μαρτυρίου
3532 4111 3695 4174 πάθος

2123 4198 2341 4273 σταυρῷ
2374 4198 2702 4271 παραδοθεὶς
2731 4198 3038 4263 ἀνεδέξατο.

2186 4293 2302 4356 ις’.
2352 4290 2471 4342 Ἐπὶ
2501 4289 2708 4353 τούτοις
2740 4290 2855 4352 ἐνὸς
2885 4290 2961 4342 ἔτι
2994 4289 3294 4353 λείποντος·
3321 4290 3383 4353 ὃς
3408 4292 3508 4343 τὸν
3534 4292 3689 4345 δωδέο

2117 4397 2280 4434 κατον
2317 4379 2734 4450 ἀποπληρώσειε
2780 4382 2892 4443 τοῖς
2937 4381 3242 4451 εἰρημένοις
3283 4381 3525 4450 ἀριθμὸν
3574 4384 3693 4435 Ἰου-

2116 4472 2294 4535 λιανὸς
2325 4472 2506 4542 παρῆν
2547 4471 2734 4523 τοῦτον
2781 4470 3207 4542 ἁποπληρώσων.
3267 4472 3357 4537 Ἐξ
3398 4474 3695 4544 ἀριδημίας

2116 4560 2270 4628 οὗτος
2310 4566 2477 4633 αὐτῆς
2519 4564 2666 4635 ὥρας
2710 4564 3055 4635 ἀφικόμενος,
3096 4565 3229 4634 μηδέ
3262 4565 3540 4619 εἰσϐαλὼν
3584 4584 3693 4628 πως

2115 4662 2178 4728 τῇ
2216 4657 2387 4720 πόλει,
2428 4656 2589 4718 εὐθὺς
2619 4656 2695 4719 ὡς
2723 4653 3003 4727 εἶχεν-ἀπὸ
3026 4656 3123 4725 τῆς
3148 4655 3291 4720 ὀδοῦ,
3320 4656 3514 4725 μαθὼν
3550 4664 3692 4727 παρὰ

2114 4747 2207 4800 τοῦ
2230 4745 2584 4818 [γενομένου]
2614 4748 2706 4799 καὶ
2733 4748 2980 4818 ὁρμήσας
3018 4749 3109 4799 ἐπὶ
3136 4746 3233 4817 τὴν
3263 4745 3372 4798 τῶν
3400 4750 3694 4818 μαρτύρων

2116 4839 2263 4903 θέαν,
2294 4839 2369 4901 ὡς
2403 4838 2494 4890 ἐπὶ
2528 4839 2624 4908 τῆς
2651 4839 2754 4909 γῆς
2782 4838 2953 4909 χαμαὶ
2984 4838 3212 4908 κείμενα
3236 4836 3305 4889 τά
3343 4838 3452 4889 τῶν
3489 4839 3693 4909 μοιρτύ⁴

2116 4947 2225 5001 ρων
2275 4928 2536 4983 ἐθεάσατο
2585 4929 2832 4999 σώματα,
2890 4930 3066 4999 χαρᾶς
3124 4928 3373 4998 ἔμπλεως
3428 4930 3690 4998 γεγονὼς.

2116 5024 2331 5093 ἑκάστῳ
2368 5022 2775 5093 περιπλέκεται,
2812 5024 3071 5094 φιλήματι
3111 5024 3234 5085 τοὺς
3266 5022 3475 5084 πάντας
3518 5025 3693 5076 ἀσπα-

2117 5116 2361 5186 ζόμενος.
2415 5117 2534 5169 Ἔτι
2587 5115 2644 5169 δὲ
2687 5116 2843 5169 τοῦτο
2884 5116 3190 5185 πράττοντα
3239 5114 3600 5179 συλλαϐόντες
3644 5116 3690 5167 oi

2114 5201 2226 5255 τῶν
2268 5202 2441 5271 φόνων
2481 5204 2715 5257 διάκονοι
2765 5204 3096 5276 προσάγουσι
3125 5203 3201 5273 τῷ
3236 5204 3478 5274 ἄρχοντι.
3538 5205 3597 5258 Ὁ
3636 5205 3690 5258 δί

2118 5294 2387 5348 ἀκόλουθα
2424 5298 2489 5365 τῇ
2527 5297 2839 5368 προαιρέσει
2885 5298 3085 5361 τελῶν,
3120 5297 3314 5367 μακρῷ
3356 5298 3451 5350 καὶ
3505 5300 3691 5353 τοῦτον

2118 5386 2253 5458 πυρὶ
2282 5386 2661 5457 παραδίδωσιν.
2708 5387 2866 5441 Οὕτω
2908 5388 3045 5459 δῆτα
3074 5390 3168 5442 καὶ
3222 5389 3509 5454 Ἰουλιανὸς
3542 5406 3690 5458 σκιρ-

2115 5562 2233 5640 neri
2256 5564 2448 5640 debeat
2471 5583 2492 5640 _:
2528 5572 2689 5634 atque
2719 5566 2773 5621 id
2812 5566 2902 5640 hic
2934 5567 3040 5621 dici
3064 5568 3225 5623 credo
3254 5570 3563 5640 τριγονείας
3589 5586 3685 5621 πα-

2114 5634 2279 5708 τέρα-ε
2306 5633 2554 5689 Valesius
2576 5633 2769 5708 tamen
2803 5638 2960 5692 aliter
2988 5640 3167 5697 vertit,
3204 5633 3551 5708 quod'tertia’
3569 5640 3680 5706 jam

2113 5705 2541 5847 :ggéizgi‘igpotes,
2563 5706 2770 5762 haberet
2799 5725 2819 5762 :
2849 5709 2942 5765 sed
2984 5708 3088 5765 hoc
3132 5705 3388 5764 Straboni
3431 5705 3683 5764 scribitur
