3922 6510
278 364 423 419 ικιθ

1422 362 1790 420 Εχροδιτιο
1826 362 1892 417 ΙΝ
1931 363 2088 420 ACT.
2129 362 2376 421 APOST.

3378 372 3521 429 {530

271 478 388 532 τῶν
428 477 522 532 καὶ
566 478 997 550 ὐπεραλλόμενος
1030 478 1241 552 μεγάλῃ
1275 480 1341 550 τῇ
1380 483 1553 550 φωνῇ,
1582 480 1659 551 τῷ
1699 480 1840 551 τηλι·

1954 497 2124 550 genus
2166 498 2236 537 ex
2276 484 2651 554 Cappadocia;
2701 484 2880 554 quoad
2927 499 3109 542 mores
3145 500 3277 543 vero
3322 486 3515 557 plenus

273 571 488 624 κούτων
516 570 676 624 αὐτὸν
709 569 926 639 ἀγαθῶν
949 570 1239 634 ἀξιώσαντι
1262 570 1380 640 Θεῷ
1410 572 1637 643 χάριτας
1663 571 1853 642 ὁμολο-

1954 571 2151 641 pietate
2180 587 2243 627 ac
2266 572 2459 642 plenus
2489 573 2613 639 ﬁde,
2646 575 2729 628 vir
2766 586 3083 631 mansuetus
3118 585 3281 647 atque
3310 578 3515 634 discre—

272 661 415 731 γῶν,
449 662 741 733 μαρτύρων
780 664 837 715 ὲν
863 664 1041 733 χοροῖς
1072 661 1491 731 ἀνελαμϐἀνετο.
1528 658 1635 714 Ἦν
1662 661 1718 713 δὲ
1760 662 1840 715 καῚ

1954 673 2065 731 tus,
2098 666 2376 721 studiosus
2416 667 2470 720 in
2515 666 2787 732 omnibus,
2835 676 2890 722 et
2924 665 3160 738 Spiritus
3189 670 3359 724 sancti
3382 686 3513 726 sua-

272 746 455 817 οῦτος,
483 752 543 805 τὸ
578 753 675 823 μὲν
702 752 857 821 γένος
881 754 977 822 τῆς
1002 752 1405 814 Καππαδοκῶν,
1436 752 1525 805 τὸν
1552 752 1608 805 δὲ
1634 752 1850 825 τρόπον,

1957 756 2123 811 vitate
2152 756 2424 819 redolens,
2460 772 2633 827 eoque
2660 758 2855 828 dignus
2882 757 3058 815 factus
3093 759 3187 813 tali
3208 775 3335 816 cum
3357 760 3514 817 beato

274 846 497 917 πλήρης
532 845 630 917 μὲν
673 845 990 908 εὐλαϐείας,
1037 845 1249 915 πλήρης
1295 844 1350 895 δὲ
1395 843 1649 907 πίστεως,
1684 846 1840 915 πρᾷος

1957 844 2243 916 Pamphilo
2268 847 2449 903 exitus
2472 848 2799 918 martyrialis
2829 863 3052 904 corona.

273 940 420 1012 ἀνὴρ
444 942 538 995 καὶ
565 943 810 1011 ἐπιεικής
831 958 843 969 ’
871 940 941 993 τά
962 958 1022 992 τε
1049 939 1183 993 ἄλλα
1213 938 1516 1001 σπουδαῖος,
1571 938 1664 990 καὶ
1695 938 1871 991 πνέων
1905 941 2133 1005 εὐωδίας
2159 943 2315 1011 ἁγίου
2367 942 2699 1013 Πνεύματος,
2752 942 3000 998 τοσοῦτον
3034 944 3280 1009 συνοδίας
3322 947 3513 1015 στέφος

279 1037 379 1089 σὺν
405 1034 482 1105 τῷ
513 1036 764 1105 μακαρίῳ
792 1033 1058 1103 Παμφίλῳ
1086 1031 1182 1101 τῆς
1210 1030 1303 1083 τοῦ
1332 1028 1627 1100 μαρτυρίου
1660 1029 1964 1093 τελεώσεως
1995 1032 2217 1105 ἠξιώθη.

352 1131 450 1181 1Ζ’.
498 1127 619 1179 Ἐπὶ
644 1126 905 1197 τέτταρας
931 1125 994 1195 δὴ
1018 1124 1231 1195 ἡμέρας
1266 1121 1531 1185 τοσαύτας
1562 1139 1621 1174 τε
1652 1120 1851 1184 νύκτας

279 1219 573 1291 προστάξει
607 1218 702 1272 τοῦ
729 1217 1077 1289 Φιρμιλιανοῦ
1117 1216 1183 1269 τὰ
1216 1213 1454 1281 πανάγια
1487 1211 1714 1283 σώματα
1742 1212 1849 1265 τῶν

250 1313 375 1366 τοῦ
408 1311 541 1365 Θεοῦ
592 1310 880 1381 μαρτύρων
924 1309 1053 1382 βορὰ
1099 1310 1209 1369 τοῖς
1255 1306 1607 1377 σαρκοὸόροις
1643 1305 1850 1377 θηρίοις

276 1399 535 1465 ἐξέκειτο.
577 1400 665 1461 Ὠς
707 1399 762 1451 δὲ
805 1399 955 1452 οὐδὲν
998 1400 1178 1461 αὐτοῖς
1210 1397 1456 1469 προσῄει,
1490 1397 1549 1448 οὐ
1595 1395 1719 1467 θὴρ,
1749 1396 1850 1448 οὐκ

228 1532 231 1533 ν
274 1490 486 1561 ὄρνεον,
518 1491 579 1543 οὐ
607 1490 773 1553 κύων,
800 1490 858 1556 ἐξ
888 1488 1195 1558 οἰκονομίας
1232 1488 1386 1549 Θεοῦ,
1420 1485 1705 1555 λειφθέντα
1738 1486 1849 1538 σῶα

278 1582 376 1635 καὶ
403 1580 631 1651 ἀϐλαϐῆ,
666 1581 766 1650 τῆς
795 1580 1175 1652 προσηκούσης
1202 1579 1368 1648 τιμῆς
1397 1579 1489 1631 καὶ
1510 1577 1730 1647 κηδείας
1753 1576 1847 1630 λα·-

277 1673 465 1743 χόντα,
510 1676 575 1744 τῇ
613 1673 830 1743 συνήθει
878 1674 1143 1744 παρεδόθη
1177 1673 1344 1742 ταφῇ,
1375 1670 1517 1725 ναῶν
1544 1671 1711 1732 οῑκοις
1744 1686 1844 1721 πε-

278 1763 561 1834 ρικαλλέσι
589 1764 937 1825 ἀποτεθέντα,
980 1767 1037 1818 ἐν
1082 1766 1245 1833 ἱεροῖς
1280 1779 1339 1815 τε
1374 1757 1841 1833 προσευκτηρίοις,

2025 1123 2189 1180 XVII.
2230 1123 2585 1182 Sanctissima
2624 1140 2813 1179 eorum
2853 1139 3101 1195 corpora,
3145 1126 3213 1180 de
3261 1127 3512 1182 mandan

1954 1212 2274 1281 Firmiliani,
2314 1232 2411 1285 per
2444 1215 2561 1269 dies
2600 1224 2834 1283 quatuor
2862 1212 3189 1282 totidemque
3220 1222 3405 1267 noctes
3425 1214 3509 1283 ja-

1954 1317 2204 1371 cuerunt,
2239 1306 2476 1362 ferarum
2523 1306 2928 1363 carnivorarum
2968 1304 3220 1360 dentibus
3247 1307 3508 1374 exposita.

1950 1397 2088 1453 Cum
2110 1413 2238 1453 vero
2261 1399 2406 1452 nulla
2442 1412 2615 1468 neque
2639 1396 2752 1452 fera
2776 1411 2952 1466 neque
2980 1395 3219 1450 volucris
3248 1404 3341 1449 aut
3363 1398 3511 1450 canis

1951 1492 2262 1560 quisquam,
2307 1504 2404 1559 per
2452 1488 2547 1543 Dei
2583 1487 3014 1559 dispositionem,
3043 1502 3106 1541 ea
3140 1486 3508 1558 contingeret;

1950 1583 2160 1650 integra
2198 1581 2287 1635 illa
2323 1589 2485 1650 atque
2509 1579 2712 1635 intacta
2738 1579 2947 1643 relicta,
2982 1592 3223 1649 congruo
3251 1593 3375 1633 cum
3415 1578 3512 1633 bo-

1952 1687 2084 1726 nore
2123 1681 2178 1727 et
2210 1688 2361 1735 cura,
2405 1680 2681 1727 consuetae
2711 1672 3004 1741 sepulturae
3030 1679 3157 1725 sunt
3182 1671 3398 1735 tradita,
3426 1685 3512 1725 re-

1953 1764 2240 1833 positaque
2263 1764 2374 1834 (42)
2410 1763 2464 1818 in
2500 1762 2697 1819 aedium
2739 1777 3017 1818 sacrarum
3050 1762 3427 1831 pulcherrimis
3459 1772 3512 1815 rt

278 1857 360 1919 είς
390 1855 649 1927 ἄλληκτον
678 1858 896 1927 μνήμην
923 1856 1000 1925 τῷ
1024 1856 1113 1908 τοῦ
1144 1854 1277 1907 Θεοῦ
1313 1853 1425 1925 λαῷ
1451 1853 1717 1925 τιμᾶσθαι
1746 1870 1840 1905 πα-

1951 1853 2202 1907 oratoriis
2246 1853 2471 1917 sanctis,
2510 1852 2565 1907 in
2589 1860 2917 1923 perpetuam
2951 1852 3269 1906 memoriam
3298 1851 3390 1905 Dei
3415 1868 3512 1921 po—

279 1948 624 2019 ραδεδομένα.

350 2124 461 2195 (42)
504 2124 663 2179 Deest
679 2125 791 2179 haec
811 2124 1054 2179 clausula
1080 2124 1133 2177 in
1165 2122 1404 2195 Historia
1428 2138 1446 2195 ς
1469 2137 1633 2195 quam
1659 2130 1839 2195 tamen

280 2190 513 2249 Eusebio
539 2196 851 2264 abjudicare
877 2195 1009 2247 nihil
1033 2208 1130 2264 nos
1159 2194 1321 2262 cogit,
1355 2193 1447 2261 qui
1481 2191 1655 2264 Vitam
1680 2190 1844 2243 Pam-

276 2266 407 2333 phili
439 2281 589 2334 teque
609 2262 677 2320 ac
701 2264 995 2317 Historiam
1019 2263 1426 2334 ecclesiasticam
1453 2262 1839 2334 scrjpsit._cum

272 2330 387 2404 jam
419 2330 808 2391 Constantinus
844 2334 961 2406 lege
1001 2334 1107 2387 lata
1146 2332 1485 2402 permisisset
1516 2330 1842 2386 Christianis

1958 1944 2086 2013 pulo
2114 1943 2183 1998 ad
2208 1944 2474 1999 honorem
2505 1943 2651 1998 data.

1946 2121 2302 2190 sacrasaades
2336 2120 2588 2183 condere,
2628 2128 2683 2175 et
2712 2127 3013 2190 martyrum
3054 2118 3390 2190 corporapeis
3422 2118 3507 2171 in-

1943 2190 2105 2245 ferre.
2135 2189 2191 2244 Si
2225 2191 2349 2259 quis
2376 2200 2559 2244 tamen
2603 2190 2757 2244 malit
2798 2188 2910 2244 haec
2942 2190 3012 2244 ab
3041 2188 3357 2244 alio’addita
3386 2201 3509 2243 cre-

1941 2262 2089 2327 dere,
2121 2262 2285 2315 nolim
2311 2261 2358 2315 ei
2390 2260 2672 2330 operosius
2697 2259 3087 2315 contradicere.

3094 2542 3480 2555 __——-———_

1414 2707 1622 2832 ΕΚ
1645 2701 2140 2834 ΘΕΣΙΣ
2201 2686 2325 2764 (⁸⁸³)

692 2948 1334 3039 ΚΕΦΑΛΑΙΩΝ
1369 2945 1594 3032 ΤΩΝ
1648 2931 2170 3029 ΠΡΑΞΕΩΝ
2224 2940 2447 3026 ΤΟΥ
2498 2937 3095 3026 ΠΑΜΦΙΛΟΥ

1254 3304 1775 3417 SANCTI
1885 3295 2564 3413 PAMPHILI

1697 3523 1814 3584 MA
1824 3519 2111 3582 RTYRIS

468 3707 1131 3807 EXPOSI'I‘IO
1204 3706 1734 3800 CAPITUM
1826 3698 2308 3793 ACTUUM
2379 3686 3313 3789 APOSTOLORUM.

1244 3897 1534 3967 Interprete
1576 3896 1638 3951 V.
1673 3895 1733 3951 C.
1777 3894 2049 3949 Bernardo
2075 3893 2138 3946 de
2171 3890 2533 3959 .llonlfaucon.

358 4221 454 4274 Ἐκ
484 4215 740 4287 Πατέρων
782 4214 945 4285 ἡμεῖς
989 4212 1083 4265 καὶ
1127 4205 1457 4262 διδασκάλων
1496 4205 1587 4258 τὸν
1635 4204 1834 4274 τρόπον

2007 4199 2181 4266 Quam
2232 4212 2260 4250 a
2312 4195 2564 4251 Patribus
2611 4203 2663 4249 et
2703 4192 3017 4248 doctoribus
3048 4189 3233 4244 utilem
3268 4186 3497 4243 formam

278 4314 373 4369 καὶ
417 4312 506 4366 τὸν
557 4309 723 4362 τύπον
771 4302 1127 4374 ὡφελημένοι,
1185 4298 1537 4372 ἐγχειροῦμεν
1606 4294 1838 4365 μετρίως

278 4406 403 4477 τῇδε
444 4401 551 4456 τῶν
591 4397 895 4467 κεφαλαίων
923 4392 1154 4454 ἐκθέσει,
1188 4390 1461 4450 αἰτοῦντες
1511 4382 1838 4452 συγγνώμην

281 4474 605 4567 στροπετείας
636 4490 796 4561 ἡμεῖς
834 4489 881 4539 οἱ
910 4484 1017 4537 νέοι
1042 4483 1217 4554 χρόνῳ
1244 4499 1302 4534 τε
1326 4480 1435 4554 (44)
1460 4477 1554 4530 καὶ
1584 4474 1837 4567 μαθημα--

278 4564 402 4651 των,
426 4584 650 4638 ἑκάστου
670 4580 775 4633 τῶν
799 4573 1272 4644 ἀναγινωσκόντων
1288 4572 1417 4641 εὐχῇ
1443 4570 1506 4639 τῇ
1526 4566 1665 4637 ὑπὲρ
1684 4564 1838 4635 ἡμῶν

423 4672 835 4747 συμπεριφορὰν
888 4666 1257 4738 κομιζόμενοι.
1342 4658 1699 4729 Ἐκτιθέμεθα
1746 4654 1837 4711 οῦν

281 4772 446 4842 αὐτὴν
472 4768 591 4822 καθ’
619 4765 855 4837 ἱστορίαν
879 4761 1060 4815 Λουκᾶ
1085 4752 1461 4825 εὐαγγελιστοῦ
1486 4754 1579 4805 καὶ
1609 4769 1839 4823 συγγρα-

280 4864 440 4934 φέως.
472 4856 767 4931 Τοιγαροῦν
794 4853 879 4907 διὰ.
905 4852 1000 4923 μὲν
1031 4849 1125 4903 τοῦ
1150 4850 1292 4916 ἄλφα
1320 4845 1414 4899 καὶ
1441 4844 1575 4915 βῆτα
1604 4842 1714 4934 (dii)
1742 4844 1838 4934 αὐ-

274 4932 466 5023 τοτελῆ
493 4952 562 5006 τὰ
593 4948 879 5018 κεφάλαια,
914 4943 1001 4995 διὰ
1035 4942 1091 4995 δὲ
1118 4940 1211 4993 τοῦ
1236 4937 1559 5006 ἁστερίσκου
1594 4932 1707 5003 (ιδ)
1741 4933 1839 4996 τὰς

280 5048 336 5102 ὲν
362 5046 516 5118 μέρει
548 5041 750 5097 τούτων
782 5035 1040 5108 ἐχομένας
1069 5029 1464 5101 ὐποδιαιρέσεις
1500 5025 1837 5096 ὲσημειωσά-

284 5136 439 5209 μεθα.

348 5269 461 5337 (45)
502 5265 653 5320 Hanc
672 5264 883 5318 ἔκθεσιν
904 5258 1005 5337 suh
1029 5254 1269 5337 Euthalii
1299 5245 1839 5337 sulcensjisepisc‘opi

279 5316 805 5395 nomine—desinente
835 5330 1031 5385 s:eculo
1063 5325 1398 5395 prrecedente
1428 5320 1669 5375 ediderat
1694 5316 1837 5368 Lau-

279 5393 485 5464 rentius
514 5405 815 5471 Zacagnius
834 5403 898 5471 in
934 5393 1247 5471 collectione
1278 5393 1734 5471 b'l‘onumentoryn
1764 5400 1841 5438 υεο

280 5456 783 5545 ἱὲἑᾶἑιῐῙιξιὲῗῐὲεῐ
812 5470 997 5545 Romae
1023 5467 1258 5545 νιιιεειε·
1297 5462 1468 5545 νετηο
1493 5456 1840 5545 ,Μρηιπεξςξςρς

1941 4301 1995 4345 et
2026 4291 2243 4345 modum
2289 4287 2627 4356 accepimus,
2673 4285 2724 4337 in
2762 4284 2862 4337 hac
2894 4282 3129 4351 capitum
3164 4280 3503 4349 expositione

1942 4398 2039 4451 pro
2086 4380 2308 4435 modulo
2361 4386 2547 4433 nostro
2595 4376 2882 4437 tradimus.
2938 4374 3257 4429 temeritatis
3304 4381 3503 4426 nostra:

1940 4474 2155 4529 veniam
2178 4482 2432 4541 rogantes
2458 4484 2581 4533 nos,
2609 4469 2702 4538 qui
2721 4477 2774 4522 et
2798 4466 2978 4536 quoad
3008 4474 3222 4519 aetatem
3246 4472 3299 4518 et
3320 4463 3499 4533 quoad

1940 4565 2241 4619 doctrinam
2283 4563 2507 4633 juvenes
2554 4576 2766 4625 sumus,
2807 4558 3008 4628 quique
3048 4571 3115 4611 ex
3161 4554 3496 4623 singulorum

1940 4655 2033 4723 qui
2069 4655 2184 4707 hare
2220 4653 2397 4722 legent
2430 4651 2702 4720 precibus,
2738 4647 3022 4701 utilitatem
3066 4644 3306 4712 undique
3343 4643 3499 4697 colli-

1940 4758 2148 4815 gemus.
2183 4741 2335 4796 Hanc
2357 4741 2518 4811 igitur
2539 4736 2933 4807 expositionem
2955 4732 3183 4787 facimus
3198 4730 3498 4786 secundum

1940 4835 2222 4891 historiam
2252 4832 2413 4887 Lucae
2441 4829 2785 4897 evangelista:
2810 4834 2865 4880 et
2892 4822 3191 4893 scriptoris.
3217 4821 3320 4877 Per
3338 4822 3499 4891 alpha

1940 4931 2122 4998 itaque
2154 4936 2207 4980 et
2242 4926 2355 4978 beta
2388 4923 2595 4991 integra
2621 4919 2829 4988 capita;
2857 4932 2953 4987 per
2982 4916 3301 4971 asteriscum
3328 4928 3457 4968 vero
3482 4919 3497 4935 '

1940 5032 2127 5074 eorum
2163 5016 2218 5069 in
2254 5022 2438 5084 partes
2474 5008 2868 5066 subdivisiones
2895 5007 3295 5063 adnotavimus.

2010 5239 2121 5310 (45)
2162 5237 2263 5304 ld.,
2296 5236 2385 5289 διὰ
2412 5235 2509 5307 μὲν
2539 5233 2632 5287 τοῦ
2669 5232 2960 5302 μέλανος...
2990 5227 3078 5280 διὰ
3109 5227 3165 5279 δὲ
3190 5224 3284 5278 τοῦ
3319 5241 3495 5278 κιννα-

1941 5310 2555 5449 6d[6:55;iﬁsteriseorum
2602 5370 2911 5449 huiusmodi
2955 5377 3097 5422 nota:
3142 5365 3359 5449 penitus
3401 5365 3498 5447 al}-

1939 5436 2068 5505 sunt
2094 5436 2125 5501 ἐι
2155 5446 2490 5501 Coisliniano
2520 5436 2726 5503 codice,
2764 5441 2906 5494 unde
2934 5438 3255 5506 opusculum
3289 5436 3495 5489 deseri—

280 5505 1322 5606 3311331157.?»5'335Jiﬁ'éiin}"nifuﬁ‘i'n;
1343 5505 1840 5593 cuius
1872 5552 1914 5606 D
1942 5522 2153 5606 psimus
2177 5518 2341 5606 :Iquia
2361 5514 2781 5606 asteriscihquos-
3142 5505 3494 5606 init‘ipaasczi.-
3561 5571 3574 5584 ο

280 5616 871 5688 proindc_collationem
908 5610 996 5662 hic
1025 5604 1363 5688 subiicimnus.
1388 5670 1401 5688 Ι
1511 5685 1517 5688 Δ
1545 5668 1667 5688 -Μ,
1693 5664 1705 5681 .
1725 5662 1795 5688 ur

278 5670 457 5811 ἔξω)
500 5686 737 5751 Euthal.,
762 5681 965 5754 χρόνων
988 5694 1047 5729 τε
1072 5670 1163 5729 καὶ
1182 5670 1519 5745 μαθημάτων
1541 5670 1667 5738 παρ’
1686 5670 1836 5735 ὑμῶν

308 5774 339 5809 κ
382 5774 530 5813 στου.

1944 5574 2145 5659 pSerat.
2193 5574 2548 5659 librariorum
2587 5574 2870 5659 oscitantia
3163 5574 3495 5659 exciderant.

1948 5647 2050 5713 Sed
2093 5647 2374 5711 commode
2409 5654 2651 5719 contigit,
2692 5661 2750 5704 ut
2793 5647 3029 5718 suppleri
3065 5647 3138 5701 illi
3172 5647 3441 5717 potuerint
3465 5658 3499 5697 ο

1944 5726 2128 5785 codice
2154 5723 2429 5781 Vaticano.
2461 5723 2841 5777 Momm-sucos.
2866 5786 2871 5789 ν
