3922 6498
388 348 516 404 1551

355 518 510 629 ‘post
540 563 1031 629 resurrectionem)
1060 570 1114 615 et
1142 562 1207 615 de
1254 561 1589 629 apparitione
1635 560 1701 613 ad
1742 570 1959 628 apostoc

386 654 489 718 los,
549 655 723 725 deque
775 656 1139 724 promissione
1188 654 1317 707 doni
1365 652 1599 722 Spiritus
1641 653 1847 719 sancti;
1893 655 1959 707 de

386 746 571 815 specie
602 754 654 799 et
681 747 844 801 modo
870 746 1264 816 assumptionis
1295 744 1517 798 Christi.

464 836 527 891 ll.
569 836 713 891 Petri
757 839 1009 909 dialogus
1048 838 1113 891 ad
1154 836 1449 906 discipulos
1486 838 1551 891 de
1587 845 1758 891 morte
1792 846 1845 891 et
1875 852 1959 890 re-

390 927 710 995 probatione
739 926 924 995 Judte;
961 928 1051 982 ubi
1085 938 1136 983 et
1168 928 1234 982 de
1267 929 1611 996 cooptatione
1633 928 1868 984 Matthiae
1902 929 1955 983 in

390 1020 508 1086 ejus
534 1019 735 1085 locum,
771 1020 861 1090 qui
892 1030 1037 1077 sorte
1063 1023 1268 1077 electus
1289 1034 1371 1078 est
1396 1026 1567 1095 gratia
1592 1023 1684 1079 Dei
1713 1040 1809 1095 per
1838 1040 1956 1079 ora.

390 1112 615 1165 tionem.

460 1202 547 1257 III.
591 1202 666 1258 De
697 1202 882 1259 divino
908 1206 1081 1260 sancti
1118 1204 1355 1277 Spiritus
1386 1209 1618 1264 adventu
1649 1208 1715 1263 ad
1741 1223 1835 1263 eos
1863 1209 1955 1278 qui

390 1296 754 1363 crediderant,
803 1298 857 1351 in
902 1298 989 1352 die
1032 1297 1412 1368 Pentecostes;
1449 1302 1537 1355 ubi
1574 1311 1626 1356 et
1646 1300 1789 1357 Petri
1820 1310 1959 1356 cate-

389 1390 591 1456 cliesis,
627 1401 680 1445 et
716 1391 836 1446 loca
876 1408 939 1445 ex
974 1393 1256 1462 prophetis
1291 1394 1357 1448 de
1390 1396 1663 1464 passione,
1709 1410 1957 1449 resurre-

388 1482 569 1537 ctione
602 1492 656 1538 et
687 1483 1058 1553 assumptione
1094 1483 1335 1550 Christi;
1376 1486 1443 1539 de
1480 1485 1624 1540 dono
1662 1486 1788 1540 item
1834 1486 1957 1555 Spi-

387 1577 528 1631 ritus
558 1577 751 1632 sancti.
784 1575 859 1629 De
899 1575 1003 1630 ﬁde
1034 1579 1379 1645 praisentium
1423 1586 1475 1631 et
1505 1578 1571 1633 de
1607 1580 1781 1633 salute
1813 1580 1957 1649 ipso.

387 1684 507 1722 tum
571 1684 668 1738 per
725 1667 1077 1735 baptismum.
1142 1670 1217 1724 De
1274 1670 1566 1724 concordia
1620 1670 1738 1724 utili
1791 1680 1843 1724 et
1890 1670 1957 1724 de

387 1760 723 1815 incremento
754 1758 1015 1815 ﬁdelium.

459 1935 549 1990 1V.
591 1935 667 1991 De
717 1936 1000 1992 curatione
1052 1937 1107 1991 in
1159 1937 1378 1992 Christo
1429 1937 1549 2007 ejus
1602 1937 1696 2007 qui
1735 1937 1803 1992 ab
1836 1947 1959 1992 ortu

389 2029 617 2084 claudus
665 2037 799 2083 erat.
847 2028 922 2084 De
973 2028 1121 2084 Petri
1175 2028 1465 2094 eatechesi,
1524 2029 1614 2083 ubi
1663 2029 1956 2100 redarguit,

390 2121 721 2190 compatitur
757 2129 811 2175 et
842 2120 911 2175 ad
940 2122 1174 2177 salutem
1209 2121 1302 2176 dat
1322 2121 1569 2176 consilia.
1597 2120 1736 2176 Hinc
1763 2124 1961 2177 adven-

388 2222 477 2266 tus
508 2211 851 2266 sacerdotum
886 2228 953 2266 ex
985 2213 1063 2267 rei
1095 2225 1258 2284 gesta:
1291 2213 1482 2277 livore,
1518 2220 1571 2265 et
1600 2212 1863 2280 judicium
1894 2212 1960 2266 de

389 2304 675 2367 miraculo,
704 2302 958 2375 Petrique
986 2303 1260 2360 confessio
1296 2306 1442 2359 circa
1472 2302 1678 2358 Christi
1705 2306 1956 2361 virtutem

387 2406 442 2451 et
473 2390 722 2467 gratiam.
776 2395 851 2451 De
900 2396 1191 2451 incredulis
1225 2398 1566 2451 sacerdotum
1600 2398 1957 2468 principibus,

388 2489 828 2559 praecipientibus
858 2504 967 2541 non
998 2498 1247 2558 oportere
1272 2489 1323 2542 in
1352 2490 1572 2545 nomine
1594 2490 1797 2545 Christi
1828 2506 1959 2546 con-

388 2580 617 2635 ﬁdenter
641 2596 820 2652 agere,
854 2589 907 2634 et
936 2580 1002 2635 de
1025 2580 1375 2635 renovatione
1405 2582 1795 2651 apostolorum.
1824 2584 1959 2637 Gra-

389 2674 590 2727 tiarum
618 2673 761 2727 actio
787 2671 1042 2727 Ecclesia:
1075 2688 1173 2743 pro
1206 2673 1347 2727 lideli
1371 2674 1741 2743 apostolorum
1771 2691 1956 2744 perse«

387 2766 655 2821 verantia.

460 2856 525 2912 ν.
568 2856 644 2912 De
676 2857 922 2911 unanimi
984 2866 1038 2912 et
1071 2857 1350 2912 communi
1382 2872 1652 2912 consensu
1678 2856 1954 2925 ﬁdelium;

389 2947 482 3003 ubi
525 2948 591 3003 de
637 2947 848 3001 Anania
899 2961 951 3003 et
991 2946 1277 3018 Sapphira,
1316 2962 1380 3003 ac
1421 2948 1489 3003 de
1532 2948 1727 3003 acerba
1765 2964 1954 3005 eorum

386 3049 582 3095 morte.

461 3131 547 3188 Vl.
590 3130 746 3198 Quod
778 3131 1055 3201 apostolos
1086 3131 1139 3185 in
1176 3146 1451 3186 carcerem
1484 3132 1759 3204 conjectos
1791 3149 1954 3205 ange—

386 3224 472 3279 lus
501 3223 713 3279 Domini
747 3232 911 3278 noctu
953 3223 1221 3287 eduxerit,
1254 3223 1573 3293 praecipiens
1607 3233 1667 3279 ut
1705 3224 1822 3280 sine
1854 3226 1956 3279 im-

388 3317 695 3386 pedimento
718 3314 905 3370 Jesum
926 3316 1300 3385 praedicarent.
1328 3314 1465 3370 llinc
1485 3317 1632 3386 quod
1654 3318 1957 3388 insequenti

387 3411 472 3464 die
496 3410 835 3464 sacerdotum
868 3411 1141 3479 principes
1169 3411 1315 3478 ipsos
1352 3426 1571 3465 rursum
1604 3415 1959 3481 comprehen-

388 3517 500 3567 sos,
526 3513 583 3556 ut
604 3517 714 3556 non
739 3503 877 3556 ultra
900 3502 1415 3574 docerent,ﬂagcllis
1437 3518 1607 3557 caesos
1628 3502 1952 3560 dimiserint.

387 3593 701 3649 Gamalielis
756 3610 924 3665 sagax
979 3595 1247 3648 sententia
1304 3594 1447 3649 circa
1502 3598 1781 3665 apostolos
1831 3615 1955 3653 cum

385 3685 649 3753 exemplis
680 3684 1003 3753 quibusdam
1030 3692 1085 3738 et
1110 3684 1685 3740 demonstrationibus.

458 3775 571 3830 VII.
612 3775 686 3829 De
714 3775 1053 3830 ordinatione
1084 3784 1289 3845 septem
1316 3776 1690 3832 diaconorum.

461 3865 595 3921 Vlll.
635 3865 945 3921 Judmorum
976 3867 1270 3922 commotio
1303 3876 1356 3921 et
1384 3870 1734 3939 sycophantia
1766 3882 1954 3926 contra

387 3960 745 4030 Stephanum.
778 3958 982 4014 Concio
1005 3959 1247 4029 ejusdem
1271 3960 1337 4014 de
1362 3969 1685 4016 testamento
1711 3962 1802 4017 Dei
1829 3979 1953 4019 cum

384 4051 697 4105 Ahrahamo
738 4058 792 4104 et
829 4050 1113 4104 duodecim
1146 4050 1504 4118 patriarchis;
1547 4051 1637 4104 ubi
1683 4052 1749 4106 de
1787 4051 1952 4117 fame,

388 4143 645 4196 frumenti
691 4142 986 4212 emptione,
1040 4150 1095 4195 et
1139 4142 1206 4195 de
1262 4141 1387 4196 liliis
1439 4140 1606 4198 Jacub
1650 4159 1711 4198 se
1764 4154 1955 4199 mutuo

385 4233 837 4297 agnoscentibus;
876 4232 943 4286 de
990 4242 1114 4286 ortu
1160 4231 1382 4302 Moysis,
1417 4243 1471 4288 et
1510 4235 1578 4289 de
1616 4236 1957 4305 apparitione

386 4321 479 4375 Dei
515 4321 583 4374 ad
626 4321 862 4390 Moysem
900 4320 1040 4375 facta
1082 4322 1135 4374 in
1186 4334 1369 4377 monte
1414 4322 1575 4388 Sina;
1609 4325 1675 4378 de
1715 4325 1861 4379 exitu
1902 4335 1956 4380 et

384 4415 538 4468 vituli
568 4413 774 4469 fabrica
805 4430 835 4467 a
864 4414 989 4468 ﬁliis
1028 4413 1190 4468 lsrael
1222 4430 1392 4484 usque
1418 4416 1483 4469 ad
1519 4424 1761 4485 tempora
1796 4417 1951 4473 Salo-

1592 347 1647 401 S.
1691 347 1825 401 PAM
1836 346 2013 400 PlllLl
2055 346 2244 402 MART
2257 348 2409 405 YRIS

456 470 497 521 l.
548 468 625 524 De
672 468 923 527 docttina
959 467 1159 522 Christi
1202 483 1267 523 ex
1306 466 1707 521 resurrectione
1757 468 1844 538 (id
1878 478 1955 521 est

2130 470 2206 521 A'.
2251 470 2385 543 Περὶ
2412 470 2510 542 τῆς
2538 470 2596 536 ἐξ
2630 472 2979 534 ἀναστάσεως
3014 469 3360 533 διδασκαλίας
3398 467 3640 539 Χριστοῦ

3500 354 3525 405 ί
3536 350 3642 405 552

2065 561 2157 613 καὶ
2189 562 2450 624 ὀπτασίας
2482 564 2617 634 πρὸς
2652 566 2778 626 τοὺς
2811 564 3075 634 μαθητὰς,
3115 565 3207 616 καὶ
3236 563 3364 632 περὶ
3391 564 3639 628 ἐπαγγε-

2062 652 2180 715 λίας
2206 653 2301 723 τῆς
2330 653 2422 705 τοῦ
2464 654 2620 721 ἁγίου
2676 655 2815 708 Πνεύ
2825 673 2992 725 ματος
3021 655 3231 723 δωρεᾶς
3250 672 3263 683 ·
3293 653 3423 715 θέας
3450 667 3513 703 τε
3546 650 3643 704 καλ

2059 744 2260 814 τρόπου
2290 746 2389 815 τῆς
2426 746 2741 817 ἀναλήψεως
2773 746 2865 799 τοῦ
2900 747 3134 817 Χριστοῦ
3162 746 3294 817 (Π).

2136 836 2209 887 B'.
2236 836 2441 907 Πέτρου
2471 837 2716 906 διάλογος
2739 839 2875 910 πρὸς
2898 841 3023 901 τοὺς
3051 837 3488 909 μαθητευθέντας
3511 839 3643 908 περὶ

2059 927 2287 981 Θανάτου
2315 928 2406 980 καλ⁵
2433 928 2701 999 ἀποϐολῆς
2721 930 2833 1001 (48)
2872 929 3041 981 Ἰούδα
3059 946 3072 957 ·
3093 931 3109 949 ⁸
3127 930 3182 981 tv
3200 922 3244 995 ᾧ
3270 928 3397 999 περὶ
3422 929 3642 980 ἀντεισ-

2058 1020 2278 1089 αγωγῆς
2303 1018 2543 1072 Ματθίου
2569 1019 2938 1091 κληρωθὲντος
2968 1019 3150 1089 χάριτι
3180 1019 3313 1072 Θεοῦ
3345 1019 3434 1072 διὰ
3468 1035 3644 1091 προσ-

2058 1111 2239 1183 ευχῆς.
2938 1100 2943 1103 ’

2129 1204 2203 1256 Γ’.
2240 1204 2375 1276 Περὶ
2409 1203 2558 1268 Θείας
2582 1202 2675 1257 τοῦ
2708 1205 2862 1273 ἁγίου
2895 1205 3210 1275 Πνεύματος
3238 1205 3646 1274 ὲπιφοιτήσεως

2057 1294 2114 1347 tv
2148 1294 2330 1366 ἡμέρᾳ
2360 1296 2761 1367 Πεντηκοστῆς,
2798 1296 3095 1366 γενομένης
3140 1296 3223 1359 είς
3252 1296 3380 1357 τοὺς
3409 1296 3642 1348 πιστεῦ-

2059 1404 2275 1453 σαντας,
2308 1394 2326 1409 ‘
2359 1390 2414 1442 tv
2446 1382 2489 1455 ᾧ
2516 1388 2724 1458 Πέτρου
2760 1388 3084 1457 κατήχησις,
3114 1390 3134 1409 ⁹
3161 1387 3251 1439 καὶ
3276 1387 3405 1457 περὶ
3442 1388 3644 1440 τοῦτον

2056 1481 2121 1532 ὲκ
2150 1480 2256 1533 τῶν
2280 1478 2592 1552 προφητῶν,
2623 1485 2640 1499 ·
2668 1478 2793 1550 περὶ
2816 1479 3017 1542 πάθους
3041 1478 3133 1532 καὶ
3162 1479 3515 1541 ἀναστάσεως
3543 1479 3648 1530 καὶ

2058 1572 2375 1644 ἀναλήψεως
2422 1572 2678 1644 Χριστοῦ,
2717 1574 2924 1644 δωρεᾶς
2952 1591 3012 1626 τε
3048 1572 3141 1626 τοῦ
3187 1571 3343 1640 ἁγίου
3379 1571 3647 1641 Πνεῦμα-

2060 1680 2171 1727 τος.
2202 1666 2218 1684 ‘
2252 1663 2387 1734 Περὶ
2430 1663 2663 1726 πίστεως
2709 1663 2816 1716 τῶν
2850 1664 3131 1735 παρόντων
3166 1663 3260 1716 καὶ
3295 1662 3394 1733 τῆς
3419 1662 3511 1715 διὰ
3543 1662 3645 1714 τοῦ

2063 1752 2436 1823 βαπτίσματος
2464 1752 2643 1806 αὐτῶν
2678 1753 2967 1824 σωτηρίας.
2999 1758 3013 1773 ⁸
3041 1754 3178 1824 Περὶ
3209 1752 3463 1823 ὁμονοίας
3491 1769 3647 1805 κοινο

2060 1842 2300 1913 ωφελοῦς
2337 1844 2430 1896 καὶ
2460 1843 2775 1914 προσθήκης
2798 1844 2905 1896 τῶν
2939 1842 3326 1897 πιστευόντων.

2131 1939 2202 1988 Δ⁹.
2239 1936 2374 2008 Περὶ
2407 1935 2504 2005 τῆς
2533 1936 2589 1989 tv
2620 1935 2840 2007 Χριστῷ
2865 1935 3161 2007 θεραπείας
3190 1935 3282 1987 τοῦ
3314 1938 3379 1988 ὲκ
3406 1935 3647 2005 γενετῆς

2061 2026 2251 2099 χωλοῦ·
2279 2026 2483 2098 Πέτρου
2514 2045 2572 2079 τε
2601 2029 2955 2098 κατηχήσεως
2974 2026 3313 2096 ἐλεγκτικῆς,
3343 2026 3645 2096 συμπάθη-

2060 2118 2238 2187 τικῆς,
2268 2117 2732 2188 συμϐουλευτικῆς
2764 2117 2897 2188 πρὸς
2925 2117 3197 2188 σωτηρίας
3230 2114 3395 2167 αὐτοῦ
3429 2115 3566 2183 (49)“
3622 2117 3643 2134 ⁸

2062 2212 2117 2264 tv
2152 2204 2199 2276 ᾧ
2231 2210 2519 2262 ἐπιστασία
2547 2209 2846 2281 ἀρχιερέων
2879 2208 3024 2280 ζήλῳ
3057 2208 3148 2261 τοῦ
3186 2208 3493 2276 γεγονότος,
3543 2208 3644 2259 καὶ

2061 2302 2239 2371 κρίσις
2272 2302 2365 2354 τοῦ
2403 2301 2697 2371 θαύματος,
2743 2301 2951 2371 Πέτρου
2980 2318 3037 2353 τε
3075 2298 3334 2370 ὁμολογία
3372 2299 3475 2367 τῆς
3503 2297 3645 2368 X9:-

2064 2392 2188 2446 στοῦ
2213 2392 2493 2463 δυνάμεώς
2518 2409 2577 2444 τε
2618 2394 2709 2445 καὶ
2750 2393 2989 2462 χάριτος.
3020 2394 3035 2412 ⁴
3069 2392 3205 2461 Περὶ
3242 2390 3490 2442 ἀπίστων
3523 2389 3641 2460 (50)

2061 2484 2359 2557 ἀρχιερέων
2385 2484 2848 2555 προσταττόντων,
2874 2484 2949 2546 ὡς
2975 2483 3035 2536 οῦ
3058 2482 3137 2535 δεῖ
3159 2480 3644 2553 παρρησιάζεσθαι

2060 2577 2153 2629 ἐπὶ
2201 2577 2277 2647 τῷ
2304 2576 2525 2646 ὀνόματι
2559 2574 2797 2646 Χριστοῦ
2829 2575 2962 2647 (Si),
3002 2573 3096 2628 καὶ
3136 2572 3491 2635 ἀνανεώσεως
3525 2572 3642 2641 (5'2)

2060 2669 2166 2724 τῶν
2196 2670 2527 2723 ἀποστόλων.
2578 2669 2597 2688 ‘
2624 2669 2958 2738 Εὑχαριστία
3003 2667 3111 2720 ἀπὸ
3151 2667 3251 2736 τῆς
3308 2666 3644 2735 Ἐκκλησίας

2061 2762 2200 2833 ὑπὲρ
2222 2761 2319 2832 τῆς
2339 2760 2446 2815 τῶν
2469 2761 2780 2814 ἀποστόλων
2809 2760 3006 2830 πιστῆς
3039 2760 3354 2831 καρτερίας.

2128 2852 2204 2904 E'.
2246 2850 2381 2920 Περὶ
2429 2849 2700 2921 όμοψόχου
2734 2849 2828 2901 καὶ
2861 2848 3153 2919 καθολικῆς
3192 2845 3482 2908 κοινωνίας
3528 2845 3641 2899 τῶν

2061 2943 2463 2996 πιστευσάντων
2482 2958 2495 2971 ’
2537 2944 2553 2961 ·
2582 2944 2637 2993 tv
2743 2942 2871 3011 περὶ
2926 2940 3167 2992 Ἀνανίου
3198 2938 3290 2992 καὶ
3318 2936 3642 3007 Σαπφείρας

2059 3034 2151 3087 καὶ
2180 3034 2280 3104 τῆς
2313 3034 2516 3103 πικρᾶς
2548 3032 2726 3085 αὐτῶν
2755 3030 3027 3099 τελευτῆς.

2137 3128 2208 3192 C."
2241 3126 2361 3178 ’Ὀτι
2394 3124 2521 3186 τοὺς
2554 3122 2882 3184 ἀποστόλους
2915 3119 3282 3191 ἐμόληθὲντας
3318 3122 3375 3173 tv
3418 3120 3498 3190 τῷ
3553 3121 3640 3174 δε-

2064 3215 2357 3287 σμωτηρίῳ
2381 3218 2408 3268 δ
2431 3214 2656 3283 ἅγγελος
2685 3214 2890 3285 Κυρίου
2917 3214 3128 3283 νύκτωρ
3160 3212 3388 3280 ἐξέωσεν
3413 3215 3640 3286 ἐπιτρέο

2059 3309 2166 3379 ψας
2195 3307 2486 3371 ἀκωλύτως
2514 3307 2811 3378 κηρύσσειν
2840 3306 2931 3359 τὸν
2975 3304 3204 3376 Ἰησοῦν·
3242 3308 3260 3326 ⁹
3290 3307 3349 3359 tv
3378 3299 3427 3374 ᾧ
3456 3308 3543 3359 ὅτι
3575 3308 3640 3378 τῇ

2060 3400 2187 3469 ἑξῆς
2211 3401 2260 3453 οἱ
2289 3400 2564 3470 ἀρχιερεῖς
2598 3399 2797 3461 αὐτοὺς
2834 3398 2994 3452 πάλιν
3028 3398 3439 3468 συλλαϐόμενοι,
3475 3400 3563 3467 ὲερ*
3597 3393 3641 3466 ᾧ

2064 3490 2258 3561 μηκέτι
2298 3489 2587 3551 διδάσκειν,
2641 3487 2993 3559 μαστίξαντες
3040 3487 3337 3541 ἀπέλυσαν.
3370 3490 3387 3508 ⁵
3446 3488 3639 3559 Γαμα-

2059 3580 2241 3651 λιήλου
2276 3578 2468 3650 γνώμη
2510 3578 2673 3649 πιστὴ
2706 3578 2834 3649 περὶ
2877 3578 3208 3643 ἀποστόλων,
3259 3577 3402 3647 μετά
3455 3597 3641 3649 παρα-

2057 3671 2359 3742 δειγμάτων
2383 3669 2543 3725 τινῶν
2579 3670 2670 3723 καὶ
2695 3669 3038 3736 ἀποδείξεων.

2128 3764 2202 3815 Z'.
2239 3761 2373 3831 Περὶ
2399 3760 2728 3831 χειροτονίας
2751 3758 2859 3812 τῶν
2894 3760 3033 3813 ὲπτά
3065 3759 3346 3815 διακόνων.

2128 3875 2209 3928 H'.
2268 3874 2532 3928 Ἰουδαίων
2577 3873 2943 3937 ἐπανάστασις
2985 3874 3079 3926 καὶ
3113 3874 3452 3942 συκοφαντία
3499 3877 3637 3930 κατά

2059 3965 2345 4034 Στεφάνου,
2364 3964 2526 4017 αὑτοῦ
2543 3981 2601 4017 τε
2615 3964 2924 4034 δημηγορία
2941 3981 3006 4015 πε
3016 3965 3069 4035 pl.
3093 3964 3192 4033 τῆς
3210 3964 3349 4035 πρὸς
3383 3967 3639 4040 Ἀϐραὰμ

2056 4053 2320 4125 διαθήκης
2362 4053 2453 4106 τοῦ
2487 4052 2619 4105 Θεοῦ
2665 4054 2760 4106 καὶ
2794 4054 3045 4124 περὶτῆς
3082 4054 3191 4107 τῶν
3241 4055 3303 4126 ιβ’
3354 4072 3634 4128 πατριαρ-

2057 4146 2189 4218 χῶνο
2224 4149 2242 4167 “
2274 4147 2329 4198 tv
2368 4138 2411 4211 ᾧ
2453 4145 2519 4197 τά
2564 4146 2693 4217 περὶ
2727 4145 2819 4198 τοῦ
2854 4145 3011 4217 λιμοῦ
3048 4146 3140 4199 καὶ
3190 4148 3498 4217 πυρωνίας,
3544 4150 3637 4202 καὶ

2057 4237 2470 4310 ἀναγνωρισμοῦ
2500 4237 2607 4290 τῶν
2651 4238 2782 4291 υίῶν
2823 4238 3037 4300 Ἰακὼϐ,
3072 4240 3167 4290 καὶ
3201 4241 3329 4311 περὶ
3364 4242 3636 4308 γενέσεως

2056 4332 2329 4394 Μωῦσέως
2363 4331 2456 4383 καὶ
2482 4330 2579 4400 τῆς
2605 4330 2740 4401 πρὸς
2772 4330 2932 4383 αὐτὸν
2960 4330 3196 4384 Μωῦσέα
3222 4330 3551 4399 θεοφανείας
3578 4335 3634 4385 ἐν

2055 4421 2168 4492 ὄρει
2210 4419 2340 4473 Σινά
2377 4420 2693 4492 γενομένης
2720 4422 2736 4441 ¹
2775 4420 2902 4492 περὶ
2934 4421 3033 4490 τῆς
3066 4421 3243 4485 ἐξόδου
3296 4423 3391 4475 καὶ
3433 4442 3637 4495 μοσχοο

386 4506 565 4560 inonis
619 4514 671 4559 et
726 4504 911 4574 templi
954 4505 1447 4571 constructionem;
1506 4505 1571 4558 de
1609 4503 1950 4563 confessione

2071 4514 2233 4577 ποιῖας
2261 4512 2351 4566 τοῦ
2396 4512 2609 4584 Ἰσραὴλ
2640 4514 2765 4584 ἄχρι
2796 4514 2902 4566 τῶν
2931 4514 3134 4584 χρόνων
3180 4514 3272 4567 τοῦ
3315 4516 3637 4587 Σολομῶνος

383 4598 621 4653 caelestis
656 4598 841 4667 gloriae
874 4595 1002 4652 Jesu
1037 4594 1260 4661 Christi,
1294 4612 1415 4667 qua:
1456 4597 1687 4651 revelata
1732 4608 1815 4651 est
1852 4599 1952 4668 ipsi

386 4689 683 4759 Stephano,
719 4704 882 4759 super
914 4705 1019 4760 qua
1054 4689 1325 4759 lapidatus
1370 4688 1485 4758 ipse
1529 4686 1835 4758 Stephanus
1864 4690 1952 4760 pie

383 4781 729 4836 obdormivit.

454 4964 545 5019 lx.
587 4963 661 5019 De
690 4966 1067 5034 persecutione
1097 4964 1373 5029 Ecclesite,
1416 4975 1470 5020 et
1506 4965 1783 5034 sepultura
1829 4965 1951 5021 Ste-

383 5058 580 5126 phani;
614 5058 703 5111 ubi
734 5058 799 5112 de
821 5056 1072 5127 Philippo
1106 5058 1371 5127 apostolo,
1398 5058 1489 5127 qui
1521 5058 1722 5112 multos
1750 5074 1781 5111 a
1807 5074 1949 5112 mor-

382 5149 463 5202 bis
490 5150 700 5203 curavit
723 5150 775 5203 in
807 5148 1075 5202 Samaria.

454 5239 520 5293 X.
563 5240 637 5295 De
676 5242 896 5295 Simone
938 5240 1113 5310 Mago,
1155 5241 1245 5308 qui
1292 5240 1519 5295 credidit
1561 5250 1614 5295 et
1646 5241 1951 5310 baptizatus

381 5332 482 5385 fuit
526 5346 651 5386 cum
703 5332 827 5386 aliis
879 5331 1093 5396 multis;
1142 5330 1233 5384 ubi
1285 5330 1352 5384 de
1400 5330 1659 5387 missione
1706 5332 1850 5386 Petri
1897 5344 1951 5386 et

456 5551 564 5620 (47)
600 5552 819 5623 Euthal.
856 5551 1034 5623 addit,
1068 5550 1162 5605 καὶ
1184 5552 1313 5623 περί
1346 5549 1445 5621 τῆς
1472 5547 1679 5615 ἐνδόξου
1709 5550 1803 5605 καὶ
1825 5550 1942 5606 δω-

380 5621 539 5688 τέρας
577 5620 738 5673 αὑτοῦ
769 5622 1086 5691 παρουσίας.
1138 5641 1150 5647 ·
1210 5644 1211 5647 η

455 5691 564 5764 (ιδ)
598 5691 698 5764 ιιι.
729 5691 1047 5764 amota:-

457 5760 565 5824 (49)
601 5760 699 5818 Id..
728 5761 925 5816 αὐτῶν.

2058 4604 2149 4657 καὶ
2178 4604 2275 4674 τῆς
2308 4605 2399 4656 τοῦ
2440 4604 2568 4658 ναοῦ
2603 4605 2963 4675 κατασκευῆς·
2995 4607 3013 4625 ‘
3047 4604 3299 4675 ὁμολογία
3323 4607 3425 4677 τῆς
3465 4611 3636 4682 ὑπερ-

2054 4693 2300 4761 ουρανίου
2370 4693 2525 4764 δόξης
2606 4692 2779 4762 Ἰησοῦ
2847 4693 3081 4764 Χριστοῦ
3151 4693 3635 4763 ἀποκαλυφθείσ-ης

2054 4783 2200 4854 αὑτῷ
2230 4785 2501 4854 Στεφάνῳ,
2543 4785 2628 4853 ἐφ’
2753 4782 3088 4847 λιθόλευστος
3138 4782 3429 4854 γενόμενος
3469 4786 3635 4849 αὐτὸς

2055 4877 2339 4947 Στέφανος,
2368 4877 2603 4941 εὐσεϐῶς
2634 4877 2915 4948 ἐκοιμήθη.

2123 4968 2199 5023 6'.
2236 4968 2370 5039 Περὶ
2401 4968 2642 5038 διωγμοῦ
2668 4969 2766 5039 τῆς
2804 4967 3149 5036 Ἐκκλησίας,
3185 4968 3279 5021 καὶ
3303 4969 3485 5038 ταφῆς
3510 4971 3634 5022 Στε-

2050 5058 2245 5127 φάνου·
2283 5060 2299 5080 ¹
2334 5060 2391 5111 tv
2423 5052 2467 5126 ᾧ
2499 5060 2625 5128 περὶ
2658 5059 2923 5111 Φιλίππου
2951 5058 3245 5112 ἀποστόλου
3280 5060 3512 5123 πολλοὺς
3548 5064 3629 5113 ία-

2052 5151 2285 5220 σαμένου
2310 5152 2401 5204 ἐπὶ
2427 5152 2523 5223 τῆς
2548 5152 2882 5223 Σαμαρείας.

2120 5244 2176 5295 I'.
2219 5243 2353 5314 Περὶ
2396 5243 2639 5313 Σίμωνος
2687 5243 2781 5295 τοῦ
2836 5244 3029 5310 Μάγου
3083 5242 3477 5306 πιστεύσαντος
3534 5244 3628 5296 καὶ

2054 5331 2440 5401 βαπτισθέντος
2467 5334 2561 5385 σὺν
2604 5334 2810 5405 ἑτέροις
2839 5333 3096 5387 πλείοσιν·
3136 5338 3155 5356 ⁶
3195 5335 3253 5389 tv
3281 5328 3326 5403 ᾧ
3360 5335 3493 5408 περὶ
3534 5336 3633 5404 τῆς

2150 5550 2239 5628 ἔξω
2280 5548 2379 5628 ίίὲη
2411 5552 2537 5628 περὶ
2561 5553 2790 5628 βιτεειλῆς
2815 5555 2923 5628 τῶν
2948 5558 3073 5628 ἀρχι

2410 5621 2586 5699 ὲπίτὸ
2619 5621 2786 5699 ὄνομα
2818 5625 2912 5679 τοῦ
2939 5621 3198 5699 Χριστοῦ.

2125 5690 2237 5761 (52)
2277 5692 2355 5749 ld.
2382 5693 2607 5761 rectius,
2635 5690 2889 5763 ἀνέσεως,
2915 5690 3245 5754 άίἡιίεεὶοικ.
