3922 6528
308 393 444 449 1553

1422 392 1789 449 EXPOSITIO
1828 390 1915 455 IN,
1932 389 2088 443 ACT.
2132 389 2376 445 APOST.

3400 396 3539 451 1354

308 513 400 567 τοῦ
429 512 633 583 Πέτρου
662 514 751 567 καὶ
786 512 1027 566 Ἰωάννου
1052 512 1187 584 πρὸς
1214 515 1409 579 αὐτοὺς
1434 516 1754 586 ἀποστολῆς,
1782 517 1856 566 κα¹

1979 511 2199 567 Joannis
2224 513 2291 567 ad
2323 512 2463 581 illos,
2494 522 2548 568 et
2578 514 2851 571 invocatio
2885 514 3059 573 sancti
3098 514 3335 586 Spiritus
3366 519 3417 571 in
3451 522 3542 573 ba—

307 604 595 673 ὲπίκλησις
648 603 740 656 τοῦ
802 604 955 672 ἁγίου
1020 605 1334 677 Πνεύματος
1378 609 1469 659 ἐπὶ
1515 608 1640 671 τοὺς
1684 607 1875 677 βαπτιο

306 694 550 757 σθέντας.

310 824 323 837 .
372 786 474 842 IA'.
512 788 633 840 Ὀτι
659 790 759 841 οὐκ
789 788 1054 860 ἀργυρίου
1081 789 1215 860 (55),
1246 791 1367 843 οὐδὲ
1389 792 1729 860 ὑποκριταῖς,
1756 788 1869 842 ἀλλ’

302 879 479 946 ἁγίοις
510 878 596 931 διά
634 880 869 937 πίστεως
909 883 942 951 ἡ
994 882 1195 950 μετοχὴ
1237 882 1328 935 τοῦ
1373 884 1527 951 ἁγίου
1558 881 1873 951 Πνεύματος

303 970 500 1022 ἐδίδοτο
537 970 668 1041 (st)-
700 974 715 991 '
738 972 796 1024 ἐν
825 965 869 1039 ᾧ
899 971 968 1024 τὰ
996 972 1125 1040 περὶ
1151 973 1491 1045 ὑποκρίσεως
1513 973 1608 1026 καὶ
1640 971 1874 1042 ἐπιπλή-

302 1060 440 1126 ξεως
466 1060 726 1132 Σίμωνος.

370 1150 469 1202 ΙΒ’.
517 1152 636 1203 Ὅτι
680 1154 791 1214 τοῖς
823 1151 1045 1220 ἀγαθοῖς
1086 1153 1178 1205 καὶ
1210 1155 1420 1215 πιστοῖς
1468 1154 1699 1206 εὐοδοῖό
1740 1155 1871 1219 Θεὸς

298 1240 397 1311 τὴν
436 1242 727 1313 σωτηρίαν,
760 1243 925 1313 δήλην
957 1245 1072 1314 (Ζσ.
1128 1245 1317 1317 δῆλον)
1354 1247 1417 1298 ἐκ
1459 1245 1558 1314 τῆς
1590 1245 1730 1299 κατὰ
1779 1246 1870 1300 τὸν

297 1335 548 1405 εὐνοῦχον
582 1336 906 1401 ὑποθέσεως.

371 1427 466 1480 ΙΓ’.
504 1428 637 1497 Περὶ
673 1430 772 1499 τῆς
796 1429 1084 1501 οὐρανόθεν
1117 1430 1265 1493 θείας
1297 1430 1541 1502 κλήσεως
1580 1430 1673 1483 τοῦ
1723 1431 1871 1484 Παύ-

296 1519 387 1574 λου
416 1522 494 1583 είς
526 1520 827 1593 ἀποστολὴν
855 1521 1122 1593 Χριστοῦο
1158 1525 1177 1544 ⁸
1210 1524 1268 1575 ἐν
1309 1516 1353 1590 ᾧ
1382 1525 1508 1594 περὶ
1552 1524 1745 1587 ἰάσεως
1775 1525 1868 1577 καὶ

299 1611 670 1683 βαπτίσματος
708 1612 917 1665 Παύλου
957 1614 1043 1667 διά
1092 1615 1331 1668 Ἀνανίου
1376 1617 1493 1668 κατ’
1528 1616 1866 1687 ἀποκάλυψιν

296 1703 452 1767 Θεοῦ,
502 1704 809 1775 παρρησίας
856 1722 914 1757 τε
959 1704 1121 1757 αὐτοῦ
1171 1706 1264 1758 καὶ
1314 1706 1602 1776 συντυχίας
1642 1707 1740 1779 τῆς
1779 1707 1865 1761 διὰ

296 1793 543 1865 Βαρνάϐα
575 1795 685 1864 (55)
711 1794 844 1865 πρὸς
862 1796 987 1859 τοὺς
1018 1796 1364 1858 ἀποστόλους.

1976 605 2228 674 ptizatos.

2045 785 2134 839 XI.
2168 785 2321 851 Quod
2355 802 2462 841 non
2508 788 2712 856 argenti
2742 789 2914 856 pretio
2943 830 2958 853 ,
2994 804 3168 858 neque
3198 790 3496 860 hypocritis
3517 830 3538 857 ,

1974 874 2065 928 sed
2101 877 2303 930 sanctis
2338 891 2431 945 per
2485 876 2642 930 fidem
2691 878 3034 947 participatio
3083 880 3254 933 sancti
3299 878 3534 947 Spiritus

1973 966 2162 1033 detur;
2183 967 2275 1022 ubi
2297 970 2363 1023 de
2392 969 2687 1039 hypocrisi,
2713 980 2766 1024 et
2786 971 2852 1025 de
2876 971 3242 1040 increpatione
3267 970 3529 1027 Simonis.

2045 1140 2157 1194 XII.
2188 1141 2343 1208 Quod
2372 1145 2573 1212 probos
2607 1155 2659 1199 et
2682 1145 2864 1200 fideles
2893 1145 3037 1203 Deus
3079 1148 3145 1202 ad
3188 1149 3416 1203 salutem
3446 1149 3537 1205 do-

1971 1232 2152 1296 ducat,
2186 1245 2244 1289 ut
2272 1238 2520 1306 exemplo
2545 1238 2780 1292 eunuchi
2803 1239 2982 1308 palam
3011 1250 3111 1295 est.

2041 1405 2177 1460 XIII.
2221 1407 2295 1462 De
2324 1409 2503 1464 divina
2535 1427 2600 1465 ex
2631 1414 2769 1467 cmlo
2798 1415 2939 1470 facta
2971 1418 3257 1473 vocatione
3284 1417 3435 1472 Pauli
3464 1420 3532 1474 ad

1969 1498 2333 1566 apostolatum
2362 1500 2562 1555 Christi
2585 1519 2598 1566 ;
2623 1504 2714 1557 ubi
2742 1504 2808 1558 de
2832 1508 3113 1560 curatione
3133 1518 3186 1562 et
3208 1510 3531 1579 baptismate

1967 1586 2119 1641 Pauli
2151 1604 2243 1657 per
2268 1589 2532 1644 Ananiam
2561 1595 2858 1648 secundum
2897 1598 3276 1652 revelationem
3315 1598 3438 1666 Dei;
3463 1601 3529 1657 de

1967 1677 2084 1746 ejus
2112 1677 2237 1730 item
2260 1676 2457 1732 fiducia
2484 1679 2536 1732 in
2562 1680 2853 1749 loquendo,
2878 1684 2944 1738 de
2963 1689 3238 1742 consortio
3260 1688 3378 1758 ejus
3403 1705 3530 1744 cum

1967 1768 2227 1838 apostolis
2258 1784 2352 1837 per
2380 1769 2702 1825 Barnabam.

389 1888 459 1938 A'.
499 1857 632 1957 Περὶ
667 1857 853 1939 λινέου
897 1857 1265 1957 πατραλυτικοῦ
1317 1857 1554 1951 ίαθέντος
1592 1890 1648 1941 ἐν
1687 1888 1856 1961 Λύδδῃ

2034 1857 2175 1911 XIV.
2218 1857 2292 1913 De
2316 1858 2490 1913 Ainea
2519 1863 2834 1933 paralytico,
2859 1866 2950 1934 qui
2978 1866 3173 1937 Lyddae
3195 1885 3287 1938 per
3306 1870 3528 1927 Petrum

292 1975 379 2029 διὰ
408 1975 612 2046 Πέτρου
635 1990 652 2008 ·
686 1977 705 1995 ¹’
738 1978 795 2029 ἐν
906 1974 975 2029 τά
1023 1978 1150 2047 περὶ
1184 1975 1392 2029 Ταϐιθά
1417 1978 1515 2047 τῆς
1548 1978 1860 2050 φιλοχήρου,

292 2067 357 2136 ἣν
382 2066 603 2136 ῆγειρεν
641 2065 705 2119 ἐκ
746 2062 957 2137 νεκρῶν
1002 2067 1032 2121 ὀ
1073 2065 1278 2136 Πέτρος
1321 2066 1410 2119 διά
1456 2068 1763 2138 προσευχῆς
1803 2068 1861 2120 ἐν

304 2155 516 2225 Ἰόππῃ.

360 2246 461 2300 IE'.
495 2245 632 2318 Περὶ
658 2245 957 2316 Κορνηλίου
992 2247 1091 2299 ὅσα
1116 2264 1173 2299 τε
1210 2247 1347 2317 πρὸς
1387 2246 1546 2299 αὐτὸν
1577 2247 1605 2298 ὀ
1634 2246 1860 2315 ἄγγελος

291 2332 439 2390 εἶπεν
459 2354 473 2368 ο
504 2338 560 2391 ἐν
584 2330 629 2406 ᾧ
652 2339 746 2390 καὶ
768 2338 869 2391 ὅσα
895 2338 1088 2411 Πέτρῳ
1115 2336 1224 2408 (56)
1254 2337 1544 2409 οὐρανόθεν
1570 2338 1698 2409 περὶ
1725 2337 1857 2408 κλή-

292 2446 428 2492 σεως
464 2429 631 2485 ἐθνῶν
657 2429 883 2501 ἐρρήθη.
901 2430 919 2451 ‘
947 2432 1067 2484 Ὀτι
1099 2430 1454 2502 μετασταλεὶς
1479 2431 1507 2482 ὁ
1533 2430 1738 2501 Πέτρος
1764 2425 1860 2501 ἦλα

290 2522 381 2576 θεν
408 2522 543 2593 πρὸς
568 2522 885 2593 Κορνήλιον.
910 2528 927 2545 ⁶
962 2524 1018 2575 Ἐ
1029 2522 1332 2594 πανάληψις
1354 2521 1504 2595 παρὰ
1532 2522 1854 2595 Κορνηλίου,

289 2606 364 2668 ὧν
401 2611 553 2667 εἶπεν
579 2615 607 2666 ὁ
635 2614 861 2683 ἄγγελος
886 2615 994 2686 (57)
1037 2615 1184 2686 αὐτῷ
1231 2614 1310 2685 τῷ
1352 2614 1659 2684 Κορνηλίῳ.
1691 2616 1709 2637 ¹
1752 2613 1857 2666 Πέσ-

288 2723 417 2778 τρου
445 2708 744 2778 κατήχησις
779 2709 857 2771 είς
882 2708 1134 2778 Χριστὸν,
1160 2705 1255 2759 τοῦ
1278 2722 1338 2758 τε
1362 2705 1517 2774 ἁγίου
1542 2702 1856 2773 Πνεύματος

289 2792 379 2845 ἐπὶ
402 2795 525 2857 τοὺς
574 2794 867 2858 ἀκούοντας
897 2794 1093 2866 δωρεὰ,
1136 2796 1231 2849 καὶ
1258 2795 1406 2858 ὅπως
1448 2793 1855 2864 ἐϐαπτίσθησαν

288 2883 407 2937 τότε
437 2888 487 2939 oI
527 2884 586 2949 ἐξ
614 2885 782 2939 ἐθνῶν
820 2886 1231 2950 πιστεύσαντες.

358 2977 473 3043 Ῑεῗό
525 2978 613 3041 Ὦς
645 2979 849 3048 Πέτρος
873 2980 941 3033 τά
970 2979 1092 3033 καθ’
1126 2978 1251 3048 ἑξῆς
1283 2978 1378 3032 καὶ
1413 2976 1481 3030 τά
1511 2976 1716 3031 ἕκαστα
1744 2974 1854 3027 τῶν

288 3067 584 3135 γεγονότων
607 3066 867 3138 διηγεῖται
898 3071 1010 3132 τοῖς
1032 3069 1347 3132 ἀποστόλοις
1370 3066 1689 3139 διακριθεϊσι
1719 3067 1854 3138 πρὸς

287 3158 443 3212 αὐτόν
463 3175 477 3188 ·
518 3162 534 3180 ·
566 3158 643 3227 τῷ
686 3159 938 3229 τηνικάδε
968 3160 1059 3212 τὸν
1106 3159 1391 3231 Βαρνάϐαν
1426 3158 1713 3229 ἐκπέμψας
1742 3156 1851 3229 (38)
1878 3188 1923 3249 c

288 3246 422 3319 πρὸς
450 3248 575 3311 τοὺς
609 3249 667 3300 ἐν
718 3249 986 3320 Ἀντιοχίᾳ
1018 3249 1295 3319 ἀδελφούς.

357 3341 455 3394 IZ'.
517 3340 827 3412 Προφητεία
886 3343 1115 3411 Ἀγάϐου
1164 3344 1295 3414 περὶ
1327 3343 1486 3414 λιμοῦ
1538 3345 1848 3413 οίκουμενι-

288 3431 387 3501 κῆς
413 3430 521 3501 (59)
552 3431 647 3483 καὶ
677 3433 1051 3505 καρποφορίας
1079 3434 1217 3505 πρὸς
1246 3436 1370 3498 τοὺς
1401 3437 1460 3488 ἐν
1501 3433 1855 3505 Ἰερουσαλὴμ

285 3520 560 3590 ἀδελφούς.

356 3610 463 3663 IH'.
515 3611 770 3665 Ἰακώϐου
795 3611 889 3665 τοῦ
923 3613 1221 3667 ἀποστόλου
1249 3615 1574 3685 καταπφαγή
1612 3631 1625 3644 ·
1665 3614 1683 3633 '
1713 3616 1771 3665 ἐν
1805 3605 1851 3680 ᾧ

286 3702 381 3754 καὶ
413 3702 619 3774 Πέτρου
666 3704 921 3775 σύλληψις
956 3703 1092 3775 πρὸς
1135 3702 1395 3774 Ἡρώδου,
1424 3705 1571 3768 ὅπως
1603 3721 1663 3757 τε
1689 3704 1853 3757 αὐτὸν

286 3792 509 3859 ἄγγελος
543 3793 670 3857 θείῳ
720 3794 1050 3866 κελεύσματι
1090 3795 1330 3861 ἐξείλατο
1362 3797 1470 3849 τῶν
1498 3794 1730 3866 δεσμῶν,
1758 3796 1852 3847 καὶ

284 3886 313 3936 ὁ
346 3883 547 3956 Πέτρος
591 3885 838 3956 ἐμφανὴς
878 3887 1167 3957 γενόμενος
1211 3886 1425 3959 νύκτωρ
1454 3890 1567 3952 τοῖς
1602 3888 1851 3957 ἀδελφοῖς

287 3975 707 4048 ὑπανεχώρησεν
727 3995 739 4006 ·
772 3978 788 3999 ⁴
820 3978 878 4029 ὲν
907 3970 951 4045 ᾧ
986 3978 1234 4049 περὶτῆς
1269 3980 1376 4033 τῶν
1405 3980 1659 4050 φυλάκων
1690 3981 1850 4032 κολά-

286 4083 441 4131 σεως,
477 4069 570 4121 καὶ
600 4069 890 4139 μετέπειτα
932 4070 1060 4141 περ).
1096 4070 1195 4140 τῆς
1225 4071 1317 4125 τοῦ
1348 4071 1577 4137 ἀσεϐοῦς
1611 4076 1849 4148 Ἡρώδου

287 4161 486 4229 πικρᾶς
510 4176 567 4211 τε
600 4160 690 4211 καὶ
710 4159 952 4231 ὀλεθρίου
983 4164 1340 4233 κατασφαγῆς
1366 4163 1507 4233 (60).

355 4250 454 4305 16⁸.
509 4252 801 4323 Ἀποστολὴ
851 4251 1106 4323 Βαρνάϐα
1154 4255 1247 4307 καὶ
1301 4255 1513 4309 Παύλου
1562 4257 1699 4327 πρὸς
1755 4257 1849 4309 τοῦ

286 4338 430 4393 θείου
461 4342 773 4412 Πνεύματος
801 4346 878 4404 είς
908 4341 1285 4409 Κύπρον,’ὃσα
1323 4362 1384 4398 τε
1418 4346 1713 4417 εἰργάσατο
1741 4346 1848 4415 (Μ)

283 4432 341 4483 ἐν
363 4432 583 4503 ὀνόματι
607 4434 842 4504 Χριστοῦ
869 4436 947 4499 εἰς
982 4437 1218 4507 Ἐλύμαν
1248 4437 1337 4490 τὸν
1368 4438 1557 4507 μάγον.

1964 1959 2185 2004 sanatus
2220 1960 2337 2016 est;
2378 1951 2468 2005 ubi
2510 1960 2563 2006 et
2601 1953 2665 2008 de
2701 1953 2930 2009 Tabitha
2971 1960 3255 2013 viduarum
3293 1972 3529 2031 amante,

1962 2057 2125 2111 quam
2164 2040 2355 2097 Petrus
2383 2040 2550 2112 Joppe
2573 2059 2668 2114 per
2696 2046 2995 2102 orationem
3024 2065 3054 2103 a
3087 2052 3319 2107 mortuis
3356 2055 3531 2109 susci-

1965 2134 2117 2187 tavit.
3006 2184 3013 2189 .

2033 2222 2151 2277 XV.
2194 2224 2268 2280 De
2295 2224 2570 2294 Cornelio,
2592 2236 2645 2281 et
2666 2244 2784 2298 qua:
2805 2230 2907 2299 ipsi
2932 2233 3155 2302 angelus
3181 2235 3405 2304 dixerit;
3436 2239 3527 2293 ubi

1959 2315 2119 2369 etiam
2152 2331 2215 2371 ea
2254 2332 2377 2385 quae
2403 2316 2562 2372 Petro
2595 2320 2661 2374 de
2694 2321 2829 2375 caelo
2864 2322 3009 2377 circa
3042 2326 3377 2381 vocationem
3404 2346 3527 2398 gen-

1959 2408 2094 2463 tium
2138 2408 2283 2464 dicta
2332 2419 2480 2465 sunt.
2507 2410 2661 2477 Quod
2707 2424 2962 2469 evocatus
3003 2414 3194 2472 Petrus
3231 2423 3431 2475 venerit
3457 2423 3526 2477 ad

1957 2500 2291 2556 Cornelium.
2338 2501 2550 2572 Repetit
2591 2504 2875 2560 Cornelius
2914 2522 2978 2561 ea
3008 2524 3130 2577 qua:
3161 2512 3263 2565 sibi
3303 2514 3526 2583 angelus

1958 2591 2187 2645 dixerat.
2212 2592 2353 2646 Petri
2380 2595 2680 2650 catecliesis
2706 2596 2759 2648 in
2787 2596 3087 2664 Christum,
3123 2612 3171 2656 et
3196 2605 3369 2657 sancti
3398 2603 3523 2675 8ρὶ-

1958 2680 2095 2735 ritus
2118 2683 2320 2737 donum
2348 2686 2691 2741 audientibus
2710 2689 2962 2743 collatum
2985 2709 2999 2755 ;
3023 2702 3072 2745 et
3101 2695 3376 2762 quomodo
3398 2704 3527 2752 tunc

1957 2772 2213 2842 baptizati
2248 2776 2357 2831 sint
2388 2777 2425 2831 ii
2457 2793 2523 2832 ex
2548 2779 2797 2848 gentibus
2818 2782 2911 2851 qui
2940 2783 3299 2839 crediderant.

2028 2950 2167 3004 XVI.
2209 2952 2492 3018 Quomodo
2532 2953 2728 3010 Petrus
2759 2956 2948 3011 ordine
2984 2959 3194 3028 singula
3227 2976 3346 3029 quae
3383 2959 3523 3017 facta

1955 3038 2173 3095 fuerant
2239 3043 2502 3112 apostolis
2566 3060 2750 3099 secum
2802 3046 3228 3116 disceptautibus
3283 3065 3518 3107 enarrat.

1956 3129 2112 3185 Tune
2146 3130 2451 3187 Barnabam
2487 3135 2754 3188 miserunt
2781 3134 2847 3187 ad
2877 3133 3073 3193 fratres
3103 3139 3195 3207 qui
3224 3125 3523 3203 Antiochiae

1955 3232 2128 3279 erant.

2026 3312 2187 3367 XVII.
2230 3312 2520 3385 Prophetia
2563 3316 2733 3386 Agabi
2763 3316 2831 3372 de
2870 3316 3014 3371 fame
3049 3318 3103 3371 in
3142 3318 3271 3372 orbe
3302 3317 3518 3386 futura;

1953 3418 2007 3465 et
2050 3412 2116 3474 de
2158 3411 2441 3480 largitione
2472 3410 2612 3465 facta
2655 3411 2917 3466 fratribus
2952 3414 3045 3481 qui
3077 3424 3230 3468 erant
3264 3414 3317 3467 in
3358 3413 3518 3469 Jeru-

1955 3502 2145 3557 salem.

2023 3593 2210 3650 XVIII.
2251 3594 2437 3649 Jacobi
2469 3596 2697 3665 apostoli
2737 3595 2931 3659 aedes,
2958 3606 3011 3651 et
3039 3597 3182 3652 Petri
3208 3602 3277 3654 ab
3312 3598 3519 3655 Ilerorle

1954 3686 2276 3755 apprehensi
2303 3687 2568 3754 historia;
2603 3696 2657 3741 et
2682 3688 2957 3756 quomodo
2992 3689 3166 3758 ipsum
3195 3690 3416 3760 angelus
3437 3693 3519 3745 di-

1952 3778 2081 3832 vino
2108 3778 2260 3848 jussu
2308 3782 2509 3834 eruerit
2550 3796 2615 3835 ex
2640 3780 2909 3841 vinculis;
2957 3794 3020 3834 ac
3064 3778 3275 3847 Petrus,
3306 3798 3429 3836 cum
3462 3783 3515 3836 in

1953 3880 2301 3939 conspectum
2333 3872 2561 3928 fratrum
2601 3882 2762 3928 noctu
2792 3873 3049 3939 venisset,
3078 3874 3395 3940 recesserit;
3426 3874 3516 3929 ubi

1953 3961 2114 4013 etiam
2145 3962 2211 4016 de
2242 3978 2402 4031 paena
2439 3966 2741 4029 custodum,
2774 3964 2968 4018 deinde
3000 3965 3066 4018 de
3100 3965 3251 4033 impii
3289 3964 3517 4021 Herodis

1953 4052 2149 4106 acerba
2176 4063 2229 4106 et
2256 4053 2551 4107 miserabili
2573 4056 2717 4109 caede
2741 4054 3172 4130 (per_angelum).

2022 4232 2165 4288 XIX.
2205 4233 2391 4289 Missio
2424 4234 2686 4289 Barnabze
2708 4246 2760 4290 et
2786 4235 2937 4290 Pauli
2960 4253 3057 4307 per
3076 4239 3317 4293 divinum
3343 4239 3515 4311 Spiri-

1952 4329 2068 4376 tum
2100 4323 2154 4377 in
2188 4322 2447 4394 Cyprum,
2481 4334 2534 4379 et
2554 4341 2675 4393 qua:
2704 4326 2890 4382 fecerit
2923 4327 3166 4399 (Paulus)
3204 4331 3258 4385 in
3295 4334 3514 4389 nomine

1957 4411 2159 4467 Christi
2182 4428 2307 4482 erga
2337 4410 2580 4481 Elymam
2609 4429 2846 4483 magum.

353 4525 435 4576 K'.
460 4502 688 4578 Παύλου
714 4526 944 4599 εὐθαλὴς
973 4502 1287 4595 διδασκαλία
1318 4502 1397 4593 εἰς
1418 4502 1669 4602 Χριστὸν,
1694 4529 1757 4583 ἐκ
1785 4548 1845 4583 τε

2023 4502 2142 4557 XX.
2183 4502 2333 4558 Pauli
2367 4506 2637 4561 excellens
2674 4508 2919 4562 doctrina
2961 4508 3102 4561 circa
3136 4507 3412 4563 Christum
3446 4526 3509 4564 ex

282 4613 376 4665 τοῦ
415 4615 578 4685 νόμου
622 4619 716 4670 καὶ
764 4617 886 4669 καθ’
933 4618 1060 4688 ἑξῆς
1102 4619 1211 4672 τῶν
1252 4622 1565 4691 προφητῶν,
1601 4623 1843 4695 ἱστορικὴ

284 4704 375 4756 καὶ
404 4706 750 4777 εὐαγγελική’
780 4709 797 4727 ·
832 4709 889 4759 ἐν
919 4700 964 4774 ᾧ
999 4707 1287 4779 ἐλεγκτικῇ
1323 4710 1417 4761 καὶ
1465 4710 1841 4783 συλλογιστικῇ

282 4795 597 4868 διδασκαλία
630 4799 826 4868 χρῆται
847 4802 863 4819 ·
908 4801 1037 4870 περ).
1064 4799 1401 4869 μεταθέσεως
1430 4800 1525 4853 τοῦ
1560 4804 1847 4874 κηρύγμα-

282 4903 371 4949 τος
399 4890 479 4952 είς
504 4890 571 4943 τὰ
602 4888 727 4961 έθνη
746 4932 759 4956 ,
788 4891 1026 4962 διωγμοῦ
1056 4910 1117 4944 τε
1150 4892 1326 4945 αὐτῶν
1367 4894 1462 4945 καὶ
1493 4894 1729 4961 ἀφίξεως
1766 4898 1844 4958 είς

296 4975 531 5029 Ἰκόνιον.

358 5070 485 5122 KA’.
534 5070 718 5135 Ὅπως
765 5074 822 5125 ἐν
876 5074 1079 5144 Ἰκονίῳ
1108 5073 1438 5146 κηρύξαντες
1471 5076 1560 5129 τὸν
1588 5075 1842 5148 Χριστὸν,

282 5159 490 5212 πολλῶν
522 5164 945 5228 πιστευσάντων,
978 5165 1310 5236 ἐδιώχθησαν
1339 5169 1386 5220 ot
1418 5168 1723 5221 ἀπόστολοι.

504 5405 668 5477 Οὐᾼδι⁸
691 5405 974 5477 ἀργυρίου,
992 5406 1208 5461 Euthal.

357 5472 468 5540 (54)
508 5472 740 5540 Δίδοται,
764 5472 834 5529 id.

508 5544 606 5596 Διά
635 5546 937 5615 Βαρνάϐαν,
974 5546 1045 5600 id.
1077 5549 1254 5600 minus
1278 5548 1431 5603 bene.

505 5615 617 5687 Καὶ
646 5610 747 5687 ὅσα
772 5616 930 5687 πάλιν
963 5617 1172 5687 Πέτρῳ,
1212 5619 1281 5687 id.

377 5676 601 5803 δηίῖαν
649 5686 677 5737 ὁ
719 5684 944 5753 ἄγγελος
1005 5676 1417 5759 ἐπεμαρτύρησε
1484 5688 1575 5741 καὶ
1637 5689 1849 5762 ὑφηγη-

377 5767 436 5803 το.
468 5767 481 5803 ι
526 5793 539 5803 .

287 5764 436 5815 eam,
468 5764 539 5806 Id.

1948 4596 2064 4667 lege
2109 4611 2173 4651 ac
2217 4597 2409 4651 deinde
2453 4613 2519 4651 ex
2566 4601 2864 4668 prophetis,
2912 4600 3109 4669 illaque
3154 4601 3418 4655 historica
3458 4612 3512 4657 et

1947 4689 2255 4758 evangelica
2279 4708 2293 4754 ;
2325 4689 2413 4742 ubi
2447 4688 2809 4744 confutatoria
2836 4700 2889 4743 et
2918 4691 3243 4761 syllogistica
3264 4690 3510 4746 doctrina

1949 4779 2122 4832 utitur
2151 4781 2295 4833 circa
2324 4780 2735 4834 translationem
2765 4780 3169 4848 praedicationis
3199 4782 3265 4836 ad
3299 4793 3507 4851 gentes.

1950 4867 2024 4923 De
2056 4870 2431 4938 persecutione
2461 4869 2720 4925 adversus
2748 4870 2868 4925 illos
2901 4871 3154 4937 excitata,
3199 4881 3254 4926 et
3280 4874 3347 4927 de
3384 4873 3510 4943 fuga

1949 4960 2211 5014 Iconium.

2018 5049 2156 5105 XXI.
2198 5050 2480 5116 Quomodo
2512 5052 2742 5121 apostoli
2783 5051 3060 5109 Christum
3109 5053 3273 5108 Iconii
3310 5055 3509 5123 praedi-

1947 5151 2151 5208 cantes,
2208 5143 2393 5198 multis
2448 5144 2815 5211 credentibus,
2871 5145 3303 5213 persecutionem
3361 5144 3508 5213 passi

1947 5237 2074 5287 sint.

2017 5409 2268 5488 (58)‘Id.,
2297 5411 2358 5488 τὸ
2382 5412 2633 5488 τηνικάδε
2664 5414 2752 5466 τὸν
2786 5415 3068 5485 Βαρνάϐαν
3103 5415 3507 5488 ueremi/atat...“

1946 5477 2120 5553 Fortej
2138 5480 2410 5553 ἔπεμψαν.
2435 5477 2657 5553 ’Μομτιικ

2022 5549 2133 5627 (59)
2173 5549 2663 5627 Ιάζ,⁷οίκουμένης,
2709 5558 2981 5624 quomodo
3019 5559 3179 5611 etiam
3222 5560 3505 5627 legendum

1947 5620 2362 5677 Montfauconus
2388 5620 2710 5691 conjecerat.

2022 5691 2129 5757 (60)
2172 5694 2243 5745 Id.
2256 5735 2268 5753 ,
2303 5694 2694 5763 καταστροφῆς.

2022 5764 2128 5829 (GI)
2160 5765 2237 5828 Id.
2270 5769 2610 5836 εἱργάσαντο,
