3922 6500
411 346 550 402 1555

1600 336 1657 390 S.
1697 326 2021 388 PAMPIilLl
2062 323 2419 381 MARTYRIS

3506 314 3661 368 1556

480 462 645 519 XXII.
683 460 757 520 De
775 463 967 519 claudo
989 462 1057 518 ab
1086 469 1209 517 ortu
1240 460 1333 531 qui
1364 456 1571 529 Lystris
1598 463 1735 520 erat,
1768 451 1965 522 quique

2139 445 2265 497 KB'.
2308 443 2442 512 Περὶ
2462 438 2555 493 τοῦ
2576 439 2636 492 ὲν
2660 437 2925 509 Λύστροις
2956 438 3020 488 ὲκ
3048 434 3308 504 γεννητῆς
3330 431 3440 502 (62)
3469 427 3658 500 χωλοῦ

406 555 478 612 ab
503 556 759 626 apostolis
785 563 1008 611 sanatus
1040 564 1123 609 est
1148 572 1160 607 :
1185 558 1511 623 quapropter
1540 549 1607 602 ab
1629 545 1821 601 incolis
1842 543 1971 597 deos

405 663 529 703 esse
583 656 637 703 et
678 647 963 703 advenisse
1007 654 1255 716 putatum
1301 653 1400 699 est.
1443 641 1542 698 Ubi
1579 640 1741 697 etiam
1784 647 1969 706 postea

406 739 611 797 Paulus
632 740 910 811 lapidatur
929 756 959 795 a
987 737 1363 811 popularibus.

479 914 664 970 XXIII.
704 914 858 982 Quod
890 931 957 971 ex
983 914 1232 986 dogmate
1262 923 1317 971 et
1352 914 1560 983 judicio
1599 912 1967 982 apostolorum

408 1025 517 1064 non
563 1017 810 1076 oporteat
858 1007 1043 1064 ﬁdeles
1084 1022 1149 1062 ex
1190 1007 1437 1078 gentibus
1480 1003 1827 1070 circumcidi;
1879 1003 1968 1056 ubi

407 1100 635 1169 epistola
669 1099 1037 1168 apostolorum
1071 1099 1138 1152 ad
1160 1096 1345 1152 ﬁdeles
1368 1111 1433 1151 ex
1462 1095 1710 1166 gentibus
1738 1095 1881 1149 circa
1905 1107 1969 1146 ea

407 1207 440 1246 a
468 1190 667 1260 quibus
698 1205 819 1246 sese
855 1189 1134 1246 custodire
1166 1189 1450 1245 debebant.
1493 1187 1786 1243 Dissidium
1817 1184 1967 1240 Pauli

408 1300 531 1339 eum
562 1283 805 1338 Barnaba
828 1290 1046 1352 propter
1070 1280 1333 1338 Marcum.

478 1373 667 1429 XXIV.
709 1374 784 1429 De
803 1373 1074 1430 catechesi
1095 1372 1383 1438 Timothei,
1400 1382 1454 1428 ct
1473 1373 1538 1428 de
1556 1369 1798 1441 profectu
1814 1366 1967 1423 Pauli

406 1465 463 1518 in
496 1464 864 1519 Macedoniam
894 1480 990 1534 per
1013 1464 1425 1529 revelationem;
1453 1464 1541 1517 ubi
1566 1463 1631 1517 de
1659 1461 1763 1516 ﬁde
1791 1471 1844 1515 et
1875 1475 1967 1514 sa-

406 1555 521 1609 Iute
540 1555 785 1609 mulieris
806 1554 1089 1623 cujusdam
1108 1553 1307 1625 Lydiae,
1328 1562 1383 1608 et
1403 1554 1468 1607 de
1485 1552 1764 1609 curatione
1779 1550 1967 1620 puclla:

405 1660 527 1716 quae
554 1645 806 1715 spiritum
846 1645 1109 1715 Pythonis
1137 1644 1390 1711 habebat,
1431 1652 1649 1714 propter
1675 1658 1835 1712 quam
1873 1643 1967 1696 do-

406 1738 542 1792 mini
564 1738 757 1807 puella:
776 1736 1003 1792 Paulum
1033 1738 1089 1792 in
1119 1752 1387 1791 carcerem
1419 1734 1791 1805 conjecerunt;
1818 1749 1881 1789 ac
1901 1734 1966 1788 de

403 1838 564 1885 terrae
596 1836 747 1886 motu
782 1828 877 1898 qui
914 1827 1113 1884 ibidem
1143 1827 1384 1897 contigit,
1418 1841 1517 1882 nec
1551 1841 1659 1881 non
1696 1826 1763 1880 de
1799 1825 1965 1878 mira-

405 1920 534 1974 culo
562 1938 574 1972 :
605 1928 659 1973 et
692 1920 966 1989 quomodo
994 1917 1228 1972 carceris
1267 1926 1451 1971 custos
1473 1931 1596 1970 cum
1625 1915 1960 1979 credidisset,

405 2026 469 2065 ea
499 2010 614 2080 ipsa
655 2018 811 2066 nocte
844 2010 1027 2064 statim
1065 2008 1370 2077 baptizatus
1399 2016 1482 2062 est
1512 2023 1634 2063 cum
1658 2016 1769 2063 tota
1802 2007 1962 2063 domo

409 2118 530 2160 sua.
567 2101 720 2169 Quod
760 2102 931 2173 rogati
973 2099 1200 2170 apostoli
1232 2107 1358 2155 tunc
1378 2099 1583 2170 egressi
1614 2100 1721 2155 sint
1749 2114 1815 2154 ex
1843 2114 1963 2155 car-

405 2208 547 2250 cere.

481 2282 646 2338 XXV.
689 2283 764 2337 De
813 2282 1075 2338 seditione
1126 2281 1525 2338 Thessalonicae
1562 2280 1701 2336 facta
1746 2280 1962 2351 propter

406 2375 867 2445 medicationem,
905 2384 960 2430 et
1001 2374 1069 2429 de
1098 2373 1224 2445 fuga
1255 2374 1407 2429 Pauli
1453 2372 1695 2428 Beroeam
1745 2384 1798 2429 et
1839 2372 1963 2428 inde

406 2468 667 2521 Athenas.

477 2556 668 2613 XXVI.
708 2556 784 2614 De
820 2558 1174 2629 inscriptione
1212 2560 1443 2616 Athenis
1478 2575 1641 2629 super
1675 2558 1866 2623 altari;
1896 2559 1962 2613 de

407 2648 779 2719 pliilOSOphica
814 2648 1191 2719 praedicatione
1217 2659 1271 2704 et
1293 2650 1490 2719 pietate
1509 2648 1687 2704 Pauli.

478 2741 686 2798 XXVII.
727 2741 802 2797 De
824 2742 1017 2811 Aquila
1045 2752 1099 2798 et
1130 2741 1395 2807 Priscilla,
1422 2750 1476 2796 et
1495 2741 1561 2796 de
1588 2740 1962 2796 incredulitate

404 2832 844 2901 Corinthiorum,
885 2834 1098 2889 etiamsi
1137 2832 1305 2888 Paulo
1338 2832 1635 2888 secundum
1676 2832 1963 2902 praescien-

346 2986 357 2997 .
407 2926 539 2977 tiam
581 2922 975 2992 beneplacitum
1013 2921 1107 2977 Dei
1141 2937 1267 2992 erga
1301 2920 1424 2975 illos
1460 2919 1752 2976 revelatum
1783 2928 1959 2988 esset;

392 3015 500 3069 ubi
531 3015 596 3070 de
618 3011 804 3070 Prisco
828 3013 1061 3085 (Crispo)
1086 3013 1527 3083 archisynagogo,
1567 3010 1660 3081 qui
1689 3026 1810 3065 cum
1842 3010 1962 3065 aliis

408 3104 732 3172 quibusdam
753 3102 979 3158 credidit
999 3110 1049 3156 et
1070 3100 1373 3172 baptizatus
1393 3108 1495 3156 est.
1522 3098 1677 3166 Quod
1698 3099 1963 3154 seditione

406 3196 654 3251 Corinthi
686 3205 865 3260 mota,
901 3193 1103 3251 Paulus
1148 3192 1462 3260 recesserit;
1518 3202 1572 3249 et
1629 3193 1797 3263 quod,
1839 3206 1962 3247 cum

406 3286 678 3356 Ephesum
702 3288 957 3353 venisset,
986 3286 1196 3343 exierit.
1230 3284 1307 3341 De
1330 3284 1522 3355 Apollo
1542 3283 1660 3340 viro
1681 3285 1965 3355 eloquente

409 3395 474 3434 ac
502 3378 661 3433 ﬁdeli.

480 3467 716 3524 XXVIII.
756 3467 832 3525 De
856 3469 1177 3540 baptismate
1203 3478 1256 3525 et
1280 3468 1346 3524 de
1371 3467 1604 3538 Spiritus
1629 3466 1802 3523 sancti
1824 3465 1966 3521 dono

409 3576 672 3617 concesso
706 3561 1048 3617 credentibus
1083 3560 1281 3632 Ephesi
1322 3574 1416 3630 per
1458 3559 1756 3614 orationem
1786 3554 1963 3622 Pauli,

408 3664 463 3711 et
503 3657 781 3711 curatione
826 3657 1027 3727 populi.
1077 3654 1153 3710 De
1194 3655 1319 3711 ﬁliis
1348 3654 1550 3721 Scevae,
1595 3663 1649 3709 et
1684 3653 1827 3722 quod
1856 3667 1964 3706 non

408 3756 652 3817 oporteat
679 3748 935 3803 accedere
956 3747 1021 3801 ad
1049 3746 1291 3801 inﬁdeles
1314 3753 1368 3801 et
1389 3746 1493 3800 ﬁde
1518 3745 1788 3815 indignos,
1815 3758 1878 3797 ac
1901 3744 1967 3798 de

409 3839 750 3895 confessione
787 3839 1138 3895 credentium.
1182 3836 1258 3892 De
1295 3838 1556 3893 seditione
1593 3836 1792 3906 Ephesi
1822 3845 1966 3889 mota

408 3946 507 4000 per
532 3929 861 3987 Demetrium
891 3930 1255 4003 argentarium
1276 3939 1467 3989 contra
1491 3929 1786 3999 apostolos.

482 4192 677 4248 XXIX.
715 4192 980 4250 Periodus
1008 4191 1184 4259 Pauli,
1219 4193 1311 4247 ubi
1339 4192 1407 4247 de
1439 4200 1612 4246 morte
1644 4199 1698 4244 et
1724 4204 1967 4245 resurre-

411 4286 592 4338 ctione
642 4284 871 4354 Eutychi
920 4285 977 4338 in
1026 4283 1234 4338 Troade
1285 4298 1380 4353 per
1433 4282 1729 4336 orationem
1772 4280 1963 4336 Pauli:

410 4374 817 4428 adhortationes
858 4374 1154 4442 pastorales
1188 4373 1431 4441 ejusdem
1464 4371 1614 4425 Pauli
1642 4371 1709 4426 ad
1739 4372 1965 4441 presby-

2074 533 2314 595 ίαθέντος
2354 529 2441 583 διὰ
2472 528 2579 583 τῶν
2636 526 2975 582 ἀποστόλων
3017 524 3204 592 διόπερ
3242 519 3382 575 εἶναί
3429 539 3491 573 τε
3535 519 3662 571 θεοὶ

2070 627 2164 681 καὶ
2200 624 2453 693 παρεῖναι
2495 619 2681 686 ἔδοξαν
2724 622 2840 681 τοῖς
2880 618 3187 689 ἐγχωρίοις.
3226 614 3398 667 Ἔνθα
3446 612 3514 681 δὴ
3552 613 3660 664 καὶ

2073 718 2367 790 μετέπειτα
2396 711 2674 776 λιθάζεται
2716 712 2745 764 ὁ
2788 710 2999 773 Παῦλος
3037 706 3190 781 παρά
3231 705 3338 759 τῶν
3387 705 3660 770 ἀστυγει-

2069 812 2256 865 τόνων.

2138 902 2264 956 Kl".
2297 902 2419 955 Ὅτι
2461 901 2520 953 οὐ
2552 899 2633 952 δεῖ
2657 891 3076 967 περιτέμνεσθαι
3104 891 3228 953 τοὺς
3256 889 3315 954 ἐξ
3341 887 3517 941 ἐθνῶν
3555 903 3655 938 m-

2072 993 2376 1059 στεύοντας,
2425 992 2652 1062 δόγματι
2682 989 2777 1042 καὶ
2814 987 2993 1057 κρίσει
3025 983 3130 1036 τῶν
3162 982 3497 1035 ἀποστόλωνο
3528 983 3549 999 ‘
3589 981 3654 1031 ἐν

2069 1076 2113 1150 ᾧ
2159 1081 2410 1152 ἐπιστολὴ
2456 1080 2635 1134 αὐτῶν
2677 1074 2984 1149 ἀποστόλων
3022 1072 3158 1142 πρὸς
3189 1072 3314 1133 τοὺς
3359 1071 3423 1133 ἐξ
3470 1069 3657 1122 ἐθνῶν

2070 1174 2197 1244 περὶ
2228 1173 2333 1228 τῶν
2365 1173 2679 1243 φυλακτὲων
2698 1170 2805 1239 (65)
2839 1171 2854 1189 ⁶
2897 1166 3236 1236 Ἀντίρρησις
3257 1163 3477 1215 Παύλου
3505 1160 3656 1232 πρὸς

2070 1265 2353 1338 Βαρνάϐαν
2384 1264 2472 1318 διὰ
2502 1264 2745 1335 Μάρκον.

2062 1376 2072 1387 ’
2138 1360 2263 1412 ΚΔθ.
2298 1356 2434 1427 Περὶ
2484 1356 2839 1425 κατηχήσεως
2886 1346 3173 1419 Τιμοθέου,
3222 1345 3316 1397 καὶ
3358 1344 3463 1413 τῆς
3522 1340 3651 1393 κατ’

2068 1447 2407 1518 ἀποκάλυψιν
2433 1446 2672 1516 ἀφίξεως
2700 1442 2916 1495 Παύλου
2948 1441 3027 1501 εἰς
3056 1436 3418 1491 Μακεδονίαν*
3457 1440 3477 1456 ⁶
3509 1436 3572 1485 ἐν

2070 1540 2196 1611 περὶ
2225 1540 2457 1601 πίστεως
2481 1538 2573 1591 καὶ
2609 1533 2881 1605 σωτηρίας
2915 1529 3168 1600 γυναικός
3200 1544 3342 1589 τινος
3369 1524 3602 1587 Λυδίας,
3632 1526 3652 1545 ·

2068 1631 2160 1685 καὶ
2189 1630 2317 1700 περὶ
2354 1627 2544 1689 ἰάσεως
2576 1624 2673 1694 τῆς
2710 1621 2927 1693 πνεῦμα
2960 1618 3215 1681 Πύθωνος
3242 1615 3477 1687 ἐχούσης
3509 1633 3651 1667 παι-

2066 1721 2274 1790 δίσκης,
2307 1719 2375 1772 δι’
2407 1720 2473 1787 ἣν
2500 1716 2591 1769 τὸν
2614 1714 2823 1769 Παῦλον
2854 1710 3144 1782 καθεῖρξαν
3171 1710 3218 1760 οἱ
3252 1706 3512 1760 δεσπόται
3544 1707 3651 1758 αὐ-

2000 1787 2038 1838 Β
2068 1812 2163 1882 τῆς
2191 1787 2286 1881 τῆς
2313 1808 2621 1877 παιδίσκηςο
2655 1810 2671 1826 '
2708 1804 2803 1857 καὶ
2834 1803 2961 1872 περὶ
2988 1800 3081 1853 τοῦ
3112 1796 3417 1868 συμϐάντος
3460 1796 3648 1847 ἐκεῖσε

2071 1900 2291 1972 σεισμοῦ
2325 1902 2418 1954 καὶ
2451 1898 2757 1969 θαύματος’
2811 1896 2905 1949 καὶ
2943 1895 3089 1955 ὅπως
3125 1888 3418 1950 πιστεύσας
3444 1888 3473 1938 ὁ
3528 1888 3652 1955 είρ-

2068 1992 2356 2064 κτοιρύλαξ,
2390 1994 2448 2045 ὲν
2474 1992 2610 2062 αὐτῇ
2642 1993 2708 2060 τῇ
2741 1989 2897 2044 νυκτὶ
2925 1982 3230 2053 ἐϐαπτίσθη
3269 1977 3647 2050 παραχρῆμα,

2069 2083 2353 2146 πανεύτιος
2383 2081 2514 2152 (64).
2550 2084 2570 2103 '
2611 2081 2733 2133 Ὅτι
2782 2075 3224 2150 παρακληθέντες
3259 2070 3485 2142 ἐξῆλθον
3515 2068 3647 2120 τότε

2068 2178 2132 2230 ὲκ
2159 2176 2252 2229 τοῦ
2279 2174 2648 2245 δεσμωτηρίου
2680 2174 2728 2225 οἱ
2761 2169 3066 2224 ἀπόστολοι.

2136 2268 2262 2321 ΚΕ’.
2304 2266 2441 2337 Περὶ
2475 2264 2713 2327 στάσεως
2742 2260 3040 2331 γενομένης
3059 2259 3115 2309 ὲν
3139 2253 3510 2323 Θεσσαλονίκῃ
3540 2250 3645 2303 τοῦ

2067 2357 2421 2429 κηρύγματος
2453 2356 2657 2419 ἕνεκεν,
2693 2354 2869 2424 φυγῆς
2916 2369 2974 2404 τε
3018 2349 3231 2404 Παύλου
3264 2349 3345 2411 είς
3389 2346 3647 2415 Βέροιαν,

2072 2448 2324 2503 κάκεῖθεν
2351 2450 2431 2511 είς
2476 2446 2720 2517 Ἀθήνας.

2139 2541 2284 2606 KCI'.
2322 2537 2460 2609 Περὶ⁸
2505 2537 2604 2607 τῆς
2648 2538 2705 2589 ὲν
2764 2534 3011 2607 Ἀθήναις
3062 2531 3365 2602 ὲπιϐωμίου
3396 2526 3646 2599 γραφῆς,

2069 2629 2353 2699 φιλοσόφου
2381 2646 2441 2682 τε
2469 2627 2820 2698 κηρύγματος
2840 2625 2935 2678 κα)⁵
2960 2624 3237 2685 εὐσεϐείας
3268 2618 3363 2672 τοῦ
3397 2617 3644 2671 Παύλου.

2136 2724 2260 2775 KZ'.
2299 2722 2435 2794 Περὶ
2476 2721 2676 2777 Ἀκύλα
2702 2719 2797 2774 καὶ
2834 2716 3162 2790 Πρισκίλλης
3190 2714 3283 2768 καὶ
3310 2713 3411 2781 τῆς
3444 2712 3647 2779 Κοριν-

2068 2814 2197 2868 θίων
2226 2813 2529 2877 ἀπειθείας,
2565 2812 2781 2881 καὶτῆς
2808 2808 2947 2863 κατά
2975 2807 3281 2879 πρόγνωσιν
3310 2805 3499 2863 αὐτοῖς
3531 2801 3641 2869 (65)

2068 2906 2312 2970 εὐδοκίας
2342 2905 2436 2959 τοῦ
2462 2903 2598 2958 Θεοῦ
2625 2900 3096 2971 ἀποκαλυφθείσης
3125 2898 3204 2968 τῷ
3219 2897 3435 2965 Παύλῳ·
3463 2899 3483 2917 ⁸
3506 2897 3564 2946 ὲν
3596 2887 3642 2960 ᾧ

2066 3001 2195 3071 περὶ
2225 2996 2464 3070 Πρίσκου
2497 2996 2606 3068 (66)
2637 2991 3084 3067 ἀρχισυναγώγου
3118 2990 3513 3049 πιστεύσαντος
3546 2986 3644 3037 σὺν

2067 3091 2273 3163 ἑτέροις
2302 3090 2442 3143 τισὶν
2461 3088 2555 3142 καὶ
2589 3085 2991 3158 βαπτισθέντος.
3024 3086 3042 3103 ⁶
3069 3084 3191 3136 Ὀτι
3224 3081 3466 3141 στάσεως
3493 3096 3643 3147 κινη-

2069 3183 2255 3251 θείσης
2287 3183 2345 3233 ὲν
2384 3179 2653 3251 Κορίνθῳ,
2693 3180 2721 3231 ὁ
2753 3177 2961 3241 Παῦλος
2995 3171 3439 3243 ὑπανεχώρησεν·
3467 3168 3643 3223 ἐλθών

2063 3291 2123 3327 τε
2148 3275 2227 3335 είς
2264 3273 2493 3342 Ἔφεσον
2542 3271 2635 3324 καὶ
2666 3269 2988 3340 διαλεχθεὶς,
3025 3265 3266 3336 ἐξῆλθεν.
3290 3266 3304 3282 ⁸
3348 3263 3461 3315 Καὶ
3512 3261 3643 3331 περὶ

2077 3362 2315 3418 ’Δπολλὼ
2345 3362 2535 3435 ἀνδρὸς
2564 3361 2744 3431 λογίου
2772 3360 2867 3414 καὶ
2897 3358 3109 3412 πιστοῦ.
3198 3432 3199 3435 η

2135 3457 2269 3510 KH'.
2304 3457 2442 3528 Περὶ
2486 3454 2858 3525 βαπτίσματος
2887 3451 2981 3505 καὶ
3009 3450 3108 3519 τῆς
3137 3446 3231 3501 τοῦ
3272 3445 3429 3515 ἁγίου
3466 3444 3642 3497 Πνεύ-

2069 3564 2233 3619 ματος
2275 3548 2481 3618 δωρεᾶς
2525 3545 2771 3614 δοθείσης
2804 3543 2891 3597 διὰ
2932 3541 3235 3613 προσευχῆς
3276 3535 3491 3591 Παύλου
3528 3538 3642 3596 τοῖς

2066 3643 2124 3694 ὲν
2184 3639 2392 3712 Ἐφέσῳ
2446 3639 2758 3692 πιστεύουσι
2787 3634 2918 3705 (67),
2973 3633 3066 3686 και)⁸
3112 3631 3239 3702 περὶ
3288 3631 3487 3691 ἰάσεως
3541 3627 3637 3680 τοῦ

2062 3734 2212 3791 λαοῦ.
2244 3738 2264 3760 ¹
2296 3733 2431 3804 Περὶ
2450 3730 2557 3783 τῶν
2589 3728 2719 3781 υἱῶν
2742 3726 2939 3791 Σκευᾶ,
2968 3725 3062 3778 και)¹
3086 3725 3167 3776 ὅτι
3190 3722 3251 3775 οὐ
3279 3721 3358 3773 δεῖ
3383 3736 3640 3790 προσχωσ

2067 3830 2179 3900 ρεῖν
2207 3824 2317 3898 (68)
2348 3823 2594 3884 ἀπίστοις
2623 3820 2715 3872 καὶ
2749 3816 2987 3883 ἀναξίοις
3018 3816 3116 3887 τῆς
3145 3816 3382 3875 πίστεως
3409 3811 3636 3880 γινομέ-

2064 3935 2203 3982 νοις,
2267 3914 2362 3968 καὶ
2406 3913 2536 3982 περ)⁴
2591 3908 3023 3980 ὲξομολογήσεως
3072 3905 3177 3957 τῶν
3228 3903 3635 3956 πιστευόντων·

2065 4013 2085 4033 '
2108 4007 2236 4079 περὶ
2260 4006 2357 4074 τῆς
2375 4005 2432 4057 ὲν
2462 4001 2673 4071 Ἐφέσῳ
2704 3999 3013 4069 κινηθείσης
3044 3996 3284 4058 στάσεως
3319 3994 3426 4047 ὑπὸ
3450 3996 3640 4065 Δημη-

2064 4100 2215 4172 τρίου
2246 4096 2340 4151 τοῦ
2369 4092 2748 4165 ἀργυροκόπου
2779 4089 2919 4143 κατά
2943 4088 3051 4142 τῶν
3080 4086 3416 4141 ἀποστόλων.

2135 4188 2263 4245 ΚΘ’.
2309 4184 2560 4257 Περίοδος
2593 4182 2829 4245 Παύλου,
2859 4182 2917 4233 ὲν
3012 4179 3077 4232 τὰ
3122 4178 3251 4249 περὶ
3276 4176 3370 4229 τοῦ
3402 4175 3640 4229 θανάτου

2065 4285 2158 4339 καὶ
2189 4280 2533 4352 ἀνακλήσεως
2567 4276 2807 4345 Εὐτύχου
2841 4272 2929 4327 διὰ
2950 4271 3257 4343 προσευχῆς
3295 4271 3352 4321 ὲν
3381 4268 3638 4338 Τρωάδι*

2067 4375 2413 4447 παραινέσεις
2440 4388 2501 4423 τε
2529 4367 2691 4424 αὐτοῦ
2726 4366 2938 4420 Παύλου
2966 4361 3319 4447 ποιμαντικαὶ
3348 4360 3465 4431 (69)
3498 4360 3642 4428 πρὸς

412 4476 557 4520 teros
598 4464 815 4534 Ephesi.
866 4461 1150 4534 Navigatio
1199 4463 1351 4518 Pauli
1401 4461 1616 4532 Epheso
1662 4460 1961 4516 Caesaream

2082 4446 2191 4531 τούς
2232 4468 2289 4519 ὲν
2348 4462 2556 4533 Ἐφέσῳ
2599 4458 3028 4531 πρεσϐυτέρους·
3062 4457 3078 4475 ⁸
3124 4456 3180 4507 ὲν
3309 4450 3643 4522 παράπλους

407 4556 726 4611 Palaestinae.

480 4732 648 4786 XXX.
690 4731 860 4802 Agabi
903 4729 1182 4801 prophetia
1211 4729 1277 4783 de
1311 4729 1381 4784 iis
1413 4743 1534 4799 quae
1560 4727 1728 4782 Paulo
1754 4730 1967 4781 contin-

408 4841 533 4895 gere
562 4824 801 4878 futurum
825 4832 941 4879 erat
968 4824 1023 4878 in
1044 4821 1364 4877 Jerusalem.

480 4914 671 4969 XXXI.
718 4915 1040 4969 Adhortatio
1058 4912 1244 4969 Jacobi
1263 4912 1331 4967 ad
1354 4910 1602 4978 Paulum,
1625 4926 1692 4967 ne
1713 4910 1966 4969 Hebraeos

408 5006 691 5068 cohiberet
717 5021 746 5060 a
774 5005 1208 5062 circumcisione.

478 5102 694 5158 XXXII.
735 5105 808 5158 De
863 5103 1095 5158 tumultu
1141 5111 1260 5157 orto
1308 5101 1364 5154 in
1416 5099 1715 5155 Jerusalem
1778 5107 1966 5154 contra

411 5192 661 5261 Paulum,
693 5202 747 5249 et
775 5194 1049 5265 quomodo
1084 5210 1209 5250 eum
1258 5195 1503 5251 centurio
1549 5208 1579 5247 a
1623 5190 1968 5246 multitudine

407 5286 707 5356 eripuerit;
738 5286 831 5342 ubi
866 5285 1021 5343 Pauli
1047 5288 1238 5345 concio
1266 5288 1332 5343 de
1363 5302 1420 5343 se
1462 5287 1600 5358 ipso,
1634 5294 1688 5343 et
1715 5285 1778 5338 de
1807 5298 1968 5340 voca-

508 5491 575 5546 69
628 5488 843 5544 Euthal.
876 5488 942 5541 ὲκ
974 5487 1217 5554 γενετ“”ς.

484 5487 599 5630 (65)
637 5558 729 5614 Sic
774 5568 922 5614 recte
967 5505 1182 5613 Euthﬂ.

416 5557 599 5685 cog?)
637 5558 729 5614 Sic
774 5568 922 5614 recte
967 5557 1110 5613 Euth

492 5700 602 5765 (64)
644 5698 864 5755 Rectius
901 5699 1096 5753 iterum
1140 5698 1373 5753 Euthalii
1423 5698 1632 5753 codices
1672 5698 1975 5760 πανέστιος.

420 5801 489 5814 --~
510 5768 695 5826 Menti.
728 5768 932 5841 legebat
966 5768 1195 5823 πανοικί.

1169 5595 1182 5610 .
1238 5573 1335 5628 pro
1386 5556 1666 5626 φυλακέων
1713 5556 1832 5612 cod.
1874 5571 1974 5611 ms.

2068 4558 2280 4614 Παύλου
2321 4555 2429 4609 ἀπὸ
2469 4553 2693 4622 Ἐφέσου
2735 4551 2862 4622 ἄχρι
2903 4546 3236 4617 Καισαρείας
3278 4542 3380 4612 τῆς
3424 4542 3639 4596 Παλαι-

2068 4650 2270 4707 στίνης.

2136 4665 2508 4803 ΪίιςΟἋγάϐου
2540 4729 2849 4804 προφητεία
2888 4728 3014 4799 περὶ
3055 4725 3162 4780 τῶν
3204 4724 3640 4795 συμϐησομένων

2064 4828 2143 4894 τῷ
2172 4827 2365 4897 Παύλῳ
2396 4827 2454 4879 ὲν
2493 4821 2861 4894 Ἰερουσαλήμ.

2137 4919 2260 4972 AA'.
2297 4915 2622 4987 Παραίνεσις
2658 4910 2913 4965 Ἰακώϐου
2960 4907 3095 4979 πρὸς
3124 4903 3333 4959 Παῦλον
3357 4903 3488 4974 περὶ
3515 4902 3635 4962 τοῦ,

2070 5011 2144 5082 μὴ
2176 5010 2349 5064 δοκεῖν
2378 5005 2603 5060 κωλύειν
2639 5002 2922 5073 Ἐϐραίους
2951 4995 3382 5069 περιτέμνεσθαι.

2137 5102 2258 5156 AB’.
2300 5100 2436 5169 Περὶ
2462 5098 2560 5168 τῆς
2611 5098 2668 5150 ἐν
2714 5092 3066 5165 Ἰερουσαλὴμ
3108 5087 3248 5143 κατά
3288 5085 3381 5140 τοῦ
3415 5084 3637 5138 Παύλου

2068 5190 2378 5262 κινηθείσης
2408 5187 2653 5251 ἀταξίας,
2688 5187 2835 5248 ὅπως
2863 5201 2923 5236 τε
2969 5181 3131 5235 αὐτὸν
3159 5182 3188 5233 ὁ
3220 5177 3498 5248 χιλίαρχος
3537 5174 3634 5227 τοῦ

2070 5283 2304 5354 πλήθους
2338 5280 2663 5350 ἐξαιρεῖταιο
2692 5280 2712 5299 ‘
2742 5279 2799 5331 ὲν
2904 5273 3115 5328 Παύλου
3145 5269 3475 5330 κατάστασις
3504 5265 3633 5332 περὶ

2158 5488 2267 5559 (65)
2308 5488 2545 5559 Euthai.,
2586 5488 2673 5541 ἐπ’
2710 5488 2909 5559 αὐτοῖς.
2948 5484 3053 5551 AL,
3094 5486 3179 5539 ἐπ’
3218 5485 3435 5548 αὐτούς.

2180 5559 2268 5629 66)
2307 5557 2577 5629 Κρίσπου,
2616 5558 2830 5629 Euthal.

2180 5627 2269 5693 67)
2309 5622 2682 5687 Πιστεύσασιν,
2726 5627 2797 5680 id.

2158 5697 2270 5768 (68)
2306 5698 2410 5761 AL,
2452 5700 2734 5768 ἐγχειρεῖν.

2163 5763 2271 5840 (69)
2311 5763 2549 5836 Ευιιωιξ
2592 5763 2905 5839 παραίνεσις
2944 5763 3293 5837 ποιμαντική.
