3922 6516
274 424 415 480 1557

1415 425 1775 481 EXPOSITIO
1815 426 1881 479 IN
1920 425 2074 481 ACT.
2120 427 2362 483 APOST.

3369 431 3391 483 I
3404 430 3506 485 558

269 539 465 592 ἑαυτοῦ
491 540 580 592 καὶ
608 542 706 611 τῆς
735 544 813 604 εἰς
834 542 1126 595 ἀπόστολον
1146 543 1336 596 ἑαυτοῦ
1361 530 1601 615 κλήσεως
1621 564 1633 577 ·
1660 551 1675 567 ⁹
1706 546 1834 615 περὶ
1864 598 1866 606 λ

1964 545 2083 599 ionc
2130 562 2228 601 sua
2276 548 2329 600 in
2379 547 2722 616 apostolum;
2774 548 2841 603 de
2893 548 3122 603 adventu
3174 547 3398 602 Ananiae
3438 549 3506 603 ad
3549 510 3560 569 ί

269 625 349 685 ὦν
376 633 405 683 ὁ
448 632 689 695 Ἁνανίας
717 634 827 704 (70)
875 635 1009 701 πρὸς
1052 634 1142 688 τὸν
1189 635 1398 689 Παῦλον
1440 640 1498 690 ὲν
1541 636 1836 707 Δαμασκῷ,

269 723 534 787 ὀπτασίας
562 742 619 777 τε
664 727 756 778 καὶ
798 727 981 796 φωνῆς
1016 726 1151 779 Θεοῦ
1195 728 1489 799 γενομένης
1526 730 1655 782 ποτὲ
1704 730 1839 800 πρὸς

270 815 435 869 αὑτὸν
465 818 522 870 ὲν
541 815 619 887 τῷ
648 817 796 889 ίερῷ.
832 821 850 842 ⁶
883 820 1003 873 ’Ότι
1042 818 1250 889 μέλλων
1280 822 1372 873 ἐπὶ
1398 820 1606 884 τούτοις
1638 824 1666 874 ὁ
1694 820 1839 873 Παῦε-

270 905 365 969 λος
414 906 729 972 τύπτεσθαι,
785 909 953 964 είπὼν
1014 911 1095 964 ὅτι
1136 912 1401 981 Ῥωμαῖός
1456 912 1643 976 ὲστιν,
1692 911 1837 964 ἀνεί-

272 995 342 1067 οη
384 997 517 1068 (7t).

344 1090 463 1144 AF'.
500 1091 641 1146 Ὅσα
674 1092 887 1157 Παῦλος
924 1093 1167 1158 καταϐὰς
1200 1098 1279 1159 είς
1306 1096 1366 1149 τὸ
1396 1095 1667 1167 συνέδριον
1704 1096 1839 1150 ἔπα-

270 1180 362 1234 θέν
391 1198 449 1235 τε
474 1184 568 1236 καὶ
593 1180 763 1249 εἶπεν,
800 1185 893 1238 καὶ
924 1186 1227 1250 εύθυὸόλως
1254 1187 1505 1257 ἔπραξεν.

339 1366 456 1416 ΛΔ’.
497 1365 631 1437 Περὶ
662 1366 951 1437 ἐπιϐουλῆς
982 1369 1363 1440 μελετωμένης
1400 1370 1674 1434 Ἰουδαίοις
1724 1371 1835 1444 (72)

269 1458 410 1511 κατά
443 1458 677 1524 Παύλου,
708 1462 800 1513 καὶ
844 1462 1128 1532 μηνύσεως
1169 1462 1335 1533 αὐτῆς
1383 1463 1518 1535 πρὸς
1550 1464 1751 1519 Λυσίαν
1776 1483 1787 1495 ο
1818 1469 1835 1486 ⁸

267 1550 328 1602 ὲν
357 1542 400 1618 ᾧ
437 1550 515 1603 ὅτι
547 1551 915 1622 παρεπέμφθη
941 1554 969 1605 ὁ
995 1553 1202 1616 Παῦλος
1231 1554 1308 1624 τῷ
1338 1556 1565 1626 ἡγεμόνι
1592 1559 1669 1621 είς
1702 1558 1840 1611 Και-

267 1639 488 1711 σάρειαν
518 1641 653 1711 μετά
688 1643 1031 1712 στρατιωτῶν
1062 1644 1155 1697 καὶ
1188 1646 1552 1716 γραμμάτων.

340 1734 461 1785 ΛΕ’.
492 1733 789 1806 Τερτύλλου
836 1738 962 1807 περὶ
992 1736 1203 1791 Παύλου
1236 1740 1571 1812 κατηγορίας
1603 1741 1712 1813 (75)
1746 1744 1837 1797 καὶ

266 1825 432 1879 αὐτοῦ
462 1826 753 1894 ἀπολογίας
786 1828 879 1881 ἐπὶ
900 1827 997 1881 τοῦ
1026 1832 1313 1901 ἡγεμόνος.

1940 633 2167 689 Paulum
2191 635 2461 703 Damasci,
2486 636 2553 691 de
2575 636 2783 690 visione
2806 644 2859 690 et
2885 652 3015 692 voce
3040 636 3132 690 Dei
3162 636 3225 689 ad
3258 652 3381 689 eum
3407 637 3507 690 ali-

1940 723 2157 790 quando
2183 724 2382 779 emissa
2416 726 2469 778 in
2504 724 2726 792 templo.
2763 724 2919 790 Quod
2953 740 3077 780 cum
3112 726 3199 779 his
3230 725 3297 780 de
3322 726 3504 781 causis

1938 809 2140 868 Paulus
2168 828 2295 867 mox
2322 814 2692 869 verberandus
2724 825 2887 882 esset,
2943 832 3066 871 cum
3096 815 3325 871 dixisset
3353 834 3367 871 :
3399 815 3504 870 Ro-

1939 919 2123 957 manus
2156 920 2292 969 sum,
2324 904 2580 962 dimissus
2606 916 2709 965 est.

2009 1086 2250 1142 XXXIII.
2293 1087 2549 1154 Quaenam
2596 1087 2815 1155 Paulus,
2859 1104 2981 1145 cum
3014 1090 3249 1145 venisset
3283 1089 3336 1143 l-n
3370 1104 3501 1144 con-

1940 1179 2148 1244 cilium,
2178 1196 2373 1250 passus
2403 1181 2492 1246 sit,
2515 1197 2636 1250 quae
2665 1181 2881 1246 dixerit,
2913 1190 2968 1236 et
2989 1196 3107 1250 qua:
3134 1181 3399 1251 sagaciter
3429 1180 3495 1236 fe-

1940 1272 2091 1327 cerit.

2008 1361 2251 1416 XXXIV.
2294 1362 2369 1417 De
2398 1364 2611 1419 insidiis
2644 1382 2740 1434 per
2783 1364 2996 1421 Judaaos
3042 1373 3230 1421 contra
3275 1361 3503 1417 Paulum

1939 1456 2181 1519 structis,
2235 1464 2288 1509 et
2315 1457 2381 1510 de
2418 1456 2813 1527 signiﬁcatione
2846 1457 2964 1526 ejus
2998 1456 3061 1511 ad
3095 1455 3310 1527 Lysiam
3338 1455 3499 1509 facta.

1938 1545 2094 1612 Quod
2126 1545 2328 1601 Paulus
2351 1547 2551 1602 missus
2576 1548 2645 1603 sit
2663 1547 2961 1603 Caesaream
2986 1548 3051 1602 ad
3074 1546 3353 1617 praesidem
3378 1560 3503 1601 cum

1938 1638 2200 1692 militibus
2228 1647 2280 1693 et
2307 1638 2522 1693 litteris.

2009 1726 2226 1783 XXXV.
2268 1728 2345 1783 De
2388 1726 2613 1782 Tertulli
2657 1737 2844 1783 contra
2878 1726 3104 1783 Paulum
3136 1728 3500 1795 accusatione,

1939 1829 1993 1875 et
2029 1820 2095 1874 de
2129 1820 2377 1889 apologia
2406 1819 2526 1889 ejus
2558 1835 2745 1875 coram
2772 1818 3019 1890 praeside.

340 1918 479 1983 Λςι.
514 1891 652 1988 Περί
690 1918 791 1986 τῆς
832 1891 1343 1993 Φήλικος-δίαδοχῆς
1381 1924 1602 1994 καὶτῆς
1625 1926 1832 1996 Φήστου

2009 1910 2249 1967 XXXVI.
2290 1910 2455 1966 Felici
2494 1912 2735 1968 succedit
2779 1911 2997 1968 Festus.
3044 1911 3246 1969 Paulus
3281 1926 3503 1967 causam

268 2008 649 2078 προσαγωγῆς,
676 2008 777 2077 τῆς
803 2026 861 2061 τε
886 2011 971 2062 ἐπ’
996 2010 1170 2064 αὐτῶν
1192 2012 1302 2083 (74)
1326 2014 1666 2085 ἀνακρίσεως
1691 2016 1835 2069 Παύ-

266 2096 359 2149 λου
386 2098 479 2149 καὶ
506 2098 773 2166 ἀφέσεως.

338 2188 456 2242 ΛΖ’.
502 2189 805 2258 Ἀγρίππου
834 2190 927 2243 καὶ
966 2191 1229 2262 Βερνίκης
1259 2194 1547 2265 παρουσία,
1580 2195 1674 2248 καὶ
1701 2194 1834 2248 πεῦ-

268 2293 354 2339 σις
377 2276 485 2330 τῶν
505 2277 643 2331 κατά
673 2278 886 2332 Παύλου
918 2280 1049 2351 (75).
1084 2284 1099 2303 ⁸
1142 2282 1228 2335 Ἐν
1261 2278 1305 2350 ᾧ
1327 2283 1589 2352 ἀπολογία
1622 2285 1833 2339 Παύλου

264 2366 357 2417 ἐπὶ
399 2366 697 2437 Ἀγρίππου
738 2372 830 2424 καὶ
864 2373 1145 2445 Βερνίκης,
1182 2379 1433 2449 περὶτῆς
1463 2382 1520 2433 ἐν
1549 2381 1695 2454 νόμῳ
1720 2385 1830 2455 (76)

265 2456 559 2525 θρησκείας
590 2460 752 2513 αὑτοῦ
795 2463 886 2515 καὶ
932 2464 1175 2535 κλήσεως
1227 2469 1307 2531 είς
1348 2470 1408 2521 τὸ
1480 2468 1826 2539 Εὺαγγέλιον.

272 2549 361 2637 Ὠς
393 2548 544 2603 οὐδὲν
568 2550 741 2604 ἀδικεί
777 2554 1055 2619 Ἰουδαίους
1080 2559 1109 2609 ὁ
1136 2557 1365 2622 Παῦλος,
1399 2560 1703 2631 Ἀγρίππας
1725 2564 1828 2637 ἔφη

259 2636 340 2706 τῷ
368 2639 578 2707 Φήστῳ.

340 2732 467 2786 ΑΠ’.
510 2731 686 2797 Πλοῦς
733 2736 944 2790 Παύλου
975 2738 1068 2792 ἐπὶ
1117 2738 1355 2812 Ῥώμην,
1400 2742 1657 2798 κινδύνων
1687 2747 1834 2802 πλεί-

266 2837 406 2875 στων
432 2838 491 2874 τε
522 2825 615 2876 καὶ
642 2825 909 2895 μεγίστων
939 2830 1238 2900 πάμπλεως
1257 2832 1392 2903 (77)’
1428 2834 1449 2857 ‘
1479 2836 1537 2887 ὲν
1568 2828 1612 2902 ᾧ
1636 2839 1835 2909 παραί-

265 2928 413 2976 νεσις
443 2912 657 2967 Παύλου
691 2917 826 2988 πρὸς
854 2921 979 2984 τοὺς
1014 2923 1109 2976 σὺν
1135 2924 1283 2995 αύτῷ
1314 2927 1443 2997 περὶ
1484 2927 1696 2993 ἐλπίδος
1731 2947 1836 2984 σω-

265 3004 482 3074 τηρίας.
506 3005 523 3027 '
558 3004 829 3075 Ναυάγιον
862 3007 1099 3077 Παύλου,
1138 3015 1285 3079 ὅπως
1305 3034 1363 3069 τε
1393 3017 1723 3091 διεσώθησαν
1756 3026 1834 3087 είς

268 3096 505 3199 Πελίτην
548 3097 646 3169 τὴν
706 3100 890 3170 νῆσον,
935 3105 1030 3158 καὶ
1071 3107 1170 3160 ὅσα
1197 3124 1254 3160 τε
1288 3110 1347 3163 ὲν
1372 3110 1507 3183 αὐτῇ
1563 3112 1831 3186 ὲοαυματ-

264 3203 474 3257 ουργει.

298 3466 445 3609 ΙΙ)Ῑὲ
472 3467 604 3538 Περὶ
639 3468 923 3539 διαλέξεως
962 3475 1172 3530 Παύλου
1217 3480 1352 3551 πρὸς
1384 3484 1511 3547 τοὺς
1546 3485 1604 3537 ὲν
1646 3486 1832 3563 Ῥώμῃ

321 3573 380 3606 ου
452 3558 584 3609 ioue.

278 3554 584 3621 Ἰουδαίους.

337 3647 619 3715 Κεφάλαια
650 3651 749 3721 μὲν
787 3652 852 3707 τὰ
879 3655 975 3709 ὅλα
1012 3665 1062 3729 μ’
1084 3677 1096 3688 ·
1138 3661 1206 3713 τά
1235 3660 1289 3714 δὲ
1319 3663 1527 3730 τούτοις
1567 3668 1824 3739 ἑπόμενα,

262 3736 422 3793 ἅτινα
452 3738 550 3804 τὰς
576 3744 900 3813 σημειώσεις
930 3748 1111 3819 ἔχουσι
1143 3752 1251 3825 (78)
1288 3754 1374 3809 διὰ
1396 3756 1541 3823 τοῦ⁹,
1577 3736 1685 3831 μη’.

336 3912 450 4054 (70)
488 3910 653 3970 Εἶπεν
682 3920 817 3974 adde
850 3938 916 3976 ex
942 3922 1155 3982 Euthal.

339 3985 421 4051 (7l
496 3985 723 4043 Frustra
774 3993 997 4054 coniicit
1048 3996 1155 4051 Mor

339 3985 723 4080 33!).-f1rliitre
759 3993 997 4080 ,φιιὶίοίι
1022 3996 1235 4080 Man"?
1286 4000 1571 4080 legendum
1600 4006 1781 4080 ﬁlio?)
1811 4050 1827 4077 .

269 4062 553 4174 gtramque
582 4060 725 4113 enim
758 4060 992 4119 formam
1019 4070 1236 4123 tradunt
1274 4060 1635 4141 grammatici.
1668 4060 1827 4135 Εοὴῖ

316 4140 509 4174 arnor-

316 4140 509 4180 ATROL.

672 4200 957 4269 Ἰουδαίων,
980 4205 1195 4262 Eutltal.

488 4267 590 4349 Id.,
620 4274 917 4349 κατηγορία
940 4263 995 4331 et
1023 4278 1303 4349 ἀπολογία.

337 4334 449 4405 (74)
486 4334 588 4405 Ιι1.,
617 4340 702 4392 ἐπ’
725 4334 907 4397 αὑτοῦ.

281 4535 3433 4578 Μ

1937 2020 2093 2060 suam
2128 2005 2239 2075 agit
2264 2004 2405 2073 apud
2439 2004 2649 2069 ambos,
2676 2014 2729 2059 et
2749 2005 3061 2061 dimittitur.

2006 2184 2271 2241 XXXVII.
2313 2186 2563 2257 Agrippae
2586 2194 2640 2241 et
2661 2185 2914 2242 Bernices
2940 2186 3224 2250 adventus,
3254 2195 3307 2241 et
3335 2185 3505 2241 inter-

1935 2280 2143 2349 rogatio
2181 2280 2327 2334 circa
2368 2278 2519 2333 Pauli
2553 2294 2796 2335 causam.
2828 2279 3091 2349 Apologia
3127 2277 3282 2332 Pauli
3314 2293 3504 2332 coram

1934 2373 2168 2442 Agrippa
2206 2382 2259 2427 et
2290 2371 2536 2436 Bernice,
2566 2372 2633 2427 de
2662 2387 2762 2425 suo
2799 2370 3094 2425 secundum
3135 2371 3305 2441 legem
3331 2371 3503 2438 cultu,

1938 2464 2112 2533 deque
2159 2463 2444 2518 vocatione
2494 2480 2591 2518 sua
2639 2464 2705 2517 ad
2737 2461 3110 2533 Evangelium.
3157 2461 3393 2534 Agrippa
3430 2463 3506 2517 ait

1938 2554 2122 2622 Festo,
2154 2555 2383 2610 Paulum
2415 2554 2633 2610 Iudaeos
2667 2555 2804 2609 nihil
2840 2554 3053 2610 laedere.

2004 2736 2291 2791 XXXVIII.
2334 2736 2616 2807 Navigatio
2653 2735 2804 2791 Pauli
2837 2735 3064 2790 Romam
3093 2751 3215 2791 cum
3246 2737 3507 2807 periculis

1935 2829 2123 2884 multis
2154 2829 2553 2898 maximisque;
2586 2828 2676 2882 ubi
2707 2828 3018 2882 adhortatio
3044 2826 3197 2881 Pauli
3226 2828 3294 2883 ad
3324 2830 3505 2884 socios

1935 2921 2002 2975 de
2031 2934 2126 2989 spe
2146 2919 2359 2975 salutis.
2386 2918 2739 2989 Naufragium
2760 2917 2933 2973 Pauli.
2956 2918 3241 2985 Quomodo
3261 2929 3506 2973 vectores

1936 3011 1989 3064 in
2020 3010 2260 3065 Melitam
2299 3012 2535 3067 insulam
2577 3012 2867 3077 evaserint,
2899 3020 2952 3065 et
2983 3025 3105 3081 quae
3134 3010 3205 3063 ibi
3234 3008 3503 3064 mirabilia

1936 3104 2250 3173 patravcrit.

2008 3308 2249 3363 XXXIX.
2285 3308 2564 3374 Quomodo
2596 3325 2660 3363 ex
2703 3311 2875 3364 Melita
2909 3309 3135 3363 Romam
3178 3307 3375 3364 Paulus
3410 3309 3507 3365 ad.

1936 3401 2165 3456 venerit.

2007 3488 2122 3544 XL.
2163 3489 2237 3544 Dc
2268 3490 2542 3561 colloquio
2583 3488 2735 3543 Pauli
2763 3504 2886 3547 cum
2920 3488 3120 3545 Iudaeis
3179 3490 3273 3559 qui
3316 3487 3505 3545 Romae

1936 3590 2111 3637 erant.

2007 3674 2194 3745 Capita
2229 3676 2446 3746 quidem
2473 3675 2832 3748 quadraginta
2866 3683 2992 3730 sunt
3026 3692 3039 3728 :
3070 3688 3191 3743 quae
3221 3688 3351 3727 vero
3380 3683 3504 3742 post

1938 3768 2114 3838 capita
2144 3769 2405 3824 asterisco
2440 3776 2717 3838 notantur,
2741 3767 3097 3839 quadraginta
3133 3774 3186 3821 et
3212 3774 3356 3820 octo.

2003 3940 2116 4011 ('75)
2155 3942 2310 3996 Κατά
2341 3943 2571 4007 Παῦλον,
2608 3942 2679 3998 id.

2002 4012 2113 4083 (76)
2164 4014 2439 4083 Ἐννόμου,
2476 4013 2549 4068 id.

2000 4082 2113 4153 (77)
2155 4084 2255 4153 Id.,
2286 4082 2555 4153 ἔμπλεως.

2004 4148 2115 4221 (78)
2155 4152 2257 4216 Id.,
2285 4148 2373 4208 διὰ
2406 4154 2793 4224 κινναϐάρεως.
2834 4152 2985 4221 Apud
3018 4149 3266 4224 eumdem
3277 4148 3499 4224 jljitlt‘ttt

1932 4218 2155 4293 notatur
2184 4239 2443 4279 numerus
2470 4218 2667 4293 στίχων
2696 4238 2789 4277 seu
2814 4218 3055 4293 vei-suum
3081 4223 3210 4292 903',
3244 4219 3365 4273 I72.
3395 4218 3498 4271 Sed

1932 4292 2211 4363 illeilonge
2244 4294 2420 4347 minor
2447 4305 2529 4347 est
2561 4290 2663 4363 pro
2697 4302 2811 4348 toto
2842 4292 2984 4347 libro
3017 4290 3302 4353 Amorum,
3335 4304 3499 4359 quem

1933 4378 1987 4431 p.
2015 4362 2115 4416 Ml
2153 4362 2362 4433 reperio
2391 4363 2552 4419 2556.

3443 4556 3472 4574 η

1426 4724 1544 4836 S.
1658 4729 2333 4843 PAMPHILI

1093 4954 1696 5054 APOLOGIA
1768 4962 2003 5056 PRO
2075 4961 2656 5056 ORIGENE.

264 5141 1202 5244 ApolqgetieuAmAS.‘Pampbil-i
1243 5165 1355 5244 pro
1397 5152 1675 5244 Origene
1730 5148 2100 5244 retinuimus
2150 5151 2319 5244 inter
2349 5152 2584 5244 scripta
2621 5154 2699 5244 ad
2751 5152 3107 5244 prigenem
3147 5154 3501 5244 spectantia

346 5238 491 5310 quas
517 5226 731 5312 ipsius
759 5226 1167 5312 onperibus_in
1201 5228 1485 5312 editione
1517 5226 1798 5295 ‘Ruuaana
1832 5236 2337 5312 subjunguntur.
2376 5226 2497 5295 Adi
2532 5226 2938 5297 Collectionis
2972 5226 3207 5297 nostra}
3249 5241 3496 5296 tomum

344 5301 643 5381 quintum
675 5302 1017 5365 decimum.
1058 5308 1235 5371 EDIT.
1275 5310 1547 5372 ΡΑΤιιοι.
