3922 6472
455 365 3692 406 W

1564 526 1746 568 ClBCA
1799 527 2020 568 ANNL'M
2048 527 2274 569 DOMINI
2318 527 2565 570 CCXCVI.

1415 693 1586 871 S.
1777 692 2709 870 PHILEAS

969 1002 1545 1094 THMUEOS
1633 1007 2286 1098 EPISCOPUS
2367 1007 2515 1095 ET

2612 1006 3144 1095 MARTYR.

1744 1299 2384 1411 NOTlTIA.

1269 1519 1557 1581 (GALLAND.,
1587 1518 1694 1567 Vel.
1723 1518 1863 1566 Patr.
1905 1515 2154 1578 Biblioth.,
2183 1523 2297 1565 tom.
2325 1515 2407 1577 ιν,
2436 1517 2655 1578 Proleg.,
2681 1530 2727 1578 p.
2760 1516 2863 1571 vn.)

519 1721 556 1780 Ι.
599 1725 815 1801 Phileas
853 1739 964 1782 tum
1000 1729 1150 1782 rebus
1176 1731 1428 1797 prteclare
1465 1733 1643 1800 gestis,
1698 1741 1806 1784 tum
1851 1733 2095 1786 doctrina
2145 1743 2194 1787 et
2221 1733 2421 1801 “pietate
2467 1734 2696 1786 maxime
2741 1740 3019 1800 praestans.
3075 1728 3408 1781 Thmuitune
3449 1724 3702 1780 Ecclesia

441 1811 733 1872 et':s_cop_tts,
770 1799 835 1872 de
865 1812 1162 1869 martyrum
1194 1801 1349 1872 lrumlc
1381 1803 1611 1872 scripsit,
1637 1803 1964 1868 postmodum
1993 1815 2042 1856 et
2076 1806 2182 1872 ipse
2207 1799 2427 1871 martyr.

519 1864 560 1920 ll
622 1867 920 1944 Epistolam
951 1864 1152 1938 quoque
1180 1871 1378 1924 dudum
1416 1864 1645 1934 editam,
1665 1883 1891 1941 quatuor
1918 1864 2278 1944 episcoporum
2319 1864 2524 1925 nomine
2549 1869 2760 1925 Meletio
2786 1869 3162 1940 Lycopolitano
3199 1868 3542 1936 inscripsisse
3580 1864 3702 1920 Phi-

443 1937 551 1991 leas
583 1940 940 1993 existimatur.

515 2008 603 2063 lll.
649 2008 762 2073 Quo
790 2019 1017 2079 tempore
1040 2012 1234 2079 scripta
1263 2011 1424 2079 fuerit
1444 2011 1705 2079 ejusmodi
1728 2012 1969 2080 epistola,
1995 2013 2325 2082 expenditur.

513 2123 552 2179 Ι.
594 2123 811 2181 Phileas
861 2127 1032 2196 patria
1083 2126 1444 2183 Thmuitanus
1473 2128 1527 2182 in
1558 2127 1789 2199 {Egypto
1817 2172 1830 2191 ,
1878 2139 2015 2184 teste
2045 2136 2088 2190 Α
2118 2139 2262 2183 tasse
2291 2128 2550 2182 llilariani
2575 2128 2695 2191 tevi,
2727 2143 2793 2182 ex
2827 2127 3059 2196 abrupto
3085 2125 3336 2195 loquendi
3367 2140 3570 2194 genere
3594 2127 3695 2178 rite

445 2217 777 2288 Hieronymo
807 2218 880 2289 (l)
901 2260 917 2287 ,
957 2220 1042 2273 vir
1073 2218 1175 2274 fuit
1206 2221 1418 2275 cunctis
1460 2221 1514 2274 in
1562 2221 1698 2276 urbe
1721 2221 2020 2276 honoribus

442 2327 506 2364 ac
543 2311 862 2365 muneribus
907 2328 1121 2366 summa
1148 2329 1271 2366 cum
1319 2313 1479 2368 laude
1512 2313 1848 2382 perfunctus,
1879 2324 1934 2368 et
1965 2316 2018 2368 iu

440 2401 833 2471 philosophicis
881 2403 1182 2472 disciplinis
1219 2405 1534 2459 excolendis
1578 2406 1867 2460 admodum
1912 2407 2021 2460 cla-

441 2508 576 2556 rus,
631 2503 692 2547 ut
743 2494 932 2548 scribit
979 2494 1244 2550 Eusebius
1279 2497 1393 2566 (2);
1439 2497 1694 2566 quodque
1744 2499 1819 2551 rei
1860 2509 2022 2567 caput

441 2595 559 2649 est,
596 2589 794 2654 pietate
842 2587 896 2638 in
947 2586 1114 2640 Deum
1165 2603 1228 2641 ac
1272 2587 1590 2643 fortitudine
1634 2589 1869 2643 maxime
1900 2590 2022 2643 illu-

440 2676 570 2730 Stris
614 2675 687 2744 (5)
735 2693 749 2729 :
788 2675 1003 2746 ἀληθῶς
1040 2677 1326 2746 φιλόσοφός
1365 2695 1426 2730 τε
1463 2677 1598 2748 ὁμοῦ
1652 2680 1742 2732 καὶ
1781 2679 2020 2747 φιλόθεος

447 2768 679 2837 μάρτυς.
713 2784 825 2821 vere
870 2768 1210 2838 philosophus
1252 2769 1514 2840 simulque
1548 2771 1755 2824 divinus
1797 2782 2018 2841 martyr.

446 2859 697 2913 Ecclesia:
730 2859 912 2928 patriae
939 2870 1178 2929 suscepto
1208 2863 1510 2931 episcopatu
1530 2904 1545 2928 ,
1576 2863 2017 2932 elegantissimum

441 2950 635 3002 librant
675 2949 738 3003 de
783 2960 1079 3021 martyrum
1121 2952 1276 3006 laude
1301 2953 1590 3023 composuit
1625 2954 1734 3024 (4),
1769 2955 1861 3024 qui
1896 2955 2021 3009 Ale-

442 3041 683 3096 xaLdriae
723 3045 1020 3111 praesertim
1058 3054 1287 3097 mortem
1334 3060 1432 3114 pro
1475 3045 1676 3100 Christi
1723 3047 1825 3100 ﬁde
1877 3048 2021 3101 obie-

443 3142 595 3198 rant;
629 3133 915 3202 ipsumque
945 3133 1214 3190 Thmuitis
1246 3136 1542 3205 inscripsit,
1574 3137 1850 3205 epistolari
1878 3139 2019 3208 stylo

443 3232 776 3277 contextum.
827 3222 1004 3293 Hujus
1053 3224 1267 3296 insigne
1307 3226 1666 3297 fragmentum
1711 3228 1866 3283 nobis
1905 3244 2020 3282 ser-

445 3316 589 3370 vavit
629 3315 896 3371 Eusebius
928 3317 1045 3388 (5),
1087 3319 1230 3373 unde.
1272 3319 1404 3374 illud
1449 3320 1858 3388 exscripsimus.
1908 3319 2017 3374 Pro

443 3405 654 3460 Christo
691 3408 909 3462 demum
945 3411 1116 3477 capite
1148 3418 1420 3464 truncatus
1443 3419 1517 3464 est
1545 3411 1732 3464 beatus
1767 3412 2012 3473 antistes,

441 3499 620 3551 eodem
652 3483 707 3552 iu
741 3497 977 3569 Egypto
1011 3502 1384 3568 persecutionis
1419 3510 1656 3562 auctore,
1692 3519 1792 3572 quo
1829 3501 2016 3555 Lucio-

441 3607 541 3645 ηαδ
589 3590 954 3658 Nicomedia,
1001 3604 1061 3648 ut
1099 3595 1175 3648 ait
1217 3593 1580 3665 Hieronymus
1606 3595 1684 3662 (6)
1733 3613 1747 3650 :
1783 3595 2016 3649 Alexan-

443 3685 575 3737 driae
608 3683 866 3738 nimirum
915 3685 1018 3738 sub
1059 3684 1377 3750 Maximino,
1405 3687 1548 3740 circa
1581 3686 1781 3740 Christi
1813 3703 2012 3740 annum

443 3772 544 3826 δίη
573 3773 669 3843 (7).
702 3772 833 3842 Ejus
860 3775 1100 3845 martyrii
1129 3774 1259 3828 Acta
1293 3785 1417 3845 post
1444 3775 1827 3831 Bollundianos
1851 3777 2018 3830 edidit

442 3861 821 3919 Theodericus
865 3863 1182 3920 Ruiuartius
1211 3865 1284 3935 (8)
1324 3885 1336 3919 :
1373 3882 1494 3936 quae
1537 3867 1680 3919 enim
1717 3865 1900 3922 Graece
1944 3869 2018 3922 si-

447 3955 556 4008 mul
587 3964 641 4009 et
679 3954 870 4010 Latine
909 3957 962 4010 in
997 3956 1296 4026 Triumphis
1351 3957 1499 4012 lectis
1542 3967 1833 4028 martyrum
1864 3960 2015 4013 evul-

446 4048 1016 4114 gavitCombeﬁsius,
1071 4051 1254 4106 minus
1303 4051 1516 4106 sincera
1565 4051 1796 4106 eruditis
1837 4053 2022 4106 existi-

449 4149 684 4194 tuantur.

517 4231 582 4284 ll.
624 4232 766 4286 Huic
805 4242 983 4286 autem
1015 4232 1188 4288 sancti
1224 4230 1424 4287 Philete
1452 4232 1772 4303 fragmento,
1803 4250 1871 4290 ex
1898 4234 2017 4303 ejus

447 4323 584 4377 libro
631 4322 706 4376 De
765 4327 1080 4392 martyribus
1131 4325 1503 4380 Alexandrinis
1539 4339 1825 4398 excerpta,
1880 4329 2018 4382 intc—

444 4430 594 4481 gram
643 4415 941 4484 adjecimus
984 4417 1291 4486 epistolam,
1335 4433 1496 4486 quam
1535 4417 1748 4472 Meletio
1776 4418 2018 4490 Lyc0po-

444 4506 614 4561 litano
641 4509 916 4577 episeopo,
947 4515 1060 4561 tum
1099 4523 1200 4562 suo
1242 4519 1355 4562 tum
1385 4507 1546 4562 etiam
1576 4509 1740 4563 trium
1784 4513 2014 4566 aliorum

444 4601 822 4669 episcoporum
857 4601 1077 4654 nomine
1125 4600 1266 4653 idem
1305 4598 1519 4654 Phileas
1565 4601 1912 4670 inscripsisse
1940 4607 2020 4658 vi-

443 4694 623 4746 detur.
659 4692 792 4747 Eam
817 4709 946 4747 vero
968 4708 1093 4747 cum
1127 4692 1249 4747 aliis
1271 4692 1653 4748 ecclesiasticae
1677 4697 2018 4765 antiquitatis

446 4783 833 4847 monumentis,
866 4785 932 4837 ad
963 4784 1199 4838 schisma
1227 4782 1570 4838 Meletianum
1599 4785 1867 4854 praecipue
1895 4802 2016 4856 per-
2043 4821 2084 4878 ο

445 4872 765 4936 liuentibus,
813 4873 1020 4938 primus
1063 4873 1204 4926 haud
1235 4874 1309 4927 ita
1339 4874 1546 4943 pridem
1578 4875 1632 4928 in
1666 4875 1841 4930 lucem
1873 4877 2015 4930 eruit

441 4978 510 5014 ex
545 4972 761 5016 vetusto
811 4979 912 5016 ms.
962 4963 1148 5016 codice
1190 4963 1412 5032 capituli
1464 4961 1792 5021 Veronensis
1821 4969 1902 5020 vir
1941 4969 2012 5022 cI.

445 5053 629 5122 Scipio
660 5051 902 5106 Malfeius
934 5054 1008 5123 (9)
1035 5097 1048 5108 .
1100 5054 1231 5119 Quae
1264 5057 1481 5124 quidem
1513 5074 1636 5112 cum
1688 5061 1912 5129 reliquis
1939 5062 2008 5115 ei-

443 5146 564 5196 dem
613 5145 838 5212 adjectis
869 5161 935 5198 ex
967 5145 1154 5200 Graeco
1183 5164 1302 5202 esse
1349 5152 1608 5204 translata
1649 5154 2015 5221 compcritur;

447 5236 978 5306 vetustissimamque
1009 5249 1263 5306 praeterea
1292 5257 1414 5296 esse
1446 5244 1770 5309 versionem,
1805 5263 1866 5300 ac
1906 5245 2016 5300 lor-

514 5369 590 5431 (‘1)
632 5366 707 5421 De
733 5370 826 5422 vir.
873 5369 1070 5424 illustr.
1095 5411 1109 5432 ,
1153 5386 1269 5437 cap.
1304 5369 1390 5424 78.

515 5438 592 5510 (:2)
633 5438 777 5510 llist.
805 5441 931 5492 eccl.
954 5482 968 5503 ,
1004 5442 1096 5494 lib.
1127 5456 1242 5503 \‘Ill,
1273 5456 1390 5510 cap.
1433 5441 1484 5495 9.

517 5507 591 5580 (ᾇ)
632 5508 732 5580 ld.,
765 5510 893 5561 ibid.
919 5553 932 5571 ,
974 5528 1090 5580 cap.
1125 5511 1207 5564 l0.

516 5577 592 5642 (lt)
630 5577 848 5633 Hieron.
873 5622 885 5642 ,
917 5582 1018 5634 loc.
1041 5577 1142 5635 vcit.

516 5648 592 5723 (Si)
632 5647 760 5723 hoc.
793 5651 881 5723 cit.
906 5693 919 5715 ,
948 5669 1067 5723 cap.
1114 5651 1193 5706 10.

517 5719 592 5788 (6)
633 5717 762 5774 Luc.
798 5721 894 5775 cit.

2123 2221 2302 2288 arguit
2331 2219 2732 2274 eruditissimus
2763 2218 2956 2272 editor.
2993 2218 3234 2282 Quatuor
3263 2231 3432 2285 porro
3455 2217 3701 2285 episcopi

2120 2313 2213 2381 qui
2242 2329 2358 2367 eam
2389 2312 2669 2381 epistolam
2696 2326 2950 2366 exarasse
2978 2310 3349 2378 perhibentur,
3377 2309 3482 2363 hoc
3509 2311 3703 2365 ordine

2121 2404 2397 2458 distributi
2429 2413 2742 2472 comparent
2770 2422 2782 2456 :
2806 2401 3119 2471 Hesychius,
3149 2401 3492 2466 Pachumius,
3533 2401 3702 2454 Theo-

2121 2495 2279 2548 dorus
2313 2506 2365 2548 et
2412 2493 2625 2547 Phileas
2657 2509 2677 2546 :
2713 2494 2872 2547 iidem
2926 2494 3183 2547 nimirum
3227 2509 3464 2563 quorum
3511 2496 3705 2547 memi-

2123 2589 2200 2641 nit
2221 2586 2485 2641 Eusebius
2513 2587 2596 2641 his
2627 2586 2803 2640 verbis
2826 2584 2936 2653 (lO)
2965 2604 2977 2638 :
3011 2604 3030 2637 ‹
3063 2585 3138 2639 Ex
3175 2586 3257 2639 his
3289 2601 3421 2640 vero
3447 2587 3548 2655 qui
3577 2586 3703 2639 Ale-

2123 2681 2362 2734 xandria:
2391 2689 2446 2733 et
2474 2695 2567 2749 per
2608 2688 2774 2733 totam
2804 2677 3098 2748 :Egyptum
3129 2692 3193 2732 ac
3221 2675 3563 2731 Thebaidem
3605 2694 3703 2731 no-

2122 2771 2213 2824 bili
2256 2770 2514 2841 martyrio
2569 2768 2835 2838 perfuncti
2875 2779 3034 2832 sunt,
3087 2779 3441 2824 recensentur
3485 2768 3702 2823 Phileas

2119 2873 2172 2916 et
2203 2860 2524 2931 Hesychius,
2559 2860 2884 2916 Pachomius
2907 2871 2961 2915 et
2985 2859 3322 2926 Theodorus,
3351 2862 3696 2915 diversarum

2122 2955 2174 3007 iu
2208 2952 2441 3022 A'ngpto
2476 2952 2836 3007 Ecclesiarum
2872 2953 3130 3022 episcopi.
3183 2971 3202 3003 ι
3239 2953 3418 3022 Atque
3445 2955 3553 3008 hac
3587 2955 3697 3022 ipsa

2121 3044 2422 3101 Eusebiaua
2449 3046 2588 3100 serie
2607 3045 2729 3100 illos
2757 3045 2881 3099 item
2907 3055 3253 3100 enumeratos
3280 3045 3547 3100 exhibent
3567 3048 3694 3099 Acta

2119 3137 2388 3207 passionis
2438 3137 2611 3192 sancti
2678 3135 2820 3190 Petri
2876 3137 3224 3192 Alexandrini
3287 3154 3319 3191 a
3367 3136 3699 3193 Combclisio

2118 3228 2385 3297 evulgata.
2429 3228 2533 3293 Qui
2582 3237 2759 3282 tamen
2808 3228 3018 3296 primus
3060 3228 3352 3298 utrobique
3381 3230 3700 3283 nominatur

2117 3318 2364 3387 Phileas,
2406 3330 2596 3376 contra
2640 3320 2729 3374 hic
2774 3332 3082 3389 postremus
3131 3321 3473 3375 inscribitur.
3528 3321 3701 3376 Eccur

2118 3412 2362 3464 demum?
2400 3410 2640 3480 inquies.
2691 3407 2960 3463 Nimirum
3025 3410 3308 3479 epistolam
3351 3409 3576 3465 Phileas
3619 3412 3698 3480 ip-

2117 3511 2288 3557 semet
2330 3503 2693 3571 perscribens,
2742 3503 2942 3572 quippe
2981 3503 3075 3572 qui
3117 3504 3327 3558 caeteris
3369 3504 3699 3572 eloquentia:

2115 3605 2169 3650 et
2209 3595 2468 3650 doctrinae
2501 3595 2661 3650 laude
2692 3605 2992 3666 praestaret,
3038 3604 3097 3649 ut
3143 3597 3303 3651 modo
3352 3613 3420 3651 ex
3461 3596 3699 3652 Eusebio

2115 3696 2278 3756 atque
2340 3685 2668 3758 llierouymo
2737 3689 3086 3755 accepimus,
3143 3688 3336 3741 ultimo
3408 3700 3696 3757 prepterea

2115 3777 2236 3832 loco
2263 3778 2541 3832 modestiae
2571 3792 2734 3831 causa
2768 3792 2826 3831 se
2857 3777 3032 3846 ipsum
3078 3777 3382 3830 nominavit
3412 3795 3428 3830 :
3463 3794 3589 3847 quae
3618 3788 3696 3832 est

2115 3870 2476 3924 laudatissimi
2504 3871 2602 3924 viri
2629 3873 2964 3942 conjectura.

2185 3957 2276 4016 Ill.
2315 3960 2579 4016 Ceterum
2608 3963 2652 4018 si
2686 3975 2899 4032 tempus
2934 3963 3176 4031 requiras
3207 3975 3315 4029 quo
3339 3962 3548 4028 scripta
3585 3963 3692 4018 fue-

2117 4053 2187 4106 rit
2224 4053 2484 4122 epistola,
2518 4055 2675 4123 plane
2721 4063 2932 4108 constat
2963 4053 3130 4107 fuisse
3179 4051 3322 4105 illam
3373 4065 3691 4119 exaratam,

2114 4142 2242 4196 dum
2273 4144 2449 4199 adhuc
2483 4148 2538 4199 iu
2570 4145 2708 4199 vivis
2739 4156 2921 4214 ageret
2968 4155 3190 4198 sanctus
3216 4142 3412 4199 Petrus
3459 4148 3694 4201 Alexan-

2116 4234 2285 4288 drinae
2316 4233 2568 4288 Ecclesia:
2596 4235 2840 4289 antistes.
2895 4233 2984 4289 Sic
3013 4234 3157 4288 enim
3190 4232 3264 4287 ibi
3304 4233 3588 4288 Meletium
3621 4237 3696 4289 alo

2116 4325 2416 4392 loquuntur
2459 4325 2696 4380 illustres
2729 4325 2930 4380 Christi
2983 4321 3325 4379 confessores
3360 4345 3373 4378 :
3413 4343 3432 4376 ι
3477 4323 3562 4378 Tu
3612 4342 3697 4378 au-

2116 4426 2222 4471 tem
2254 4432 2362 4470 non
2397 4417 2746 4472 considerans
2795 4417 2975 4487 magni
3023 4419 3260 4487 episcopi
3294 4433 3359 4472 ac
3389 4419 3565 4486 patris
3595 4434 3696 4472 no-

2115 4508 2215 4562 stri
2257 4506 2403 4561 Petri
2452 4508 2734 4574 honorem,
2765 4525 2832 4562 ex
2860 4523 2969 4577 quo
2999 4511 3177 4563 cuncti
3213 4523 3311 4578 per
3341 4524 3499 4578 spem
3530 4524 3693 4578 quam

2119 4600 2378 4652 habemus
2428 4599 2480 4652 iu
2537 4600 2764 4653 Domino
2802 4607 2991 4653 nostro
3037 4598 3163 4654 Jesu
3197 4601 3453 4661 Christo,
3504 4602 3694 4669 pende-

2118 4705 2232 4740 mus
2267 4707 2283 4739 ι
2319 4697 2423 4744 etc.
2451 4686 2636 4757 Neque
2669 4690 2809 4744 ullus
2847 4689 3131 4744 dubitandi
3161 4691 3313 4744 locus
3341 4691 3691 4758 relinquitur,

2118 4782 2248 4849 quin
2278 4781 2310 4834 ii
2337 4781 2580 4834 eamdem
2623 4782 2906 4849 epistolam
2946 4781 3283 4851 scripserint,
3315 4782 3445 4834 dum
3485 4783 3540 4835 in
3575 4799 3694 4836 car-

2117 4888 2239 4926 cere
2286 4872 2656 4926 detinereutur
2690 4890 2704 4926 :
2738 4883 2798 4925 ut
2826 4872 3054 4941 proinde
3103 4873 3229 4926 hinc
3268 4871 3502 4927 fortasse
3534 4873 3687 4928 Μειδ-

2117 4963 2225 5017 tius
2252 4964 2696 5032 perniciosissimi
2733 4964 2785 5016 in
2820 4963 3052 5033 {Egypto
3077 4966 3389 5018 schismatis
3421 4965 3690 5019 conﬂandi

2116 5071 2304 5108 ausam
2331 5054 2638 5122 arripuerit.
2673 5053 2827 5119 Quod
2854 5057 3070 5124 quidem
3095 5072 3216 5109 cum
3245 5067 3435 5109 nostro
3456 5055 3691 5111 Baronio

2117 5150 2347 5218 aliisque
2399 5148 2528 5202 viris
2579 5147 2756 5202 doctis
2789 5147 2931 5202 circa
2979 5165 3180 5202 artuum
3235 5147 3338 5201 ’506
3398 5149 3692 5220 contigisse

2119 5241 2518 5296 existimamus.

2141 5446 2153 5457 η
2297 5374 2540 5458 _'_I‘illem.,
2586 5375 2909 5447 Ment.,toni.
2943 5374 3007 5437 γ,
3038 5392 3155 5446 pag.
3195 5375 3316 5440 780,
3362 5390 3475 5432 not.
3507 5379 3568 5445 5,
3597 5391 3694 5436 sur

2123 5444 2176 5498 S.
2206 5444 2448 5500 'Philéas.
2761 5444 2769 5447 ’
3113 5444 3128 5446 ⁷

2190 5515 2266 5580 (8)
2309 5519 2424 5568 Act.
2464 5526 2621 5569 mart.
2660 5517 2826 5576 sine...
2863 5531 2985 5584 pag.
3026 5516 3148 5568 454.

2191 5587 2261 5661 (il)
2306 5585 2731 5661 0sserv._let_ter.,
2768 5594 2898 5638 tom.
2931 5585 3014 5652 lll,
3047 5602 3164 5655 pag.
3195 5586 3377 5641 ll-l'i.
3402 5617 3468 5628 —
3493 5587 3686 5661 Opust.

2118 5657 2296 5709 ccc/es.
2318 5698 2332 5719 ,
2365 5672 2486 5725 pag.
2519 5655 2626 5710 254
2661 5672 2812 5725 seqq.

2193 5727 2300 5800 μθ)
2347 5726 2487 5781 Hist.
2521 5726 2645 5782 eccl.
2679 5725 2771 5779 lib.
2812 5741 2930 5793 \‘Ill,
2958 5741 3079 5796 cap.
3116 5725 3200 5780 15.
