3922 6502
183 427 312 481 1561

1180 425 1238 482 5.
1279 426 1554 482 ΡΗιιΕΑΞ
1593 427 1812 484 EPIST.
1850 430 1939 482 AD
1978 429 2364 486 Tfllllll'i'AS.

3281 432 3421 489 1503

333 611 3306 637 ._________________________________________________________________

1335 776 1464 888 ε.
1549 777 2256 890 PHILEE

779 985 1176 1048 ECCLESME
1233 987 1774 1048 THMUITARU‘M
1849 987 2204 1049 EPISCOPI
2262 988 2360 1048 ΕΤ
2417 987 2830 1050 MARTYRIS

1596 1167 1980 1212 EXCEBPTUM

926 1327 1085 1416 EX
1161 1327 1740 1420 EPISTOLA
1813 1329 1967 1417 AD
2038 1333 2698 1426 THMUITAS.

1145 1523 1298 1592 Apud
1345 1520 1539 1576 Euseb.
1567 1519 1707 1576 Hist.
1742 1522 1879 1579 eccl.
1911 1525 2005 1579 lib.
2041 1541 2161 1591 vm,
2201 1542 2321 1596 cap.
2357 1527 2446 1583 l0.

258 1793 472 1846 Τούτων
494 1793 745 1846 ἁπάντων
772 1793 1180 1864 ὑποδειγμάτων
1201 1795 1329 1864 ἡμῖν
1357 1795 1450 1848 καὶ
1470 1795 1750 1866 ὑπογραμ-

1920 1793 1958 1849 l.
2002 1793 2128 1848 Haec
2171 1795 2356 1849 omnia
2397 1796 2642 1865 exempla
2686 1810 2751 1850 ac
2791 1795 2946 1867 signa
2973 1803 3028 1852 et
3057 1797 3422 1867 pulcherrima

189 1885 308 1956 μῶν
327 1886 421 1939 καὶ
442 1883 622 1938 καλῶν
636 1885 1028 1957 γνωρισμάτων
1044 1888 1102 1939 ἐν
1125 1888 1242 1949 ταῖς
1266 1885 1438 1949 Θείαις
1461 1888 1554 1940 καὶ
1584 1888 1754 1957 ἱεραῖς

186 1977 429 2048 Γρανραῖς
463 1975 745 2045 κειμένων,
776 1976 925 2029 οὐδὲν
963 1975 1291 2046 μελήσαντες
1332 1975 1443 2044 (ll)
1478 1978 1526 2030 οἱ
1573 1977 1751 2048 μακά-

189 2086 295 2139 ριοι
319 2071 367 2121 οί
404 2070 498 2121 σὺν
529 2071 657 2138 ἡμῖν
689 2068 984 2140 μάρτυρες,
1015 2069 1075 2120 τὸ
1111 2069 1210 2137 τῆς
1240 2069 1416 2139 ψυχῆς
1444 2069 1596 2139 ὄμμα
1620 2069 1757 2140 πρὸς

184 2161 278 2214 τὸν
309 2162 400 2213 ἐπὶ
433 2161 645 2214 πάντων
676 2161 806 2212 Θεὸν
832 2159 1088 2230 καθαρῶς
1114 2161 1408 2223 τείναντες,
1437 2160 1644 2212 καὶτὸν
1670 2160 1754 2211 ἐπ’

185 2252 437 2322 εὐσεϐείᾳ
462 2252 685 2305 θάνατον
715 2254 771 2303 ἐν
798 2250 872 2320 νῷ
893 2250 1164 2314 λαϐόντες,
1193 2250 1360 2321 ἀπρὶξ
1388 2251 1486 2321 τῆς
1515 2249 1757 2320 κλήσεως

187 2345 427 2413 εἴχοντοο
465 2342 556 2394 τὸν
593 2342 690 2412 μὲν
719 2341 922 2412 Κύριον
962 2342 1116 2410 ἡμῶν
1161 2340 1368 2412 Ἰησοῦν
1409 2341 1640 2412 Χριστὸν
1667 2340 1760 2392 εὑ-

189 2437 377 2505 ρόντες
427 2432 922 2504 ἐνανθρωπήσαντα
977 2431 1044 2484 δι’
1073 2433 1240 2502 ἡμᾶς,
1294 2432 1381 2484 ἵνα
1430 2434 1609 2484 πᾶσαν
1660 2431 1758 2502 μὲν

187 2523 465 2593 ἁμαρτίαν
516 2522 743 2594 ἐκκόψῃ,
791 2522 976 2589 ἐφόδια
1021 2521 1077 2574 δὲ
1119 2522 1220 2591 τῆς
1269 2524 1348 2585 εἰς
1395 2522 1493 2592 τὴν
1543 2520 1758 2575 αἰώνιον

189 2615 335 2687 ζωὴν
379 2615 580 2668 εἰσόδου
627 2617 757 2686 ἡμῖν
817 2613 1136 2683 κατάθηται·
1193 2617 1274 2667 Οὐ
1310 2613 1417 2684 γὰρ
1449 2613 1760 2682 ἁρπαγμὸν

189 2707 458 2776 ἡγήσατο
488 2706 552 2759 τὸ
572 2702 719 2759 εἶναι
752 2705 856 2759 ἴσα
886 2703 1025 2770 Θεῷ·
1053 2707 1190 2759 ἀλλ’
1223 2706 1441 2760 ἑαυτὸν
1477 2705 1756 2770 ἐκένωσε,

187 2799 426 2868 μορφὴν
451 2798 668 2852 δούλου
707 2797 933 2851 λαϐὼν·
967 2798 1067 2850 καὶ
1095 2797 1358 2866 σχήματι
1392 2797 1652 2864 εὑρεθεὶς
1680 2797 1761 2862 ὡς

191 2888 516 2955 ἅνθρωπος,
544 2885 760 2940 ἑαυτὸν
782 2887 1184 2940 ἐταπείνωσεν
1207 2887 1318 2952 ἕως
1345 2886 1623 2951 θανάτου,
1657 2890 1758 2940 θα-

190 2979 376 3033 νάτου
400 2979 466 3033 δὲ
498 2980 786 3048 σταυροῦ.
831 2981 923 3033 Διὸ
966 2982 1060 3034 καὶ
1087 2980 1427 3051 ζηλώσαντες
1446 2980 1514 3033 τὰ
1541 2979 1760 3052 μείζονα

191 3072 502 3144 χαρίσματα
532 3074 580 3124 οἱ
606 3072 962 3142 Χριστοφόροι
997 3072 1271 3144 μάρτυρες
1293 3073 1426 3141 (12),
1460 3073 1638 3126 πάντα
1664 3073 1762 3142 μὲν

1861 1887 2183 1942 documenta
2229 1884 2284 1938 in
2328 1886 2498 1939 sacris
2552 1885 2748 1941 litteris
2796 1896 3007 1940 exstare
3056 1902 3180 1942 cum
3224 1888 3430 1942 scirent

1861 1982 2159 2037 beatissimi
2225 1981 2318 2050 qui
2370 1980 2654 2034 nobiscum
2707 1980 2904 2036 versati
2952 1986 3079 2036 sunt
3124 1991 3426 2052 martyres,

1862 2074 2065 2143 absque
2110 2073 2218 2128 ulla
2259 2071 2634 2134 cunctatione,
2667 2072 2884 2126 oculum
2914 2075 3112 2129 mentis
3157 2075 3210 2127 in
3239 2089 3431 2143 supre-

1863 2180 2008 2219 mum
2042 2165 2284 2217 omnium
2314 2162 2484 2217 Deum
2517 2163 2728 2218 sincere
2757 2163 3073 2233 deﬁgentes,
3105 2174 3159 2219 et
3197 2175 3426 2219 mortem

1861 2266 1962 2321 pro
1997 2251 2196 2321 pietate
2242 2252 2429 2305 libenti
2457 2251 2641 2306 animo
2683 2252 3070 2322 amplectentes
3093 2293 3108 2318 ,
3153 2256 3427 2311 vocationi

1864 2358 1977 2397 suae
2028 2343 2378 2412 pertinaciter
2428 2342 2783 2398 inhaeserunt.
2860 2342 3069 2414 Qu’ippe
3121 2347 3215 2415 qui
3263 2344 3429 2416 probe

1865 2445 2107 2499 nossent,
2133 2433 2423 2488 Dominum
2451 2444 2702 2490 nostrum
2726 2432 2910 2490 Jesum
2937 2436 3216 2492 Christum
3242 2447 3429 2492 nostra

1864 2541 2029 2580 causa
2079 2527 2354 2580 hominem
2406 2527 2610 2582 idcirco
2654 2527 2858 2584 factum
2892 2529 3079 2594 fuisse,
3118 2537 3178 2583 ut
3220 2535 3274 2583 et
3305 2543 3430 2598 pec-

1867 2627 2048 2671 catum
2097 2618 2323 2672 omnino
2359 2618 2728 2684 exscinderet,
2765 2630 2817 2675 et
2855 2619 2920 2674 ad
2957 2620 3124 2674 vitam
3171 2629 3429 2675 aeternam

1866 2705 2322 2762 contendentibus
2356 2707 2514 2763 nobis
2545 2709 2786 2764 subsidia
2826 2708 3035 2763 itineris
3069 2717 3428 2778 compararet.

1871 2795 1991 2851 Non
2019 2799 2164 2852 enim
2206 2799 2449 2867 rapinam
2488 2798 2778 2852 arbitratus
2814 2809 2890 2852 est
2916 2799 3196 2866 Christus,
3236 2815 3346 2853 esse
3378 2815 3433 2854 se

1868 2891 2122 2960 a’qualem
2147 2891 2284 2955 Dea;
2318 2892 2407 2944 sed
2431 2892 2718 2946 exinanivit
2747 2909 2799 2946 se
2823 2893 3014 2960 ipsum,
3044 2893 3178 2947 servi
3205 2893 3432 2962 formam

1867 2982 2088 3035 induens
2107 2997 2128 3046 ,°
2159 2992 2204 3034 ct
2236 2983 2404 3050 specie
2450 2982 2564 3050 ipsa
2601 2983 2834 3035 inventus
2874 2982 3026 3051 quasi
3053 2982 3226 3047 homo,
3260 2982 3434 3034 humi-

1868 3073 2018 3127 liavit
2065 3090 2118 3127 se
2149 3075 2322 3143 ipsum
2363 3091 2525 3144 usque
2565 3073 2633 3127 ad
2663 3083 2915 3138 mortem;
2951 3084 3000 3126 et
3039 3073 3247 3142 quidem
3290 3089 3432 3126 mor-

192 3164 349 3216 πὸνον
381 3165 474 3217 καὶ
509 3164 768 3227 παντοίας
806 3163 1080 3234 αἰκισμῶν
1118 3163 1359 3226 ἐπινοίας
1383 3165 1482 3217 οὐκ
1507 3163 1760 3231 εἰσάπαξ,

1874 3175 1968 3219 tem
2013 3166 2245 3219 crucis‘.
2296 3164 2530 3219 Proinde
2581 3165 2807 3218 meliora
2865 3163 3192 3218 charismata
3235 3180 3431 3220 conse-

191 3255 305 3308 ἀλλ’
336 3257 435 3326 ήδη
479 3258 571 3310 καὶ
619 3257 890 3325 δεύτερον,
919 3257 1062 3319 τινὲς
1100 3257 1396 3326 ὑπέμειναν
1420 3274 1433 3286 ·
1488 3258 1666 3321 πάσας
1708 3258 1766 3311 δὲ

190 3348 420 3412 ἀπειλὰς
443 3349 504 3401 οὐ
531 3348 707 3418 λόγοις
740 3350 919 3420 μόνον,
959 3349 1094 3402 ἀλλὰ
1127 3350 1219 3402 καὶ
1255 3349 1436 3421 ἔργοις
1464 3350 1571 3403 τῶν
1602 3351 1763 3422 δορυ-

192 3442 374 3510 φόρων
427 3443 545 3493 κατ’
592 3443 769 3495 αὐτῶν
817 3443 1302 3514 φιλοτιμουμένων,
1352 3446 1450 3497 οὐκ
1495 3444 1761 3497 ἐνεδίδουν

191 3532 292 3601 τὴν
318 3533 559 3603 γνώμην,
597 3533 685 3586 διὰ
704 3535 764 3587 τὸ
787 3534 900 3602 τὴν
926 3538 1165 3589 τελείαν
1189 3533 1429 3606 ἀγάπην
1460 3535 1576 3600 ἔξω
1603 3535 1761 3600 ,ϐάλ-

191 3627 326 3678 λειν
354 3625 459 3679 τὸν
484 3627 688 3694 φόϐον.

1869 3265 2078 3311 ctantes
2125 3265 2394 3326 martyres
2438 3256 2531 3326 qui
2558 3255 2833 3310 Christum
2885 3255 3188 3326 gestabant,
3243 3270 3431 3312 omnes

1866 3363 2162 3414 ωνυωηιιε,
2201 3349 2386 3402 omnia
2426 3356 2822 3402 tormentorum
2867 3363 3064 3418 genera
3108 3363 3229 3416 qua:
3271 3362 3431 3403 θκοοο

1865 3439 2023 3510 gitari
2052 3447 2364 3507 potuerant,
2403 3455 2512 3492 non
2539 3438 2728 3502 semel,
2767 3439 2862 3493 sed
2902 3439 3098 3492 iterum
3137 3455 3201 3493 ac
3230 3439 3428 3508 saepius

1864 3533 2111 3586 nonnulli
2157 3532 2551 3587 sustinuerunt.
2579 3530 2645 3584 Et
2675 3547 2798 3585 cum
2827 3531 3086 3585 satellites
3119 3547 3227 3584 non
3257 3531 3431 3586 solum

1861 3627 2042 3681 verbis
2070 3627 2362 3689 minantes,
2393 3626 2483 3679 sed
2519 3627 2681 3678 etiam
2710 3622 2866 3678 lactis
2904 3633 3164 3677 terrorem
3193 3625 3326 3694 ipsis
3353 3626 3437 3678 in—

193 3726 378 3771 cutere
418 3720 663 3773 certatim
699 3719 1020 3787 niterentur,
1065 3735 1173 3774 non
1214 3731 1395 3776 tamen
1440 3719 1597 3776 fracti
1630 3731 1759 3777 sunt
1797 3713 1999 3789 animo,
2030 3735 2096 3776 eo
2123 3719 2265 3791 quod
2311 3720 2540 3788 perfecta
2574 3718 2806 3772 cltaritas
2875 3719 3019 3787 foras
3091 3719 3332 3788 ejiciebat
3366 3722 3438 3772 ti-

195 3829 390 3866 morem
417 3815 458 3868 ’.

267 3897 366 3955 Ὧν
400 3904 715 3972 καταλέγειν
754 3906 854 3976 τὴν
898 3906 1097 3979 ἀρετὴν
1147 3909 1240 3959 καὶ
1283 3906 1381 3978 τὴν
1429 3908 1514 3977 ἐφ’
1557 3908 1762 3980 ἑκάστῃ

195 3995 418 4066 βασάνῳ
447 3996 716 4068 ἀνδρείαν,
761 3999 845 4062 τίς
876 3999 940 4053 ἂν
982 4001 1233 4070 ἀρκέσειε
1262 3999 1451 4069 λόγος;
1507 4000 1767 4064 Ἀνέσεως

193 4084 306 4154 γὰρ
359 4084 524 4157 οΰσης
579 4088 749 4140 ἅπασι
797 4092 909 4152 τοῖς
960 4089 1302 4161 βουλομένοις
1344 4088 1670 4160 ἐνυϐρίζειν,
1716 4092 1766 4143 ot

198 4177 301 4247 μὲν
330 4177 503 4243 ξύλοις
533 4180 782 4234 ἐπαίοντο
799 4198 814 4212 ·
839 4182 1015 4254 ἕτεροι
1040 4183 1096 4236 δὲ
1134 4182 1349 4252 ῥάϐδοις
1372 4199 1385 4212 ⁶
1411 4181 1556 4237 ἄλλοι
1589 4182 1644 4234 δὲ
1668 4182 1770 4251 μά-

197 4267 371 4333 στιξιν
391 4287 404 4300 ο
430 4270 603 4342 ἕτεροι
627 4272 682 4324 δὲ
711 4273 868 4326 πάλιν
894 4275 1096 4343 ίμάσινο
1122 4273 1340 4328 ἄλλοιδέ
1363 4271 1633 4344 σχοινίοις.
1660 4273 1772 4325 Kal.

192 4355 270 4428 ἦν
316 4362 349 4432 ἡ
389 4360 485 4414 θέα
527 4363 635 4415 τῶν
680 4365 949 4434 αἰκισμῶν
1000 4366 1373 4438 ἐνηλλαγμένη
1428 4367 1522 4420 καὶ
1571 4364 1768 4436 πολλὴν

193 4453 300 4522 τὴν
349 4454 405 4505 ἐν
438 4454 571 4525 αὐτῇ
603 4455 797 4507 κακίαν
835 4455 1053 4524 ἔχουσα.
1090 4459 1149 4510 Οἱ
1189 4458 1287 4527 μὲν
1333 4456 1440 4528 γὰρ
1486 4457 1659 4510 ὀπίσω
1691 4455 1768 4509 τὼ

1961 3902 2026 3957 11.
2083 3901 2326 3968 Quorum
2381 3900 2634 3954 virtutem
2679 3907 2733 3951 et
2776 3896 2828 3950 in
2875 3897 3102 3967 singulis
3146 3898 3434 3954 tormentis

1869 3995 2263 4058 fortitudinem,
2292 4007 2413 4062 quae
2437 3992 2651 4046 tandem
2678 3990 2853 4044 oratio
2885 3990 3055 4059 possit
3081 3990 3438 4058 percensere?

1868 4087 2006 4143 Nam
2045 4101 2171 4141 cum
2216 4100 2313 4140 eos
2360 4084 2560 4152 injuria
2609 4081 2824 4136 allicere
2878 4081 3051 4136 cuivis
3094 4082 3299 4147 liceret,
3343 4082 3436 4136 alii

1871 4179 2129 4243 fustibus,
2173 4176 2260 4230 alii
2309 4175 2499 4246 virgis,
2542 4174 2632 4227 alii
2683 4173 2866 4242 ﬂagris
2906 4187 3002 4227 eos
3036 4173 3430 4227 verberabant:

1873 4272 2094 4341 quidam
2142 4269 2310 4335 loris;
2361 4267 2607 4322 nonnulli
2659 4268 2820 4320 etiam
2868 4263 3092 4321 funibus
3136 4265 3435 4320 caedebant.

1875 4363 2111 4434 Eratque
2172 4359 2482 4430 hujusmodi
2526 4359 2867 4413 cruciatuum
2921 4357 3289 4427 spectaculum
3342 4373 3438 4411 va-

1876 4455 2018 4509 rium
2074 4461 2129 4507 et.
2177 4451 2460 4522 multiplex
2506 4451 2836 4520 plenumque
2903 4449 3141 4504 malitiae.
3205 4447 3436 4515 Quidam

195 4547 353 4618 χεῖρε
386 4545 646 4610 δεθέντες,
687 4548 814 4617 περὶ
857 4547 915 4600 τὸ
945 4547 1100 4614 ξύλον
1131 4549 1244 4620 (l5)
1294 4549 1620 4621 ἐξηρτῶντο,
1676 4550 1766 4602 καὶ

1875 4546 2019 4599 enim
2063 4545 2280 4599 illorum
2331 4541 2584 4596 manibus
2626 4553 2747 4610 post
2803 4551 3011 4610 tergum
3059 4540 3317 4594 revinctis
3369 4541 3440 4594 ad

201 4637 504 4706 μαγγάνοις
541 4638 651 4690 τισὶ
692 4639 1009 4692 διετείνοντο
1050 4641 1156 4692 πᾶν
1210 4629 1386 4710 μέλοςῖ
1439 4639 1553 4694 Εἶθ’
1599 4641 1771 4706 οὕτως

196 4727 292 4780 διὰ
317 4727 512 4792 παντὸς
535 4729 626 4783 τοῦ
664 4728 913 4800 σώματος
941 4730 1142 4800 ἐπῆγον
1171 4733 1234 4784 ἐκ
1263 4732 1566 4796 κελεύσεως
1595 4735 1644 4786 οἱ
1673 4733 1772 4804 βα-

201 4821 472 4884 σανισταὶ,
503 4823 563 4875 οὐ
597 4822 848 4893 καθάπερ
885 4824 998 4885 τοῖς
1032 4823 1281 4890 φονεῦσιν
1330 4825 1422 4876 ἐπὶ
1453 4824 1562 4877 τῶν
1609 4825 1773 4877 πλευ-

203 4911 319 4984 ρῶν
353 4915 532 4984 μόνον,
564 4913 697 4967 ἀλλὰ
744 4915 838 4968 καὶ
869 4914 970 4983 τῆς
1011 4915 1244 4985 γαστρὸς
1291 4917 1384 4968 καὶ
1423 4917 1646 4985 κνημῶν
1680 4917 1774 4968 καὶ

199 5005 450 5075 παρειῶν
487 5009 598 5070 τοῖς
638 5007 991 5078 ἀμυντηρίοις
1037 5005 1291 5070 ἐκόλαζον
1330 5007 1458 5079 (14)⁶
1500 5008 1677 5078 ἐτεροι
1717 5007 1773 5060 δὲ

286 5123 302 5152 ⁸
326 5119 562 5190 Philipp.
589 5137 648 5188 ll,
673 5123 792 5178 6-8.
869 5124 935 5176 ²1
970 5122 1332 5187 Joan.tv,18.

286 5233 392 5302 (ll)
422 5233 612 5287 Οὐδὲν
638 5233 1031 5303 μελήσειν-τες.
1080 5233 1266 5304 Scribe
1302 5231 1682 5304 μελλῄσαντες,
1719 5239 1778 5286 ut

201 5298 408 5370 legitur
447 5304 500 5356 in
537 5298 725 5358 codice
772 5305 936 5368 Med.,
971 5298 1129 5365 Mar”,
1163 5298 1314 5357 Fuk:
1345 5313 1398 5357 et
1423 5298 1589 5370 savil.
1630 5301 1774 5355 Idem

202 5389 366 5426 error
413 5388 478 5426 ex
511 5375 823 5428 eorumdem
875 5374 1122 5428 codicum
1176 5375 1497 5427 auctoritate
1547 5389 1577 5425 a
1618 5372 1778 5426 nobis

203 5444 533 5498 ernendatus
565 5453 648 5497 est
676 5459 866 5497 rursus
907 5443 1044 5497 infra
1083 5445 1134 5496 in
1166 5444 1266 5497 hac
1303 5442 1501 5496 Philea:
1525 5442 1774 5510 epistola.

285 5512 394 5582 (12)
426 5515 517 5582 ,Οἱ
563 5515 946 5582 Χριστορόροι
993 5513 1308 5581 μάρτυρες.
1366 5512 1420 5566 ιιι
1458 5521 1537 5565 est
1569 5510 1778 5564 Christo

204 5584 284 5652 pl.
303 5584 375 5635 ni.
415 5581 506 5636 Sic
527 5581 760 5649 lguatius
788 5585 1157 5636 Antiochenus
1182 5583 1471 5652 episcopus
1494 5582 1672 5634 dictus
1696 5590 1780 5634 est

206 5653 502 5722 Θεοφορος,
540 5653 590 5708 id
617 5662 697 5707 est
732 5652 834 5705 Deo
870 5655 1070 5720 plenus.

289 5719 402 5789 (l5)
447 5725 584 5790 Περὶ
624 5722 689 5774 τὸ
732 5719 939 5785 ξύλον.
986 5722 1288 5791 Equuleum
1334 5721 1603 5791 intelligo.
1651 5719 1778 5772 Reis

209 5793 358 5844 enim
390 5791 465 5862 in
495 5794 724 5859 equuleo
770 5790 1070 5861 suspensis,
1122 5793 1289 5846 latera
1320 5790 1536 5846 ferreis
1560 5790 1780 5862 ungulis

211 5861 584 5916 exarabantur

1873 4637 2108 4705 stipitem
2155 4633 2624 4704 suspendebantur
2655 4649 2669 4685 :
2706 4647 2768 4684 ac
2795 4632 2987 4685 deinde
3024 4632 3276 4685 universa
3313 4645 3438 4685 cor-

1872 4728 2022 4797 puris
2051 4727 2292 4780 membra
2323 4726 2588 4779 machinis
2618 4723 2939 4792 quihusdam
2968 4722 3438 4779 dislendebantur.

1877 4819 2003 4872 Post
2040 4817 2154 4871 haec
2189 4826 2422 4870 tortores
2451 4816 2604 4884 jussu
2650 4815 2853 4884 iudicis
2902 4814 3158 4867 universo
3199 4811 3439 4882 corpori,

1873 4919 2049 4975 neque
2095 4915 2152 4958 ut
2200 4905 2488 4959 homicidis
2529 4905 2687 4970 solet,
2723 4903 2978 4958 lateribus
3017 4903 3308 4967 duntaxat,
3345 4902 3440 4956 sed

1873 5010 2035 5064 etiam
2077 5008 2274 5074 ventri,
2318 5009 2570 5063 cruribus
2621 5023 2684 5062 ac
2720 5007 2873 5078 genis
2915 5006 3190 5060 cruciatus
3248 5005 3441 5060 ferreis

1947 5228 2057 5296 (ll)
2107 5226 2508 5298 ‘Ayvrtnplorq
2533 5223 2834 5298 ἐκόλαζον.
2866 5223 3064 5298 Eadem
3092 5222 3254 5298 verba
3278 5220 3442 5298 habet

1876 5291 2268 5366 Metaplirastes
2305 5291 2365 5348 ὶιῖ
2395 5297 2537 5348 Actis
2561 5295 2839 5366 passionis
2864 5294 3079 5366 Philem.
3110 5291 3441 5360 Niceplmrus

1877 5363 2127 5425 emendat
2146 5366 2497 5437 ἀμυντηρίοις
2519 5365 2615 5428 τὰς
2634 5365 2894 5437 κολάσεις.
2916 5363 3098 5424 Recte,
3115 5373 3172 5416 ut
3189 5370 3438 5437 apparet:

1878 5431 2198 5509 ἀμυντήριᾷ
2236 5431 2412 5490 autem
2468 5445 2606 5509 sunt
2639 5435 2876 5509 ungulae,
2927 5444 2989 5509 ut.
3029 5431 3446 5509 rectediulinus

1879 5501 2058 5562 vertit.
2077 5501 2345 5561 Videntur
2377 5519 2554 5560 tamen
2584 5501 3124 5574 ἀμυντήριαιιιίῳιὶιι
3155 5501 3277 5568 plus
3295 5515 3442 5574 esse,

1879 5594 2040 5646 quam
2083 5577 2316 5646 ungulaz.
2371 5576 2503 5629 Nam
2552 5569 2852 5647 Hesychius
2897 5569 3230 5647 ἀμυντήριον
3283 5569 3443 5647 ,ξίφος

1878 5642 2129 5717 δίστομον
2163 5642 2560 5714 interpretatur
2587 5686 2616 5717 ,_
2655 5642 2706 5717 id
2760 5654 2841 5717 est
2891 5642 3129 5717 gladium
3187 5643 3444 5717 utrinque

1880 5709 2099 5772 acutum
2133 5736 2144 5769 :
2175 5727 2230 5770 et
2272 5709 2335 5769 in
2365 5717 2464 5769 hoc
2489 5715 2780 5768 crudelitas
2807 5709 3050 5780 judieum
3087 5720 3319 5780 notatur,
3351 5709 3448 5778 qui

1881 5806 1988 5840 non
2020 5789 2255 5842 contenti
2285 5787 2622 5852 simplicibus
2653 5779 2889 5851 ungulis,
2922 5781 3198 5838 novaculis
3232 5779 3298 5836 ad
3324 5795 3451 5837 csa.

1884 5859 2052 5914 randa
2084 5867 2378 5929 martyrum
2411 5859 2574 5911 latera
2608 5855 2915 5911 utebantur.
