3922 6478
497 377 634 432 1565

1712 375 1770 430 S.
1811 373 2084 430 PHILEIE
2125 371 2506 430 THMUITANI

3617 361 3756 415 156$

496 497 716 568 ungulis
753 497 1100 552 adhibebant.
1135 497 1368 563 Quidam
1405 513 1534 554 vero
1578 499 1748 554 altera
1795 515 1955 553 manu
1993 499 2060 552 ad

2174 497 2270 550 Ξπὺ
2301 498 2400 568 τῆς
2425 498 2586 559 στοᾶς
2636 495 2764 565 μιᾶς
2795 493 2974 564 χειρὸς
3017 487 3384 561 ἐξηρτημένοι
3434 486 3754 555 αίωροῦνττι,

495 591 762 660 porticum
802 591 1056 658 suspensi
1089 591 1432 659 pendebant;
1469 591 1685 660 quibus
1711 593 2066 646 articulorum

495 689 976 755 meu'nbrormnque
1011 687 1254 740 omnium
1296 687 1563 742 distensio
1591 685 1787 756 quovis
1822 687 2066 741 cruciatu

494 785 614 830 erat
641 775 909 830 acerbior.
952 776 1058 830 Alii
1091 776 1333 830 vultibus
1371 777 1424 831 in
1465 793 1523 832 se
1564 785 1756 831 mutuo
1785 775 2067 831 conversis

496 869 566 922 ad
594 868 881 923 columnas
910 868 1296 938 alligabautur,
1331 868 1559 937 pedibus
1583 868 1760 922 solum
1801 885 1910 923 non
1938 884 2068 923 con—

499 959 864 1028 tingentibus;
907 959 1043 1014 adeo
1093 967 1154 1013 ut
1191 959 1409 1012 vincula
1458 959 1725 1028 gravitate
1773 973 2068 1026 corporum

495 1051 709 1116 adacta,
742 1051 922 1106 acrius
968 1051 1402 1105 intenderentur.
1447 1051 1626 1119 Atque
1671 1049 1724 1104 id
1765 1049 2069 1104 tolerabant

497 1158 606 1196 non
642 1142 820 1196 solum
869 1142 1114 1211 quandiu
1161 1155 1364 1210 prazses
1409 1155 1502 1196 eos
1542 1141 1940 1212 alloquebatur,
1977 1149 2072 1194 aut

498 1234 788 1288 audiendis
815 1233 950 1302 ipsis
978 1233 1231 1296 vacabat,
1262 1233 1357 1287 sed
1393 1241 1510 1286 toto
1537 1232 1926 1302 propemodum
1959 1232 2066 1286 die.

497 1323 631 1378 Nam
671 1325 761 1378 ubi
796 1325 860 1378 ad
904 1324 1041 1378 alios
1069 1324 1367 1379 audiendos
1417 1325 1736 1387 transierat,
1787 1321 2070 1378 ministros

499 1414 660 1468 oliicii
697 1415 780 1468 sui
822 1415 1192 1484 relinquebat,
1239 1414 1334 1484 qui
1381 1414 1654 1484 prioribus
1691 1413 2067 1477 imminerent;

499 1509 543 1559 si
574 1505 712 1560 forte
745 1507 871 1576 quis
915 1516 1313 1560 tormentorum
1356 1506 1650 1560 acerbitate
1675 1506 1852 1561 victus
1892 1521 1922 1560 a
1947 1520 2072 1574 pro-

497 1595 676 1664 posito
704 1595 1009 1651 desciscere
1029 1595 1325 1650 videretur.
1374 1593 1712 1663 Jubebatque
1745 1609 1839 1648 eos
1865 1593 2072 1663 absque

501 1687 606 1740 ulla
639 1687 990 1741 miseratione
1015 1687 1248 1742 vinculis
1275 1685 1488 1758 stringi,
1517 1695 1572 1740 et.
1591 1694 1778 1756 postea
1801 1701 1924 1740 cum
1956 1685 2067 1754 jam

500 1778 739 1832 animam
786 1779 1128 1844 exhalarent,
1182 1779 1594 1848 humiabjectos
1653 1778 1812 1832 trahi.
1887 1775 2070 1846 Neque

2175 589 2356 660 πάσης
2405 587 2692 659 ἀλγηδόνος
2743 585 3048 654 δεινοτέραν
3100 583 3196 652 τὴν
3238 581 3350 634 ἀπὸ
3391 579 3508 632 τῶν
3545 577 3758 648 ἄρθρων

2173 681 2266 735 καὶ
2304 679 2479 752 μελῶν
2506 679 2664 732 τάσιν
2705 676 2921 747 ἔχοντες
2943 691 2956 705 ο
2989 673 3136 728 ἄλλοι
3163 673 3220 724 δέ
3256 671 3402 742 πρὸς
3435 673 3556 732 τοῖς
3589 669 3754 720 κίοσιν

2174 773 2578 844 ἀντιπρόσωποι
2611 769 2823 823 ἐδοῦντο
2855 769 2915 822 οὐ
2957 766 3212 838 βεϐηκόσι
3239 768 3362 830 τοῖς
3399 765 3560 822 ποσὶ,
3701 759 3758 812 δέ

2176 865 2331 936 βάρει
2363 863 2455 916 τοῦ
2487 863 2735 933 σώματος
2767 859 3101 932 βιαζομένων
3129 857 3268 930 μετὰ
3294 855 3522 916 τάσεως
3545 852 3754 906 ἀνελκο-

2178 955 2352 1027 μένων
2379 955 2485 1007 τῶν
2511 953 2724 1025 δεσμῶν
2745 971 2758 983 ·
2794 953 2886 1006 καὶ
2905 949 3049 1006 τοῦθ’
3073 951 3366 1020 ὑπέμενον,
3397 947 3508 999 οὐκ
3537 945 3622 1012 ἐφ’
3641 945 3754 995 ὅσον

2176 1047 2605 1118 προσδιελέγετο,
2631 1045 2737 1098 οὐδ’
2763 1045 2946 1107 αὐτοῖς
2973 1041 3260 1112 ἐσχόλαζεν
3279 1044 3308 1094 ὁ
3335 1036 3604 1110 ἡγεμὼν,
3633 1035 3754 1086 ἁλὶ-ἃ

2179 1139 2460 1209 μονονουχὶ
2497 1137 2562 1191 δι’
2609 1136 2736 1207 ὅλης
2780 1135 2880 1206 τῆς
2911 1136 3145 1206 ἡμέρας.
3194 1135 3326 1185 Ὅτε
3377 1130 3497 1200 γὰρ
3541 1127 3636 1182 καὶ
3675 1125 3752 1194 ἐξ

2177 1230 2399 1302 ἐτέρους
2424 1227 2726 1300 μετέϐαινε,
2753 1228 2866 1290 τοῖς
2887 1226 3170 1296 προτέροις
3195 1221 3620 1292 κατελίμπανεν
3649 1219 3758 1284 Eg.-

2176 1322 2387 1394 δρεύειν
2425 1322 2552 1386 τοὺς
2581 1323 2647 1392 τῇ
2678 1318 2893 1389 ἐξουσίᾳ
2917 1315 3080 1372 αὐτοῦ
3109 1313 3606 1388 ὑπηρετουμένους
3633 1309 3754 1378 (15)·

2179 1415 2232 1469 εἴ
2263 1415 2363 1469 πού
2407 1433 2493 1479 τις
2530 1413 2784 1486 ἡττηθεὶς
2823 1412 2931 1464 τῶν
2963 1411 3210 1481 βασάνων
3255 1405 3532 1460 ἐνδιδόναι
3565 1402 3754 1454 ἐδόκει·

2178 1507 2410 1575 ἀφειδῶς
2441 1506 2496 1559 δὲ
2537 1503 2772 1558 κελεύων
2800 1504 2891 1556 καὶ
2921 1504 3032 1565 τοῖς
3055 1502 3272 1570 δεσμοῖς
3303 1494 3609 1568 προσιέναι
3633 1491 3754 1560 {IS}.

2178 1595 2271 1650 καὶ
2303 1594 2611 1667 μεταταῖηα
2647 1591 3124 1664 ψυχορῤαγοῦντας
3155 1588 3354 1650 αὐτοὺς
3389 1581 3756 1651 κατατιθεμέ-

2179 1705 2302 1750 νους
2344 1687 2424 1750 εἰς
2455 1686 2556 1758 τὴν
2585 1686 2687 1756 γῆν
2724 1683 2994 1736 ἐλκεσθαν
3023 1681 3088 1734 οὐ
3131 1679 3238 1751 γάρ
3269 1673 3418 1730 εἶναι
3453 1675 3568 1728 κᾶν
3603 1673 3757 1742 μέρος

2177 1780 2360 1842 αὐτοῖς
2405 1778 2681 1850 φροντίδος
2709 1776 2836 1847 περὶ
2865 1774 3046 1846 ἡμῶν·
3079 1772 3190 1825 ἀλλ’
3222 1768 3368 1824 οὕτω
3401 1769 3508 1821 καὶ
3533 1765 3752 1820 διατῶεί-

498 1869 645 1922 enim
683 1868 860 1922 aiebat
887 1869 972 1924 vel
1021 1869 1301 1922 minimam
1353 1869 1520 1923 nostri
1551 1884 1736 1923 curam
1765 1867 2066 1922 habendam

2175 1870 2294 1924 σθαι
2321 1869 2443 1940 ¹(Π)
2491 1871 2584 1923 καὶ
2635 1870 2914 1942 πράττειν,
2961 1867 3037 1929 ὼς
3087 1863 3274 1934 μηκέτ’
3321 1861 3528 1914 ὅντων.
3563 1855 3754 1925 ταύτην

498 1975 622 2015 esse
648 1980 661 2014 :
687 1962 780 2016 sed
810 1969 1037 2016 cunctos
1065 1962 1143 2016 sic
1175 1962 1242 2016 de
1267 1962 1426 2018 nobis
1457 1963 1677 2026 sentire,
1708 1961 1788 2016 sic
1819 1977 1944 2030 erga
1971 1975 2070 2016 nos

498 2068 658 2122 agerc
680 2053 896 2120 debere,
929 2054 1087 2124 quasi
1124 2069 1234 2107 non
1261 2054 1495 2124 amplius
1525 2053 1773 2107 homines
1801 2067 2066 2106 essemus.

500 2143 654 2198 Hunc
699 2145 910 2198 scilicet
963 2145 1264 2199 secundum
1317 2144 1618 2199 cruciatum
1672 2151 1798 2213 post
1843 2143 2072 2198 verbera

497 2235 704 2290 inimici
735 2237 908 2290 nostri
938 2235 1400 2304 excogitaverant.

569 2327 656 2381 lll.
699 2327 929 2394 Quidam
962 2329 1120 2382 etiam
1150 2333 1275 2397 post
1312 2334 1581 2381 tormenta
1603 2326 1656 2380 in
1697 2341 1864 2381 nervo
1885 2325 2072 2395 jacue-

495 2431 666 2488 runt,
724 2422 954 2490 pedibus
985 2421 1058 2475 ad
1087 2431 1324 2491 quatuor
1361 2435 1534 2489 usque
1574 2419 1844 2474 foramina
1873 2418 2074 2474 divari-

496 2513 669 2578 catis;
709 2511 782 2566 ita
824 2521 884 2565 ut
921 2512 1101 2581 supini
1143 2527 1266 2566 esse
1310 2521 1654 2580 cogerentur,
1697 2527 1822 2565 cum
1869 2511 1940 2564 ob
1979 2525 2070 2563 re-

496 2617 682 2664 centes
713 2609 993 2676 plagarum
1025 2605 1310 2660 cicatrices
1339 2617 1476 2672 quas
1513 2611 1626 2657 toto
1665 2617 1894 2672 corpore
1918 2615 2071 2670 gere-

501 2699 652 2760 bant,
687 2710 832 2752 stare
858 2696 1082 2750 omnino
1108 2711 1214 2750 non
1239 2704 1481 2763 possent.
1525 2693 1628 2746 Alii
1665 2693 1816 2746 humi
1841 2690 2068 2761 projecti

493 2790 750 2861 jaccbant
767 2805 874 2858 prae
890 2787 1055 2842 nimia
1077 2794 1472 2842 tormentorum
1497 2787 1815 2852 acerbitate;
1834 2793 1887 2838 et
1901 2783 2071 2838 multo

498 2883 719 2954 gravius
743 2897 906 2950 quant
927 2881 1054 2936 dum
1075 2879 1451 2934 cruciarentur
1467 2877 1832 2947 spectaculum
1857 2876 2071 2930 intuen-

501 2973 648 3028 tibus
683 2971 1024 3042 praebebant,
1059 2970 1210 3024 varia
1273 2985 1338 3024 ac
1397 2969 1717 3038 multiplicia
1771 2973 2070 3022 tormento-

500 3081 624 3118 rum
671 3065 975 3133 excogitata
1021 3077 1220 3131 genera
1267 3060 1590 3129 corporibus
1634 3060 1749 3115 suis
1778 3056 2069 3114 circumfe-

503 3165 704 3212 rentes.
743 3155 874 3220 Qua:
913 3169 1036 3209 cum
1084 3156 1158 3207 ita
1185 3161 1521 3223 gererentur,
1565 3151 1660 3204 alii
1701 3152 1754 3204 in
1789 3149 1924 3220 ipsis
1952 3159 2067 3204 tor-

501 3250 700 3303 mentis
724 3247 1105 3316 exspirabant,
1146 3243 1452 3299 constantia
1487 3259 1584 3298 sua
1617 3241 1876 3312 pudorem
1918 3242 2070 3295 incu-

504 3344 700 3398 tientes
757 3339 1091 3396 adversario.
1162 3339 1268 3391 Alii
1329 3337 1628 3393 semineces
1685 3337 1740 3390 in
1795 3352 2069 3391 carcerem

497 3436 662 3500 trusi,
709 3433 900 3504 paucis
927 3441 1048 3501 post
1075 3431 1268 3486 diebus
1298 3429 1580 3484 doloribus
1620 3429 1870 3498 oppressi
1899 3428 2069 3482 vitam

501 3527 779 3581 ﬁnierunt.
843 3523 1057 3593 Reliqui
1115 3523 1424 3577 curantium
1472 3521 1728 3576 remediis
1761 3519 2068 3586 refocillati,

501 3629 745 3686 tempore
777 3605 896 3686 ipso
927 3631 989 3670 ac
1017 3615 1274 3670 diuturna
1303 3614 1546 3668 carceris
1578 3627 1730 3666 mora
1759 3611 2070 3668 ﬁdentiores

499 3723 740 3763 evasere.
803 3707 988 3777 Itaque
1052 3721 1177 3761 cum
1217 3714 1405 3776 postea
1464 3705 1787 3775 juberentur
1846 3703 2069 3773 eligere,

501 3808 685 3853 utrum
747 3798 1010 3858 mallent,
1067 3811 1134 3850 an
1187 3794 1452 3850 contactis
1509 3793 1736 3848 nefariis
1788 3793 2070 3849 sacriﬁciis

501 3891 652 3946 omni
688 3891 934 3944 molestia
973 3887 1210 3951 liberari,
1253 3897 1307 3942 et
1341 3886 1717 3942 abominandae
1768 3886 2068 3941 absolutio-

501 3985 588 4037 nis
622 3982 944 4038 sententiam
973 3981 1041 4035 ab
1069 3980 1204 4050 ipsis
1244 3979 1538 4048 consequi;
1576 3994 1644 4031 an
1681 3991 1813 4031 vero
1862 3978 2070 4032 sacriﬁ-

499 4092 627 4132 care
654 4077 953 4132 abnuentes
1002 4073 1178 4143 capite
1225 4072 1473 4127 damnari
1507 4089 1518 4124 :
1549 4087 1741 4126 onmes
1767 4071 1903 4124 nihil
1930 4087 2069 4126 cun-

572 4230 684 4297 (15)
724 4230 869 4295 Τοὺς
900 4228 974 4296 τῇ
999 4228 1252 4297 ἐξουσίᾳ
1292 4225 1837 4297 ὐπηρετουμένους.
1885 4227 2066 4295 Appa-

500 4301 718 4361 ritores,
755 4315 850 4353 seu
884 4299 1137 4352 olliciales
1164 4300 1441 4368 intelligit,
1472 4299 1565 4366 qui
1601 4297 2069 4368 prmlecto‘Augu-

501 4369 628 4423 stali
665 4369 1124 4438 obsequebantur.
1161 4367 1235 4419 De
1270 4365 1372 4421 hoc
1403 4365 1547 4422 enim
1587 4365 1826 4438 loquitur
1853 4365 2068 4438 Phileas

501 4441 554 4493 in
589 4440 690 4492 hac
717 4434 966 4507 epistola,
999 4449 1048 4491 et
1074 4438 1318 4507 ἡγεμόνα
1344 4453 1468 4490 eum
1497 4446 1676 4507 vocat.
1719 4434 2067 4507 Porroégoo-

501 4510 593 4564 σία
625 4505 836 4563 ferevde
871 4505 1490 4577 Imijoribus’judicibus
1519 4505 1739 4568 dicitur,
1771 4505 2064 4577 qtti_habe-

455 4581 458 4584 '
499 4553 1177 4648 ὖξιῖιίῖιῖεἶιᾰᾶἷῖξξὲῖιίᾶε
1208 4553 2062 4648 'ﬂiiitié'fmiééia}:inﬁtiandi}.
2097 4553 2142 4607 Ῑ)

501 4659 560 4704 ιιι
589 4643 996 4718 οίιύιρὶιηιιες
1017 4643 1146 4713 Quae
1171 4663 1272 4701 vox
1301 4662 1367 4702 eo
1391 4643 1554 4718 sensu
1589 4643 1784 4718 saepius
1827 4645 2066 4718 occurrit

496 4720 638 4788 apud
664 4714 1419 4788 .loahnemChrysostomum.
1445 4717 1618 4788 Porro
1645 4714 1932 4788 praefectus
1954 4717 2064 4768 Au—

495 4785 725 4859 gustalis
781 4805 846 4843 eo
875 4785 1373 4859 quidem_tempore
1402 4797 1520 4843 erat
1545 4785 2065 4859 H_ierocles,_quem-

493 4853 792 4914 admodum
844 4853 1031 4914 scribit
1083 4853 1424 4928 Epiphanius
1481 4859 1537 4912 in
1586 4856 1777 4911 haaresi
1830 4853 2064 4910 Meletia-

493 4945 710 4986 IIOI‘IIII).

565 4999 677 5070 (16)
702 4997 844 5070 Τοῖς
879 4997 1122 5070 δεσμοῖς
1162 4997 1490 5070 προσιέναι.
1539 4995 1688 5051 Nova
1742 5005 1798 5051 et
1825 4994 2062 5052 insolens

491 5069 628 5124 mihi
663 5069 874 5122 videtur
905 5069 1017 5122 hmc
1054 5069 1276 5122 locutio.

565 5139 676 5210 (l7)
713 5139 875 5210 0_i'vr_w
910 5138 1007 5191 καὶ
1041 5137 1424 5210 διανοεῖσθαι.
1446 5135 1629 5210 Nostri
1657 5134 2057 5210 co_diees_hlaz.,

491 5205 634 5330 gica.
659 5205 716 5262 et
738 5205 872 5262 Fuk.
899 5223 1081 5262 vocem
1108 5207 1312 5262 addunt
1339 5209 1443 5262 hoc
1466 5209 1649 5272 modo,
1675 5205 1818 5260 οὕτω
1844 5205 2060 5260 ἐδόκουν

527 5295 724 5330 ιαν.....

527 5295 724 5333 ιαν.....

566 5349 678 5418 (18)
734 5348 966 5418 Ταύτην
1010 5347 1296 5414 δευτέραν
1326 5346 1626 5410 βάσανον.
1677 5345 2056 5414 Raptationem

493 5417 762 5487 intelligit.
795 5417 1014 5473 Primus
1043 5419 1186 5472 enim
1227 5419 1504 5472 cruciatus
1536 5426 1653 5470 erat
1673 5419 1960 5487 verberum
1993 5431 2056 5472 ac

492 5486 774 5556 plagarmn
811 5497 865 5542 et
894 5488 1240 5558 ungularum.
1270 5488 1572 5558 Secundus,
1605 5495 1666 5540 ut
1710 5487 1862 5540 humi
1886 5486 2052 5555 depo-

489 5558 583 5609 siti
615 5557 1047 5612 traherentur’et
1079 5567 1421 5626 raptarentur
1457 5557 1508 5609 in
1541 5571 1828 5610 carcerem.

569 5628 678 5695 (19)
731 5629 855 5680 Ἐπὶ
881 5628 988 5681 τοῦ
1014 5625 1206 5692 ξύλου
1242 5629 1517 5696 κείμενοι.
1567 5625 1805 5681 Pessime
1837 5625 2053 5696 Langus

496 5705 761 5751 catastam
811 5699 993 5753 vertit.
1032 5698 1130 5751 llic
1157 5699 1302 5752 enim
1335 5698 1396 5749 τὺ
1427 5696 1578 5760 ξύλον
1620 5697 1775 5750 aliter
1817 5699 2053 5752 sumitur

498 5783 562 5820 ac
589 5783 771 5836 supra.
803 5767 936 5822 Nam
971 5785 1133 5837 supra
1179 5768 1394 5837 quidem
1427 5767 1644 5836 ptmitur
1669 5783 1764 5836 pro
1799 5769 2047 5834 equuleo.

502 5846 562 5896 ut
589 5853 656 5893 ex
689 5837 884 5894 Ruﬁno
917 5841 1244 5894 monuimus.
1285 5837 1381 5894 llic
1413 5855 1536 5898 vero
1571 5852 1668 5908 pro
1707 5851 1870 5892 nervo
1903 5839 2051 5907 poni-

2173 1959 2428 2030 δευτέραν
2457 1959 2688 2029 βάσανον
2714 1955 2822 2028 (18)
2851 1956 2945 2009 ἐπὶ
2971 1956 3090 2018 ταῖς
3116 1951 3352 2022 πληγαῖς
3381 1948 3506 2002 τῶν
3536 1948 3756 2000 ὑπεναν-

2172 2051 2302 2104 τίων
2338 2049 2694 2122 ἐφευρόντων.

2242 2331 2419 2389 Ἦσαν
2452 2335 2506 2390 δὲ
2532 2335 2582 2388 οἱ
2623 2335 2718 2389 καὶ
2753 2335 2890 2406 μετὰ
2919 2335 3046 2398 τοὺς
3075 2332 3370 2404 αἰκισμοὺς
3415 2329 3520 2384 ἐπὶ
3549 2327 3646 2383 τοῦ
3675 2327 3756 2392 ξύ-

2172 2429 2262 2482 λου
2293 2429 2534 2499 κείμενοι
2569 2428 2679 2499 (19)
2713 2427 2801 2480 διὰ
2839 2427 2947 2480 τῶν
2979 2426 3260 2496 τεσσάρων
3303 2422 3466 2475 ὀπῶν
3505 2423 3748 2475 6:122:1-

2176 2519 2322 2589 μένοι
2355 2517 2522 2589 ἄμφω
2557 2517 2635 2569 τὼ
2667 2516 2818 2579 πόδε,
2847 2517 2922 2579 ὡς
2954 2517 3048 2568 καὶ
3092 2516 3210 2568 κατ’
3253 2514 3520 2583 ἀνάγκην
3569 2513 3756 2572 αὐτοὺς

2175 2609 2266 2662 ἐπὶ
2293 2608 2385 2662 τοῦ
2405 2608 2560 2675 ξύλου
2579 2605 2802 2671 ὑπτίους
2817 2603 2975 2672 εἶναι,
2999 2607 3072 2679 μὴ
3090 2606 3424 2676 δυναμένους
3445 2605 3690 2675 (19)δώ
3705 2605 3754 2655 τέ

2172 2700 2368 2754 ἔναυλα
2395 2700 2462 2752 τὰ
2488 2699 2778 2772 τραύματα
2811 2700 2916 2754 ἀπὸ
2945 2699 3054 2752 τῶν
3086 2698 3308 2770 πληγῶν
3341 2697 3476 2750 καθ’
3515 2697 3642 2750 ὅλου
3673 2695 3754 2747 τοῦ

2173 2791 2422 2862 σώματος
2437 2791 2602 2861 ἔχειν·
2622 2791 2798 2862 ἕτεροι
2815 2791 2870 2845 δέ
2889 2793 2969 2853 είς
2982 2789 3242 2858 τοῦδαφος
3261 2789 3550 2858 ῥιφέντες,
3565 2788 3754 2840 ἔκειντο

2171 2883 2276 2936 ὑπὸ
2307 2881 2408 2952 τῆς
2431 2881 2538 2936 τῶν
2566 2881 2812 2951 βασάνων
2843 2880 3045 2952 ἀθρόας
3071 2879 3379 2950 προσϐολῆς
3399 2895 3416 2908 ’
3449 2878 3752 2948 δεινοτέραν

2170 2975 2266 3046 τὴν
2290 2975 2410 3044 ὄψιν
2441 2974 2538 3044 τῆς
2569 2973 2848 3045 ἐνεργείας
2881 2976 2993 3036 τοῖς
3017 2974 3184 3044 ὁρῶσι
3216 2971 3592 3040 παρέχοντες,
3645 2987 3750 3022 m-

2172 3067 2325 3131 κίλας
2353 3067 2446 3120 καὶ
2491 3067 2781 3137 διαφόρους
2829 3069 2886 3119 ἐν
2923 3067 3035 3128 τοῖς
3070 3064 3286 3134 σώμασι
3331 3063 3612 3134 φέροντες
3658 3061 3750 3113 τῶν

2175 3158 2418 3228 βασάνων
2463 3156 2565 3221 τὰς
2598 3157 2858 3222 ἐπινοίας.
2915 3157 3130 3209 Τούτων
3173 3153 3346 3217 οὕτως
3414 3155 3680 3224 ἐχόντων,
3707 3157 3748 3202 at

2177 3251 2272 3322 μὲν
2305 3248 2702 3320 ἐναπέθνησκον
2733 3253 2850 3312 ταῖς
2878 3249 3150 3320 βασάνοις,
3176 3250 3240 3317 τῇ
3265 3247 3550 3318 καρτερίᾳ
3579 3263 3744 3299 καται-

2175 3341 2463 3412 σχύναντες
2493 3341 2584 3396 τὸν
2614 3341 2902 3396 ἀντίπαλον
2922 3359 2936 3372 ο
2969 3342 3018 3394 οἱ
3051 3341 3105 3393 δὲ
3145 3339 3452 3410 ἡμιθνῆτες
3483 3339 3550 3390 ἐν
3577 3339 3657 3409 τῷ
3677 3338 3752 3390 δε-

2175 3433 2469 3505 σμωτηρίῳ
2517 3433 2954 3504 συγκλειόμενοι,
3006 3433 3122 3504 μετ’
3171 3432 3232 3484 οὒ
3287 3430 3503 3494 πολλὰς
3553 3430 3752 3502 ἡμέρας

2169 3527 2290 3588 ταῖς
2322 3523 2577 3596 ἀλγηδόσι
2611 3525 2956 3595 συνεχόμενοι
2993 3522 3352 3576 ἐτελειοῦντο·
3395 3524 3450 3576 οἱ
3485 3523 3548 3575 δὲ
3593 3521 3754 3575 λοιποὶ

2170 3615 2267 3685 τῆς
2316 3615 2424 3668 ἀπὸ
2462 3617 2562 3686 τῆς
2610 3615 2904 3687 θεραπείας
2952 3615 3298 3684 ἀνακτήσεως
3347 3615 3642 3684 τυχόντες,

2171 3707 2345 3777 χρόνῳ
2373 3709 2468 3760 καὶ
2491 3711 2556 3779 τῇ
2591 3709 2690 3778 τῆς
2720 3707 2968 3777 φυλακῆς
2993 3705 3268 3776 διατριϐῇ,
3309 3704 3750 3777 θαρσαλεώτεροι

2172 3802 2462 3871 ἐγίγνοντο.
2487 3801 2645 3854 Οὓτω
2678 3799 2808 3868 γοῦν
2841 3799 3002 3871 ἡνίκα
3026 3798 3458 3870 προσετέτακτο,
3491 3799 3750 3870 αἱρέσεως

2171 3893 2474 3964 κειμένηςῆ
2501 3892 2847 3963 ἐφαψάμενον
2872 3892 2970 3962 τῆς
2987 3887 3212 3958 ἐναγοῦς
3244 3889 3444 3952 Θυσίας
3460 3889 3744 3960 aves-611:;-

2170 4002 2260 4038 τον
2281 3981 2438 4048 εἶναι,
2477 3985 2575 4056 τῆς
2608 3985 2883 4054 ἐπαράτου
2909 3981 3217 4053 ἐλευθερίας
3249 3981 3360 4052 (ΞΟ)
3413 3982 3554 4051 παρ’
3583 3979 3746 4034 αὐτῶν

2170 4078 2399 4148 τυχόντα
2418 4095 2430 4108 ·
2461 4077 2493 4150 ἢ
2528 4077 2601 4148 μὴ
2625 4075 2841 4140 θύοντα,
2875 4075 2972 4145 τὴν
3001 4075 3091 4128 ἐπὶ
3108 4073 3320 4143 θανάτῳ
3347 4073 3516 4143 δίκην
3539 4073 3746 4140 ἐκδέχε-

2169 4243 2278 4299 tur,
2311 4234 2362 4288 id
2391 4242 2472 4289 est
2503 4231 2860 4301 compedibus
2880 4229 3092 4298 ligneis.
3127 4227 3302 4301 Latini
3335 4227 3744 4301 etiamilignum

2169 4321 2235 4358 eo
2265 4319 2428 4360 sensu
2455 4299 2730 4356 dixerunt.
2765 4301 2842 4355 De
2870 4301 2955 4354 his
2977 4299 3329 4368 compedibus
3355 4299 3746 4368 intelligendus

2167 4383 2251 4428 est
2279 4375 2431 4428 locus
2460 4374 2512 4425 in
2539 4374 2684 4426 Actis
2717 4381 3012 4440 martyrum
3042 4367 3268 4423 Taraclu'
3293 4407 3308 4428 ,
3361 4367 3534 4440 Probi
3554 4367 3624 4440 let
3651 4371 3746 4420 An-

2169 4444 2372 4497 dronici
2399 4461 2416 4498 :
2446 4442 2577 4497 Cum
2603 4439 2902 4495 verberatus
2936 4450 3090 4504 esset,
3117 4455 3308 4505 pra'ses
3335 4439 3482 4491 dixit
3511 4459 3525 4493 :
3551 4439 3746 4492 Mittite

2169 4515 2252 4567 illi
2280 4516 2478 4582 ferrum
2501 4528 2592 4582 per
2617 4523 2845 4582 quatuor
2870 4512 2988 4564 loca
3025 4525 3316 4582 aegrorum,
3338 4519 3394 4582 et
3417 4509 3744 4582 dimittente;

2171 4578 2403 4653 aliquam
2466 4578 2648 4653 qurum
2683 4583 2730 4635 ei
2767 4597 3040 4653 apponere.
3101 4578 3167 4653 Et
3211 4579 3266 4632 in
3313 4578 3744 4653 Actislucigai

2169 4649 2441 4732 viai-gyris.
2473 4651 2732 4732 Synesius
2765 4649 3088 4732 ruat-anque
3115 4649 3180 4732 de
3209 4665 3404 4732 regno:
3441 4649 3588 4731 ’ἕλλκ
3625 4649 3742 4732 θῆτε

2175 4711 2374 4794 μᾶλλον
2391 4711 2688 4794 ἥκινῆσεται
2706 4721 2835 4794 -τῶν
2879 4722 2943 4794 ἐν
2972 4724 3038 4791 τῇ
3065 4711 3394 4794 *τιιοδοκοῗλιῃ-Β
3439 4719 3526 4790 τῷ
3557 4711 3746 4794 (ιι-γαυλο-

2169 4787 2315 4862 τάτῳ
2343 4793 2452 4845 τῶν
2481 4787 2670 4856 ξῦλων.
2706 4791 2878 4845 Porro
2901 4787 3040 4862 sicut
3064 4791 3118 4843 in
3147 4787 3740 4862 hac_Ph’ile:e'epfistola

2171 4859 2327 4929 ξύλον
2343 4863 2503 4917 modo
2519 4877 2616 4930 pro
2631 4862 2861 4930 equuleo
2873 4860 3128 4925 sumitur,
3149 4859 3312 4930 modo
3327 4875 3428 4928 pro
3441 4877 3656 4916 nervo:
3679 4863 3740 4912 ita

2172 4935 2225 4986 in
2252 4935 2395 4987 Actis
2425 4929 2681 4986 Theodori
2711 4932 2962 5000 martyris
2997 4946 3118 5000 qua:
3159 4929 3430 5000 habentur
3453 4931 3610 5000 apud
3643 4931 3740 4984 Su-

2169 5003 2313 5084 rium
2343 5003 2431 5057 die
2471 5003 2504 5057 9
2527 4999 2867 5066 Novembris,
2911 4999 3118 5070 lignum
3161 4999 3366 5068 duplici
3401 4999 3572 5056 modo
3603 5001 3742 5056 acci-

2189 5083 2333 5126 titur.

2167 5089 2390 5214 {"531
2437 5141 2601 5196 Deest
2653 5141 2941 5214 ἐστηκέναι
2965 5178 2980 5204 .
3042 5139 3188 5209 quod
3249 5140 3380 5206 legit
3443 5141 3738 5212 interpres.

2167 5211 2330 5270 Ευιτ.
2362 5211 2608 5266 ίΡΑτιιοι.

2236 5305 2348 5376 (‘20)
2384 5303 2504 5372 Τῆς
2533 5301 2830 5376 ἐπαρᾶται)
2843 5301 3203 5376 ἐλευθερίας.
3229 5301 3568 5376 Libertatem
3587 5315 3736 5376 voca-

2163 5373 2315 5440 bant,
2329 5391 2452 5430 cum
2469 5374 2592 5443 quis
2606 5373 2838 5443 vinculis
2866 5374 3184 5436 solveretur,
3199 5381 3252 5427 et
3269 5373 3438 5426 libere
3455 5389 3574 5442 quo
3591 5373 3736 5443 vellet

2164 5447 2314 5500 abire
2341 5440 2630 5500 sineretur.
2695 5441 2826 5508 Qua:
2859 5458 2964 5495 vox
3005 5458 3112 5496 non
3155 5459 3280 5497 raro
3315 5440 3566 5497 occurrit
3601 5440 3732 5512 apud

2161 5513 2478 5578 Eusebium,
2523 5529 2588 5567 eo
2615 5529 2777 5568 sensu
2821 5527 2983 5582 quem
3011 5514 3144 5567 dixi.
3173 5513 3264 5568 Sic
3291 5515 3491 5569 Arator
3519 5514 3580 5568 iu
3605 5513 3728 5568 lib.t

2160 5587 2470 5656 Apostolicw
2498 5584 2765 5638 historiw:

2761 5673 3048 5727 Damnatio
3074 5674 3210 5742 justi

2375 5742 2618 5798 Libertas
2648 5753 2722 5797 est
2752 5745 2892 5812 facta
2919 5747 3040 5797 rcis.

2239 5835 2293 5890 1d
2321 5843 2401 5890 est
2426 5833 2700 5888 absolutio
2731 5841 2784 5888 ct
2814 5831 3090 5887 relaxatio.
