3922 6520
138 394 290 448 1565

1053 386 1275 446 EPIST.
1314 389 1405 443 AD
1444 388 1799 445 MELETIUM
1840 382 2462 443 LYCOPOLYTANUM.

3259 380 3398 436 1566

137 507 305 559 σθαι·
351 505 500 559 οὐδὲν
536 506 916 578 μελλήσαντες,
950 507 1202 577 ἀσμένως
1247 510 1339 561 ἐπὶ
1367 508 1457 561 τὸν
1499 509 1713 562 θάνατοε.

1826 507 1979 570 ctati,
2009 506 2194 560 libenti
2225 504 2410 558 animo
2432 502 2500 557 ad
2528 508 2756 556 mortem
2783 509 3155 568 perrexerunt.
3180 497 3391 568 Quippe

134 595 407 666 ἐχώρουν.
459 596 692 665 ᾜδεσαν
733 596 842 668 γὰρ
889 597 959 649 τὰ
1004 598 1107 649 ὑπὸ
1152 598 1259 651 τῶν
1290 599 1449 670 ιερῶν
1491 598 1719 669 Γραφῶ»

1822 599 1993 668 probe
2030 606 2245 663 norant,
2275 611 2397 665 qua:
2434 595 2487 648 in
2526 594 2699 650 sacris
2723 593 2914 647 litteris
2954 592 3110 646 nobis
3138 590 3390 660 praescri-

134 689 278 757 ἡμῖν
320 688 725 757 προορισθέντα.
784 689 847 742 '0
879 690 985 760 γὰρ
1025 689 1335 753 θυσιάζων,
1382 692 1536 761 φησὶ,
1567 689 1713 749 θεοῖς

1818 704 1911 760 pta
1937 700 2084 745 sunt.
2126 688 2230 753 Qui
2267 688 2413 743 enim
2452 686 2720 755 sacriﬁcat
2749 685 2851 738 diis
2888 684 3106 747 alienis,
3142 683 3216 736 ait
3240 680 3390 734 Scri-

132 779 388 847 ἐτέροις,
415 779 1017 848 ἐξολοθρευθήσεται·
1052 783 1146 834 καὶ
1180 782 1282 845 ὅτι,
1321 782 1442 834 Οὐκ
1476 776 1716 834 ἕσονταῐ

134 884 247 922 σοι
286 867 406 922 θεοὶ
444 869 630 937 ἕτεροι
666 871 833 939 πλὴν
860 870 1007 940 ἐμοῦ
1035 871 1168 942 (21).

1822 792 1980 850 ptura
2016 781 2057 846 ³,
2089 778 2550 834 exterminabitur.
2591 778 2657 832 Et
2698 778 2894 831 iterum
2920 776 2974 831 δε
3013 774 3134 828 Non
3177 772 3391 827 habebis

1821 873 1944 927 deos
1977 872 2175 927 alienos
2196 882 2388 941 prwter
2416 887 2517 926 me.

142 1078 3386 1103 MM

604 1248 1143 1337 EJUSDEM
1218 1246 1631 1337 SANCTI
1706 1248 1713 1332 ἶ

1818 1246 2187 1333 EIlLEjE
2262 1244 2953 1387 ΤΗΜῌΙΤΑΝΙ

743 1436 1083 1496 EPISTOLA
1130 1438 1220 1493 AD
1252 1436 1610 1495 MELETIUM
1648 1436 2227 1494 LYCOPOLITANUM
2263 1436 2646 1496 EPlSCOPUM
2689 1436 2829 1510 (22).

1209 1764 1463 1809 INITIUM
1512 1765 1722 1808 EPISTU
1734 1766 1824 1806 LE
1866 1764 2325 1808 EPISCOPOBUM.

245 1905 559 1971 Hestcmcs,
611 1906 945 1972 ΡΑειιοιιιυε,
995 1906 1339 1973 Tueonoaus,
1378 1908 1633 1974 PHILEAS,
1671 1909 1921 1965 Μειετιο
1953 1910 2150 1965 dilecto
2182 1918 2236 1963 et
2262 1907 2641 1963 comministro
2682 1909 2737 1963 in
2768 1908 2995 1963 Domino
3040 1908 3292 1963 salutem.

221 2060 464 2132 Simplici
514 2066 725 2119 ratione
772 2063 978 2117 incerta
1020 2062 1184 2116 verba
1228 2062 1558 2118 aestimantes
1596 2078 1717 2133 qua:
1746 2069 1791 2127 Β
1821 2079 1920 2119 nec
1962 2064 2165 2119 nostris
2206 2062 2760 2128 incarcerationibus,
2793 2062 3291 2128 ettentationibus,
3334 2065 3392 2117 et

138 2154 216 2209 de
243 2164 294 2207 te
324 2152 715 2219 audiebantur,
751 2152 1078 2222 quibusdam
1116 2153 1182 2206 ad
1212 2169 1312 2207 nos
1354 2154 1715 2223 pervenienti-

140 2245 251 2297 bus
278 2243 563 2297 nuntiatur
598 2244 773 2298 aliena
800 2259 830 2297 a
856 2258 1009 2297 more
1042 2244 1226 2297 divino
1256 2254 1311 2297 et
1331 2245 1515 2313 regula
1546 2244 1719 2298 eccle-

142 2338 392 2401 siastica,
428 2352 549 2407 quae
574 2353 605 2391 a
638 2345 689 2391 te
715 2348 1021 2401 conantur,
1058 2336 1167 2392 imo
1196 2338 1369 2407 magis
1396 2338 1564 2404 ﬁunt,
1600 2354 1720 2408 quae

141 2444 252 2484 nec
296 2430 520 2484 auribus
568 2431 847 2498 suscipere
880 2430 1172 2494 vellemus,
1220 2430 1629 2485 considerantes
1663 2430 1718 2484 in

144 2520 525 2590 magnitudine
580 2520 864 2574 audaciam
914 2530 967 2575 et
1014 2531 1242 2577 conatus
1292 2523 1547 2577 incertos.
1612 2522 1718 2577 Sed

142 2610 407 2681 quoniam
442 2612 496 2665 in
530 2611 818 2681 praesentia
863 2611 1207 2668 advenientes
1236 2613 1391 2667 multi
1434 2615 1518 2669 his
1558 2614 1716 2670 ﬁdem

144 2704 562 2772 imposuerunt,
612 2712 665 2757 et
707 2704 1003 2758 eontestari
1052 2704 1192 2759 facta
1236 2721 1345 2759 non
1376 2706 1716 2772 dubitabant,

149 2794 318 2849 nimis
339 2794 669 2849 admirantes
696 2795 964 2865 compulsi
994 2809 1183 2850 sumus
1221 2797 1319 2851 has
1347 2796 1553 2851 litteras
1582 2812 1717 2852 con-

148 2886 311 2939 ﬁcere
345 2885 413 2940 ad
442 2896 495 2942 te
527 2903 541 2940 :
575 2886 793 2955 qualem
839 2888 1003 2941 etiam
1048 2889 1467 2944 commotionem
1520 2890 1631 2960 (25)
1664 2900 1718 2946 et

142 2976 425 3031 tristitiam
457 2980 820 3032 communiter
846 2979 1121 3045 omnibus,
1161 2988 1215 3033 et
1248 2981 1558 3051 singillatim
1588 2982 1713 3035 uni-

145 3070 363 3139 cuique,
395 3070 624 3139 praabuit
646 3087 677 3125 a
722 3080 773 3125 te
806 3070 947 3125 facta
972 3072 1244 3127 ordinatio
1287 3073 1340 3126 in
1364 3073 1616 3143 parmciis
1649 3074 1717 3128 ad

147 3172 202 3215 te
230 3162 449 3216 minime
496 3162 913 3232 pertinentibus,
944 3179 1045 3218 nec
1068 3163 1247 3218 dicere
1276 3164 1435 3219 etiam
1463 3165 1720 3234 praevale-

144 3270 292 3309 mus.
352 3254 530 3309 Pauca
577 3264 755 3310 tamen
804 3265 853 3310 te
890 3265 1178 3325 arguentes
1222 3272 1329 3310 non
1359 3259 1715 3313 cessavimus.

147 3342 262 3396 Lex
294 3351 375 3396 est
403 3351 614 3411 patrum
642 3353 696 3397 et
724 3354 1062 3414 propatrum,
1098 3360 1260 3414 quam
1287 3361 1385 3400 nec
1424 3347 1536 3417 ipse
1559 3349 1714 3419 igno-

146 3448 261 3497 ras,
288 3434 579 3487 constituta
614 3436 912 3489 secundum
941 3436 1180 3489 divinum
1204 3445 1255 3491 et
1285 3438 1714 3494 ecclesiasticum
1742 3415 1786 3475 δ

146 3524 393 3578 ordinem
422 3542 436 3579 :
469 3542 594 3578 nam
622 3536 815 3580 cuncta
843 3542 941 3596 pro
967 3526 1061 3581 Dei
1087 3527 1285 3596 placito
1310 3537 1363 3581 et
1383 3529 1499 3584 zelo
1530 3529 1717 3584 melio-

146 3633 289 3671 rum.
349 3616 432 3671 Ab
469 3618 601 3687 ipsis
627 3628 710 3672 est
736 3618 1094 3673 constitutum
1120 3627 1173 3673 et
1202 3618 1367 3672 ﬁxum
1390 3659 1404 3685 ,
1440 3619 1493 3673 in
1523 3620 1717 3677 alienis

144 3710 399 3779 parmciis
442 3726 552 3764 non
607 3710 770 3765 licere
798 3708 962 3763 alicui
1007 3710 1386 3779 episcoporum
1417 3712 1713 3766 ordinatio-

145 3820 247 3859 nes
274 3805 582 3867 celebrare;
633 3819 755 3873 quae
801 3804 884 3860 lex
927 3804 1065 3857 bene
1107 3805 1270 3859 nimis
1300 3820 1492 3874 magna
1515 3815 1627 3868 est,
1664 3816 1717 3861 et

146 3910 272 3949 eum
297 3895 561 3965 sapientia
593 3895 907 3949 adinventa.
944 3894 1213 3961 Quoniam
1246 3896 1479 3964 primum
1506 3907 1715 3965 oportet

146 3992 615 4046 conversationem
662 3997 715 4044 et
766 3990 932 4043 vitam
984 4004 1174 4044 eorum
1232 3991 1323 4059 qui
1371 3991 1711 4055 ordinantur,

146 4097 272 4137 cum
329 4097 523 4151 magna
568 4081 991 4151 scrupulositate
1036 4083 1268 4136 scrutari
1322 4099 1335 4134 :
1382 4082 1609 4142 deinde,
1657 4092 1716 4136 ut

145 4172 326 4227 omnis
350 4172 600 4227 confusio
639 4180 694 4226 et
727 4172 1054 4227 turbolentia
1083 4172 1391 4238 auferatur;
1440 4172 1529 4227 vix
1568 4173 1712 4226 enim

148 4264 521 4333 unusquisque
553 4264 847 4332 parceciam
883 4280 1066 4334 regere
1094 4265 1288 4333 poterit
1318 4280 1494 4327 suam,
1528 4272 1580 4317 et
1606 4279 1715 4318 ma-

147 4371 254 4425 gna
285 4357 626 4411 solicitudine
654 4356 949 4425 multisque
988 4356 1406 4426 cogitationibus
1435 4356 1714 4411 ministros

146 4446 416 4515 reperire,
447 4462 569 4501 cum
598 4446 798 4516 quibus
850 4461 1009 4499 omne
1040 4455 1249 4516 tempus
1281 4448 1401 4501 vitae
1433 4447 1711 4517 transegit,

145 4549 202 4593 et
236 4539 286 4591 in
318 4539 563 4593 manibus
589 4538 708 4607 ejus
760 4546 888 4592 sunt
940 4536 1176 4592 educati.
1247 4536 1328 4592 Tu
1374 4548 1552 4593 autem
1580 4539 1715 4592 nihil

146 4631 340 4684 horum
375 4630 760 4693 considerans,
815 4643 914 4682 nec
949 4626 1131 4681 futura
1169 4630 1575 4697 contemplans,
1612 4646 1712 4685 nec

145 4725 424 4776 beatorum
450 4731 665 4791 patrum
690 4731 1000 4775 nostrorum
1020 4729 1073 4774 et
1090 4718 1307 4773 Christo
1334 4729 1709 4788 susceptorum
1743 4758 1788 4812 ι)

142 4829 243 4883 per
266 4812 636 4867 successiones
670 4812 840 4883 legem
862 4851 876 4876 ,
930 4825 1105 4879 neque
1158 4809 1339 4877 magni
1372 4810 1615 4879 episcopi
1646 4827 1710 4867 ac

146 4903 315 4973 patris
338 4903 509 4957 nostri
528 4901 670 4956 Petri
703 4902 987 4966 honorem,
1004 4916 1071 4955 ex
1097 4916 1207 4970 quo
1232 4901 1414 4955 cuncti
1440 4916 1535 4969 per
1560 4917 1709 4970 spem

144 5010 309 5059 quam
342 4992 604 5047 habemus
632 4996 686 5046 in
712 4991 943 5046 Domino
963 4989 1091 5045 Jesu
1112 4989 1352 5057 Christo,
1374 4990 1710 5061 pendemus;

219 5147 240 5178 ³
263 5147 426 5201 Exod.
451 5162 585 5213 un,
610 5146 700 5200 20.
775 5146 797 5179 δ
819 5144 989 5201 Exod.
1014 5161 1106 5210 xx,
1125 5145 1179 5198 '5.

221 5303 331 5372 (21)
362 5302 534 5370 Πλτὶιν
565 5303 731 5371 ἐμοῦ.
760 5302 855 5357 llis
882 5319 947 5358 ex
967 5302 1168 5357 Philea-
1196 5304 1422 5373 epistola
1451 5302 1696 5359 recitatis

146 5372 414 5428 Eusebius
444 5374 624 5442 statim
657 5374 865 5427 subdit:
888 5392 905 5424 ι
930 5373 1052 5427 Haec
1077 5382 1203 5427 sunt
1224 5372 1347 5428 vere
1374 5374 1707 5442 philosophi,

150 5460 253 5498 nec
275 5443 452 5495 minus
478 5441 570 5496 Dei
599 5458 758 5512 quam
790 5444 1067 5511 sapientia:
1094 5444 1353 5497 amatoris
1375 5441 1563 5510 verba,
1590 5441 1712 5512 quae

150 5522 278 5567 ante
312 5522 605 5566 extremam
630 5513 830 5582 judicis
855 5518 1199 5577 sententiam,
1228 5514 1407 5567 adhuc
1448 5514 1501 5566 in
1529 5523 1711 5567 custo-

150 5584 240 5637 dia
283 5584 639 5646 constitutus,
677 5582 743 5636 ad
786 5583 981 5637 fratres
1016 5584 1268 5637 Ecclesia:
1309 5599 1421 5638 sua:
1452 5584 1704 5652 scripsit;

151 5653 343 5717 partim
385 5668 493 5721 quo
533 5654 586 5705 in
625 5662 764 5707 statu
809 5664 1115 5707 versaretur
1162 5668 1471 5722 exponens;
1511 5654 1704 5721 partim

148 5737 244 5776 eos
277 5722 592 5786 adhortans,
624 5732 683 5776 ut
706 5724 959 5791 pietatem
1004 5724 1057 5776 in
1086 5724 1363 5777 Christum
1389 5723 1553 5777 etiam
1584 5733 1707 5792 post

146 5792 351 5846 obitum
396 5806 553 5849 suum
580 5794 805 5864 jamjam
838 5793 1233 5863 innnineutem,
1270 5794 1547 5850 mordicus
1580 5793 1707 5849 reti-

1819 2156 2110 2211 cotidianis
2141 2172 2206 2211 ac
2235 2155 2606 2225 multiplicatis
2636 2153 2973 2224 approbriis,
3025 2168 3126 2207 nec
3164 2168 3389 2222 oppres-

1820 2247 2065 2303 sinnibus
2093 2257 2147 2303 et
2175 2248 2443 2318 angustiis
2472 2247 2615 2317 apud
2651 2261 2841 2301 omnes
2886 2246 3166 2315 placatus,
3203 2246 3388 2299 omnia

1818 2341 2022 2412 pariter
2060 2351 2300 2395 evertere
2326 2356 2494 2396 ausus
2525 2356 2604 2395 es.
2642 2340 2748 2395 Pro
2781 2340 2979 2409 quibus
3016 2354 3137 2406 qua:
3166 2337 3262 2391 tibi
3290 2352 3391 2391 cx-

1819 2432 2120 2487 eusationis
2142 2433 2361 2486 occasio
2390 2432 2762 2502 relinquetur?
2798 2430 2902 2484 Sed
2939 2428 3165 2483 forsitan
3193 2427 3341 2481 dices
3369 2444 3384 2481 :

1818 2520 2113 2591 Egentibus
2144 2521 2397 2591 gregibus
2426 2537 2490 2576 ac
2515 2521 2793 2586 desolatis,
2816 2528 3035 2590 pastore
3065 2534 3175 2572 non
3206 2517 3389 2572 subsi-

1817 2624 2010 2677 stente,
2045 2629 2112 2667 ne
2138 2614 2431 2669 multorum
2456 2614 2829 2668 incredulitate
2862 2610 3016 2665 multi
3056 2609 3386 2665 subtrahan-

1818 2717 1929 2770 tur,
1962 2707 2029 2761 ad
2058 2708 2159 2761 hoc
2189 2708 2429 2776 perveni.
2472 2706 2576 2761 Sed
2608 2707 2972 2761 certissimum
2997 2712 3100 2769 est,
3126 2703 3247 2756 illos
3277 2716 3387 2756 non

1818 2811 1975 2866 egere
2007 2814 2019 2849 :
2057 2796 2292 2865 primum
2339 2796 2465 2866 quia
2501 2796 2655 2850 multi
2701 2805 2829 2851 sunt
2855 2795 3289 2853 circumeuntes.
3333 2799 3390 2845 et

1817 2903 2065 2964 potentes
2089 2893 2341 2959 visitare;
2369 2892 2563 2947 deinde
2583 2892 2683 2947 etsi
2716 2891 2844 2961 quid
2867 2890 2935 2944 ab
2961 2889 3094 2959 ipsis
3121 2886 3390 2956 negligen-

1818 2986 1927 3041 tius
1970 2985 2267 3055 agebatur,
2302 2991 2617 3053 Oportuerat
2661 2998 2727 3036 ex
2764 2981 2960 3050 pepqu
3006 2992 3299 3048 properare
3324 2991 3389 3029 ac

1817 3092 1922 3132 nos
1948 3077 2163 3146 exigere
2190 3090 2291 3145 pro
2316 3074 2529 3129 merito.
2575 3072 2679 3127 Sed
2708 3072 2957 3127 sciebant
3006 3084 3064 3123 se
3102 3066 3384 3123 ministro-

1818 3184 1940 3222 rum
1974 3182 2084 3222 uon
2114 3182 2235 3222 esse
2277 3180 2499 3235 egenos,
2540 3174 2594 3219 et
2620 3164 2741 3218 ideo
2769 3164 2835 3217 ad
2865 3163 2964 3215 hos
2992 3160 3250 3231 petendos
3273 3172 3385 3212 non

1819 3267 2202 3329 pervenerunt.
2266 3257 2557 3319 Sciebant,
2584 3255 2728 3325 quod
2752 3262 3032 3307 monentes
3058 3266 3152 3307 eos
3182 3252 3250 3304 ab
3282 3250 3387 3305 hac

1820 3350 2173 3421 inquisitione
2203 3359 2299 3404 aut
2323 3348 2749 3410 dimittebamus,
2782 3354 2875 3399 aut
2897 3360 3022 3399 eum
3050 3342 3199 3396 omni
3225 3357 3385 3396 scru-

1817 3445 2105 3515 pulositate
2147 3444 2309 3499 fiebat
2352 3446 2496 3513 quod
2527 3440 2656 3495 utile
2681 3438 2995 3502 videbatur;
3048 3436 3211 3490 fiebat
3236 3433 3382 3488 enim

1816 3538 1919 3593 sub
1946 3545 2236 3606 arguente,
2287 3544 2340 3589 et
2390 3535 2443 3589 in
2491 3533 2744 3587 manibus
2785 3530 3053 3601 probitate
3089 3527 3383 3582 constituta

1816 3630 2176 3700 cogitabatur.
2240 3627 2323 3681 Tu
2363 3636 2546 3682 autem
2596 3635 2704 3679 tam
2746 3624 2974 3678 viriliter
3018 3620 3380 3690 quorumdam

1815 3720 2169 3776 considerans
2196 3720 2562 3789 deeeptioncs,
2586 3727 2641 3771 et
2669 3717 2849 3771 inania
2875 3715 3062 3777 verba,
3091 3714 3381 3780 subreptus

1815 3813 1883 3866 ad
1912 3812 2287 3867 ordinationes
2320 3807 2642 3880 prosiluisti.
2704 3806 2759 3864 Si
2792 3807 2936 3861 enim
2970 3803 3384 3872 adstringebant

1816 3904 2232 3959 circumstantes
2268 3912 2335 3966 te,
2366 3910 2419 3955 et
2457 3898 2857 3968 compellebant
2888 3898 3200 3965 ignorantes
3230 3892 3380 3947 ordi-

1814 4013 1938 4051 nem
1970 3997 2427 4058 ecclesiasticum,
2464 4002 2779 4055 oportuerat
2807 4001 2859 4045 te
2887 3999 3204 4060 sequentem
3228 4002 3383 4055 regu-

1816 4089 1923 4142 lam
1951 4088 2146 4142 litteris
2170 4103 2269 4142 nos
2297 4087 2560 4151 educere;
2590 4096 2644 4140 et
2670 4086 2743 4138 ita
2774 4084 2919 4154 quod
2949 4081 3202 4151 expedire
3227 4077 3379 4131 vide-

1814 4176 1995 4243 batur,
2031 4176 2209 4230 liebat.
2253 4175 2310 4229 Si
2341 4175 2478 4230 forte
2501 4174 2897 4245 persuadebant
2918 4172 3016 4226 tibi
3041 4170 3261 4240 quidam
3296 4166 3381 4221 di-

1814 4281 2027 4332 centes,
2077 4269 2144 4323 de
2174 4268 2331 4322 nobis
2376 4267 2536 4321 ﬁnem
2573 4282 2695 4321 esse
2735 4266 2935 4319 factum
2967 4263 3132 4335 (quod
3158 4276 3256 4316 nec
3282 4258 3380 4314 tibi

1815 4361 1918 4430 ipsi
1960 4370 2076 4415 erat
2124 4360 2388 4429 ignotum,
2425 4357 2570 4427 quod
2596 4367 2779 4412 essent
2809 4356 2963 4409 multi
2993 4362 3185 4408 euntes
3211 4360 3265 4405 et
3295 4366 3382 4405 re—

1813 4452 2040 4506 deuntes
2065 4452 2131 4505 ad
2163 4467 2297 4512 nos,
2362 4450 2457 4520 qui
2507 4458 2760 4520 poterant
2811 4445 3093 4515 visitare),
3145 4442 3246 4497 etsi
3276 4443 3382 4495 hoc

1814 4542 2028 4608 fuisset,
2068 4544 2416 4611 oportebatte
2438 4541 2663 4610 majoris
2692 4540 2859 4609 patris
2893 4545 3206 4605 exspectare
3232 4532 3381 4601 judi-

1812 4636 1982 4699 cium,
2008 4644 2061 4689 et
2083 4634 2245 4703 hujus
2276 4634 2351 4687 rei
2380 4633 2815 4702 permissionem.
2882 4628 2987 4681 Sed
3017 4628 3209 4679 horum
3242 4623 3381 4677 nihil

1812 4726 2056 4796 cogitans
2076 4765 2090 4789 ,
2120 4736 2173 4778 et
2197 4724 2346 4780 aliud
2376 4740 2603 4792 sperans
2626 4762 2640 4786 ,
2674 4722 2841 4775 immo
2877 4718 3051 4789 magis
3081 4717 3253 4770 nostri
3283 4731 3381 4769 cu-

1818 4832 1934 4873 ram
1970 4832 2078 4870 non
2102 4830 2315 4885 gerens,
2340 4814 2658 4883 praepositos
2686 4811 2950 4881 quosdam
2971 4808 3170 4879 populo
3200 4807 3382 4877 provi-

1816 4909 1945 4963 disti
2004 4925 2018 4962 :
2083 4922 2208 4961 nam
2263 4907 2375 4976 jam
2440 4906 2815 4976 cognovimus,
2845 4913 2899 4957 et
2942 4902 3236 4957 schismata
3267 4900 3380 4969 (24)

1813 4998 2162 5068 fuisse,quod
2182 4997 2366 5052 multis
2392 5005 2484 5050 tua
2506 4995 2783 5065 diSplicuit
2811 4992 3207 5049 irrationabilis
3234 4990 3380 5045 ordi-

1818 5309 2027 5355 iterent.
2058 5318 2077 5350 ι

1894 5369 2007 5440 (22)
2047 5368 2198 5424 Hanc
2225 5370 2508 5438 epistolam
2537 5386 2658 5425 cum
2692 5372 2813 5425 aliis
2838 5372 3217 5425 ecclesiastica:
3244 5373 3380 5425 anti-

1818 5441 2042 5511 quitatis
2089 5442 2454 5495 monumentis
2500 5441 2706 5509 primus
2753 5441 2919 5494 edidit
2967 5452 3020 5490 v.
3056 5440 3151 5511 fel,
3195 5442 3379 5511 Scipio

1818 5508 2063 5563 Maﬁ'eius
2092 5526 2154 5563 ex
2188 5520 2403 5565 vetusto
2433 5508 2535 5565 ms.
2566 5513 2752 5565 codice
2780 5510 3000 5577 capituli
3050 5508 3381 5568 Veronensis

1818 5580 1871 5651 in
1908 5580 2114 5651 Osserv.
2148 5583 2341 5646 letter.,
2376 5590 2505 5635 tom.
2544 5580 2627 5645 Ill,
2662 5598 2782 5651 pag.
2822 5582 2876 5651 ll
2901 5611 2924 5619 -
2946 5580 3031 5645 l7,
3082 5597 3190 5651 quo
3221 5583 3380 5636 exhi-

1814 5649 1972 5705 betur
2007 5649 2260 5721 Historia:
2293 5651 2645 5721 fragmentum
2672 5649 3036 5703 de'sc/n'smate
3078 5650 3378 5710 Macriano.

1912 5722 2003 5788 25)
2045 5719 2480 5785 Conunotionem,
2508 5720 2631 5783 Ms.,
2656 5722 3097 5775 communionem.

1912 5722 2003 5788 25)
2045 5722 2480 5785 Commotionem,
2508 5722 2631 5783 Ms.,
2656 5736 2863 5773 commu

1890 5722 2002 5863 £24)
2042 5790 2359 5847 Schismata.
2392 5791 2514 5860 815.,
2554 5792 2863 5845 chrismate.
