  <div class='ocr_page' id='page_1' title='image "/cluster/home/n/w/nwhite01/storage/ocr_20150623/10/hvd.32044019207620/794.png"; bbox 0 0 3922 6518; ppageno 0'>
   <div class='ocr_carea' id='block_1_1' title="bbox 104 404 252 459">
    <p class='ocr_par' dir='ltr' id='par_1_1' title="bbox 104 404 252 459">
     <span class='ocr_line' id='line_1_1' title="bbox 104 404 252 459; baseline 0.02 -2"><span class='ocrx_word' id='word_1_1' title='bbox 104 404 252 459; x_wconf 73' lang='grc'><strong>1569</strong></span> 
     </span>
    </p>
   </div>
   <div class='ocr_carea' id='block_1_2' title="bbox 1027 398 2357 464">
    <p class='ocr_par' dir='ltr' id='par_1_2' title="bbox 1027 398 2357 464">
     <span class='ocr_line' id='line_1_2' title="bbox 1027 398 2357 464; baseline 0.005 -9"><span class='ocrx_word' id='word_1_2' title='bbox 1027 398 1249 464; x_wconf 81' lang='lat' dir='ltr'><strong>EPIST.</strong></span> <span class='ocrx_word' id='word_1_3' title='bbox 1288 402 1377 457; x_wconf 80' lang='lat' dir='ltr'><strong>AD</strong></span> <span class='ocrx_word' id='word_1_4' title='bbox 1406 400 1777 460; x_wconf 78' lang='lat' dir='ltr'><strong>&#39;LUCIANUM</strong></span> <span class='ocrx_word' id='word_1_5' title='bbox 1812 401 2357 462; x_wconf 74' lang='lat' dir='ltr'><strong>CUBICULABIUM.</strong></span> 
     </span>
    </p>
   </div>
   <div class='ocr_carea' id='block_1_3' title="bbox 3242 413 3379 467">
    <p class='ocr_par' dir='ltr' id='par_1_3' title="bbox 3242 413 3379 467">
     <span class='ocr_line' id='line_1_3' title="bbox 3242 413 3379 467; baseline 0.007 -1"><span class='ocrx_word' id='word_1_6' title='bbox 3242 413 3379 467; x_wconf 77' lang='grc'>1570</span> 
     </span>
    </p>
   </div>
   <div class='ocr_carea' id='block_1_4' title="bbox 105 521 3377 595">
    <p class='ocr_par' dir='ltr' id='par_1_4' title="bbox 105 521 3377 595">
     <span class='ocr_line' id='line_1_4' title="bbox 105 521 3377 595; baseline 0.003 -22"><span class='ocrx_word' id='word_1_7' title='bbox 105 522 359 591; x_wconf 74' lang='lat' dir='ltr'><strong>pra-{ecta</strong></span> <span class='ocrx_word' id='word_1_8' title='bbox 402 521 682 592; x_wconf 86' lang='lat' dir='ltr'><strong>inscripta,</strong></span> <span class='ocrx_word' id='word_1_9' title='bbox 733 522 1008 593; x_wconf 71' lang='lat' dir='ltr'><strong>praeclaris</strong></span> <span class='ocrx_word' id='word_1_10' title='bbox 1037 522 1361 579; x_wconf 79' lang='lat' dir='ltr'><strong>Christianae</strong></span> <span class='ocrx_word' id='word_1_11' title='bbox 1389 524 1605 593; x_wconf 89' lang='lat' dir='ltr'><strong>pietatis</strong></span> <span class='ocrx_word' id='word_1_12' title='bbox 1638 533 1691 578; x_wconf 90' lang='lat' dir='ltr'><strong>et</strong></span> <span class='ocrx_word' id='word_1_13' title='bbox 1720 528 1765 583; x_wconf 78' lang='grc' dir='ltr'>Α</span> <span class='ocrx_word' id='word_1_14' title='bbox 1792 523 1892 578; x_wconf 89' lang='lat' dir='ltr'><strong>das</strong></span> <span class='ocrx_word' id='word_1_15' title='bbox 1926 527 2090 579; x_wconf 88' lang='lat' dir='ltr'><strong>etiam</strong></span> <span class='ocrx_word' id='word_1_16' title='bbox 2128 526 2440 595; x_wconf 82' lang='lat' dir='ltr'><strong>provincias</strong></span> <span class='ocrx_word' id='word_1_17' title='bbox 2488 526 2923 593; x_wconf 86' lang='lat' dir='ltr'><strong>committebant,</strong></span> <span class='ocrx_word' id='word_1_18' title='bbox 2968 528 3118 583; x_wconf 89' lang='lat' dir='ltr'><strong>omni</strong></span> <span class='ocrx_word' id='word_1_19' title='bbox 3164 531 3377 585; x_wconf 81' lang='lat' dir='ltr'><strong>sacrm-</strong></span> 
     </span>
    </p>
   </div>
   <div class='ocr_carea' id='block_1_5' title="bbox 105 614 1693 688">
    <p class='ocr_par' dir='ltr' id='par_1_5' title="bbox 105 614 1693 688">
     <span class='ocr_line' id='line_1_5' title="bbox 105 614 1693 688; baseline 0.006 -25"><span class='ocrx_word' id='word_1_20' title='bbox 105 614 411 682; x_wconf 73' lang='lat' dir='ltr'><strong>prudentite</strong></span> <span class='ocrx_word' id='word_1_21' title='bbox 458 614 721 670; x_wconf 72' lang='lat' dir='ltr'><strong>institutis</strong></span> <span class='ocrx_word' id='word_1_22' title='bbox 770 616 1006 677; x_wconf 80' lang='lat' dir='ltr'><strong>referta.</strong></span> <span class='ocrx_word' id='word_1_23' title='bbox 1057 618 1481 687; x_wconf 73' lang='lat' dir='ltr'><strong>primazvamque</strong></span> <span class='ocrx_word' id='word_1_24' title='bbox 1534 619 1693 688; x_wconf 85' lang='lat' dir='ltr'><strong>plane</strong></span> 
     </span>
    </p>
   </div>
   <div class='ocr_carea' id='block_1_6' title="bbox 104 707 1694 781">
    <p class='ocr_par' dir='ltr' id='par_1_6' title="bbox 104 707 1694 781">
     <span class='ocr_line' id='line_1_6' title="bbox 104 707 1694 781; baseline 0.003 -21"><span class='ocrx_word' id='word_1_25' title='bbox 104 707 517 777; x_wconf 80' lang='lat' dir='ltr'><strong>simplicitatem</strong></span> <span class='ocrx_word' id='word_1_26' title='bbox 554 708 824 763; x_wconf 84' lang='lat' dir='ltr'><strong>redoleas.</strong></span> <span class='ocrx_word' id='word_1_27' title='bbox 862 708 926 763; x_wconf 86' lang='lat' dir='ltr'><strong>Et</strong></span> <span class='ocrx_word' id='word_1_28' title='bbox 954 710 1189 779; x_wconf 89' lang='lat' dir='ltr'><strong>primum</strong></span> <span class='ocrx_word' id='word_1_29' title='bbox 1218 712 1457 781; x_wconf 87' lang='lat' dir='ltr'><strong>quidem,</strong></span> <span class='ocrx_word' id='word_1_30' title='bbox 1489 711 1557 765; x_wconf 90' lang='lat' dir='ltr'><strong>ab</strong></span> <span class='ocrx_word' id='word_1_31' title='bbox 1597 712 1694 765; x_wconf 82' lang='lat' dir='ltr'><strong>ho-</strong></span> 
     </span>
    </p>
   </div>
   <div class='ocr_carea' id='block_1_7' title="bbox 106 796 1692 870">
    <p class='ocr_par' dir='ltr' id='par_1_7' title="bbox 106 796 1692 870">
     <span class='ocr_line' id='line_1_7' title="bbox 106 796 1692 870; baseline 0.004 -21"><span class='ocrx_word' id='word_1_32' title='bbox 106 798 263 852; x_wconf 85' lang='lat' dir='ltr'><strong>mine</strong></span> <span class='ocrx_word' id='word_1_33' title='bbox 301 796 491 852; x_wconf 66' lang='lat' dir='ltr'><strong>Graeco</strong></span> <span class='ocrx_word' id='word_1_34' title='bbox 522 797 690 853; x_wconf 80' lang='lat' dir='ltr'><strong>fuisse</strong></span> <span class='ocrx_word' id='word_1_35' title='bbox 718 799 864 852; x_wconf 90' lang='lat' dir='ltr'><strong>illam</strong></span> <span class='ocrx_word' id='word_1_36' title='bbox 911 802 1288 870; x_wconf 88' lang='lat' dir='ltr'><strong>perscriptam,</strong></span> <span class='ocrx_word' id='word_1_37' title='bbox 1329 817 1394 855; x_wconf 84' lang='lat' dir='ltr'><strong>ex</strong></span> <span class='ocrx_word' id='word_1_38' title='bbox 1444 817 1510 855; x_wconf 91' lang='lat' dir='ltr'><strong>eo</strong></span> <span class='ocrx_word' id='word_1_39' title='bbox 1558 817 1692 856; x_wconf 89' lang='lat' dir='ltr'><strong>con-</strong></span> 
     </span>
    </p>
   </div>
   <div class='ocr_carea' id='block_1_8' title="bbox 108 890 1692 961">
    <p class='ocr_par' dir='ltr' id='par_1_8' title="bbox 108 890 1692 961">
     <span class='ocr_line' id='line_1_8' title="bbox 108 890 1692 961; baseline 0.003 -18"><span class='ocrx_word' id='word_1_40' title='bbox 108 898 226 943; x_wconf 86' lang='lat' dir='ltr'><strong>stat</strong></span> <span class='ocrx_word' id='word_1_41' title='bbox 273 890 419 958; x_wconf 87' lang='lat' dir='ltr'><strong>quod</strong></span> <span class='ocrx_word' id='word_1_42' title='bbox 483 898 674 944; x_wconf 83' lang='lat' dir='ltr'><strong>auctor</strong></span> <span class='ocrx_word' id='word_1_43' title='bbox 726 890 939 947; x_wconf 85' lang='lat' dir='ltr'><strong>divinas</strong></span> <span class='ocrx_word' id='word_1_44' title='bbox 990 891 1301 961; x_wconf 84' lang='lat' dir='ltr'><strong>Scripturas</strong></span> <span class='ocrx_word' id='word_1_45' title='bbox 1356 908 1692 948; x_wconf 87' lang='lat' dir='ltr'><strong>commemo-</strong></span> 
     </span>
    </p>
   </div>
   <div class='ocr_carea' id='block_1_9' title="bbox 108 982 1692 1057">
    <p class='ocr_par' dir='ltr' id='par_1_9' title="bbox 108 982 1692 1057">
     <span class='ocr_line' id='line_1_9' title="bbox 108 982 1692 1057; baseline 0.002 -21"><span class='ocrx_word' id='word_1_46' title='bbox 108 998 242 1037; x_wconf 88' lang='lat' dir='ltr'><strong>rans</strong></span> <span class='ocrx_word' id='word_1_47' title='bbox 272 983 348 1053; x_wconf 91' lang='lat'><strong>(9)</strong></span> <span class='ocrx_word' id='word_1_48' title='bbox 385 999 399 1036; x_wconf 91' lang='lat'><strong>:</strong></span> <span class='ocrx_word' id='word_1_49' title='bbox 434 982 563 1046; x_wconf 87' lang='lat' dir='ltr'><strong>Eas,</strong></span> <span class='ocrx_word' id='word_1_50' title='bbox 598 983 793 1053; x_wconf 86' lang='lat' dir='ltr'><strong>inquit,</strong></span> <span class='ocrx_word' id='word_1_51' title='bbox 832 985 967 1038; x_wconf 89' lang='lat' dir='ltr'><strong>mira</strong></span> <span class='ocrx_word' id='word_1_52' title='bbox 999 986 1268 1055; x_wconf 77' lang='lat' dir='ltr'><strong>diligentia</strong></span> <span class='ocrx_word' id='word_1_53' title='bbox 1307 994 1355 1039; x_wconf 87' lang='lat' dir='ltr'><strong>et</strong></span> <span class='ocrx_word' id='word_1_54' title='bbox 1392 986 1692 1057; x_wconf 81' lang='lat' dir='ltr'><strong>largissime</strong></span> 
     </span>
    </p>
   </div>
   <div class='ocr_carea' id='block_1_10' title="bbox 108 1073 1694 1147">
    <p class='ocr_par' dir='ltr' id='par_1_10' title="bbox 108 1073 1694 1147">
     <span class='ocr_line' id='line_1_10' title="bbox 108 1073 1694 1147; baseline 0.004 -22"><span class='ocrx_word' id='word_1_55' title='bbox 108 1074 379 1142; x_wconf 85' lang='lat' dir='ltr'><strong>impendio</strong></span> <span class='ocrx_word' id='word_1_56' title='bbox 419 1073 740 1129; x_wconf 65' lang='lat' dir='ltr'><strong>Ptolemaeus</strong></span> <span class='ocrx_word' id='word_1_57' title='bbox 786 1075 1164 1147; x_wconf 75' lang='lat' dir='ltr'><strong>Philadelphus</strong></span> <span class='ocrx_word' id='word_1_58' title='bbox 1212 1078 1267 1130; x_wconf 84' lang='lat' dir='ltr'><strong>in</strong></span> <span class='ocrx_word' id='word_1_59' title='bbox 1320 1093 1551 1132; x_wconf 65' lang='lat' dir='ltr'><strong>uacum</strong></span> <span class='ocrx_word' id='word_1_60' title='bbox 1597 1094 1694 1132; x_wconf 74' lang='lat' dir='ltr'><strong>N0-</strong></span> 
     </span>
    </p>
   </div>
   <div class='ocr_carea' id='block_1_11' title="bbox 105 1166 1694 1239">
    <p class='ocr_par' dir='ltr' id='par_1_11' title="bbox 105 1166 1694 1239">
     <span class='ocr_line' id='line_1_11' title="bbox 105 1166 1694 1239; baseline 0.004 -19"><span class='ocrx_word' id='word_1_61' title='bbox 105 1182 289 1221; x_wconf 64' lang='lat' dir='ltr'><strong>srnsu</strong></span> <span class='ocrx_word' id='word_1_62' title='bbox 340 1166 548 1219; x_wconf 82' lang='lat' dir='ltr'><strong>traduci</strong></span> <span class='ocrx_word' id='word_1_63' title='bbox 592 1169 814 1222; x_wconf 75' lang='lat' dir='ltr'><strong>curavit.</strong></span> <span class='ocrx_word' id='word_1_64' title='bbox 871 1166 1056 1239; x_wconf 87' lang='lat' dir='ltr'><strong>Neque</strong></span> <span class='ocrx_word' id='word_1_65' title='bbox 1106 1185 1238 1225; x_wconf 90' lang='lat' dir='ltr'><strong>sane</strong></span> <span class='ocrx_word' id='word_1_66' title='bbox 1294 1171 1544 1226; x_wconf 87' lang='lat' dir='ltr'><strong>dubitare</strong></span> <span class='ocrx_word' id='word_1_67' title='bbox 1593 1186 1694 1226; x_wconf 87' lang='lat' dir='ltr'><strong>nos</strong></span> 
     </span>
    </p>
   </div>
   <div class='ocr_carea' id='block_1_12' title="bbox 106 1256 1694 1327">
    <p class='ocr_par' dir='ltr' id='par_1_12' title="bbox 106 1256 1694 1327">
     <span class='ocr_line' id='line_1_12' title="bbox 106 1256 1694 1327; baseline 0.003 -17"><span class='ocrx_word' id='word_1_68' title='bbox 106 1256 242 1310; x_wconf 84' lang='lat' dir='ltr'><strong>sinit</strong></span> <span class='ocrx_word' id='word_1_69' title='bbox 266 1256 509 1326; x_wconf 70' lang='lat' dir='ltr'><strong>epistola:</strong></span> <span class='ocrx_word' id='word_1_70' title='bbox 546 1256 735 1323; x_wconf 85' lang='lat' dir='ltr'><strong>dictio,</strong></span> <span class='ocrx_word' id='word_1_71' title='bbox 765 1258 899 1327; x_wconf 91' lang='lat' dir='ltr'><strong>quin</strong></span> <span class='ocrx_word' id='word_1_72' title='bbox 932 1273 1050 1312; x_wconf 92' lang='lat' dir='ltr'><strong>eam</strong></span> <span class='ocrx_word' id='word_1_73' title='bbox 1081 1274 1111 1313; x_wconf 93' lang='lat' dir='ltr'><strong>e</strong></span> <span class='ocrx_word' id='word_1_74' title='bbox 1143 1259 1332 1315; x_wconf 70' lang='lat' dir='ltr'><strong>Graeco</strong></span> <span class='ocrx_word' id='word_1_75' title='bbox 1358 1259 1547 1315; x_wconf 87' lang='lat' dir='ltr'><strong>Latine</strong></span> <span class='ocrx_word' id='word_1_76' title='bbox 1573 1262 1694 1315; x_wconf 89' lang='lat' dir='ltr'><strong>red-</strong></span> 
     </span>
    </p>
   </div>
   <div class='ocr_carea' id='block_1_13' title="bbox 105 1347 1694 1423">
    <p class='ocr_par' dir='ltr' id='par_1_13' title="bbox 105 1347 1694 1423">
     <span class='ocr_line' id='line_1_13' title="bbox 105 1347 1694 1423; baseline 0.004 -22"><span class='ocrx_word' id='word_1_77' title='bbox 105 1347 279 1401; x_wconf 89' lang='lat' dir='ltr'><strong>ditam</strong></span> <span class='ocrx_word' id='word_1_78' title='bbox 312 1349 711 1403; x_wconf 81' lang='lat' dir='ltr'><strong>existimemus.</strong></span> <span class='ocrx_word' id='word_1_79' title='bbox 750 1348 1016 1405; x_wconf 69' lang='lat' dir='ltr'><strong>Praeterea</strong></span> <span class='ocrx_word' id='word_1_80' title='bbox 1063 1351 1263 1421; x_wconf 86' lang='lat' dir='ltr'><strong>scripta</strong></span> <span class='ocrx_word' id='word_1_81' title='bbox 1297 1350 1469 1407; x_wconf 76' lang='lat' dir='ltr'><strong>fuisse</strong></span> <span class='ocrx_word' id='word_1_82' title='bbox 1510 1353 1694 1423; x_wconf 86' lang='lat' dir='ltr'><strong>perhi-</strong></span> 
     </span>
    </p>
   </div>
   <div class='ocr_carea' id='block_1_14' title="bbox 106 1439 1692 1515">
    <p class='ocr_par' dir='ltr' id='par_1_14' title="bbox 106 1439 1692 1515">
     <span class='ocr_line' id='line_1_14' title="bbox 106 1439 1692 1515; baseline 0.004 -23"><span class='ocrx_word' id='word_1_83' title='bbox 106 1439 270 1493; x_wconf 84' lang='lat' dir='ltr'><strong>betur</strong></span> <span class='ocrx_word' id='word_1_84' title='bbox 302 1440 531 1509; x_wconf 87' lang='lat' dir='ltr'><strong>epistola</strong></span> <span class='ocrx_word' id='word_1_85' title='bbox 565 1441 876 1511; x_wconf 86' lang='lat' dir='ltr'><strong>hujusmodi</strong></span> <span class='ocrx_word' id='word_1_86' title='bbox 906 1441 1015 1513; x_wconf 90' lang='grc'>(10)</span> <span class='ocrx_word' id='word_1_87' title='bbox 1047 1459 1174 1512; x_wconf 84' lang='lat' dir='ltr'><strong>pace</strong></span> <span class='ocrx_word' id='word_1_88' title='bbox 1209 1460 1301 1513; x_wconf 91' lang='lat' dir='ltr'><strong>per</strong></span> <span class='ocrx_word' id='word_1_89' title='bbox 1322 1445 1513 1498; x_wconf 90' lang='lat' dir='ltr'><strong>bonum</strong></span> <span class='ocrx_word' id='word_1_90' title='bbox 1544 1446 1692 1515; x_wconf 89' lang='lat' dir='ltr'><strong>prin-</strong></span> 
     </span>
    </p>
   </div>
   <div class='ocr_carea' id='block_1_15' title="bbox 107 1530 1691 1605">
    <p class='ocr_par' dir='ltr' id='par_1_15' title="bbox 107 1530 1691 1605">
     <span class='ocr_line' id='line_1_15' title="bbox 107 1530 1691 1605; baseline 0.005 -22"><span class='ocrx_word' id='word_1_91' title='bbox 107 1531 281 1600; x_wconf 86' lang='lat' dir='ltr'><strong>cipem</strong></span> <span class='ocrx_word' id='word_1_92' title='bbox 349 1530 598 1586; x_wconf 84' lang='lat' dir='ltr'><strong>Ecclesiis</strong></span> <span class='ocrx_word' id='word_1_93' title='bbox 664 1550 932 1589; x_wconf 86' lang='lat' dir='ltr'><strong>concessa.</strong></span> <span class='ocrx_word' id='word_1_94' title='bbox 1000 1534 1242 1605; x_wconf 89' lang='lat' dir='ltr'><strong>Denique</strong></span> <span class='ocrx_word' id='word_1_95' title='bbox 1299 1545 1531 1591; x_wconf 84' lang='lat' dir='ltr'><strong>testatur</strong></span> <span class='ocrx_word' id='word_1_96' title='bbox 1589 1553 1691 1591; x_wconf 82' lang='lat' dir='ltr'><strong>au-</strong></span> 
     </span>
    </p>
   </div>
   <div class='ocr_carea' id='block_1_16' title="bbox 104 1623 1689 1695">
    <p class='ocr_par' dir='ltr' id='par_1_16' title="bbox 104 1623 1689 1695">
     <span class='ocr_line' id='line_1_16' title="bbox 104 1623 1689 1695; baseline 0.003 -18"><span class='ocrx_word' id='word_1_97' title='bbox 104 1632 229 1677; x_wconf 90' lang='lat' dir='ltr'><strong>ctor</strong></span> <span class='ocrx_word' id='word_1_98' title='bbox 254 1623 401 1693; x_wconf 89' lang='grc'>(11),</span> <span class='ocrx_word' id='word_1_99' title='bbox 437 1625 723 1695; x_wconf 84' lang='lat' dir='ltr'><strong>principem</strong></span> <span class='ocrx_word' id='word_1_100' title='bbox 757 1628 927 1695; x_wconf 85' lang='lat' dir='ltr'><strong>ipsum</strong></span> <span class='ocrx_word' id='word_1_101' title='bbox 963 1627 1195 1680; x_wconf 84' lang='lat' dir='ltr'><strong>nandum</strong></span> <span class='ocrx_word' id='word_1_102' title='bbox 1222 1628 1541 1684; x_wconf 72' lang='lat' dir='ltr'><strong>Christiana:</strong></span> <span class='ocrx_word' id='word_1_103' title='bbox 1566 1630 1689 1683; x_wconf 84' lang='lat' dir='ltr'><strong>reli-</strong></span> 
     </span>
    </p>
   </div>
   <div class='ocr_carea' id='block_1_17' title="bbox 104 1715 1689 1787">
    <p class='ocr_par' dir='ltr' id='par_1_17' title="bbox 104 1715 1689 1787">
     <span class='ocr_line' id='line_1_17' title="bbox 104 1715 1689 1787; baseline 0.006 -22"><span class='ocrx_word' id='word_1_104' title='bbox 104 1715 252 1784; x_wconf 86' lang='lat' dir='ltr'><strong>gioni</strong></span> <span class='ocrx_word' id='word_1_105' title='bbox 302 1716 630 1783; x_wconf 80' lang='lat' dir='ltr'><strong>ascriptum,</strong></span> <span class='ocrx_word' id='word_1_106' title='bbox 663 1717 717 1770; x_wconf 92' lang='lat' dir='ltr'><strong>in</strong></span> <span class='ocrx_word' id='word_1_107' title='bbox 769 1717 927 1786; x_wconf 87' lang='lat' dir='ltr'><strong>cujus</strong></span> <span class='ocrx_word' id='word_1_108' title='bbox 978 1718 1181 1787; x_wconf 91' lang='lat' dir='ltr'><strong>palatio</strong></span> <span class='ocrx_word' id='word_1_109' title='bbox 1230 1719 1689 1774; x_wconf 85' lang='lat' dir='ltr'><strong>cubiculariorum</strong></span> 
     </span>
    </p>
   </div>
   <div class='ocr_carea' id='block_1_18' title="bbox 106 1805 1689 1881">
    <p class='ocr_par' dir='ltr' id='par_1_18' title="bbox 106 1805 1689 1881">
     <span class='ocr_line' id='line_1_18' title="bbox 106 1805 1689 1881; baseline 0.004 -22"><span class='ocrx_word' id='word_1_110' title='bbox 106 1805 351 1875; x_wconf 66' lang='lat' dir='ltr'><strong>praefecti</strong></span> <span class='ocrx_word' id='word_1_111' title='bbox 396 1822 623 1863; x_wconf 88' lang='lat' dir='ltr'><strong>munere</strong></span> <span class='ocrx_word' id='word_1_112' title='bbox 672 1808 1000 1879; x_wconf 79' lang='lat' dir='ltr'><strong>fungebatur</strong></span> <span class='ocrx_word' id='word_1_113' title='bbox 1033 1808 1336 1875; x_wconf 88' lang='lat' dir='ltr'><strong>Lucianus,</strong></span> <span class='ocrx_word' id='word_1_114' title='bbox 1375 1812 1503 1881; x_wconf 85' lang='lat' dir='ltr'><strong>ipsis</strong></span> <span class='ocrx_word' id='word_1_115' title='bbox 1529 1811 1689 1866; x_wconf 87' lang='lat' dir='ltr'><strong>Chri-</strong></span> 
     </span>
    </p>
   </div>
   <div class='ocr_carea' id='block_1_19' title="bbox 105 1898 1690 1972">
    <p class='ocr_par' dir='ltr' id='par_1_19' title="bbox 105 1898 1690 1972">
     <span class='ocr_line' id='line_1_19' title="bbox 105 1898 1690 1972; baseline 0.004 -21"><span class='ocrx_word' id='word_1_116' title='bbox 105 1898 298 1951; x_wconf 83' lang='lat' dir='ltr'><strong>stianis</strong></span> <span class='ocrx_word' id='word_1_117' title='bbox 332 1898 472 1957; x_wconf 71' lang='lat' dir='ltr'><strong>velut</strong></span> <span class='ocrx_word' id='word_1_118' title='bbox 506 1899 832 1968; x_wconf 80' lang='lat' dir='ltr'><strong>ﬁdelioribus</strong></span> <span class='ocrx_word' id='word_1_119' title='bbox 861 1901 1023 1954; x_wconf 86' lang='lat' dir='ltr'><strong>vitam</strong></span> <span class='ocrx_word' id='word_1_120' title='bbox 1057 1910 1106 1956; x_wconf 88' lang='lat' dir='ltr'><strong>et</strong></span> <span class='ocrx_word' id='word_1_121' title='bbox 1154 1918 1341 1972; x_wconf 87' lang='lat' dir='ltr'><strong>corpus</strong></span> <span class='ocrx_word' id='word_1_122' title='bbox 1380 1920 1536 1957; x_wconf 87' lang='lat' dir='ltr'><strong>suum</strong></span> <span class='ocrx_word' id='word_1_123' title='bbox 1578 1920 1690 1957; x_wconf 86' lang='lat' dir='ltr'><strong>ser-</strong></span> 
     </span>
    </p>
   </div>
   <div class='ocr_carea' id='block_1_20' title="bbox 106 1992 1689 2064">
    <p class='ocr_par' dir='ltr' id='par_1_20' title="bbox 106 1992 1689 2064">
     <span class='ocr_line' id='line_1_20' title="bbox 106 1992 1689 2064; baseline 0.005 -21"><span class='ocrx_word' id='word_1_124' title='bbox 106 1992 336 2043; x_wconf 83' lang='lat' dir='ltr'><strong>vandum</strong></span> <span class='ocrx_word' id='word_1_125' title='bbox 382 1992 688 2047; x_wconf 77' lang='lat' dir='ltr'><strong>credidisse.</strong></span> <span class='ocrx_word' id='word_1_126' title='bbox 734 1992 810 2047; x_wconf 80' lang='lat' dir='ltr'><strong>Ex</strong></span> <span class='ocrx_word' id='word_1_127' title='bbox 862 1994 1063 2063; x_wconf 86' lang='lat' dir='ltr'><strong>quibus</strong></span> <span class='ocrx_word' id='word_1_128' title='bbox 1109 2008 1239 2064; x_wconf 75' lang='lat' dir='ltr'><strong>ergo</strong></span> <span class='ocrx_word' id='word_1_129' title='bbox 1282 1994 1689 2052; x_wconf 88' lang='lat' dir='ltr'><strong>characteribus</strong></span> 
     </span>
    </p>
   </div>
   <div class='ocr_carea' id='block_1_21' title="bbox 104 2081 1690 2151">
    <p class='ocr_par' dir='ltr' id='par_1_21' title="bbox 104 2081 1690 2151">
     <span class='ocr_line' id='line_1_21' title="bbox 104 2081 1690 2151; baseline 0.004 -16"><span class='ocrx_word' id='word_1_130' title='bbox 104 2092 257 2136; x_wconf 85' lang='lat' dir='ltr'><strong>recte</strong></span> <span class='ocrx_word' id='word_1_131' title='bbox 278 2081 524 2151; x_wconf 80' lang='lat' dir='ltr'><strong>arguisse</strong></span> <span class='ocrx_word' id='word_1_132' title='bbox 550 2084 708 2137; x_wconf 89' lang='lat' dir='ltr'><strong>nobis</strong></span> <span class='ocrx_word' id='word_1_133' title='bbox 733 2084 987 2139; x_wconf 83' lang='lat' dir='ltr'><strong>videntur</strong></span> <span class='ocrx_word' id='word_1_134' title='bbox 1014 2085 1366 2141; x_wconf 88' lang='lat' dir='ltr'><strong>doctissimus</strong></span> <span class='ocrx_word' id='word_1_135' title='bbox 1395 2086 1436 2138; x_wconf 88' lang='grc' dir='ltr'>Τ</span> <span class='ocrx_word' id='word_1_136' title='bbox 1444 2087 1690 2141; x_wconf 88' lang='lat' dir='ltr'><strong>illemon-</strong></span> 
     </span>
    </p>
   </div>
   <div class='ocr_carea' id='block_1_22' title="bbox 106 2174 1685 2251">
    <p class='ocr_par' dir='ltr' id='par_1_22' title="bbox 106 2174 1685 2251">
     <span class='ocr_line' id='line_1_22' title="bbox 106 2174 1685 2251; baseline 0.006 -25"><span class='ocrx_word' id='word_1_137' title='bbox 106 2174 224 2230; x_wconf 91' lang='lat' dir='ltr'><strong>tius</strong></span> <span class='ocrx_word' id='word_1_138' title='bbox 245 2176 355 2246; x_wconf 71' lang='lat' dir='ltr'><strong>(l2)</strong></span> <span class='ocrx_word' id='word_1_139' title='bbox 377 2185 430 2230; x_wconf 92' lang='lat' dir='ltr'><strong>et</strong></span> <span class='ocrx_word' id='word_1_140' title='bbox 453 2175 774 2232; x_wconf 90' lang='lat' dir='ltr'><strong>Dacheriani</strong></span> <span class='ocrx_word' id='word_1_141' title='bbox 800 2177 1066 2250; x_wconf 86' lang='lat' dir='ltr'><strong>Spicilegii</strong></span> <span class='ocrx_word' id='word_1_142' title='bbox 1092 2195 1331 2249; x_wconf 90' lang='lat' dir='ltr'><strong>nuperus</strong></span> <span class='ocrx_word' id='word_1_143' title='bbox 1355 2180 1530 2235; x_wconf 88' lang='lat' dir='ltr'><strong>editor</strong></span> <span class='ocrx_word' id='word_1_144' title='bbox 1552 2181 1571 2251; x_wconf 90' lang='lat'>(</span> <span class='ocrx_word' id='word_1_145' title='bbox 1580 2181 1685 2251; x_wconf 82' lang='grc'>15),</span> 
     </span>
    </p>
   </div>
   <div class='ocr_carea' id='block_1_23' title="bbox 110 2267 1686 2342">
    <p class='ocr_par' dir='ltr' id='par_1_23' title="bbox 110 2267 1686 2342">
     <span class='ocr_line' id='line_1_23' title="bbox 110 2267 1686 2342; baseline 0.004 -22"><span class='ocrx_word' id='word_1_146' title='bbox 110 2267 254 2321; x_wconf 90' lang='lat' dir='ltr'><strong>hanc</strong></span> <span class='ocrx_word' id='word_1_147' title='bbox 281 2268 564 2337; x_wconf 89' lang='lat' dir='ltr'><strong>epistolam</strong></span> <span class='ocrx_word' id='word_1_148' title='bbox 600 2269 745 2325; x_wconf 88' lang='lat' dir='ltr'><strong>haud</strong></span> <span class='ocrx_word' id='word_1_149' title='bbox 781 2270 937 2325; x_wconf 84' lang='lat' dir='ltr'><strong>aliter</strong></span> <span class='ocrx_word' id='word_1_150' title='bbox 967 2286 1089 2326; x_wconf 91' lang='lat' dir='ltr'><strong>esse</strong></span> <span class='ocrx_word' id='word_1_151' title='bbox 1117 2272 1487 2342; x_wconf 87' lang='lat' dir='ltr'><strong>accipiendam</strong></span> <span class='ocrx_word' id='word_1_152' title='bbox 1522 2287 1686 2341; x_wconf 87' lang='lat' dir='ltr'><strong>quam</strong></span> 
     </span>
    </p>
   </div>
   <div class='ocr_carea' id='block_1_24' title="bbox 105 2353 1688 2430">
    <p class='ocr_par' dir='ltr' id='par_1_24' title="bbox 105 2353 1688 2430">
     <span class='ocr_line' id='line_1_24' title="bbox 105 2353 1688 2430; baseline 0.005 -21"><span class='ocrx_word' id='word_1_153' title='bbox 105 2354 175 2409; x_wconf 82' lang='lat' dir='ltr'><strong>de</strong></span> <span class='ocrx_word' id='word_1_154' title='bbox 209 2353 525 2411; x_wconf 82' lang='lat' dir='ltr'><strong>Diocletiani</strong></span> <span class='ocrx_word' id='word_1_155' title='bbox 556 2358 809 2428; x_wconf 90' lang='lat' dir='ltr'><strong>imperio,</strong></span> <span class='ocrx_word' id='word_1_156' title='bbox 839 2367 1132 2430; x_wconf 82' lang='lat' dir='ltr'><strong>antequam</strong></span> <span class='ocrx_word' id='word_1_157' title='bbox 1164 2361 1254 2416; x_wconf 88' lang='lat' dir='ltr'><strong>ille</strong></span> <span class='ocrx_word' id='word_1_158' title='bbox 1285 2378 1430 2415; x_wconf 90' lang='lat' dir='ltr'><strong>anno</strong></span> <span class='ocrx_word' id='word_1_159' title='bbox 1459 2362 1563 2417; x_wconf 77' lang='grc'><strong>505</strong></span> <span class='ocrx_word' id='word_1_160' title='bbox 1592 2363 1688 2418; x_wconf 90' lang='lat' dir='ltr'><strong>ad-</strong></span> 
     </span>
    </p>
   </div>
   <div class='ocr_carea' id='block_1_25' title="bbox 106 2446 1688 2524">
    <p class='ocr_par' dir='ltr' id='par_1_25' title="bbox 106 2446 1688 2524">
     <span class='ocr_line' id='line_1_25' title="bbox 106 2446 1688 2524; baseline 0.008 -25"><span class='ocrx_word' id='word_1_161' title='bbox 106 2461 301 2502; x_wconf 72' lang='lat' dir='ltr'><strong>versus</strong></span> <span class='ocrx_word' id='word_1_162' title='bbox 331 2446 628 2503; x_wconf 80' lang='lat' dir='ltr'><strong>Ecclesiam</strong></span> <span class='ocrx_word' id='word_1_163' title='bbox 663 2449 898 2517; x_wconf 86' lang='lat' dir='ltr'><strong>fureret;</strong></span> <span class='ocrx_word' id='word_1_164' title='bbox 934 2466 1097 2521; x_wconf 87' lang='lat' dir='ltr'><strong>quam</strong></span> <span class='ocrx_word' id='word_1_165' title='bbox 1130 2464 1414 2524; x_wconf 85' lang='lat' dir='ltr'><strong>propterea</strong></span> <span class='ocrx_word' id='word_1_166' title='bbox 1436 2453 1688 2512; x_wconf 87' lang='lat' dir='ltr'><strong>Theonas</strong></span> 
     </span>
    </p>
   </div>
   <div class='ocr_carea' id='block_1_26' title="bbox 105 2537 1689 2615">
    <p class='ocr_par' dir='ltr' id='par_1_26' title="bbox 105 2537 1689 2615">
     <span class='ocr_line' id='line_1_26' title="bbox 105 2537 1689 2615; baseline 0.006 -25"><span class='ocrx_word' id='word_1_167' title='bbox 105 2537 394 2608; x_wconf 85' lang='lat' dir='ltr'><strong>episcopus</strong></span> <span class='ocrx_word' id='word_1_168' title='bbox 416 2539 813 2596; x_wconf 77' lang='lat' dir='ltr'><strong>Alexandrinus</strong></span> <span class='ocrx_word' id='word_1_169' title='bbox 835 2542 1036 2597; x_wconf 66' lang='lat' dir='ltr'><strong>saeculo</strong></span> <span class='ocrx_word' id='word_1_170' title='bbox 1052 2558 1112 2597; x_wconf 84' lang='grc' dir='ltr'><strong>ιιι</strong></span> <span class='ocrx_word' id='word_1_171' title='bbox 1142 2543 1421 2600; x_wconf 87' lang='lat' dir='ltr'><strong>desinente</strong></span> <span class='ocrx_word' id='word_1_172' title='bbox 1452 2546 1689 2615; x_wconf 88' lang='lat' dir='ltr'><strong>perscri-</strong></span> 
     </span>
    </p>
   </div>
   <div class='ocr_carea' id='block_1_27' title="bbox 107 2630 295 2699">
    <p class='ocr_par' dir='ltr' id='par_1_27' title="bbox 107 2630 295 2699">
     <span class='ocr_line' id='line_1_27' title="bbox 107 2630 295 2699; baseline 0 -16"><span class='ocrx_word' id='word_1_173' title='bbox 107 2630 295 2699; x_wconf 83' lang='lat' dir='ltr'><strong>pscrit.</strong></span> 
     </span>
    </p>
   </div>
   <div class='ocr_carea' id='block_1_28' title="bbox 178 2718 1688 2784">
    <p class='ocr_par' dir='ltr' id='par_1_28' title="bbox 178 2718 1688 2784">
     <span class='ocr_line' id='line_1_28' title="bbox 178 2718 1688 2784; baseline 0.007 -12"><span class='ocrx_word' id='word_1_174' title='bbox 178 2718 265 2773; x_wconf 89' lang='lat' dir='ltr'><strong>Ill.</strong></span> <span class='ocrx_word' id='word_1_175' title='bbox 305 2718 478 2775; x_wconf 80' lang='lat' dir='ltr'><strong>Porro</strong></span> <span class='ocrx_word' id='word_1_176' title='bbox 515 2720 581 2775; x_wconf 85' lang='lat' dir='ltr'><strong>ad</strong></span> <span class='ocrx_word' id='word_1_177' title='bbox 618 2720 756 2778; x_wconf 88' lang='lat' dir='ltr'><strong>hanc</strong></span> <span class='ocrx_word' id='word_1_178' title='bbox 772 2724 1125 2779; x_wconf 66' lang='lat' dir='ltr'><strong>,sententiam</strong></span> <span class='ocrx_word' id='word_1_179' title='bbox 1158 2726 1507 2781; x_wconf 91' lang='lat' dir='ltr'><strong>astruendam</strong></span> <span class='ocrx_word' id='word_1_180' title='bbox 1536 2728 1688 2784; x_wconf 86' lang='lat' dir='ltr'><strong>locu-</strong></span> 
     </span>
    </p>
   </div>
   <div class='ocr_carea' id='block_1_29' title="bbox 107 2812 1685 2889">
    <p class='ocr_par' dir='ltr' id='par_1_29' title="bbox 107 2812 1685 2889">
     <span class='ocr_line' id='line_1_29' title="bbox 107 2812 1685 2889; baseline 0.007 -24"><span class='ocrx_word' id='word_1_181' title='bbox 107 2812 445 2881; x_wconf 89' lang='lat' dir='ltr'><strong>pletissimus</strong></span> <span class='ocrx_word' id='word_1_182' title='bbox 478 2815 629 2869; x_wconf 90' lang='lat' dir='ltr'><strong>testis</strong></span> <span class='ocrx_word' id='word_1_183' title='bbox 656 2816 867 2871; x_wconf 85' lang='lat' dir='ltr'><strong>accedit</strong></span> <span class='ocrx_word' id='word_1_184' title='bbox 892 2814 1159 2873; x_wconf 82' lang='lat' dir='ltr'><strong>Eusebius</strong></span> <span class='ocrx_word' id='word_1_185' title='bbox 1188 2819 1300 2889; x_wconf 77' lang='lat' dir='ltr'><strong>(M)</strong></span> <span class='ocrx_word' id='word_1_186' title='bbox 1330 2836 1345 2873; x_wconf 86' lang='lat'><strong>:</strong></span> <span class='ocrx_word' id='word_1_187' title='bbox 1381 2837 1399 2869; x_wconf 83' lang='grc'><strong>‹</strong></span> <span class='ocrx_word' id='word_1_188' title='bbox 1439 2819 1685 2886; x_wconf 85' lang='lat' dir='ltr'><strong>Qualem,</strong></span> 
     </span>
    </p>
   </div>
   <div class='ocr_carea' id='block_1_30' title="bbox 108 2906 1685 2979">
    <p class='ocr_par' dir='ltr' id='par_1_30' title="bbox 108 2906 1685 2979">
     <span class='ocr_line' id='line_1_30' title="bbox 108 2906 1685 2979; baseline 0.007 -21"><span class='ocrx_word' id='word_1_189' title='bbox 108 2906 326 2975; x_wconf 85' lang='lat' dir='ltr'><strong>inquit,</strong></span> <span class='ocrx_word' id='word_1_190' title='bbox 378 2914 750 2978; x_wconf 87' lang='lat' dir='ltr'><strong>quantamque</strong></span> <span class='ocrx_word' id='word_1_191' title='bbox 802 2908 1029 2979; x_wconf 77' lang='lat' dir='ltr'><strong>gloriam</strong></span> <span class='ocrx_word' id='word_1_192' title='bbox 1076 2911 1241 2964; x_wconf 90' lang='lat' dir='ltr'><strong>simul</strong></span> <span class='ocrx_word' id='word_1_193' title='bbox 1281 2926 1344 2966; x_wconf 91' lang='lat' dir='ltr'><strong>ac</strong></span> <span class='ocrx_word' id='word_1_194' title='bbox 1382 2912 1685 2969; x_wconf 83' lang='lat' dir='ltr'><strong>libertatem</strong></span> 
     </span>
    </p>
   </div>
   <div class='ocr_carea' id='block_1_31' title="bbox 110 2997 1689 3073">
    <p class='ocr_par' dir='ltr' id='par_1_31' title="bbox 110 2997 1689 3073">
     <span class='ocr_line' id='line_1_31' title="bbox 110 2997 1689 3073; baseline 0.006 -22"><span class='ocrx_word' id='word_1_195' title='bbox 110 2997 357 3052; x_wconf 86' lang='lat' dir='ltr'><strong>doctrina</strong></span> <span class='ocrx_word' id='word_1_196' title='bbox 403 3014 540 3054; x_wconf 73' lang='lat' dir='ltr'><strong>vera:</strong></span> <span class='ocrx_word' id='word_1_197' title='bbox 596 3015 723 3069; x_wconf 80' lang='lat' dir='ltr'><strong>erga</strong></span> <span class='ocrx_word' id='word_1_198' title='bbox 776 3016 1090 3069; x_wconf 79' lang='lat' dir='ltr'><strong>supremum</strong></span> <span class='ocrx_word' id='word_1_199' title='bbox 1138 3000 1309 3056; x_wconf 89' lang='lat' dir='ltr'><strong>Deum</strong></span> <span class='ocrx_word' id='word_1_200' title='bbox 1358 3004 1575 3073; x_wconf 91' lang='lat' dir='ltr'><strong>pietatis</strong></span> <span class='ocrx_word' id='word_1_201' title='bbox 1616 3035 1689 3048; x_wconf 88' lang='lat'><strong>——</strong></span> 
     </span>
    </p>
   </div>
   <div class='ocr_carea' id='block_1_32' title="bbox 111 3088 1687 3165">
    <p class='ocr_par' dir='ltr' id='par_1_32' title="bbox 111 3088 1687 3165">
     <span class='ocr_line' id='line_1_32' title="bbox 111 3088 1687 3165; baseline 0.004 -22"><span class='ocrx_word' id='word_1_202' title='bbox 111 3088 255 3158; x_wconf 88' lang='lat' dir='ltr'><strong>apud</strong></span> <span class='ocrx_word' id='word_1_203' title='bbox 291 3106 481 3145; x_wconf 88' lang='lat' dir='ltr'><strong>onmes</strong></span> <span class='ocrx_word' id='word_1_204' title='bbox 527 3090 745 3147; x_wconf 72' lang='lat' dir='ltr'><strong>Graecos</strong></span> <span class='ocrx_word' id='word_1_205' title='bbox 773 3094 977 3163; x_wconf 82' lang='lat' dir='ltr'><strong>pariter</strong></span> <span class='ocrx_word' id='word_1_206' title='bbox 1004 3109 1068 3148; x_wconf 90' lang='lat' dir='ltr'><strong>ac</strong></span> <span class='ocrx_word' id='word_1_207' title='bbox 1098 3094 1358 3149; x_wconf 87' lang='lat' dir='ltr'><strong>barbaros</strong></span> <span class='ocrx_word' id='word_1_208' title='bbox 1406 3103 1531 3150; x_wconf 90' lang='lat' dir='ltr'><strong>ante</strong></span> <span class='ocrx_word' id='word_1_209' title='bbox 1560 3112 1687 3165; x_wconf 88' lang='lat' dir='ltr'><strong>per-</strong></span> 
     </span>
    </p>
   </div>
   <div class='ocr_carea' id='block_1_33' title="bbox 107 3183 1685 3244">
    <p class='ocr_par' dir='ltr' id='par_1_33' title="bbox 107 3183 1685 3244">
     <span class='ocr_line' id='line_1_33' title="bbox 107 3183 1685 3244; baseline 0.006 -10"><span class='ocrx_word' id='word_1_210' title='bbox 107 3183 446 3237; x_wconf 89' lang='lat' dir='ltr'><strong>secutionem</strong></span> <span class='ocrx_word' id='word_1_211' title='bbox 496 3195 683 3239; x_wconf 90' lang='lat' dir='ltr'><strong>nostra</strong></span> <span class='ocrx_word' id='word_1_212' title='bbox 736 3188 998 3241; x_wconf 86' lang='lat' dir='ltr'><strong>memoria</strong></span> <span class='ocrx_word' id='word_1_213' title='bbox 1057 3187 1345 3242; x_wconf 80' lang='lat' dir='ltr'><strong>excitatam</strong></span> <span class='ocrx_word' id='word_1_214' title='bbox 1394 3198 1685 3244; x_wconf 87' lang='lat' dir='ltr'><strong>consecuta</strong></span> 
     </span>
    </p>
   </div>
   <div class='ocr_carea' id='block_1_34' title="bbox 104 3273 1687 3349">
    <p class='ocr_par' dir='ltr' id='par_1_34' title="bbox 104 3273 1687 3349">
     <span class='ocr_line' id='line_1_34' title="bbox 104 3273 1687 3349; baseline 0.006 -23"><span class='ocrx_word' id='word_1_215' title='bbox 104 3273 201 3334; x_wconf 89' lang='lat' dir='ltr'><strong>sit,</strong></span> <span class='ocrx_word' id='word_1_216' title='bbox 256 3289 355 3329; x_wconf 89' lang='lat' dir='ltr'><strong>nos</strong></span> <span class='ocrx_word' id='word_1_217' title='bbox 383 3284 528 3330; x_wconf 90' lang='lat' dir='ltr'><strong>certe</strong></span> <span class='ocrx_word' id='word_1_218' title='bbox 561 3291 661 3345; x_wconf 91' lang='lat' dir='ltr'><strong>pro</strong></span> <span class='ocrx_word' id='word_1_219' title='bbox 696 3276 890 3332; x_wconf 89' lang='lat' dir='ltr'><strong>merito</strong></span> <span class='ocrx_word' id='word_1_220' title='bbox 936 3277 1209 3347; x_wconf 80' lang='lat' dir='ltr'><strong>explicare</strong></span> <span class='ocrx_word' id='word_1_221' title='bbox 1239 3294 1345 3333; x_wconf 92' lang='lat' dir='ltr'><strong>non</strong></span> <span class='ocrx_word' id='word_1_222' title='bbox 1373 3293 1687 3349; x_wconf 88' lang='lat' dir='ltr'><strong>possumus.</strong></span> 
     </span>
    </p>
   </div>
   <div class='ocr_carea' id='block_1_35' title="bbox 102 3364 1691 3440">
    <p class='ocr_par' dir='ltr' id='par_1_35' title="bbox 102 3364 1691 3440">
     <span class='ocr_line' id='line_1_35' title="bbox 102 3364 1691 3440; baseline 0.007 -24"><span class='ocrx_word' id='word_1_223' title='bbox 102 3364 444 3435; x_wconf 80' lang='lat' dir='ltr'><strong>Argumenta</strong></span> <span class='ocrx_word' id='word_1_224' title='bbox 486 3383 623 3423; x_wconf 75' lang='lat' dir='ltr'><strong>esse</strong></span> <span class='ocrx_word' id='word_1_225' title='bbox 648 3368 819 3438; x_wconf 88' lang='lat' dir='ltr'><strong>possit</strong></span> <span class='ocrx_word' id='word_1_226' title='bbox 850 3370 1225 3438; x_wconf 80' lang='lat' dir='ltr'><strong>imperatorum</strong></span> <span class='ocrx_word' id='word_1_227' title='bbox 1251 3368 1599 3440; x_wconf 86' lang='lat' dir='ltr'><strong>(Diocletiani</strong></span> <span class='ocrx_word' id='word_1_228' title='bbox 1637 3381 1691 3427; x_wconf 91' lang='lat' dir='ltr'><strong>et</strong></span> 
     </span>
    </p>
   </div>
   <div class='ocr_carea' id='block_1_36' title="bbox 104 3455 1689 3535">
    <p class='ocr_par' dir='ltr' id='par_1_36' title="bbox 104 3455 1689 3535">
     <span class='ocr_line' id='line_1_36' title="bbox 104 3455 1689 3535; baseline 0.006 -25"><span class='ocrx_word' id='word_1_229' title='bbox 104 3455 347 3513; x_wconf 73' lang='lat' dir='ltr'><strong>Herculii</strong></span> <span class='ocrx_word' id='word_1_230' title='bbox 379 3457 476 3531; x_wconf 74' lang='grc' dir='ltr'><strong>Μ.)</strong></span> <span class='ocrx_word' id='word_1_231' title='bbox 507 3459 798 3531; x_wconf 82' lang='lat' dir='ltr'><strong>benignitas</strong></span> <span class='ocrx_word' id='word_1_232' title='bbox 825 3477 950 3531; x_wconf 86' lang='lat' dir='ltr'><strong>erga</strong></span> <span class='ocrx_word' id='word_1_233' title='bbox 976 3471 1179 3517; x_wconf 86' lang='lat' dir='ltr'><strong>nostros</strong></span> <span class='ocrx_word' id='word_1_234' title='bbox 1210 3478 1230 3517; x_wconf 89' lang='lat'><strong><em>:</em></strong></span> <span class='ocrx_word' id='word_1_235' title='bbox 1268 3464 1467 3534; x_wconf 85' lang='lat' dir='ltr'><strong>quibus</strong></span> <span class='ocrx_word' id='word_1_236' title='bbox 1495 3479 1689 3535; x_wconf 83' lang='lat' dir='ltr'><strong>regen-</strong></span> 
     </span>
    </p>
   </div>
   <div class='ocr_carea' id='block_1_37' title="bbox 1795 616 3377 689">
    <p class='ocr_par' dir='ltr' id='par_1_37' title="bbox 1795 616 3377 689">
     <span class='ocr_line' id='line_1_37' title="bbox 1795 616 3377 689; baseline 0.005 -22"><span class='ocrx_word' id='word_1_237' title='bbox 1795 616 1952 669; x_wconf 91' lang='lat' dir='ltr'><strong>candi</strong></span> <span class='ocrx_word' id='word_1_238' title='bbox 2003 625 2149 671; x_wconf 86' lang='lat' dir='ltr'><strong>metu</strong></span> <span class='ocrx_word' id='word_1_239' title='bbox 2189 632 2283 671; x_wconf 85' lang='lat' dir='ltr'><strong>eos</strong></span> <span class='ocrx_word' id='word_1_240' title='bbox 2314 616 2610 671; x_wconf 86' lang='lat' dir='ltr'><strong>liberantes</strong></span> <span class='ocrx_word' id='word_1_241' title='bbox 2658 619 2727 671; x_wconf 90' lang='lat' dir='ltr'><strong>ob</strong></span> <span class='ocrx_word' id='word_1_242' title='bbox 2771 618 3129 688; x_wconf 76' lang='lat' dir='ltr'><strong>singularem,</strong></span> <span class='ocrx_word' id='word_1_243' title='bbox 3176 634 3285 689; x_wconf 90' lang='lat' dir='ltr'><strong>qua</strong></span> <span class='ocrx_word' id='word_1_244' title='bbox 3322 623 3377 675; x_wconf 87' lang='lat' dir='ltr'><strong>iu</strong></span> 
     </span>
    </p>
   </div>
   <div class='ocr_carea' id='block_1_38' title="bbox 1795 706 3373 777">
    <p class='ocr_par' dir='ltr' id='par_1_38' title="bbox 1795 706 3373 777">
     <span class='ocr_line' id='line_1_38' title="bbox 1795 706 3373 777; baseline 0.005 -19"><span class='ocrx_word' id='word_1_245' title='bbox 1795 706 2109 775; x_wconf 83' lang='lat' dir='ltr'><strong>religionem</strong></span> <span class='ocrx_word' id='word_1_246' title='bbox 2167 718 2409 763; x_wconf 90' lang='lat' dir='ltr'><strong>nostram</strong></span> <span class='ocrx_word' id='word_1_247' title='bbox 2460 708 2636 763; x_wconf 80' lang='lat' dir='ltr'><strong>allecti</strong></span> <span class='ocrx_word' id='word_1_248' title='bbox 2684 720 2869 777; x_wconf 88' lang='lat' dir='ltr'><strong>erant,</strong></span> <span class='ocrx_word' id='word_1_249' title='bbox 2918 711 3373 766; x_wconf 78' lang='lat' dir='ltr'><strong>benevolentiam.</strong></span> 
     </span>
    </p>
   </div>
   <div class='ocr_carea' id='block_1_39' title="bbox 1794 796 3377 872">
    <p class='ocr_par' dir='ltr' id='par_1_39' title="bbox 1794 796 3377 872">
     <span class='ocr_line' id='line_1_39' title="bbox 1794 796 3377 872; baseline 0.004 -21"><span class='ocrx_word' id='word_1_250' title='bbox 1794 796 1934 864; x_wconf 85' lang='lat' dir='ltr'><strong>Quid</strong></span> <span class='ocrx_word' id='word_1_251' title='bbox 1983 814 2123 869; x_wconf 91' lang='lat' dir='ltr'><strong>opus</strong></span> <span class='ocrx_word' id='word_1_252' title='bbox 2173 809 2257 855; x_wconf 91' lang='lat' dir='ltr'><strong>est</strong></span> <span class='ocrx_word' id='word_1_253' title='bbox 2304 801 2484 855; x_wconf 86' lang='lat' dir='ltr'><strong>dicere</strong></span> <span class='ocrx_word' id='word_1_254' title='bbox 2538 802 2605 855; x_wconf 91' lang='lat' dir='ltr'><strong>de</strong></span> <span class='ocrx_word' id='word_1_255' title='bbox 2647 802 2715 856; x_wconf 90' lang='lat' dir='ltr'><strong>iis</strong></span> <span class='ocrx_word' id='word_1_256' title='bbox 2761 803 2856 871; x_wconf 90' lang='lat' dir='ltr'><strong>qui</strong></span> <span class='ocrx_word' id='word_1_257' title='bbox 2908 802 2960 857; x_wconf 91' lang='lat' dir='ltr'><strong>in</strong></span> <span class='ocrx_word' id='word_1_258' title='bbox 3000 804 3377 872; x_wconf 81' lang='lat' dir='ltr'><strong>imperatorum</strong></span> 
     </span>
    </p>
   </div>
   <div class='ocr_carea' id='block_1_40' title="bbox 1792 892 3377 964">
    <p class='ocr_par' dir='ltr' id='par_1_40' title="bbox 1792 892 3377 964">
     <span class='ocr_line' id='line_1_40' title="bbox 1792 892 3377 964; baseline 0.005 -21"><span class='ocrx_word' id='word_1_259' title='bbox 1792 893 2011 959; x_wconf 89' lang='lat' dir='ltr'><strong>palatiis</strong></span> <span class='ocrx_word' id='word_1_260' title='bbox 2058 892 2445 947; x_wconf 69' lang='lat' dir='ltr'><strong>versabantur?</strong></span> <span class='ocrx_word' id='word_1_261' title='bbox 2489 892 2629 959; x_wconf 88' lang='lat' dir='ltr'><strong>Quid</strong></span> <span class='ocrx_word' id='word_1_262' title='bbox 2662 894 2729 947; x_wconf 88' lang='lat' dir='ltr'><strong>de</strong></span> <span class='ocrx_word' id='word_1_263' title='bbox 2760 894 3179 963; x_wconf 84' lang='lat' dir='ltr'><strong>imperatoribus</strong></span> <span class='ocrx_word' id='word_1_264' title='bbox 3206 896 3377 964; x_wconf 85' lang='lat' dir='ltr'><strong>ipsis?</strong></span> 
     </span>
    </p>
   </div>
   <div class='ocr_carea' id='block_1_41' title="bbox 1793 983 3378 1054">
    <p class='ocr_par' dir='ltr' id='par_1_41' title="bbox 1793 983 3378 1054">
     <span class='ocr_line' id='line_1_41' title="bbox 1793 983 3378 1054; baseline 0.004 -18"><span class='ocrx_word' id='word_1_265' title='bbox 1793 983 1897 1050; x_wconf 90' lang='lat' dir='ltr'><strong>Qui</strong></span> <span class='ocrx_word' id='word_1_266' title='bbox 1926 984 2242 1039; x_wconf 81' lang='lat' dir='ltr'><strong>domesticis</strong></span> <span class='ocrx_word' id='word_1_267' title='bbox 2288 985 2405 1038; x_wconf 91' lang='lat' dir='ltr'><strong>suis</strong></span> <span class='ocrx_word' id='word_1_268' title='bbox 2437 999 2737 1054; x_wconf 90' lang='lat' dir='ltr'><strong>eorumque</strong></span> <span class='ocrx_word' id='word_1_269' title='bbox 2766 987 3048 1051; x_wconf 86' lang='lat' dir='ltr'><strong>uxoribus,</strong></span> <span class='ocrx_word' id='word_1_270' title='bbox 3092 988 3275 1042; x_wconf 86' lang='lat' dir='ltr'><strong>liberis</strong></span> <span class='ocrx_word' id='word_1_271' title='bbox 3313 1002 3378 1043; x_wconf 83' lang='lat' dir='ltr'><strong>ac</strong></span> 
     </span>
    </p>
   </div>
   <div class='ocr_carea' id='block_1_42' title="bbox 1794 1074 3377 1145">
    <p class='ocr_par' dir='ltr' id='par_1_42' title="bbox 1794 1074 3377 1145">
     <span class='ocr_line' id='line_1_42' title="bbox 1794 1074 3377 1145; baseline 0.003 -18"><span class='ocrx_word' id='word_1_272' title='bbox 1794 1074 1999 1134; x_wconf 82' lang='lat' dir='ltr'><strong>servis,</strong></span> <span class='ocrx_word' id='word_1_273' title='bbox 2036 1088 2100 1128; x_wconf 92' lang='lat' dir='ltr'><strong>ea</strong></span> <span class='ocrx_word' id='word_1_274' title='bbox 2148 1089 2270 1143; x_wconf 75' lang='lat' dir='ltr'><strong>quae</strong></span> <span class='ocrx_word' id='word_1_275' title='bbox 2311 1075 2589 1145; x_wconf 80' lang='lat' dir='ltr'><strong>religionis</strong></span> <span class='ocrx_word' id='word_1_276' title='bbox 2637 1090 2748 1129; x_wconf 73' lang='lat' dir='ltr'><strong>suae</strong></span> <span class='ocrx_word' id='word_1_277' title='bbox 2796 1086 2989 1140; x_wconf 88' lang='lat' dir='ltr'><strong>erant,</strong></span> <span class='ocrx_word' id='word_1_278' title='bbox 3040 1089 3147 1131; x_wconf 88' lang='lat' dir='ltr'><strong>tam</strong></span> <span class='ocrx_word' id='word_1_279' title='bbox 3197 1077 3377 1131; x_wconf 82' lang='lat' dir='ltr'><strong>verbis</strong></span> 
     </span>
    </p>
   </div>
   <div class='ocr_carea' id='block_1_43' title="bbox 1792 1162 3374 1237">
    <p class='ocr_par' dir='ltr' id='par_1_43' title="bbox 1792 1162 3374 1237">
     <span class='ocr_line' id='line_1_43' title="bbox 1792 1162 3374 1237; baseline 0.005 -22"><span class='ocrx_word' id='word_1_280' title='bbox 1792 1177 1957 1232; x_wconf 90' lang='lat' dir='ltr'><strong>quam</strong></span> <span class='ocrx_word' id='word_1_281' title='bbox 2006 1162 2164 1219; x_wconf 81' lang='lat' dir='ltr'><strong>factis</strong></span> <span class='ocrx_word' id='word_1_282' title='bbox 2213 1164 2383 1219; x_wconf 89' lang='lat' dir='ltr'><strong>libere</strong></span> <span class='ocrx_word' id='word_1_283' title='bbox 2425 1167 2755 1235; x_wconf 81' lang='lat' dir='ltr'><strong>exsequendi</strong></span> <span class='ocrx_word' id='word_1_284' title='bbox 2799 1182 2984 1221; x_wconf 90' lang='lat' dir='ltr'><strong>coram</strong></span> <span class='ocrx_word' id='word_1_285' title='bbox 3033 1169 3374 1237; x_wconf 86' lang='lat' dir='ltr'><strong>semetipsis,</strong></span> 
     </span>
    </p>
   </div>
   <div class='ocr_carea' id='block_1_44' title="bbox 1792 1258 3376 1328">
    <p class='ocr_par' dir='ltr' id='par_1_44' title="bbox 1792 1258 3376 1328">
     <span class='ocr_line' id='line_1_44' title="bbox 1792 1258 3376 1328; baseline 0.004 -21"><span class='ocrx_word' id='word_1_286' title='bbox 1792 1264 2113 1323; x_wconf 87' lang='lat' dir='ltr'><strong>potestatem</strong></span> <span class='ocrx_word' id='word_1_287' title='bbox 2146 1258 2432 1325; x_wconf 83' lang='lat' dir='ltr'><strong>dederunt,</strong></span> <span class='ocrx_word' id='word_1_288' title='bbox 2481 1259 2616 1328; x_wconf 83' lang='lat' dir='ltr'><strong>ipsis</strong></span> <span class='ocrx_word' id='word_1_289' title='bbox 2649 1259 2719 1313; x_wconf 92' lang='lat' dir='ltr'><strong>ob</strong></span> <span class='ocrx_word' id='word_1_290' title='bbox 2743 1262 2884 1315; x_wconf 88' lang='lat' dir='ltr'><strong>hanc</strong></span> <span class='ocrx_word' id='word_1_291' title='bbox 2908 1260 3028 1314; x_wconf 87' lang='lat' dir='ltr'><strong>tidei</strong></span> <span class='ocrx_word' id='word_1_292' title='bbox 3059 1276 3172 1315; x_wconf 64' lang='lat' dir='ltr'><strong>suae</strong></span> <span class='ocrx_word' id='word_1_293' title='bbox 3211 1261 3376 1315; x_wconf 74' lang='lat' dir='ltr'><strong>liber~</strong></span> 
     </span>
    </p>
   </div>
   <div class='ocr_carea' id='block_1_45' title="bbox 1793 1348 3379 1423">
    <p class='ocr_par' dir='ltr' id='par_1_45' title="bbox 1793 1348 3379 1423">
     <span class='ocr_line' id='line_1_45' title="bbox 1793 1348 3379 1423; baseline 0.004 -23"><span class='ocrx_word' id='word_1_294' title='bbox 1793 1356 1957 1401; x_wconf 91' lang='lat' dir='ltr'><strong>tatem</strong></span> <span class='ocrx_word' id='word_1_295' title='bbox 1987 1348 2208 1417; x_wconf 78' lang='lat' dir='ltr'><strong>gloriari</strong></span> <span class='ocrx_word' id='word_1_296' title='bbox 2237 1365 2302 1403; x_wconf 89' lang='lat' dir='ltr'><strong>ac</strong></span> <span class='ocrx_word' id='word_1_297' title='bbox 2330 1366 2389 1405; x_wconf 91' lang='lat' dir='ltr'><strong>se</strong></span> <span class='ocrx_word' id='word_1_298' title='bbox 2412 1360 2691 1406; x_wconf 85' lang='lat' dir='ltr'><strong>ostentare</strong></span> <span class='ocrx_word' id='word_1_299' title='bbox 2717 1353 3123 1422; x_wconf 88' lang='lat' dir='ltr'><strong>quodammodo</strong></span> <span class='ocrx_word' id='word_1_300' title='bbox 3153 1354 3379 1423; x_wconf 87' lang='lat' dir='ltr'><strong>permit-</strong></span> 
     </span>
    </p>
   </div>
   <div class='ocr_carea' id='block_1_46' title="bbox 1794 1444 3378 1514">
    <p class='ocr_par' dir='ltr' id='par_1_46' title="bbox 1794 1444 3378 1514">
     <span class='ocr_line' id='line_1_46' title="bbox 1794 1444 3378 1514; baseline 0.003 -19"><span class='ocrx_word' id='word_1_301' title='bbox 1794 1449 1966 1495; x_wconf 91' lang='lat' dir='ltr'><strong>tentes</strong></span> <span class='ocrx_word' id='word_1_302' title='bbox 2002 1459 2015 1494; x_wconf 91' lang='lat'>:</span> <span class='ocrx_word' id='word_1_303' title='bbox 2054 1456 2259 1511; x_wconf 84' lang='lat' dir='ltr'><strong>eosque</strong></span> <span class='ocrx_word' id='word_1_304' title='bbox 2284 1457 2397 1511; x_wconf 70' lang='lat' dir='ltr'><strong>pne</strong></span> <span class='ocrx_word' id='word_1_305' title='bbox 2426 1444 2637 1499; x_wconf 68' lang='lat' dir='ltr'><strong>ueteris</strong></span> <span class='ocrx_word' id='word_1_306' title='bbox 2662 1444 2915 1499; x_wconf 90' lang='lat' dir='ltr'><strong>omnibus</strong></span> <span class='ocrx_word' id='word_1_307' title='bbox 2949 1445 3214 1501; x_wconf 89' lang='lat' dir='ltr'><strong>ministris</strong></span> <span class='ocrx_word' id='word_1_308' title='bbox 3245 1460 3378 1514; x_wconf 90' lang='lat' dir='ltr'><strong>quo-</strong></span> 
     </span>
    </p>
   </div>
   <div class='ocr_carea' id='block_1_47' title="bbox 1791 1532 3373 1607">
    <p class='ocr_par' dir='ltr' id='par_1_47' title="bbox 1791 1532 3373 1607">
     <span class='ocr_line' id='line_1_47' title="bbox 1791 1532 3373 1607; baseline 0.003 -20"><span class='ocrx_word' id='word_1_309' title='bbox 1791 1532 1915 1587; x_wconf 86' lang='lat' dir='ltr'><strong>dam</strong></span> <span class='ocrx_word' id='word_1_310' title='bbox 1952 1548 2140 1587; x_wconf 89' lang='lat' dir='ltr'><strong>amore</strong></span> <span class='ocrx_word' id='word_1_311' title='bbox 2170 1535 2659 1603; x_wconf 88' lang='lat' dir='ltr'><strong>prosequebantur.</strong></span> <span class='ocrx_word' id='word_1_312' title='bbox 2699 1555 2717 1587; x_wconf 74' lang='grc' dir='ltr'><strong>ι</strong></span> <span class='ocrx_word' id='word_1_313' title='bbox 2757 1535 2882 1590; x_wconf 65' lang='lat' dir='ltr'><strong>Haec</strong></span> <span class='ocrx_word' id='word_1_314' title='bbox 2930 1537 3219 1607; x_wconf 88' lang='lat' dir='ltr'><strong>episcopus</strong></span> <span class='ocrx_word' id='word_1_315' title='bbox 3253 1537 3373 1591; x_wconf 71' lang='lat' dir='ltr'><strong>Cac-</strong></span> 
     </span>
    </p>
   </div>
   <div class='ocr_carea' id='block_1_48' title="bbox 1792 1625 3373 1695">
    <p class='ocr_par' dir='ltr' id='par_1_48' title="bbox 1792 1625 3373 1695">
     <span class='ocr_line' id='line_1_48' title="bbox 1792 1625 3373 1695; baseline 0.002 -17"><span class='ocrx_word' id='word_1_316' title='bbox 1792 1625 2094 1691; x_wconf 81' lang='lat' dir='ltr'><strong>sariensis;</strong></span> <span class='ocrx_word' id='word_1_317' title='bbox 2148 1626 2241 1695; x_wconf 90' lang='lat' dir='ltr'><strong>qui</strong></span> <span class='ocrx_word' id='word_1_318' title='bbox 2277 1626 2441 1694; x_wconf 88' lang='lat' dir='ltr'><strong>paulo</strong></span> <span class='ocrx_word' id='word_1_319' title='bbox 2492 1634 2615 1695; x_wconf 88' lang='lat' dir='ltr'><strong>post</strong></span> <span class='ocrx_word' id='word_1_320' title='bbox 2660 1626 2715 1680; x_wconf 92' lang='lat' dir='ltr'><strong>in</strong></span> <span class='ocrx_word' id='word_1_321' title='bbox 2765 1628 3011 1683; x_wconf 89' lang='lat' dir='ltr'><strong>eamdem</strong></span> <span class='ocrx_word' id='word_1_322' title='bbox 3052 1629 3373 1683; x_wconf 87' lang='lat' dir='ltr'><strong>sententiam</strong></span> 
     </span>
    </p>
   </div>
   <div class='ocr_carea' id='block_1_49' title="bbox 1793 1714 3373 1787">
    <p class='ocr_par' dir='ltr' id='par_1_49' title="bbox 1793 1714 3373 1787">
     <span class='ocr_line' id='line_1_49' title="bbox 1793 1714 3373 1787; baseline 0.002 -18"><span class='ocrx_word' id='word_1_323' title='bbox 1793 1715 1986 1769; x_wconf 87' lang='lat' dir='ltr'><strong>scribit</strong></span> <span class='ocrx_word' id='word_1_324' title='bbox 2018 1715 2131 1785; x_wconf 84' lang='grc'>(15)</span> <span class='ocrx_word' id='word_1_325' title='bbox 2178 1734 2196 1766; x_wconf 71' lang='grc' dir='ltr'>ς</span> <span class='ocrx_word' id='word_1_326' title='bbox 2250 1714 2584 1770; x_wconf 85' lang='lat' dir='ltr'><strong>Dorotheum</strong></span> <span class='ocrx_word' id='word_1_327' title='bbox 2633 1726 2690 1771; x_wconf 89' lang='lat' dir='ltr'><strong>et</strong></span> <span class='ocrx_word' id='word_1_328' title='bbox 2737 1719 2977 1787; x_wconf 89' lang='lat' dir='ltr'><strong>reliquos</strong></span> <span class='ocrx_word' id='word_1_329' title='bbox 3021 1720 3373 1772; x_wconf 86' lang='lat' dir='ltr'><strong>cubicularios</strong></span> 
     </span>
    </p>
   </div>
   <div class='ocr_carea' id='block_1_50' title="bbox 1791 1806 3375 1879">
    <p class='ocr_par' dir='ltr' id='par_1_50' title="bbox 1791 1806 3375 1879">
     <span class='ocr_line' id='line_1_50' title="bbox 1791 1806 3375 1879; baseline 0.004 -20"><span class='ocrx_word' id='word_1_330' title='bbox 1791 1822 1979 1875; x_wconf 83' lang='lat' dir='ltr'><strong>pueros</strong></span> <span class='ocrx_word' id='word_1_331' title='bbox 2000 1806 2200 1860; x_wconf 91' lang='lat' dir='ltr'><strong>summi</strong></span> <span class='ocrx_word' id='word_1_332' title='bbox 2230 1806 2453 1863; x_wconf 87' lang='lat' dir='ltr'><strong>honoris</strong></span> <span class='ocrx_word' id='word_1_333' title='bbox 2476 1810 2835 1878; x_wconf 65' lang='lat' dir='ltr'><strong>praerogativa</strong></span> <span class='ocrx_word' id='word_1_334' title='bbox 2857 1811 2926 1864; x_wconf 78' lang='lat' dir='ltr'><strong>ab</strong></span> <span class='ocrx_word' id='word_1_335' title='bbox 2956 1811 3375 1879; x_wconf 83' lang='lat' dir='ltr'><strong>imperatoribus</strong></span> 
     </span>
    </p>
   </div>
   <div class='ocr_carea' id='block_1_51' title="bbox 1795 1895 3377 1971">
    <p class='ocr_par' dir='ltr' id='par_1_51' title="bbox 1795 1895 3377 1971">
     <span class='ocr_line' id='line_1_51' title="bbox 1795 1895 3377 1971; baseline 0.001 -18"><span class='ocrx_word' id='word_1_336' title='bbox 1795 1906 2019 1953; x_wconf 88' lang='lat' dir='ltr'><strong>ornatos</strong></span> <span class='ocrx_word' id='word_1_337' title='bbox 2046 1895 2236 1963; x_wconf 80' lang='lat' dir='ltr'><strong>fuisse,</strong></span> <span class='ocrx_word' id='word_1_338' title='bbox 2270 1898 2365 1967; x_wconf 90' lang='lat' dir='ltr'><strong>qui</strong></span> <span class='ocrx_word' id='word_1_339' title='bbox 2400 1913 2506 1953; x_wconf 87' lang='lat' dir='ltr'><strong>non</strong></span> <span class='ocrx_word' id='word_1_340' title='bbox 2535 1900 2717 1954; x_wconf 90' lang='lat' dir='ltr'><strong>minus</strong></span> <span class='ocrx_word' id='word_1_341' title='bbox 2744 1901 2816 1953; x_wconf 90' lang='lat' dir='ltr'><strong>ab</strong></span> <span class='ocrx_word' id='word_1_342' title='bbox 2844 1901 3036 1955; x_wconf 90' lang='lat' dir='ltr'><strong>iisdem</strong></span> <span class='ocrx_word' id='word_1_343' title='bbox 3076 1902 3377 1971; x_wconf 79' lang='lat' dir='ltr'><strong>diligeban-</strong></span> 
     </span>
    </p>
   </div>
   <div class='ocr_carea' id='block_1_52' title="bbox 1795 1987 3373 2061">
    <p class='ocr_par' dir='ltr' id='par_1_52' title="bbox 1795 1987 3373 2061">
     <span class='ocr_line' id='line_1_52' title="bbox 1795 1987 3373 2061; baseline 0.002 -20"><span class='ocrx_word' id='word_1_344' title='bbox 1795 1996 1886 2042; x_wconf 89' lang='lat' dir='ltr'><strong>tur</strong></span> <span class='ocrx_word' id='word_1_345' title='bbox 1908 2003 2071 2058; x_wconf 89' lang='lat' dir='ltr'><strong>quam</strong></span> <span class='ocrx_word' id='word_1_346' title='bbox 2103 1988 2217 2042; x_wconf 83' lang='lat' dir='ltr'><strong>ﬁlii.</strong></span> <span class='ocrx_word' id='word_1_347' title='bbox 2256 2011 2275 2040; x_wconf 71' lang='grc' dir='ltr'><strong><em>ι</em></strong></span> <span class='ocrx_word' id='word_1_348' title='bbox 2316 1987 2412 2043; x_wconf 80' lang='lat' dir='ltr'><strong>His</strong></span> <span class='ocrx_word' id='word_1_349' title='bbox 2447 2002 2691 2044; x_wconf 89' lang='lat' dir='ltr'><strong>consona</strong></span> <span class='ocrx_word' id='word_1_350' title='bbox 2722 1989 2887 2045; x_wconf 77' lang='lat' dir='ltr'><strong>refert</strong></span> <span class='ocrx_word' id='word_1_351' title='bbox 2913 1990 3248 2056; x_wconf 85' lang='lat' dir='ltr'><strong>Lactantius,</strong></span> <span class='ocrx_word' id='word_1_352' title='bbox 3278 1992 3373 2061; x_wconf 91' lang='lat' dir='ltr'><strong>qui</strong></span> 
     </span>
    </p>
   </div>
   <div class='ocr_carea' id='block_1_53' title="bbox 1794 2079 3377 2148">
    <p class='ocr_par' dir='ltr' id='par_1_53' title="bbox 1794 2079 3377 2148">
     <span class='ocr_line' id='line_1_53' title="bbox 1794 2079 3377 2148; baseline 0.002 -13"><span class='ocrx_word' id='word_1_353' title='bbox 1794 2094 1858 2135; x_wconf 90' lang='lat' dir='ltr'><strong>ca</strong></span> <span class='ocrx_word' id='word_1_354' title='bbox 1905 2088 2225 2148; x_wconf 84' lang='lat' dir='ltr'><strong>tempestate</strong></span> <span class='ocrx_word' id='word_1_355' title='bbox 2268 2079 2423 2135; x_wconf 89' lang='lat' dir='ltr'><strong>testis</strong></span> <span class='ocrx_word' id='word_1_356' title='bbox 2474 2080 2645 2135; x_wconf 80' lang='lat' dir='ltr'><strong>ferme</strong></span> <span class='ocrx_word' id='word_1_357' title='bbox 2698 2083 2944 2137; x_wconf 86' lang='lat' dir='ltr'><strong>oculatus</strong></span> <span class='ocrx_word' id='word_1_358' title='bbox 2990 2083 3239 2137; x_wconf 86' lang='lat' dir='ltr'><strong>ﬂorebat.</strong></span> <span class='ocrx_word' id='word_1_359' title='bbox 3284 2082 3377 2139; x_wconf 78' lang='lat' dir='ltr'><strong>Sic</strong></span> 
     </span>
    </p>
   </div>
   <div class='ocr_carea' id='block_1_54' title="bbox 1793 2170 3460 2243">
    <p class='ocr_par' dir='ltr' id='par_1_54' title="bbox 1793 2170 3460 2243">
     <span class='ocr_line' id='line_1_54' title="bbox 1793 2170 3460 2243; baseline 0.002 -18"><span class='ocrx_word' id='word_1_360' title='bbox 1793 2171 1939 2225; x_wconf 88' lang='lat' dir='ltr'><strong>enim</strong></span> <span class='ocrx_word' id='word_1_361' title='bbox 1991 2172 2079 2226; x_wconf 90' lang='lat' dir='ltr'><strong>ille</strong></span> <span class='ocrx_word' id='word_1_362' title='bbox 2108 2170 2221 2242; x_wconf 82' lang='lat' dir='ltr'><strong>(l6)</strong></span> <span class='ocrx_word' id='word_1_363' title='bbox 2252 2190 2265 2225; x_wconf 91' lang='lat'>:</span> <span class='ocrx_word' id='word_1_364' title='bbox 2300 2170 2533 2226; x_wconf 84' lang='lat' dir='ltr'><strong>Furebat</strong></span> <span class='ocrx_word' id='word_1_365' title='bbox 2571 2188 2692 2243; x_wconf 84' lang='lat' dir='ltr'><strong>ergo</strong></span> <span class='ocrx_word' id='word_1_366' title='bbox 2733 2174 3021 2242; x_wconf 84' lang='lat' dir='ltr'><strong>imperatur</strong></span> <span class='ocrx_word' id='word_1_367' title='bbox 3066 2174 3376 2242; x_wconf 86' lang='lat' dir='ltr'><strong>(Diocletia-</strong></span> <span class='ocrx_word' id='word_1_368' title='bbox 3449 2176 3460 2184; x_wconf 85' lang='grc'><em>’</em></span> 
     </span>
    </p>
   </div>
   <div class='ocr_carea' id='block_1_55' title="bbox 1794 2264 3373 2333">
    <p class='ocr_par' dir='ltr' id='par_1_55' title="bbox 1794 2264 3373 2333">
     <span class='ocr_line' id='line_1_55' title="bbox 1794 2264 3373 2333; baseline 0.003 -17"><span class='ocrx_word' id='word_1_369' title='bbox 1794 2264 1919 2333; x_wconf 81' lang='lat' dir='ltr'><strong>nus)</strong></span> <span class='ocrx_word' id='word_1_370' title='bbox 1940 2266 2058 2332; x_wconf 88' lang='lat' dir='ltr'><strong>jam</strong></span> <span class='ocrx_word' id='word_1_371' title='bbox 2098 2280 2200 2317; x_wconf 91' lang='lat' dir='ltr'><strong>non</strong></span> <span class='ocrx_word' id='word_1_372' title='bbox 2238 2266 2293 2317; x_wconf 89' lang='lat' dir='ltr'><strong>in</strong></span> <span class='ocrx_word' id='word_1_373' title='bbox 2320 2264 2633 2318; x_wconf 82' lang='lat' dir='ltr'><strong>domesticas</strong></span> <span class='ocrx_word' id='word_1_374' title='bbox 2676 2273 2919 2331; x_wconf 84' lang='lat' dir='ltr'><strong>tantum,</strong></span> <span class='ocrx_word' id='word_1_375' title='bbox 2965 2265 3056 2319; x_wconf 79' lang='lat' dir='ltr'><strong>sed</strong></span> <span class='ocrx_word' id='word_1_376' title='bbox 3088 2267 3141 2318; x_wconf 88' lang='lat' dir='ltr'><strong>in</strong></span> <span class='ocrx_word' id='word_1_377' title='bbox 3175 2283 3373 2321; x_wconf 82' lang='lat' dir='ltr'><strong>omnes.</strong></span> 
     </span>
    </p>
   </div>
   <div class='ocr_carea' id='block_1_56' title="bbox 1793 2354 3376 2427">
    <p class='ocr_par' dir='ltr' id='par_1_56' title="bbox 1793 2354 3376 2427">
     <span class='ocr_line' id='line_1_56' title="bbox 1793 2354 3376 2427; baseline 0.004 -20"><span class='ocrx_word' id='word_1_378' title='bbox 1793 2384 1863 2396; x_wconf 94' lang='lat'><strong>-—</strong></span> <span class='ocrx_word' id='word_1_379' title='bbox 1892 2354 2253 2409; x_wconf 88' lang='lat' dir='ltr'><strong>Potentissimi</strong></span> <span class='ocrx_word' id='word_1_380' title='bbox 2295 2357 2560 2426; x_wconf 86' lang='lat' dir='ltr'><strong>quondam</strong></span> <span class='ocrx_word' id='word_1_381' title='bbox 2604 2356 2826 2409; x_wconf 81' lang='lat' dir='ltr'><strong>eunuchi</strong></span> <span class='ocrx_word' id='word_1_382' title='bbox 2858 2358 3052 2422; x_wconf 82' lang='lat' dir='ltr'><strong>necati,</strong></span> <span class='ocrx_word' id='word_1_383' title='bbox 3101 2372 3196 2427; x_wconf 90' lang='lat' dir='ltr'><strong>per</strong></span> <span class='ocrx_word' id='word_1_384' title='bbox 3236 2373 3376 2427; x_wconf 87' lang='lat' dir='ltr'><strong>quos</strong></span> 
     </span>
    </p>
   </div>
   <div class='ocr_carea' id='block_1_57' title="bbox 1792 2446 3375 2519">
    <p class='ocr_par' dir='ltr' id='par_1_57' title="bbox 1792 2446 3375 2519">
     <span class='ocr_line' id='line_1_57' title="bbox 1792 2446 3375 2519; baseline 0.003 -20"><span class='ocrx_word' id='word_1_385' title='bbox 1792 2446 2056 2516; x_wconf 84' lang='lat' dir='ltr'><strong>palatium</strong></span> <span class='ocrx_word' id='word_1_386' title='bbox 2096 2456 2146 2501; x_wconf 88' lang='lat' dir='ltr'><strong>et</strong></span> <span class='ocrx_word' id='word_1_387' title='bbox 2181 2448 2288 2515; x_wconf 87' lang='lat' dir='ltr'><strong>ipse</strong></span> <span class='ocrx_word' id='word_1_388' title='bbox 2331 2448 2627 2505; x_wconf 84' lang='lat' dir='ltr'><strong>constabat.</strong></span> <span class='ocrx_word' id='word_1_389' title='bbox 2665 2448 2796 2516; x_wconf 78' lang='lat' dir='ltr'><strong>Qua:</strong></span> <span class='ocrx_word' id='word_1_390' title='bbox 2841 2450 3058 2519; x_wconf 86' lang='lat' dir='ltr'><strong>quidem</strong></span> <span class='ocrx_word' id='word_1_391' title='bbox 3095 2451 3279 2505; x_wconf 86' lang='lat' dir='ltr'><strong>omnia</strong></span> <span class='ocrx_word' id='word_1_392' title='bbox 3327 2450 3375 2504; x_wconf 87' lang='lat' dir='ltr'><strong>si</strong></span> 
     </span>
    </p>
   </div>
   <div class='ocr_carea' id='block_1_58' title="bbox 1794 2540 3377 2610">
    <p class='ocr_par' dir='ltr' id='par_1_58' title="bbox 1794 2540 3377 2610">
     <span class='ocr_line' id='line_1_58' title="bbox 1794 2540 3377 2610; baseline 0.001 -17"><span class='ocrx_word' id='word_1_393' title='bbox 1794 2555 1919 2593; x_wconf 88' lang='lat' dir='ltr'><strong>cum</strong></span> <span class='ocrx_word' id='word_1_394' title='bbox 1952 2540 2019 2594; x_wconf 86' lang='lat' dir='ltr'><strong>iis</strong></span> <span class='ocrx_word' id='word_1_395' title='bbox 2049 2540 2402 2594; x_wconf 81' lang='lat' dir='ltr'><strong>conferantur</strong></span> <span class='ocrx_word' id='word_1_396' title='bbox 2435 2555 2557 2609; x_wconf 68' lang='lat' dir='ltr'><strong>qua:</strong></span> <span class='ocrx_word' id='word_1_397' title='bbox 2604 2542 2675 2595; x_wconf 91' lang='lat' dir='ltr'><strong>ab</strong></span> <span class='ocrx_word' id='word_1_398' title='bbox 2714 2542 2871 2595; x_wconf 87' lang='lat' dir='ltr'><strong>initio</strong></span> <span class='ocrx_word' id='word_1_399' title='bbox 2912 2542 2978 2595; x_wconf 85' lang='lat' dir='ltr'><strong>ad</strong></span> <span class='ocrx_word' id='word_1_400' title='bbox 3013 2541 3173 2594; x_wconf 81' lang='lat' dir='ltr'><strong>linem</strong></span> <span class='ocrx_word' id='word_1_401' title='bbox 3204 2556 3377 2610; x_wconf 89' lang='lat' dir='ltr'><strong>usque</strong></span> 
     </span>
    </p>
   </div>
   <div class='ocr_carea' id='block_1_59' title="bbox 1793 2628 3379 2698">
    <p class='ocr_par' dir='ltr' id='par_1_59' title="bbox 1793 2628 3379 2698">
     <span class='ocr_line' id='line_1_59' title="bbox 1793 2628 3379 2698; baseline 0.001 -15"><span class='ocrx_word' id='word_1_402' title='bbox 1793 2628 1849 2683; x_wconf 89' lang='lat' dir='ltr'><strong>in</strong></span> <span class='ocrx_word' id='word_1_403' title='bbox 1880 2644 1979 2683; x_wconf 87' lang='lat' dir='ltr'><strong>sua</strong></span> <span class='ocrx_word' id='word_1_404' title='bbox 2008 2630 2238 2698; x_wconf 86' lang='lat' dir='ltr'><strong>cpistola</strong></span> <span class='ocrx_word' id='word_1_405' title='bbox 2269 2630 2431 2684; x_wconf 90' lang='lat' dir='ltr'><strong>tradit</strong></span> <span class='ocrx_word' id='word_1_406' title='bbox 2460 2641 2685 2698; x_wconf 90' lang='lat' dir='ltr'><strong>auctor;</strong></span> <span class='ocrx_word' id='word_1_407' title='bbox 2730 2647 2890 2686; x_wconf 92' lang='lat' dir='ltr'><strong>nemo</strong></span> <span class='ocrx_word' id='word_1_408' title='bbox 2931 2631 3211 2686; x_wconf 82' lang='lat' dir='ltr'><strong>enimvero</strong></span> <span class='ocrx_word' id='word_1_409' title='bbox 3259 2632 3379 2685; x_wconf 80' lang='lat' dir='ltr'><strong>fue-</strong></span> 
     </span>
    </p>
   </div>
   <div class='ocr_carea' id='block_1_60' title="bbox 1792 2720 3381 2792">
    <p class='ocr_par' dir='ltr' id='par_1_60' title="bbox 1792 2720 3381 2792">
     <span class='ocr_line' id='line_1_60' title="bbox 1792 2720 3381 2792; baseline 0.001 -18"><span class='ocrx_word' id='word_1_410' title='bbox 1792 2720 1885 2784; x_wconf 86' lang='lat' dir='ltr'><strong>rit,</strong></span> <span class='ocrx_word' id='word_1_411' title='bbox 1920 2721 2014 2791; x_wconf 91' lang='lat' dir='ltr'><strong>qui</strong></span> <span class='ocrx_word' id='word_1_412' title='bbox 2044 2720 2219 2776; x_wconf 88' lang='lat' dir='ltr'><strong>libens</strong></span> <span class='ocrx_word' id='word_1_413' title='bbox 2254 2722 2553 2792; x_wconf 86' lang='lat' dir='ltr'><strong>volensque</strong></span> <span class='ocrx_word' id='word_1_414' title='bbox 2586 2723 2909 2777; x_wconf 84' lang='lat' dir='ltr'><strong>sententiam</strong></span> <span class='ocrx_word' id='word_1_415' title='bbox 2939 2721 3103 2775; x_wconf 86' lang='lat' dir='ltr'><strong>modo</strong></span> <span class='ocrx_word' id='word_1_416' title='bbox 3131 2722 3381 2790; x_wconf 82' lang='lat' dir='ltr'><strong>proposi-</strong></span> 
     </span>
    </p>
   </div>
   <div class='ocr_carea' id='block_1_61' title="bbox 1792 2811 3376 2883">
    <p class='ocr_par' dir='ltr' id='par_1_61' title="bbox 1792 2811 3376 2883">
     <span class='ocr_line' id='line_1_61' title="bbox 1792 2811 3376 2883; baseline 0.001 -18"><span class='ocrx_word' id='word_1_417' title='bbox 1792 2819 1904 2866; x_wconf 89' lang='lat' dir='ltr'><strong>tam</strong></span> <span class='ocrx_word' id='word_1_418' title='bbox 1954 2826 2062 2865; x_wconf 88' lang='lat' dir='ltr'><strong>non</strong></span> <span class='ocrx_word' id='word_1_419' title='bbox 2114 2813 2502 2881; x_wconf 86' lang='lat' dir='ltr'><strong>amplectatur,</strong></span> <span class='ocrx_word' id='word_1_420' title='bbox 2547 2813 2750 2883; x_wconf 90' lang='lat' dir='ltr'><strong>quique</strong></span> <span class='ocrx_word' id='word_1_421' title='bbox 2791 2814 3054 2868; x_wconf 89' lang='lat' dir='ltr'><strong>detrectet</strong></span> <span class='ocrx_word' id='word_1_422' title='bbox 3098 2811 3376 2867; x_wconf 79' lang='lat' dir='ltr'><strong>Tlieonam</strong></span> 
     </span>
    </p>
   </div>
   <div class='ocr_carea' id='block_1_62' title="bbox 1792 2905 3375 2975">
    <p class='ocr_par' dir='ltr' id='par_1_62' title="bbox 1792 2905 3375 2975">
     <span class='ocr_line' id='line_1_62' title="bbox 1792 2905 3375 2975; baseline 0 -17"><span class='ocrx_word' id='word_1_423' title='bbox 1792 2905 2107 2974; x_wconf 84' lang='lat' dir='ltr'><strong>episcopum</strong></span> <span class='ocrx_word' id='word_1_424' title='bbox 2126 2906 2556 2959; x_wconf 81' lang='lat' dir='ltr'><strong>Alexandrinum</strong></span> <span class='ocrx_word' id='word_1_425' title='bbox 2592 2907 2711 2975; x_wconf 87' lang='lat' dir='ltr'><strong>ejus</strong></span> <span class='ocrx_word' id='word_1_426' title='bbox 2739 2914 3013 2960; x_wconf 90' lang='lat' dir='ltr'><strong>auctorem</strong></span> <span class='ocrx_word' id='word_1_427' title='bbox 3054 2920 3375 2974; x_wconf 80' lang='lat' dir='ltr'><strong>agnoscere,</strong></span> 
     </span>
    </p>
   </div>
   <div class='ocr_carea' id='block_1_63' title="bbox 1792 2996 3378 3065">
    <p class='ocr_par' dir='ltr' id='par_1_63' title="bbox 1792 2996 3378 3065">
     <span class='ocr_line' id='line_1_63' title="bbox 1792 2996 3378 3065; baseline 0.002 -15"><span class='ocrx_word' id='word_1_428' title='bbox 1792 3005 1854 3050; x_wconf 91' lang='lat' dir='ltr'><strong>ut</strong></span> <span class='ocrx_word' id='word_1_429' title='bbox 1885 2998 2112 3065; x_wconf 90' lang='lat' dir='ltr'><strong>proinde</strong></span> <span class='ocrx_word' id='word_1_430' title='bbox 2164 2997 2310 3051; x_wconf 89' lang='lat' dir='ltr'><strong>haud</strong></span> <span class='ocrx_word' id='word_1_431' title='bbox 2353 3013 2577 3052; x_wconf 89' lang='lat' dir='ltr'><strong>necesse</strong></span> <span class='ocrx_word' id='word_1_432' title='bbox 2628 2998 2700 3052; x_wconf 88' lang='lat' dir='ltr'><strong>sit</strong></span> <span class='ocrx_word' id='word_1_433' title='bbox 2749 2998 2919 3051; x_wconf 88' lang='lat' dir='ltr'><strong>aliutn</strong></span> <span class='ocrx_word' id='word_1_434' title='bbox 2960 3012 2992 3051; x_wconf 91' lang='lat' dir='ltr'><strong>a</strong></span> <span class='ocrx_word' id='word_1_435' title='bbox 3041 2996 3378 3053; x_wconf 87' lang='lat' dir='ltr'><strong>Diocletiano</strong></span> 
     </span>
    </p>
   </div>
   <div class='ocr_carea' id='block_1_64' title="bbox 1794 3086 3380 3160">
    <p class='ocr_par' dir='ltr' id='par_1_64' title="bbox 1794 3086 3380 3160">
     <span class='ocr_line' id='line_1_64' title="bbox 1794 3086 3380 3160; baseline 0.003 -19"><span class='ocrx_word' id='word_1_436' title='bbox 1794 3086 2176 3156; x_wconf 89' lang='lat' dir='ltr'><strong>imperatorem</strong></span> <span class='ocrx_word' id='word_1_437' title='bbox 2227 3104 2472 3158; x_wconf 65' lang='lat' dir='ltr'><strong>quaerere</strong></span> <span class='ocrx_word' id='word_1_438' title='bbox 2527 3104 2652 3143; x_wconf 91' lang='lat' dir='ltr'><strong>cum</strong></span> <span class='ocrx_word' id='word_1_439' title='bbox 2713 3088 2894 3145; x_wconf 86' lang='lat' dir='ltr'><strong>Caveo</strong></span> <span class='ocrx_word' id='word_1_440' title='bbox 2939 3089 3050 3160; x_wconf 86' lang='grc'>(17)</span> <span class='ocrx_word' id='word_1_441' title='bbox 3109 3088 3380 3145; x_wconf 87' lang='lat' dir='ltr'><strong>Constan-</strong></span> 
     </span>
    </p>
   </div>
   <div class='ocr_carea' id='block_1_65' title="bbox 1792 3179 3376 3253">
    <p class='ocr_par' dir='ltr' id='par_1_65' title="bbox 1792 3179 3376 3253">
     <span class='ocr_line' id='line_1_65' title="bbox 1792 3179 3376 3253; baseline -0.001 -18"><span class='ocrx_word' id='word_1_442' title='bbox 1792 3182 1928 3235; x_wconf 90' lang='lat' dir='ltr'><strong>tium</strong></span> <span class='ocrx_word' id='word_1_443' title='bbox 1957 3182 2240 3245; x_wconf 80' lang='lat' dir='ltr'><strong>Clilorum,</strong></span> <span class='ocrx_word' id='word_1_444' title='bbox 2274 3191 2370 3237; x_wconf 88' lang='lat' dir='ltr'><strong>aut</strong></span> <span class='ocrx_word' id='word_1_445' title='bbox 2398 3183 2565 3237; x_wconf 89' lang='lat' dir='ltr'><strong>alium</strong></span> <span class='ocrx_word' id='word_1_446' title='bbox 2600 3198 2722 3237; x_wconf 91' lang='lat' dir='ltr'><strong>cum</strong></span> <span class='ocrx_word' id='word_1_447' title='bbox 2747 3182 3017 3237; x_wconf 89' lang='lat' dir='ltr'><strong>Dacherio</strong></span> <span class='ocrx_word' id='word_1_448' title='bbox 3048 3181 3161 3253; x_wconf 89' lang='grc'>(18)</span> <span class='ocrx_word' id='word_1_449' title='bbox 3191 3179 3376 3236; x_wconf 85' lang='lat' dir='ltr'><strong>Theo-</strong></span> 
     </span>
    </p>
   </div>
   <div class='ocr_carea' id='block_1_66' title="bbox 1796 3274 3379 3346">
    <p class='ocr_par' dir='ltr' id='par_1_66' title="bbox 1796 3274 3379 3346">
     <span class='ocr_line' id='line_1_66' title="bbox 1796 3274 3379 3346; baseline 0 -18"><span class='ocrx_word' id='word_1_450' title='bbox 1796 3289 1922 3328; x_wconf 90' lang='lat' dir='ltr'><strong>nam</strong></span> <span class='ocrx_word' id='word_1_451' title='bbox 1977 3275 2292 3344; x_wconf 86' lang='lat' dir='ltr'><strong>episcopum</strong></span> <span class='ocrx_word' id='word_1_452' title='bbox 2339 3274 2666 3346; x_wconf 81' lang='lat' dir='ltr'><strong>Cyzicenum</strong></span> <span class='ocrx_word' id='word_1_453' title='bbox 2714 3291 2876 3345; x_wconf 89' lang='lat' dir='ltr'><strong>:quo</strong></span> <span class='ocrx_word' id='word_1_454' title='bbox 2928 3290 3091 3329; x_wconf 78' lang='lat' dir='ltr'><strong>verus</strong></span> <span class='ocrx_word' id='word_1_455' title='bbox 3135 3274 3379 3343; x_wconf 60' lang='lat' dir='ltr'><strong>epistola</strong></span> 
     </span>
    </p>
   </div>
   <div class='ocr_carea' id='block_1_67' title="bbox 1795 3366 3379 3439">
    <p class='ocr_par' dir='ltr' id='par_1_67' title="bbox 1795 3366 3379 3439">
     <span class='ocr_line' id='line_1_67' title="bbox 1795 3366 3379 3439; baseline 0.001 -20"><span class='ocrx_word' id='word_1_456' title='bbox 1795 3375 1985 3420; x_wconf 91' lang='lat' dir='ltr'><strong>auctor</strong></span> <span class='ocrx_word' id='word_1_457' title='bbox 2030 3375 2339 3431; x_wconf 84' lang='lat' dir='ltr'><strong>statuatur,</strong></span> <span class='ocrx_word' id='word_1_458' title='bbox 2397 3368 2671 3438; x_wconf 85' lang='lat' dir='ltr'><strong>simulque</strong></span> <span class='ocrx_word' id='word_1_459' title='bbox 2726 3369 2897 3439; x_wconf 90' lang='lat' dir='ltr'><strong>ipsius</strong></span> <span class='ocrx_word' id='word_1_460' title='bbox 2942 3367 3186 3437; x_wconf 70' lang='lat' dir='ltr'><strong>epistola:</strong></span> <span class='ocrx_word' id='word_1_461' title='bbox 3240 3366 3379 3421; x_wconf 84' lang='lat' dir='ltr'><strong>inte-</strong></span> 
     </span>
    </p>
   </div>
   <div class='ocr_carea' id='block_1_68' title="bbox 1792 3458 2361 3528">
    <p class='ocr_par' dir='ltr' id='par_1_68' title="bbox 1792 3458 2361 3528">
     <span class='ocr_line' id='line_1_68' title="bbox 1792 3458 2361 3528; baseline 0 -16"><span class='ocrx_word' id='word_1_462' title='bbox 1792 3458 1963 3528; x_wconf 75' lang='lat' dir='ltr'><strong>gritas</strong></span> <span class='ocrx_word' id='word_1_463' title='bbox 1990 3460 2361 3514; x_wconf 84' lang='lat' dir='ltr'><strong>conﬁrmetur.</strong></span> 
     </span>
    </p>
   </div>
   <div class='ocr_carea' id='block_1_69' title="bbox 1075 3840 2387 3957">
    <p class='ocr_par' dir='ltr' id='par_1_69' title="bbox 1075 3840 2387 3957">
     <span class='ocr_line' id='line_1_69' title="bbox 1075 3840 2387 3957; baseline 0.001 -3"><span class='ocrx_word' id='word_1_464' title='bbox 1075 3840 1600 3955; x_wconf 84' lang='lat' dir='ltr'><strong>SANCTI</strong></span> <span class='ocrx_word' id='word_1_465' title='bbox 1752 3840 2387 3957; x_wconf 65' lang='grc' dir='ltr'><strong>ΤΗΕΟΝλἘ</strong></span> 
     </span>
    </p>
   </div>
   <div class='ocr_carea' id='block_1_70' title="bbox 1339 4078 2138 4125">
    <p class='ocr_par' dir='ltr' id='par_1_70' title="bbox 1339 4078 2138 4125">
     <span class='ocr_line' id='line_1_70' title="bbox 1339 4078 2138 4125; baseline 0 -2"><span class='ocrx_word' id='word_1_466' title='bbox 1339 4078 1623 4124; x_wconf 76' lang='lat' dir='ltr'><strong>EPISCOPI</strong></span> <span class='ocrx_word' id='word_1_467' title='bbox 1695 4078 2138 4125; x_wconf 69' lang='lat' dir='ltr'><strong>ALEXANDRINI</strong></span> 
     </span>
    </p>
   </div>
   <div class='ocr_carea' id='block_1_71' title="bbox 530 4225 2944 4305">
    <p class='ocr_par' dir='ltr' id='par_1_71' title="bbox 530 4225 2944 4305">
     <span class='ocr_line' id='line_1_71' title="bbox 530 4225 2944 4305; baseline -0 -13"><span class='ocrx_word' id='word_1_468' title='bbox 530 4230 921 4292; x_wconf 80' lang='lat' dir='ltr'><strong>EPISTOLA</strong></span> <span class='ocrx_word' id='word_1_469' title='bbox 977 4228 1088 4290; x_wconf 81' lang='lat' dir='ltr'><strong>AD</strong></span> <span class='ocrx_word' id='word_1_470' title='bbox 1148 4227 1560 4290; x_wconf 83' lang='lat' dir='ltr'><strong>LUCIANUM</strong></span> <span class='ocrx_word' id='word_1_471' title='bbox 1619 4225 2333 4290; x_wconf 78' lang='lat' dir='ltr'><strong>CUBICULARIORUM</strong></span> <span class='ocrx_word' id='word_1_472' title='bbox 2389 4228 2944 4305; x_wconf 65' lang='lat' dir='ltr'><strong>PREPOSITUM,</strong></span> 
     </span>
    </p>
   </div>
   <div class='ocr_carea' id='block_1_72' title="bbox 802 4391 2686 4465">
    <p class='ocr_par' dir='ltr' id='par_1_72' title="bbox 802 4391 2686 4465">
     <span class='ocr_line' id='line_1_72' title="bbox 802 4391 2686 4465; baseline 0.002 -20"><span class='ocrx_word' id='word_1_473' title='bbox 802 4391 866 4445; x_wconf 88' lang='lat' dir='ltr'><strong>In</strong></span> <span class='ocrx_word' id='word_1_474' title='bbox 896 4410 1000 4465; x_wconf 89' lang='lat' dir='ltr'><strong>qua</strong></span> <span class='ocrx_word' id='word_1_475' title='bbox 1030 4394 1233 4446; x_wconf 85' lang='lat' dir='ltr'><strong>monita</strong></span> <span class='ocrx_word' id='word_1_476' title='bbox 1264 4391 1573 4447; x_wconf 84' lang='lat' dir='ltr'><strong>Christiana</strong></span> <span class='ocrx_word' id='word_1_477' title='bbox 1617 4401 1667 4445; x_wconf 88' lang='lat' dir='ltr'><strong>et</strong></span> <span class='ocrx_word' id='word_1_478' title='bbox 1697 4392 1918 4461; x_wconf 87' lang='lat' dir='ltr'><strong>politica</strong></span> <span class='ocrx_word' id='word_1_479' title='bbox 1946 4393 2113 4447; x_wconf 83' lang='lat' dir='ltr'><strong>eidem</strong></span> <span class='ocrx_word' id='word_1_480' title='bbox 2148 4396 2377 4465; x_wconf 84' lang='lat' dir='ltr'><strong>suggerit</strong></span> <span class='ocrx_word' id='word_1_481' title='bbox 2406 4391 2462 4449; x_wconf 83' lang='lat' dir='ltr'><strong>S.</strong></span> <span class='ocrx_word' id='word_1_482' title='bbox 2502 4393 2686 4449; x_wconf 86' lang='lat' dir='ltr'><strong>Pater.</strong></span> 
     </span>
    </p>
   </div>
   <div class='ocr_carea' id='block_1_73' title="bbox 1085 4545 2390 4612">
    <p class='ocr_par' dir='ltr' id='par_1_73' title="bbox 1085 4545 2390 4612">
     <span class='ocr_line' id='line_1_73' title="bbox 1085 4545 2390 4612; baseline 0.002 -17"><span class='ocrx_word' id='word_1_483' title='bbox 1085 4548 1181 4609; x_wconf 76' lang='lat' dir='ltr'><strong>(Ea:</strong></span> <span class='ocrx_word' id='word_1_484' title='bbox 1213 4545 1408 4597; x_wconf 76' lang='lat' dir='ltr'><strong>Acherii</strong></span> <span class='ocrx_word' id='word_1_485' title='bbox 1431 4546 1722 4608; x_wconf 79' lang='lat' dir='ltr'><strong>Splcilegio,</strong></span> <span class='ocrx_word' id='word_1_486' title='bbox 1747 4552 1861 4597; x_wconf 90' lang='lat' dir='ltr'><strong>tom.</strong></span> <span class='ocrx_word' id='word_1_487' title='bbox 1886 4546 1975 4609; x_wconf 82' lang='lat' dir='ltr'><strong>lli,</strong></span> <span class='ocrx_word' id='word_1_488' title='bbox 1999 4561 2113 4612; x_wconf 84' lang='lat' dir='ltr'><strong>pag.</strong></span> <span class='ocrx_word' id='word_1_489' title='bbox 2137 4549 2390 4611; x_wconf 76' lang='lat'><strong>297-299.)</strong></span> 
     </span>
    </p>
   </div>
   <div class='ocr_carea' id='block_1_74' title="bbox 178 4845 2491 4922">
    <p class='ocr_par' dir='ltr' id='par_1_74' title="bbox 178 4845 2491 4922">
     <span class='ocr_line' id='line_1_74' title="bbox 178 4845 2491 4922; baseline -0.004 -13"><span class='ocrx_word' id='word_1_490' title='bbox 178 4853 434 4910; x_wconf 82' lang='lat' dir='ltr'><strong>Theonas</strong></span> <span class='ocrx_word' id='word_1_491' title='bbox 453 4852 738 4922; x_wconf 86' lang='lat' dir='ltr'><strong>episcopus</strong></span> <span class='ocrx_word' id='word_1_492' title='bbox 760 4848 1002 4903; x_wconf 89' lang='lat' dir='ltr'><strong>Luciano</strong></span> <span class='ocrx_word' id='word_1_493' title='bbox 1020 4845 1307 4916; x_wconf 54' lang='lat' dir='ltr'><strong>praeposito</strong></span> <span class='ocrx_word' id='word_1_494' title='bbox 1328 4845 1694 4901; x_wconf 87' lang='lat' dir='ltr'><strong>cubiculario-</strong></span> <span class='ocrx_word' id='word_1_495' title='bbox 1725 4851 1770 4905; x_wconf 89' lang='lat' dir='ltr'><strong>D</strong></span> <span class='ocrx_word' id='word_1_496' title='bbox 1798 4845 2059 4916; x_wconf 90' lang='lat' dir='ltr'><strong>ampliare</strong></span> <span class='ocrx_word' id='word_1_497' title='bbox 2118 4860 2227 4898; x_wconf 91' lang='lat' dir='ltr'><strong>non</strong></span> <span class='ocrx_word' id='word_1_498' title='bbox 2286 4845 2491 4899; x_wconf 89' lang='lat' dir='ltr'><strong>destitit</strong></span> 
     </span>
    </p>
   </div>
   <div class='ocr_carea' id='block_1_75' title="bbox 1789 4936 3371 5008">
    <p class='ocr_par' dir='ltr' id='par_1_75' title="bbox 1789 4936 3371 5008">
     <span class='ocr_line' id='line_1_75' title="bbox 1789 4936 3371 5008; baseline 0.001 -15"><span class='ocrx_word' id='word_1_499' title='bbox 1789 4938 1939 4993; x_wconf 87' lang='lat' dir='ltr'><strong>cellis</strong></span> <span class='ocrx_word' id='word_1_500' title='bbox 1970 4937 2115 4991; x_wconf 83' lang='lat' dir='ltr'><strong>velut</strong></span> <span class='ocrx_word' id='word_1_501' title='bbox 2156 4953 2348 4990; x_wconf 90' lang='lat' dir='ltr'><strong>aurum</strong></span> <span class='ocrx_word' id='word_1_502' title='bbox 2397 4937 2451 4990; x_wconf 91' lang='lat' dir='ltr'><strong>in</strong></span> <span class='ocrx_word' id='word_1_503' title='bbox 2495 4936 2715 4990; x_wconf 87' lang='lat' dir='ltr'><strong>fornace</strong></span> <span class='ocrx_word' id='word_1_504' title='bbox 2742 4950 3108 5008; x_wconf 77' lang='lat' dir='ltr'><strong>expugnatum</strong></span> <span class='ocrx_word' id='word_1_505' title='bbox 3150 4940 3371 5005; x_wconf 82' lang='lat' dir='ltr'><strong>enituit,</strong></span> 
     </span>
    </p>
   </div>
   <div class='ocr_carea' id='block_1_76' title="bbox 102 4937 1121 5019">
    <p class='ocr_par' dir='ltr' id='par_1_76' title="bbox 102 4937 1121 5019">
     <span class='ocr_line' id='line_1_76' title="bbox 102 4937 1121 5019; baseline -0.012 -19"><span class='ocrx_word' id='word_1_506' title='bbox 102 4961 234 5000; x_wconf 82' lang='lat' dir='ltr'><strong>rum</strong></span> <span class='ocrx_word' id='word_1_507' title='bbox 263 4941 604 4997; x_wconf 63' lang='lat' dir='ltr'><strong>invictissimi</strong></span> <span class='ocrx_word' id='word_1_508' title='bbox 631 4937 901 5019; x_wconf 81' lang='lat' dir='ltr'><strong>principis</strong></span> <span class='ocrx_word' id='word_1_509' title='bbox 928 4937 1121 4990; x_wconf 90' lang='lat' dir='ltr'><strong>nostri.</strong></span> 
     </span>
    </p>
   </div>
   <div class='ocr_carea' id='block_1_77' title="bbox 2539 4844 3374 4914">
    <p class='ocr_par' dir='ltr' id='par_1_77' title="bbox 2539 4844 3374 4914">
     <span class='ocr_line' id='line_1_77' title="bbox 2539 4844 3374 4914; baseline 0.002 -15"><span class='ocrx_word' id='word_1_510' title='bbox 2539 4862 2554 4899; x_wconf 88' lang='lat'><strong>:</strong></span> <span class='ocrx_word' id='word_1_511' title='bbox 2600 4844 2711 4898; x_wconf 88' lang='lat' dir='ltr'><strong>imo</strong></span> <span class='ocrx_word' id='word_1_512' title='bbox 2756 4845 3193 4913; x_wconf 87' lang='lat' dir='ltr'><strong>persecutionum</strong></span> <span class='ocrx_word' id='word_1_513' title='bbox 3246 4862 3374 4914; x_wconf 85' lang='lat' dir='ltr'><strong>pro-</strong></span> 
     </span>
    </p>
   </div>
   <div class='ocr_carea' id='block_1_78' title="bbox 180 5025 3375 5102">
    <p class='ocr_par' dir='ltr' id='par_1_78' title="bbox 180 5025 3375 5102">
     <span class='ocr_line' id='line_1_78' title="bbox 180 5025 3375 5102; baseline -0.001 -15"><span class='ocrx_word' id='word_1_514' title='bbox 180 5034 221 5089; x_wconf 86' lang='grc' dir='ltr'><strong>ι.</strong></span> <span class='ocrx_word' id='word_1_515' title='bbox 266 5034 479 5088; x_wconf 87' lang='lat' dir='ltr'><strong>Gratias</strong></span> <span class='ocrx_word' id='word_1_516' title='bbox 522 5046 622 5102; x_wconf 80' lang='lat' dir='ltr'><strong>ago</strong></span> <span class='ocrx_word' id='word_1_517' title='bbox 653 5027 1006 5098; x_wconf 90' lang='lat' dir='ltr'><strong>omnipotenti</strong></span> <span class='ocrx_word' id='word_1_518' title='bbox 1054 5026 1164 5081; x_wconf 84' lang='lat' dir='ltr'><strong>Deo</strong></span> <span class='ocrx_word' id='word_1_519' title='bbox 1212 5034 1264 5081; x_wconf 91' lang='lat' dir='ltr'><strong>et</strong></span> <span class='ocrx_word' id='word_1_520' title='bbox 1312 5025 1543 5081; x_wconf 90' lang='lat' dir='ltr'><strong>Domino</strong></span> <span class='ocrx_word' id='word_1_521' title='bbox 1588 5043 1690 5082; x_wconf 81' lang='lat' dir='ltr'><strong>no-</strong></span> <span class='ocrx_word' id='word_1_522' title='bbox 1788 5037 1842 5082; x_wconf 84' lang='lat' dir='ltr'><strong>et</strong></span> <span class='ocrx_word' id='word_1_523' title='bbox 1867 5028 1986 5097; x_wconf 80' lang='lat' dir='ltr'><strong>ejus</strong></span> <span class='ocrx_word' id='word_1_524' title='bbox 2014 5027 2212 5081; x_wconf 76' lang='lat' dir='ltr'><strong>veritas</strong></span> <span class='ocrx_word' id='word_1_525' title='bbox 2243 5043 2306 5081; x_wconf 88' lang='lat' dir='ltr'><strong>ac</strong></span> <span class='ocrx_word' id='word_1_526' title='bbox 2336 5027 2601 5081; x_wconf 85' lang='lat' dir='ltr'><strong>celsitudo</strong></span> <span class='ocrx_word' id='word_1_527' title='bbox 2647 5028 2818 5093; x_wconf 74' lang='lat' dir='ltr'><strong>magis</strong></span> <span class='ocrx_word' id='word_1_528' title='bbox 2860 5043 3073 5097; x_wconf 89' lang='lat' dir='ltr'><strong>semper</strong></span> <span class='ocrx_word' id='word_1_529' title='bbox 3102 5044 3165 5083; x_wconf 89' lang='lat' dir='ltr'><strong>ac</strong></span> <span class='ocrx_word' id='word_1_530' title='bbox 3197 5032 3375 5099; x_wconf 78' lang='lat' dir='ltr'><strong>magis</strong></span> 
     </span>
    </p>
   </div>
   <div class='ocr_carea' id='block_1_79' title="bbox 102 5119 1686 5190">
    <p class='ocr_par' dir='ltr' id='par_1_79' title="bbox 102 5119 1686 5190">
     <span class='ocr_line' id='line_1_79' title="bbox 102 5119 1686 5190; baseline -0.005 -11"><span class='ocrx_word' id='word_1_531' title='bbox 102 5135 226 5179; x_wconf 86' lang='lat' dir='ltr'><strong>stro</strong></span> <span class='ocrx_word' id='word_1_532' title='bbox 256 5122 383 5179; x_wconf 88' lang='lat' dir='ltr'><strong>Jcsu</strong></span> <span class='ocrx_word' id='word_1_533' title='bbox 428 5122 668 5189; x_wconf 89' lang='lat' dir='ltr'><strong>Christo,</strong></span> <span class='ocrx_word' id='word_1_534' title='bbox 716 5121 808 5190; x_wconf 88' lang='lat' dir='ltr'><strong>qui</strong></span> <span class='ocrx_word' id='word_1_535' title='bbox 839 5119 996 5173; x_wconf 85' lang='lat' dir='ltr'><strong>ﬁdem</strong></span> <span class='ocrx_word' id='word_1_536' title='bbox 1041 5132 1193 5172; x_wconf 90' lang='lat' dir='ltr'><strong>suam</strong></span> <span class='ocrx_word' id='word_1_537' title='bbox 1240 5134 1335 5187; x_wconf 90' lang='lat' dir='ltr'><strong>per</strong></span> <span class='ocrx_word' id='word_1_538' title='bbox 1370 5119 1686 5173; x_wconf 87' lang='lat' dir='ltr'><strong>universum</strong></span> 
     </span>
    </p>
   </div>
   <div class='ocr_carea' id='block_1_80' title="bbox 102 5208 1687 5269">
    <p class='ocr_par' dir='ltr' id='par_1_80' title="bbox 102 5208 1687 5269">
     <span class='ocr_line' id='line_1_80' title="bbox 102 5208 1687 5269; baseline -0.004 -1"><span class='ocrx_word' id='word_1_539' title='bbox 102 5217 303 5269; x_wconf 88' lang='lat' dir='ltr'><strong>orbem</strong></span> <span class='ocrx_word' id='word_1_540' title='bbox 341 5214 395 5267; x_wconf 92' lang='lat' dir='ltr'><strong>in</strong></span> <span class='ocrx_word' id='word_1_541' title='bbox 441 5214 633 5269; x_wconf 87' lang='lat' dir='ltr'><strong>salutis</strong></span> <span class='ocrx_word' id='word_1_542' title='bbox 681 5219 879 5266; x_wconf 70' lang='lat' dir='ltr'><strong>nostra:</strong></span> <span class='ocrx_word' id='word_1_543' title='bbox 908 5210 1131 5263; x_wconf 90' lang='lat' dir='ltr'><strong>unicum</strong></span> <span class='ocrx_word' id='word_1_544' title='bbox 1166 5208 1464 5263; x_wconf 79' lang='lat' dir='ltr'><strong>remedium</strong></span> <span class='ocrx_word' id='word_1_545' title='bbox 1507 5209 1687 5262; x_wconf 90' lang='lat' dir='ltr'><strong>mani-</strong></span> 
     </span>
    </p>
   </div>
   <div class='ocr_carea' id='block_1_81' title="bbox 104 5300 1687 5374">
    <p class='ocr_par' dir='ltr' id='par_1_81' title="bbox 104 5300 1687 5374">
     <span class='ocr_line' id='line_1_81' title="bbox 104 5300 1687 5374; baseline -0.003 -14"><span class='ocrx_word' id='word_1_546' title='bbox 104 5308 334 5370; x_wconf 83' lang='lat' dir='ltr'><strong>iestare,</strong></span> <span class='ocrx_word' id='word_1_547' title='bbox 379 5321 444 5360; x_wconf 88' lang='lat' dir='ltr'><strong>ac</strong></span> <span class='ocrx_word' id='word_1_548' title='bbox 495 5304 659 5360; x_wconf 88' lang='lat' dir='ltr'><strong>etiam</strong></span> <span class='ocrx_word' id='word_1_549' title='bbox 709 5304 763 5357; x_wconf 90' lang='lat' dir='ltr'><strong>in</strong></span> <span class='ocrx_word' id='word_1_550' title='bbox 816 5311 1169 5374; x_wconf 88' lang='lat' dir='ltr'><strong>tyrannorum</strong></span> <span class='ocrx_word' id='word_1_551' title='bbox 1218 5300 1687 5370; x_wconf 89' lang='lat' dir='ltr'><strong>persecutionibus</strong></span> 
     </span>
    </p>
   </div>
   <div class='ocr_carea' id='block_1_82' title="bbox 183 5483 875 5557">
    <p class='ocr_par' dir='ltr' id='par_1_82' title="bbox 183 5483 875 5557">
     <span class='ocr_line' id='line_1_82' title="bbox 183 5483 875 5557; baseline -0.006 -16"><span class='ocrx_word' id='word_1_552' title='bbox 183 5488 264 5557; x_wconf 85' lang='lat'><strong>(9)</strong></span> <span class='ocrx_word' id='word_1_553' title='bbox 309 5486 532 5557; x_wconf 44' lang='lat' dir='ltr'><strong>Theon”</strong></span> <span class='ocrx_word' id='word_1_554' title='bbox 572 5485 729 5557; x_wconf 70' lang='lat' dir='ltr'><strong>epist.</strong></span> <span class='ocrx_word' id='word_1_555' title='bbox 764 5483 791 5554; x_wconf 57' lang='grc' dir='ltr'>ᾗ</span> <span class='ocrx_word' id='word_1_556' title='bbox 825 5483 875 5537; x_wconf 90' lang='lat'><strong>7.</strong></span> 
     </span>
    </p>
   </div>
   <div class='ocr_carea' id='block_1_83' title="bbox 183 5554 760 5627">
    <p class='ocr_par' dir='ltr' id='par_1_83' title="bbox 183 5554 760 5627">
     <span class='ocr_line' id='line_1_83' title="bbox 183 5554 760 5627; baseline -0.005 -16"><span class='ocrx_word' id='word_1_557' title='bbox 183 5554 301 5627; x_wconf 76' lang='grc' dir='ltr'>(ιο)</span> <span class='ocrx_word' id='word_1_558' title='bbox 341 5556 438 5627; x_wconf 70' lang='grc' dir='ltr'><strong>ω..</strong></span> <span class='ocrx_word' id='word_1_559' title='bbox 469 5554 622 5621; x_wconf 84' lang='lat' dir='ltr'><strong>ibid.,</strong></span> <span class='ocrx_word' id='word_1_560' title='bbox 651 5555 677 5627; x_wconf 68' lang='grc' dir='ltr'><strong>ς</strong></span> <span class='ocrx_word' id='word_1_561' title='bbox 710 5554 760 5608; x_wconf 93' lang='grc'>1.</span> 
     </span>
    </p>
   </div>
   <div class='ocr_carea' id='block_1_84' title="bbox 185 5626 485 5697">
    <p class='ocr_par' dir='ltr' id='par_1_84' title="bbox 185 5626 485 5697">
     <span class='ocr_line' id='line_1_84' title="bbox 185 5626 485 5697; baseline 0 -16"><span class='ocrx_word' id='word_1_562' title='bbox 185 5626 303 5697; x_wconf 80' lang='grc' dir='ltr'>(υ)</span> <span class='ocrx_word' id='word_1_563' title='bbox 346 5626 485 5697; x_wconf 69' lang='lat' dir='ltr'><strong>ibid.</strong></span> 
     </span>
    </p>
   </div>
   <div class='ocr_carea' id='block_1_85' title="bbox 186 5688 1691 5767">
    <p class='ocr_par' dir='ltr' id='par_1_85' title="bbox 186 5688 1691 5767">
     <span class='ocr_line' id='line_1_85' title="bbox 186 5688 1691 5767; baseline -0.005 -17"><span class='ocrx_word' id='word_1_564' title='bbox 186 5688 301 5767; x_wconf 71' lang='grc'>(12)</span> <span class='ocrx_word' id='word_1_565' title='bbox 342 5696 500 5749; x_wconf 70' lang='lat' dir='ltr'><strong>Mem.</strong></span> <span class='ocrx_word' id='word_1_566' title='bbox 532 5694 657 5749; x_wconf 88' lang='lat' dir='ltr'><strong>eccl.</strong></span> <span class='ocrx_word' id='word_1_567' title='bbox 680 5735 695 5761; x_wconf 91' lang='lat'><strong>,</strong></span> <span class='ocrx_word' id='word_1_568' title='bbox 728 5704 864 5767; x_wconf 86' lang='lat' dir='ltr'><strong>_t_om.</strong></span> <span class='ocrx_word' id='word_1_569' title='bbox 899 5691 1000 5767; x_wconf 83' lang='lat' dir='ltr'><strong>1V_,</strong></span> <span class='ocrx_word' id='word_1_570' title='bbox 1041 5708 1163 5761; x_wconf 76' lang='lat' dir='ltr'><strong>pag.</strong></span> <span class='ocrx_word' id='word_1_571' title='bbox 1202 5692 1295 5767; x_wconf 63' lang='lat' dir='ltr'><strong>Zil</strong></span> <span class='ocrx_word' id='word_1_572' title='bbox 1320 5731 1333 5756; x_wconf 95' lang='lat'><strong>,</strong></span> <span class='ocrx_word' id='word_1_573' title='bbox 1365 5699 1478 5746; x_wconf 92' lang='lat' dir='ltr'><strong>not.</strong></span> <span class='ocrx_word' id='word_1_574' title='bbox 1514 5688 1564 5756; x_wconf 87' lang='grc'>1,</span> <span class='ocrx_word' id='word_1_575' title='bbox 1598 5703 1691 5743; x_wconf 85' lang='lat' dir='ltr'><strong>sur</strong></span> 
     </span>
    </p>
   </div>
   <div class='ocr_carea' id='block_1_86' title="bbox 110 5762 1251 5833">
    <p class='ocr_par' dir='ltr' id='par_1_86' title="bbox 110 5762 1251 5833">
     <span class='ocr_line' id='line_1_86' title="bbox 110 5762 1251 5833; baseline -0.007 -10"><span class='ocrx_word' id='word_1_576' title='bbox 110 5770 172 5823; x_wconf 75' lang='lat'><strong>5.</strong></span> <span class='ocrx_word' id='word_1_577' title='bbox 195 5762 415 5823; x_wconf 36' lang='lat' dir='ltr'><strong>&#39;Th&#39;éon.</strong></span> <span class='ocrx_word' id='word_1_578' title='bbox 438 5809 451 5830; x_wconf 95' lang='lat'><strong>,</strong></span> <span class='ocrx_word' id='word_1_579' title='bbox 480 5775 533 5819; x_wconf 84' lang='lat' dir='ltr'><strong>et</strong></span> <span class='ocrx_word' id='word_1_580' title='bbox 560 5776 691 5819; x_wconf 81' lang='lat' dir='ltr'><strong>toni.</strong></span> <span class='ocrx_word' id='word_1_581' title='bbox 727 5764 785 5831; x_wconf 84' lang='lat' dir='ltr'><strong>V,</strong></span> <span class='ocrx_word' id='word_1_582' title='bbox 826 5773 929 5820; x_wconf 82' lang='lat' dir='ltr'><strong>art.</strong></span> <span class='ocrx_word' id='word_1_583' title='bbox 962 5764 1015 5832; x_wconf 72' lang='grc' dir='ltr'><strong>ὃ,</strong></span> <span class='ocrx_word' id='word_1_584' title='bbox 1049 5779 1169 5833; x_wconf 68' lang='lat' dir='ltr'><strong>pag.</strong></span> <span class='ocrx_word' id='word_1_585' title='bbox 1201 5762 1251 5815; x_wconf 86' lang='lat'><strong>7.</strong></span> 
     </span>
    </p>
   </div>
   <div class='ocr_carea' id='block_1_87' title="bbox 184 5836 665 5910">
    <p class='ocr_par' dir='ltr' id='par_1_87' title="bbox 184 5836 665 5910">
     <span class='ocr_line' id='line_1_87' title="bbox 184 5836 665 5910; baseline -0.004 -19"><span class='ocrx_word' id='word_1_586' title='bbox 184 5838 301 5910; x_wconf 76' lang='grc'>(15)</span> <span class='ocrx_word' id='word_1_587' title='bbox 339 5836 526 5907; x_wconf 75' lang='lat' dir='ltr'><strong>Spisil.</strong></span> <span class='ocrx_word' id='word_1_588' title='bbox 551 5837 585 5891; x_wconf 89' lang='grc' dir='ltr'><strong>Ι.</strong></span> <span class='ocrx_word' id='word_1_589' title='bbox 615 5852 665 5890; x_wconf 77' lang='lat' dir='ltr'><strong>e.</strong></span> 
     </span>
    </p>
   </div>
   <div class='ocr_carea' id='block_1_88' title="bbox 1790 5117 3371 5187">
    <p class='ocr_par' dir='ltr' id='par_1_88' title="bbox 1790 5117 3371 5187">
     <span class='ocr_line' id='line_1_88' title="bbox 1790 5117 3371 5187; baseline 0.001 -16"><span class='ocrx_word' id='word_1_590' title='bbox 1790 5117 2087 5185; x_wconf 87' lang='lat' dir='ltr'><strong>splenduit,</strong></span> <span class='ocrx_word' id='word_1_591' title='bbox 2131 5126 2189 5169; x_wconf 89' lang='lat' dir='ltr'><strong>ut</strong></span> <span class='ocrx_word' id='word_1_592' title='bbox 2220 5117 2328 5187; x_wconf 81' lang='lat' dir='ltr'><strong>iam</strong></span> <span class='ocrx_word' id='word_1_593' title='bbox 2375 5133 2507 5185; x_wconf 89' lang='lat' dir='ltr'><strong>pace</strong></span> <span class='ocrx_word' id='word_1_594' title='bbox 2548 5134 2641 5186; x_wconf 90' lang='lat' dir='ltr'><strong>per</strong></span> <span class='ocrx_word' id='word_1_595' title='bbox 2684 5119 2884 5171; x_wconf 86' lang='lat' dir='ltr'><strong>bonum</strong></span> <span class='ocrx_word' id='word_1_596' title='bbox 2933 5118 3228 5187; x_wconf 90' lang='lat' dir='ltr'><strong>principem</strong></span> <span class='ocrx_word' id='word_1_597' title='bbox 3268 5119 3371 5172; x_wconf 79' lang='lat' dir='ltr'><strong>Ec-</strong></span> 
     </span>
    </p>
   </div>
   <div class='ocr_carea' id='block_1_89' title="bbox 1790 5208 3369 5275">
    <p class='ocr_par' dir='ltr' id='par_1_89' title="bbox 1790 5208 3369 5275">
     <span class='ocr_line' id='line_1_89' title="bbox 1790 5208 3369 5275; baseline -0.003 -14"><span class='ocrx_word' id='word_1_598' title='bbox 1790 5208 1970 5262; x_wconf 91' lang='lat' dir='ltr'><strong>clesiis</strong></span> <span class='ocrx_word' id='word_1_599' title='bbox 2016 5222 2310 5269; x_wconf 85' lang='lat' dir='ltr'><strong>concessa,</strong></span> <span class='ocrx_word' id='word_1_600' title='bbox 2342 5208 2776 5262; x_wconf 86' lang='lat' dir='ltr'><strong>Christianorum</strong></span> <span class='ocrx_word' id='word_1_601' title='bbox 2840 5224 2995 5275; x_wconf 88' lang='lat' dir='ltr'><strong>opera</strong></span> <span class='ocrx_word' id='word_1_602' title='bbox 3051 5210 3212 5263; x_wconf 89' lang='lat' dir='ltr'><strong>etiam</strong></span> <span class='ocrx_word' id='word_1_603' title='bbox 3272 5224 3369 5261; x_wconf 80' lang='lat' dir='ltr'><strong>cn-</strong></span> 
     </span>
    </p>
   </div>
   <div class='ocr_carea' id='block_1_90' title="bbox 1797 5298 3372 5370">
    <p class='ocr_par' dir='ltr' id='par_1_90' title="bbox 1797 5298 3372 5370">
     <span class='ocr_line' id='line_1_90' title="bbox 1797 5298 3372 5370; baseline 0.001 -18"><span class='ocrx_word' id='word_1_604' title='bbox 1797 5314 1914 5353; x_wconf 88' lang='lat' dir='ltr'><strong>ram</strong></span> <span class='ocrx_word' id='word_1_605' title='bbox 1965 5298 2273 5355; x_wconf 81' lang='lat' dir='ltr'><strong>inﬁdelibus</strong></span> <span class='ocrx_word' id='word_1_606' title='bbox 2314 5298 2557 5365; x_wconf 88' lang='lat' dir='ltr'><strong>luceant,</strong></span> <span class='ocrx_word' id='word_1_607' title='bbox 2601 5308 2648 5353; x_wconf 87' lang='lat' dir='ltr'><strong>et</strong></span> <span class='ocrx_word' id='word_1_608' title='bbox 2692 5300 3020 5370; x_wconf 80' lang='lat' dir='ltr'><strong>gloriﬁcetur</strong></span> <span class='ocrx_word' id='word_1_609' title='bbox 3061 5301 3181 5353; x_wconf 86' lang='lat' dir='ltr'><strong>inde</strong></span> <span class='ocrx_word' id='word_1_610' title='bbox 3209 5299 3372 5354; x_wconf 72' lang='lat' dir='ltr'><strong>Pater</strong></span> 
     </span>
    </p>
   </div>
   <div class='ocr_carea' id='block_1_91' title="bbox 1869 5475 2851 5548">
    <p class='ocr_par' dir='ltr' id='par_1_91' title="bbox 1869 5475 2851 5548">
     <span class='ocr_line' id='line_1_91' title="bbox 1869 5475 2851 5548; baseline -0.001 -18"><span class='ocrx_word' id='word_1_611' title='bbox 1869 5476 1980 5548; x_wconf 75' lang='grc'>(14)</span> <span class='ocrx_word' id='word_1_612' title='bbox 2028 5475 2166 5548; x_wconf 68' lang='lat' dir='ltr'><strong>ilist.</strong></span> <span class='ocrx_word' id='word_1_613' title='bbox 2208 5477 2331 5529; x_wconf 84' lang='lat' dir='ltr'><strong>eccl.</strong></span> <span class='ocrx_word' id='word_1_614' title='bbox 2366 5475 2460 5530; x_wconf 85' lang='lat' dir='ltr'><strong>lib.</strong></span> <span class='ocrx_word' id='word_1_615' title='bbox 2500 5492 2617 5542; x_wconf 81' lang='lat' dir='ltr'><strong>vnt,</strong></span> <span class='ocrx_word' id='word_1_616' title='bbox 2650 5492 2769 5546; x_wconf 89' lang='lat' dir='ltr'><strong>cap.</strong></span> <span class='ocrx_word' id='word_1_617' title='bbox 2804 5479 2851 5530; x_wconf 84' lang='grc'>1.</span> 
     </span>
    </p>
   </div>
   <div class='ocr_carea' id='block_1_92' title="bbox 1868 5547 2467 5615">
    <p class='ocr_par' dir='ltr' id='par_1_92' title="bbox 1868 5547 2467 5615">
     <span class='ocr_line' id='line_1_92' title="bbox 1868 5547 2467 5615; baseline 0 -15"><span class='ocrx_word' id='word_1_618' title='bbox 1868 5547 1981 5615; x_wconf 70' lang='lat' dir='ltr'><strong>(is)</strong></span> <span class='ocrx_word' id='word_1_619' title='bbox 2023 5547 2165 5600; x_wconf 83' lang='lat' dir='ltr'><strong>Ibid.</strong></span> <span class='ocrx_word' id='word_1_620' title='bbox 2189 5587 2203 5610; x_wconf 90' lang='lat'><strong>,</strong></span> <span class='ocrx_word' id='word_1_621' title='bbox 2260 5562 2379 5615; x_wconf 87' lang='lat' dir='ltr'><strong>cap.</strong></span> <span class='ocrx_word' id='word_1_622' title='bbox 2414 5548 2467 5600; x_wconf 85' lang='lat'><strong>6.</strong></span> 
     </span>
    </p>
   </div>
   <div class='ocr_carea' id='block_1_93' title="bbox 1898 5617 2943 5685">
    <p class='ocr_par' dir='ltr' id='par_1_93' title="bbox 1898 5617 2943 5685">
     <span class='ocr_line' id='line_1_93' title="bbox 1898 5617 2943 5685; baseline -0.001 -14"><span class='ocrx_word' id='word_1_623' title='bbox 1898 5619 1980 5684; x_wconf 85' lang='grc'><strong>16)</strong></span> <span class='ocrx_word' id='word_1_624' title='bbox 2021 5618 2097 5671; x_wconf 86' lang='lat' dir='ltr'><strong>De</strong></span> <span class='ocrx_word' id='word_1_625' title='bbox 2123 5617 2333 5673; x_wconf 86' lang='lat' dir='ltr'><strong>mortib.</strong></span> <span class='ocrx_word' id='word_1_626' title='bbox 2366 5626 2622 5685; x_wconf 73' lang='lat' dir='ltr'><strong>persecat.</strong></span> <span class='ocrx_word' id='word_1_627' title='bbox 2647 5659 2661 5682; x_wconf 92' lang='lat'><strong>,</strong></span> <span class='ocrx_word' id='word_1_628' title='bbox 2703 5633 2825 5685; x_wconf 84' lang='lat' dir='ltr'><strong>cap.</strong></span> <span class='ocrx_word' id='word_1_629' title='bbox 2858 5618 2943 5671; x_wconf 83' lang='grc'><strong>15.</strong></span> 
     </span>
    </p>
   </div>
   <div class='ocr_carea' id='block_1_94' title="bbox 1898 5687 2974 5760">
    <p class='ocr_par' dir='ltr' id='par_1_94' title="bbox 1898 5687 2974 5760">
     <span class='ocr_line' id='line_1_94' title="bbox 1898 5687 2974 5760; baseline -0.002 -19"><span class='ocrx_word' id='word_1_630' title='bbox 1898 5688 1981 5760; x_wconf 63' lang='grc'><strong>17)</strong></span> <span class='ocrx_word' id='word_1_631' title='bbox 2023 5687 2358 5760; x_wconf 63' lang='lat' dir='ltr'><strong>Hist._litter.</strong></span> <span class='ocrx_word' id='word_1_632' title='bbox 2384 5726 2399 5750; x_wconf 89' lang='lat'><strong>,</strong></span> <span class='ocrx_word' id='word_1_633' title='bbox 2441 5698 2574 5743; x_wconf 83' lang='lat' dir='ltr'><strong>tom.</strong></span> <span class='ocrx_word' id='word_1_634' title='bbox 2612 5689 2649 5753; x_wconf 87' lang='lat' dir='ltr'><strong>I,</strong></span> <span class='ocrx_word' id='word_1_635' title='bbox 2686 5704 2805 5760; x_wconf 73' lang='lat' dir='ltr'><strong>pag.</strong></span> <span class='ocrx_word' id='word_1_636' title='bbox 2846 5688 2974 5746; x_wconf 62' lang='grc' dir='ltr'><strong>ιη,</strong></span> 
     </span>
    </p>
   </div>
   <div class='ocr_carea' id='block_1_95' title="bbox 1875 5757 2401 5831">
    <p class='ocr_par' dir='ltr' id='par_1_95' title="bbox 1875 5757 2401 5831">
     <span class='ocr_line' id='line_1_95' title="bbox 1875 5757 2401 5831; baseline -0.004 -18"><span class='ocrx_word' id='word_1_637' title='bbox 1875 5758 1985 5831; x_wconf 72' lang='grc'>(18)</span> <span class='ocrx_word' id='word_1_638' title='bbox 2026 5757 2247 5827; x_wconf 78' lang='lat' dir='ltr'><strong>Spici&#39;l.,</strong></span> <span class='ocrx_word' id='word_1_639' title='bbox 2283 5758 2320 5813; x_wconf 92' lang='lat' dir='ltr'><strong>l.</strong></span> <span class='ocrx_word' id='word_1_640' title='bbox 2352 5774 2401 5812; x_wconf 87' lang='lat' dir='ltr'><strong>c.</strong></span> 
     </span>
    </p>
   </div>
  </div>
