  <div class='ocr_page' id='page_1' title='image "/cluster/home/n/w/nwhite01/storage/ocr_20150623/10/hvd.32044019207620/795.png"; bbox 0 0 3922 6488; ppageno 0'>
   <div class='ocr_carea' id='block_1_1' title="bbox 539 366 669 426">
    <p class='ocr_par' dir='ltr' id='par_1_1' title="bbox 539 366 669 426">
     <span class='ocr_line' id='line_1_1' title="bbox 539 366 669 426; baseline -0.008 -1"><span class='ocrx_word' id='word_1_1' title='bbox 539 366 669 426; x_wconf 75' lang='grc'><strong>1571</strong></span> 
     </span>
    </p>
   </div>
   <div class='ocr_carea' id='block_1_2' title="bbox 1688 336 2595 408">
    <p class='ocr_par' dir='ltr' id='par_1_2' title="bbox 1688 336 2595 408">
     <span class='ocr_line' id='line_1_2' title="bbox 1688 336 2595 408; baseline -0.021 0"><span class='ocrx_word' id='word_1_2' title='bbox 1688 354 1745 408; x_wconf 85' lang='lat' dir='ltr'><strong>S.</strong></span> <span class='ocrx_word' id='word_1_3' title='bbox 1788 344 2089 404; x_wconf 69' lang='lat' dir='ltr'><strong>TllEONx‘E</strong></span> <span class='ocrx_word' id='word_1_4' title='bbox 2129 336 2595 398; x_wconf 73' lang='lat' dir='ltr'><strong>ALEXANDBINI</strong></span> 
     </span>
    </p>
   </div>
   <div class='ocr_carea' id='block_1_3' title="bbox 3641 322 3769 374">
    <p class='ocr_par' dir='ltr' id='par_1_3' title="bbox 3641 322 3769 374">
     <span class='ocr_line' id='line_1_3' title="bbox 3641 322 3769 374; baseline -0.008 0"><span class='ocrx_word' id='word_1_5' title='bbox 3641 322 3769 374; x_wconf 64' lang='lat'><strong>£573</strong></span> 
     </span>
    </p>
   </div>
   <div class='ocr_carea' id='block_1_4' title="bbox 533 441 3771 557">
    <p class='ocr_par' dir='ltr' id='par_1_4' title="bbox 533 441 3771 557">
     <span class='ocr_line' id='line_1_4' title="bbox 533 441 3771 557; baseline -0.017 -13"><span class='ocrx_word' id='word_1_6' title='bbox 533 500 699 544; x_wconf 76' lang='lat' dir='ltr'><strong>vester</strong></span> <span class='ocrx_word' id='word_1_7' title='bbox 725 488 810 557; x_wconf 84' lang='lat' dir='ltr'><strong>qui</strong></span> <span class='ocrx_word' id='word_1_8' title='bbox 852 486 907 537; x_wconf 85' lang='lat' dir='ltr'><strong>in</strong></span> <span class='ocrx_word' id='word_1_9' title='bbox 949 479 1090 535; x_wconf 71' lang='lat' dir='ltr'><strong>cortis</strong></span> <span class='ocrx_word' id='word_1_10' title='bbox 1134 488 1209 534; x_wconf 80' lang='lat' dir='ltr'><strong>est</strong></span> <span class='ocrx_word' id='word_1_11' title='bbox 1250 475 1392 531; x_wconf 86' lang='lat' dir='ltr'><strong>Deus</strong></span> <span class='ocrx_word' id='word_1_12' title='bbox 1426 476 1484 540; x_wconf 83' lang='grc'><strong>¹;</strong></span> <span class='ocrx_word' id='word_1_13' title='bbox 1532 472 1674 542; x_wconf 83' lang='lat' dir='ltr'><strong>quod</strong></span> <span class='ocrx_word' id='word_1_14' title='bbox 1721 471 1867 524; x_wconf 87' lang='lat' dir='ltr'><strong>velut</strong></span> <span class='ocrx_word' id='word_1_15' title='bbox 1907 465 2096 537; x_wconf 73' lang='lat' dir='ltr'><strong>prreci-</strong></span> <span class='ocrx_word' id='word_1_16' title='bbox 2126 475 2167 522; x_wconf 76' lang='grc' dir='ltr'>Α</span> <span class='ocrx_word' id='word_1_17' title='bbox 2193 461 2393 516; x_wconf 92' lang='lat' dir='ltr'><strong>Christi</strong></span> <span class='ocrx_word' id='word_1_18' title='bbox 2420 454 2753 527; x_wconf 90' lang='lat' dir='ltr'><strong>repleamini.</strong></span> <span class='ocrx_word' id='word_1_19' title='bbox 2782 448 2975 507; x_wconf 79' lang='lat' dir='ltr'><strong>Omnia</strong></span> <span class='ocrx_word' id='word_1_20' title='bbox 3004 456 3219 518; x_wconf 80' lang='lat' dir='ltr'><strong>propter</strong></span> <span class='ocrx_word' id='word_1_21' title='bbox 3249 443 3431 514; x_wconf 89' lang='lat' dir='ltr'><strong>ipsum</strong></span> <span class='ocrx_word' id='word_1_22' title='bbox 3457 441 3771 494; x_wconf 75' lang='lat' dir='ltr'><strong>Creatorem</strong></span> 
     </span>
    </p>
   </div>
   <div class='ocr_carea' id='block_1_5' title="bbox 534 558 2092 650">
    <p class='ocr_par' dir='ltr' id='par_1_5' title="bbox 534 558 2092 650">
     <span class='ocr_line' id='line_1_5' title="bbox 534 558 2092 650; baseline -0.016 -16"><span class='ocrx_word' id='word_1_23' title='bbox 534 595 701 650; x_wconf 87' lang='lat' dir='ltr'><strong>puum</strong></span> <span class='ocrx_word' id='word_1_24' title='bbox 737 594 766 631; x_wconf 91' lang='lat' dir='ltr'><strong>a</strong></span> <span class='ocrx_word' id='word_1_25' title='bbox 812 577 967 629; x_wconf 90' lang='lat' dir='ltr'><strong>nobis</strong></span> <span class='ocrx_word' id='word_1_26' title='bbox 1021 586 1119 641; x_wconf 90' lang='lat' dir='ltr'><strong>pro</strong></span> <span class='ocrx_word' id='word_1_27' title='bbox 1164 569 1336 624; x_wconf 89' lang='lat' dir='ltr'><strong>salute</strong></span> <span class='ocrx_word' id='word_1_28' title='bbox 1376 574 1584 627; x_wconf 89' lang='lat' dir='ltr'><strong>nostra,</strong></span> <span class='ocrx_word' id='word_1_29' title='bbox 1630 563 1673 617; x_wconf 89' lang='lat' dir='ltr'><strong>si</strong></span> <span class='ocrx_word' id='word_1_30' title='bbox 1706 558 1999 615; x_wconf 77' lang='lat' dir='ltr'><strong>Christiani</strong></span> <span class='ocrx_word' id='word_1_31' title='bbox 2033 572 2092 609; x_wconf 90' lang='lat' dir='ltr'><strong>re</strong></span> 
     </span>
    </p>
   </div>
   <div class='ocr_carea' id='block_1_6' title="bbox 535 650 2096 740">
    <p class='ocr_par' dir='ltr' id='par_1_6' title="bbox 535 650 2096 740">
     <span class='ocr_line' id='line_1_6' title="bbox 535 650 2096 740; baseline -0.017 -14"><span class='ocrx_word' id='word_1_32' title='bbox 535 650 711 740; x_wconf 77' lang='lat' dir='ltr'><strong>potius</strong></span> <span class='ocrx_word' id='word_1_33' title='bbox 737 682 898 737; x_wconf 88' lang='lat' dir='ltr'><strong>quam</strong></span> <span class='ocrx_word' id='word_1_34' title='bbox 948 664 1126 717; x_wconf 81' lang='lat' dir='ltr'><strong>verbis</strong></span> <span class='ocrx_word' id='word_1_35' title='bbox 1159 658 1593 728; x_wconf 77' lang='lat' dir='ltr'><strong>essccupimus,</strong></span> <span class='ocrx_word' id='word_1_36' title='bbox 1633 652 1981 723; x_wconf 70' lang='lat' dir='ltr'><strong>quaarendum</strong></span> <span class='ocrx_word' id='word_1_37' title='bbox 2021 656 2096 700; x_wconf 83' lang='lat' dir='ltr'><strong>at-</strong></span> 
     </span>
    </p>
   </div>
   <div class='ocr_carea' id='block_1_7' title="bbox 532 749 2097 832">
    <p class='ocr_par' dir='ltr' id='par_1_7' title="bbox 532 749 2097 832">
     <span class='ocr_line' id='line_1_7' title="bbox 532 749 2097 832; baseline -0.017 -14"><span class='ocrx_word' id='word_1_38' title='bbox 532 758 1025 832; x_wconf 77' lang='lat' dir='ltr'><strong>queexoptandum</strong></span> <span class='ocrx_word' id='word_1_39' title='bbox 1054 763 1157 809; x_wconf 89' lang='lat' dir='ltr'><strong>est.</strong></span> <span class='ocrx_word' id='word_1_40' title='bbox 1188 752 1322 806; x_wconf 91' lang='lat' dir='ltr'><strong>Nam</strong></span> <span class='ocrx_word' id='word_1_41' title='bbox 1354 751 1400 805; x_wconf 88' lang='lat' dir='ltr'><strong>si</strong></span> <span class='ocrx_word' id='word_1_42' title='bbox 1432 749 1658 820; x_wconf 78' lang='lat' dir='ltr'><strong>gloriam</strong></span> <span class='ocrx_word' id='word_1_43' title='bbox 1682 750 1922 797; x_wconf 90' lang='lat' dir='ltr'><strong>nostram</strong></span> <span class='ocrx_word' id='word_1_44' title='bbox 1949 755 2097 809; x_wconf 77' lang='lat' dir='ltr'><strong>quae-</strong></span> 
     </span>
    </p>
   </div>
   <div class='ocr_carea' id='block_1_8' title="bbox 534 836 2096 918">
    <p class='ocr_par' dir='ltr' id='par_1_8' title="bbox 534 836 2096 918">
     <span class='ocr_line' id='line_1_8' title="bbox 534 836 2096 918; baseline -0.016 -10"><span class='ocrx_word' id='word_1_45' title='bbox 534 854 729 918; x_wconf 80' lang='lat' dir='ltr'><strong>rimus,</strong></span> <span class='ocrx_word' id='word_1_46' title='bbox 764 864 877 904; x_wconf 91' lang='lat' dir='ltr'><strong>rem</strong></span> <span class='ocrx_word' id='word_1_47' title='bbox 903 861 1099 901; x_wconf 90' lang='lat' dir='ltr'><strong>vanam</strong></span> <span class='ocrx_word' id='word_1_48' title='bbox 1136 844 1505 910; x_wconf 90' lang='lat' dir='ltr'><strong>caducamque</strong></span> <span class='ocrx_word' id='word_1_49' title='bbox 1531 836 1853 907; x_wconf 85' lang='lat' dir='ltr'><strong>appetimus,</strong></span> <span class='ocrx_word' id='word_1_50' title='bbox 1892 840 1947 888; x_wconf 84' lang='lat' dir='ltr'><strong>et</strong></span> <span class='ocrx_word' id='word_1_51' title='bbox 1975 845 2096 900; x_wconf 74' lang='lat' dir='ltr'><strong>quae</strong></span> 
     </span>
    </p>
   </div>
   <div class='ocr_carea' id='block_1_9' title="bbox 534 924 2098 1011">
    <p class='ocr_par' dir='ltr' id='par_1_9' title="bbox 534 924 2098 1011">
     <span class='ocr_line' id='line_1_9' title="bbox 534 924 2098 1011; baseline -0.014 -13"><span class='ocrx_word' id='word_1_52' title='bbox 534 959 636 998; x_wconf 87' lang='lat' dir='ltr'><strong>nos</strong></span> <span class='ocrx_word' id='word_1_53' title='bbox 674 944 821 1011; x_wconf 89' lang='lat' dir='ltr'><strong>ipsos</strong></span> <span class='ocrx_word' id='word_1_54' title='bbox 850 940 918 993; x_wconf 87' lang='lat' dir='ltr'><strong>ad</strong></span> <span class='ocrx_word' id='word_1_55' title='bbox 961 944 1191 991; x_wconf 89' lang='lat' dir='ltr'><strong>mortem</strong></span> <span class='ocrx_word' id='word_1_56' title='bbox 1220 932 1465 1004; x_wconf 81' lang='lat' dir='ltr'><strong>perducit</strong></span> <span class='ocrx_word' id='word_1_57' title='bbox 1502 948 1514 982; x_wconf 89' lang='lat'>:</span> <span class='ocrx_word' id='word_1_58' title='bbox 1555 936 1610 983; x_wconf 88' lang='lat' dir='ltr'><strong>at</strong></span> <span class='ocrx_word' id='word_1_59' title='bbox 1640 927 1809 997; x_wconf 80' lang='lat' dir='ltr'><strong>gloria</strong></span> <span class='ocrx_word' id='word_1_60' title='bbox 1838 924 2014 978; x_wconf 90' lang='lat' dir='ltr'><strong>Patris</strong></span> <span class='ocrx_word' id='word_1_61' title='bbox 2044 932 2098 976; x_wconf 90' lang='lat' dir='ltr'><strong>et</strong></span> 
     </span>
    </p>
   </div>
   <div class='ocr_carea' id='block_1_10' title="bbox 536 1013 2098 1100">
    <p class='ocr_par' dir='ltr' id='par_1_10' title="bbox 536 1013 2098 1100">
     <span class='ocr_line' id='line_1_10' title="bbox 536 1013 2098 1100; baseline -0.013 -13"><span class='ocrx_word' id='word_1_62' title='bbox 536 1033 656 1086; x_wconf 88' lang='lat' dir='ltr'><strong>Filii</strong></span> <span class='ocrx_word' id='word_1_63' title='bbox 691 1031 783 1100; x_wconf 86' lang='lat' dir='ltr'><strong>qui</strong></span> <span class='ocrx_word' id='word_1_64' title='bbox 830 1042 928 1097; x_wconf 92' lang='lat' dir='ltr'><strong>pro</strong></span> <span class='ocrx_word' id='word_1_65' title='bbox 981 1026 1152 1080; x_wconf 90' lang='lat' dir='ltr'><strong>salute</strong></span> <span class='ocrx_word' id='word_1_66' title='bbox 1179 1030 1365 1077; x_wconf 90' lang='lat' dir='ltr'><strong>nostra</strong></span> <span class='ocrx_word' id='word_1_67' title='bbox 1408 1018 1559 1075; x_wconf 88' lang='lat' dir='ltr'><strong>cruci</strong></span> <span class='ocrx_word' id='word_1_68' title='bbox 1599 1015 1790 1070; x_wconf 83' lang='lat' dir='ltr'><strong>affixus</strong></span> <span class='ocrx_word' id='word_1_69' title='bbox 1834 1013 1955 1076; x_wconf 88' lang='lat' dir='ltr'><strong>fuit,</strong></span> <span class='ocrx_word' id='word_1_70' title='bbox 1998 1028 2098 1067; x_wconf 88' lang='lat' dir='ltr'><strong>nos</strong></span> 
     </span>
    </p>
   </div>
   <div class='ocr_carea' id='block_1_11' title="bbox 536 1106 2099 1180">
    <p class='ocr_par' dir='ltr' id='par_1_11' title="bbox 536 1106 2099 1180">
     <span class='ocr_line' id='line_1_11' title="bbox 536 1106 2099 1180; baseline -0.013 -3"><span class='ocrx_word' id='word_1_71' title='bbox 536 1121 717 1177; x_wconf 90' lang='lat' dir='ltr'><strong>salvos</strong></span> <span class='ocrx_word' id='word_1_72' title='bbox 756 1116 883 1171; x_wconf 80' lang='lat' dir='ltr'><strong>facit</strong></span> <span class='ocrx_word' id='word_1_73' title='bbox 941 1115 996 1167; x_wconf 91' lang='lat' dir='ltr'><strong>in</strong></span> <span class='ocrx_word' id='word_1_74' title='bbox 1045 1111 1467 1180; x_wconf 91' lang='lat' dir='ltr'><strong>redemptionem</strong></span> <span class='ocrx_word' id='word_1_75' title='bbox 1512 1106 1933 1176; x_wconf 85' lang='lat' dir='ltr'><strong>sempiternam;</strong></span> <span class='ocrx_word' id='word_1_76' title='bbox 1979 1119 2099 1173; x_wconf 73' lang='lat' dir='ltr'><strong>qure</strong></span> 
     </span>
    </p>
   </div>
   <div class='ocr_carea' id='block_1_12' title="bbox 536 1196 1747 1267">
    <p class='ocr_par' dir='ltr' id='par_1_12' title="bbox 536 1196 1747 1267">
     <span class='ocr_line' id='line_1_12' title="bbox 536 1196 1747 1267; baseline -0.014 -1"><span class='ocrx_word' id='word_1_77' title='bbox 536 1212 775 1266; x_wconf 81' lang='lat' dir='ltr'><strong>maxima</strong></span> <span class='ocrx_word' id='word_1_78' title='bbox 813 1206 1246 1261; x_wconf 84' lang='lat' dir='ltr'><strong>Christianorum</strong></span> <span class='ocrx_word' id='word_1_79' title='bbox 1281 1209 1362 1255; x_wconf 89' lang='lat' dir='ltr'><strong>est</strong></span> <span class='ocrx_word' id='word_1_80' title='bbox 1398 1196 1747 1267; x_wconf 79' lang='lat' dir='ltr'><strong>exspectatio.</strong></span> 
     </span>
    </p>
   </div>
   <div class='ocr_carea' id='block_1_13' title="bbox 605 1293 2102 1373">
    <p class='ocr_par' dir='ltr' id='par_1_13' title="bbox 605 1293 2102 1373">
     <span class='ocr_line' id='line_1_13' title="bbox 605 1293 2102 1373; baseline -0.011 -15"><span class='ocrx_word' id='word_1_81' title='bbox 605 1304 722 1360; x_wconf 85' lang='lat' dir='ltr'><strong>Non</strong></span> <span class='ocrx_word' id='word_1_82' title='bbox 754 1319 902 1373; x_wconf 86' lang='lat' dir='ltr'><strong>ergo,</strong></span> <span class='ocrx_word' id='word_1_83' title='bbox 953 1303 1025 1356; x_wconf 91' lang='lat' dir='ltr'><strong>mi</strong></span> <span class='ocrx_word' id='word_1_84' title='bbox 1072 1299 1325 1363; x_wconf 91' lang='lat' dir='ltr'><strong>Lueiane,</strong></span> <span class='ocrx_word' id='word_1_85' title='bbox 1375 1306 1428 1350; x_wconf 93' lang='lat' dir='ltr'><strong>te</strong></span> <span class='ocrx_word' id='word_1_86' title='bbox 1469 1293 1665 1365; x_wconf 87' lang='lat' dir='ltr'><strong>jactari</strong></span> <span class='ocrx_word' id='word_1_87' title='bbox 1701 1302 1795 1347; x_wconf 89' lang='lat' dir='ltr'><strong>aut</strong></span> <span class='ocrx_word' id='word_1_88' title='bbox 1836 1298 1968 1359; x_wconf 91' lang='lat' dir='ltr'><strong>puto</strong></span> <span class='ocrx_word' id='word_1_89' title='bbox 2008 1296 2102 1342; x_wconf 90' lang='lat' dir='ltr'><strong>aut</strong></span> 
     </span>
    </p>
   </div>
   <div class='ocr_carea' id='block_1_14' title="bbox 534 1380 2101 1466">
    <p class='ocr_par' dir='ltr' id='par_1_14' title="bbox 534 1380 2101 1466">
     <span class='ocr_line' id='line_1_14' title="bbox 534 1380 2101 1466; baseline -0.012 -14"><span class='ocrx_word' id='word_1_90' title='bbox 534 1398 660 1452; x_wconf 89' lang='lat' dir='ltr'><strong>volo</strong></span> <span class='ocrx_word' id='word_1_91' title='bbox 705 1397 849 1466; x_wconf 89' lang='lat' dir='ltr'><strong>quod</strong></span> <span class='ocrx_word' id='word_1_92' title='bbox 886 1394 1043 1448; x_wconf 90' lang='lat' dir='ltr'><strong>multi</strong></span> <span class='ocrx_word' id='word_1_93' title='bbox 1084 1409 1147 1446; x_wconf 82' lang='lat' dir='ltr'><strong>ex</strong></span> <span class='ocrx_word' id='word_1_94' title='bbox 1207 1387 1407 1460; x_wconf 92' lang='lat' dir='ltr'><strong>palatio</strong></span> <span class='ocrx_word' id='word_1_95' title='bbox 1472 1384 1732 1455; x_wconf 86' lang='lat' dir='ltr'><strong>principis</strong></span> <span class='ocrx_word' id='word_1_96' title='bbox 1786 1397 1881 1451; x_wconf 89' lang='lat' dir='ltr'><strong>per</strong></span> <span class='ocrx_word' id='word_1_97' title='bbox 1937 1389 1990 1435; x_wconf 94' lang='lat' dir='ltr'><strong>te</strong></span> <span class='ocrx_word' id='word_1_98' title='bbox 2034 1380 2101 1433; x_wconf 88' lang='lat' dir='ltr'><strong>ad</strong></span> 
     </span>
    </p>
   </div>
   <div class='ocr_carea' id='block_1_15' title="bbox 537 1471 2103 1556">
    <p class='ocr_par' dir='ltr' id='par_1_15' title="bbox 537 1471 2103 1556">
     <span class='ocr_line' id='line_1_15' title="bbox 537 1471 2103 1556; baseline -0.013 -14"><span class='ocrx_word' id='word_1_99' title='bbox 537 1488 865 1556; x_wconf 75' lang='lat' dir='ltr'><strong>agnitionem</strong></span> <span class='ocrx_word' id='word_1_100' title='bbox 918 1484 1154 1539; x_wconf 80' lang='lat' dir='ltr'><strong>veritatis</strong></span> <span class='ocrx_word' id='word_1_101' title='bbox 1194 1486 1572 1551; x_wconf 89' lang='lat' dir='ltr'><strong>pervenerunt,</strong></span> <span class='ocrx_word' id='word_1_102' title='bbox 1623 1474 1717 1530; x_wconf 90' lang='lat' dir='ltr'><strong>sed</strong></span> <span class='ocrx_word' id='word_1_103' title='bbox 1766 1471 1940 1543; x_wconf 89' lang='lat' dir='ltr'><strong>magis</strong></span> <span class='ocrx_word' id='word_1_104' title='bbox 1981 1486 2103 1540; x_wconf 85' lang='lat' dir='ltr'><strong>gra-</strong></span> 
     </span>
    </p>
   </div>
   <div class='ocr_carea' id='block_1_16' title="bbox 538 1562 2105 1636">
    <p class='ocr_par' dir='ltr' id='par_1_16' title="bbox 538 1562 2105 1636">
     <span class='ocr_line' id='line_1_16' title="bbox 538 1562 2105 1636; baseline -0.013 -3"><span class='ocrx_word' id='word_1_105' title='bbox 538 1583 642 1635; x_wconf 90' lang='lat' dir='ltr'><strong>tias</strong></span> <span class='ocrx_word' id='word_1_106' title='bbox 687 1578 797 1633; x_wconf 91' lang='lat' dir='ltr'><strong>Deo</strong></span> <span class='ocrx_word' id='word_1_107' title='bbox 834 1589 1021 1632; x_wconf 87' lang='lat' dir='ltr'><strong>nostro</strong></span> <span class='ocrx_word' id='word_1_108' title='bbox 1068 1573 1267 1627; x_wconf 84' lang='lat' dir='ltr'><strong>referre</strong></span> <span class='ocrx_word' id='word_1_109' title='bbox 1318 1571 1499 1634; x_wconf 87' lang='lat' dir='ltr'><strong>decet,</strong></span> <span class='ocrx_word' id='word_1_110' title='bbox 1532 1566 1624 1636; x_wconf 90' lang='lat' dir='ltr'><strong>qui</strong></span> <span class='ocrx_word' id='word_1_111' title='bbox 1666 1574 1719 1619; x_wconf 90' lang='lat' dir='ltr'><strong>te</strong></span> <span class='ocrx_word' id='word_1_112' title='bbox 1769 1564 1973 1617; x_wconf 90' lang='lat' dir='ltr'><strong>bonum</strong></span> <span class='ocrx_word' id='word_1_113' title='bbox 2022 1562 2105 1617; x_wconf 76' lang='grc' dir='ltr'><strong>ἰησ-</strong></span> 
     </span>
    </p>
   </div>
   <div class='ocr_carea' id='block_1_17' title="bbox 538 1654 2103 1729">
    <p class='ocr_par' dir='ltr' id='par_1_17' title="bbox 538 1654 2103 1729">
     <span class='ocr_line' id='line_1_17' title="bbox 538 1654 2103 1729; baseline -0.014 -1"><span class='ocrx_word' id='word_1_114' title='bbox 538 1680 902 1729; x_wconf 88' lang='lat' dir='ltr'><strong>strumentum</strong></span> <span class='ocrx_word' id='word_1_115' title='bbox 952 1668 1006 1721; x_wconf 91' lang='lat' dir='ltr'><strong>in</strong></span> <span class='ocrx_word' id='word_1_116' title='bbox 1052 1683 1167 1722; x_wconf 91' lang='lat' dir='ltr'><strong>rem</strong></span> <span class='ocrx_word' id='word_1_117' title='bbox 1211 1666 1410 1719; x_wconf 83' lang='lat' dir='ltr'><strong>bonam</strong></span> <span class='ocrx_word' id='word_1_118' title='bbox 1461 1658 1728 1725; x_wconf 81' lang='lat' dir='ltr'><strong>confecit,</strong></span> <span class='ocrx_word' id='word_1_119' title='bbox 1773 1664 1935 1725; x_wconf 87' lang='lat' dir='ltr'><strong>teque</strong></span> <span class='ocrx_word' id='word_1_120' title='bbox 1966 1654 2103 1723; x_wconf 86' lang='lat' dir='ltr'><strong>apud</strong></span> 
     </span>
    </p>
   </div>
   <div class='ocr_carea' id='block_1_18' title="bbox 537 1746 2103 1834">
    <p class='ocr_par' dir='ltr' id='par_1_18' title="bbox 537 1746 2103 1834">
     <span class='ocr_line' id='line_1_18' title="bbox 537 1746 2103 1834; baseline -0.013 -15"><span class='ocrx_word' id='word_1_121' title='bbox 537 1764 834 1834; x_wconf 89' lang='lat' dir='ltr'><strong>principem</strong></span> <span class='ocrx_word' id='word_1_122' title='bbox 865 1758 1197 1817; x_wconf 84' lang='lat' dir='ltr'><strong>sublimavit,</strong></span> <span class='ocrx_word' id='word_1_123' title='bbox 1220 1752 1584 1810; x_wconf 89' lang='lat' dir='ltr'><strong>utChristiani</strong></span> <span class='ocrx_word' id='word_1_124' title='bbox 1612 1748 1851 1805; x_wconf 88' lang='lat' dir='ltr'><strong>nominis</strong></span> <span class='ocrx_word' id='word_1_125' title='bbox 1884 1746 2103 1801; x_wconf 91' lang='lat' dir='ltr'><strong>odorem</strong></span> 
     </span>
    </p>
   </div>
   <div class='ocr_carea' id='block_1_19' title="bbox 540 1838 2105 1922">
    <p class='ocr_par' dir='ltr' id='par_1_19' title="bbox 540 1838 2105 1922">
     <span class='ocr_line' id='line_1_19' title="bbox 540 1838 2105 1922; baseline -0.012 -14"><span class='ocrx_word' id='word_1_126' title='bbox 540 1856 595 1908; x_wconf 91' lang='lat' dir='ltr'><strong>in</strong></span> <span class='ocrx_word' id='word_1_127' title='bbox 632 1868 786 1908; x_wconf 90' lang='lat' dir='ltr'><strong>suam</strong></span> <span class='ocrx_word' id='word_1_128' title='bbox 835 1852 1061 1922; x_wconf 80' lang='lat' dir='ltr'><strong>gloriam</strong></span> <span class='ocrx_word' id='word_1_129' title='bbox 1087 1862 1138 1904; x_wconf 88' lang='lat' dir='ltr'><strong>et</strong></span> <span class='ocrx_word' id='word_1_130' title='bbox 1178 1848 1471 1901; x_wconf 90' lang='lat' dir='ltr'><strong>multorum</strong></span> <span class='ocrx_word' id='word_1_131' title='bbox 1501 1843 1727 1898; x_wconf 85' lang='lat' dir='ltr'><strong>salutem</strong></span> <span class='ocrx_word' id='word_1_132' title='bbox 1756 1838 2105 1894; x_wconf 81' lang='lat' dir='ltr'><strong>diffunderes.</strong></span> 
     </span>
    </p>
   </div>
   <div class='ocr_carea' id='block_1_20' title="bbox 540 1927 2111 2012">
    <p class='ocr_par' dir='ltr' id='par_1_20' title="bbox 540 1927 2111 2012">
     <span class='ocr_line' id='line_1_20' title="bbox 540 1927 2111 2012; baseline -0.011 -14"><span class='ocrx_word' id='word_1_133' title='bbox 540 1943 675 1997; x_wconf 81' lang='lat' dir='ltr'><strong>Nam</strong></span> <span class='ocrx_word' id='word_1_134' title='bbox 725 1952 929 2012; x_wconf 90' lang='lat' dir='ltr'><strong>quanto</strong></span> <span class='ocrx_word' id='word_1_135' title='bbox 988 1940 1161 2009; x_wconf 89' lang='lat' dir='ltr'><strong>magis</strong></span> <span class='ocrx_word' id='word_1_136' title='bbox 1214 1938 1464 2007; x_wconf 84' lang='lat' dir='ltr'><strong>princeps</strong></span> <span class='ocrx_word' id='word_1_137' title='bbox 1502 1935 1617 2003; x_wconf 88' lang='lat' dir='ltr'><strong>ipse</strong></span> <span class='ocrx_word' id='word_1_138' title='bbox 1661 1930 1902 1986; x_wconf 91' lang='lat' dir='ltr'><strong>nondum</strong></span> <span class='ocrx_word' id='word_1_139' title='bbox 1952 1927 2111 1982; x_wconf 86' lang='lat' dir='ltr'><strong>Chri-</strong></span> 
     </span>
    </p>
   </div>
   <div class='ocr_carea' id='block_1_21' title="bbox 541 2020 2111 2103">
    <p class='ocr_par' dir='ltr' id='par_1_21' title="bbox 541 2020 2111 2103">
     <span class='ocr_line' id='line_1_21' title="bbox 541 2020 2111 2103; baseline -0.011 -14"><span class='ocrx_word' id='word_1_140' title='bbox 541 2036 732 2090; x_wconf 67' lang='lat' dir='ltr'><strong>stianas</strong></span> <span class='ocrx_word' id='word_1_141' title='bbox 777 2032 1027 2103; x_wconf 81' lang='lat' dir='ltr'><strong>religioni</strong></span> <span class='ocrx_word' id='word_1_142' title='bbox 1078 2029 1383 2098; x_wconf 89' lang='lat' dir='ltr'><strong>ascriptus,</strong></span> <span class='ocrx_word' id='word_1_143' title='bbox 1435 2025 1568 2095; x_wconf 83' lang='lat' dir='ltr'><strong>ipsis</strong></span> <span class='ocrx_word' id='word_1_144' title='bbox 1613 2021 1936 2077; x_wconf 85' lang='lat' dir='ltr'><strong>Christianis</strong></span> <span class='ocrx_word' id='word_1_145' title='bbox 1964 2020 2111 2075; x_wconf 85' lang='lat' dir='ltr'><strong>velut</strong></span> 
     </span>
    </p>
   </div>
   <div class='ocr_carea' id='block_1_22' title="bbox 541 2113 2113 2188">
    <p class='ocr_par' dir='ltr' id='par_1_22' title="bbox 541 2113 2113 2188">
     <span class='ocr_line' id='line_1_22' title="bbox 541 2113 2113 2188; baseline -0.011 -6"><span class='ocrx_word' id='word_1_146' title='bbox 541 2126 874 2182; x_wconf 86' lang='lat' dir='ltr'><strong>ﬁdelioribus</strong></span> <span class='ocrx_word' id='word_1_147' title='bbox 919 2124 1085 2177; x_wconf 89' lang='lat' dir='ltr'><strong>vitam</strong></span> <span class='ocrx_word' id='word_1_148' title='bbox 1129 2131 1181 2176; x_wconf 89' lang='lat' dir='ltr'><strong>et</strong></span> <span class='ocrx_word' id='word_1_149' title='bbox 1221 2134 1421 2188; x_wconf 90' lang='lat' dir='ltr'><strong>corpus</strong></span> <span class='ocrx_word' id='word_1_150' title='bbox 1451 2131 1614 2172; x_wconf 88' lang='lat' dir='ltr'><strong>suum</strong></span> <span class='ocrx_word' id='word_1_151' title='bbox 1645 2113 1945 2169; x_wconf 86' lang='lat' dir='ltr'><strong>curandum</strong></span> <span class='ocrx_word' id='word_1_152' title='bbox 1992 2125 2113 2166; x_wconf 86' lang='lat' dir='ltr'><strong>cre-</strong></span> 
     </span>
    </p>
   </div>
   <div class='ocr_carea' id='block_1_23' title="bbox 540 2204 2111 2279">
    <p class='ocr_par' dir='ltr' id='par_1_23' title="bbox 540 2204 2111 2279">
     <span class='ocr_line' id='line_1_23' title="bbox 540 2204 2111 2279; baseline -0.01 -8"><span class='ocrx_word' id='word_1_153' title='bbox 540 2218 706 2279; x_wconf 85' lang='lat' dir='ltr'><strong>didit;</strong></span> <span class='ocrx_word' id='word_1_154' title='bbox 750 2224 897 2270; x_wconf 88' lang='lat' dir='ltr'><strong>tanto</strong></span> <span class='ocrx_word' id='word_1_155' title='bbox 926 2215 1078 2270; x_wconf 87' lang='lat' dir='ltr'><strong>decet</strong></span> <span class='ocrx_word' id='word_1_156' title='bbox 1110 2227 1208 2266; x_wconf 89' lang='lat' dir='ltr'><strong>vos</strong></span> <span class='ocrx_word' id='word_1_157' title='bbox 1237 2209 1597 2272; x_wconf 89' lang='lat' dir='ltr'><strong>sollicitiores,</strong></span> <span class='ocrx_word' id='word_1_158' title='bbox 1651 2222 1713 2261; x_wconf 89' lang='lat' dir='ltr'><strong>ac</strong></span> <span class='ocrx_word' id='word_1_159' title='bbox 1753 2206 1806 2258; x_wconf 90' lang='lat' dir='ltr'><strong>in</strong></span> <span class='ocrx_word' id='word_1_160' title='bbox 1839 2204 1984 2258; x_wconf 88' lang='lat' dir='ltr'><strong>illius</strong></span> <span class='ocrx_word' id='word_1_161' title='bbox 2019 2217 2111 2257; x_wconf 90' lang='lat' dir='ltr'><strong>sa-</strong></span> 
     </span>
    </p>
   </div>
   <div class='ocr_carea' id='block_1_24' title="bbox 541 2294 2109 2372">
    <p class='ocr_par' dir='ltr' id='par_1_24' title="bbox 541 2294 2109 2372">
     <span class='ocr_line' id='line_1_24' title="bbox 541 2294 2109 2372; baseline -0.011 -8"><span class='ocrx_word' id='word_1_162' title='bbox 541 2310 707 2363; x_wconf 90' lang='lat' dir='ltr'><strong>lutem</strong></span> <span class='ocrx_word' id='word_1_163' title='bbox 751 2317 805 2363; x_wconf 91' lang='lat' dir='ltr'><strong>et</strong></span> <span class='ocrx_word' id='word_1_164' title='bbox 851 2321 1036 2361; x_wconf 91' lang='lat' dir='ltr'><strong>curam</strong></span> <span class='ocrx_word' id='word_1_165' title='bbox 1068 2302 1435 2372; x_wconf 85' lang='lat' dir='ltr'><strong>diligentiores</strong></span> <span class='ocrx_word' id='word_1_166' title='bbox 1463 2315 1585 2355; x_wconf 86' lang='lat' dir='ltr'><strong>esse</strong></span> <span class='ocrx_word' id='word_1_167' title='bbox 1612 2307 1665 2352; x_wconf 90' lang='lat' dir='ltr'><strong>et</strong></span> <span class='ocrx_word' id='word_1_168' title='bbox 1694 2294 2109 2367; x_wconf 90' lang='lat' dir='ltr'><strong>prospectiores,</strong></span> 
     </span>
    </p>
   </div>
   <div class='ocr_carea' id='block_1_25' title="bbox 541 2387 2114 2470">
    <p class='ocr_par' dir='ltr' id='par_1_25' title="bbox 541 2387 2114 2470">
     <span class='ocr_line' id='line_1_25' title="bbox 541 2387 2114 2470; baseline -0.011 -15"><span class='ocrx_word' id='word_1_169' title='bbox 541 2412 603 2455; x_wconf 90' lang='lat' dir='ltr'><strong>ut</strong></span> <span class='ocrx_word' id='word_1_170' title='bbox 632 2417 727 2470; x_wconf 89' lang='lat' dir='ltr'><strong>per</strong></span> <span class='ocrx_word' id='word_1_171' title='bbox 776 2399 826 2453; x_wconf 88' lang='lat' dir='ltr'><strong>id</strong></span> <span class='ocrx_word' id='word_1_172' title='bbox 880 2398 1170 2468; x_wconf 89' lang='lat' dir='ltr'><strong>plurimum</strong></span> <span class='ocrx_word' id='word_1_173' title='bbox 1198 2392 1400 2449; x_wconf 87' lang='lat' dir='ltr'><strong>Christi</strong></span> <span class='ocrx_word' id='word_1_174' title='bbox 1435 2406 1633 2445; x_wconf 91' lang='lat' dir='ltr'><strong>nomen</strong></span> <span class='ocrx_word' id='word_1_175' title='bbox 1664 2387 2012 2459; x_wconf 83' lang='lat' dir='ltr'><strong>glorificctur,</strong></span> <span class='ocrx_word' id='word_1_176' title='bbox 2059 2391 2114 2439; x_wconf 87' lang='lat' dir='ltr'><strong>et</strong></span> 
     </span>
    </p>
   </div>
   <div class='ocr_carea' id='block_1_26' title="bbox 544 2474 2113 2560">
    <p class='ocr_par' dir='ltr' id='par_1_26' title="bbox 544 2474 2113 2560">
     <span class='ocr_line' id='line_1_26' title="bbox 544 2474 2113 2560; baseline -0.011 -14"><span class='ocrx_word' id='word_1_177' title='bbox 544 2492 691 2547; x_wconf 89' lang='lat' dir='ltr'><strong>illius</strong></span> <span class='ocrx_word' id='word_1_178' title='bbox 721 2492 851 2545; x_wconf 87' lang='lat' dir='ltr'><strong>fides</strong></span> <span class='ocrx_word' id='word_1_179' title='bbox 884 2505 981 2560; x_wconf 89' lang='lat' dir='ltr'><strong>per</strong></span> <span class='ocrx_word' id='word_1_180' title='bbox 1027 2504 1123 2543; x_wconf 90' lang='lat' dir='ltr'><strong>vos</strong></span> <span class='ocrx_word' id='word_1_181' title='bbox 1153 2487 1246 2557; x_wconf 89' lang='lat' dir='ltr'><strong>qui</strong></span> <span class='ocrx_word' id='word_1_182' title='bbox 1292 2483 1592 2556; x_wconf 87' lang='lat' dir='ltr'><strong>principem</strong></span> <span class='ocrx_word' id='word_1_183' title='bbox 1621 2478 1833 2543; x_wconf 82' lang='lat' dir='ltr'><strong>fovetis,</strong></span> <span class='ocrx_word' id='word_1_184' title='bbox 1869 2474 2113 2547; x_wconf 89' lang='lat' dir='ltr'><strong>quotidie</strong></span> 
     </span>
    </p>
   </div>
   <div class='ocr_carea' id='block_1_27' title="bbox 543 2567 2112 2655">
    <p class='ocr_par' dir='ltr' id='par_1_27' title="bbox 543 2567 2112 2655">
     <span class='ocr_line' id='line_1_27' title="bbox 543 2567 2112 2655; baseline -0.012 -15"><span class='ocrx_word' id='word_1_185' title='bbox 543 2595 805 2655; x_wconf 77' lang='lat' dir='ltr'><strong>augeatur</strong></span> <span class='ocrx_word' id='word_1_186' title='bbox 838 2601 852 2637; x_wconf 87' lang='lat'><strong>:</strong></span> <span class='ocrx_word' id='word_1_187' title='bbox 891 2596 1014 2636; x_wconf 89' lang='lat' dir='ltr'><strong>nam</strong></span> <span class='ocrx_word' id='word_1_188' title='bbox 1038 2579 1166 2650; x_wconf 90' lang='lat' dir='ltr'><strong>quia</strong></span> <span class='ocrx_word' id='word_1_189' title='bbox 1194 2594 1295 2633; x_wconf 91' lang='lat' dir='ltr'><strong>nos</strong></span> <span class='ocrx_word' id='word_1_190' title='bbox 1322 2575 1596 2631; x_wconf 87' lang='lat' dir='ltr'><strong>maleficos</strong></span> <span class='ocrx_word' id='word_1_191' title='bbox 1621 2572 1751 2627; x_wconf 91' lang='lat' dir='ltr'><strong>olim</strong></span> <span class='ocrx_word' id='word_1_192' title='bbox 1777 2577 1831 2624; x_wconf 91' lang='lat' dir='ltr'><strong>et</strong></span> <span class='ocrx_word' id='word_1_193' title='bbox 1855 2567 2112 2623; x_wconf 87' lang='lat' dir='ltr'><strong>omnibus</strong></span> 
     </span>
    </p>
   </div>
   <div class='ocr_carea' id='block_1_28' title="bbox 544 2662 2110 2748">
    <p class='ocr_par' dir='ltr' id='par_1_28' title="bbox 544 2662 2110 2748">
     <span class='ocr_line' id='line_1_28' title="bbox 544 2662 2110 2748; baseline -0.014 -15"><span class='ocrx_word' id='word_1_194' title='bbox 544 2677 762 2748; x_wconf 83' lang='lat' dir='ltr'><strong>ﬂagitiis</strong></span> <span class='ocrx_word' id='word_1_195' title='bbox 794 2674 1021 2730; x_wconf 87' lang='lat' dir='ltr'><strong>refertos</strong></span> <span class='ocrx_word' id='word_1_196' title='bbox 1052 2671 1295 2726; x_wconf 88' lang='lat' dir='ltr'><strong>nonnulli</strong></span> <span class='ocrx_word' id='word_1_197' title='bbox 1330 2668 1538 2737; x_wconf 89' lang='lat' dir='ltr'><strong>priores</strong></span> <span class='ocrx_word' id='word_1_198' title='bbox 1573 2662 1846 2734; x_wconf 81' lang='lat' dir='ltr'><strong>principes</strong></span> <span class='ocrx_word' id='word_1_199' title='bbox 1883 2668 2110 2729; x_wconf 88' lang='lat' dir='ltr'><strong>putave-</strong></span> 
     </span>
    </p>
   </div>
   <div class='ocr_carea' id='block_1_29' title="bbox 544 2758 2116 2835">
    <p class='ocr_par' dir='ltr' id='par_1_29' title="bbox 544 2758 2116 2835">
     <span class='ocr_line' id='line_1_29' title="bbox 544 2758 2116 2835; baseline -0.015 -10"><span class='ocrx_word' id='word_1_200' title='bbox 544 2778 705 2832; x_wconf 90' lang='lat' dir='ltr'><strong>runt;</strong></span> <span class='ocrx_word' id='word_1_201' title='bbox 741 2766 834 2823; x_wconf 86' lang='lat' dir='ltr'><strong>sed</strong></span> <span class='ocrx_word' id='word_1_202' title='bbox 862 2767 974 2835; x_wconf 86' lang='lat' dir='ltr'><strong>jam</strong></span> <span class='ocrx_word' id='word_1_203' title='bbox 999 2764 1244 2818; x_wconf 87' lang='lat' dir='ltr'><strong>videntes</strong></span> <span class='ocrx_word' id='word_1_204' title='bbox 1272 2770 1449 2815; x_wconf 87' lang='lat' dir='ltr'><strong>vestra</strong></span> <span class='ocrx_word' id='word_1_205' title='bbox 1482 2758 1623 2812; x_wconf 88' lang='lat' dir='ltr'><strong>bona</strong></span> <span class='ocrx_word' id='word_1_206' title='bbox 1646 2767 1829 2824; x_wconf 90' lang='lat' dir='ltr'><strong>opera,</strong></span> <span class='ocrx_word' id='word_1_207' title='bbox 1861 2766 1970 2807; x_wconf 91' lang='lat' dir='ltr'><strong>non</strong></span> <span class='ocrx_word' id='word_1_208' title='bbox 1994 2763 2116 2820; x_wconf 89' lang='lat' dir='ltr'><strong>pos-</strong></span> 
     </span>
    </p>
   </div>
   <div class='ocr_carea' id='block_1_30' title="bbox 544 2847 1661 2926">
    <p class='ocr_par' dir='ltr' id='par_1_30' title="bbox 544 2847 1661 2926">
     <span class='ocr_line' id='line_1_30' title="bbox 544 2847 1661 2926; baseline -0.013 -12"><span class='ocrx_word' id='word_1_209' title='bbox 544 2860 655 2915; x_wconf 89' lang='lat' dir='ltr'><strong>sint</strong></span> <span class='ocrx_word' id='word_1_210' title='bbox 687 2858 793 2913; x_wconf 87' lang='lat' dir='ltr'><strong>nisi</strong></span> <span class='ocrx_word' id='word_1_211' title='bbox 825 2857 1003 2926; x_wconf 88' lang='lat' dir='ltr'><strong>ipsum</strong></span> <span class='ocrx_word' id='word_1_212' title='bbox 1031 2853 1304 2908; x_wconf 87' lang='lat' dir='ltr'><strong>Christum</strong></span> <span class='ocrx_word' id='word_1_213' title='bbox 1335 2847 1661 2920; x_wconf 89' lang='lat' dir='ltr'><strong>glorificare.</strong></span> 
     </span>
    </p>
   </div>
   <div class='ocr_carea' id='block_1_31' title="bbox 614 2934 2114 3017">
    <p class='ocr_par' dir='ltr' id='par_1_31' title="bbox 614 2934 2114 3017">
     <span class='ocr_line' id='line_1_31' title="bbox 614 2934 2114 3017; baseline -0.009 -15"><span class='ocrx_word' id='word_1_214' title='bbox 614 2948 679 3002; x_wconf 89' lang='lat' dir='ltr'><strong>ll.</strong></span> <span class='ocrx_word' id='word_1_215' title='bbox 720 2948 905 3017; x_wconf 85' lang='lat' dir='ltr'><strong>Itaque</strong></span> <span class='ocrx_word' id='word_1_216' title='bbox 948 2960 1160 3003; x_wconf 90' lang='lat' dir='ltr'><strong>summa</strong></span> <span class='ocrx_word' id='word_1_217' title='bbox 1193 2958 1293 3013; x_wconf 82' lang='lat' dir='ltr'><strong>Ope</strong></span> <span class='ocrx_word' id='word_1_218' title='bbox 1324 2942 1477 2996; x_wconf 84' lang='lat' dir='ltr'><strong>vobis</strong></span> <span class='ocrx_word' id='word_1_219' title='bbox 1508 2934 1863 2994; x_wconf 85' lang='lat' dir='ltr'><strong>annitendum</strong></span> <span class='ocrx_word' id='word_1_220' title='bbox 1902 2942 2005 2998; x_wconf 90' lang='lat' dir='ltr'><strong>est,</strong></span> <span class='ocrx_word' id='word_1_221' title='bbox 2044 2948 2114 2988; x_wconf 91' lang='lat' dir='ltr'><strong>ne</strong></span> 
     </span>
    </p>
   </div>
   <div class='ocr_carea' id='block_1_32' title="bbox 544 3027 2112 3109">
    <p class='ocr_par' dir='ltr' id='par_1_32' title="bbox 544 3027 2112 3109">
     <span class='ocr_line' id='line_1_32' title="bbox 544 3027 2112 3109; baseline -0.011 -12"><span class='ocrx_word' id='word_1_222' title='bbox 544 3057 641 3097; x_wconf 87' lang='lat' dir='ltr'><strong>vos</strong></span> <span class='ocrx_word' id='word_1_223' title='bbox 687 3039 887 3109; x_wconf 87' lang='lat' dir='ltr'><strong>aliquid</strong></span> <span class='ocrx_word' id='word_1_224' title='bbox 933 3046 1089 3108; x_wconf 88' lang='lat' dir='ltr'><strong>turpe</strong></span> <span class='ocrx_word' id='word_1_225' title='bbox 1134 3045 1229 3091; x_wconf 89' lang='lat' dir='ltr'><strong>aut</strong></span> <span class='ocrx_word' id='word_1_226' title='bbox 1270 3034 1640 3095; x_wconf 89' lang='lat' dir='ltr'><strong>inhonestum,</strong></span> <span class='ocrx_word' id='word_1_227' title='bbox 1691 3044 1759 3084; x_wconf 91' lang='lat' dir='ltr'><strong>ne</strong></span> <span class='ocrx_word' id='word_1_228' title='bbox 1786 3027 2112 3098; x_wconf 84' lang='lat' dir='ltr'><strong>ﬂagitiosum</strong></span> 
     </span>
    </p>
   </div>
   <div class='ocr_carea' id='block_1_33' title="bbox 2138 1804 2180 1859">
    <p class='ocr_par' dir='ltr' id='par_1_33' title="bbox 2138 1804 2180 1859">
     <span class='ocr_line' id='line_1_33' title="bbox 2138 1804 2180 1859; baseline 0 0"><span class='ocrx_word' id='word_1_229' title='bbox 2138 1804 2180 1859; x_wconf 88' lang='lat' dir='ltr'><strong>B</strong></span> 
     </span>
    </p>
   </div>
   <div class='ocr_carea' id='block_1_34' title="bbox 2194 535 3775 611">
    <p class='ocr_par' dir='ltr' id='par_1_34' title="bbox 2194 535 3775 611">
     <span class='ocr_line' id='line_1_34' title="bbox 2194 535 3775 611; baseline -0.014 -3"><span class='ocrx_word' id='word_1_230' title='bbox 2194 563 2433 608; x_wconf 89' lang='lat' dir='ltr'><strong>vestrum</strong></span> <span class='ocrx_word' id='word_1_231' title='bbox 2466 549 2705 611; x_wconf 81' lang='lat' dir='ltr'><strong>sufferte,</strong></span> <span class='ocrx_word' id='word_1_232' title='bbox 2752 546 2935 600; x_wconf 90' lang='lat' dir='ltr'><strong>omnia</strong></span> <span class='ocrx_word' id='word_1_233' title='bbox 2970 539 3239 611; x_wconf 90' lang='lat' dir='ltr'><strong>patimini,</strong></span> <span class='ocrx_word' id='word_1_234' title='bbox 3268 536 3459 589; x_wconf 88' lang='lat' dir='ltr'><strong>omnia</strong></span> <span class='ocrx_word' id='word_1_235' title='bbox 3494 535 3702 587; x_wconf 86' lang='lat' dir='ltr'><strong>vincite</strong></span> <span class='ocrx_word' id='word_1_236' title='bbox 3726 542 3775 586; x_wconf 79' lang='lat' dir='ltr'><strong>et</strong></span> 
     </span>
    </p>
   </div>
   <div class='ocr_carea' id='block_1_35' title="bbox 2196 625 3775 710">
    <p class='ocr_par' dir='ltr' id='par_1_35' title="bbox 2196 625 3775 710">
     <span class='ocr_line' id='line_1_35' title="bbox 2196 625 3775 710; baseline -0.012 -16"><span class='ocrx_word' id='word_1_237' title='bbox 2196 640 2575 710; x_wconf 88' lang='lat' dir='ltr'><strong>supplantatc,</strong></span> <span class='ocrx_word' id='word_1_238' title='bbox 2642 646 2704 689; x_wconf 88' lang='lat' dir='ltr'><strong>ut</strong></span> <span class='ocrx_word' id='word_1_239' title='bbox 2760 632 3036 688; x_wconf 90' lang='lat' dir='ltr'><strong>Christum</strong></span> <span class='ocrx_word' id='word_1_240' title='bbox 3096 626 3389 682; x_wconf 92' lang='lat' dir='ltr'><strong>Dominum</strong></span> <span class='ocrx_word' id='word_1_241' title='bbox 3453 625 3775 692; x_wconf 77' lang='lat' dir='ltr'><strong>acquiratis.</strong></span> 
     </span>
    </p>
   </div>
   <div class='ocr_carea' id='block_1_36' title="bbox 2195 716 3776 803">
    <p class='ocr_par' dir='ltr' id='par_1_36' title="bbox 2195 716 3776 803">
     <span class='ocr_line' id='line_1_36' title="bbox 2195 716 3776 803; baseline -0.015 -16"><span class='ocrx_word' id='word_1_242' title='bbox 2195 732 2386 803; x_wconf 77' lang='lat' dir='ltr'><strong>Magna</strong></span> <span class='ocrx_word' id='word_1_243' title='bbox 2424 738 2551 784; x_wconf 90' lang='lat' dir='ltr'><strong>sunt</strong></span> <span class='ocrx_word' id='word_1_244' title='bbox 2588 728 2703 781; x_wconf 72' lang='lat' dir='ltr'><strong>hinc</strong></span> <span class='ocrx_word' id='word_1_245' title='bbox 2741 733 2797 779; x_wconf 89' lang='lat' dir='ltr'><strong>et</strong></span> <span class='ocrx_word' id='word_1_246' title='bbox 2843 723 3117 778; x_wconf 89' lang='lat' dir='ltr'><strong>laboribus</strong></span> <span class='ocrx_word' id='word_1_247' title='bbox 3163 721 3322 791; x_wconf 87' lang='lat' dir='ltr'><strong>plena</strong></span> <span class='ocrx_word' id='word_1_248' title='bbox 3379 735 3394 769; x_wconf 91' lang='lat'><strong>:</strong></span> <span class='ocrx_word' id='word_1_249' title='bbox 3444 716 3547 772; x_wconf 85' lang='lat' dir='ltr'><strong>sed</strong></span> <span class='ocrx_word' id='word_1_250' title='bbox 3598 717 3683 784; x_wconf 70' lang='lat' dir='ltr'><strong>qui</strong></span> <span class='ocrx_word' id='word_1_251' title='bbox 3726 716 3776 765; x_wconf 70' lang='lat' dir='ltr'><strong>i3</strong></span> 
     </span>
    </p>
   </div>
   <div class='ocr_carea' id='block_1_37' title="bbox 2196 807 3776 893">
    <p class='ocr_par' dir='ltr' id='par_1_37' title="bbox 2196 807 3776 893">
     <span class='ocr_line' id='line_1_37' title="bbox 2196 807 3776 893; baseline -0.014 -15"><span class='ocrx_word' id='word_1_252' title='bbox 2196 840 2357 893; x_wconf 87' lang='lat' dir='ltr'><strong>agone</strong></span> <span class='ocrx_word' id='word_1_253' title='bbox 2375 821 2661 881; x_wconf 82' lang='lat' dir='ltr'><strong>contendit,</strong></span> <span class='ocrx_word' id='word_1_254' title='bbox 2683 817 2745 871; x_wconf 90' lang='lat' dir='ltr'><strong>ab</strong></span> <span class='ocrx_word' id='word_1_255' title='bbox 2768 815 3006 870; x_wconf 85' lang='lat' dir='ltr'><strong>omnibus</strong></span> <span class='ocrx_word' id='word_1_256' title='bbox 3026 830 3078 867; x_wconf 80' lang='lat' dir='ltr'><strong>se</strong></span> <span class='ocrx_word' id='word_1_257' title='bbox 3107 813 3369 874; x_wconf 79' lang='lat' dir='ltr'><strong>abstinet;</strong></span> <span class='ocrx_word' id='word_1_258' title='bbox 3387 821 3441 863; x_wconf 85' lang='lat' dir='ltr'><strong>et</strong></span> <span class='ocrx_word' id='word_1_259' title='bbox 3464 808 3555 862; x_wconf 85' lang='lat' dir='ltr'><strong>illi</strong></span> <span class='ocrx_word' id='word_1_260' title='bbox 3578 807 3776 876; x_wconf 68' lang='lat' dir='ltr'><strong>quidem</strong></span> 
     </span>
    </p>
   </div>
   <div class='ocr_carea' id='block_1_38' title="bbox 2198 905 3774 982">
    <p class='ocr_par' dir='ltr' id='par_1_38' title="bbox 2198 905 3774 982">
     <span class='ocr_line' id='line_1_38' title="bbox 2198 905 3774 982; baseline -0.012 -14"><span class='ocrx_word' id='word_1_261' title='bbox 2198 926 2256 968; x_wconf 88' lang='lat' dir='ltr'><strong>ut</strong></span> <span class='ocrx_word' id='word_1_262' title='bbox 2314 911 2702 982; x_wconf 82' lang='lat' dir='ltr'><strong>corruptibilem</strong></span> <span class='ocrx_word' id='word_1_263' title='bbox 2776 923 3022 962; x_wconf 87' lang='lat' dir='ltr'><strong>coronam</strong></span> <span class='ocrx_word' id='word_1_264' title='bbox 3085 905 3347 973; x_wconf 83' lang='lat' dir='ltr'><strong>accipiant</strong></span> <span class='ocrx_word' id='word_1_265' title='bbox 3377 940 3396 965; x_wconf 88' lang='lat'><strong>,</strong></span> <span class='ocrx_word' id='word_1_266' title='bbox 3447 916 3552 954; x_wconf 75' lang='lat' dir='ltr'><strong>nos</strong></span> <span class='ocrx_word' id='word_1_267' title='bbox 3614 909 3774 950; x_wconf 61' lang='lat' dir='ltr'><strong>autem</strong></span> 
     </span>
    </p>
   </div>
   <div class='ocr_carea' id='block_1_39' title="bbox 2197 1003 2625 1074">
    <p class='ocr_par' dir='ltr' id='par_1_39' title="bbox 2197 1003 2625 1074">
     <span class='ocr_line' id='line_1_39' title="bbox 2197 1003 2625 1074; baseline -0.007 -15"><span class='ocrx_word' id='word_1_268' title='bbox 2197 1008 2554 1074; x_wconf 80' lang='lat' dir='ltr'><strong>incorruptam</strong></span> <span class='ocrx_word' id='word_1_269' title='bbox 2581 1003 2625 1057; x_wconf 86' lang='grc'><strong>⁸.</strong></span> 
     </span>
    </p>
   </div>
   <div class='ocr_carea' id='block_1_40' title="bbox 2268 1103 3775 1185">
    <p class='ocr_par' dir='ltr' id='par_1_40' title="bbox 2268 1103 3775 1185">
     <span class='ocr_line' id='line_1_40' title="bbox 2268 1103 3775 1185; baseline -0.011 -14"><span class='ocrx_word' id='word_1_270' title='bbox 2268 1117 2356 1171; x_wconf 93' lang='lat' dir='ltr'><strong>lll.</strong></span> <span class='ocrx_word' id='word_1_271' title='bbox 2396 1117 2499 1171; x_wconf 82' lang='lat' dir='ltr'><strong>Sed</strong></span> <span class='ocrx_word' id='word_1_272' title='bbox 2545 1115 2702 1185; x_wconf 90' lang='lat' dir='ltr'><strong>quia,</strong></span> <span class='ocrx_word' id='word_1_273' title='bbox 2736 1120 2797 1167; x_wconf 93' lang='lat' dir='ltr'><strong>ut</strong></span> <span class='ocrx_word' id='word_1_274' title='bbox 2838 1112 3014 1167; x_wconf 91' lang='lat' dir='ltr'><strong>sentio</strong></span> <span class='ocrx_word' id='word_1_275' title='bbox 3040 1150 3055 1174; x_wconf 94' lang='lat'><strong>,</strong></span> <span class='ocrx_word' id='word_1_276' title='bbox 3105 1107 3336 1163; x_wconf 75' lang='lat' dir='ltr'><strong>diversis</strong></span> <span class='ocrx_word' id='word_1_277' title='bbox 3390 1103 3597 1159; x_wconf 75' lang='lat' dir='ltr'><strong>ofﬁciis</strong></span> <span class='ocrx_word' id='word_1_278' title='bbox 3652 1104 3775 1155; x_wconf 63' lang='lat' dir='ltr'><strong>esus</strong></span> 
     </span>
    </p>
   </div>
   <div class='ocr_carea' id='block_1_41' title="bbox 2201 1196 3775 1280">
    <p class='ocr_par' dir='ltr' id='par_1_41' title="bbox 2201 1196 3775 1280">
     <span class='ocr_line' id='line_1_41' title="bbox 2201 1196 3775 1280; baseline -0.011 -15"><span class='ocrx_word' id='word_1_279' title='bbox 2201 1210 2442 1280; x_wconf 89' lang='lat' dir='ltr'><strong>ascripti,</strong></span> <span class='ocrx_word' id='word_1_280' title='bbox 2482 1217 2537 1262; x_wconf 88' lang='lat' dir='ltr'><strong>ct</strong></span> <span class='ocrx_word' id='word_1_281' title='bbox 2573 1206 2817 1262; x_wconf 88' lang='lat' dir='ltr'><strong>omnium</strong></span> <span class='ocrx_word' id='word_1_282' title='bbox 2854 1213 2943 1269; x_wconf 92' lang='lat' dir='ltr'><strong>tu,</strong></span> <span class='ocrx_word' id='word_1_283' title='bbox 2977 1201 3236 1264; x_wconf 86' lang='lat' dir='ltr'><strong>Luciane,</strong></span> <span class='ocrx_word' id='word_1_284' title='bbox 3271 1197 3617 1267; x_wconf 66' lang='lat' dir='ltr'><strong>praepositus</strong></span> <span class='ocrx_word' id='word_1_285' title='bbox 3643 1196 3775 1248; x_wconf 82' lang='lat' dir='ltr'><strong>dice-</strong></span> 
     </span>
    </p>
   </div>
   <div class='ocr_carea' id='block_1_42' title="bbox 2201 1292 3777 1371">
    <p class='ocr_par' dir='ltr' id='par_1_42' title="bbox 2201 1292 3777 1371">
     <span class='ocr_line' id='line_1_42' title="bbox 2201 1292 3777 1371; baseline -0.011 -14"><span class='ocrx_word' id='word_1_286' title='bbox 2201 1305 2298 1367; x_wconf 90' lang='lat' dir='ltr'><strong>ris,</strong></span> <span class='ocrx_word' id='word_1_287' title='bbox 2326 1315 2465 1371; x_wconf 91' lang='lat' dir='ltr'><strong>quos</strong></span> <span class='ocrx_word' id='word_1_288' title='bbox 2492 1313 2682 1353; x_wconf 90' lang='lat' dir='ltr'><strong>omnes</strong></span> <span class='ocrx_word' id='word_1_289' title='bbox 2715 1295 2885 1367; x_wconf 90' lang='lat' dir='ltr'><strong>gratia</strong></span> <span class='ocrx_word' id='word_1_290' title='bbox 2922 1294 3122 1348; x_wconf 89' lang='lat' dir='ltr'><strong>Christi</strong></span> <span class='ocrx_word' id='word_1_291' title='bbox 3152 1292 3247 1346; x_wconf 88' lang='lat' dir='ltr'><strong>tibi</strong></span> <span class='ocrx_word' id='word_1_292' title='bbox 3280 1304 3559 1345; x_wconf 85' lang='lat' dir='ltr'><strong>concessa</strong></span> <span class='ocrx_word' id='word_1_293' title='bbox 3597 1296 3777 1355; x_wconf 79' lang='lat' dir='ltr'><strong>potens</strong></span> 
     </span>
    </p>
   </div>
   <div class='ocr_carea' id='block_1_43' title="bbox 2203 1376 3777 1461">
    <p class='ocr_par' dir='ltr' id='par_1_43' title="bbox 2203 1376 3777 1461">
     <span class='ocr_line' id='line_1_43' title="bbox 2203 1376 3777 1461; baseline -0.013 -13"><span class='ocrx_word' id='word_1_294' title='bbox 2203 1409 2262 1447; x_wconf 91' lang='lat' dir='ltr'><strong>es</strong></span> <span class='ocrx_word' id='word_1_295' title='bbox 2298 1403 2353 1447; x_wconf 91' lang='lat' dir='ltr'><strong>et</strong></span> <span class='ocrx_word' id='word_1_296' title='bbox 2385 1390 2631 1461; x_wconf 82' lang='lat' dir='ltr'><strong>regulare</strong></span> <span class='ocrx_word' id='word_1_297' title='bbox 2676 1396 2730 1442; x_wconf 90' lang='lat' dir='ltr'><strong>et</strong></span> <span class='ocrx_word' id='word_1_298' title='bbox 2780 1386 3081 1447; x_wconf 88' lang='lat' dir='ltr'><strong>instruere;</strong></span> <span class='ocrx_word' id='word_1_299' title='bbox 3117 1391 3299 1437; x_wconf 90' lang='lat' dir='ltr'><strong>certus</strong></span> <span class='ocrx_word' id='word_1_300' title='bbox 3339 1394 3471 1434; x_wconf 86' lang='lat' dir='ltr'><strong>sum</strong></span> <span class='ocrx_word' id='word_1_301' title='bbox 3493 1418 3509 1439; x_wconf 88' lang='lat'><em>.</em></span> <span class='ocrx_word' id='word_1_302' title='bbox 3549 1393 3662 1430; x_wconf 89' lang='lat' dir='ltr'><strong>non</strong></span> <span class='ocrx_word' id='word_1_303' title='bbox 3690 1376 3777 1428; x_wconf 81' lang='lat' dir='ltr'><strong>tibi</strong></span> 
     </span>
    </p>
   </div>
   <div class='ocr_carea' id='block_1_44' title="bbox 2204 1466 3777 1554">
    <p class='ocr_par' dir='ltr' id='par_1_44' title="bbox 2204 1466 3777 1554">
     <span class='ocr_line' id='line_1_44' title="bbox 2204 1466 3777 1554; baseline -0.013 -16"><span class='ocrx_word' id='word_1_304' title='bbox 2204 1483 2509 1554; x_wconf 89' lang='lat' dir='ltr'><strong>displicebit</strong></span> <span class='ocrx_word' id='word_1_305' title='bbox 2556 1495 2642 1534; x_wconf 90' lang='lat' dir='ltr'><strong>me</strong></span> <span class='ocrx_word' id='word_1_306' title='bbox 2675 1478 2836 1533; x_wconf 88' lang='lat' dir='ltr'><strong>etiam</strong></span> <span class='ocrx_word' id='word_1_307' title='bbox 2883 1476 2947 1530; x_wconf 92' lang='lat' dir='ltr'><strong>de</strong></span> <span class='ocrx_word' id='word_1_308' title='bbox 2989 1474 3177 1528; x_wconf 86' lang='lat' dir='ltr'><strong>oflieiis</strong></span> <span class='ocrx_word' id='word_1_309' title='bbox 3224 1472 3331 1525; x_wconf 92' lang='lat' dir='ltr'><strong>illis</strong></span> <span class='ocrx_word' id='word_1_310' title='bbox 3377 1470 3576 1537; x_wconf 82' lang='lat' dir='ltr'><strong>aliqua</strong></span> <span class='ocrx_word' id='word_1_311' title='bbox 3621 1466 3777 1535; x_wconf 80' lang='lat' dir='ltr'><strong>parti-</strong></span> 
     </span>
    </p>
   </div>
   <div class='ocr_carea' id='block_1_45' title="bbox 2204 1557 3775 1633">
    <p class='ocr_par' dir='ltr' id='par_1_45' title="bbox 2204 1557 3775 1633">
     <span class='ocr_line' id='line_1_45' title="bbox 2204 1557 3775 1633; baseline -0.015 -2"><span class='ocrx_word' id='word_1_312' title='bbox 2204 1577 2424 1631; x_wconf 89' lang='lat' dir='ltr'><strong>culatim</strong></span> <span class='ocrx_word' id='word_1_313' title='bbox 2451 1583 2507 1629; x_wconf 89' lang='lat' dir='ltr'><strong>et</strong></span> <span class='ocrx_word' id='word_1_314' title='bbox 2533 1572 2827 1629; x_wconf 89' lang='lat' dir='ltr'><strong>summaric</strong></span> <span class='ocrx_word' id='word_1_315' title='bbox 2854 1569 2947 1623; x_wconf 88' lang='lat' dir='ltr'><strong>tibi</strong></span> <span class='ocrx_word' id='word_1_316' title='bbox 2972 1566 3170 1621; x_wconf 91' lang='lat' dir='ltr'><strong>referre</strong></span> <span class='ocrx_word' id='word_1_317' title='bbox 3194 1578 3316 1633; x_wconf 86' lang='lat' dir='ltr'><strong>quae</strong></span> <span class='ocrx_word' id='word_1_318' title='bbox 3344 1575 3605 1616; x_wconf 83' lang='lat' dir='ltr'><strong>sensero.</strong></span> <span class='ocrx_word' id='word_1_319' title='bbox 3654 1557 3775 1610; x_wconf 65' lang='lat' dir='ltr'><strong>Nam</strong></span> 
     </span>
    </p>
   </div>
   <div class='ocr_carea' id='block_1_46' title="bbox 2206 1652 3778 1736">
    <p class='ocr_par' dir='ltr' id='par_1_46' title="bbox 2206 1652 3778 1736">
     <span class='ocr_line' id='line_1_46' title="bbox 2206 1652 3778 1736; baseline -0.013 -15"><span class='ocrx_word' id='word_1_320' title='bbox 2206 1667 2439 1736; x_wconf 89' lang='lat' dir='ltr'><strong>aliquem</strong></span> <span class='ocrx_word' id='word_1_321' title='bbox 2483 1680 2549 1719; x_wconf 81' lang='lat' dir='ltr'><strong>ex</strong></span> <span class='ocrx_word' id='word_1_322' title='bbox 2576 1663 2730 1717; x_wconf 89' lang='lat' dir='ltr'><strong>vobis</strong></span> <span class='ocrx_word' id='word_1_323' title='bbox 2774 1674 2989 1716; x_wconf 79' lang='lat' dir='ltr'><strong>servare</strong></span> <span class='ocrx_word' id='word_1_324' title='bbox 3016 1658 3253 1727; x_wconf 85' lang='lat' dir='ltr'><strong>privatas</strong></span> <span class='ocrx_word' id='word_1_325' title='bbox 3299 1652 3579 1722; x_wconf 79' lang='lat' dir='ltr'><strong>principis</strong></span> <span class='ocrx_word' id='word_1_326' title='bbox 3624 1664 3778 1717; x_wconf 78' lang='lat' dir='ltr'><strong>pecn~</strong></span> 
     </span>
    </p>
   </div>
   <div class='ocr_carea' id='block_1_47' title="bbox 2209 1741 3775 1822">
    <p class='ocr_par' dir='ltr' id='par_1_47' title="bbox 2209 1741 3775 1822">
     <span class='ocr_line' id='line_1_47' title="bbox 2209 1741 3775 1822; baseline -0.014 -10"><span class='ocrx_word' id='word_1_327' title='bbox 2209 1760 2329 1813; x_wconf 91' lang='lat' dir='ltr'><strong>nias</strong></span> <span class='ocrx_word' id='word_1_328' title='bbox 2359 1756 2559 1822; x_wconf 89' lang='lat' dir='ltr'><strong>audio;</strong></span> <span class='ocrx_word' id='word_1_329' title='bbox 2597 1755 2763 1809; x_wconf 90' lang='lat' dir='ltr'><strong>alium</strong></span> <span class='ocrx_word' id='word_1_330' title='bbox 2794 1761 2969 1806; x_wconf 90' lang='lat' dir='ltr'><strong>vestes</strong></span> <span class='ocrx_word' id='word_1_331' title='bbox 2997 1758 3053 1804; x_wconf 89' lang='lat' dir='ltr'><strong>et</strong></span> <span class='ocrx_word' id='word_1_332' title='bbox 3079 1753 3397 1802; x_wconf 82' lang='lat' dir='ltr'><strong>ornamenta</strong></span> <span class='ocrx_word' id='word_1_333' title='bbox 3440 1741 3775 1811; x_wconf 78' lang='lat' dir='ltr'><strong>imperialia;</strong></span> 
     </span>
    </p>
   </div>
   <div class='ocr_carea' id='block_1_48' title="bbox 2211 1833 3779 1917">
    <p class='ocr_par' dir='ltr' id='par_1_48' title="bbox 2211 1833 3779 1917">
     <span class='ocr_line' id='line_1_48' title="bbox 2211 1833 3779 1917; baseline -0.013 -13"><span class='ocrx_word' id='word_1_334' title='bbox 2211 1850 2377 1904; x_wconf 92' lang='lat' dir='ltr'><strong>alium</strong></span> <span class='ocrx_word' id='word_1_335' title='bbox 2407 1863 2536 1903; x_wconf 89' lang='lat' dir='ltr'><strong>vasa</strong></span> <span class='ocrx_word' id='word_1_336' title='bbox 2562 1846 2830 1917; x_wconf 88' lang='lat' dir='ltr'><strong>pretiosa;</strong></span> <span class='ocrx_word' id='word_1_337' title='bbox 2878 1843 3043 1898; x_wconf 92' lang='lat' dir='ltr'><strong>alium</strong></span> <span class='ocrx_word' id='word_1_338' title='bbox 3071 1840 3261 1901; x_wconf 92' lang='lat' dir='ltr'><strong>libros,</strong></span> <span class='ocrx_word' id='word_1_339' title='bbox 3298 1849 3471 1906; x_wconf 85' lang='lat' dir='ltr'><strong>quem</strong></span> <span class='ocrx_word' id='word_1_340' title='bbox 3502 1849 3619 1886; x_wconf 91' lang='lat' dir='ltr'><strong>non</strong></span> <span class='ocrx_word' id='word_1_341' title='bbox 3648 1833 3779 1885; x_wconf 82' lang='lat' dir='ltr'><strong>hunc</strong></span> 
     </span>
    </p>
   </div>
   <div class='ocr_carea' id='block_1_49' title="bbox 2210 1923 3778 2003">
    <p class='ocr_par' dir='ltr' id='par_1_49' title="bbox 2210 1923 3778 2003">
     <span class='ocr_line' id='line_1_49' title="bbox 2210 1923 3778 2003; baseline -0.015 -5"><span class='ocrx_word' id='word_1_342' title='bbox 2210 1944 2388 1998; x_wconf 89' lang='lat' dir='ltr'><strong>adhuc</strong></span> <span class='ocrx_word' id='word_1_343' title='bbox 2424 1958 2489 1997; x_wconf 82' lang='lat' dir='ltr'><strong>ex</strong></span> <span class='ocrx_word' id='word_1_344' title='bbox 2530 1938 2876 1995; x_wconf 88' lang='lat' dir='ltr'><strong>credentibus</strong></span> <span class='ocrx_word' id='word_1_345' title='bbox 2909 1934 3166 2003; x_wconf 83' lang='lat' dir='ltr'><strong>intelligo,</strong></span> <span class='ocrx_word' id='word_1_346' title='bbox 3200 1929 3369 1984; x_wconf 91' lang='lat' dir='ltr'><strong>alium</strong></span> <span class='ocrx_word' id='word_1_347' title='bbox 3405 1926 3585 1981; x_wconf 85' lang='lat' dir='ltr'><strong>aliam</strong></span> <span class='ocrx_word' id='word_1_348' title='bbox 3613 1923 3778 1993; x_wconf 77' lang='lat' dir='ltr'><strong>supel-</strong></span> 
     </span>
    </p>
   </div>
   <div class='ocr_carea' id='block_1_50' title="bbox 2211 2018 3779 2101">
    <p class='ocr_par' dir='ltr' id='par_1_50' title="bbox 2211 2018 3779 2101">
     <span class='ocr_line' id='line_1_50' title="bbox 2211 2018 3779 2101; baseline -0.014 -10"><span class='ocrx_word' id='word_1_349' title='bbox 2211 2037 2461 2093; x_wconf 90' lang='lat' dir='ltr'><strong>lectilem.</strong></span> <span class='ocrx_word' id='word_1_350' title='bbox 2508 2033 2639 2101; x_wconf 66' lang='lat' dir='ltr'><strong>Quae</strong></span> <span class='ocrx_word' id='word_1_351' title='bbox 2670 2047 2801 2088; x_wconf 90' lang='lat' dir='ltr'><strong>sane</strong></span> <span class='ocrx_word' id='word_1_352' title='bbox 2827 2025 3280 2100; x_wconf 88' lang='lat' dir='ltr'><strong>quemadmodum</strong></span> <span class='ocrx_word' id='word_1_353' title='bbox 3311 2021 3613 2076; x_wconf 85' lang='lat' dir='ltr'><strong>tractanda</strong></span> <span class='ocrx_word' id='word_1_354' title='bbox 3660 2018 3779 2071; x_wconf 79' lang='lat' dir='ltr'><strong>mihi</strong></span> 
     </span>
    </p>
   </div>
   <div class='ocr_carea' id='block_1_51' title="bbox 2210 2121 3039 2194">
    <p class='ocr_par' dir='ltr' id='par_1_51' title="bbox 2210 2121 3039 2194">
     <span class='ocr_line' id='line_1_51' title="bbox 2210 2121 3039 2194; baseline -0.011 -11"><span class='ocrx_word' id='word_1_355' title='bbox 2210 2127 2515 2192; x_wconf 87' lang='lat' dir='ltr'><strong>videantur,</strong></span> <span class='ocrx_word' id='word_1_356' title='bbox 2552 2123 2740 2194; x_wconf 88' lang='lat' dir='ltr'><strong>paucis</strong></span> <span class='ocrx_word' id='word_1_357' title='bbox 2766 2121 3039 2176; x_wconf 87' lang='lat' dir='ltr'><strong>indicabo.</strong></span> 
     </span>
    </p>
   </div>
   <div class='ocr_carea' id='block_1_52' title="bbox 2280 2230 3783 2307">
    <p class='ocr_par' dir='ltr' id='par_1_52' title="bbox 2280 2230 3783 2307">
     <span class='ocr_line' id='line_1_52' title="bbox 2280 2230 3783 2307; baseline -0.009 -14"><span class='ocrx_word' id='word_1_358' title='bbox 2280 2238 2370 2293; x_wconf 83' lang='lat' dir='ltr'><strong>IV.</strong></span> <span class='ocrx_word' id='word_1_359' title='bbox 2411 2238 2515 2305; x_wconf 84' lang='lat' dir='ltr'><strong>Qui</strong></span> <span class='ocrx_word' id='word_1_360' title='bbox 2541 2239 2777 2307; x_wconf 91' lang='lat' dir='ltr'><strong>privatas</strong></span> <span class='ocrx_word' id='word_1_361' title='bbox 2808 2232 3068 2305; x_wconf 90' lang='lat' dir='ltr'><strong>principis</strong></span> <span class='ocrx_word' id='word_1_362' title='bbox 3104 2231 3365 2302; x_wconf 87' lang='lat' dir='ltr'><strong>pecunias</strong></span> <span class='ocrx_word' id='word_1_363' title='bbox 3396 2230 3641 2293; x_wconf 81' lang='lat' dir='ltr'><strong>detinet,</strong></span> <span class='ocrx_word' id='word_1_364' title='bbox 3677 2241 3783 2280; x_wconf 52' lang='lat' dir='ltr'><strong>om-</strong></span> 
     </span>
    </p>
   </div>
   <div class='ocr_carea' id='block_1_53' title="bbox 2211 2320 3783 2392">
    <p class='ocr_par' dir='ltr' id='par_1_53' title="bbox 2211 2320 3783 2392">
     <span class='ocr_line' id='line_1_53' title="bbox 2211 2320 3783 2392; baseline -0.011 -6"><span class='ocrx_word' id='word_1_365' title='bbox 2211 2332 2302 2386; x_wconf 91' lang='lat' dir='ltr'><strong>nia</strong></span> <span class='ocrx_word' id='word_1_366' title='bbox 2334 2331 2438 2386; x_wconf 90' lang='lat' dir='ltr'><strong>sub</strong></span> <span class='ocrx_word' id='word_1_367' title='bbox 2470 2337 2620 2385; x_wconf 90' lang='lat' dir='ltr'><strong>certo</strong></span> <span class='ocrx_word' id='word_1_368' title='bbox 2645 2327 2853 2383; x_wconf 90' lang='lat' dir='ltr'><strong>calculo</strong></span> <span class='ocrx_word' id='word_1_369' title='bbox 2878 2332 3194 2387; x_wconf 88' lang='lat' dir='ltr'><strong>conservet;</strong></span> <span class='ocrx_word' id='word_1_370' title='bbox 3223 2330 3450 2392; x_wconf 90' lang='lat' dir='ltr'><strong>paratus</strong></span> <span class='ocrx_word' id='word_1_371' title='bbox 3478 2320 3555 2375; x_wconf 89' lang='lat' dir='ltr'><strong>sit</strong></span> <span class='ocrx_word' id='word_1_372' title='bbox 3580 2333 3783 2386; x_wconf 78' lang='lat' dir='ltr'><strong>semper</strong></span> 
     </span>
    </p>
   </div>
   <div class='ocr_carea' id='block_1_54' title="bbox 2212 2410 3780 2479">
    <p class='ocr_par' dir='ltr' id='par_1_54' title="bbox 2212 2410 3780 2479">
     <span class='ocr_line' id='line_1_54' title="bbox 2212 2410 3780 2479; baseline -0.01 -2"><span class='ocrx_word' id='word_1_373' title='bbox 2212 2423 2458 2479; x_wconf 92' lang='lat' dir='ltr'><strong>omnium</strong></span> <span class='ocrx_word' id='word_1_374' title='bbox 2492 2429 2696 2476; x_wconf 91' lang='lat' dir='ltr'><strong>certam</strong></span> <span class='ocrx_word' id='word_1_375' title='bbox 2734 2417 2958 2473; x_wconf 90' lang='lat' dir='ltr'><strong>reddere</strong></span> <span class='ocrx_word' id='word_1_376' title='bbox 2988 2416 3255 2471; x_wconf 87' lang='lat' dir='ltr'><strong>rationein</strong></span> <span class='ocrx_word' id='word_1_377' title='bbox 3290 2429 3305 2466; x_wconf 93' lang='lat'><strong>:</strong></span> <span class='ocrx_word' id='word_1_378' title='bbox 3344 2413 3542 2466; x_wconf 90' lang='lat' dir='ltr'><strong>omnia</strong></span> <span class='ocrx_word' id='word_1_379' title='bbox 3568 2410 3780 2471; x_wconf 82' lang='lat' dir='ltr'><strong>scribat,</strong></span> 
     </span>
    </p>
   </div>
   <div class='ocr_carea' id='block_1_55' title="bbox 2210 2502 3783 2583">
    <p class='ocr_par' dir='ltr' id='par_1_55' title="bbox 2210 2502 3783 2583">
     <span class='ocr_line' id='line_1_55' title="bbox 2210 2502 3783 2583; baseline -0.011 -12"><span class='ocrx_word' id='word_1_380' title='bbox 2210 2516 2370 2571; x_wconf 90' lang='lat' dir='ltr'><strong>etiam</strong></span> <span class='ocrx_word' id='word_1_381' title='bbox 2421 2512 2468 2569; x_wconf 92' lang='lat' dir='ltr'><strong>si</strong></span> <span class='ocrx_word' id='word_1_382' title='bbox 2504 2510 2762 2583; x_wconf 90' lang='lat' dir='ltr'><strong>possibile</strong></span> <span class='ocrx_word' id='word_1_383' title='bbox 2809 2518 2927 2574; x_wconf 85' lang='lat' dir='ltr'><strong>est,</strong></span> <span class='ocrx_word' id='word_1_384' title='bbox 2982 2515 3273 2575; x_wconf 87' lang='lat' dir='ltr'><strong>antequam</strong></span> <span class='ocrx_word' id='word_1_385' title='bbox 3320 2504 3484 2558; x_wconf 80' lang='lat' dir='ltr'><strong>alteri</strong></span> <span class='ocrx_word' id='word_1_386' title='bbox 3535 2502 3783 2572; x_wconf 75' lang='lat' dir='ltr'><strong>pecunias</strong></span> 
     </span>
    </p>
   </div>
   <div class='ocr_carea' id='block_1_56' title="bbox 2213 2594 3781 2676">
    <p class='ocr_par' dir='ltr' id='par_1_56' title="bbox 2213 2594 3781 2676">
     <span class='ocr_line' id='line_1_56' title="bbox 2213 2594 3781 2676; baseline -0.01 -16"><span class='ocrx_word' id='word_1_387' title='bbox 2213 2605 2484 2676; x_wconf 75' lang='lat' dir='ltr'><strong>porrigat;</strong></span> <span class='ocrx_word' id='word_1_388' title='bbox 2518 2616 2795 2671; x_wconf 90' lang='lat' dir='ltr'><strong>nunquam</strong></span> <span class='ocrx_word' id='word_1_389' title='bbox 2825 2599 3100 2654; x_wconf 69' lang='lat' dir='ltr'><strong>memoriae</strong></span> <span class='ocrx_word' id='word_1_390' title='bbox 3130 2595 3385 2662; x_wconf 89' lang='lat' dir='ltr'><strong>confidat,</strong></span> <span class='ocrx_word' id='word_1_391' title='bbox 3435 2610 3570 2664; x_wconf 74' lang='lat' dir='ltr'><strong>qua:</strong></span> <span class='ocrx_word' id='word_1_392' title='bbox 3609 2594 3676 2647; x_wconf 91' lang='lat' dir='ltr'><strong>ad</strong></span> <span class='ocrx_word' id='word_1_393' title='bbox 3708 2594 3781 2645; x_wconf 80' lang='lat' dir='ltr'><strong>di-</strong></span> 
     </span>
    </p>
   </div>
   <div class='ocr_carea' id='block_1_57' title="bbox 2212 2687 3783 2767">
    <p class='ocr_par' dir='ltr' id='par_1_57' title="bbox 2212 2687 3783 2767">
     <span class='ocr_line' id='line_1_57' title="bbox 2212 2687 3783 2767; baseline -0.01 -13"><span class='ocrx_word' id='word_1_394' title='bbox 2212 2713 2368 2754; x_wconf 89' lang='lat' dir='ltr'><strong>versa</strong></span> <span class='ocrx_word' id='word_1_395' title='bbox 2402 2695 2643 2767; x_wconf 90' lang='lat' dir='ltr'><strong>quotidie</strong></span> <span class='ocrx_word' id='word_1_396' title='bbox 2675 2695 2931 2750; x_wconf 90' lang='lat' dir='ltr'><strong>distracta</strong></span> <span class='ocrx_word' id='word_1_397' title='bbox 2970 2691 3129 2746; x_wconf 86' lang='lat' dir='ltr'><strong>facile</strong></span> <span class='ocrx_word' id='word_1_398' title='bbox 3166 2690 3389 2753; x_wconf 88' lang='lat' dir='ltr'><strong>labitur,</strong></span> <span class='ocrx_word' id='word_1_399' title='bbox 3443 2687 3526 2741; x_wconf 89' lang='lat' dir='ltr'><strong>ita</strong></span> <span class='ocrx_word' id='word_1_400' title='bbox 3574 2697 3636 2741; x_wconf 85' lang='lat' dir='ltr'><strong>ut</strong></span> <span class='ocrx_word' id='word_1_401' title='bbox 3680 2687 3783 2740; x_wconf 66' lang='lat' dir='ltr'><strong>sine</strong></span> 
     </span>
    </p>
   </div>
   <div class='ocr_carea' id='block_1_58' title="bbox 2214 2780 3782 2860">
    <p class='ocr_par' dir='ltr' id='par_1_58' title="bbox 2214 2780 3782 2860">
     <span class='ocr_line' id='line_1_58' title="bbox 2214 2780 3782 2860; baseline -0.008 -13"><span class='ocrx_word' id='word_1_402' title='bbox 2214 2792 2505 2860; x_wconf 89' lang='lat' dir='ltr'><strong>scriptura,</strong></span> <span class='ocrx_word' id='word_1_403' title='bbox 2540 2791 2700 2845; x_wconf 92' lang='lat' dir='ltr'><strong>etiam</strong></span> <span class='ocrx_word' id='word_1_404' title='bbox 2731 2803 2853 2857; x_wconf 76' lang='lat' dir='ltr'><strong>quae</strong></span> <span class='ocrx_word' id='word_1_405' title='bbox 2891 2787 3036 2841; x_wconf 92' lang='lat' dir='ltr'><strong>nullo</strong></span> <span class='ocrx_word' id='word_1_406' title='bbox 3062 2793 3218 2855; x_wconf 89' lang='lat' dir='ltr'><strong>pacto</strong></span> <span class='ocrx_word' id='word_1_407' title='bbox 3247 2781 3476 2837; x_wconf 89' lang='lat' dir='ltr'><strong>fuerunt</strong></span> <span class='ocrx_word' id='word_1_408' title='bbox 3523 2797 3592 2835; x_wconf 72' lang='lat' dir='ltr'><strong>ex</strong></span> <span class='ocrx_word' id='word_1_409' title='bbox 3637 2780 3782 2835; x_wconf 74' lang='lat' dir='ltr'><strong>conte</strong></span> 
     </span>
    </p>
   </div>
   <div class='ocr_carea' id='block_1_59' title="bbox 2214 2872 3783 2953">
    <p class='ocr_par' dir='ltr' id='par_1_59' title="bbox 2214 2872 3783 2953">
     <span class='ocr_line' id='line_1_59' title="bbox 2214 2872 3783 2953; baseline -0.009 -16"><span class='ocrx_word' id='word_1_410' title='bbox 2214 2897 2603 2953; x_wconf 88' lang='lat' dir='ltr'><strong>nonnunquam</strong></span> <span class='ocrx_word' id='word_1_411' title='bbox 2630 2880 2991 2943; x_wconf 82' lang='lat' dir='ltr'><strong>aﬂirmcmus;</strong></span> <span class='ocrx_word' id='word_1_412' title='bbox 3031 2892 3132 2931; x_wconf 85' lang='lat' dir='ltr'><strong>nec</strong></span> <span class='ocrx_word' id='word_1_413' title='bbox 3161 2873 3403 2944; x_wconf 88' lang='lat' dir='ltr'><strong>vulgaris</strong></span> <span class='ocrx_word' id='word_1_414' title='bbox 3436 2873 3519 2927; x_wconf 85' lang='lat' dir='ltr'><strong>sit</strong></span> <span class='ocrx_word' id='word_1_415' title='bbox 3552 2872 3783 2940; x_wconf 56' lang='lat' dir='ltr'><strong>hujusce</strong></span> 
     </span>
    </p>
   </div>
   <div class='ocr_carea' id='block_1_60' title="bbox 2213 2965 3781 3043">
    <p class='ocr_par' dir='ltr' id='par_1_60' title="bbox 2213 2965 3781 3043">
     <span class='ocr_line' id='line_1_60' title="bbox 2213 2965 3781 3043; baseline -0.01 -13"><span class='ocrx_word' id='word_1_416' title='bbox 2213 2975 2357 3030; x_wconf 90' lang='lat' dir='ltr'><strong>modi</strong></span> <span class='ocrx_word' id='word_1_417' title='bbox 2384 2975 2674 3043; x_wconf 87' lang='lat' dir='ltr'><strong>scriptura,</strong></span> <span class='ocrx_word' id='word_1_418' title='bbox 2719 2972 2812 3026; x_wconf 88' lang='lat' dir='ltr'><strong>sed</strong></span> <span class='ocrx_word' id='word_1_419' title='bbox 2850 2986 2971 3039; x_wconf 67' lang='lat' dir='ltr'><strong>quae</strong></span> <span class='ocrx_word' id='word_1_420' title='bbox 2997 2967 3151 3023; x_wconf 89' lang='lat' dir='ltr'><strong>facile</strong></span> <span class='ocrx_word' id='word_1_421' title='bbox 3177 2977 3231 3021; x_wconf 92' lang='lat' dir='ltr'><strong>et</strong></span> <span class='ocrx_word' id='word_1_422' title='bbox 3261 2966 3410 3021; x_wconf 89' lang='lat' dir='ltr'><strong>clare</strong></span> <span class='ocrx_word' id='word_1_423' title='bbox 3431 2965 3633 3019; x_wconf 85' lang='lat' dir='ltr'><strong>omnia</strong></span> <span class='ocrx_word' id='word_1_424' title='bbox 3665 2976 3781 3032; x_wconf 78' lang='lat' dir='ltr'><strong>pan-</strong></span> 
     </span>
    </p>
   </div>
   <div class='ocr_carea' id='block_1_61' title="bbox 2212 3056 3781 3133">
    <p class='ocr_par' dir='ltr' id='par_1_61' title="bbox 2212 3056 3781 3133">
     <span class='ocr_line' id='line_1_61' title="bbox 2212 3056 3781 3133; baseline -0.011 -9"><span class='ocrx_word' id='word_1_425' title='bbox 2212 3069 2323 3133; x_wconf 86' lang='lat' dir='ltr'><strong>dat,</strong></span> <span class='ocrx_word' id='word_1_426' title='bbox 2357 3076 2413 3123; x_wconf 91' lang='lat' dir='ltr'><strong>et</strong></span> <span class='ocrx_word' id='word_1_427' title='bbox 2457 3076 2695 3122; x_wconf 87' lang='lat' dir='ltr'><strong>mentem</strong></span> <span class='ocrx_word' id='word_1_428' title='bbox 2731 3060 3057 3133; x_wconf 87' lang='lat' dir='ltr'><strong>requirentis</strong></span> <span class='ocrx_word' id='word_1_429' title='bbox 3099 3060 3217 3114; x_wconf 88' lang='lat' dir='ltr'><strong>sine</strong></span> <span class='ocrx_word' id='word_1_430' title='bbox 3262 3058 3534 3128; x_wconf 84' lang='lat' dir='ltr'><strong>scrupulo</strong></span> <span class='ocrx_word' id='word_1_431' title='bbox 3568 3068 3663 3110; x_wconf 88' lang='lat' dir='ltr'><strong>aut</strong></span> <span class='ocrx_word' id='word_1_432' title='bbox 3698 3056 3781 3109; x_wconf 85' lang='lat' dir='ltr'><strong>du-</strong></span> 
     </span>
    </p>
   </div>
   <div class='ocr_carea' id='block_1_62' title="bbox 546 3120 3781 3229">
    <p class='ocr_par' dir='ltr' id='par_1_62' title="bbox 546 3120 3781 3229">
     <span class='ocr_line' id='line_1_62' title="bbox 546 3120 3781 3229; baseline -0.01 2"><span class='ocrx_word' id='word_1_433' title='bbox 546 3133 844 3229; x_wconf 40' lang='lat' dir='ltr'><strong>nom.if‘em_’</strong></span> <span class='ocrx_word' id='word_1_434' title='bbox 879 3130 1159 3197; x_wconf 53' lang='lat' dir='ltr'><strong>sentiam;</strong></span> <span class='ocrx_word' id='word_1_435' title='bbox 1199 3142 1267 3182; x_wconf 71' lang='lat' dir='ltr'><strong>ne</strong></span> <span class='ocrx_word' id='word_1_436' title='bbox 1295 3125 1496 3182; x_wconf 59' lang='lat' dir='ltr'><strong>Chris“</strong></span> <span class='ocrx_word' id='word_1_437' title='bbox 1532 3137 1731 3178; x_wconf 73' lang='lat' dir='ltr'>nomen</span> <span class='ocrx_word' id='word_1_438' title='bbox 1761 3137 1859 3193; x_wconf 61' lang='lat' dir='ltr'><strong>per</strong></span> <span class='ocrx_word' id='word_1_439' title='bbox 1893 3135 1993 3177; x_wconf 64' lang='lat' dir='ltr'><strong>vos</strong></span> <span class='ocrx_word' id='word_1_440' title='bbox 2026 3120 2113 3190; x_wconf 44' lang='lat' dir='ltr'><strong>ip-</strong></span> <span class='ocrx_word' id='word_1_441' title='bbox 2138 3141 2181 3201; x_wconf 60' lang='grc' dir='ltr'><strong>(ἶ</strong></span> <span class='ocrx_word' id='word_1_442' title='bbox 2213 3120 2832 3229; x_wconf 22' lang='grc' dir='ltr'><strong>ὧι-ίίῑίξηθᾴιῑθὶίηίιιιθιέ</strong></span> <span class='ocrx_word' id='word_1_443' title='bbox 2865 3156 3009 3225; x_wconf 90' lang='lat' dir='ltr'><strong>quod</strong></span> <span class='ocrx_word' id='word_1_444' title='bbox 3057 3151 3215 3207; x_wconf 88' lang='lat' dir='ltr'><strong>facile</strong></span> <span class='ocrx_word' id='word_1_445' title='bbox 3266 3151 3358 3205; x_wconf 82' lang='lat' dir='ltr'><strong>fiet</strong></span> <span class='ocrx_word' id='word_1_446' title='bbox 3378 3120 3409 3213; x_wconf 48' lang='grc'><strong>,’</strong></span> <span class='ocrx_word' id='word_1_447' title='bbox 3445 3150 3497 3203; x_wconf 91' lang='lat' dir='ltr'><strong>si</strong></span> <span class='ocrx_word' id='word_1_448' title='bbox 3545 3150 3781 3204; x_wconf 70' lang='lat' dir='ltr'><strong>distincte</strong></span> 
     </span>
    </p>
   </div>
   <div class='ocr_carea' id='block_1_63' title="bbox 545 3224 1089 3293">
    <p class='ocr_par' dir='ltr' id='par_1_63' title="bbox 545 3224 1089 3293">
     <span class='ocr_line' id='line_1_63' title="bbox 545 3224 1089 3293; baseline -0.013 -12"><span class='ocrx_word' id='word_1_449' title='bbox 545 3241 636 3282; x_wconf 86' lang='lat' dir='ltr'><strong>sos</strong></span> <span class='ocrx_word' id='word_1_450' title='bbox 670 3224 1089 3293; x_wconf 89' lang='lat' dir='ltr'><strong>blasphemetur.</strong></span> 
     </span>
    </p>
   </div>
   <div class='ocr_carea' id='block_1_64' title="bbox 616 3305 2113 3376">
    <p class='ocr_par' dir='ltr' id='par_1_64' title="bbox 616 3305 2113 3376">
     <span class='ocr_line' id='line_1_64' title="bbox 616 3305 2113 3376; baseline -0.009 -6"><span class='ocrx_word' id='word_1_451' title='bbox 616 3315 773 3372; x_wconf 76' lang='lat' dir='ltr'><strong>Absit</strong></span> <span class='ocrx_word' id='word_1_452' title='bbox 801 3330 832 3368; x_wconf 93' lang='lat' dir='ltr'><strong>a</strong></span> <span class='ocrx_word' id='word_1_453' title='bbox 859 3314 1013 3368; x_wconf 84' lang='lat' dir='ltr'><strong>vobis</strong></span> <span class='ocrx_word' id='word_1_454' title='bbox 1048 3323 1107 3366; x_wconf 87' lang='lat' dir='ltr'><strong>ut</strong></span> <span class='ocrx_word' id='word_1_455' title='bbox 1141 3310 1345 3365; x_wconf 89' lang='lat' dir='ltr'><strong>aditum</strong></span> <span class='ocrx_word' id='word_1_456' title='bbox 1370 3307 1531 3364; x_wconf 89' lang='lat' dir='ltr'><strong>alicui</strong></span> <span class='ocrx_word' id='word_1_457' title='bbox 1562 3307 1629 3361; x_wconf 87' lang='lat' dir='ltr'><strong>ad</strong></span> <span class='ocrx_word' id='word_1_458' title='bbox 1656 3305 1955 3376; x_wconf 88' lang='lat' dir='ltr'><strong>principem</strong></span> <span class='ocrx_word' id='word_1_459' title='bbox 1988 3317 2113 3373; x_wconf 91' lang='lat' dir='ltr'><strong>pre-</strong></span> 
     </span>
    </p>
   </div>
   <div class='ocr_carea' id='block_1_65' title="bbox 548 3396 2116 3473">
    <p class='ocr_par' dir='ltr' id='par_1_65' title="bbox 548 3396 2116 3473">
     <span class='ocr_line' id='line_1_65' title="bbox 548 3396 2116 3473; baseline -0.009 -10"><span class='ocrx_word' id='word_1_460' title='bbox 548 3410 624 3463; x_wconf 92' lang='lat' dir='ltr'><strong>tio</strong></span> <span class='ocrx_word' id='word_1_461' title='bbox 650 3407 924 3473; x_wconf 86' lang='lat' dir='ltr'><strong>vendatis;</strong></span> <span class='ocrx_word' id='word_1_462' title='bbox 970 3414 1027 3459; x_wconf 91' lang='lat' dir='ltr'><strong>ut</strong></span> <span class='ocrx_word' id='word_1_463' title='bbox 1078 3404 1362 3457; x_wconf 90' lang='lat' dir='ltr'><strong>inhonesta</strong></span> <span class='ocrx_word' id='word_1_464' title='bbox 1390 3410 1484 3455; x_wconf 92' lang='lat' dir='ltr'><strong>aut</strong></span> <span class='ocrx_word' id='word_1_465' title='bbox 1512 3400 1783 3471; x_wconf 89' lang='lat' dir='ltr'><strong>precibus,</strong></span> <span class='ocrx_word' id='word_1_466' title='bbox 1824 3407 1918 3452; x_wconf 91' lang='lat' dir='ltr'><strong>aut</strong></span> <span class='ocrx_word' id='word_1_467' title='bbox 1945 3396 2116 3467; x_wconf 90' lang='lat' dir='ltr'><strong>pretio</strong></span> 
     </span>
    </p>
   </div>
   <div class='ocr_carea' id='block_1_66' title="bbox 548 3490 2117 3569">
    <p class='ocr_par' dir='ltr' id='par_1_66' title="bbox 548 3490 2117 3569">
     <span class='ocr_line' id='line_1_66' title="bbox 548 3490 2117 3569; baseline -0.009 -12"><span class='ocrx_word' id='word_1_468' title='bbox 548 3502 679 3557; x_wconf 88' lang='lat' dir='ltr'><strong>victi</strong></span> <span class='ocrx_word' id='word_1_469' title='bbox 712 3502 894 3569; x_wconf 87' lang='lat' dir='ltr'><strong>aliquo</strong></span> <span class='ocrx_word' id='word_1_470' title='bbox 932 3507 1087 3568; x_wconf 87' lang='lat' dir='ltr'><strong>pacto</strong></span> <span class='ocrx_word' id='word_1_471' title='bbox 1124 3496 1355 3566; x_wconf 90' lang='lat' dir='ltr'><strong>principi</strong></span> <span class='ocrx_word' id='word_1_472' title='bbox 1382 3494 1703 3566; x_wconf 88' lang='lat' dir='ltr'><strong>suggeratis.</strong></span> <span class='ocrx_word' id='word_1_473' title='bbox 1754 3490 1944 3546; x_wconf 88' lang='lat' dir='ltr'><strong>Omnis</strong></span> <span class='ocrx_word' id='word_1_474' title='bbox 1990 3505 2117 3544; x_wconf 80' lang='lat' dir='ltr'><strong>ava-</strong></span> 
     </span>
    </p>
   </div>
   <div class='ocr_carea' id='block_1_67' title="bbox 549 3583 2115 3673">
    <p class='ocr_par' dir='ltr' id='par_1_67' title="bbox 549 3583 2115 3673">
     <span class='ocr_line' id='line_1_67' title="bbox 549 3583 2115 3673; baseline -0.009 -25"><span class='ocrx_word' id='word_1_475' title='bbox 549 3595 707 3673; x_wconf 63' lang='grc' dir='ltr'><strong>ιῆιίςιξ⁸</strong></span> <span class='ocrx_word' id='word_1_476' title='bbox 736 3594 897 3646; x_wconf 89' lang='lat' dir='ltr'><strong>ardor</strong></span> <span class='ocrx_word' id='word_1_477' title='bbox 941 3608 973 3644; x_wconf 89' lang='lat' dir='ltr'><strong>a</strong></span> <span class='ocrx_word' id='word_1_478' title='bbox 1017 3590 1172 3643; x_wconf 82' lang='lat' dir='ltr'><strong>vobis</strong></span> <span class='ocrx_word' id='word_1_479' title='bbox 1221 3588 1475 3643; x_wconf 88' lang='lat' dir='ltr'><strong>abscedat</strong></span> <span class='ocrx_word' id='word_1_480' title='bbox 1507 3589 1563 3653; x_wconf 77' lang='grc'><strong>⁸,</strong></span> <span class='ocrx_word' id='word_1_481' title='bbox 1593 3600 1715 3655; x_wconf 71' lang='lat' dir='ltr'><strong>quae</strong></span> <span class='ocrx_word' id='word_1_482' title='bbox 1759 3583 2115 3638; x_wconf 85' lang='lat' dir='ltr'><strong>idololatriam</strong></span> 
     </span>
    </p>
   </div>
   <div class='ocr_carea' id='block_1_68' title="bbox 549 3673 2115 3756">
    <p class='ocr_par' dir='ltr' id='par_1_68' title="bbox 549 3673 2115 3756">
     <span class='ocr_line' id='line_1_68' title="bbox 549 3673 2115 3756; baseline -0.008 -17"><span class='ocrx_word' id='word_1_483' title='bbox 549 3688 729 3756; x_wconf 85' lang='lat' dir='ltr'><strong>potius</strong></span> <span class='ocrx_word' id='word_1_484' title='bbox 760 3698 920 3754; x_wconf 92' lang='lat' dir='ltr'><strong>quam</strong></span> <span class='ocrx_word' id='word_1_485' title='bbox 951 3681 1152 3736; x_wconf 88' lang='lat' dir='ltr'><strong>Christi</strong></span> <span class='ocrx_word' id='word_1_486' title='bbox 1205 3680 1523 3750; x_wconf 83' lang='lat' dir='ltr'><strong>religionem</strong></span> <span class='ocrx_word' id='word_1_487' title='bbox 1573 3685 1848 3746; x_wconf 91' lang='lat' dir='ltr'><strong>operatur.</strong></span> <span class='ocrx_word' id='word_1_488' title='bbox 1898 3673 2115 3727; x_wconf 90' lang='lat' dir='ltr'><strong>Nullum</strong></span> 
     </span>
    </p>
   </div>
   <div class='ocr_carea' id='block_1_69' title="bbox 549 3764 2119 3848">
    <p class='ocr_par' dir='ltr' id='par_1_69' title="bbox 549 3764 2119 3848">
     <span class='ocr_line' id='line_1_69' title="bbox 549 3764 2119 3848; baseline -0.01 -15"><span class='ocrx_word' id='word_1_489' title='bbox 549 3787 709 3848; x_wconf 86' lang='lat' dir='ltr'><strong>turpe</strong></span> <span class='ocrx_word' id='word_1_490' title='bbox 736 3777 947 3830; x_wconf 91' lang='lat' dir='ltr'><strong>lucrum</strong></span> <span class='ocrx_word' id='word_1_491' title='bbox 980 3773 1311 3837; x_wconf 91' lang='lat' dir='ltr'><strong>Christiano,</strong></span> <span class='ocrx_word' id='word_1_492' title='bbox 1334 3770 1482 3823; x_wconf 89' lang='lat' dir='ltr'><strong>nulla</strong></span> <span class='ocrx_word' id='word_1_493' title='bbox 1510 3767 1797 3837; x_wconf 88' lang='lat' dir='ltr'><strong>duplicitas</strong></span> <span class='ocrx_word' id='word_1_494' title='bbox 1829 3764 2119 3821; x_wconf 87' lang='lat' dir='ltr'><strong>convenire</strong></span> 
     </span>
    </p>
   </div>
   <div class='ocr_carea' id='block_1_70' title="bbox 554 3857 2119 3939">
    <p class='ocr_par' dir='ltr' id='par_1_70' title="bbox 554 3857 2119 3939">
     <span class='ocr_line' id='line_1_70' title="bbox 554 3857 2119 3939; baseline -0.01 -15"><span class='ocrx_word' id='word_1_495' title='bbox 554 3877 751 3939; x_wconf 85' lang='lat' dir='ltr'><strong>potest,</strong></span> <span class='ocrx_word' id='word_1_496' title='bbox 781 3868 873 3937; x_wconf 91' lang='lat' dir='ltr'><strong>qui</strong></span> <span class='ocrx_word' id='word_1_497' title='bbox 905 3865 1181 3921; x_wconf 90' lang='lat' dir='ltr'><strong>Christum</strong></span> <span class='ocrx_word' id='word_1_498' title='bbox 1224 3862 1523 3931; x_wconf 89' lang='lat' dir='ltr'><strong>simplicem</strong></span> <span class='ocrx_word' id='word_1_499' title='bbox 1571 3868 1625 3914; x_wconf 88' lang='lat' dir='ltr'><strong>et</strong></span> <span class='ocrx_word' id='word_1_500' title='bbox 1668 3858 1872 3913; x_wconf 89' lang='lat' dir='ltr'><strong>nudum</strong></span> <span class='ocrx_word' id='word_1_501' title='bbox 1917 3857 2119 3925; x_wconf 87' lang='lat' dir='ltr'><strong>ample-</strong></span> 
     </span>
    </p>
   </div>
   <div class='ocr_carea' id='block_1_71' title="bbox 551 3951 2119 4025">
    <p class='ocr_par' dir='ltr' id='par_1_71' title="bbox 551 3951 2119 4025">
     <span class='ocr_line' id='line_1_71' title="bbox 551 3951 2119 4025; baseline -0.011 -7"><span class='ocrx_word' id='word_1_502' title='bbox 551 3962 736 4018; x_wconf 89' lang='lat' dir='ltr'><strong>ctitur.</strong></span> <span class='ocrx_word' id='word_1_503' title='bbox 762 3957 918 4014; x_wconf 87' lang='lat' dir='ltr'><strong>Nulla</strong></span> <span class='ocrx_word' id='word_1_504' title='bbox 948 3958 1252 4013; x_wconf 90' lang='lat' dir='ltr'><strong>scurrilitas</strong></span> <span class='ocrx_word' id='word_1_505' title='bbox 1295 3964 1389 4010; x_wconf 88' lang='lat' dir='ltr'><strong>aut</strong></span> <span class='ocrx_word' id='word_1_506' title='bbox 1435 3954 1823 4025; x_wconf 88' lang='lat' dir='ltr'><strong>turpiloquium</strong></span> <span class='ocrx_word' id='word_1_507' title='bbox 1856 3951 1996 4005; x_wconf 90' lang='lat' dir='ltr'><strong>inter</strong></span> <span class='ocrx_word' id='word_1_508' title='bbox 2024 3962 2119 4002; x_wconf 89' lang='lat' dir='ltr'><strong>vos</strong></span> 
     </span>
    </p>
   </div>
   <div class='ocr_carea' id='block_1_72' title="bbox 554 4040 2122 4110">
    <p class='ocr_par' dir='ltr' id='par_1_72' title="bbox 554 4040 2122 4110">
     <span class='ocr_line' id='line_1_72' title="bbox 554 4040 2122 4110; baseline -0.01 -2"><span class='ocrx_word' id='word_1_509' title='bbox 554 4054 818 4109; x_wconf 86' lang='lat' dir='ltr'><strong>habeatur</strong></span> <span class='ocrx_word' id='word_1_510' title='bbox 846 4053 887 4106; x_wconf 83' lang='grc'><strong>³.</strong></span> <span class='ocrx_word' id='word_1_511' title='bbox 928 4050 1123 4105; x_wconf 90' lang='lat' dir='ltr'><strong>Omnia</strong></span> <span class='ocrx_word' id='word_1_512' title='bbox 1157 4065 1281 4104; x_wconf 86' lang='lat' dir='ltr'><strong>cum</strong></span> <span class='ocrx_word' id='word_1_513' title='bbox 1312 4046 1895 4110; x_wconf 90' lang='lat' dir='ltr'><strong>modestia,‘comitate,</strong></span> <span class='ocrx_word' id='word_1_514' title='bbox 1933 4040 2122 4095; x_wconf 83' lang='lat' dir='ltr'><strong>affabi-</strong></span> 
     </span>
    </p>
   </div>
   <div class='ocr_carea' id='block_1_73' title="bbox 555 4136 2118 4213">
    <p class='ocr_par' dir='ltr' id='par_1_73' title="bbox 555 4136 2118 4213">
     <span class='ocr_line' id='line_1_73' title="bbox 555 4136 2118 4213; baseline -0.01 -14"><span class='ocrx_word' id='word_1_515' title='bbox 555 4147 702 4200; x_wconf 89' lang='lat' dir='ltr'><strong>litate</strong></span> <span class='ocrx_word' id='word_1_516' title='bbox 742 4153 796 4197; x_wconf 92' lang='lat' dir='ltr'><strong>ct</strong></span> <span class='ocrx_word' id='word_1_517' title='bbox 837 4144 1046 4213; x_wconf 72' lang='lat' dir='ltr'><strong>iustitia</strong></span> <span class='ocrx_word' id='word_1_518' title='bbox 1076 4142 1384 4213; x_wconf 84' lang='lat' dir='ltr'><strong>exigantur,</strong></span> <span class='ocrx_word' id='word_1_519' title='bbox 1418 4149 1477 4194; x_wconf 91' lang='lat' dir='ltr'><strong>ut</strong></span> <span class='ocrx_word' id='word_1_520' title='bbox 1523 4138 1579 4192; x_wconf 92' lang='lat' dir='ltr'><strong>in</strong></span> <span class='ocrx_word' id='word_1_521' title='bbox 1622 4136 1874 4192; x_wconf 89' lang='lat' dir='ltr'><strong>omnibus</strong></span> <span class='ocrx_word' id='word_1_522' title='bbox 1920 4146 2118 4187; x_wconf 91' lang='lat' dir='ltr'><strong>nomen</strong></span> 
     </span>
    </p>
   </div>
   <div class='ocr_carea' id='block_1_74' title="bbox 558 4229 1944 4298">
    <p class='ocr_par' dir='ltr' id='par_1_74' title="bbox 558 4229 1944 4298">
     <span class='ocr_line' id='line_1_74' title="bbox 558 4229 1944 4298; baseline -0.007 -8"><span class='ocrx_word' id='word_1_523' title='bbox 558 4237 649 4290; x_wconf 89' lang='lat' dir='ltr'><strong>Dei</strong></span> <span class='ocrx_word' id='word_1_524' title='bbox 684 4244 737 4289; x_wconf 84' lang='lat' dir='ltr'><strong>et</strong></span> <span class='ocrx_word' id='word_1_525' title='bbox 764 4235 973 4290; x_wconf 91' lang='lat' dir='ltr'><strong>Domini</strong></span> <span class='ocrx_word' id='word_1_526' title='bbox 1001 4235 1168 4288; x_wconf 92' lang='lat' dir='ltr'><strong>nostri</strong></span> <span class='ocrx_word' id='word_1_527' title='bbox 1202 4233 1330 4288; x_wconf 83' lang='lat' dir='ltr'><strong>Jesu</strong></span> <span class='ocrx_word' id='word_1_528' title='bbox 1363 4231 1562 4286; x_wconf 91' lang='lat' dir='ltr'><strong>Christi</strong></span> <span class='ocrx_word' id='word_1_529' title='bbox 1596 4229 1944 4298; x_wconf 83' lang='lat' dir='ltr'><strong>glorificctur.</strong></span> 
     </span>
    </p>
   </div>
   <div class='ocr_carea' id='block_1_75' title="bbox 627 4314 2117 4392">
    <p class='ocr_par' dir='ltr' id='par_1_75' title="bbox 627 4314 2117 4392">
     <span class='ocr_line' id='line_1_75' title="bbox 627 4314 2117 4392; baseline -0.008 -12"><span class='ocrx_word' id='word_1_530' title='bbox 627 4326 809 4381; x_wconf 81' lang='lat' dir='ltr'><strong>Ollicia</strong></span> <span class='ocrx_word' id='word_1_531' title='bbox 859 4335 1038 4379; x_wconf 89' lang='lat' dir='ltr'><strong>vestra</strong></span> <span class='ocrx_word' id='word_1_532' title='bbox 1089 4326 1155 4378; x_wconf 85' lang='lat' dir='ltr'><strong>ad</strong></span> <span class='ocrx_word' id='word_1_533' title='bbox 1201 4338 1322 4392; x_wconf 65' lang='lat' dir='ltr'><strong>quae</strong></span> <span class='ocrx_word' id='word_1_534' title='bbox 1371 4322 1567 4392; x_wconf 83' lang='lat' dir='ltr'><strong>singuli</strong></span> <span class='ocrx_word' id='word_1_535' title='bbox 1620 4317 1901 4374; x_wconf 90' lang='lat' dir='ltr'><strong>constituti</strong></span> <span class='ocrx_word' id='word_1_536' title='bbox 1946 4314 2117 4375; x_wconf 89' lang='lat' dir='ltr'><strong>estis,</strong></span> 
     </span>
    </p>
   </div>
   <div class='ocr_carea' id='block_1_76' title="bbox 557 4402 2121 4481">
    <p class='ocr_par' dir='ltr' id='par_1_76' title="bbox 557 4402 2121 4481">
     <span class='ocr_line' id='line_1_76' title="bbox 557 4402 2121 4481; baseline -0.01 -7"><span class='ocrx_word' id='word_1_537' title='bbox 557 4420 706 4475; x_wconf 90' lang='lat' dir='ltr'><strong>omni</strong></span> <span class='ocrx_word' id='word_1_538' title='bbox 759 4434 882 4472; x_wconf 89' lang='lat' dir='ltr'><strong>cum</strong></span> <span class='ocrx_word' id='word_1_539' title='bbox 930 4417 1121 4469; x_wconf 89' lang='lat' dir='ltr'><strong>timore</strong></span> <span class='ocrx_word' id='word_1_540' title='bbox 1168 4414 1262 4468; x_wconf 93' lang='lat' dir='ltr'><strong>Dei</strong></span> <span class='ocrx_word' id='word_1_541' title='bbox 1312 4422 1366 4467; x_wconf 91' lang='lat' dir='ltr'><strong>et</strong></span> <span class='ocrx_word' id='word_1_542' title='bbox 1415 4428 1600 4467; x_wconf 90' lang='lat' dir='ltr'><strong>amore</strong></span> <span class='ocrx_word' id='word_1_543' title='bbox 1645 4410 1905 4481; x_wconf 89' lang='lat' dir='ltr'><strong>principis</strong></span> <span class='ocrx_word' id='word_1_544' title='bbox 1960 4402 2121 4476; x_wconf 81' lang='lat' dir='ltr'><strong>atque</strong></span> 
     </span>
    </p>
   </div>
   <div class='ocr_carea' id='block_1_77' title="bbox 558 4498 2121 4576">
    <p class='ocr_par' dir='ltr' id='par_1_77' title="bbox 558 4498 2121 4576">
     <span class='ocr_line' id='line_1_77' title="bbox 558 4498 2121 4576; baseline -0.01 -9"><span class='ocrx_word' id='word_1_545' title='bbox 558 4520 746 4567; x_wconf 82' lang='lat' dir='ltr'><strong>exacta</strong></span> <span class='ocrx_word' id='word_1_546' title='bbox 786 4508 1060 4576; x_wconf 83' lang='lat' dir='ltr'><strong>diligentia</strong></span> <span class='ocrx_word' id='word_1_547' title='bbox 1087 4505 1477 4574; x_wconf 79' lang='lat' dir='ltr'><strong>exsequamini.</strong></span> <span class='ocrx_word' id='word_1_548' title='bbox 1526 4502 1833 4557; x_wconf 87' lang='lat' dir='ltr'><strong>Mandatum</strong></span> <span class='ocrx_word' id='word_1_549' title='bbox 1862 4498 2121 4568; x_wconf 90' lang='lat' dir='ltr'><strong>principis</strong></span> 
     </span>
    </p>
   </div>
   <div class='ocr_carea' id='block_1_78' title="bbox 558 4592 2123 4674">
    <p class='ocr_par' dir='ltr' id='par_1_78' title="bbox 558 4592 2123 4674">
     <span class='ocr_line' id='line_1_78' title="bbox 558 4592 2123 4674; baseline -0.007 -18"><span class='ocrx_word' id='word_1_550' title='bbox 558 4604 703 4674; x_wconf 90' lang='lat' dir='ltr'><strong>quod</strong></span> <span class='ocrx_word' id='word_1_551' title='bbox 731 4602 900 4656; x_wconf 91' lang='lat' dir='ltr'><strong>Deum</strong></span> <span class='ocrx_word' id='word_1_552' title='bbox 949 4615 1056 4654; x_wconf 89' lang='lat' dir='ltr'><strong>non</strong></span> <span class='ocrx_word' id='word_1_553' title='bbox 1103 4597 1354 4663; x_wconf 77' lang='lat' dir='ltr'><strong>offendit,</strong></span> <span class='ocrx_word' id='word_1_554' title='bbox 1400 4598 1467 4651; x_wconf 92' lang='lat' dir='ltr'><strong>ab</strong></span> <span class='ocrx_word' id='word_1_555' title='bbox 1510 4596 1626 4665; x_wconf 91' lang='lat' dir='ltr'><strong>ipso</strong></span> <span class='ocrx_word' id='word_1_556' title='bbox 1652 4594 1762 4647; x_wconf 89' lang='lat' dir='ltr'><strong>Deo</strong></span> <span class='ocrx_word' id='word_1_557' title='bbox 1791 4592 2123 4662; x_wconf 86' lang='lat' dir='ltr'><strong>processisse</strong></span> 
     </span>
    </p>
   </div>
   <div class='ocr_carea' id='block_1_79' title="bbox 560 4685 2119 4764">
    <p class='ocr_par' dir='ltr' id='par_1_79' title="bbox 560 4685 2119 4764">
     <span class='ocr_line' id='line_1_79' title="bbox 560 4685 2119 4764; baseline -0.008 -14"><span class='ocrx_word' id='word_1_558' title='bbox 560 4695 789 4764; x_wconf 84' lang='lat' dir='ltr'><strong>putetis;</strong></span> <span class='ocrx_word' id='word_1_559' title='bbox 831 4707 1013 4746; x_wconf 91' lang='lat' dir='ltr'><strong>amore</strong></span> <span class='ocrx_word' id='word_1_560' title='bbox 1042 4691 1243 4761; x_wconf 90' lang='lat' dir='ltr'><strong>pariter</strong></span> <span class='ocrx_word' id='word_1_561' title='bbox 1266 4699 1320 4744; x_wconf 89' lang='lat' dir='ltr'><strong>et</strong></span> <span class='ocrx_word' id='word_1_562' title='bbox 1343 4690 1557 4754; x_wconf 91' lang='lat' dir='ltr'><strong>timore,</strong></span> <span class='ocrx_word' id='word_1_563' title='bbox 1601 4696 1764 4757; x_wconf 90' lang='lat' dir='ltr'><strong>atque</strong></span> <span class='ocrx_word' id='word_1_564' title='bbox 1805 4685 1952 4739; x_wconf 93' lang='lat' dir='ltr'><strong>omni</strong></span> <span class='ocrx_word' id='word_1_565' title='bbox 1995 4700 2119 4739; x_wconf 91' lang='lat' dir='ltr'><strong>cum</strong></span> 
     </span>
    </p>
   </div>
   <div class='ocr_carea' id='block_1_80' title="bbox 554 4777 2119 4857">
    <p class='ocr_par' dir='ltr' id='par_1_80' title="bbox 554 4777 2119 4857">
     <span class='ocr_line' id='line_1_80' title="bbox 554 4777 2119 4857; baseline -0.006 -17"><span class='ocrx_word' id='word_1_566' title='bbox 554 4785 897 4857; x_wconf 86' lang='lat' dir='ltr'><strong>jucunditate</strong></span> <span class='ocrx_word' id='word_1_567' title='bbox 927 4783 1185 4852; x_wconf 76' lang='lat' dir='ltr'><strong>perﬁcito.</strong></span> <span class='ocrx_word' id='word_1_568' title='bbox 1225 4780 1368 4835; x_wconf 84' lang='lat' dir='ltr'><strong>Nihil</strong></span> <span class='ocrx_word' id='word_1_569' title='bbox 1394 4789 1476 4837; x_wconf 90' lang='lat' dir='ltr'><strong>est</strong></span> <span class='ocrx_word' id='word_1_570' title='bbox 1503 4780 1643 4836; x_wconf 89' lang='lat' dir='ltr'><strong>enim</strong></span> <span class='ocrx_word' id='word_1_571' title='bbox 1676 4779 1818 4849; x_wconf 89' lang='lat' dir='ltr'><strong>quod</strong></span> <span class='ocrx_word' id='word_1_572' title='bbox 1848 4777 2119 4832; x_wconf 90' lang='lat' dir='ltr'><strong>hominem</strong></span> 
     </span>
    </p>
   </div>
   <div class='ocr_carea' id='block_1_81' title="bbox 562 4867 2124 4945">
    <p class='ocr_par' dir='ltr' id='par_1_81' title="bbox 562 4867 2124 4945">
     <span class='ocr_line' id='line_1_81' title="bbox 562 4867 2124 4945; baseline -0.006 -14"><span class='ocrx_word' id='word_1_573' title='bbox 562 4876 777 4945; x_wconf 88' lang='lat' dir='ltr'><strong>magnis</strong></span> <span class='ocrx_word' id='word_1_574' title='bbox 815 4873 1198 4945; x_wconf 88' lang='lat' dir='ltr'><strong>agitationibus</strong></span> <span class='ocrx_word' id='word_1_575' title='bbox 1244 4871 1526 4942; x_wconf 89' lang='lat' dir='ltr'><strong>fatigatum</strong></span> <span class='ocrx_word' id='word_1_576' title='bbox 1580 4871 1653 4924; x_wconf 92' lang='lat' dir='ltr'><strong>ita</strong></span> <span class='ocrx_word' id='word_1_577' title='bbox 1702 4877 1926 4931; x_wconf 87' lang='lat' dir='ltr'><strong>recreet,</strong></span> <span class='ocrx_word' id='word_1_578' title='bbox 1983 4867 2124 4922; x_wconf 89' lang='lat' dir='ltr'><strong>sicut</strong></span> 
     </span>
    </p>
   </div>
   <div class='ocr_carea' id='block_1_82' title="bbox 562 4958 2124 5031">
    <p class='ocr_par' dir='ltr' id='par_1_82' title="bbox 562 4958 2124 5031">
     <span class='ocr_line' id='line_1_82' title="bbox 562 4958 2124 5031; baseline -0.008 -9"><span class='ocrx_word' id='word_1_579' title='bbox 562 4967 738 5022; x_wconf 90' lang='lat' dir='ltr'><strong>intimi</strong></span> <span class='ocrx_word' id='word_1_580' title='bbox 772 4966 1048 5021; x_wconf 79' lang='lat' dir='ltr'><strong>servituris</strong></span> <span class='ocrx_word' id='word_1_581' title='bbox 1089 4964 1415 5019; x_wconf 90' lang='lat' dir='ltr'><strong>conveniens</strong></span> <span class='ocrx_word' id='word_1_582' title='bbox 1447 4962 1778 5031; x_wconf 65' lang='lat' dir='ltr'><strong>iucunditas,</strong></span> <span class='ocrx_word' id='word_1_583' title='bbox 1809 4968 1863 5013; x_wconf 90' lang='lat' dir='ltr'><strong>et</strong></span> <span class='ocrx_word' id='word_1_584' title='bbox 1894 4958 2124 5027; x_wconf 86' lang='lat' dir='ltr'><strong>benigna</strong></span> 
     </span>
    </p>
   </div>
   <div class='ocr_carea' id='block_1_83' title="bbox 564 5049 2124 5127">
    <p class='ocr_par' dir='ltr' id='par_1_83' title="bbox 564 5049 2124 5127">
     <span class='ocr_line' id='line_1_83' title="bbox 564 5049 2124 5127; baseline -0.006 -17"><span class='ocrx_word' id='word_1_585' title='bbox 564 5057 854 5127; x_wconf 88' lang='lat' dir='ltr'><strong>patientia;</strong></span> <span class='ocrx_word' id='word_1_586' title='bbox 896 5071 995 5110; x_wconf 89' lang='lat' dir='ltr'><strong>nec</strong></span> <span class='ocrx_word' id='word_1_587' title='bbox 1024 5055 1131 5109; x_wconf 84' lang='lat' dir='ltr'><strong>ulla</strong></span> <span class='ocrx_word' id='word_1_588' title='bbox 1157 5055 1350 5108; x_wconf 83' lang='lat' dir='ltr'><strong>iterum</strong></span> <span class='ocrx_word' id='word_1_589' title='bbox 1374 5068 1459 5107; x_wconf 88' lang='lat' dir='ltr'><strong>res</strong></span> <span class='ocrx_word' id='word_1_590' title='bbox 1482 5051 1789 5106; x_wconf 88' lang='lat' dir='ltr'><strong>econtrario</strong></span> <span class='ocrx_word' id='word_1_591' title='bbox 1824 5049 1973 5103; x_wconf 86' lang='lat' dir='ltr'><strong>illum</strong></span> <span class='ocrx_word' id='word_1_592' title='bbox 2002 5064 2124 5117; x_wconf 87' lang='lat' dir='ltr'><strong>per—</strong></span> 
     </span>
    </p>
   </div>
   <div class='ocr_carea' id='block_1_84' title="bbox 567 5139 2127 5207">
    <p class='ocr_par' dir='ltr' id='par_1_84' title="bbox 567 5139 2127 5207">
     <span class='ocr_line' id='line_1_84' title="bbox 567 5139 2127 5207; baseline -0.007 -6"><span class='ocrx_word' id='word_1_593' title='bbox 567 5148 870 5201; x_wconf 89' lang='lat' dir='ltr'><strong>turbatione</strong></span> <span class='ocrx_word' id='word_1_594' title='bbox 902 5146 978 5200; x_wconf 90' lang='lat' dir='ltr'><strong>ita</strong></span> <span class='ocrx_word' id='word_1_595' title='bbox 1006 5145 1166 5200; x_wconf 85' lang='lat' dir='ltr'><strong>allicit</strong></span> <span class='ocrx_word' id='word_1_596' title='bbox 1191 5154 1245 5198; x_wconf 90' lang='lat' dir='ltr'><strong>et</strong></span> <span class='ocrx_word' id='word_1_597' title='bbox 1271 5144 1573 5207; x_wconf 88' lang='lat' dir='ltr'><strong>contristat,</strong></span> <span class='ocrx_word' id='word_1_598' title='bbox 1602 5142 1741 5197; x_wconf 90' lang='lat' dir='ltr'><strong>sicut</strong></span> <span class='ocrx_word' id='word_1_599' title='bbox 1769 5140 1988 5194; x_wconf 87' lang='lat' dir='ltr'><strong>tristitia</strong></span> <span class='ocrx_word' id='word_1_600' title='bbox 2025 5139 2127 5191; x_wconf 84' lang='lat' dir='ltr'><strong>im-</strong></span> 
     </span>
    </p>
   </div>
   <div class='ocr_carea' id='block_1_85' title="bbox 564 5228 2121 5307">
    <p class='ocr_par' dir='ltr' id='par_1_85' title="bbox 564 5228 2121 5307">
     <span class='ocr_line' id='line_1_85' title="bbox 564 5228 2121 5307; baseline -0.006 -17"><span class='ocrx_word' id='word_1_601' title='bbox 564 5240 967 5307; x_wconf 87' lang='lat' dir='ltr'><strong>patientiaque,</strong></span> <span class='ocrx_word' id='word_1_602' title='bbox 1015 5246 1068 5290; x_wconf 91' lang='lat' dir='ltr'><strong>et</strong></span> <span class='ocrx_word' id='word_1_603' title='bbox 1101 5236 1272 5304; x_wconf 90' lang='lat' dir='ltr'><strong>ipsius</strong></span> <span class='ocrx_word' id='word_1_604' title='bbox 1323 5234 1598 5288; x_wconf 83' lang='lat' dir='ltr'><strong>servitoris</strong></span> <span class='ocrx_word' id='word_1_605' title='bbox 1638 5228 2121 5287; x_wconf 90' lang='lat' dir='ltr'><strong>submurmuratio.</strong></span> 
     </span>
    </p>
   </div>
   <div class='ocr_carea' id='block_1_86' title="bbox 564 5322 2127 5394">
    <p class='ocr_par' dir='ltr' id='par_1_86' title="bbox 564 5322 2127 5394">
     <span class='ocr_line' id='line_1_86' title="bbox 564 5322 2127 5394; baseline -0.004 -11"><span class='ocrx_word' id='word_1_606' title='bbox 564 5330 759 5384; x_wconf 87' lang='lat' dir='ltr'><strong>Absint</strong></span> <span class='ocrx_word' id='word_1_607' title='bbox 790 5330 902 5382; x_wconf 66' lang='lat' dir='ltr'><strong>hinc</strong></span> <span class='ocrx_word' id='word_1_608' title='bbox 931 5343 960 5381; x_wconf 89' lang='lat' dir='ltr'><strong>a</strong></span> <span class='ocrx_word' id='word_1_609' title='bbox 989 5326 1139 5381; x_wconf 84' lang='lat' dir='ltr'><strong>vobis</strong></span> <span class='ocrx_word' id='word_1_610' title='bbox 1163 5325 1487 5380; x_wconf 91' lang='lat' dir='ltr'><strong>Christianis</strong></span> <span class='ocrx_word' id='word_1_611' title='bbox 1507 5366 1521 5390; x_wconf 94' lang='lat'><strong>,</strong></span> <span class='ocrx_word' id='word_1_612' title='bbox 1566 5325 1658 5394; x_wconf 90' lang='lat' dir='ltr'><strong>qui</strong></span> <span class='ocrx_word' id='word_1_613' title='bbox 1694 5324 1807 5377; x_wconf 89' lang='lat' dir='ltr'><strong>zelo</strong></span> <span class='ocrx_word' id='word_1_614' title='bbox 1838 5322 1957 5376; x_wconf 90' lang='lat' dir='ltr'><strong>fidei</strong></span> <span class='ocrx_word' id='word_1_615' title='bbox 1988 5322 2127 5377; x_wconf 79' lang='lat' dir='ltr'><strong>ince-</strong></span> 
     </span>
    </p>
   </div>
   <div class='ocr_carea' id='block_1_87' title="bbox 566 5412 2123 5486">
    <p class='ocr_par' dir='ltr' id='par_1_87' title="bbox 566 5412 2123 5486">
     <span class='ocr_line' id='line_1_87' title="bbox 566 5412 2123 5486; baseline -0.006 -11"><span class='ocrx_word' id='word_1_616' title='bbox 566 5423 731 5486; x_wconf 87' lang='lat' dir='ltr'><strong>ditis;</strong></span> <span class='ocrx_word' id='word_1_617' title='bbox 769 5421 860 5473; x_wconf 83' lang='lat' dir='ltr'><strong>sed</strong></span> <span class='ocrx_word' id='word_1_618' title='bbox 907 5427 967 5472; x_wconf 91' lang='lat' dir='ltr'><strong>ut</strong></span> <span class='ocrx_word' id='word_1_619' title='bbox 1014 5419 1067 5471; x_wconf 90' lang='lat' dir='ltr'><strong>in</strong></span> <span class='ocrx_word' id='word_1_620' title='bbox 1120 5417 1273 5471; x_wconf 88' lang='lat' dir='ltr'><strong>vobis</strong></span> <span class='ocrx_word' id='word_1_621' title='bbox 1317 5416 1446 5485; x_wconf 89' lang='lat' dir='ltr'><strong>ipsis</strong></span> <span class='ocrx_word' id='word_1_622' title='bbox 1495 5415 1885 5468; x_wconf 87' lang='lat' dir='ltr'><strong>honorificetur</strong></span> <span class='ocrx_word' id='word_1_623' title='bbox 1914 5412 2053 5466; x_wconf 91' lang='lat' dir='ltr'><strong>Deus</strong></span> <span class='ocrx_word' id='word_1_624' title='bbox 2082 5412 2123 5475; x_wconf 79' lang='grc'><strong>⁸,</strong></span> 
     </span>
    </p>
   </div>
   <div class='ocr_carea' id='block_1_88' title="bbox 566 5503 2125 5575">
    <p class='ocr_par' dir='ltr' id='par_1_88' title="bbox 566 5503 2125 5575">
     <span class='ocr_line' id='line_1_88' title="bbox 566 5503 2125 5575; baseline -0.003 -14"><span class='ocrx_word' id='word_1_625' title='bbox 566 5508 747 5561; x_wconf 90' lang='lat' dir='ltr'><strong>omnia</strong></span> <span class='ocrx_word' id='word_1_626' title='bbox 775 5507 898 5559; x_wconf 86' lang='lat' dir='ltr'><strong>vitia</strong></span> <span class='ocrx_word' id='word_1_627' title='bbox 924 5506 1119 5561; x_wconf 88' lang='lat' dir='ltr'><strong>mentis</strong></span> <span class='ocrx_word' id='word_1_628' title='bbox 1142 5514 1196 5559; x_wconf 89' lang='lat' dir='ltr'><strong>et</strong></span> <span class='ocrx_word' id='word_1_629' title='bbox 1219 5504 1462 5573; x_wconf 91' lang='lat' dir='ltr'><strong>corporis</strong></span> <span class='ocrx_word' id='word_1_630' title='bbox 1484 5503 1800 5575; x_wconf 79' lang='lat' dir='ltr'><strong>supprimite</strong></span> <span class='ocrx_word' id='word_1_631' title='bbox 1823 5516 1875 5556; x_wconf 87' lang='lat' dir='ltr'><strong>et</strong></span> <span class='ocrx_word' id='word_1_632' title='bbox 1901 5503 2125 5556; x_wconf 84' lang='lat' dir='ltr'><strong>calcate.</strong></span> 
     </span>
    </p>
   </div>
   <div class='ocr_carea' id='block_1_89' title="bbox 567 5595 2128 5669">
    <p class='ocr_par' dir='ltr' id='par_1_89' title="bbox 567 5595 2128 5669">
     <span class='ocr_line' id='line_1_89' title="bbox 567 5595 2128 5669; baseline -0.003 -15"><span class='ocrx_word' id='word_1_633' title='bbox 567 5599 859 5654; x_wconf 83' lang='lat' dir='ltr'><strong>lnduimini</strong></span> <span class='ocrx_word' id='word_1_634' title='bbox 891 5599 1145 5669; x_wconf 90' lang='lat' dir='ltr'><strong>patientia</strong></span> <span class='ocrx_word' id='word_1_635' title='bbox 1174 5607 1229 5654; x_wconf 90' lang='lat' dir='ltr'><strong>et</strong></span> <span class='ocrx_word' id='word_1_636' title='bbox 1263 5596 1605 5663; x_wconf 81' lang='lat' dir='ltr'><strong>affabilitate;</strong></span> <span class='ocrx_word' id='word_1_637' title='bbox 1641 5595 1932 5649; x_wconf 85' lang='lat' dir='ltr'><strong>virtutibus</strong></span> <span class='ocrx_word' id='word_1_638' title='bbox 1956 5603 2008 5650; x_wconf 89' lang='lat' dir='ltr'><strong>et</strong></span> <span class='ocrx_word' id='word_1_639' title='bbox 2034 5608 2128 5664; x_wconf 86' lang='lat' dir='ltr'><strong>spe</strong></span> 
     </span>
    </p>
   </div>
   <div class='ocr_carea' id='block_1_90' title="bbox 2214 3245 3785 3329">
    <p class='ocr_par' dir='ltr' id='par_1_90' title="bbox 2214 3245 3785 3329">
     <span class='ocr_line' id='line_1_90' title="bbox 2214 3245 3785 3329; baseline -0.012 -17"><span class='ocrx_word' id='word_1_640' title='bbox 2214 3271 2335 3329; x_wconf 83' lang='lat' dir='ltr'><strong>quae</strong></span> <span class='ocrx_word' id='word_1_641' title='bbox 2360 3253 2693 3325; x_wconf 88' lang='lat' dir='ltr'><strong>recipiuntur</strong></span> <span class='ocrx_word' id='word_1_642' title='bbox 2735 3258 2789 3305; x_wconf 88' lang='lat' dir='ltr'><strong>et</strong></span> <span class='ocrx_word' id='word_1_643' title='bbox 2830 3263 2925 3319; x_wconf 92' lang='lat' dir='ltr'><strong>per</strong></span> <span class='ocrx_word' id='word_1_644' title='bbox 2954 3262 3013 3302; x_wconf 90' lang='lat' dir='ltr'><strong>se</strong></span> <span class='ocrx_word' id='word_1_645' title='bbox 3039 3245 3370 3307; x_wconf 82' lang='lat' dir='ltr'><strong>scribantur,</strong></span> <span class='ocrx_word' id='word_1_646' title='bbox 3419 3248 3476 3296; x_wconf 91' lang='lat' dir='ltr'><strong>et</strong></span> <span class='ocrx_word' id='word_1_647' title='bbox 3519 3255 3638 3311; x_wconf 86' lang='lat' dir='ltr'><strong>quo</strong></span> <span class='ocrx_word' id='word_1_648' title='bbox 3665 3249 3785 3294; x_wconf 47' lang='lat' dir='ltr'><strong>tem.</strong></span> 
     </span>
    </p>
   </div>
   <div class='ocr_carea' id='block_1_91' title="bbox 2214 3336 3781 3421">
    <p class='ocr_par' dir='ltr' id='par_1_91' title="bbox 2214 3336 3781 3421">
     <span class='ocr_line' id='line_1_91' title="bbox 2214 3336 3781 3421; baseline -0.012 -17"><span class='ocrx_word' id='word_1_649' title='bbox 2214 3365 2366 3421; x_wconf 91' lang='lat' dir='ltr'><strong>pore,</strong></span> <span class='ocrx_word' id='word_1_650' title='bbox 2398 3356 2452 3402; x_wconf 90' lang='lat' dir='ltr'><strong>et</strong></span> <span class='ocrx_word' id='word_1_651' title='bbox 2479 3362 2573 3417; x_wconf 91' lang='lat' dir='ltr'><strong>per</strong></span> <span class='ocrx_word' id='word_1_652' title='bbox 2594 3359 2754 3416; x_wconf 88' lang='lat' dir='ltr'><strong>quem</strong></span> <span class='ocrx_word' id='word_1_653' title='bbox 2792 3350 3003 3411; x_wconf 90' lang='lat' dir='ltr'><strong>recepta</strong></span> <span class='ocrx_word' id='word_1_654' title='bbox 3047 3339 3266 3403; x_wconf 86' lang='lat' dir='ltr'><strong>fuerint,</strong></span> <span class='ocrx_word' id='word_1_655' title='bbox 3299 3348 3353 3392; x_wconf 90' lang='lat' dir='ltr'><strong>et</strong></span> <span class='ocrx_word' id='word_1_656' title='bbox 3380 3351 3500 3405; x_wconf 89' lang='lat' dir='ltr'><strong>quo</strong></span> <span class='ocrx_word' id='word_1_657' title='bbox 3537 3337 3599 3389; x_wconf 92' lang='lat' dir='ltr'><strong>in</strong></span> <span class='ocrx_word' id='word_1_658' title='bbox 3635 3336 3781 3390; x_wconf 70' lang='lat' dir='ltr'><strong>loco:</strong></span> 
     </span>
    </p>
   </div>
   <div class='ocr_carea' id='block_1_92' title="bbox 2217 3428 3787 3507">
    <p class='ocr_par' dir='ltr' id='par_1_92' title="bbox 2217 3428 3787 3507">
     <span class='ocr_line' id='line_1_92' title="bbox 2217 3428 3787 3507; baseline -0.011 -12"><span class='ocrx_word' id='word_1_659' title='bbox 2217 3442 2465 3497; x_wconf 89' lang='lat' dir='ltr'><strong>similiter</strong></span> <span class='ocrx_word' id='word_1_660' title='bbox 2497 3449 2549 3493; x_wconf 93' lang='lat' dir='ltr'><strong>et</strong></span> <span class='ocrx_word' id='word_1_661' title='bbox 2578 3437 2723 3507; x_wconf 86' lang='lat' dir='ltr'><strong>quod</strong></span> <span class='ocrx_word' id='word_1_662' title='bbox 2752 3436 2873 3490; x_wconf 91' lang='lat' dir='ltr'><strong>aliis</strong></span> <span class='ocrx_word' id='word_1_663' title='bbox 2901 3442 3177 3503; x_wconf 88' lang='lat' dir='ltr'><strong>erogatur,</strong></span> <span class='ocrx_word' id='word_1_664' title='bbox 3213 3430 3297 3485; x_wconf 88' lang='lat' dir='ltr'><strong>vel</strong></span> <span class='ocrx_word' id='word_1_665' title='bbox 3338 3428 3619 3498; x_wconf 88' lang='lat' dir='ltr'><strong>principis</strong></span> <span class='ocrx_word' id='word_1_666' title='bbox 3650 3442 3787 3481; x_wconf 78' lang='lat' dir='ltr'><strong>man—</strong></span> 
     </span>
    </p>
   </div>
   <div class='ocr_carea' id='block_1_93' title="bbox 2216 3517 3789 3601">
    <p class='ocr_par' dir='ltr' id='par_1_93' title="bbox 2216 3517 3789 3601">
     <span class='ocr_line' id='line_1_93' title="bbox 2216 3517 3789 3601; baseline -0.015 -12"><span class='ocrx_word' id='word_1_667' title='bbox 2216 3534 2341 3588; x_wconf 88' lang='lat' dir='ltr'><strong>dato</strong></span> <span class='ocrx_word' id='word_1_668' title='bbox 2368 3530 2694 3601; x_wconf 90' lang='lat' dir='ltr'><strong>impenditur</strong></span> <span class='ocrx_word' id='word_1_669' title='bbox 2718 3542 2814 3596; x_wconf 89' lang='lat' dir='ltr'><strong>per</strong></span> <span class='ocrx_word' id='word_1_670' title='bbox 2842 3540 2900 3580; x_wconf 90' lang='lat' dir='ltr'><strong>se</strong></span> <span class='ocrx_word' id='word_1_671' title='bbox 2924 3540 3024 3580; x_wconf 91' lang='lat' dir='ltr'><strong>suo</strong></span> <span class='ocrx_word' id='word_1_672' title='bbox 3049 3524 3237 3578; x_wconf 90' lang='lat' dir='ltr'><strong>ordine</strong></span> <span class='ocrx_word' id='word_1_673' title='bbox 3261 3520 3553 3591; x_wconf 86' lang='lat' dir='ltr'><strong>digeratur</strong></span> <span class='ocrx_word' id='word_1_674' title='bbox 3588 3537 3602 3575; x_wconf 74' lang='grc' dir='ltr'><em>τ</em></span> <span class='ocrx_word' id='word_1_675' title='bbox 3632 3517 3789 3572; x_wconf 77' lang='lat' dir='ltr'><strong>fidelis</strong></span> 
     </span>
    </p>
   </div>
   <div class='ocr_carea' id='block_1_94' title="bbox 2219 3612 3786 3690">
    <p class='ocr_par' dir='ltr' id='par_1_94' title="bbox 2219 3612 3786 3690">
     <span class='ocr_line' id='line_1_94' title="bbox 2219 3612 3786 3690; baseline -0.013 -8"><span class='ocrx_word' id='word_1_676' title='bbox 2219 3627 2290 3682; x_wconf 90' lang='lat' dir='ltr'><strong>sit</strong></span> <span class='ocrx_word' id='word_1_677' title='bbox 2325 3627 2412 3681; x_wconf 88' lang='lat' dir='ltr'><strong>ille</strong></span> <span class='ocrx_word' id='word_1_678' title='bbox 2445 3638 2633 3679; x_wconf 82' lang='lat' dir='ltr'><strong>servus</strong></span> <span class='ocrx_word' id='word_1_679' title='bbox 2656 3630 2709 3675; x_wconf 90' lang='lat' dir='ltr'><strong>et</strong></span> <span class='ocrx_word' id='word_1_680' title='bbox 2733 3619 2991 3690; x_wconf 91' lang='lat' dir='ltr'><strong>prudens,</strong></span> <span class='ocrx_word' id='word_1_681' title='bbox 3024 3627 3083 3671; x_wconf 91' lang='lat' dir='ltr'><strong>ut</strong></span> <span class='ocrx_word' id='word_1_682' title='bbox 3104 3615 3334 3687; x_wconf 85' lang='lat' dir='ltr'><strong>gaudeat</strong></span> <span class='ocrx_word' id='word_1_683' title='bbox 3365 3612 3648 3667; x_wconf 87' lang='lat' dir='ltr'><strong>Dominus</strong></span> <span class='ocrx_word' id='word_1_684' title='bbox 3677 3624 3786 3664; x_wconf 84' lang='lat' dir='ltr'><strong>eum</strong></span> 
     </span>
    </p>
   </div>
   <div class='ocr_carea' id='block_1_95' title="bbox 2219 3702 3787 3787">
    <p class='ocr_par' dir='ltr' id='par_1_95' title="bbox 2219 3702 3787 3787">
     <span class='ocr_line' id='line_1_95' title="bbox 2219 3702 3787 3787; baseline -0.014 -12"><span class='ocrx_word' id='word_1_685' title='bbox 2219 3733 2381 3787; x_wconf 87' lang='lat' dir='ltr'><strong>super</strong></span> <span class='ocrx_word' id='word_1_686' title='bbox 2418 3717 2560 3771; x_wconf 91' lang='lat' dir='ltr'><strong>bona</strong></span> <span class='ocrx_word' id='word_1_687' title='bbox 2609 3727 2707 3770; x_wconf 90' lang='lat' dir='ltr'><strong>sua</strong></span> <span class='ocrx_word' id='word_1_688' title='bbox 2754 3711 3101 3769; x_wconf 88' lang='lat' dir='ltr'><strong>constituisse</strong></span> <span class='ocrx_word' id='word_1_689' title='bbox 3132 3710 3181 3773; x_wconf 78' lang='grc'><strong>⁸,</strong></span> <span class='ocrx_word' id='word_1_690' title='bbox 3217 3715 3271 3762; x_wconf 92' lang='lat' dir='ltr'><strong>et</strong></span> <span class='ocrx_word' id='word_1_691' title='bbox 3296 3703 3593 3760; x_wconf 88' lang='lat' dir='ltr'><strong>Christum</strong></span> <span class='ocrx_word' id='word_1_692' title='bbox 3624 3705 3678 3758; x_wconf 90' lang='lat' dir='ltr'><strong>in</strong></span> <span class='ocrx_word' id='word_1_693' title='bbox 3710 3702 3787 3756; x_wconf 73' lang='lat' dir='ltr'><strong>illo</strong></span> 
     </span>
    </p>
   </div>
   <div class='ocr_carea' id='block_1_96' title="bbox 2221 3811 2500 3883">
    <p class='ocr_par' dir='ltr' id='par_1_96' title="bbox 2221 3811 2500 3883">
     <span class='ocr_line' id='line_1_96' title="bbox 2221 3811 2500 3883; baseline -0.011 -17"><span class='ocrx_word' id='word_1_694' title='bbox 2221 3811 2500 3883; x_wconf 87' lang='lat' dir='ltr'><strong>glorificet.</strong></span> 
     </span>
    </p>
   </div>
   <div class='ocr_carea' id='block_1_97' title="bbox 2290 3914 3786 3991">
    <p class='ocr_par' dir='ltr' id='par_1_97' title="bbox 2290 3914 3786 3991">
     <span class='ocr_line' id='line_1_97' title="bbox 2290 3914 3786 3991; baseline -0.011 -10"><span class='ocrx_word' id='word_1_695' title='bbox 2290 3926 2356 3981; x_wconf 72' lang='grc' dir='ltr'><strong>ν.</strong></span> <span class='ocrx_word' id='word_1_696' title='bbox 2397 3926 2508 3982; x_wconf 86' lang='lat' dir='ltr'><strong>Nec</strong></span> <span class='ocrx_word' id='word_1_697' title='bbox 2550 3927 2727 3981; x_wconf 89' lang='lat' dir='ltr'><strong>minor</strong></span> <span class='ocrx_word' id='word_1_698' title='bbox 2761 3924 2867 3979; x_wconf 89' lang='lat' dir='ltr'><strong>erit</strong></span> <span class='ocrx_word' id='word_1_699' title='bbox 2905 3922 2980 3976; x_wconf 91' lang='lat' dir='ltr'><strong>illi</strong></span> <span class='ocrx_word' id='word_1_700' title='bbox 3011 3919 3285 3991; x_wconf 85' lang='lat' dir='ltr'><strong>diligentia</strong></span> <span class='ocrx_word' id='word_1_701' title='bbox 3317 3927 3370 3971; x_wconf 87' lang='lat' dir='ltr'><strong>et</strong></span> <span class='ocrx_word' id='word_1_702' title='bbox 3399 3929 3541 3970; x_wconf 86' lang='lat' dir='ltr'><strong>cura</strong></span> <span class='ocrx_word' id='word_1_703' title='bbox 3573 3914 3670 3983; x_wconf 90' lang='lat' dir='ltr'><strong>qui</strong></span> <span class='ocrx_word' id='word_1_704' title='bbox 3705 3926 3786 3964; x_wconf 76' lang='lat' dir='ltr'><strong>ve-</strong></span> 
     </span>
    </p>
   </div>
   <div class='ocr_carea' id='block_1_98' title="bbox 2222 4004 3787 4088">
    <p class='ocr_par' dir='ltr' id='par_1_98' title="bbox 2222 4004 3787 4088">
     <span class='ocr_line' id='line_1_98' title="bbox 2222 4004 3787 4088; baseline -0.013 -13"><span class='ocrx_word' id='word_1_705' title='bbox 2222 4030 2333 4075; x_wconf 91' lang='lat' dir='ltr'><strong>stes</strong></span> <span class='ocrx_word' id='word_1_706' title='bbox 2377 4029 2431 4074; x_wconf 89' lang='lat' dir='ltr'><strong>et</strong></span> <span class='ocrx_word' id='word_1_707' title='bbox 2465 4018 2763 4088; x_wconf 89' lang='lat' dir='ltr'><strong>imperialia</strong></span> <span class='ocrx_word' id='word_1_708' title='bbox 2790 4017 2991 4071; x_wconf 89' lang='lat' dir='ltr'><strong>detinet</strong></span> <span class='ocrx_word' id='word_1_709' title='bbox 3039 4020 3389 4070; x_wconf 84' lang='lat' dir='ltr'><strong>ornamenta,</strong></span> <span class='ocrx_word' id='word_1_710' title='bbox 3446 4023 3581 4077; x_wconf 72' lang='lat' dir='ltr'><strong>quze</strong></span> <span class='ocrx_word' id='word_1_711' title='bbox 3624 4004 3787 4062; x_wconf 80' lang='lat' dir='ltr'><strong>omnia</strong></span> 
     </span>
    </p>
   </div>
   <div class='ocr_carea' id='block_1_99' title="bbox 2222 4099 3786 4170">
    <p class='ocr_par' dir='ltr' id='par_1_99' title="bbox 2222 4099 3786 4170">
     <span class='ocr_line' id='line_1_99' title="bbox 2222 4099 3786 4170; baseline -0.011 -4"><span class='ocrx_word' id='word_1_712' title='bbox 2222 4112 2323 4166; x_wconf 88' lang='lat' dir='ltr'><strong>sub</strong></span> <span class='ocrx_word' id='word_1_713' title='bbox 2368 4110 2671 4166; x_wconf 90' lang='lat' dir='ltr'><strong>certissimo</strong></span> <span class='ocrx_word' id='word_1_714' title='bbox 2706 4109 2881 4163; x_wconf 89' lang='lat' dir='ltr'><strong>indice</strong></span> <span class='ocrx_word' id='word_1_715' title='bbox 2911 4106 3105 4161; x_wconf 88' lang='lat' dir='ltr'><strong>habeat</strong></span> <span class='ocrx_word' id='word_1_716' title='bbox 3154 4114 3204 4158; x_wconf 87' lang='lat' dir='ltr'><strong>et</strong></span> <span class='ocrx_word' id='word_1_717' title='bbox 3257 4103 3485 4157; x_wconf 84' lang='lat' dir='ltr'><strong>adnotet</strong></span> <span class='ocrx_word' id='word_1_718' title='bbox 3534 4117 3667 4170; x_wconf 81' lang='lat' dir='ltr'><strong>qua:</strong></span> <span class='ocrx_word' id='word_1_719' title='bbox 3710 4099 3786 4151; x_wconf 71' lang='lat' dir='ltr'><strong>illa</strong></span> 
     </span>
    </p>
   </div>
   <div class='ocr_carea' id='block_1_100' title="bbox 2223 4192 3788 4270">
    <p class='ocr_par' dir='ltr' id='par_1_100' title="bbox 2223 4192 3788 4270">
     <span class='ocr_line' id='line_1_100' title="bbox 2223 4192 3788 4270; baseline -0.01 -14"><span class='ocrx_word' id='word_1_720' title='bbox 2223 4202 2351 4267; x_wconf 89' lang='lat' dir='ltr'><strong>sint,</strong></span> <span class='ocrx_word' id='word_1_721' title='bbox 2396 4202 2599 4270; x_wconf 88' lang='lat' dir='ltr'><strong>qualia,</strong></span> <span class='ocrx_word' id='word_1_722' title='bbox 2630 4201 2829 4270; x_wconf 91' lang='lat' dir='ltr'><strong>quibus</strong></span> <span class='ocrx_word' id='word_1_723' title='bbox 2874 4199 2927 4251; x_wconf 91' lang='lat' dir='ltr'><strong>in</strong></span> <span class='ocrx_word' id='word_1_724' title='bbox 2976 4197 3108 4252; x_wconf 87' lang='lat' dir='ltr'><strong>locis</strong></span> <span class='ocrx_word' id='word_1_725' title='bbox 3142 4194 3441 4255; x_wconf 83' lang='lat' dir='ltr'><strong>recondita,</strong></span> <span class='ocrx_word' id='word_1_726' title='bbox 3479 4192 3707 4262; x_wconf 89' lang='lat' dir='ltr'><strong>quando</strong></span> <span class='ocrx_word' id='word_1_727' title='bbox 3735 4204 3788 4241; x_wconf 71' lang='lat' dir='ltr'><strong>ea</strong></span> 
     </span>
    </p>
   </div>
   <div class='ocr_carea' id='block_1_101' title="bbox 2224 4280 3790 4363">
    <p class='ocr_par' dir='ltr' id='par_1_101' title="bbox 2224 4280 3790 4363">
     <span class='ocr_line' id='line_1_101' title="bbox 2224 4280 3790 4363; baseline -0.011 -16"><span class='ocrx_word' id='word_1_728' title='bbox 2224 4292 2489 4363; x_wconf 90' lang='lat' dir='ltr'><strong>acceperit</strong></span> <span class='ocrx_word' id='word_1_729' title='bbox 2535 4300 2643 4346; x_wconf 89' lang='lat' dir='ltr'><strong>eta</strong></span> <span class='ocrx_word' id='word_1_730' title='bbox 2692 4290 2924 4359; x_wconf 89' lang='lat' dir='ltr'><strong>quibus,</strong></span> <span class='ocrx_word' id='word_1_731' title='bbox 2971 4305 3038 4343; x_wconf 91' lang='lat' dir='ltr'><strong>an</strong></span> <span class='ocrx_word' id='word_1_732' title='bbox 3085 4286 3349 4341; x_wconf 88' lang='lat' dir='ltr'><strong>maculata</strong></span> <span class='ocrx_word' id='word_1_733' title='bbox 3375 4284 3514 4337; x_wconf 88' lang='lat' dir='ltr'><strong>.sint</strong></span> <span class='ocrx_word' id='word_1_734' title='bbox 3565 4283 3653 4337; x_wconf 83' lang='lat' dir='ltr'><strong>vel</strong></span> <span class='ocrx_word' id='word_1_735' title='bbox 3690 4280 3790 4335; x_wconf 77' lang='lat' dir='ltr'><strong>sine</strong></span> 
     </span>
    </p>
   </div>
   <div class='ocr_carea' id='block_1_102' title="bbox 2227 4379 3791 4449">
    <p class='ocr_par' dir='ltr' id='par_1_102' title="bbox 2227 4379 3791 4449">
     <span class='ocr_line' id='line_1_102' title="bbox 2227 4379 3791 4449; baseline -0.008 -8"><span class='ocrx_word' id='word_1_736' title='bbox 2227 4386 2436 4443; x_wconf 89' lang='lat' dir='ltr'><strong>macula</strong></span> <span class='ocrx_word' id='word_1_737' title='bbox 2468 4404 2481 4439; x_wconf 88' lang='lat'>:</span> <span class='ocrx_word' id='word_1_738' title='bbox 2516 4385 2607 4438; x_wconf 93' lang='lat' dir='ltr'><strong>illa</strong></span> <span class='ocrx_word' id='word_1_739' title='bbox 2642 4384 2822 4439; x_wconf 91' lang='lat' dir='ltr'><strong>omnia</strong></span> <span class='ocrx_word' id='word_1_740' title='bbox 2859 4397 2958 4437; x_wconf 90' lang='lat' dir='ltr'><strong>sua</strong></span> <span class='ocrx_word' id='word_1_741' title='bbox 2993 4379 3267 4449; x_wconf 89' lang='lat' dir='ltr'><strong>diligentia</strong></span> <span class='ocrx_word' id='word_1_742' title='bbox 3300 4385 3636 4441; x_wconf 84' lang='lat' dir='ltr'><strong>conservet;</strong></span> <span class='ocrx_word' id='word_1_743' title='bbox 3668 4387 3791 4439; x_wconf 58' lang='grc' dir='ltr'><strong>ςεββ</strong></span> 
     </span>
    </p>
   </div>
   <div class='ocr_carea' id='block_1_103' title="bbox 2155 4471 3790 4545">
    <p class='ocr_par' dir='ltr' id='par_1_103' title="bbox 2155 4471 3790 4545">
     <span class='ocr_line' id='line_1_103' title="bbox 2155 4471 3790 4545; baseline -0.007 -15"><span class='ocrx_word' id='word_1_744' title='bbox 2155 4477 2197 4530; x_wconf 89' lang='lat' dir='ltr'><strong>D</strong></span> <span class='ocrx_word' id='word_1_745' title='bbox 2228 4479 2484 4540; x_wconf 87' lang='lat' dir='ltr'><strong>revidcat,</strong></span> <span class='ocrx_word' id='word_1_746' title='bbox 2534 4491 2675 4545; x_wconf 63' lang='lat' dir='ltr'><strong>saepe</strong></span> <span class='ocrx_word' id='word_1_747' title='bbox 2719 4482 3009 4545; x_wconf 88' lang='lat' dir='ltr'><strong>pertractet</strong></span> <span class='ocrx_word' id='word_1_748' title='bbox 3047 4482 3104 4528; x_wconf 90' lang='lat' dir='ltr'><strong>ut</strong></span> <span class='ocrx_word' id='word_1_749' title='bbox 3148 4471 3360 4527; x_wconf 89' lang='lat' dir='ltr'><strong>facilius</strong></span> <span class='ocrx_word' id='word_1_750' title='bbox 3388 4482 3790 4537; x_wconf 76' lang='lat' dir='ltr'><strong>recognoscan-</strong></span> 
     </span>
    </p>
   </div>
   <div class='ocr_carea' id='block_1_104' title="bbox 2230 4563 3794 4636">
    <p class='ocr_par' dir='ltr' id='par_1_104' title="bbox 2230 4563 3794 4636">
     <span class='ocr_line' id='line_1_104' title="bbox 2230 4563 3794 4636; baseline -0.008 -11"><span class='ocrx_word' id='word_1_751' title='bbox 2230 4581 2317 4625; x_wconf 91' lang='lat' dir='ltr'><strong>tur</strong></span> <span class='ocrx_word' id='word_1_752' title='bbox 2352 4590 2366 4624; x_wconf 89' lang='lat'><strong>:</strong></span> <span class='ocrx_word' id='word_1_753' title='bbox 2399 4569 2581 4625; x_wconf 86' lang='lat' dir='ltr'><strong>omnia</strong></span> <span class='ocrx_word' id='word_1_754' title='bbox 2608 4569 2685 4622; x_wconf 91' lang='lat' dir='ltr'><strong>illi</strong></span> <span class='ocrx_word' id='word_1_755' title='bbox 2716 4569 2826 4622; x_wconf 90' lang='lat' dir='ltr'><strong>sint</strong></span> <span class='ocrx_word' id='word_1_756' title='bbox 2852 4568 2903 4620; x_wconf 92' lang='lat' dir='ltr'><strong>iu</strong></span> <span class='ocrx_word' id='word_1_757' title='bbox 2931 4574 3202 4636; x_wconf 90' lang='lat' dir='ltr'><strong>promptu,</strong></span> <span class='ocrx_word' id='word_1_758' title='bbox 3233 4563 3414 4617; x_wconf 88' lang='lat' dir='ltr'><strong>omnia</strong></span> <span class='ocrx_word' id='word_1_759' title='bbox 3443 4571 3644 4631; x_wconf 81' lang='lat' dir='ltr'><strong>parata</strong></span> <span class='ocrx_word' id='word_1_760' title='bbox 3671 4577 3686 4613; x_wconf 91' lang='lat'>:</span> <span class='ocrx_word' id='word_1_761' title='bbox 3713 4573 3794 4627; x_wconf 79' lang='lat' dir='ltr'><strong>pe-</strong></span> 
     </span>
    </p>
   </div>
   <div class='ocr_carea' id='block_1_105' title="bbox 2228 4656 3793 4730">
    <p class='ocr_par' dir='ltr' id='par_1_105' title="bbox 2228 4656 3793 4730">
     <span class='ocr_line' id='line_1_105' title="bbox 2228 4656 3793 4730; baseline -0.009 -13"><span class='ocrx_word' id='word_1_762' title='bbox 2228 4663 2389 4717; x_wconf 89' lang='lat' dir='ltr'><strong>tentis</strong></span> <span class='ocrx_word' id='word_1_763' title='bbox 2433 4675 2643 4730; x_wconf 91' lang='lat' dir='ltr'><strong>semper</strong></span> <span class='ocrx_word' id='word_1_764' title='bbox 2690 4658 2951 4729; x_wconf 87' lang='lat' dir='ltr'><strong>principis</strong></span> <span class='ocrx_word' id='word_1_765' title='bbox 2992 4667 3085 4711; x_wconf 88' lang='lat' dir='ltr'><strong>aut</strong></span> <span class='ocrx_word' id='word_1_766' title='bbox 3118 4656 3386 4726; x_wconf 63' lang='lat' dir='ltr'><strong>praepositi</strong></span> <span class='ocrx_word' id='word_1_767' title='bbox 3432 4656 3523 4708; x_wconf 87' lang='lat' dir='ltr'><strong>sui</strong></span> <span class='ocrx_word' id='word_1_768' title='bbox 3562 4664 3793 4708; x_wconf 81' lang='lat' dir='ltr'><strong>mentem</strong></span> 
     </span>
    </p>
   </div>
   <div class='ocr_carea' id='block_1_106' title="bbox 2229 4746 3796 4821">
    <p class='ocr_par' dir='ltr' id='par_1_106' title="bbox 2229 4746 3796 4821">
     <span class='ocr_line' id='line_1_106' title="bbox 2229 4746 3796 4821; baseline -0.01 -13"><span class='ocrx_word' id='word_1_769' title='bbox 2229 4756 2282 4808; x_wconf 90' lang='lat' dir='ltr'><strong>in</strong></span> <span class='ocrx_word' id='word_1_770' title='bbox 2322 4753 2469 4807; x_wconf 90' lang='lat' dir='ltr'><strong>omni</strong></span> <span class='ocrx_word' id='word_1_771' title='bbox 2496 4768 2553 4807; x_wconf 91' lang='lat' dir='ltr'><strong>re</strong></span> <span class='ocrx_word' id='word_1_772' title='bbox 2584 4752 2747 4821; x_wconf 88' lang='lat' dir='ltr'><strong>petita</strong></span> <span class='ocrx_word' id='word_1_773' title='bbox 2777 4749 3133 4805; x_wconf 82' lang='lat' dir='ltr'><strong>clarissimam</strong></span> <span class='ocrx_word' id='word_1_774' title='bbox 3164 4747 3384 4809; x_wconf 86' lang='lat' dir='ltr'><strong>reddat;</strong></span> <span class='ocrx_word' id='word_1_775' title='bbox 3428 4746 3505 4800; x_wconf 89' lang='lat' dir='ltr'><strong>ita</strong></span> <span class='ocrx_word' id='word_1_776' title='bbox 3532 4757 3721 4799; x_wconf 80' lang='lat' dir='ltr'><strong>tamen</strong></span> <span class='ocrx_word' id='word_1_777' title='bbox 3746 4755 3796 4795; x_wconf 83' lang='lat' dir='ltr'><strong>nt</strong></span> 
     </span>
    </p>
   </div>
   <div class='ocr_carea' id='block_1_107' title="bbox 2229 4838 3795 4908">
    <p class='ocr_par' dir='ltr' id='par_1_107' title="bbox 2229 4838 3795 4908">
     <span class='ocr_line' id='line_1_107' title="bbox 2229 4838 3795 4908; baseline -0.008 -11"><span class='ocrx_word' id='word_1_778' title='bbox 2229 4843 2414 4897; x_wconf 89' lang='lat' dir='ltr'><strong>omnia</strong></span> <span class='ocrx_word' id='word_1_779' title='bbox 2442 4858 2565 4896; x_wconf 88' lang='lat' dir='ltr'><strong>cum</strong></span> <span class='ocrx_word' id='word_1_780' title='bbox 2599 4841 2901 4895; x_wconf 88' lang='lat' dir='ltr'><strong>humilitate</strong></span> <span class='ocrx_word' id='word_1_781' title='bbox 2936 4838 3245 4908; x_wconf 90' lang='lat' dir='ltr'><strong>etjucunda</strong></span> <span class='ocrx_word' id='word_1_782' title='bbox 3274 4839 3537 4908; x_wconf 87' lang='lat' dir='ltr'><strong>patientia</strong></span> <span class='ocrx_word' id='word_1_783' title='bbox 3564 4839 3725 4901; x_wconf 84' lang='lat' dir='ltr'><strong>fiant,</strong></span> <span class='ocrx_word' id='word_1_784' title='bbox 3752 4845 3795 4885; x_wconf 72' lang='lat' dir='ltr'><strong>et</strong></span> 
     </span>
    </p>
   </div>
   <div class='ocr_carea' id='block_1_108' title="bbox 2229 4927 3514 4999">
    <p class='ocr_par' dir='ltr' id='par_1_108' title="bbox 2229 4927 3514 4999">
     <span class='ocr_line' id='line_1_108' title="bbox 2229 4927 3514 4999; baseline -0.007 -11"><span class='ocrx_word' id='word_1_785' title='bbox 2229 4931 2429 4989; x_wconf 87' lang='lat' dir='ltr'><strong>Christi</strong></span> <span class='ocrx_word' id='word_1_786' title='bbox 2459 4948 2654 4987; x_wconf 89' lang='lat' dir='ltr'><strong>nomen</strong></span> <span class='ocrx_word' id='word_1_787' title='bbox 2688 4932 2851 4986; x_wconf 87' lang='lat' dir='ltr'><strong>etiam</strong></span> <span class='ocrx_word' id='word_1_788' title='bbox 2886 4932 2938 4985; x_wconf 92' lang='lat' dir='ltr'><strong>in</strong></span> <span class='ocrx_word' id='word_1_789' title='bbox 2970 4945 3027 4984; x_wconf 91' lang='lat' dir='ltr'><strong>re</strong></span> <span class='ocrx_word' id='word_1_790' title='bbox 3053 4945 3215 4999; x_wconf 86' lang='lat' dir='ltr'><strong>parva</strong></span> <span class='ocrx_word' id='word_1_791' title='bbox 3241 4927 3514 4981; x_wconf 84' lang='lat' dir='ltr'><strong>laudetur.</strong></span> 
     </span>
    </p>
   </div>
   <div class='ocr_carea' id='block_1_109' title="bbox 2301 5036 3797 5111">
    <p class='ocr_par' dir='ltr' id='par_1_109' title="bbox 2301 5036 3797 5111">
     <span class='ocr_line' id='line_1_109' title="bbox 2301 5036 3797 5111; baseline -0.009 -14"><span class='ocrx_word' id='word_1_792' title='bbox 2301 5041 2389 5097; x_wconf 76' lang='lat' dir='ltr'><strong>Vl.</strong></span> <span class='ocrx_word' id='word_1_793' title='bbox 2432 5041 2604 5096; x_wconf 89' lang='lat' dir='ltr'><strong>Simili</strong></span> <span class='ocrx_word' id='word_1_794' title='bbox 2636 5041 2797 5097; x_wconf 84' lang='lat' dir='ltr'><strong>modo</strong></span> <span class='ocrx_word' id='word_1_795' title='bbox 2819 5041 2906 5095; x_wconf 92' lang='lat' dir='ltr'><strong>ille</strong></span> <span class='ocrx_word' id='word_1_796' title='bbox 2928 5048 3071 5111; x_wconf 88' lang='lat' dir='ltr'><strong>agat,</strong></span> <span class='ocrx_word' id='word_1_797' title='bbox 3103 5038 3259 5107; x_wconf 90' lang='lat' dir='ltr'><strong>cujus</strong></span> <span class='ocrx_word' id='word_1_798' title='bbox 3287 5036 3409 5091; x_wconf 89' lang='lat' dir='ltr'><strong>fidei</strong></span> <span class='ocrx_word' id='word_1_799' title='bbox 3436 5036 3659 5091; x_wconf 84' lang='lat' dir='ltr'><strong>credita</strong></span> <span class='ocrx_word' id='word_1_800' title='bbox 3684 5045 3797 5089; x_wconf 61' lang='lat' dir='ltr'><strong>Sllni</strong></span> 
     </span>
    </p>
   </div>
   <div class='ocr_carea' id='block_1_110' title="bbox 2232 5130 3793 5207">
    <p class='ocr_par' dir='ltr' id='par_1_110' title="bbox 2232 5130 3793 5207">
     <span class='ocr_line' id='line_1_110' title="bbox 2232 5130 3793 5207; baseline -0.008 -16"><span class='ocrx_word' id='word_1_801' title='bbox 2232 5153 2360 5193; x_wconf 83' lang='lat' dir='ltr'><strong>vasa</strong></span> <span class='ocrx_word' id='word_1_802' title='bbox 2405 5148 2659 5207; x_wconf 89' lang='lat' dir='ltr'><strong>argentea</strong></span> <span class='ocrx_word' id='word_1_803' title='bbox 2685 5177 2698 5200; x_wconf 97' lang='lat'><strong>,</strong></span> <span class='ocrx_word' id='word_1_804' title='bbox 2735 5150 2933 5197; x_wconf 86' lang='lat' dir='ltr'><strong>aurea,</strong></span> <span class='ocrx_word' id='word_1_805' title='bbox 2983 5132 3313 5204; x_wconf 83' lang='lat' dir='ltr'><strong>crystallina,</strong></span> <span class='ocrx_word' id='word_1_806' title='bbox 3355 5130 3438 5184; x_wconf 79' lang='lat' dir='ltr'><strong>vel</strong></span> <span class='ocrx_word' id='word_1_807' title='bbox 3482 5130 3793 5184; x_wconf 81' lang='lat' dir='ltr'><strong>murrhina.</strong></span> 
     </span>
    </p>
   </div>
   <div class='ocr_carea' id='block_1_111' title="bbox 2232 5223 3793 5297">
    <p class='ocr_par' dir='ltr' id='par_1_111' title="bbox 2232 5223 3793 5297">
     <span class='ocr_line' id='line_1_111' title="bbox 2232 5223 3793 5297; baseline -0.004 -13"><span class='ocrx_word' id='word_1_808' title='bbox 2232 5229 2463 5295; x_wconf 91' lang='lat' dir='ltr'><strong>escaria,</strong></span> <span class='ocrx_word' id='word_1_809' title='bbox 2495 5228 2583 5282; x_wconf 91' lang='lat' dir='ltr'><strong>vel</strong></span> <span class='ocrx_word' id='word_1_810' title='bbox 2614 5227 2851 5297; x_wconf 90' lang='lat' dir='ltr'><strong>potoria;</strong></span> <span class='ocrx_word' id='word_1_811' title='bbox 2888 5225 3067 5280; x_wconf 88' lang='lat' dir='ltr'><strong>omnia</strong></span> <span class='ocrx_word' id='word_1_812' title='bbox 3097 5225 3367 5293; x_wconf 86' lang='lat' dir='ltr'><strong>disponat,</strong></span> <span class='ocrx_word' id='word_1_813' title='bbox 3415 5223 3609 5276; x_wconf 85' lang='lat' dir='ltr'><strong>omnia</strong></span> <span class='ocrx_word' id='word_1_814' title='bbox 3637 5228 3793 5277; x_wconf 77' lang='lat' dir='ltr'><strong>notet.</strong></span> 
     </span>
    </p>
   </div>
   <div class='ocr_carea' id='block_1_112' title="bbox 2232 5310 3793 5389">
    <p class='ocr_par' dir='ltr' id='par_1_112' title="bbox 2232 5310 3793 5389">
     <span class='ocr_line' id='line_1_112' title="bbox 2232 5310 3793 5389; baseline -0.009 -16"><span class='ocrx_word' id='word_1_815' title='bbox 2232 5328 2286 5373; x_wconf 91' lang='lat' dir='ltr'><strong>et</strong></span> <span class='ocrx_word' id='word_1_816' title='bbox 2308 5328 2441 5389; x_wconf 92' lang='lat' dir='ltr'><strong>quot</strong></span> <span class='ocrx_word' id='word_1_817' title='bbox 2462 5319 2715 5387; x_wconf 86' lang='lat' dir='ltr'><strong>qualesve</strong></span> <span class='ocrx_word' id='word_1_818' title='bbox 2744 5318 2853 5371; x_wconf 90' lang='lat' dir='ltr'><strong>sint</strong></span> <span class='ocrx_word' id='word_1_819' title='bbox 2878 5316 2930 5369; x_wconf 92' lang='lat' dir='ltr'><strong>in</strong></span> <span class='ocrx_word' id='word_1_820' title='bbox 2960 5315 3065 5369; x_wconf 91' lang='lat' dir='ltr'><strong>illis</strong></span> <span class='ocrx_word' id='word_1_821' title='bbox 3091 5315 3296 5382; x_wconf 86' lang='lat' dir='ltr'><strong>lapides</strong></span> <span class='ocrx_word' id='word_1_822' title='bbox 3325 5312 3554 5381; x_wconf 88' lang='lat' dir='ltr'><strong>pretiosi</strong></span> <span class='ocrx_word' id='word_1_823' title='bbox 3584 5328 3687 5365; x_wconf 84' lang='lat' dir='ltr'><strong>sua</strong></span> <span class='ocrx_word' id='word_1_824' title='bbox 3720 5310 3793 5361; x_wconf 73' lang='lat' dir='ltr'><strong>tti-</strong></span> 
     </span>
    </p>
   </div>
   <div class='ocr_carea' id='block_1_113' title="bbox 2232 5402 3792 5479">
    <p class='ocr_par' dir='ltr' id='par_1_113' title="bbox 2232 5402 3792 5479">
     <span class='ocr_line' id='line_1_113' title="bbox 2232 5402 3792 5479; baseline -0.008 -17"><span class='ocrx_word' id='word_1_825' title='bbox 2232 5410 2447 5479; x_wconf 87' lang='lat' dir='ltr'><strong>figentia</strong></span> <span class='ocrx_word' id='word_1_826' title='bbox 2481 5416 2868 5472; x_wconf 87' lang='lat' dir='ltr'><strong>connumeret;</strong></span> <span class='ocrx_word' id='word_1_827' title='bbox 2905 5407 3088 5460; x_wconf 90' lang='lat' dir='ltr'><strong>omnia</strong></span> <span class='ocrx_word' id='word_1_828' title='bbox 3126 5419 3321 5475; x_wconf 88' lang='lat' dir='ltr'><strong>magna</strong></span> <span class='ocrx_word' id='word_1_829' title='bbox 3349 5418 3475 5457; x_wconf 87' lang='lat' dir='ltr'><strong>cum</strong></span> <span class='ocrx_word' id='word_1_830' title='bbox 3517 5402 3792 5473; x_wconf 76' lang='lat' dir='ltr'><strong>prudentia</strong></span> 
     </span>
    </p>
   </div>
   <div class='ocr_carea' id='block_1_114' title="bbox 2234 5494 3789 5567">
    <p class='ocr_par' dir='ltr' id='par_1_114' title="bbox 2234 5494 3789 5567">
     <span class='ocr_line' id='line_1_114' title="bbox 2234 5494 3789 5567; baseline -0.009 -12"><span class='ocrx_word' id='word_1_831' title='bbox 2234 5502 2558 5567; x_wconf 86' lang='lat' dir='ltr'><strong>consideret,</strong></span> <span class='ocrx_word' id='word_1_832' title='bbox 2595 5500 2773 5554; x_wconf 89' lang='lat' dir='ltr'><strong>omnia</strong></span> <span class='ocrx_word' id='word_1_833' title='bbox 2804 5498 2914 5552; x_wconf 87' lang='lat' dir='ltr'><strong>suis</strong></span> <span class='ocrx_word' id='word_1_834' title='bbox 2945 5498 3077 5551; x_wconf 89' lang='lat' dir='ltr'><strong>locis</strong></span> <span class='ocrx_word' id='word_1_835' title='bbox 3119 5506 3171 5551; x_wconf 82' lang='lat' dir='ltr'><strong>et</strong></span> <span class='ocrx_word' id='word_1_836' title='bbox 3213 5495 3553 5563; x_wconf 87' lang='lat' dir='ltr'><strong>temporibus</strong></span> <span class='ocrx_word' id='word_1_837' title='bbox 3580 5494 3789 5564; x_wconf 74' lang='lat' dir='ltr'><strong>prodat;</strong></span> 
     </span>
    </p>
   </div>
   <div class='ocr_carea' id='block_1_115' title="bbox 2235 5585 3791 5661">
    <p class='ocr_par' dir='ltr' id='par_1_115' title="bbox 2235 5585 3791 5661">
     <span class='ocr_line' id='line_1_115' title="bbox 2235 5585 3791 5661; baseline -0.01 -12"><span class='ocrx_word' id='word_1_838' title='bbox 2235 5595 2318 5649; x_wconf 88' lang='lat' dir='ltr'><strong>cui</strong></span> <span class='ocrx_word' id='word_1_839' title='bbox 2349 5594 2440 5648; x_wconf 90' lang='lat' dir='ltr'><strong>dat</strong></span> <span class='ocrx_word' id='word_1_840' title='bbox 2460 5602 2512 5647; x_wconf 89' lang='lat' dir='ltr'><strong>et</strong></span> <span class='ocrx_word' id='word_1_841' title='bbox 2542 5592 2780 5661; x_wconf 88' lang='lat' dir='ltr'><strong>quando,</strong></span> <span class='ocrx_word' id='word_1_842' title='bbox 2807 5607 2837 5645; x_wconf 91' lang='lat' dir='ltr'><strong>a</strong></span> <span class='ocrx_word' id='word_1_843' title='bbox 2860 5591 3057 5660; x_wconf 90' lang='lat' dir='ltr'><strong>quibus</strong></span> <span class='ocrx_word' id='word_1_844' title='bbox 3083 5604 3146 5644; x_wconf 92' lang='lat' dir='ltr'><strong>ea</strong></span> <span class='ocrx_word' id='word_1_845' title='bbox 3169 5587 3359 5657; x_wconf 86' lang='lat' dir='ltr'><strong>recipit</strong></span> <span class='ocrx_word' id='word_1_846' title='bbox 3387 5585 3791 5657; x_wconf 82' lang='lat' dir='ltr'><strong>diligentissime</strong></span> 
     </span>
    </p>
   </div>
   <div class='ocr_carea' id='block_1_116' title="bbox 677 5757 3786 5843">
    <p class='ocr_par' dir='ltr' id='par_1_116' title="bbox 677 5757 3786 5843">
     <span class='ocr_line' id='line_1_116' title="bbox 677 5757 3786 5843; baseline -0.005 -14"><span class='ocrx_word' id='word_1_847' title='bbox 677 5777 693 5807; x_wconf 78' lang='lat'>&#39;</span> <span class='ocrx_word' id='word_1_848' title='bbox 732 5775 916 5831; x_wconf 66' lang='lat' dir='ltr'><strong>Matth.</strong></span> <span class='ocrx_word' id='word_1_849' title='bbox 948 5793 999 5839; x_wconf 85' lang='lat' dir='ltr'><strong>v,</strong></span> <span class='ocrx_word' id='word_1_850' title='bbox 1034 5775 1119 5831; x_wconf 83' lang='lat' dir='ltr'><strong>l6.</strong></span> <span class='ocrx_word' id='word_1_851' title='bbox 1163 5779 1182 5807; x_wconf 76' lang='lat'>&#39;</span> <span class='ocrx_word' id='word_1_852' title='bbox 1211 5776 1423 5832; x_wconf 77' lang='lat' dir='ltr'><strong>Coloss.</strong></span> <span class='ocrx_word' id='word_1_853' title='bbox 1457 5790 1536 5839; x_wconf 88' lang='lat' dir='ltr'><strong>iit,</strong></span> <span class='ocrx_word' id='word_1_854' title='bbox 1570 5773 1622 5829; x_wconf 80' lang='grc'><strong>5.</strong></span> <span class='ocrx_word' id='word_1_855' title='bbox 1699 5773 1719 5806; x_wconf 86' lang='grc'><em>³</em></span> <span class='ocrx_word' id='word_1_856' title='bbox 1744 5772 1938 5843; x_wconf 85' lang='lat' dir='ltr'><strong>Ephes.</strong></span> <span class='ocrx_word' id='word_1_857' title='bbox 1974 5789 2023 5837; x_wconf 76' lang='grc' dir='ltr'><strong>ν,</strong></span> <span class='ocrx_word' id='word_1_858' title='bbox 2049 5773 2101 5826; x_wconf 75' lang='lat' dir='ltr'><strong>.t.</strong></span> <span class='ocrx_word' id='word_1_859' title='bbox 2178 5770 2198 5801; x_wconf 72' lang='grc'><strong>’⁸</strong></span> <span class='ocrx_word' id='word_1_860' title='bbox 2228 5769 2245 5824; x_wconf 94' lang='lat' dir='ltr'><strong>l</strong></span> <span class='ocrx_word' id='word_1_861' title='bbox 2279 5770 2388 5825; x_wconf 79' lang='lat' dir='ltr'><strong>l‘ct.</strong></span> <span class='ocrx_word' id='word_1_862' title='bbox 2424 5786 2494 5833; x_wconf 80' lang='lat' dir='ltr'><strong>iv,</strong></span> <span class='ocrx_word' id='word_1_863' title='bbox 2536 5769 2615 5823; x_wconf 91' lang='lat' dir='ltr'><strong>ll.</strong></span> <span class='ocrx_word' id='word_1_864' title='bbox 2659 5770 2677 5801; x_wconf 84' lang='grc'>⁸</span> <span class='ocrx_word' id='word_1_865' title='bbox 2706 5768 2723 5821; x_wconf 93' lang='lat' dir='ltr'><strong>l</strong></span> <span class='ocrx_word' id='word_1_866' title='bbox 2758 5768 2882 5824; x_wconf 88' lang='lat' dir='ltr'><strong>Cor.</strong></span> <span class='ocrx_word' id='word_1_867' title='bbox 2917 5783 2992 5833; x_wconf 80' lang='lat' dir='ltr'><strong>ix,</strong></span> <span class='ocrx_word' id='word_1_868' title='bbox 3015 5767 3105 5822; x_wconf 70' lang='lat'><strong>25.</strong></span> <span class='ocrx_word' id='word_1_869' title='bbox 3143 5766 3164 5799; x_wconf 84' lang='grc'><strong>⁸</strong></span> <span class='ocrx_word' id='word_1_870' title='bbox 3192 5762 3562 5829; x_wconf 67' lang='lat' dir='ltr'><strong>Matth.&#39;u2v,</strong></span> <span class='ocrx_word' id='word_1_871' title='bbox 3591 5760 3679 5823; x_wconf 58' lang='grc' dir='ltr'><strong>ω,</strong></span> <span class='ocrx_word' id='word_1_872' title='bbox 3708 5757 3786 5812; x_wconf 71' lang='grc' dir='ltr'><strong>ιτ.</strong></span> 
     </span>
    </p>
   </div>
  </div>
