3922 6502
175 381 200 439 1
213 383 316 441 5'73

1135 380 1353 439 EPIST.
1395 381 1486 437 AD
1524 377 1879 438 LL'CIANUM
1914 376 2460 436 CUBICULARIUM.

3286 391 3425 445 (ὅτι

168 507 468 578 inspiciat,
510 521 577 561 ne
624 521 780 561 error
827 514 881 559 et
926 479 1167 573 suspicio
1229 503 1368 557 mala
1419 503 1580 557 etiam
1622 517 1746 556 cum
1776 503 1823 560 Α
1849 499 2010 554 etiam
2041 514 2267 568 corpore
2304 509 2356 554 et
2396 499 2730 557 indumentis
2767 503 2955 558 mundi
2986 512 3040 558 et
3063 505 3240 576 nitidi,
3271 513 3421 569 nulla

170 599 371 666 majori
399 599 598 652 damno
625 599 676 652 in
707 598 867 652 rebus
895 596 1150 666 pretiosis
1177 608 1448 650 occurrat.

191 713 204 722 -
247 688 356 743 Vll.
400 688 492 742 llle
525 697 705 743 tamen
754 687 1057 757 praecipuus
1098 686 1239 740 inter
1283 701 1378 740 vos
1424 684 1528 738 erit
1569 691 1624 738 et
1667 682 1750 735 di-

169 781 586 852 ligentissimus,
617 779 703 834 cui
735 781 901 833 libros
924 778 1221 833 servandos
1248 777 1500 847 princeps
1527 774 1748 830 manda-

169 876 313 930 verit
339 893 354 928 :
386 875 531 928 hunc
559 873 674 943 ipse
702 888 768 927 ex
797 873 1022 942 probata
1058 870 1283 926 scientia
1322 870 1423 924 sibi
1468 870 1629 940 eliget
1659 869 1746 923 vi-

170 983 296 1021 rum
329 981 546 1034 gravem
576 973 629 1019 et
658 965 868 1035 magnis
921 963 1082 1018 rebus
1128 970 1335 1033 aptum,
1383 977 1447 1017 ac
1493 962 1747 1017 omnibus

168 1053 414 1122 quaesitis
446 1052 768 1121 respondere
794 1061 1076 1123 paratum,
1115 1053 1330 1121 qualem
1362 1051 1747 1120 Philadelphus

166 1145 446 1199 Aristeum
492 1145 742 1198 intimum
793 1143 1182 1199 cubicularium
1231 1143 1286 1198 in
1311 1158 1368 1198 re
1398 1143 1499 1198 hac
1527 1143 1744 1214 delegit,

167 1248 238 1288 ac
285 1233 640 1288 nobilissimae
690 1232 1029 1287 bibliothecae
1078 1231 1412 1301 prazposuit,
1466 1246 1625 1300 quem
1677 1232 1745 1286 ad

166 1325 488 1380 Eleazarum
521 1325 770 1379 maximis
793 1340 917 1379 cum
943 1324 1258 1379 muneribus
1287 1340 1383 1394 pro
1412 1322 1743 1378 traducenda

166 1414 450 1485 Scriptura
476 1430 630 1469 sacra
657 1414 890 1484 legatum
927 1413 1074 1468 misit
1102 1429 1116 1466 :
1154 1412 1240 1467 hic
1273 1413 1411 1467 idem
1459 1413 1740 1467 historiam

166 1506 522 1577 Septuaginta
551 1508 912 1576 Interprctum
943 1506 1098 1575 plene
1126 1504 1365 1573 scripsit.
1400 1503 1456 1558 Si
1486 1505 1648 1573 igitur
1676 1519 1742 1558 ex

163 1599 510 1654 credentibus
550 1598 604 1652 in
629 1597 908 1652 Christum
945 1597 1015 1650 ad
1053 1596 1154 1650 boc
1184 1595 1360 1665 ipsum
1389 1595 1620 1650 ofﬁcium
1647 1597 1744 1650 ad-

160 1690 349 1744 vocari
397 1690 694 1758 contingat,
742 1703 848 1742 non
899 1695 1120 1756 spernat
1146 1697 1199 1740 et
1231 1687 1346 1756 ipse
1387 1686 1592 1742 litteras
1639 1703 1740 1742 sae-

161 1778 380 1832 culares
428 1785 482 1832 et
525 1777 803 1847 gentilium
833 1776 1067 1847 ingenia,
1099 1791 1219 1847 quae
1253 1776 1552 1848 principem
1587 1777 1738 1831 oble-

1855 597 2034 643 tamen
2060 589 2432 660 superfluitate
2454 600 2548 645 aut
2570 591 2910 650 aﬂ‘ectatione
2933 598 3173 660 notandi,
3191 600 3418 655 oeChri-

1852 680 2027 733 stiana
2056 679 2317 735 modestia
2349 681 2685 752 deturpetur.
2717 686 2910 742 Omnia
2944 689 3059 743 suis
3088 692 3424 759 temporibus

1851 771 1960 825 sint
2007 782 2224 841 parata,
2267 783 2320 827 et
2359 789 2462 828 suo
2499 777 2690 831 ordine
2734 794 2896 848 quam
2947 779 3150 848 optime
3191 782 3422 852 digesta.

1853 861 1935 917 Sit
1972 864 2108 917 ordo
2158 865 2298 917 inter
2332 880 2430 920 vos
2476 874 2531 920 et
2583 867 2894 936 diligentia,
2948 885 3014 924 ne
3063 869 3316 926 confusio
3361 873 3419 933 in

1849 970 2031 1024 Opere,
2065 966 2159 1010 aut
2193 972 2372 1012 rerum
2423 959 2649 1014 amissio
2679 961 2863 1031 aliquo
2897 972 3056 1031 pacto
3085 970 3363 1032 proveniat
3403 986 3416 1020 :

1848 1044 2207 1114 disponantur
2239 1055 2610 1118 ornenturque
2638 1059 2943 1119 opportuna
2985 1053 3099 1105 loca
3129 1070 3228 1123 pro
3259 1065 3422 1124 captu

1845 1142 1899 1188 et
1930 1135 2190 1205 dignitate
2217 1136 2482 1192 locorum.
3269 1169 3297 1186 ο

1919 1224 2040 1280 Sint
2094 1228 2320 1298 insuper
2375 1239 2429 1284 et
2475 1231 2612 1284 servi
2647 1232 2812 1286 vestri
2862 1232 3270 1295 honestissimi,
3309 1231 3416 1287 siut

1845 1319 2132 1386 compositi
2163 1328 2216 1373 et
2252 1320 2503 1386 modesti,
2553 1330 2606 1374 ct
2635 1323 2792 1376 vobis
2821 1338 2983 1392 quam
3013 1322 3419 1378 convenientis-

1846 1408 2010 1473 siuti;
2061 1425 2200 1478 quos
2245 1411 2297 1463 in
2328 1427 2453 1465 vera
2498 1412 2742 1467 doctrina
2792 1415 2938 1467 omni
2983 1431 3107 1469 cum
3159 1416 3419 1484 patientia

1844 1511 1896 1554 et
1930 1501 2192 1556 charitate
2221 1501 2424 1557 Christi
2457 1504 2709 1559 instruite
2735 1514 2789 1559 et
2815 1506 3030 1572 docete;
3076 1507 3219 1576 quod
3250 1507 3293 1561 si
3331 1508 3418 1560 in-

1846 1591 2175 1647 structiones
2225 1601 2438 1648 vestras
2488 1596 2762 1665 negligant
2807 1606 2859 1649 et
2908 1599 3334 1666 parvipendant,
3387 1613 3418 1650 a

1842 1682 1997 1737 vobis
2031 1684 2271 1752 abjicite,
2317 1699 2386 1738 ne
2434 1685 2651 1740 illorum
2688 1689 2925 1756 nequitia
2957 1690 3140 1757 aliquo
3173 1699 3332 1758 pacto
3363 1690 3418 1743 in

1845 1788 1941 1829 vos
1989 1775 2275 1830 redundet.
2330 1775 2466 1831 Nam
2499 1777 2802 1834 diﬂ‘amatos
2847 1780 3102 1834 dominos
3133 1796 3199 1835 ex
3233 1796 3421 1836 servo-

160 1881 332 1925 etant.
380 1870 657 1925 Laudandi
702 1878 829 1924 sunt
872 1881 1044 1939 poeta:
1081 1869 1135 1923 in
1187 1871 1556 1938 magnitudine
1592 1871 1740 1941 inge—
1771 1869 1812 1922 B
1844 1881 1962 1919 rum
1989 1866 2319 1937 malignitate
2348 1869 2677 1939 quandoque
2706 1871 2960 1939 vidimus,
3001 1881 3054 1927 et
3094 1888 3235 1942 sape
3260 1873 3417 1928 audi-

161 1967 266 2027 nii,
303 1964 356 2018 in
399 1965 741 2018 inventorum
780 1961 1050 2024 acumine,
1098 1960 1150 2014 in
1199 1962 1567 2030 expressionis
1611 1977 1732 2032 pro-

161 2057 393 2125 prietate
437 2063 490 2108 et
533 2052 840 2122 eloquentia
887 2067 1128 2118 summa;
1173 2051 1424 2106 laudandi
1457 2063 1738 2120 oratores,

159 2147 420 2202 laudandi
453 2146 760 2217 philosophi
792 2146 846 2200 in
877 2160 1072 2214 genere
1109 2161 1244 2213 suo;
1287 2146 1539 2200 laudandi
1567 2147 1740 2201 histo-

159 2238 266 2293 rici
308 2238 401 2308 qui
445 2246 715 2308 gestarum
766 2251 946 2290 rerum
985 2235 1203 2300 seriem,
1253 2237 1522 2306 majorum
1562 2253 1741 2294 mores

160 2340 222 2385 et
253 2331 493 2386 instituta
545 2330 701 2385 nobis
750 2328 1060 2398 explicant,
1107 2327 1200 2398 qui
1233 2327 1446 2383 vivendi
1492 2344 1740 2384 normam

159 2439 234 2478 ex
268 2423 614 2491 antiquorum
641 2421 806 2492 gestis
835 2419 1147 2474 ostendunt.
1193 2419 1472 2474 interdum
1515 2432 1568 2476 et
1604 2422 1742 2475 divi-

160 2531 266 2570 nas
303 2513 615 2584 Scripturas
664 2512 872 2565 laudari
922 2512 1226 2573 conabitur,
1273 2526 1410 2580 quas
1450 2511 1583 2565 mira
1618 2512 1742 2567 dili-

161 2605 342 2676 gentia
373 2613 427 2658 et
454 2601 761 2672 largissime
805 2600 1076 2666 impendio
1102 2600 1424 2656 Ptolemaeus
1468 2599 1739 2655 Philadel-

159 2697 307 2767 phus
337 2696 390 2749 in
421 2695 660 2765 linguam
692 2700 931 2746 nostram
970 2692 1178 2747 traduci
1209 2692 1420 2746 curavit
1449 2688 1594 2762 (19);
1627 2692 1743 2747 lau-

161 2783 383 2836 dabitur
410 2792 463 2836 et
486 2781 696 2836 interim
720 2779 1092 2850 Evangelium,
1119 2780 1517 2850 Apostolusque
1538 2796 1636 2851 pro
1660 2783 1742 2836 di-

161 2872 310 2926 vinis
366 2871 630 2937 oraculis;
687 2871 968 2940 insurgere
1010 2870 1207 2938 poterit
1245 2869 1446 2924 Christi
1500 2872 1738 2934 mentio;

161 2964 524 3035 explicabitur
575 2963 835 3033 paulatim
885 2961 1004 3031 ejus
1053 2961 1168 3016 sola
1211 2961 1500 3027 divinitas;
1557 2963 1741 3018 omnia

159 3059 283 3112 haec
310 3071 434 3110 cum
462 3053 664 3108 Christi
700 3052 974 3122 adjutorio
1004 3050 1290 3120 provenire
1320 3058 1562 3121 possent.

239 3148 384 3203 Sciat
432 3161 560 3216 ergo
588 3146 678 3200 ille
714 3144 884 3199 libros
933 3159 1124 3198 omnes
1170 3157 1310 3213 quos
1349 3143 1600 3212 princeps
1645 3143 1742 3197 ha-

1841 1971 2042 2014 VlmUS.

1915 2048 1971 2102 Si
2009 2049 2076 2103 ad
2110 2051 2408 2121 Augustam
2439 2055 2730 2109 accesserit
2761 2057 3030 2126 princeps,
3078 2058 3162 2113 vel
3203 2059 3318 2128 ipsa
3349 2060 3418 2114 ad

1841 2139 2016 2199 illum,
2062 2141 2182 2195 sitis
2208 2151 2351 2210 ‘tunc
2399 2157 2496 2197 vos
2531 2157 2747 2212 quoque
2776 2156 2828 2198 et
2858 2147 3030 2201 oculis
3077 2155 3131 2201 et
3176 2157 3330 2215 gestu
3368 2159 3422 2202 et

1840 2229 2020 2283 verbis
2061 2231 2313 2286 omnibus
2356 2247 2519 2302 quam
2567 2235 3054 2303 eompositissimi;
3106 2237 3284 2290 videat
3331 2237 3418 2290 illa

1841 2327 2077 2374 vestram
2114 2321 2504 2376 continentiam
2533 2332 2585 2377 et
2624 2324 2981 2390 modestiam;
3028 2325 3246 2380 videant
3273 2326 3420 2380 illius

1840 2410 2067 2466 comites
2099 2420 2154 2466 et
2184 2413 2537 2483 pedissequar,
2595 2413 2808 2468 videant
2854 2426 2905 2469 et
2940 2417 3295 2483 admirentur,
3334 2429 3422 2472 at-

1841 2518 1948 2572 que
1971 2503 2097 2558 inde
2119 2501 2303 2558 Jesum
2342 2504 2621 2560 Christum
2648 2505 2936 2561 Dominum
2967 2518 3207 2563 nostrum
3241 2510 3294 2562 in
3321 2524 3419 2562 vo-

1843 2595 1925 2650 bis
1976 2595 2110 2664 ipsis
2180 2597 2508 2651 collaudent.
2573 2596 2808 2668 Loquela
2873 2609 3044 2653 vestra
3083 2616 3295 2671 semper
3350 2601 3421 2655 sit

1841 2701 2004 2756 parca
2050 2695 2104 2741 et
2136 2688 2403 2753 modesta,
2443 2698 2606 2759 atque
2657 2691 2915 2760 religione
2955 2692 3102 2747 velut
3147 2694 3256 2746 sale
3295 2709 3422 2747 con-

1841 2782 1956 2834 dita
1986 2783 2027 2834 ".
2057 2781 2215 2837 Nulla
2247 2798 2471 2853 prorsus
2513 2786 2653 2839 inter
2677 2801 2772 2838 vos
2800 2786 2869 2840 sit
2899 2786 3122 2851 invidia,
3157 2796 3250 2842 aut
3283 2803 3421 2843 con-

1841 2869 2040 2936 tentio,
2090 2886 2209 2940 quae
2244 2871 2297 2925 in
2335 2887 2553 2926 omnem
2603 2871 2980 2928 confusionem
3011 2886 3064 2929 et
3095 2877 3418 2932 divisionem
3485 2913 3492 2928 .

1840 2975 1940 3016 vos
1964 2962 2281 3026 deduceret,
2337 2972 2391 3017 et
2432 2963 2510 3019 sic
2540 2979 2758 3034 quoque
2799 2965 2851 3019 in
2891 2967 3074 3020 odium
3122 2968 3323 3023 Christi
3367 2977 3422 3022 et

1841 3053 2106 3124 principis
2151 3062 2316 3123 atque
2346 3069 2616 3110 summam
2662 3057 3122 3111 abominationem
3159 3060 3420 3128 perduce-

1845 3153 1948 3211 ret,
1985 3161 2087 3200 nec
2114 3146 2251 3216 lapis
2275 3156 2565 3202 structurae
2589 3155 2784 3203 vestrae
2812 3163 2972 3217 supra
3005 3147 3240 3219 lapidem
3274 3161 3420 3206 stata

159 3239 370 3304 buerit;
424 3251 565 3306 saepe
609 3236 730 3290 illos
767 3233 1006 3289 revolvat
1041 3243 1095 3288 et
1136 3248 1236 3288 suo
1289 3232 1481 3287 ordine
1519 3247 1616 3302 per
1655 3232 1742 3285 in-
1769 3223 1812 3280 C
1847 3246 2051 3306 posset,

157 3335 336 3390 dicem
363 3332 588 3402 pulchre
621 3329 873 3397 disponat
906 3345 921 3381 :
955 3326 1001 3380 si
1032 3341 1162 3379 vero
1209 3339 1380 3379 novos
1421 3324 1504 3378 vel
1534 3334 1740 3381 veteres

156 3423 456 3482 transcribi
500 3421 732 3484 curabit,
772 3419 986 3473 studeat
1031 3415 1504 3472 emendatissimos
1545 3417 1742 3472 habere

158 3516 416 3572 librarios
448 3533 462 3570 :
493 3511 639 3583 quod
693 3511 739 3565 si
785 3508 900 3564 fieri
947 3523 1054 3561 non
1101 3513 1308 3576 potest,
1358 3505 1506 3559 viros
1551 3505 1741 3560 doctos

155 3611 233 3666 ad
257 3607 654 3664 emendandum
679 3603 954 3672 disponat,
989 3600 1205 3669 illisque
1228 3613 1326 3668 pro
1353 3598 1630 3653 laboribus
1652 3600 1743 3668 ju-

158 3710 250 3758 ste
289 3699 617 3765 satisfaciat;
655 3705 860 3751 veteres
910 3694 1037 3747 item
1069 3691 1283 3746 codices
1309 3705 1408 3759 pro
1447 3690 1741 3759 indigentia

156 3794 418 3853 resarciri
461 3799 734 3863 procuret,
778 3794 1042 3855 oruetque
1073 3799 1182 3839 non
1213 3790 1422 3837 tantum
1452 3781 1518 3836 ad
1550 3797 1741 3850 super-

156 3889 406 3946 stitiosos
437 3893 718 3954 sumptus,
761 3887 1022 3950 quantum
1053 3878 1119 3931 ad
1151 3876 1278 3931 utile
1319 3883 1696 3930 ornamentum
1723 3892 1739 3942 ;

159 3985 349 4051 itaque
381 3977 542 4034 scribi
575 3976 628 4029 in
663 3971 959 4044 purpureis
982 3967 1313 4024 membranis
1341 3975 1395 4021 et
1416 3966 1612 4020 litteris
1641 3982 1741 4020 au—

159 4075 274 4131 reis
302 4082 443 4126 totos
473 4069 708 4131 codices,
748 4067 854 4122 nisi
899 4062 1207 4135 specialiter
1236 4059 1488 4129 princeps
1518 4059 1742 4114 deman~

159 4161 397 4227 daverit,
448 4174 557 4214 non
608 4156 862 4221 aﬂectet;
900 4153 1082 4208 omnia
1115 4161 1294 4206 tamen
1325 4147 1524 4203 Caesari
1550 4159 1701 4219 grata
1724 4187 1739 4212 ,

155 4253 402 4309 maxima
434 4265 556 4304 cum
590 4246 896 4302 obedientia
925 4249 1302 4314 prosequetur.
1350 4237 1612 4307 Suggeret
1644 4253 1741 4306 pro

154 4360 327 4416 posse
354 4352 408 4397 et
436 4340 585 4396 omni
609 4353 734 4394 cum
769 4336 1032 4392 modestia
1073 4332 1325 4403 principi,
1362 4340 1421 4385 ut
1449 4345 1545 4385 eos
1573 4329 1738 4400 legat,

155 4438 248 4492 vel
281 4435 383 4505 legi
415 4433 599 4487 audiat
623 4430 813 4493 libros,
837 4425 927 4497 qui
967 4434 1020 4480 et
1056 4424 1220 4478 statui
1252 4430 1305 4476 et
1341 4420 1537 4475 honori
1569 4420 1737 4482 illius,

156 4547 229 4586 ac
269 4528 484 4584 utilitati
517 4524 689 4594 magis
714 4537 879 4593 quam
920 4517 1294 4572 tantummodo
1321 4513 1582 4584 voluptati
1609 4529 1737 4569 con-

153 4622 388 4678 veniant
434 4637 449 4673 :
495 4626 686 4672 noscat
736 4614 850 4682 ipse
895 4611 1048 4679 prius
1087 4607 1288 4676 optime
1339 4607 1489 4669 illos;
1539 4605 1736 4674 saepius

156 4713 360 4770 deinde
391 4724 576 4765 coram
603 4706 846 4776 principe
871 4702 1072 4765 laudet,
1110 4715 1174 4754 ac
1209 4713 1396 4752 eorum
1423 4696 1516 4766 qui
1541 4711 1740 4765 appro-

154 4807 296 4862 bant
326 4801 694 4857 testimonium
719 4805 773 4850 et
795 4795 1146 4850 auctoritates
1169 4788 1453 4844 eonnnode
1485 4787 1735 4856 explicet,

156 4913 235 4952 ne
265 4909 364 4948 suo
393 4893 573 4948 sensui
603 4899 814 4944 tantum
851 4887 1094 4940 videatur
1124 4881 1303 4936 inniti.

241 4985 376 5040 Vill.
418 4984 520 5050 Qui
565 4998 692 5036 vero
743 4994 942 5049 corpus
977 4975 1238 5046 principis
1279 4984 1474 5028 curare
1514 4969 1735 5032 habent,

158 5068 281 5134 sint
305 5078 359 5142 in
393 5076 648 5130 omnibus
677 5088 838 5142 quam
875 5063 1288 5138 promptissimi,
1319 5060 1478 5116 hilari
1501 5075 1736 5128 semper,

158 5181 226 5225 ut
261 5169 519 5233 diximus,
550 5167 724 5230 vultu,
764 5163 920 5217 faceti
952 5171 1367 5226 nonnunquam,
1401 5154 1494 5208 sed
1526 5167 1738 5207 summa

155 5277 380 5332 semper
407 5276 530 5315 cum
558 5255 839 5318 modestia,
867 5268 1028 5324 quam
1072 5251 1126 5304 in
1161 5249 1314 5302 vobis
1348 5245 1603 5300 omnibus
1634 5259 1745 5311 prae

152 5352 380 5409 cmteris
433 5351 596 5406 rebus
642 5347 860 5411 laudet,
915 5343 1170 5410 illamque
1218 5354 1284 5392 ex
1329 5337 1444 5406 ipsa
1483 5333 1744 5402 religione

152 5443 368 5500 Christi
416 5439 702 5512 provenire
757 5443 1068 5505 cognoscat.
1124 5429 1255 5483 Sitis
1293 5435 1348 5481 et
1409 5441 1505 5478 vos
1551 5439 1742 5477 omnes

1915 3328 2008 3384 1x.
2048 3328 2116 3384 Et
2171 3339 2268 3393 tu,
2335 3328 2571 3383 Luciane
2622 3328 2980 3397 charissime,
3041 3345 3166 3386 eum
3202 3333 3280 3389 sis
3328 3350 3419 3390 sa-
3484 3361 3486 3363 >

1843 3421 1997 3490 piens
2028 3421 2071 3486 ⁸,
2123 3419 2350 3475 libenter
2381 3429 2641 3491 supporta
2677 3419 2993 3490 insipientes
3024 3436 3040 3486 ;
3093 3431 3147 3476 et
3199 3422 3302 3492 ipsi
3331 3440 3421 3480 sa-

1843 3513 2055 3583 pientes
2088 3512 2242 3566 liant.

1917 3605 2060 3659 Nulli
2091 3620 2331 3675 unquam
2369 3605 2674 3659 molestiam
2707 3604 2920 3668 inferte,
2954 3605 3159 3661 nullum
3186 3607 3252 3662 ad
3276 3608 3420 3666 iram

1848 3694 2139 3749 concitate.
2199 3692 2253 3746 Si
2309 3693 2465 3749 vobis
2521 3693 2718 3763 injuria
2765 3695 3074 3764 irrogatur,
3126 3697 3179 3750 in
3229 3695 3418 3754 Jesmn

1843 3786 2118 3842 Christum
2170 3786 2462 3856 respicite;
2511 3795 2565 3840 et
2609 3788 3067 3856 quemadmodum
3119 3791 3318 3859 optatis
3358 3802 3419 3846 ut

1849 3881 2004 3934 vobis
2038 3880 2152 3948 ipse
2189 3879 2462 3941 remittat,
2502 3879 2580 3933 sic
2625 3889 2677 3933 et
2713 3895 2810 3934 vos
2850 3880 2954 3934 illis
2981 3881 3234 3936 dimittite
3261 3884 3282 3915 ⁰
3314 3902 3326 3937 :
3363 3894 3419 3937 et

1844 3977 1974 4022 tunc
2015 3982 2500 4037 quoque,omnem
2543 3968 2799 4022 invidiam
2861 3969 3309 4039 supplantabitis;
3362 3985 3418 4026 et

1842 4070 2005 4129 caput
2047 4059 2256 4128 antiqui
2307 4059 2572 4128 serpentis
2629 4061 2918 4114 conteretis
2963 4061 3041 4124 ιο,
3082 4061 3176 4130 qui
3221 4064 3418 4118 vestris

1843 4151 2001 4204 bonis
2029 4150 2284 4218 operibus
2313 4158 2366 4203 et
2393 4150 2739 4205 successibus
2765 4150 2910 4203 omni
2948 4166 3071 4204 cum
3107 4153 3302 4206 astutia
3332 4154 3416 4207 in-

1844 4243 2094 4297 sidiatur.
2151 4240 2268 4295 Non
2312 4251 2594 4310 prtetereat
2624 4242 2739 4296 dies
2780 4242 2910 4311 quin
2941 4254 3242 4312 Opportune
3279 4253 3416 4298 tem-

1844 4351 1975 4406 pore
2011 4336 2137 4388 dato
2165 4334 2369 4403 aliquid
2408 4349 2684 4388 sacrarum
2718 4334 3006 4388 lectionum
3041 4335 3259 4402 legatis,
3309 4337 3415 4389 ali-

1842 4425 1974 4498 quid
2008 4426 2470 4494 contemplemini,
2508 4441 2605 4480 nec
2631 4441 2799 4479 sacra:
2828 4425 3121 4494 Scriptura:
3145 4426 3412 4480 litteratu-

1843 4533 1958 4573 ram
1988 4531 2214 4588 prorsus
2243 4516 2540 4585 abjiciatis;
2569 4517 2703 4570 nihil
2732 4517 2865 4571 adeo
2895 4518 3130 4570 animam
3164 4518 3335 4585 pascit
3361 4526 3416 4570 et

1843 4620 2078 4665 mentem
2124 4609 2440 4679 impinguat,
2488 4610 2629 4664 sicut
2663 4625 2832 4663 sacra:
2864 4609 3066 4661 faciunt
3100 4609 3360 4666 lectiones
3397 4630 3410 4664 :

1842 4704 1936 4756 sed
1981 4717 2048 4756 ex
2093 4701 2201 4754 illis
2245 4701 2389 4755 hunc
2427 4701 2661 4753 maxime
2700 4700 2875 4767 capite
2918 4698 3178 4762 fructum,
3217 4709 3275 4753 ut
3315 4716 3413 4768 pa-

1839 4793 2028 4847 tientia
2071 4800 2251 4846 vestra
2284 4792 2432 4855 juste
2478 4799 2530 4844 et
2577 4790 2701 4859 pie,
2761 4790 2864 4844 hoc
2916 4799 2997 4844 est
3049 4791 3100 4843 in
3151 4792 3416 4846 charitate

1837 4881 2072 4944 Christi,
2111 4889 2289 4934 vestra
2329 4879 2499 4932 oﬂicia
2539 4878 2912 4947 exsequamini
2939 4917 2953 4939 ,
3003 4886 3054 4931 et
3102 4879 3413 4934 transitoria

1841 4974 2025 5028 omnia
2056 4973 2126 5027 ob
2157 4973 2276 5041 ejus
2309 4969 2696 5038 promissiones
2741 4978 2973 5023 teteruas
3020 4971 3411 5032 contemnatis,

1845 5080 1966 5133 qua:
1996 5079 2126 5119 sane
2157 5078 2376 5117 sensum
2403 5075 2621 5114 omnem
2666 5068 2720 5113 et
2752 5060 3080 5113 intellectum
3114 5060 3412 5114 humanum

1844 5165 2170 5226 exsuperant
2199 5156 2262 5218 ¹¹,
2294 5165 2348 5207 et.
2376 5168 2474 5206 vos
2502 5153 2645 5221 ipsos
2679 5152 2731 5204 in
2764 5149 3071 5205 felicitatem
3101 5160 3412 5220 perpetuam

1847 5250 2167 5304 conducent.
2208 5245 2337 5306 Vale
2365 5245 2590 5300 feliciter
2614 5243 2668 5297 in
2691 5241 2933 5307 Christo,
2960 5241 3035 5296 mi
3060 5242 3276 5297 domine
3307 5240 3416 5295 Lu-

1844 5342 2020 5395 ciane.

273 5569 295 5601 ⁷
329 5559 541 5615 Coloss.
582 5572 655 5623 tv,
688 5553 741 5608 6.
819 5553 841 5585 ⁸
865 5550 907 5604 ll
935 5550 1058 5605 Cor.
1100 5545 1291 5614 xr,19.
1365 5544 1385 5575 ³
1429 5541 1597 5596 Marc.
1625 5556 1702 5599 ιι.
1737 5539 1828 5595 25.
1905 5539 1948 5570 ¹⁰
1985 5538 2143 5592 Rom.
2176 5551 2288 5602 xvi,
2327 5533 2418 5589 20.
2497 5534 2538 5564 “
2572 5531 2802 5601 Philipp.
2835 5545 2908 5595 Iv,
2941 5529 2989 5583 'l.

239 5683 353 5754 (l9)
393 5679 670 5736 Notandus
705 5676 796 5730 hic
834 5675 1008 5754 locus,
1031 5669 1136 5754 [ubi
1164 5661 1739 5754 auctor-lartt‘da‘tLdivi-T

156 5733 660 5821 nas—Scriptura...
685 5761 890 5821 quas...
917 5733 1741 5821 Ptolemteusnl’hi[adelphusutn

161 5805 673 5885 ifsoeau'nosruau
703 5805 928 5871 'traduci
964 5813 1185 5867 curavit.
1233 5807 1369 5862 Hinc
1393 5808 1516 5878 jure
1562 5805 1742 5872 arguit

1847 5659 2131 5721 Aeherius,
2183 5658 2325 5714 hanc
2372 5653 2655 5727 epistolam
2688 5653 2756 5707 ab
2787 5650 3003 5705 homine
3031 5647 3220 5708 Gratco
3251 5647 3419 5704 fuisse

1846 5734 2223 5803 perscriptum.
