3922 6498
1408 471 3570 500 W

1509 726 2776 940 ADDENDA

1833 1333 2419 1457 MONITUM

551 1584 640 1646 Ad
695 1583 1040 1662 sequentia
1081 1580 1375 1659 Dionysii
1436 1579 1854 1642 Alexandrini
1892 1579 1959 1643 in
1993 1595 2232 1639 sacram
2268 1577 2655 1654 Scripturam
2695 1577 3313 1639 Commentariorum
3351 1575 3731 1655 fragmenta.

498 1745 769 1811 (Gallandii
792 1743 1017 1797 Biblioth.
1045 1751 1134 1794 vet.
1159 1747 1320 1805 Patr.,
1340 1744 1566 1806 Append.
1593 1743 1654 1792 ad
1701 1747 1817 1791 tom.
1845 1738 2628 1864 xirgﬁtjfgsﬂqmortuo,
2655 1741 3011 1803 complementi
3034 1752 3178 1789 causa
3201 1739 3263 1790 ab
3285 1741 3495 1789 erudito
3518 1741 3766 1800 Anonymi

571 2185 841 2254 Quidquid
876 2185 1072 2256 passim
1097 2185 1160 2238 ab
1187 2184 1310 2239 aliis
1350 2184 1547 2238 editum
1581 2183 1756 2253 fuerat
1796 2185 1857 2238 de
1887 2183 2144 2252 Operibus
2177 2184 2419 2255 Dionysii
2446 2186 2820 2251 Alexandrini,
2847 2187 3054 2256 collegit
3083 2187 3202 2256 jam
3230 2186 3566 2242 Callandius
3601 2189 3655 2240 in
3683 2203 3766 2241 sua

500 2275 830 2333 Bibliotheca
863 2283 1061 2347 (supra
1087 2277 1186 2331 col.
1226 2278 1408 2345 1253),
1448 2277 1598 2346 cujus
1637 2278 1799 2331 etiam
1825 2279 2037 2331 erudita
2064 2278 2430 2348 prolegomena
2462 2279 2665 2333 consuli
2695 2291 2959 2348 poterunt.
2992 2280 3175 2349 Reperi
3202 2291 3465 2349 prceterea
3496 2285 3608 2335 tria
3637 2283 3764 2336 illis:

496 2376 794 2445 fragmenta
831 2390 861 2424 a
892 2371 1224 2440 Bonjoannio
1261 2374 1544 2442 descripta.
1597 2371 1832 2425 Primum
1876 2370 2241 2439 complectitur
2277 2372 2479 2425 scholia
2511 2371 3026 2428 Commentariorum
3065 2375 3177 2442 ejus
3210 2374 3278 2427 ad
3309 2375 3538 2428 initium
3579 2375 3760 2431 Eccle-

493 2469 697 2532 siaste,
731 2466 969 2520 videlicet
1004 2483 1036 2517 a
1057 2468 1227 2536 capite
1249 2481 1287 2527 l,
1314 2481 1444 2520 vers.
1472 2466 1521 2530 1,
1550 2464 1618 2518 ad
1651 2475 1809 2533 caput
1832 2479 1914 2529 in,
1942 2479 2076 2516 vers.
2101 2463 2186 2516 Η.
2220 2461 2417 2516 Revera
2449 2463 2761 2534 Dionysium
2796 2475 3035 2518 nostrum
3069 2466 3122 2518 in
3145 2468 3472 2535 principium
3501 2467 3766 2521 ECEle’eld-

491 2570 588 2616 sta:
615 2561 774 2629 fuisse
815 2568 1242 2623 commentatum,
1273 2558 1435 2629 liquet
1469 2575 1533 2612 ea:
1557 2559 1784 2612 Eusebio
1807 2557 1907 2627 (4),
1943 2556 2032 2610 ubi
2061 2558 2137 2610 ait
2161 2559 2224 2610 de
2253 2555 2496 2626 Dionysii
2525 2557 2760 2617 epistolis
2788 2557 3003 2627 loquens
3038 2574 3057 2611 :
3088 2559 3417 2627 Βασιλείδῃ
3454 2560 3581 2613 τῶν
3618 2563 3759 2616 κατὰ

495 2653 876 2711 Πεντάπολιν
929 2649 1249 2719 παροικιῶν
1285 2649 1594 2717 ἐπισκόπῳ
1630 2667 1889 2719 γραφων,
1934 2650 2128 2719 φησὶν
2170 2649 2389 2704 ἑαυτὸν
2428 2652 2515 2716 εἰς
2541 2648 2658 2717 τὴν
2703 2650 2902 2719 ἀρχὴν
2937 2651 3221 2721 διήγησιν
3257 2654 3641 2720 πεποιῆσθαι
3680 2657 3770 2710 τσῦ

507 2745 1006 2814 Ἐκκλησιαστοῦ.
1056 2763 1074 2796 ι
1106 2745 1190 2798 Ad
1222 2743 1514 2798 Basilidem
1555 2743 2088 2814 Pentapolitanarum
2132 2742 2491 2797 Ecclesiarum
2531 2745 2829 2812 episcopum
2880 2745 3150 2809 scribens,
3213 2746 3290 2798 ait
3327 2763 3385 2800 se
3437 2747 3772 2800 elucubrasse

489 2841 882 2895 enarrationem
925 2839 982 2891 in
1023 2837 1344 2907 principium
1396 2835 1752 2890 Ecclesiastes.
1784 2854 1802 2886 ι
1850 2833 1967 2900 Quo
2013 2837 2224 2903 quidem
2271 2839 2325 2890 in
2371 2837 2486 2890 loco
2530 2837 2772 2891 nonnulli
2825 2837 3003 2907 legunt
3040 2840 3598 2908 Ἐκκλησιαστικοῦ
3632 2856 3650 2893 ;
3686 2842 3763 2894 sed

502 2927 981 2998 Ἐκκλησιαστοῦ
1007 2931 1280 3001 legendum
1313 2945 1423 2985 esse
1444 2939 1635 3000 praeter
1662 2929 1820 2998 ﬁdem
1847 2928 2165 2983 scholiorum
2205 2939 2527 2997 nostrorum,
2553 2939 2603 2984 et
2627 2941 2850 2986 veterem
2876 2931 3343 3001 Christophorsoni
3371 2933 3766 3003 interpretatio-

490 3039 605 3078 nem
673 3025 970 3079 testimonio
1007 3033 1086 3078 est
1128 3027 1289 3079 etiam
1317 3023 1608 3094 Procopius
1637 3022 1883 3087 Gaza’us,
1923 3024 2012 3094 qui
2045 3023 2115 3077 ad
2150 3022 2336 3079 Genes.
2381 3041 2498 3094 cap.
2541 3041 2602 3080 Ill
2630 3066 2644 3090 ,
2679 3042 2802 3096 pag.
2828 3025 2926 3091 76,
2968 3026 3162 3097 allegat
3205 3027 3526 3096 hujusmodi
3580 3030 3768 3081 scirem

493 3123 738 3193 Dionysii
767 3124 931 3175 nostri
967 3121 1026 3174 in
1055 3119 1432 3176 Ecclesiasten.

561 3217 800 3270 Alterum
842 3215 1083 3285 Dionysii
1127 3215 1513 3286 fragmentum,
1555 3222 1633 3268 est
1673 3212 1822 3266 illius
1864 3213 2110 3282 expositi:

2242 3221 2398 3282 caput
2424 3213 2582 3268 Luca:
2619 3231 2768 3277 xxn,
2805 3231 2937 3269 vers.
2963 3213 3050 3278 42,
3077 3215 3169 3276 45,
3193 3215 3285 3274 44,
3309 3214 3405 3279 45,
3430 3217 3534 3280 46,
3565 3218 3661 3278 47,
3691 3218 3764 3271 ts-

492 3311 752 3384 Equidem
790 3329 895 3366 non
935 3312 1170 3375 aliunde,
1206 3311 1344 3381 quod
1382 3311 1571 3372 sciam,
1613 3317 1852 3372 constat,
1882 3309 2198 3379 Dionysium
2238 3320 2476 3363 nostrum
2509 3311 2566 3362 in
2595 3309 2791 3364 Lucam
2831 3311 3032 3363 scholia
3069 3311 3366 3380 scripsisse.
3405 3310 3566 3365 Fieri
3609 3323 3770 3363 tamen

489 3409 571 3461 vel
600 3408 744 3461 istud
771 3408 964 3478 potuit,
995 3423 1112 3459 cum
1144 3405 1264 3476 jam
1299 3403 1709 3476 aliquammulta
1746 3404 2064 3471 scriptorum
2093 3403 2208 3472 ejus
2237 3404 2565 3457 intercidisse
2587 3413 2787 3458 constet
2812 3419 2831 3458 :
2861 3405 2937 3457 vel
2953 3405 3117 3457 etiam
3142 3419 3206 3456 ex
3231 3403 3359 3456 aliis
3393 3404 3519 3472 ejus
3543 3407 3771 3473 cperim

491 3515 680 3561 auctor
713 3505 925 3560 Catente
959 3506 1154 3559 codicis
1200 3505 1368 3559 nostri
1410 3504 1581 3573 potuit
1611 3503 1838 3557 lacinias
1865 3501 1989 3555 illas
2022 3501 2360 3570 decerpsisse,
2393 3513 2440 3556 et
2472 3501 2580 3556 illis
2618 3501 2890 3556 versiculis
2923 3501 3276 3566 subiunxisse.
3305 3499 3467 3556 Certe
3500 3504 3557 3556 in
3584 3503 3771 3557 Catena

493 3618 527 3655 α
561 3602 623 3655 ο.
657 3602 858 3656 Thema
889 3602 1111 3656 collecta
1148 3601 1435 3672 Dionysius
1477 3600 1650 3653 locum
1696 3615 1851 3653 suunt
1887 3600 2088 3667 passim
2135 3599 2352 3655 obtinet.
2400 3596 2752 3663 Quamobrem
2804 3597 2938 3651 nihil
2973 3609 3050 3652 est
3096 3614 3192 3650 cur
3228 3597 3604 3667 fragmentum
3647 3599 3772 3650 illud

494 3707 679 3750 nostra
710 3697 958 3765 scriptori
988 3696 1372 3762 abiudicemus.

573 3788 830 3856 Equidem
873 3788 927 3840 in
972 3789 1045 3841 eis
1079 3787 1348 3841 Christum
1393 3803 1722 3857 nequaquam
1766 3790 2022 3859 sanguine
2063 3786 2282 3842 sudasse
2311 3784 2412 3837 sibi
2449 3781 2576 3837 velle
2609 3783 2832 3849 videtur,
2863 3800 3169 3853 sensumque
3222 3785 3579 3854 evangelisttz
3621 3787 3772 3854 fuisse

495 3875 809 3952 proverbiali
848 3879 1109 3932 locutione
1145 3878 1382 3944 innuere,
1444 3897 1463 3930 ι
1498 3879 1651 3943 Quod
1691 3895 1794 3932 non
1826 3881 2066 3934 tenuibus
2095 3878 2410 3948 quibusdam
2452 3876 2697 3946 guttulis,
2723 3878 2977 3948 quasique
3013 3879 3080 3930 ad
3109 3877 3370 3930 indicium
3408 3879 3579 3930 modo
3611 3895 3764 3946 appa-

494 3972 753 4034 rentibus,
788 3970 1124 4024 Dominicum
1152 3985 1339 4038 corpus
1380 3969 1788 4039 perstillaverit;
1829 3971 1918 4026 sed
1954 3971 2092 4041 quod
2131 3987 2244 4024 vere
2276 3969 2575 4024 uberiorum
2602 3979 2870 4040 guttarum
2900 3971 3072 4023 instar
3113 3979 3276 4023 totum
3320 3972 3624 4027 sudoribus
3663 3991 3767 4040 per-

494 4063 835 4133 fundebatur.
867 4082 885 4113 »
935 4062 1171 4117 Proinde
1215 4062 1278 4116 ab
1312 4078 1370 4115 eo
1404 4061 1607 4115 dictum
1644 4063 1806 4133 fuisse
1845 4065 1926 4130 ὡς
1965 4068 2018 4118 οἱ
2059 4065 2316 4133 θρόμϐοι.
2361 4080 2379 4113 ι
2415 4070 2471 4114 ut
2506 4063 2734 4130 grummi
2771 4063 3065 4131 sanguinis.
3096 4081 3115 4114 ›
3169 4063 3430 4126 Alioquin
3464 4084 3580 4120 non
3618 4070 3768 4138 fuisse

491 4158 761 4210 dicturum
787 4156 855 4208 ad
882 4156 1060 4208 instar
1083 4156 1268 4208 horum
1305 4155 1466 4223 fuisse
1499 4155 1716 4209 sudores
1741 4154 1960 4210 Christi.
2002 4155 2272 4223 Quidquid
2307 4171 2462 4224 porro
2495 4155 2563 4208 sit
2593 4155 2655 4208 de
2680 4155 2838 4223 hujus
2881 4157 3328 4224 interpretationis
3373 4160 3631 4224 veritate,
3662 4177 3768 4230 gris

495 4249 837 4315 fundamento
883 4249 1132 4301 innititur
1167 4249 1302 4301 satis
1338 4249 1583 4317 inﬁrmo;
1625 4250 1746 4302 inde
1781 4259 1951 4302 tamen
1994 4248 2097 4302 loci
2133 4249 2299 4318 ipsius
2340 4249 2664 4319 γνησιότης
2703 4248 2901 4319 liquido
2943 4251 3311 4318 confirmatur,
3361 4269 3462 4305 nec
3492 4255 3766 4308 adversus:

493 4359 642 4399 veras
678 4342 876 4396 Christi
908 4346 1175 4411 passiones
1209 4344 1494 4413 quidquam
1539 4343 1764 4408 Marcio,
1808 4342 2123 4398 Valentinus
2159 4345 2355 4414 aliique
2385 4353 2615 4398 veterum
2662 4344 3023 4398 luereticorum
3063 4345 3163 4414 ﬁlii
3202 4349 3499 4404 extundere
3537 4363 3765 4421 possunt,

493 4451 614 4489 cum
651 4434 943 4502 prtesertim
981 4433 1160 4485 statim
1199 4431 1448 4500 subjiciat
1475 4432 1804 4501 Dionysius:
1839 4452 1858 4484 ι
1889 4432 2278 4488 Ostendebatur
2312 4435 2472 4487 etiant
2510 4452 2602 4505 per
2627 4435 2883 4487 sudorum
2919 4438 3234 4503 crassitiem,
3264 4440 3395 4506 quia
3427 4447 3769 4500 naturaliter.

491 4538 541 4582 et
577 4531 782 4597 reipsa,
823 4543 925 4580 non
968 4541 1084 4579 vero
1126 4527 1293 4595 specie
1339 4538 1487 4580 tenus
1532 4536 1580 4580 et
1626 4527 1957 4596 phantastice
2004 4527 2156 4580 homo
2205 4536 2318 4580 erat
2358 4525 2623 4594 Salvator,
2669 4540 2717 4584 et
2755 4530 3090 4584 naturalibus
3127 4531 3429 4594 hominum,
3483 4536 3768 4606 inculpads

493 4628 693 4684 tamen,
733 4619 983 4674 serviebat
1014 4617 1373 4679 passionibus.
1406 4638 1424 4670 ι
1454 4617 1588 4673 Sunt
1619 4628 1668 4673 et
1700 4619 1808 4671 alia
1843 4617 2083 4687 quaedam
2121 4621 2178 4672 in
2209 4618 2288 4674 his
2321 4620 2631 4690 fragmentis
2675 4621 2744 4674 ad
2764 4621 3129 4690 conﬁrmanda
3169 4623 3430 4691 dogmata
3461 4624 3771 4682 Christiana

493 4715 974 4785 opportunissima,
1015 4715 1314 4784 cujusmodi
1353 4723 1430 4768 est
1453 4714 1586 4766 illud
1614 4715 1752 4784 quod
1791 4715 1848 4767 in
1875 4714 2029 4766 tertio
2053 4714 2347 4783 fragmento
2375 4715 2605 4768 occurrit
2635 4715 2697 4769 de
2737 4715 2870 4770 Filii
2900 4719 3341 4786 ὀμοουσιότητι.
3372 4719 3539 4782 Quod
3569 4725 3773 4792 quidem

495 4813 653 4865 etiam
681 4809 998 4864 Callandius
1022 4811 1278 4864 edendum
1306 4811 1509 4864 curavit
1540 4811 1614 4879 (Ξ)
1640 4827 1654 4863 :
1682 4810 1771 4865 sed
1797 4827 1888 4864 nos
1908 4820 2118 4880 propter
2141 4809 2423 4864 nonnullas
2444 4811 2798 4881 discrepantes
2822 4813 3091 4880 lectiones,
3122 4822 3172 4868 et
3193 4815 3314 4867 novi
3332 4812 3558 4872 Codicis
3589 4836 3770 4872 noram

499 4907 873 4960 aitctoritatem
907 4905 1325 4976 subjungendum
1360 4904 1778 4960 antecedentibus
1817 4903 2136 4958 censuimus.

568 5069 646 5140 (1)
677 5067 748 5124 Η.
779 5071 842 5124 E.
877 5069 970 5126 lib.
998 5085 1098 5134 vn,
1132 5085 1251 5141 Cap.
1285 5069 1374 5126 26.

1330 5071 1374 5126 ὓ.
2257 5068 2331 5140 (2)
2363 5067 2516 5124 Tom.
2546 5068 2632 5132 Ill,
2669 5086 2720 5140 ρ.
2769 5070 2879 5124 €97.
