3922 6502
187 338 283 395 ibi
294 336 325 391 7
1496 334 1793 389 ADDENDA

3274 324 3293 375 ί
3311 324 3410 377 573

653 685 1552 821 ΔΙΟΝΥΣΙΟΥ
1696 679 2944 815 ΑΛΕΞΑΝΔΡΕΙΑΣ

1016 1107 1243 1190 ΤΗΝ
1296 1108 1662 1190 ΑΡΧΗΝ
1735 1109 2585 1194 ΕΚΚΑΗΣΙΑΣΤΟΥ

1231 1753 2379 1868 COMMENTARIUM

896 2019 1017 2103 IN
1100 2016 1818 2105 PRINCIPIUM
1896 2013 2698 2103 ECCLESIAST/E

789 2380 843 2432 5i
880 2379 1032 2432 ΚΕΦ.
1074 2380 1150 2431 A'.

270 2472 410 2541 Στιχ.
461 2476 526 2523 α’.
571 2469 705 2523 Υίοῦ
736 2381 910 2523 Δῖιϐὶδ
927 2472 1230 2536 βασιλέως
1267 2470 1501 2540 Ἰσραὴλ
1543 2473 1612 2525 ἐν
1651 2473 1748 2527 Ἰε-
1788 2430 1793 2443 1

189 2560 527 2629 ρουσαλήμ.

2522 2371 2675 2427 CAP.
2718 2370 2757 2426 Ι.

1931 2468 2079 2523 Vers.
2117 2469 2163 2520 l.
2197 2464 2327 2519 Filii
2362 2466 2532 2521 David
2566 2468 2695 2537 regis
2737 2463 2907 2519 Israel
2943 2464 2997 2517 in
3029 2461 3349 2518 Jerusalem.

267 2652 420 2705 Οὕτω
461 2654 553 2705 καὶ
584 2653 850 2715 Ματθαῖος
879 2653 1012 2708 υίὸν
1039 2653 1214 2707 Δαόὶδ
1253 2655 1502 2725 ὀνομάζει
1524 2655 1615 2707 τὸν
1641 2655 1752 2709 Κύ-

200 2763 332 2817 ριον.

1926 2647 2017 2704 Sic
2053 2655 2102 2703 et
2146 2646 2424 2702 Mattbzeus
2467 2646 2636 2716 ﬁlium
2674 2646 2840 2700 Dauid
2890 2648 2902 2677 ¹
2953 2647 3196 2702 nominat
3242 2646 3422 2700 Domi-

1876 2758 2011 2796 ium.

268 2836 413 2903 Στιχ.
446 2838 515 2900 γ’.
555 2833 647 2897 Τίς
676 2833 989 2899 περισσεία
1032 2833 1110 2899 τῷ
1142 2834 1429 2902 ἀνθρώπῳ
1468 2834 1535 2887 ἐν
1569 2834 1747 2888 παντὶ

190 2925 391 2992 μόχθῳ
420 2921 623 2986 αὐτοῦ,
655 2916 702 2988 ᾧ
724 2922 938 2992 μοχθεῖ
958 2924 1074 2977 ὑπὸ
1100 2924 1204 2977 τὸν
1230 2923 1439 2991 ἦλιον;

268 3016 359 3077 Τίς
403 3014 509 3085 γὰρ
536 3017 599 3067 ὲκ
628 3014 726 3086 τῆς
756 3015 862 3068 τῶν
892 3018 1092 3086 γηΐνων
1130 3017 1390 3087 ἐργασίας
1420 3015 1747 3087 πλουτήσας,

194 3105 419 3175 δίπηχυς
451 3105 727 3177 ὑπάρχων,
758 3106 1025 3177 τρίπηχυς
1059 3106 1307 3174 ὲγένετο;
1344 3106 1380 3177 ἢ
1412 3106 1607 3175 τυφλὸς
1653 3106 1747 3170 ὢν,

197 3196 513 3266 ἀνέόλεψενς
574 3196 781 3252 Οὐκοῦν
832 3198 970 3268 ὑπὲρ
1024 3198 1115 3250 τὸν
1163 3197 1313 3267 ἥλιον
1369 3200 1493 3260 τοὺς
1557 3198 1748 3263 πόνους

197 3287 491 3357 πεμπτέον.
533 3288 680 3341 Ἐκεῖ
719 3287 827 3358 γὰρ
858 3287 906 3339 οἱ
946 3285 1131 3357 μόχθοι
1168 3286 1275 3340 τῶν
1307 3286 1513 3358 ἀρετῶν
1544 3287 1751 3342 διαϐαίη

196 3396 325 3432 νουσ
330 3397 366 3433 ι.

263 3472 409 3541 Στιχ.
444 3470 505 3524 δ’.
553 3470 738 3524 Γενεὰ
776 3471 1104 3537 πορεύεται,
1145 3469 1243 3524 καὶ
1286 3471 1462 3539 γενεὰ
1496 3470 1745 3539 ἔρχεται.

210 3561 272 3617 Ἠ
300 3562 365 3615 δὲ
392 3561 466 3634 γῆ
495 3564 582 3629 είς
610 3563 715 3615 τὸν
742 3561 925 3614 αἰῶνα
947 3561 1183 3629 ἕστηκε.

279 3654 414 3707 Ἀλλ’
439 3654 537 3707 οὐκ
566 3656 643 3718 εἰς
663 3654 787 3716 τοὺς
814 3652 1029 3717 αἰῶνας.

1926 2832 1989 2891 V.
2032 2836 2085 2889 3.
2127 2833 2256 2899 Qute
2285 2831 2625 2888 exuberantia
2664 2831 2861 2883 homini
2901 2831 2954 2883 in
2980 2831 3119 2884 omni
3150 2832 3421 2901 aﬂlictione

1853 2941 1973 2991 sua,
2009 2941 2113 2994 qua
2150 2924 2398 2993 affligitur
2439 2921 2532 2973 sub
2571 2921 2720 2972 sole?

1924 3015 2059 3082 Quis
2078 3015 2220 3070 enim
2245 3030 2312 3069 ex
2344 3027 2523 3068 rerum
2553 3019 2888 3066 terrenarum
2919 3013 3101 3067 labore
3130 3012 3419 3079 ditescens,

1854 3107 1899 3163 si
1925 3107 2200 3163 bicubitali
2233 3115 2441 3160 statura
2476 3112 2612 3170 erat,
2644 3106 2963 3160 triculiitalis
3001 3106 3205 3159 evasit?
3242 3103 3332 3159 Vel
3372 3106 3417 3160 si

1853 3214 2050 3263 caecus,
2080 3198 2283 3253 lumina
2312 3197 2684 3265 recuperavit?
2737 3195 2923 3266 Itaque
2962 3199 3098 3250 ultra
3131 3197 3295 3249 solem
3340 3194 3419 3248 la-

1851 3290 2012 3347 bores
2054 3288 2318 3359 dirigendi
2370 3295 2515 3343 sunt.
2553 3285 2631 3339 Eo
2674 3286 2819 3341 enim
2863 3287 3117 3341 molestia:
3159 3286 3417 3340 virtutum

1852 3390 2245 3451 pertranseunt.

1928 3473 1987 3527 V.
2033 3474 2087 3528 4.
2127 3472 2403 3528 Generatio
2434 3473 2611 3541 vadit,
2650 3484 2698 3528 et
2734 3474 2998 3545 generatio
3057 3473 3209 3525 venit.
3255 3470 3415 3524 Terra

1854 3571 2027 3615 autem
2048 3563 2103 3615 in
2126 3564 2375 3617 ramulum
2398 3567 2561 3619 stetit.

1930 3653 2035 3708 Sed
2062 3668 2170 3709 non
2210 3654 2264 3709 in
2293 3656 2506 3709 saecula.

268 3747 410 3816 Στιχ.
463 3752 560 3809 ις’.
600 3744 899 3813 Ἐλάλησα
950 3744 1063 3813 ἐγὼ
1111 3742 1179 3796 ἐν
1223 3742 1432 3810 καρδίᾳ
1470 3759 1587 3811 μου
1644 3741 1747 3795 τοῦ
1783 3755 1793 3814 |

1926 3743 1987 3798 V.
2020 3743 2104 3799 16.
2141 3743 2371 3800 Locutus
2398 3764 2516 3800 sum
2544 3764 2635 3817 ego
2669 3750 2724 3799 in
2755 3750 2906 3801 corde
2945 3763 3053 3801 meo
3077 3756 3133 3799 ut
3154 3746 3373 3798 dicerem
3400 3757 3419 3796 :

193 3836 410 3906 λέγειν·
459 3833 610 3889 Ἰδοὺ
645 3833 757 3903 ἐγὼ
799 3834 1227 3904 ὲμεγαλύνθην,
1269 3831 1367 3885 καὶ
1415 3832 1755 3899 προσέθηκα

192 3929 417 3997 σοφίαν
464 3928 560 3980 ἐπὶ
609 3924 795 3981 πᾶσιν
848 3926 905 3979 οἳ
952 3925 1227 3994 ἐγένοντο
1268 3925 1603 3995 ἔμπροσθέν
1636 3943 1754 3994 μου

192 4022 266 4073 ἐν
305 4017 712 4088 Ἰερουσαλήμ⁶
746 4018 844 4072 καὶ
882 4019 922 4086 ἡ
970 4018 1183 4086 καρδία
1214 4034 1333 4087 μου
1370 4013 1491 4071 εἶδε
1517 4018 1757 4086 πολλὴν

194 4112 418 4180 σοφίαν
444 4112 541 4163 καὶ
574 4109 814 4179 γνῶσιν.

269 4203 414 4273 Στιχ.
443 4203 526 4266 ιζ’.
559 4202 905 4270 Παραϐολὰς
934 4201 1032 4255 καὶ
1059 4202 1395 4272 ἐπιστήμην
1425 4201 1632 4266 ἔγνων·
1666 4200 1755 4254 ὅτι

194 4294 298 4347 καί
329 4310 395 4362 τε
422 4293 594 4347 τοῦτο
618 4288 960 4361 προαίρεσιζε
987 4296 1338 4363 πνεύματος.

272 4385 415 4454 Στιχ.
449 4391 535 4455 ιη’.
573 4386 699 4437 Ὅτι
741 4384 809 4436 ἐν
840 4383 1051 4450 πλήθει
1077 4385 1296 4453 σοφίας
1337 4382 1567 4451 πλῆθος
1604 4382 1754 4453 γνώ-

194 4490 373 4541 σεως,
404 4477 501 4530 καὶ
543 4479 577 4531 ὁ
608 4475 943 4545 προστιθεὶς
973 4476 1197 4545 γνῶσιν
1233 4478 1628 4544 προστίθησιν
1646 4474 1754 4529 ἄλ-

194 4583 375 4638 νημαι

282 4656 614 4729 Ἐφυσιώθην
646 4659 818 4729 μάτην
848 4659 940 4711 καὶ
982 4657 1297 4729 προσέθηκα
1330 4661 1539 4728 σοφίαν,
1568 4664 1664 4733 οὐχ
1687 4662 1753 4732 ἣν

194 4751 396 4806 ἔδωκεν
416 4752 445 4804 ὁ
466 4751 615 4814 Θεὸς,
646 4750 779 4803 ἀλλὰ
806 4751 930 4821 περὶ
956 4745 1022 4820 ἦς
1047 4767 1210 4819 φησιν
1238 4752 1266 4802 ὁ
1288 4751 1514 4812 Παῦλος·
1562 4754 1621 4805 Ἠ
1650 4771 1755 4807 σο-

195 4842 307 4912 φία
339 4841 442 4895 τοῦ
469 4843 695 4910 κόσμου
720 4842 930 4895 τούτου
952 4842 1141 4910 μωρία
1168 4842 1326 4908 παρὰ
1352 4841 1433 4906 τῷ
1454 4841 1574 4908 Θεῷ
1605 4844 1752 4897 ἐστι.

198 4932 446 5002 Σολομὼν
476 4932 583 5002 γὰρ
604 4935 695 4985 καὶ
715 4932 916 5004 ταύτην
950 4931 1331 4985 ὲπεπαιδεύετο
1363 4931 1463 5001 (5⁸)
1491 4934 1629 5003 ὑπὲρ
1660 4934 1756 5005 τὴν

198 5026 456 5097 φρόνησιν
507 5024 646 5095 ὑπὲρ
691 5024 905 5077 πάντων
944 5022 1051 5076 τῶν
1083 5023 1343 5094 ἀρχαίωνο
1369 5023 1637 5077 δείκνυσιν
1666 5022 1755 5079 οὖν

196 5093 401 5187 inﬁmi;
442 5117 501 5168 τὸ
534 5093 777 5186 μάέαιον,
826 5115 901 5179 ὡς
939 5115 1089 5185 δηλοῖ
1124 5093 1222 5167 ναὶ
1263 5114 1332 5167 τὰ
1379 5112 1522 5184 ἑξῆς.
1565 5116 1671 5169 Καὶ
1713 5118 1750 5184 ἡ
1781 5093 1822 5149 C

198 5207 410 5276 καρδία
432 5225 550 5277 μου
577 5204 794 5278 εἶπεμ)
834 5207 905 5261 τὰ
939 5204 1139 5260 πολλά
1161 5222 1177 5236 ·
1224 5208 1446 5275 σοφίαν
1477 5207 1572 5260 καὶ
1603 5206 1751 5276 γνῶ-

202 5317 324 5364 σιν,
352 5298 689 5368 παραϐολὰς
722 5300 818 5351 καὶ
848 5297 1177 5365 ἐπιστήμας
1207 5298 1415 5366 ἔγνων.
1455 5299 1651 5369 Σοφίαν
1695 5299 1752 5351 δὲ

208 5392 295 5445 καὶ
326 5391 545 5461 γνῶσιν,
593 5392 654 5443 οὐ
699 5390 797 5461 τὴν
828 5390 1022 5461 ἀληθῆ,
1054 5389 1164 5443 ἀλλ’
1195 5392 1230 5461 ἦ
1262 5408 1342 5453 τις
1371 5391 1509 5443 κατὰ
1546 5390 1753 5445 Παῦλον

275 5530 293 5561 ¹
330 5527 515 5587 Matth.
548 5544 587 5593 ι,
625 5528 674 5582 1.
751 5529 771 5559 ²
805 5526 824 5581 l
853 5527 979 5582 Cor.
1010 5543 1089 5594 Ill,
1119 5528 1203 5582 l9.

276 5670 353 5735 ὦ)
390 5669 465 5726 Ex
491 5669 621 5724 Cod.
655 5667 839 5723 Venet.
869 5680 1001 5722 xm.

276 5741 375 5811 (δ’)
414 5739 551 5811 Lege
583 5738 950 5791 ἐπεπαίδευτο.
979 5737 1135 5797 Enn,
1163 5737 1395 5794 ΡΑτιιοι..

517 5854 782 5913 ΡΑτιιοι..
828 5855 943 5916 Gn.
981 5857 1057 5917 Χ.

1858 3832 1991 3889 Ecce
2034 3853 2126 3906 ego
2170 3838 2534 3907 magniﬁcatus
2597 3855 2747 3903 sum,
2781 3848 2831 3892 et
2885 3839 3052 3906 adjeci
3104 3837 3418 3906 sapientiam

1855 3944 2011 3997 super
2075 3944 2247 3982 omnes
2296 3930 2386 3998 qui
2443 3929 2652 3999 fuerunt
2682 3942 2804 3983 ante
2845 3946 2924 3982 me
2971 3930 3022 3982 in
3072 3927 3419 3989 Jerusalem;

1856 4028 1904 4071 et
1920 4035 2011 4072 cor
2048 4034 2217 4073 meum
2254 4020 2384 4073 vidit
2420 4020 2642 4074 multam
2674 4022 2984 4089 sapientiam
3019 4029 3067 4073 et
3104 4020 3371 4074 notitiam.

1933 4199 1995 4254 V.
2035 4202 2116 4255 i7.
2154 4200 2446 4254 Parabolas
2465 4210 2515 4255 et
2534 4201 2807 4255 scientiam
2834 4201 2950 4256 novi
2978 4216 2996 4254 :
3025 4202 3147 4271 quia
3172 4202 3317 4272 atqui
3340 4201 3419 4271 (5)

1856 4292 1950 4344 hoc
1973 4292 2210 4345 voluntas
2244 4292 2481 4361 spiritus.

1929 4379 1994 4433 V.
2031 4380 2115 4434 18.
2152 4381 2291 4446 Quia
2330 4384 2384 4435 in
2428 4382 2761 4435 multitudine
2801 4385 3091 4452 sapientia,
3132 4386 3416 4441 multitudo

1856 4472 2202 4541 cognitionis;
2240 4482 2289 4525 et
2311 4474 2402 4543 qui
2431 4473 2617 4542 adjicit
2657 4475 3020 4543 cognitionem,
3054 4478 3239 4546 adjicit
3266 4478 3418 4531 dolo-

1858 4580 1984 4618 rem.

1927 4655 2149 4711 Inritatus
2186 4671 2305 4711 sum
2342 4656 2544 4713 frustra
2595 4667 2650 4713 et
2691 4659 2860 4726 adjeci
2911 4658 3265 4727 sapientiam;
3306 4675 3414 4715 non

1858 4762 2019 4816 quam
2053 4746 2199 4801 dedit
2225 4745 2389 4811 Deus,
2419 4757 2474 4801 at
2493 4747 2562 4802 de
2580 4764 2685 4817 qua
2710 4748 2840 4802 dicit
2865 4746 3065 4802 Paulus
3098 4768 3111 4801 :
3144 4746 3420 4817 Sapientia

1858 4839 2038 4892 mundi
2081 4839 2235 4908 hujus
2272 4839 2503 4893 stultitia
2549 4840 2690 4908 apud
2738 4840 2906 4893 Deum
2947 4850 3022 4894 est
3067 4842 3107 4895 ’.
3162 4841 3418 4897 Salomon

1857 4944 2090 4997 namque
2117 4935 2171 4983 et
2199 4929 2339 4983 hanc
2359 4930 2585 4984 callebat
2607 4930 2729 4999 plus
2752 4947 2915 4999 quam
2943 4934 3278 5001 prudentiam
3310 4950 3422 5004 pra

1860 5022 2116 5078 omnibus
2140 5024 2398 5093 antiquis.
2430 5021 2678 5079 Ostendit
2704 5025 2867 5094 igitur
2893 5042 3055 5095 quam
3086 5029 3158 5083 sit
3191 5029 3420 5084 frustra-

1858 5130 1979 5179 nea,
2020 5124 2079 5169 ut
2105 5127 2159 5170 et
2192 5131 2312 5187 qua:
2357 5127 2655 5187 sequuntur
2704 5117 3050 5176 manifestum
3082 5122 3309 5177 faciunt.
3347 5121 3417 5175 Et

1857 5221 1949 5258 cor
1982 5222 2170 5271 meum,
2213 5206 2405 5275 inquit.
2438 5207 2565 5261 uidit
2591 5208 2776 5264 multa.
2810 5208 3133 5280 Sapientiam
3162 5226 3211 5266 et
3241 5215 3419 5282 cogni-

1857 5299 2079 5364 tionem,
2124 5300 2403 5368 parabolas
2440 5310 2489 5354 et
2521 5302 2763 5354 scientias
2797 5308 2932 5357 novi.
2971 5304 3298 5373 Sapientiam
3339 5307 3420 5358 vi-

1858 5389 2049 5444 delicet
2074 5400 2128 5443 et
2157 5390 2538 5460 cognitionem,
2568 5409 2671 5448 non
2702 5410 2903 5460 veram,
2930 5395 3023 5448 sed
3056 5409 3197 5463 quae,
3227 5410 3419 5449 secun-

1942 5674 2017 5743 (ι)
2061 5671 2154 5743 Yel
2180 5673 2460 5743 legendum
2489 5670 2614 5737 εἶδε,
2645 5674 2726 5730 vel
2758 5674 2927 5739 εἶπεν,
2953 5671 3079 5729 εἶδε.

1932 5744 2007 5816 (5)
2049 5742 2250 5808 Etiam,
2284 5754 2454 5810 atque.

3028 5863 3106 5916 50
