3922 6472
500 356 638 411 ίὸἳε)

499 477 626 532 dum
668 470 913 532 Paulum,
959 463 1126 520 inﬂat.
1189 460 1331 513 Dixit
1383 471 1565 526 porro,
1613 453 1753 508 sicut

498 579 600 631 est,
633 566 789 619 etiam
842 558 944 613 tria
993 553 1162 610 millia
1209 549 1488 621 parabolas
1522 546 1576 611 ³,
1619 541 1715 597 sed
1755 553 1862 594 non
1895 533 2054 604 spiri-

500 660 702 723 tuales,
747 669 932 710 verum
985 649 1172 720 quales
1213 641 1489 708 communi
1530 637 1728 708 politiae
1776 633 2052 687 hominum

498 753 842 818 congruunt:
873 719 1010 812 puta
1030 740 1095 794 de
1129 733 1456 791 animalibus
1500 729 1583 782 vel
1629 719 2051 780 medicamentis.

497 812 675 906 Quare
702 836 863 891 etiam
889 833 1093 887 urbane
1116 827 1392 896 subiunxit
1415 844 1427 877 :
1456 821 1614 883 Novi,
1641 820 1764 888 quia
1791 814 1936 883 atqui
1963 812 2055 863 hoc

496 903 573 984 est
611 928 850 984 uoluntas
886 924 1120 993 spiritus.
1161 915 1447 973 Multitudo
1494 921 1671 966 autem
1713 903 2054 976 cognitionis,

497 1031 607 1070 non
647 1029 769 1084 quae
815 1013 886 1068 sit
923 1009 1092 1065 sancti
1147 1006 1376 1076 Spiritus
1405 1043 1418 1064 ,
1473 1002 1564 1056 sed
1611 997 1752 1068 quod
1808 995 2056 1064 princeps

495 1081 750 1171 operatur
786 1101 946 1169 hujus
990 1096 1196 1159 mundi,
1232 1093 1503 1162 mittitque
1553 1088 1897 1156 supplantare
1943 1081 2059 1135 ani—

497 1211 648 1261 mas,
684 1193 944 1248 sollicitus
973 1190 1125 1243 valde
1173 1187 1239 1240 de
1287 1179 1718 1239 dimensionibus
1757 1176 1913 1238 coeli,
1950 1175 2056 1226 situ

497 1295 687 1350 terrai,
719 1284 914 1337 ﬁnibus
947 1281 1130 1335 maris.
1172 1279 1238 1332 At
1278 1278 1368 1347 qui
1414 1275 1604 1327 harum
1651 1283 1831 1324 rerum
1874 1265 2056 1333 adjicit

496 1379 875 1448 cognitionem,
936 1373 1119 1444 adjicit
1158 1371 1405 1423 dolorem.
1449 1364 1769 1419 Set-utantur
1816 1358 1959 1412 enim
2007 1365 2060 1408 et

495 1487 616 1540 quae
649 1478 776 1524 sunt
819 1469 901 1521 his
936 1467 1127 1520 altiora
1157 1483 1170 1516 :
1205 1478 1326 1532 qua:
1355 1472 1546 1527 nempe
1574 1453 1869 1510 necessitas
1897 1450 1968 1503 sit
2002 1457 2060 1500 ut

494 1563 635 1633 ignis
667 1575 886 1615 sursum
923 1556 1149 1622 feratur,
1187 1570 1325 1623 aqua
1370 1552 1644 1605 deorsum.
1697 1547 1774 1600 Ac
1807 1542 1896 1596 ubi
1926 1539 2061 1594 didi-

495 1652 665 1706 cerint
691 1691 706 1715 ,
751 1649 805 1703 id
861 1648 1174 1715 contingere
1209 1643 1335 1712 quia
1375 1641 1462 1694 ille
1516 1637 1733 1708 quidem
1771 1633 1903 1688 levis
1945 1641 2059 1696 est,

496 1745 610 1799 haec
644 1742 857 1812 gravis;
895 1738 1155 1808 adjiciunt
1190 1735 1453 1795 dolorem,
1484 1737 1785 1799 quaerentes
1813 1741 1910 1780 cur
1950 1738 2056 1778 non

499 1837 679 1904 potius
714 1842 901 1888 contra
944 1830 1142 1884 factum
1175 1826 1263 1880 sit.

1156 1919 1305 1974 CAP.
1346 1916 1407 1970 ll.

566 2019 629 2074 V.
671 2021 722 2073 l.
755 2018 880 2070 Dixi
910 2031 1001 2086 ego
1029 2015 1083 2067 in
1116 2013 1269 2066 corde
1295 2025 1404 2062 meo
1430 2021 1447 2059 .'
1477 2003 1764 2065 Adesdum.
1800 2009 1944 2054 tenta
1973 2013 2061 2051 ceu

495 2117 548 2168 in
583 2111 942 2173 oblectatione,
977 2117 1026 2162 et
1056 2104 1167 2160 vide
1200 2105 1252 2157 in
1289 2105 1440 2158 bono.
1473 2098 1634 2167 Atqui
1672 2096 1768 2148 hoc
1808 2093 2034 2146 vanitas.

564 2288 902 2346 Tentaminis
932 2286 1130 2357 quippe
1161 2281 1352 2354 gratia,
1383 2287 1436 2334 et
1465 2293 1557 2348 per
1599 2273 1850 2330 accidens
1893 2287 1923 2324 a
1970 2285 2052 2323 ve-

495 2381 803 2438 nerabiliori
855 2387 910 2433 et
965 2375 1168 2432 duriori
1225 2372 1333 2436 vita
1394 2368 1538 2422 venit
1589 2365 1641 2421 in
1706 2365 2056 2431 voluptatem.

497 2472 909 2528 Oblectationem
944 2474 1121 2531 vocat,
1159 2477 1321 2532 quam
1360 2459 1439 2514 sic
1475 2455 1744 2525 appellant
1789 2451 2059 2506 homines.

494 2563 561 2617 In
614 2561 783 2623 bono,
833 2572 954 2628 qua;
1004 2555 1131 2608 item
1187 2553 1325 2606 bona
1381 2549 1702 2601 nominant:
1749 2558 1869 2612 quae
1915 2539 2058 2594 haud

493 2664 754 2725 quantum
791 2651 923 2705 satis
959 2646 1228 2701 viviﬁcant
1259 2652 1651 2711 possessorem,
1685 2651 1806 2705 quae
1833 2633 2057 2688 stultum

494 2745 730 2799 eﬂiciunt
762 2749 1029 2810 agentem.
1689 2729 1693 2732 ’

566 2836 629 2890 ν.
667 2836 720 2889 2.
757 2831 906 2887 Risui
936 2830 1048 2882 dixi
1078 2822 1576 2878 hallucinationem:
1607 2827 1654 2872 et
1675 2817 1891 2881 lwtitiaz,
1921 2812 2060 2879 Quid

495 2931 637 2987 istud
672 2929 842 2998 facis?

569 3020 840 3090 Duplicem
875 3017 1016 3072 risus
1047 3013 1205 3068 habet
1231 3006 1711 3063 hallucinationem
1745 3011 1898 3058 :tum
1930 2999 2059 3070 quia

495 3111 844 3168 hallucinatio
869 3116 1088 3179 generat
1121 3103 1283 3164 risus,
1317 3109 1370 3155 et
1400 3097 1584 3154 deﬂeri
1622 3109 1730 3149 non
1775 3092 1904 3148 sinit
1935 3105 2058 3160 pec—

495 3217 645 3271 cata;
699 3214 812 3259 tum
857 3200 984 3270 quia
1023 3198 1106 3251 vir
1146 3191 1456 3265 huiusmodi
1501 3189 1884 3251 hallucinatur,
1918 3194 2058 3240 tem-

497 3313 626 3368 pora
674 3304 729 3350 et
770 3295 888 3348 ioca
920 3299 974 3345 et
1006 3302 1261 3358 personas
1290 3293 1527 3338 mutans.
1575 3279 1754 3333 Evilat
1790 3277 1936 3331 enim
1975 3276 2060 3330 lu-

497 3367 700 3460 gentes.
747 3385 812 3438 Et
851 3382 1070 3446 laetitiaz,
1105 3378 1245 3444 Quid
1288 3375 1431 3430 istud
1472 3373 1650 3443 facis?
1692 3369 1832 3436 Quid
1882 3367 2060 3438 pergis

498 3480 561 3534 ad
593 3493 688 3534 eos
735 3476 928 3546 quibus
964 3471 1046 3526 fas
1089 3485 1193 3524 non
1227 3475 1311 3523 est
1351 3463 1555 3520 laetari?
1601 3462 1666 3517 ad
1711 3460 2057 3522 temulentos,

497 3580 551 3625 et
578 3583 790 3633 avaros,
833 3572 887 3620 et
929 3560 1182 3629 rapaces?
1223 3558 1293 3612 Ut
1327 3556 1454 3627 quid
1485 3564 1664 3609 autem
1696 3563 1942 3622 tauquam
1980 3549 2059 3601 vi-

499 3677 623 3716 num
645 3660 708 3714 ⁸2
737 3656 875 3723 Quia
911 3655 1094 3708 vinum
1125 3667 1219 3707 cor
1245 3649 1512 3705 exhilarat
1538 3665 1550 3700 :
1581 3646 1737 3700 mites
1774 3643 1920 3698 enim
1951 3639 2062 3694 etii-

500 3754 575 3806 eit
607 3751 874 3807 homines.
903 3745 1178 3800 Exhilarat
1215 3741 1344 3796 illud
1389 3740 1551 3795 etiam
1595 3753 1745 3799 caro,
1782 3750 1901 3806 qum
1927 3749 2060 3788 con-

500 3845 658 3901 cinne
684 3853 738 3899 et
765 3851 886 3912 apte
917 3847 1179 3893 movetur.
1264 3816 1271 3823 δ

574 4005 635 4060 V.
671 4005 723 4058 5.
762 4000 830 4054 Et
861 4015 950 4054 cor
981 4012 1150 4050 meum
1190 3994 1299 4046 dua:
1327 3992 1425 4046 uiae
1459 3991 1558 4061 fuit
1603 3991 1656 4042 in
1701 3988 1982 4057 sapientia,
2013 3996 2062 4040 et

502 4095 737 4151 vincendi
766 4094 820 4147 in
852 4090 1081 4146 lwtitia:
1109 4088 1268 4140 donec
1295 4084 1494 4138 videam
1523 4083 1675 4152 quale
1701 4083 1892 4134 bonum
1932 4079 2059 4148 filiis

503 4189 790 4251 hominum,
821 4184 957 4254 quod
1006 4181 1196 4251 facient
1238 4177 1332 4231 sub
1377 4174 1506 4240 sole,
1549 4159 1828 4227 numerum
1857 4172 2061 4224 dierum

502 4281 624 4334 vita:
648 4293 846 4333 eorum.

573 4450 866 4510 Deductus,
899 4445 1091 4516 inquit,
1125 4459 1217 4513 per
1251 4441 1570 4510 sapientiam
1619 4440 1870 4510 superavi
1908 4439 2053 4495 volu-

1409 332 1747 390 ADDENDA.
1784 359 1849 368 —
1885 325 1942 380 S.
1985 317 2271 376 DIUNYSII
2324 307 2782 369 ALEXANDRINI

1796 446 2054 513 scriptum

2181 437 2358 502 ρυσιοῖ.
2385 428 2530 486 Eine
2570 429 2645 488 δὲ,
2681 423 2823 478 καθὰ
2867 421 3194 490 γέγραπται,
3242 410 3339 467 καὶ
3391 410 3740 478 τρισχιλίυς

3597 292 3740 348 158ἱ)

2157 523 2516 594 παραϐολὰς,
2547 520 2658 573 ἀλλ’
2690 518 2748 570 ού
2787 514 2882 578 τὰς
2915 515 2972 565 ὲν
3013 509 3309 578 πνεύματι·
3341 502 3454 556 ἀλλ’
3498 498 3624 553 οἷαι
3673 503 3738 569 τῇ

2157 621 2307 688 κοινῇ
2332 614 2573 684 πολιτείᾳ
2594 611 2701 664 τῶν
2725 605 3022 678 ἀνθρώπων
3044 600 3425 673 ἁρμόττουσιν·
3451 588 3578 646 οἷον
3608 591 3737 661 περὶ

2157 712 2309 777 ζώων
2342 708 2376 779 ἢ
2407 703 2732 776 φαρμάκων.
2759 697 2846 751 Διὸ
2880 697 2973 749 καί⁸
3004 688 3380 746 ἀποσκώπτων
3417 687 3735 753 ἐπήγαγεν.

2160 778 2407 872 "Eri-tor,
2434 797 2522 850 ὅτι
2542 794 2638 848 καί
2657 808 2722 860 γε
2747 788 2920 841 τοῦτό
2942 787 3073 839 ἐστι
3093 781 3437 850 προαίρεσις
3459 778 3738 843 πνεύμα-

2157 866 2274 956 τοξ.
2306 886 2512 957 Πλῆθος
2558 883 2614 935 δὲ
2645 878 2914 948 γνώσεως,
2960 875 3020 926 ού
3051 871 3144 925 τοῦ
3193 869 3346 938 ἁγίου
3377 866 3733 935 ῐΙνεύματ-ος,

2157 979 2268 1033 ἀλλ’
2297 979 2431 1046 ὅπερ
2463 977 2490 1028 ὁ
2537 973 2716 1044 ἄρχων
2763 969 2972 1039 ἐνεργεῖ
3001 964 3189 1016 τούτου
3218 960 3311 1014 τοῦ
3348 960 3594 1028 κόσμου,
3646 960 3735 1010 καὶ

2158 1071 2460 1140 ἐπιπέμπει
2505 1061 2843 1126 σκελίζεσθαι
2872 1059 2970 1121 τὰς
3012 1055 3207 1126 ψυχὰς,
3249 1048 3736 1121 πολυπραγμονῶν

2156 1159 2380 1232 ούρανοῦ
2417 1157 2606 1228 μέτρα,
2654 1154 2754 1224 γῆς
2796 1151 2960 1211 θέσιν,
3008 1147 3280 1215 θαλάσσης
3308 1143 3553 1213 πέρατα.
3595 1139 3736 1191 Ἀλλ’

2158 1255 2190 1306 ὁ
2210 1250 2547 1318 προστιθεὶς
2566 1245 2766 1298 τούτων
2781 1241 3020 1312 γνῶσιν,
3043 1237 3442 1305 προστίθησιν
3461 1234 3736 1300 ἄλγημα.

2170 1341 2458 1412 Ἐρευνῶσι
2497 1337 2604 1408 γὰρ
2635 1335 2701 1388 τὰ
2724 1334 2926 1386 τούτων
2955 1329 3243 1400 βαθύτερα,
3268 1326 3352 1388 τίς
3379 1328 3414 1395 ἡ
3449 1325 3622 1395 χρεία
3647 1321 3737 1374 τοῦ

2157 1434 2217 1487 τὸ
2247 1433 2354 1501 πῦρ
2382 1431 2491 1483 ἄνω
2521 1429 2737 1498 χωρεῖν,
2768 1425 2826 1477 τὸ
2849 1425 2903 1476 δὲ
2924 1422 3067 1492 ὕδωρ
3092 1422 3270 1482 xire);
3309 1418 3402 1470 καὶ
3433 1415 3730 1486 μαθόντες.

2158 1527 2239 1578 ὅτι
2270 1525 2330 1576 τὸ
2357 1523 2452 1594 μὲν
2484 1522 2557 1582 ὡς
2589 1518 2805 1587 κοῦφον,
2835 1515 2892 1568 τὸ
2917 1514 2974 1567 δὲ
3015 1514 3088 1576 ὡς
3134 1512 3292 1583 βαρὺ,
3342 1507 3737 1578 προστιθέασιν

2159 1617 2399 1685 ϐλγημα,
2427 1613 2519 1665 καὶ
2552 1609 2694 1664 διατί
2728 1607 2800 1678 μὴ
2827 1603 3121 1668 ἀνάπαλινς

2812 1869 2966 1921 ΚΕΦ.
3003 1867 3077 1920 Β’.

2164 1970 2306 2037 Στιχ.
2343 1973 2412 2020 α’.
2460 1961 2646 2019 Εἶπον
2678 1961 2791 2030 ἐγὼ
2827 1962 2896 2013 ἐν
2925 1959 3134 2027 καρδίᾳ
3167 1973 3302 2027 μου·
3344 1955 3558 2022 Δεῦρο,
3608 1953 3733 2006 πει-

2223 2073 2404 2127 ρασαι
2431 2059 2509 2122 ὡς
2533 2056 2602 2108 ἐν
2631 2053 2992 2122 εὐφροσύνῃ,
3028 2049 3120 2103 καί
3154 2047 3244 2100 ἴδε
3271 2047 3341 2100 ἐν
3366 2045 3598 2115 ἀγαθῷ.
3631 2045 3739 2099 Kal

2230 2168 2294 2220 γε
2324 2149 2496 2202 τοῦτο
2523 2146 2862 2217 ματίιιότης.

2231 2241 2432 2311 Πείρας
2461 2238 2568 2310 γὰρ
2601 2239 2779 2301 ἕνεκα,
2811 2237 2906 2290 καὶ
2935 2234 3078 2289 κατὰ
3111 2231 3459 2303 συμϐεϐηκὸς
3488 2232 3606 2284 ἀπὸ
3647 2233 3735 2283 τοῦ

2163 2333 2481 2404 σεμνοτέρου
2529 2331 2619 2383 καὶ
2671 2327 3094 2398 κατεσκληκότος
3145 2325 3258 2396 βίου
3293 2321 3480 2396 ¹ἦλθεν
3529 2327 3618 2387 εἰς
3647 2324 3738 2392 τὴν

2161 2423 2372 2494 ἡδονήν.
2401 2422 2802 2490 Εὐφροσύνην
2833 2420 2890 2472 δέ
2921 2436 3104 2490 φησιν,
3137 2419 3201 2488 ἣν
3231 2417 3600 2487 ὀνομάζουσιν
3650 2417 3739 2468 ἆν-

2161 2514 2386 2586 θρωποι.
2430 2515 2533 2566 Ἐν
2559 2513 2758 2583 ἁγαθῷ
2777 2512 2852 2575 δὲ,
2885 2511 2920 2565 ἃ
2948 2509 3198 2564 καλοῦσιν
3225 2508 3427 2576 ἀγαθὰ,
3463 2507 3616 2578 ἆπερ
3645 2509 3737 2575 οὐχ

2163 2605 2323 2660 ἱκανὰ
2374 2606 2654 2670 ζωοποιεῖν
2691 2605 2781 2659 τὸν
2823 2603 3158 2675 κτησάμενον
3185 2603 3280 2674 (6),
3311 2602 3348 2655 ἃ
3378 2602 3610 2672 ματαιοί
3653 2599 3738 2650 tim

2164 2715 2486 2769 πραττοντα.

2233 2791 2379 2860 Στιχ.
2409 2789 2452 2859 β’
2511 2787 2592 2854 Τῷ
2615 2789 2820 2858 γέλωτι
2839 2782 3012 2841 εἷπον
3035 2785 3379 2856 περιφορὰν,
3407 2784 3509 2837 καί
3541 2783 3618 2851 τῇ
3653 2787 3738 2837 εὐ-

2161 2882 2456 2950 φροσύνῃ,
2497 2880 2559 2933 Τί
2595 2878 2770 2932 τοῦτο
2802 2877 3023 2943 ποιεῐς;

2229 2971 2431 3043 Διπλὴν
2463 2974 2491 3024 ὁ
2517 2970 2685 3038 γέλως
2716 2969 2827 3040 ἔχει
2871 2967 3198 3039 περιφορὰν·
3229 2967 3309 3020 ὅτι
3355 2966 3431 3036 τες
3459 2967 3738 3037 περιφορὰ

2160 3065 2321 3135 γεννᾷ
2353 3062 2610 3132 γέλωτας,
2643 3061 2736 3114 καὶ
2769 3060 2980 3114 πενθεῖν
3013 3059 3070 3112 ού
3115 3060 3385 3129 συγχωρεῖ
3409 3056 3513 3119 τὰς
3557 3058 3738 3126 ἁμαρ-

2087 3147 2131 3209 C
2162 3154 2302 3217 τίας,
2331 3153 2424 3205 καὶ
2453 3153 2532 3205 ὅτι
2555 3147 2706 3214 οὗτος
2733 3150 3103 3221 περιφέρεται,
3140 3149 3359 3218 καιροὺς
3407 3147 3506 3199 καὶ
3538 3147 3737 3206 τόποκ

2164 3245 2495 3301 ἐναλλάττων
2523 3245 2614 3297 καὶ
2643 3242 2925 3314 πρόσωπα.
2959 3239 3148 3308 Φεύγει
3170 3239 3278 3310 γὰρ
3306 3239 3434 3300 τοὺς
3477 3235 3738 3289 πενθοῦν-

2166 3360 2280 3406 τας.
2309 3341 2417 3395 Καὶ
2448 3339 2521 3408 τῇ
2559 3339 2923 3408 εὐφροσύνῃ,
2967 3338 3026 3390 Τί
3065 3335 3238 3389 τοῦτο
3271 3331 3462 3396 ποιεῖς
3487 3347 3509 3393 ;
3538 3332 3603 3382 Ti
3645 3344 3738 3379 πιο-

2170 3432 2297 3506 ρεύῃ
2343 3432 2477 3504 πρὸς
2522 3430 2614 3495 οὒς
2658 3431 2718 3483 ού
2769 3429 2924 3500 θέμις
2972 3424 3386 3499 εύιρραίνεσθαι;
3439 3424 3582 3494 πρὸς
3611 3425 3737 3487 τοὺς

2170 3525 2433 3596 μεθύσους
2477 3524 2569 3576 καὶ
2609 3521 2931 3584 πλεονέκτας
2975 3521 3067 3573 καὶ
3099 3518 3392 3589 ᾶρπαγας;
3428 3516 3534 3567 Διὰ
3582 3517 3635 3568 τί
3683 3516 3735 3568 δὲ

2165 3617 2246 3684 ὡς
2294 3611 2479 3678 οἷνον;
2550 3613 2763 3682 Ἐπειδὴ
2811 3613 2907 3684 τὴν
2961 3610 3188 3682 καρδίαν
3237 3603 3377 3669 οἶνος
3422 3607 3733 3678 εὐφραίνει.

2168 3707 2516 3779 πραῦθύμους
2562 3706 2670 3777 γὰρ
2722 3707 2847 3768 τοὺς
2903 3702 3218 3774 ἀνθρώπους
3264 3698 3588 3773 ἐργάζεται·
3651 3700 3734 3750 εύ-

2169 3798 2375 3870 φραίνει.
2403 3797 2458 3850 δὲ
2490 3797 2656 3868 αὐτὴν
2683 3797 2776 3848 καὶ
2807 3797 2839 3865 ἡ
2871 3794 3025 3866 σὰρξ,
3059 3793 3292 3846 εῦτακτα
3322 3791 3625 3862 κινουμένη
3652 3791 3736 3842 καὶ

2172 3892 2386 3963 μέτρια.

2238 3983 2387 4050 Στιχ.
2417 3980 2486 4049 γ’.
2521 3980 2624 4034 Kal
2655 3982 2692 4048 ἡ
2713 3977 2922 4046 καρδία
2942 3996 3061 4047 μου
3089 3973 3402 4043 ὡδήγησεν
3425 3973 3498 4026 ἐν
3531 3973 3732 4040 σοφίῃ,

2171 4073 2267 4126 καὶ
2302 4070 2406 4124 τοῦ
2447 4068 2738 4136 κρατῆσαι
2776 4067 2873 4120 ἐπὶ
2919 4065 3285 4135 εὐφροσύνῃ,
3323 4062 3438 4127 ἕως
3483 4058 3564 4116 οὗ
3609 4058 3733 4114 εἰδῶ

2171 4158 2342 4212 ποῖον
2387 4155 2453 4210 τὸ
2505 4155 2729 4224 ἀγαθὸν
2784 4155 2906 4219 τοῖς
2946 4153 3098 4218 υἱοῖς
3144 4151 3261 4205 τῶν
3304 4147 3666 4216 ἀνθρώπων,
3705 4146 3732 4198 ὃ

2170 4250 2532 4314 ποιήσουσιν
2560 4245 2676 4299 ὑπὸ
2706 4244 2812 4298 τὸν
2831 4243 3025 4312 ἣλιον,
3051 4241 3295 4310 ἀριθμὸν
3315 4237 3561 4308 τυιερῶν
3595 4236 3738 4304 ζωῆς

2169 4357 2390 4394 αυτων.

2255 4429 2585 4500 ὐδηγηθεὶς,
2610 4428 2793 4498 φησὶν,
2842 4425 2928 4480 διὰ
2980 4423 3168 4492 σοφίας
3209 4420 3601 4490 κατεκράτησα
3637 4419 3737 4470 τῶν

502 4553 677 4614 ptates
706 4543 760 4596 in
786 4538 987 4594 laetitia.
1022 4535 1230 4604 Scepus
1260 4547 1386 4588 vero
1422 4532 1553 4585 mihi
1585 4503 1911 4601 cognitionis
1938 4530 2057 4592 fuit,

2181 4521 2366 4594 ἡδονῶν
2410 4521 2504 4573 ἐπὶ
2533 4518 2855 4590 εὐφροσύνῃ·
2904 4514 3102 4578 σκοπὸς
3127 4513 3185 4566 δέ
3219 4527 3308 4583 μοι
3349 4511 3452 4579 τῆς
3481 4510 3737 4577 fudisse»;

503 4643 562 4688 ιιι
598 4631 731 4687 nulli
759 4630 839 4685 rei
864 4642 1016 4682 vana:
1044 4625 1150 4678 vita
1184 4629 1435 4687 vacaret;
1480 4620 1570 4675 sed
1621 4619 1821 4672 bonum
1853 4617 2062 4670 inveni-

502 4741 653 4788 rem,
699 4738 809 4794 quo
855 4720 978 4790 quis
1026 4731 1246 4784 compos
1293 4713 1531 4776 ell‘ectus,
1566 4725 1675 4765 non
1725 4708 1939 4763 aberrat
1994 4708 2063 4761 ab

504 4816 652 4870 utilis
699 4811 923 4884 judicio.
975 4807 1130 4874 Quod
1181 4805 1453 4861 sulliciens
1497 4811 1580 4857 est
1633 4799 2061 4868 temporarium,

502 4905 878 4964 coextenditur
905 4909 1084 4956 autem
1119 4897 1214 4953 toti
1246 4897 1386 4951 vitm.

535 5037 538 5039 ›
577 4997 636 5052 γ.
654 4998 710 5053 4.
731 4994 994 5062 Ampliavi
1025 5006 1152 5060 opus
1182 5003 1352 5042 meum
1373 5026 1387 5051 ,
1413 4983 1672 5054 ardi/icaoi
1700 4982 1828 5036 mihi
1849 4982 2062 5045 domos,

503 5089 740 5159 piantavi
771 5086 899 5140 mihi
926 5085 1121 5138 vineas.

577 5180 640 5235 V.
672 5180 726 5234 5.
767 5176 891 5230 Feci
921 5175 1045 5227 mihi
1079 5174 1252 5226 hortos
1287 5180 1336 5224 et
1369 5169 1641 5224 viridario.

576 5355 641 5410 ν.
675 5355 726 5408 6.
771 5352 894 5407 Feci
937 5351 1064 5404 mihi
1107 5351 1374 5403 natatoria
1419 5364 1694 5418 aquarum,
1727 5357 1781 5400 ut
1809 5346 2065 5414 efﬁcerem

503 5463 568 5504 ea;
597 5446 704 5502 illis
733 5445 928 5499 saltum
956 5443 1328 5512 germinantem
1357 5440 1518 5508 ligna.

578 5537 641 5594 ν.
675 5537 726 5591 7.
760 5535 980 5589 Possedi
1013 5549 1183 5586 servos
1211 5545 1257 5586 et
1287 5530 1530 5595 ancillas,
1561 5539 1608 5582 et
1651 5545 1818 5583 verna?
1855 5528 2067 5598 fuerunt

575 5651 599 5685 ⁸
631 5651 694 5704 lll
718 5650 847 5719 Reg.
874 5665 946 5714 tv,
972 5649 1060 5702 5'2.
1136 5650 1156 5678 ’⁸
1185 5645 1359 5702 Ει·ι;1ο.
1395 5662 1453 5712 ιι,
1473 5645 1535 5709 9.,
1569 5646 1620 5698 in
1645 5646 1718 5699 0'.

575 5773 652 5845 (ii)
691 5772 788 5828 Ms.
818 5771 974 5826 κτισά
983 5786 1157 5842 μενον.

2167 4614 2226 4666 τὸ
2258 4614 2350 4665 ἐπὶ
2391 4611 2578 4682 μηδενὶ
2626 4611 2840 4681 ματαίῳ
2870 4609 2968 4678 τὴν
3007 4605 3149 4677 ζωὴν
3189 4602 3509 4673 ἁσχολῆσαι,
3558 4604 3737 4672 εὑρεῖν

2165 4704 2222 4757 δὲ
2247 4704 2308 4758 τὸ
2347 4702 2544 4771 ἀγαθόν
2563 4719 2576 4732 ·
2607 4697 2667 4756 οὗ
2696 4719 2778 4764 τις
2807 4698 3001 4770 τυχὼν,
3035 4699 3132 4768 οὐχ
3165 4694 3471 4766 ἁμαρτάνει
3513 4693 3621 4764 τῆς
3648 4692 3738 4746 τοῦ

2170 4796 2534 4867 συμφέροντος
2572 4794 2822 4866 κρίσεως.
2863 4795 2927 4844 Ὃ
2952 4790 3168 4860 διαρκές
3199 4791 3310 4841 ἐστι
3339 4787 3436 4839 καὶ
3466 4787 3740 4857 πρόσκαι-

2172 4905 2283 4959 ρον,
2312 4890 2378 4958 τῇ
2411 4887 2466 4940 δὲ
2493 4887 2677 4958 ἁπάσῃ
2702 4885 2812 4954 ζωῇ
2839 4882 3236 4954 παρατείνεται.

2241 4982 2386 5051 Στιχ.
2423 4981 2484 5034 δ’.
2553 4977 2924 5048 Ἐμεγάλυνα
2952 4974 3174 5044 ποίημά
3199 4989 3337 5042 μου·
3372 4969 3739 5042 ᾠκοδόμησὰ

2165 5091 2266 5143 μοι
2294 5073 2517 5137 οἴκους·
2545 5069 2847 5139 ἐφύτευσά
2877 5086 2980 5138 μοι
3009 5064 3382 5136 ἀμπελῶνας.

2241 5164 2389 5233 Στιχ.
2444 5169 2503 5214 ε’.
2571 5158 2856 5228 Ἐποίησὰ
2896 5176 2994 5228 μοι
3043 5156 3273 5224 κήπους
3324 5153 3734 5222 καὶπαραδεί-

2214 5274 2341 5322 ους.

2240 5346 2386 5438 ξτιχ.
2415 5342 2529 5438 με’.
2567 5343 2848 5411 Ἐποίησά
2877 5360 2978 5412 μοι
3026 5339 3439 5410 κολυμϐήθρας
3475 5337 3733 5395 ὑδάτων,

2175 5429 2278 5481 τοῦ
2300 5433 2546 5504 ποιῆσαι
2576 5435 2674 5488 ἀπ’
2701 5433 2894 5491 αὐτῶν
2919 5431 3144 5503 δρυμὸν
3164 5429 3532 5496 βλαστῶντα
3555 5429 3728 5492 ξύλα.

2243 5527 2386 5597 Στιχ.
2423 5526 2486 5591 ζ’.
2538 5527 2915 5595 Ἐκτησάμην
2951 5525 3207 5593 δούλους
3252 5523 3350 5578 καί
3384 5519 3727 5586 παιδίσκας.
