3922 6508
272 374 406 431 1581

1264 392 1805 453 COMMENTARIUS
1841 395 1907 450 IN
1944 396 2482 457 ECCLESIASTEM.

3350 422 3371 474 l
3383 420 3489 478 582

265 489 366 543 καὶ
400 493 717 563 οἰκογενεῖς
760 499 1035 568 ἐγένοντό
1058 521 1179 571 μοι.
1215 509 1392 578 Καίγε
1430 512 1642 580 κτῆσις
1674 515 1788 577 ,βου

1930 514 2076 567 mihi.
2139 517 2294 585 Atqui
2322 522 2573 585 possessio
2628 527 2847 578 armenti
2900 537 2950 580 et
2998 532 3161 600 gregis
3208 532 3309 599 fuit
3356 536 3487 589 mihi

263 585 475 637 κολὶου
522 588 618 640 καὶ
667 592 941 660 ποιμνίου
987 594 1224 665 ἐγένετό
1253 618 1352 669 μοι
1398 604 1619 672 πολλὴ,
1674 608 1824 674 ὑπὲρ

262 673 496 743 πάντας
532 680 673 747 τοὺς
710 686 1067 755 γενομένους
1101 690 1440 760 ἔμπροσθέν
1462 714 1579 764 μου
1608 698 1676 750 ἐν
1718 673 1821 752 σιέ-

257 771 598 841 ρουσαλήμ.

334 860 479 931 Στιχ.
513 870 579 935 η’.
617 867 965 940 Συνήγαγον
990 890 1091 942 μοι
1132 876 1233 929 καί
1262 893 1338 946 ’γε
1378 881 1678 949 ἀργύριον,
1722 885 1821 936 καί

261 966 328 1019 τε
343 956 615 1020 χρυσίον,
635 960 731 1011 καὶ
750 968 1254 1036 περιουσιασμοὺς
1267 968 1700 1035 τῶνβασιλέων
1721 976 1816 1028 καὶ

258 1038 379 1094 τῶν
406 1044 629 1111 χωρῶν.
681 1048 964 1117 Ἐποίησά
984 1070 1085 1119 μοι
1118 1052 1374 1121 ᾄδοντας
1399 1058 1497 1112 καὶ
1528 1058 1814 1126 ᾀδούσας,

1929 605 2117 672 multa,
2160 624 2269 675 pra:
2306 610 2544 665 omnibus
2580 615 2669 680 qui
2711 615 2922 683 fuerunt
2965 631 3085 675 ante
3118 638 3195 675 me
3229 624 3283 676 in
3321 622 3485 678 Jeru-

1924 696 2103 749 salem.

2006 868 2068 923 V.
2105 870 2159 925 8.
2196 871 2394 943 Collegi
2427 876 2554 927 nti/ti
2586 886 2741 945 atque
2769 891 3061 948 argentum,
3089 892 3243 951 atque
3271 900 3481 948 aurum,

1920 969 1968 1013 et
2001 962 2325 1018 substantias
2356 983 2531 1036 regum
2561 970 2928 1038 et-regionum.
2974 970 3101 1026 Feci
3134 974 3260 1026 mihi
3299 988 3483 1030 canto-

1920 1071 1999 1107 res
2024 1064 2072 1108 et
2100 1060 2438 1125 cantatrices,
2470 1072 2518 1114 et
2558 1061 2935 1118 oblectamenta
2973 1066 3075 1133 ﬁlii
3109 1067 3353 1136 hominis,
3383 1086 3480 1139 po-

256 1133 354 1185 καὶ
380 1135 726 1204 τρυφήματα
751 1139 855 1193 τοῦ
880 1141 1013 1195 υἱοῦ
1035 1144 1139 1197 τοῦ
1167 1146 1500 1213 ἀνθρώπου,
1541 1150 1788 1219 οἰνοχόαι

1918 1144 2036 1196 cula
2063 1156 2111 1197 et
2137 1148 2497 1213 pocillatorem

254 1222 353 1275 καὶ
382 1226 677 1295 οἰνοχόον.

326 1313 472 1385 Στιχ.
500 1315 562 1369 θ’.
590 1319 699 1371 Καὶ
723 1320 1151 1395 ἐμεγαλύνθην,
1174 1326 1269 1379 καὶ
1291 1327 1633 1396 προσέθηκα
1656 1333 1812 1399 παρὰ

251 1405 483 1474 πάντας
511 1409 568 1462 οἳ
603 1410 878 1481 ἐγένοντο
903 1414 1241 1484 ἔμπροσθέν
1262 1436 1380 1487 μου
1409 1420 1479 1473 ὲν
1520 1421 1809 1490 Ἰερουσα-

248 1497 393 1568 λήμ.
438 1502 552 1555 Καί
574 1521 639 1573 γε
671 1506 855 1574 σοφία
880 1508 1102 1575 ἐστάθη
1130 1528 1249 1578 μοι.

319 1592 468 1662 Στιχ.
519 1600 567 1646 ι’.
616 1596 722 1649 Καὶ
757 1595 880 1652 πᾶν
910 1598 941 1652 ὃ
975 1600 1211 1668 ᾔτησαν
1239 1606 1293 1656 οὶ
1338 1605 1633 1675 ὀφθαλμοί
1666 1626 1803 1676 μου,

246 1681 356 1732 οὐκ
409 1682 659 1750 ἀφεῖλον
698 1685 799 1738 ἀπ’
844 1687 1057 1742 αὐτῶν.
1116 1693 1235 1744 Οὐκ
1284 1693 1645 1749 ἀπεκώλυσα
1693 1696 1807 1765 τὴν

246 1772 497 1839 καρδίαν
517 1792 637 1843 μου
672 1777 787 1830 άπὸ
814 1777 1016 1847 πάσης
1051 1783 1451 1851 εὐφροσύνης.

312 1863 568 1934 Θεωρεῖς,
600 1866 747 1930 ὅπως
771 1868 970 1939 πλῆθος
1000 1871 1161 1927 οἴκων
1194 1876 1289 1928 καὶ
1328 1877 1532 1948 ἀγρῶν,
1576 1880 1666 1932 καὶ
1694 1879 1801 1933 τῶν
1836 1850 1875 1903 Β

241 1954 462 2019 λοιπῶν,
498 1949 572 2010 ὧν
608 1974 789 2028 φησιν,
825 1960 1150 2031 ἀριθμήσας,
1180 1961 1296 2018 εἶτα
1330 1968 1493 2037 μηδὲν
1516 1971 1571 2022 ἐν
1598 1970 1804 2037 τούτοις

241 2046 524 2117 ὲπικερδὲς
557 2049 757 2121 εύρώψ
790 2054 910 2107 οὐδὲ
933 2055 1040 2125 γὰρ
1066 2058 1166 2129 τὴν
1191 2059 1366 2131 ψυχὴν
1391 2062 1450 2127 ἐξ
1479 2066 1655 2118 αὐτῶν
1682 2066 1801 2136 βελ-

238 2137 366 2191 τίων
391 2138 623 2206 ἐγένετο,
652 2143 769 2196 οὐδὲ
802 2143 888 2197 διὰ
908 2146 1063 2200 τοῦτο
1090 2149 1187 2220 τὴν
1210 2152 1344 2221 πρὸς
1374 2153 1505 2208 Θεὸν
1531 2156 1802 2212 οἰκείωσιν

239 2232 524 2299 ἐκτήσατο*
556 2235 863 2304 ἀναγκαίως
882 2240 973 2292 ἐπὶ
995 2240 1085 2293 τὸν
1114 2242 1284 2314 ἀληθῆ
1309 2243 1555 2311 πλοῦτον,
1586 2248 1676 2301 καὶ
1702 2250 1800 2321 τὴν

238 2312 456 2388 βεϐαίαν
474 2322 702 2395 ὓπαρξιν
722 2326 810 2380 τὸν
836 2327 989 2397 λόγον
1012 2332 1379 2405 μετατίθησιν.
1411 2338 1589 2403 Δεῖξαι
1622 2339 1798 2394 τοίνυν

237 2411 514 2483 βουληθεὶς
567 2420 694 2472 ποῖα
733 2418 840 2472 τῶν
890 2422 1181 2492 κτημάτων
1224 2425 1434 2479 ἵσταται
1480 2428 1555 2500 τῷ
1597 2448 1799 2502 κτησα-

238 2503 401 2574 μένῳ,
438 2506 588 2576 μένει
613 2526 671 2562 τε
692 2511 838 2581 αὐτῷ
855 2512 1114 2584 διηνεκῶς
1137 2517 1230 2569 καὶ
1251 2517 1498 2583 σώζεται,
1527 2522 1792 2593 ἐπήγαγε·

234 2598 344 2650 Καί
369 2615 432 2666 γε
455 2600 638 2669 σοφία
657 2602 875 2672 ἐστάθη
897 2623 1018 2673 μοι.
1049 2608 1199 2679 Μόνη
1219 2610 1326 2681 γὰρ
1358 2613 1495 2685 αῦτη
1532 2616 1698 2686 μένει,
1727 2617 1796 2670 τὰ

232 2685 276 2736 δ’
298 2686 428 2740 ἄλλα
459 2689 646 2758 φεύγει
678 2692 771 2743 καὶ
799 2694 1111 2762 ἀφίσταται,
1138 2699 1238 2753 ὅσα
1265 2700 1474 2769 φθάσας
1500 2685 1788 2777 ἠρίθμησε.

231 2781 416 2847 Σοφία
443 2781 620 2835 τοίνυν
674 2783 898 2854 ἐστάθη
913 2805 1034 2857 μοι,
1066 2790 1218 2860 κάγὼ
1244 2792 1309 2845 δι’
1337 2794 1507 2867 αὐτὴν
1538 2798 1786 2869 ἐστάθην.

243 2869 453 2925 Ἐκεῖνά
482 2890 539 2925 τε
578 2874 686 2946 γὰρ
711 2875 920 2945 πίπτει,
957 2882 1050 2933 καὶ
1075 2886 1258 2936 πεσεῖν
1284 2890 1429 2939 ποιεῖ
1459 2889 1583 2953 τοὺς
1610 2891 1791 2955 αὐτοῖς

230 2962 631 3033 ἐπιτρέχοντας.
683 2966 840 3021 Ἀλλά
885 2968 993 3041 γὰρ
1039 2971 1322 3043 σύγκρισιν
1353 2975 1521 3031 θεῖναι
1550 2981 1648 3051 τῆς
1699 2998 1789 3034 σο-

229 3051 375 3119 φίας,
423 3055 516 3107 καὶ
554 3056 649 3128 τὴν
688 3059 765 3129 (7)
811 3060 1109 3132 ἀνθρώπιον
1157 3066 1376 3133 ἀγαθῶν
1422 3070 1789 3141 νομιζομένων

228 3144 563 3217 βουλόμενος,
592 3151 762 3205 ταῦτα
787 3155 1031 3224 ἐπήγαγε
1055 3175 1067 3187 ·
1101 3159 1209 3211 Καὶ
1244 3157 1366 3214 πᾶν
1403 3161 1434 3215 ὃ
1468 3163 1705 3232 ᾔτησαν
1730 3169 1786 3221 oi
1814 3185 1857 3245 ο

227 3238 518 3307 ὀφθαλμοί
528 3259 668 3309 μου,
687 3246 796 3298 οὐκ
818 3246 1068 3314 ἀφεῖλον
1080 3249 1180 3302 ἀπ’
1202 3251 1417 3319 αὐτῶν,
1436 3255 1527 3307 καὶ
1546 3255 1612 3309 τὰ
1636 3255 1779 3329 ἑξῆς·

225 3330 285 3381 οὐ
326 3331 483 3400 μόνον
514 3336 734 3399 τούτους
778 3337 1016 3402 κακίζων
1055 3343 1179 3405 τοὺς
1227 3345 1480 3415 μόχθους,
1527 3348 1620 3413 οὓς
1646 3351 1695 3403 οἱ
1724 3351 1783 3405 ἐν

224 3420 526 3497 εὐφροσύνῃ
572 3430 883 3499 τρυφῶντες
935 3434 1199 3505 πάσχουσι
1254 3437 1595 3508 μοχθοῦντες,
1647 3442 1782 3497 ἀλλά

224 3513 315 3566 καὶ
342 3513 434 3578 οὓς
463 3517 599 3588 πρὸς
622 3520 862 3592 ἀνάγκην
892 3525 985 3577 καὶ
1013 3525 1132 3595 βίαν
1152 3529 1199 3580 οἱ
1222 3526 1494 3600 ἄνθρωποι
1522 3533 1781 3603 μοχθοῦν-

222 3623 309 3669 τες
356 3608 700 3679 ὑπομένουσι,
740 3616 946 3686 τροφῆς
992 3618 1173 3673 ἕνεκεν
1227 3620 1327 3691 τῆς
1370 3624 1667 3695 ἐφημέρου,
1721 3629 1779 3680 ὲν

222 3697 402 3769 ἱδρῶτι
420 3701 511 3753 τοῦ
546 3703 833 3775 προσώπου
857 3707 953 3771 τὰς
976 3709 1167 3780 τέχνας
1191 3711 1559 3784 ἐργαζόμενοι.
1598 3717 1656 3771 '0
1681 3719 1778 3788 μὲν

218 3788 323 3860 γὰρ
347 3791 541 3861 μόχθος
570 3795 754 3861 πολὺς,
781 3799 963 3868 φησὶν,
998 3803 1029 3871 ἡ
1056 3802 1110 3854 δὲ
1139 3802 1342 3876 τέχνηὴ
1366 3807 1429 3858 ὲκ
1456 3806 1548 3860 τοῦ
1577 3808 1775 3878 μόχθου

219 3882 564 3955 πρόσκαιρος,
607 3886 760 3939 οὐδὲν
808 3890 1118 3960 προτιθεῖσα
1165 3894 1240 3964 (8)
1284 3894 1391 3947 τῶν
1428 3899 1775 3969 τερπομένων

215 3973 498 4044 χρήσιμον.
546 3976 743 4047 Διόπερ
790 3978 850 4030 τὸ
885 3979 1071 4050 κέρδος
1114 3981 1283 4036 οὐδέν.
1329 3984 1493 4038 Ἔνθα
1536 3985 1646 4057 γὰρ
1676 3986 1774 4039 οὐκ

216 4062 329 4117 ἔστι
356 4067 662 4135 περισσεία,
697 4069 816 4121 οὐδὲ
842 4070 1051 4142 κέρδος.
1083 4074 1324 4139 Εἰκότως
1347 4076 1521 4131 τοίνυν
1553 4081 1774 4149 ματαιό-

212 4172 313 4225 της
339 4155 407 4208 τὰ
449 4157 868 4226 σπουδασθέντα,
898 4161 995 4215 καὶ
1029 4163 1370 4231 προαίρεσις
1416 4168 1769 4238 πνεύματος.

213 4246 438 4317 Πνεῦμα
463 4248 541 4312 δὲ,
568 4249 665 4320 τὴν
693 4250 866 4322 ψυχὴν
892 4253 1163 4323 ὀνομάζει.
1209 4255 1271 4308 'H
1298 4255 1405 4328 γὰρ
1434 4260 1767 4332 προαίρεσις,

212 4336 327 4387 ἐστι
380 4337 548 4403 ποιὸν,
594 4339 655 4391 οὐ
710 4340 937 4412 κίνησις.
975 4344 1085 4396 Καὶ
1123 4347 1151 4398 ὁ
1194 4346 1385 4398 Δαϐίδο
1419 4350 1525 4414 Εἰς
1570 4350 1771 4420 χεζοάς

209 4440 327 4482 σου
370 4432 721 4501 παρατίθημι
767 4433 832 4486 τὸ
882 4436 1114 4506 πνεῦμά
1153 4457 1290 4507 μου.
1336 4442 1448 4495 Καί
1474 4443 1769 4515 γεάληθῶς

210 4520 395 4589 σοφία
420 4521 642 4590 ἐστάθη
674 4541 794 4593 μοι,
822 4526 901 4578 ὅτι
929 4544 994 4597 με
1030 4528 1230 4596 γνῶναι
1266 4520 1369 4585 καὶ¹
1402 4534 1633 4588 συνιέναι
1669 4554 1767 4589 πε·
1801 4542 1845 4594 D

208 4612 404 4682 ποίηκε
442 4614 535 4667 τοῦ
584 4614 758 4684 λέγειν
798 4619 904 4670 πᾶν
942 4619 970 4671 ὃ
1007 4636 1059 4671 τι
1087 4620 1186 4672 οὐκ
1209 4620 1320 4675 ἔστι
1359 4625 1641 4695 περισσεία
1669 4626 1772 4679 ὑπὸ

206 4704 298 4757 τὸν
322 4706 488 4776 ἥλιον.
514 4709 576 4761 Εἰ
604 4710 780 4763 τοίνυν
817 4710 1021 4779 ἀγαθοῦ
1045 4711 1266 4783 κέρδους
1292 4715 1681 4788 ἐπιθυμοῦμεν,
1721 4723 1770 4773 εἰ

209 4799 524 4869 περισσείαν
544 4800 786 4873 θέλομεν,
802 4804 1129 4875 είᾶφθαρτοι
1151 4803 1418 4877 ζητοῦμεν
1442 4804 1599 4873 εἶναι,
1634 4828 1764 4881 μοχ-

207 4890 460 4964 θήσωμεν
485 4894 713 4965 μόχθους
727 4897 849 4960 τοὺς
876 4896 1015 4967 ὑπὲρ
1035 4897 1122 4950 τὸν
1151 4897 1301 4968 ἥλιον
1332 4900 1637 4971 τρέχοντας.
1683 4904 1769 4955 Ἐν

204 4984 416 5048 τούτοις
443 4988 551 5059 γὰρ
575 4988 673 5041 οὐκ
700 4989 814 5042 ἐστι
841 4989 1159 5060 ματαιότης,
1186 4990 1305 5043 οὐδὲ
1333 4993 1649 5064 προαίρεσις
1670 4994 1765 5047 τοῦ

202 5078 432 5137 εὶκαίου.
480 5082 575 5133 καὶ
609 5082 782 5153 μάτην
817 5075 917 5136 ὧδε
957 5084 1117 5137 κάκεῖ
1157 5085 1566 5156 περισπωμένου
1608 5086 1767 5141 πνεύ-

204 5185 393 5239 ματος.

273 5322 419 5402 Στῖχ.
459 5351 473 5384 ι
482 5331 548 5401 β’.
582 5330 693 5385 Kal
712 5332 937 5399 ἔϐλεψα
968 5329 1082 5397 ἐγὼ
1112 5330 1217 5384 τοῦ
1250 5330 1396 5384 ἰδεῖν
1414 5332 1636 5401 σοφίαν
1665 5332 1759 5386 καί

201 5427 524 5493 περιφορὰν
557 5424 655 5477 καὶ
684 5424 1067 5492 ἀφροσύνην·
1102 5422 1190 5476 ὅτι
1222 5424 1312 5489 τίς
1342 5425 1666 5491 ἄνθρωπος,
1696 5424 1762 5490 ὃς

198 5516 510 5571 ἐλεύσεται
558 5517 749 5571 ὀπίσω
817 5516 926 5587 τῆς
977 5516 1216 5585 ,ϐουλῆς
1270 5516 1589 5586 σύμπαντα
1647 5517 1763 5571 ὅσα

196 5608 485 5677 ἐποίησεν
512 5612 694 5677 αὕτη;

267 5704 287 5734 ⁸
316 5701 672 5761 Psal.xxx1x.
703 5704 760 5758 6-

266 5819 340 5890 (7)
374 5820 513 5874 Τῶν.

1984 1311 2047 1365 V.
2075 1314 2126 1368 9.
2161 1314 2229 1368 Et
2252 1321 2616 1388 magniﬁcatus
2645 1339 2783 1387 sum,
2814 1334 2862 1377 et
2895 1327 3065 1397 adjeci
3104 1348 3213 1399 pra:
3239 1335 3473 1387 omnibus

1912 1405 2002 1470 qui
2045 1404 2256 1473 fuerunt
2295 1420 2415 1462 ante
2450 1428 2530 1464 me
2564 1414 2618 1464 in
2660 1412 2973 1473 Jerusalem.
3023 1419 3179 1490 Atqui
3217 1425 3475 1492 sapientia

1812 1504 1818 1510 ‘
1911 1496 2052 1547 stetit
2088 1498 2235 1552 mihi.

1982 1582 2044 1636 V.
2092 1586 2175 1641 10.
2222 1586 2293 1640 Et
2330 1606 2479 1644 omne
2526 1595 2665 1662 quod
2709 1599 3105 1663 postulaverunt
3148 1604 3288 1657 oculi
3336 1608 3467 1668 mei,

1908 1691 2009 1728 non
2048 1677 2243 1731 abstuli
2282 1682 2344 1733 ab
2373 1682 2465 1735 eis.
2512 1682 2632 1737 Non
2661 1686 2900 1755 proltibui
2922 1706 3011 1743 cor
3040 1709 3208 1745 meum
3239 1695 3301 1747 ab
3329 1699 3471 1751 onmi

1906 1766 2114 1820 ltetitia.

1981 1858 2136 1915 Vides
2176 1867 2449 1933 quomodo
2493 1870 2888 1928 multitudinem
2918 1879 3199 1933 domorum
3229 1889 3283 1935 et
3309 1898 3469 1951 agro-

1906 1966 2047 2018 rum,
2074 1968 2138 2008 ac
2169 1956 2501 2025 reliquorum
2547 1976 2668 2030 quae
2713 1979 3125 2034 commemorat,
3165 1986 3463 2027 enutneret.

1902 2041 2104 2099 Deinde
2127 2048 2260 2102 nihil
2287 2049 2341 2103 in
2375 2050 2458 2105 his
2486 2053 2615 2107 utile
2648 2058 2955 2124 reperiens;
2986 2075 3084 2115 nec
3115 2063 3258 2116 enim
3287 2066 3465 2133 quoad

1902 2133 2137 2189 animam
2164 2153 2229 2191 ex
2264 2139 2351 2194 his
2394 2142 2585 2196 melior
2618 2159 2885 2213 evaserat,
2921 2164 3097 2219 neque
3126 2167 3222 2221 per
3262 2154 3363 2209 hoc
3388 2155 3466 2210 fa-

1902 2226 2267 2284 miliaritatem
2310 2246 2433 2285 cum
2484 2232 2591 2288 Deo
2636 2238 2999 2306 acquisierat;
3035 2245 3345 2301 necessario
3394 2247 3464 2302 ad

1898 2333 2056 2374 veras
2099 2321 2349 2389 divitias,
2399 2333 2453 2379 et
2512 2328 2758 2383 stabilem
2804 2332 3101 2401 essentiam
3154 2349 3460 2392 sermonem

1900 2411 2171 2469 transfert.
2200 2415 2339 2470 Cum
2368 2417 2536 2488 igitur
2566 2420 2725 2475 vellet
2749 2422 3033 2478 ostendere
3062 2442 3309 2495 quamam
3342 2444 3463 2498 pos-

1897 2504 2169 2559 sessiones
2200 2511 2505 2575 possessori
2543 2524 2914 2580 permaneant,
2948 2524 3458 2589 perseverentapud

1894 2609 2016 2648 eum
2041 2595 2266 2665 jugiter,
2293 2613 2356 2653 ac
2382 2611 2682 2667 serventur,
2712 2603 2993 2672 subjunxit
3022 2626 3034 2660 :
3068 2609 3227 2678 Atqui
3251 2613 3457 2680 sapien-

1895 2684 1968 2737 tia
1998 2686 2141 2737 stetit
2177 2686 2324 2739 milti.
2369 2688 2493 2744 Sola
2523 2692 2668 2745 enim
2709 2693 2823 2748 haec
2865 2708 3081 2752 manet:
3116 2709 3309 2755 caetera
3351 2703 3461 2757 dif-

1894 2773 2106 2845 fiigiunt
2131 2787 2185 2833 et
2214 2780 2531 2843 abscedunt,
2562 2800 2898 2854 quaecunque
2918 2800 3074 2844 antea
3097 2796 3454 2850 enumeravit.

1893 2864 2168 2936 Sapientia
2201 2869 2382 2939 itaque
2420 2874 2563 2926 stetit
2609 2876 2758 2939 mihi,
2794 2886 2847 2931 et
2883 2893 2981 2944 ego
3007 2896 3102 2949 per
3132 2883 3277 2939 illam
3310 2888 3450 2942 steti.

1891 2954 1983 3009 Illa
2014 2972 2247 3027 namque
2278 2960 2570 3027 excidunt,
2615 2974 2669 3019 et
2706 2968 3043 3041 praecipitant
3084 2983 3350 3044 quotquot
3384 2980 3452 3033 ad

1890 3045 1980 3098 illa
2009 3060 2316 3102 recurrunt.
2352 3052 2421 3103 At
2449 3052 2590 3105 enim
2645 3054 2832 3110 volens
2878 3062 3333 3129 comparationem
3372 3067 3454 3122 in-

1890 3135 2113 3191 stituere
2155 3138 2461 3207 sapientiae,
2501 3150 2556 3195 et
2603 3142 2872 3199 bonorum
2923 3147 3285 3208 humanorum
3332 3174 3453 3227 quae

1892 3227 2020 3281 talia
2067 3239 2405 3297 reputantur,
2459 3234 2570 3287 [nec
2618 3234 2894 3292 subtexuit
2936 3256 2949 3292 :
2994 3239 3064 3294 Et
3115 3260 3264 3299 omne
3311 3253 3449 3319 quod

1889 3318 2283 3386 postulaverunt
2313 3322 2452 3376 oculi
2479 3324 2598 3387 ntei,
2629 3341 2733 3379 non
2764 3329 2960 3383 abstuli
2988 3331 3052 3385 ab
3079 3336 3176 3403 eis,
3208 3347 3261 3392 et
3289 3318 3448 3396 ciete-

1887 3425 1970 3476 ra,
2005 3427 2111 3465 non
2142 3413 2303 3468 modo
2334 3416 2506 3472 malos
2539 3419 2830 3475 ostendens
2861 3422 3174 3492 hujusmodi
3212 3428 3444 3498 labores,

1886 3515 2025 3569 quos
2052 3503 2146 3572 qui
2174 3504 2231 3557 in
2252 3504 2431 3560 laetitia
2460 3507 2725 3575 laborant,
2750 3512 3043 3582 sustinent;
3072 3533 3260 3575 verum
3283 3523 3447 3579 etiam

1886 3609 2241 3665 quoscunque
2284 3598 2334 3651 vi
2384 3615 2449 3654 ac
2488 3601 2810 3657 necessitate
2850 3604 3156 3666 laborantes
3197 3612 3447 3673 homines

1884 3685 2135 3748 tolerant,
2173 3687 2475 3755 quotidiani
2499 3690 2673 3745 victus
2709 3707 2893 3761 causa,
2930 3694 2985 3749 in
3032 3699 3228 3756 sudore
3264 3704 3447 3761 vultus

1884 3787 2026 3831 artes
2055 3778 2373 3833 exercendo.
2412 3778 2589 3835 Labor
2636 3782 2782 3837 enim
2819 3785 3022 3842 multus
3065 3799 3181 3858 est,
3232 3792 3442 3863 inquit,

1882 3883 1972 3922 ars
2011 3879 2191 3923 autem
2233 3885 2354 3939 quae
2400 3886 2465 3925 ex
2501 3871 2685 3928 labore
2730 3883 2846 3943 est,
2892 3883 3250 3951 temporaria,
3308 3887 3443 3941 nihil

1880 3959 2111 4015 aﬂ‘erens
2158 3961 2289 4015 utile
2336 3978 2523 4016 eorum
2572 3979 2693 4033 qua:
2738 3966 3026 4024 delectant.
3076 3971 3443 4039 Quamobrem

1879 4053 2042 4107 etiam
2075 4054 2501 4109 emolumentum
2532 4056 2738 4110 nullum
2776 4068 2877 4114 est.
2912 4058 3015 4116 Ubi
3051 4065 3193 4118 enim
3222 4081 3329 4121 non
3359 4083 3443 4125 est

1877 4144 2265 4209 exuberantia,
2320 4161 2495 4215 neque
2539 4150 2986 4209 emolumentum.
3040 4154 3232 4214 Merito
3278 4162 3444 4231 igitur

1877 4237 2090 4291 vanitas
2136 4246 2264 4292 sunt
2304 4253 2389 4293 res
2442 4238 2585 4294 circa
2630 4256 2768 4310 quas
2805 4253 2949 4300 tanta
2988 4258 3072 4303 est
3112 4251 3437 4315 sollicitudo,

1875 4338 1923 4381 et
1962 4329 2201 4383 voluntas
2231 4330 2468 4398 spiritus.
2499 4329 2759 4400 Spiritum
2790 4338 2877 4392 hic
2902 4339 3138 4395 animam
3172 4351 3435 4399 nominat.

1876 4416 2140 4474 Voluntas
2168 4420 2335 4484 enim,
2366 4429 2449 4475 est
2476 4423 2730 4492 qualitas,
2766 4442 2873 4482 non
2913 4439 3121 4487 motus.
3159 4433 3225 4490 Et
3270 4436 3439 4491 David

1875 4512 1949 4566 ait
1985 4530 1999 4566 :
2041 4510 2109 4565 In
2152 4530 2339 4567 manus
2391 4524 2510 4567 tuas
2560 4519 2860 4572 commendo
2905 4523 3146 4591 spiritum
3196 4544 3365 4582 meum
3391 4532 3433 4587 ⁵.

1872 4603 2035 4673 Atqui
2066 4620 2191 4660 vere
2217 4607 2476 4673 sapientia
2522 4610 2665 4662 stetit
2698 4610 2846 4675 mihi,
2887 4613 3014 4681 quia
3041 4615 3219 4671 effecit
3246 4628 3307 4671 ut
3336 4638 3435 4691 ego

1873 4709 2252 4763 cognoscerem
2294 4710 2358 4749 ac
2408 4696 2795 4765 intelligerem,
2838 4714 2946 4766 quo
2992 4700 3227 4757 dicerem
3274 4720 3435 4762 omne

1872 4787 2017 4856 quod
2050 4802 2158 4841 non
2191 4796 2275 4840 est
2305 4786 2658 4841 exuberantia
2691 4789 2792 4842 sub
2825 4790 2957 4845 sole.
2991 4790 3047 4845 Si
3077 4808 3205 4863 ergo
3229 4794 3431 4853 bonum

1871 4879 2299 4933 emolumentum
2330 4878 2724 4943 desideramus,
2758 4880 2804 4935 si
2833 4882 3241 4940 exuberantiam
3278 4891 3432 4946 volu-

1873 4986 2017 5036 mus,
2048 4971 2095 5025 si
2121 4970 2557 5040 incorruptibiles
2593 4972 2889 5041 quaerimus
2929 4990 3082 5044 esse;
3123 4979 3431 5039 laboremus

1872 5059 2087 5114 labores
2118 5057 2212 5128 qui
2256 5058 2397 5113 ultra
2429 5059 2596 5114 solem
2629 5072 2876 5115 currunt.
2916 5063 2975 5113 In
3022 5063 3109 5118 bis
3148 5066 3291 5119 enim
3322 5084 3433 5122 non

1872 5160 1954 5207 est
1974 5153 2209 5217 vanitas,
2237 5165 2414 5221 neque
2439 5151 2693 5206 voluntas
2720 5153 2794 5207 rei
2825 5169 3193 5222 supervacuae,
3236 5171 3290 5213 et
3319 5161 3433 5229 spi-

1870 5244 2010 5299 ritus
2044 5243 2245 5298 frustra
2273 5243 2416 5296 ultro
2444 5242 2689 5312 citroque
2718 5242 2945 5313 abrepti.

1946 5332 2007 5388 ν.
2041 5332 2128 5387 12.
2175 5331 2243 5385 Et
2287 5331 2467 5401 aspexi
2512 5347 2604 5401 ego
2648 5341 2707 5385 ut
2750 5333 2975 5387 viderem
3015 5338 3346 5405 sapientiam,
3380 5347 3431 5390 et

1869 5425 2357 5487 hallucinationem,
2408 5435 2457 5477 et
2506 5423 2931 5491 imprudentiam.
2980 5425 3125 5479 Nam
3165 5429 3282 5498 quis
3331 5430 3429 5481 It0~

1869 5535 1975 5583 mo,
2006 5518 2096 5586 qui
2130 5517 2225 5570 ibit
2254 5530 2383 5583 pone
2424 5513 2703 5569 consilium
2735 5518 2911 5571 omnia
2948 5534 3265 5590 quacunque
3300 5520 3426 5591 fecit

1875 5611 2029 5663 th?

1931 5819 2003 5889 (8)
2045 5816 2203 5872 Forte
2234 5817 2591 5889 προστιθεῖσα.
