3922 6506
298 333 435 388 i585

1264 337 1806 398 COMMENTARIUS
1842 339 1908 394 IN
1949 338 2476 400 ECCLESIASTEM.

3396 337 3529 389 IFISIG

293 451 392 524 τὴν
412 455 476 505 ἐκ
501 453 606 506 τῶν
628 455 914 510 ἀκούεσθαι
939 458 1235 529 μελλόντων
1258 461 1468 514 δικαίαν
1493 463 1854 530 κατάγνωσιν.

1994 463 2194 518 udituri
2220 473 2421 527 essent,
2447 463 2654 531 justam
2697 457 3215 520 condemnationem,
3247 473 3340 529 per
3383 474 3533 509 nien—

294 541 389 596 ὲπι
413 542 655 614 λογισμῷ
682 545 796 598 λύει
825 549 920 618 τῆς
951 550 1180 622 ἀπορίας
1208 551 1305 622 τὴν
1328 552 1595 607 ἔνστασιν.
1629 553 1702 605 Τὸ
1729 553 1858 621 γὰρ,

300 635 422 690 Ἵνα
448 639 507 690 τί
528 638 926 710 ἐσοφισάμην,
962 644 1301 710 ὲνδυάζοντος
1329 643 1418 718 ἦν,
1467 650 1560 701 καὶ
1590 649 1832 719 ἀμφιϐἀλ

296 725 500 790 λοντος,
546 727 579 800 ἢ
612 731 789 796 καλῶς
831 737 895 805 τῇ
933 737 1092 808 σοφίᾳ
1127 737 1161 808 ἢ
1217 738 1392 810 μάτην
1440 741 1860 811 προσανάὶωμα,

298 815 398 888 ἦγε
425 817 517 887 τοῦ
553 820 782 892 ἄφρονος
809 826 958 880 οὐδὲν
986 828 1229 900 διαφέρει
1264 831 1728 903 πλεονεκτήματα,
1754 835 1864 896 τοίς

299 907 480 970 αὐτοῖς
509 911 566 962 ἐν
587 911 662 982 τῷ
692 911 786 964 νῦν
815 915 971 970 αἰῶνι
992 919 1191 988 ὁμοίως
1218 919 1366 990 αὑτῷ
1393 921 1617 976 πάθεσιν
1649 923 1867 976 ὑποκεί-

302 1015 480 1068 μενος.
515 1000 613 1055 Διὰ
643 1002 697 1056 δὲ
731 1005 907 1069 τοῦτο,
939 1010 1260 1076 Περισσὸν,
1296 1013 1478 1083 φησὶν,
1501 1013 1774 1080 ἐλάλησα
1797 1014 1866 1066 ἐν

299 1089 510 1158 καρδίᾳ
557 1112 697 1163 μου,
748 1097 909 1168 μηδὲν
939 1101 1166 1170 νομίσας
1205 1099 1340 1156 εἶναι
1387 1104 1546 1174 μέσον
1578 1104 1740 1173 σοφοῦ
1774 1107 1867 1159 καὶ

301 1183 551 1254 ἀερρονος.

373 1362 524 1430 Στιχ.
581 1370 673 1428 ις’.
721 1365 957 1434 Ἐπειδὴ
995 1371 1102 1422 οὐκ
1145 1371 1274 1423 ἔστι
1323 1375 1494 1441 μνεία
1539 1375 1641 1428 τοῦ
1675 1377 1869 1446 σοροῦ

296 1452 445 1520 μετὰ
470 1453 571 1506 τοῦ
601 1454 860 1522 ἄφρονος
881 1461 967 1523 είς
1002 1460 1106 1511 τὸν
1132 1461 1336 1514 αἰῶνα.

374 1544 648 1614 Παροδικά
683 1546 780 1616 μὲν
810 1549 916 1621 γὰρ
949 1551 1014 1604 τὰ
1047 1551 1139 1603 τοῦ
1175 1552 1287 1622 βίου
1325 1556 1725 1628 συμπτώματα,
1765 1560 1870 1611 εἴτε

303 1634 603 1706 καθέστηκε
635 1636 870 1710 λυπηρὰ,
908 1643 1034 1714 περὶ
1067 1637 1141 1696 ὧν
1171 1662 1332 1716 φησιν
1353 1665 1364 1676 ·
1403 1651 1614 1703 Καθότι
1659 1651 1776 1718 ἤδη
1807 1653 1873 1707 τὰ

308 1723 503 1780 πάντα
541 1727 846 1800 ἐπελιξσθη
867 1749 878 1760 ’
923 1734 1107 1806 ἐπειδὴ
1139 1737 1326 1808 χρόνου
1365 1741 1560 1813 μικροῦ
1596 1745 1874 1814 παραδρα-

1962 564 2067 608 tem
2115 555 2272 609 solvit
2308 554 2635 610 diIIicuItatis
2679 551 3020 605 instantiam.
3057 550 3190 604 Illud
3221 549 3364 603 enim
3395 567 3406 600 :
3446 547 3534 602 Ut-

1962 647 2086 716 quid
2134 647 2449 715 sapientiam
2499 645 2767 714 professus
2813 641 2969 694 sum?
3019 641 3271 696 haerentis
3316 651 3432 696 erat
3471 655 3536 694 ac

1964 736 2281 803 dubitantis,
2313 747 2526 791 rectene
2564 736 2647 790 vel
2701 735 2905 789 frustra
2948 731 3076 800 quid
3119 731 3396 800 sapientiae
3433 733 3534 786 itn-

1965 816 2231 899 penderit,
2262 829 2346 884 vel
2390 845 2459 885 an
2509 829 2578 884 ab
2624 829 2913 899 insipiente
2957 840 3055 880 sua
3103 824 3236 879 nihil
3285 825 3534 880 differant

1965 922 2349 986 emolumenta,
2385 923 2582 992 quippe
2610 923 2704 990 qui
2748 921 2942 976 iisdem
2986 927 3147 987 atque
3198 917 3286 971 ille
3333 919 3385 971 in
3436 918 3535 970 hac

1967 1011 2072 1066 vita
2105 1013 2451 1082 passionibus
2496 1014 2745 1068 similiter
2771 1012 3045 1068 obnoxius
3067 1007 3532 1078 esset.Propterea

1969 1120 2116 1170 vero,
2149 1105 2455 1169 Abundans,
2477 1107 2671 1176 inquit,
2709 1105 2912 1158 locutus
2952 1119 3069 1158 sum
3109 1102 3162 1154 in
3209 1102 3361 1154 corde
3401 1117 3532 1162 meo,

1969 1195 2101 1250 nihil
2143 1211 2262 1250 esse
2303 1197 2538 1251 medium
2583 1206 2731 1252 ratus
2773 1197 2912 1250 inter
2957 1193 3255 1264 sapientem
3307 1200 3361 1246 et
3401 1191 3534 1244 insi-

1968 1287 2221 1357 pienlcm.

2045 1378 2103 1433 ν.
2145 1380 2229 1434 16.
2273 1379 2411 1443 Quia
2447 1398 2547 1434 non
2577 1391 2652 1434 est
2682 1381 2932 1434 memoria
2967 1377 3220 1448 sapientis
3262 1394 3377 1430 cum
3410 1376 3536 1430 insi-

1971 1472 2138 1539 piente
2169 1473 2222 1524 in
2249 1471 2516 1526 secutum.

2045 1562 2381 1618 Transitoria
2412 1563 2556 1618 enim
2592 1572 2715 1616 sunt
2747 1563 2867 1615 νίιςυ
2896 1561 3224 1626 accidentia;
3255 1560 3300 1614 si
3339 1558 3418 1618 vel
3447 1557 3541 1612 tri-

1974 1652 2078 1706 stia
2109 1651 2329 1714 fuerint,
2361 1653 2426 1706 de
2467 1652 2664 1721 quibus
2710 1653 2825 1704 ait:
2865 1649 3013 1704 Sicut
3039 1652 3154 1720 jam
3201 1651 3375 1704 omnia
3410 1649 3540 1702 obli-

1977 1745 2116 1796 vioni
2154 1744 2354 1797 tradita
2389 1755 2509 1797 sunt
2538 1744 2610 1807 ";
2658 1745 2784 1814 quia
2830 1760 2993 1812 parvo
3043 1754 3281 1812 tempore
3326 1751 3536 1811 practer-

311 1817 518 1886 μὸντος,
557 1819 694 1896 λήθῃ
736 1824 803 1878 τὰ
846 1827 1207 1896 συμϐαίνοντα
1251 1830 1476 1900 βιωτικά
1512 1838 1622 1898 τοῖς
1668 1835 1876 1906 ἀνθρώ-

1994 1853 2186 1905 gressu,
2229 1836 2500 1890 oblivione
2534 1837 2834 1892 accidentia
2881 1839 3003 1890 vitae
3042 1835 3294 1890 humanae
3336 1833 3540 1890 exstino

307 1927 430 1974 ποις
461 1912 760 1970 σϐέννυται.
797 1918 904 1971 Καὶ
937 1919 1168 1973 αὑτοὶ’δὲ
1197 1919 1276 1987 οἷς
1313 1923 1483 1978 ταῦτα
1513 1927 1874 1998 συμϐέϐηκεν,

307 1999 404 2069 οὐχ
431 2001 629 2070 ὁμοίως
671 2004 1115 2074 μνημονεύονται,
1151 2009 1199 2060 εί
1230 2009 1322 2062 καὶ
1348 2013 1721 2084 συμπτώμασι
1752 2016 1878 2085 βιω-

307 2095 476 2157 τικοῖς
506 2095 894 2168 παραπλησίως
918 2099 1250 2171 ὑπήντησαν.
1273 2103 1406 2156 Οὐδὲ
1426 2105 1533 2177 γάρ
1552 2107 1658 2160 ἀπὸ
1678 2107 1878 2161 τούτων

311 2187 757 2256 μνημονεύονται,
788 2190 900 2242 ἀλλ’
925 2189 1112 2264 ῶσπερ
1139 2194 1202 2247 ἂν
1237 2196 1427 2264 σοφίας
1455 2198 1609 2269 ἔσχον
1643 2200 1674 2270 ἢ
1707 2201 1878 2272 ἀφρο-

309 2277 496 2345 σύνης,
532 2280 731 2350 ἀρετῆς
759 2282 789 2351 ἢ
817 2285 1030 2347 κακίας.
1069 2285 1285 2342 Τούτων
1316 2288 1423 2362 γὰρ
1444 2293 1500 2344 αἱ
1527 2292 1737 2363 μνῆμαι
1771 2296 1886 2358 τοῖς

309 2367 631 2440 ἀνθρώποις,
665 2371 754 2425 διὰ
785 2374 881 2437 τὰς
911 2377 996 2432 ἐπ’
1035 2377 1217 2442 αὐτοῖς
1247 2381 1499 2451 ἀμοιϐὰς,
1525 2384 1583 2436 οὐ
1629 2383 1882 2439 σϐέννυν-

307 2476 416 2513 ται.
459 2462 554 2516 Διά
595 2464 748 2518 τοῦτο
777 2467 1084 2533 ἀκολούθως
1111 2472 1378 2543 ἐπήγαγε·
1427 2477 1536 2530 Καὶ
1575 2475 1701 2544 πῶς
1731 2479 1882 2533 ἀπο·

310 2553 569 2608 θανεῖται
595 2559 628 2608 ό
650 2557 841 2626 σορὸς
859 2563 1007 2628 μετὰ
1039 2563 1144 2616 τοῦ
1171 2564 1428 2633 ἄφρονος
1449 2583 1468 2630 ;
1494 2568 1758 2636 Θάνατος
1786 2571 1883 2641 μὲν

311 2648 419 2719 γὰρ
451 2649 814 2718 ἁμαρτωλῶν
839 2658 1126 2724 πονηρόςο
1166 2658 1370 2728 μνήμη
1399 2661 1455 2714 δὲ
1495 2661 1729 2717 δικαίου
1754 2667 1882 2734 μετ’

311 2735 612 2808 ἐγκωμίων
649 2742 890 2810 γίνεται·
929 2745 1114 2816 ὄνομα
1139 2746 1206 2799 δὲ
1233 2748 1491 2817 ἀσεϐοῦς
1519 2754 1856 2809 σϐέννυται.

357 2935 531 3078 όΣτιχ.
586 2937 688 3006 κβ’.
735 2940 862 2993 Ὀτι
900 2943 1121 3009 γίνεται
1164 2945 1241 3012 τῷ
1283 2947 1571 3020 ἀνθρώπῳ
1599 2949 1668 3002 ἐν
1708 2952 1883 3004 παντὶ

397 3029 531 3078 γθω.

308 3029 531 3094 μόχθῳ.

387 3117 476 3188 Τῷ
508 3117 619 3172 ὄντι
650 3120 757 3192 ηάρ
780 3125 888 3187 τοῖς
917 3125 995 3188 είς
1017 3124 1108 3178 τὸν
1126 3129 1504 3199 περισπασμὺν
1528 3128 1618 3181 τοῦ
1651 3128 1763 3200 βίου
1793 3132 1886 3202 τὴν

316 3206 491 3279 ψυχὴν
517 3191 852 3280 ἀσχολοῦσιν,
878 3215 1120 3286 suam;
1149 3191 1247 3286 μεν
1273 3219 1304 3290 η
1333 3191 1466 3289 {cui},
1493 3214 1603 3272 οἷόν
1629 3191 1736 3274 τισι
1765 3191 1885 3274 κέν·
1916 3191 1957 3248 C

317 3316 485 3371 τροις,
514 3306 632 3368 ταῖς
647 3305 754 3358 τῶν
779 3305 1032 3361 πλειόνων
1058 3308 1393 3379 ἐπιθυμίαις,
1416 3312 1513 3382 τὴν
1542 3313 1764 3385 καρδίαν
1787 3332 1887 3384 μα-

321 3392 595 3456 στίζουσα.
657 3397 955 3461 Ἐπώδυνος
1017 3399 1074 3452 δὲ
1147 3402 1179 3470 ἡ
1234 3401 1364 3472 περὶ
1427 3402 1525 3473 τὴν
1583 3403 1889 3469 πλεονεξίαν

323 3485 544 3556 σπουδή·
587 3487 645 3539 οὐ
680 3487 930 3541 τοσοῦτον
953 3485 1033 3553 οἷς
1070 3491 1180 3562 ἔχει
1208 3493 1625 3565 εὐφραινομένη,
1655 3496 1776 3549 ὅσον
1801 3496 1891 3549 ἀλ-

322 3576 590 3649 γυνομένη
624 3582 735 3644 τοῖς
767 3579 1032 3635 λείπουσι·
1070 3582 1162 3636 καὶ
1194 3582 1292 3652 τῆς
1339 3584 1438 3654 μὲν
1474 3583 1684 3655 ἡμέρας
1718 3584 1889 3638 δαπα-

323 3668 569 3740 νωμένης
609 3671 667 3723 ὲν
713 3671 950 3742 μόχθοις,
985 3673 1084 3743 τῆς
1131 3673 1186 3727 δὲ
1229 3675 1419 3740 νυκτὸς
1461 3675 1892 3747 ἀποπεμπούσης

323 3757 430 3811 τῶν
473 3759 734 3830 ὀμμάτων
763 3761 852 3814 τὸν
884 3761 1047 3815 ὕπνον
1079 3766 1198 3827 ταῖς
1231 3763 1323 3816 τοῦ
1356 3763 1579 3831 κέρδους
1621 3765 1887 3836 φροντίσι.

325 3848 547 3902 Ματαία
569 3845 662 3902 οὖν
697 3852 730 3921 ὴ
759 3852 959 3921 σπουδὴ
984 3851 1074 3904 τοῦ
1105 3851 1238 3922 πρὸς
1266 3851 1438 3906 ταῦτα
1468 3851 1770 3922 βλέποντος.

399 3938 544 4008 Στιχ.
589 3939 685 3992 κδ’.
721 3941 827 3994 Καὶ
871 3943 980 3994 οὐκ
1008 3940 1179 3994 ἔστιν
1207 3940 1432 4012 ἀγαθὸν
1477 3942 1807 4011 ἀνθρώπου,
1843 3945 1893 3996 ει

321 4028 409 4100 μὴ
459 4029 491 4084 ὃ
533 4032 777 4101 φάγεται
825 4033 922 4087 καὶ
977 4034 1184 4088 πίεται·
1231 4033 1328 4087 καὶ
1379 4032 1559 4098 δείξει
1605 4032 1678 4102 τῇ
1723 4033 1892 4104 ψυχῇ

329 4122 514 4177 αὐτοῦ
541 4123 765 4191 ἀγαθὸν
796 4125 866 4178 ἐν
883 4125 1088 4194 μόχθῳ
1131 4123 1336 4179 αὑτοῦ.
1366 4125 1478 4178 Καί
1510 4141 1574 4194 τε
1613 4124 1785 4179 τοῦτο
1817 4122 1895 4178 εἶ-

328 4212 438 4267 δον
463 4213 596 4282 ἐγὼ,
626 4212 714 4266 ὅτι
745 4213 860 4267 ἀπὸ
894 4213 1092 4283 χειρὸς
1119 4214 1264 4268 Θεοῦ
1292 4214 1480 4268 ἐστιν.

403 4305 548 4374 Στιχ.
573 4312 670 4358 κε’.
715 4305 863 4370 Ὅτι,
893 4307 982 4372 τίς
1012 4305 1256 4376 φάγεται
1284 4308 1379 4360 καὶ
1415 4307 1606 4361 πίεται
1638 4307 1774 4375 παρ’
1797 4309 1897 4360 αὑ-

331 4393 436 4448 τοῦ
454 4406 472 4457 ;

403 4490 526 4542 Ὅτι
582 4488 656 4561 μὴ
696 4490 822 4562 περὶ
853 4488 1122 4559 αἰσθητῶν
1173 4488 1475 4559 βρωμάτων
1520 4487 1548 4541 ὁ
1591 4487 1746 4556 λόγος
1780 4487 1893 4551 νῦν,

331 4580 494 4645 αὐτὸς
524 4583 759 4634 ἐποίσει·
807 4581 1044 4652 Ἀγαθὸν
1074 4578 1434 4648 πορευθῆναι
1457 4580 1542 4644 είς
1569 4577 1736 4630 οἷκον
1764 4575 1898 4629 πέν-

333 4675 495 4738 θους,
525 4673 561 4738 ἢ
584 4675 669 4739 είς
691 4669 856 4726 οἷκον
880 4674 1083 4733 πότου,
1112 4671 1203 4723 καὶ
1225 4670 1290 4722 τά
1315 4669 1488 4722 τοῖσδε
1512 4667 1606 4722 νῦν
1629 4669 1893 4739 ἐπήγαγεο

334 4762 443 4816 Καὶ
461 4761 640 4826 δείξει
658 4761 729 4831 τῇ
751 4761 918 4832 ψυχῇ
938 4761 1122 4815 αὑτοῦ
1143 4761 1370 4831 ἀγαθὸν
1389 4761 1669 4830 ἐνμόχθῳ
1688 4759 1893 4829 αὐτῆς.

335 4854 444 4908 Καί
467 4872 549 4908 τοι
570 4855 667 4907 οὐκ
692 4854 893 4922 ἀγαθὸν
920 4856 983 4924 τῇ
1009 4852 1154 4924 ψυχῇ
1177 4851 1430 4923 αἰσθητὸν
1456 4850 1700 4922 βρῶμαῆ
1727 4851 1896 4921 πόμα.

349 4945 413 4998 Ἦ
441 4946 548 5016 γὰρ
579 4945 714 5018 σὰρξ
745 4944 1214 5017 προστρεφομὲνη,
1254 4943 1480 5014 πολεμεῖ
1524 4944 1588 5012 τῇ
1620 4941 1765 5013 ψυχῇ
1808 4944 1901 4995 καὶ

339 5037 687 5102 συστασιάζει
711 5037 850 5091 κατὰ
875 5036 965 5089 τοῦ
993 5036 1314 5106 πνεύματος.
1334 5035 1456 5098 11ῶς
1480 5033 1536 5087 δὲ
1566 5033 1658 5085 καὶ
1685 5033 1745 5085 οὐ
1769 5049 1905 5104 παρ-

339 5127 406 5184 ὲκ
434 5130 567 5184 Θεοῦ
597 5129 820 5184 ἀσώτων
852 5129 1190 5201 βρωμάτων⁹
1219 5129 1311 5181 καὶ
1336 5126 1505 5197 μέθη;
1541 5124 1749 5178 Οὐκοῦν
1779 5125 1906 5196 περὶ

345 5221 620 5292 μυστικῶν
659 5238 810 5292 φησι.
853 5219 1234 5289 Πνευματικῆς
1282 5219 1389 5290 γὰρ
1423 5215 1700 5289 τραπέζης
1733 5216 1906 5279 οὐδεὶς

344 5313 730 5385 μεταλήψεται,
761 5313 834 5385 μὴ
856 5313 984 5384 παρ’
1011 5311 1172 5366 αὑτοῦ
1202 5311 1553 5382 κεκλημένος,
1583 5310 1676 5364 καὶ
1703 5308 1800 5379 τῆς
1823 5324 1909 5362 σο-

343 5405 468 5475 φίας
503 5405 776 5468 ἀκούσας·
825 5404 1007 5467 Ἐλθέ,
1050 5403 1142 5457 καὶ
1179 5402 1348 5472 φάγε.

413 5747 459 5782 ⁸⁸
497 5747 672 5804 Eccle.
706 5765 764 5815 It,
792 5750 876 5806 16.
956 5752 996 5782 ³⁸
1023 5749 1153 5805 Ibid.

1235 5751 1275 5782 "
1325 5748 1464 5804 PsaI.
1497 5761 1682 5813 sunt,
1707 5748 1795 5802 2‘2.
1875 5745 1988 5778 “°"
2016 5743 2172 5801 Prov.
2199 5761 2254 5810 ι,
2289 5743 2341 5799 7.

1976 1936 2235 1997 guuutur.
2269 1926 2410 1994 Quin
2447 1937 2499 1980 ct
2535 1929 2633 1998 ipsi
2683 1929 2882 1998 quibus
2920 1928 3034 1983 haec
3065 1928 3359 1996 contigere,
3400 1925 3541 1980 haud

1976 2017 2223 2072 similiter
2265 2017 2650 2080 recordantur,
2711 2019 2926 2072 tametsi
2978 2033 3083 2070 non
3138 2017 3366 2072 diversis
3425 2016 3546 2070 vita:

1977 2109 2259 2164 eventibus
2287 2110 2506 2163 obnoxii
2539 2109 2756 2164 fuerint.
2791 2107 2906 2162 Non
2943 2109 3086 2162 enim
3131 2107 3197 2162 de
3234 2109 3316 2162 bis
3365 2123 3548 2162 recor-

1976 2199 2209 2260 dantur,
2259 2197 2361 2251 nisi
2411 2208 2571 2266 prout
2621 2198 2780 2252 habet
2824 2197 3057 2268 quisque
3099 2197 3417 2266 sapientiam
3464 2198 3546 2250 vel

1981 2288 2388 2357 insipientiam,
2439 2290 2690 2343 virtutem
2744 2290 2823 2344 vel
2882 2290 3093 2344 vitium.
3147 2287 3351 2343 IIorum
3402 2289 3544 2343 enim

1981 2383 2256 2436 memorias
2285 2382 2426 2451 apud
2463 2383 2732 2456 homines,
2781 2392 3002 2452 propter
3046 2381 3450 2437 vicissitudines
3494 2381 3546 2434 in

1982 2473 2090 2528 illis
2138 2473 2547 2545 contingentes,
2607 2490 2714 2528 non
2767 2474 3205 2544 exstinguuntur.
3258 2471 3547 2542 Propterea

1981 2576 2376 2636 consequenter
2413 2566 2699 2635 adjunxit:
2749 2566 2815 2619 Et
2862 2566 3120 2636 quomodo
3167 2565 3418 2620 morietur
3461 2580 3551 2618 sua

1981 2657 2124 2722 piens
2156 2671 2271 2708 cum
2303 2655 2578 2723 insipiente
2611 2655 2698 2708 “’2’
2724 2655 2864 2708 Mors
2896 2656 3112 2726 quidem
3139 2656 3282 2710 enim
3315 2664 3550 2724 peccato-

1985 2765 2100 2802 rum
2133 2748 2271 2800 mala
2302 2749 2386 2802 ‘5:
2419 2750 2670 2801 memoria
2704 2765 2830 2802 vero
2865 2749 3002 2817 justi
3037 2765 3154 2800 cum
3191 2748 3439 2802 laudibus
3468 2748 3550 2818 ﬁt,

1986 2858 2166 2893 nomen
2204 2857 2318 2892 vero
2354 2842 2501 2906 impii
2528 2841 2876 2911 exstinguitur
2901 2839 3035 2890 ¹⁶·¹⁷.

2061 2949 2121 3001 ν.
2155 2949 2242 3001 ‘22.
2287 2949 2427 3015 Quia
2456 2951 2516 3019 ﬁt
2549 2951 2750 3005 homini
2779 2953 2830 3006 in
2867 2955 3008 3006 omni
3045 2953 3303 3007 molestia.

2063 3120 2265 3176 Revera
2295 3137 2391 3191 pro
2422 3123 2488 3178 iis
2517 3124 2609 3193 qui
2641 3124 2977 3180 distractioni
3021 3125 3142 3179 vitae
3184 3125 3420 3178 animam
3459 3139 3552 3178 oc-

1991 3224 2211 3282 cupant,
2244 3215 2498 3271 dolorosa
2528 3227 2611 3272 est
2646 3219 2776 3283 vita,
2807 3219 2962 3287 quasi
3001 3218 3326 3287 quihusdam
3367 3216 3555 3273 stimu-

1992 3306 2094 3370 lis,
2143 3308 2425 3364 desideriis
2474 3325 2654 3367 rerum
2697 3311 3057 3380 ampliorum,
3120 3326 3212 3366 cor
3260 3310 3552 3378 ﬂagellans.

1993 3397 2186 3454 Tristis
2217 3409 2301 3456 est
2335 3401 2643 3458 sollicitudo
2680 3404 2824 3457 circa
2854 3405 3138 3457 avaritiam
3167 3421 3179 3456 :
3211 3418 3319 3456 non
3348 3411 3553 3455 tantum

1992 3505 2091 3562 pro
2130 3491 2196 3545 iis
2243 3507 2364 3562 qua:
2409 3493 2568 3548 habet
2603 3494 2758 3558 laeta,
2812 3505 3074 3564 quantum
3118 3494 3308 3549 dolens
3356 3509 3453 3562 pro
3493 3493 3555 3545 ἱὶετ

1992 3598 2114 3650 quae
2153 3584 2252 3637 sibi
2295 3584 2521 3648 desunt;
2567 3587 2654 3640 die
2685 3589 2737 3640 in
2781 3587 3059 3642 laboribus
3099 3585 3362 3656 impenso,
3405 3593 3559 3638 nocte

1994 3671 2214 3743 fugante
2245 3689 2498 3729 somnum
2528 3676 2596 3730 ab
2633 3677 2807 3731 oculis
2848 3677 2981 3730 lucri
3023 3675 3188 3730 curis.
3226 3673 3436 3728 Vanum
3477 3682 3560 3728 est

1994 3763 2157 3834 igitur
2186 3765 2424 3821 studium
2455 3767 2693 3823 hominis
2721 3769 2787 3823 ad
2821 3769 2932 3823 haec
2959 3766 3314 3837 respicientis.

2066 3940 2130 3996 V.
2171 3941 2262 3996 24.
2306 3941 2375 3996 Ει
2417 3959 2516 3996 non
2551 3953 2627 3997 est
2669 3945 2861 3996 bonum
2891 3943 3138 4005 hominis,
3175 3941 3275 3992 nisi
3321 3938 3376 3991 id
3423 3936 3560 4007 quod

1998 4037 2224 4089 comedet
2274 4044 2323 4089 et
2365 4035 2522 4100 bibet,
2551 4048 2600 4089 et
2637 4034 2869 4089 ostendet
2915 4035 3104 4087 animm
3149 4047 3258 4085 sua:
3292 4030 3482 4082 bonum
3507 4028 3559 4080 in

1997 4128 2172 4179 labore
2223 4127 2406 4196 ipsius.
2458 4128 2619 4195 Atqui
2675 4127 2768 4180 hoc
2821 4126 2926 4180 vidi
2970 4141 3098 4194 ego,
3150 4124 3272 4192 quia
3319 4139 3347 4174 a
3405 4135 3563 4172 manu

1999 4217 2094 4271 Dei
2131 4229 2228 4275 est.

2072 4308 2133 4361 V.
2176 4309 2264 4364 25.
2314 4310 2472 4377 Quia,
2507 4312 2621 4382 quis
2656 4310 2882 4364 comedet
2916 4321 2963 4364 et
2999 4309 3130 4362 bibet
3167 4311 3229 4360 ab
3265 4308 3422 4377 ipso?

2071 4491 2190 4556 Quo
2225 4499 2401 4561 pateat
2437 4490 2504 4544 de
2554 4488 2901 4547 sensibilibus
2942 4487 3082 4542 escis
3123 4501 3267 4540 nunc
3301 4499 3406 4538 non
3445 4496 3565 4539 esse

2003 4594 2329 4647 sermonem,
2349 4583 2572 4652 ipsemet
2593 4583 2784 4637 inferet
2805 4603 2816 4636 :
2841 4581 3041 4634 Bonum
3060 4581 3135 4632 ire
3165 4578 3234 4630 ad
3255 4577 3465 4629 domum
3483 4575 3568 4629 tu-

2004 4689 2138 4742 ctus,
2172 4695 2330 4748 quam
2352 4679 2420 4730 ad
2446 4678 2658 4730 domum
2686 4688 2837 4745 potus
2867 4674 2929 4739 ’³,
2954 4681 3007 4727 et
3031 4687 3152 4740 qua:
3169 4671 3284 4726 istis
3306 4683 3450 4724 nunc
3476 4668 3569 4720 ad-

2000 4768 2181 4838 junx-it
2206 4786 2220 4822 :
2253 4765 2318 4819 Et
2347 4767 2576 4820 ostendet
2597 4767 2788 4818 anima:
2807 4781 2917 4818 sua:
2946 4765 3134 4816 bonum
3161 4763 3215 4814 in
3237 4759 3415 4814 labore
3433 4760 3564 4828 ejus.

2006 4858 2073 4911 At
2096 4859 2240 4911 enim
2269 4873 2376 4911 non
2403 4866 2484 4912 est
2508 4858 2708 4912 bonum
2732 4858 2928 4911 anima:
2952 4856 3106 4910 cibus
3133 4863 3227 4908 aut
3253 4863 3410 4924 potus
3444 4868 3570 4906 seno

2005 4949 2199 5007 sibilis.
2244 4949 2384 5004 Caro
2423 4950 2569 5003 enim
2614 4949 2786 5018 magis
2831 4947 3112 5018 magisque
3157 4945 3416 5010 enutrita,
3457 4942 3572 4996 I'iel-

2010 5041 2121 5095 lum
2154 5039 2315 5096 infert
2347 5040 2562 5102 animae,
2587 5048 2639 5094 et
2669 5038 2922 5094 seditiose
2953 5038 3061 5108 agit
3105 5036 3367 5091 adversus
3405 5033 3567 5103 spiri-

2011 5142 2145 5187 tum.
2179 5132 2461 5199 Quomodo
2487 5140 2667 5186 autem
2697 5131 2859 5185 etiam
2895 5146 3000 5184 non
3036 5139 3227 5197 printer
3253 5126 3422 5180 Deum
3452 5123 3572 5176 fuc-

2014 5225 2121 5279 rint
2141 5225 2244 5280 cibi
2268 5223 2689 5292 intemperantes
2716 5233 2769 5277 et
2795 5220 3064 5276 ebrietas?
3089 5218 3273 5288 Itaque
3295 5217 3361 5272 de
3385 5217 3570 5287 mysti-

2009 5318 2089 5372 cis
2117 5317 2380 5388 loquitur.
2412 5315 2487 5372 De
2517 5314 2785 5386 spiritueli
2816 5313 2961 5368 enim
2992 5325 3179 5367 mensa
3207 5324 3366 5364 nemo
3406 5308 3574 5377 parti-

2009 5411 2230 5480 cipabit,
2261 5408 2368 5464 nisi
2400 5408 2468 5463 ab
2490 5421 2556 5462 eo
2578 5415 2822 5471 vocatus,
2849 5419 2911 5459 ac
2936 5402 3213 5474 sapientia:
3249 5400 3570 5466 obaudicns,

2009 5501 2203 5558 dicenti
2237 5521 2248 5555 :
2289 5499 2413 5554 Veni
2449 5509 2498 5553 et
2531 5497 2738 5554 comede
2764 5499 2828 5551 ".

2420 5743 2461 5775 “
2485 5740 2661 5799 Eccle.
2681 5757 2776 5808 vn,
2798 5741 2849 5797 5.
2931 5741 2971 5772 ⁸⁸
2994 5739 3153 5794 Prov.
3187 5753 3262 5805 ιι,
3297 5737 3350 5795 5.
