3922 6486
1998 208 2207 221 »Μίνως
2222 207 2266 215 »θ’

438 351 571 410 1587

1085 464 1233 520 CAP.
1277 465 1357 518 Ill.

512 558 573 613 ν.
616 558 667 611 5.
716 555 933 625 Tempus
963 557 1261 623 occidendi,
1292 567 1341 610 et
1382 566 1580 627 tempus
1614 557 1857 611 sanandi.

510 742 798 797 Occidendi
853 743 942 811 qui
988 749 1174 811 peccat
1216 757 1323 795 non
1377 737 2003 809 indulgenda,,sanandi

443 836 723 889 habentem
755 835 946 889 vulnus
970 838 1113 903 quod
1143 831 1443 888 remedium
1474 831 1582 902 pati
1612 831 1802 900 possit.

512 1019 575 1074 V.
608 1020 662 1073 4.
708 1020 928 1089 Tempus
957 1021 1140 1089 ﬂendi,
1168 1032 1216 1074 et
1263 1028 1461 1090 tempus
1499 1020 1722 1074 ridendi.

514 1198 753 1269 Tempus
782 1199 964 1265 ﬂendi,
1000 1199 1220 1269 quando
1254 1209 1463 1268 tempus
1490 1208 1573 1255 est
1605 1199 1895 1268 passionis,
1923 1197 2005 1251 di-

443 1303 596 1348 cente
621 1291 848 1346 Domino
876 1310 888 1344 :
914 1292 1075 1344 Amen
1099 1293 1215 1344 dico
1243 1292 1406 1356 vobis,
1441 1292 1564 1360 quia
1594 1291 1787 1359 ﬂebitis
1807 1298 1858 1342 et
1886 1289 2003 1358 plo-

444 1385 628 1437 rabitis
661 1385 727 1437 ²⁰.
780 1382 1029 1445 Ridendi,
1078 1384 1144 1438 de
1189 1383 1603 1438 resurrectione.
1656 1382 1823 1436 Dolor
1868 1382 2004 1435 enim

441 1485 626 1539 vester,
656 1475 851 1545 inquit,
881 1474 935 1527 in
964 1475 1214 1545 gaudium
1238 1477 1340 1528 erit
1363 1476 1428 1529 ²¹.

511 1668 575 1723 ν.
606 1671 657 1723 4.
696 1669 913 1740 Tempus
942 1670 1241 1741 plangendi,
1272 1679 1321 1722 et
1351 1679 1546 1739 tempus
1572 1670 1828 1725 saltandi.

513 1858 741 1925 Quando
771 1858 891 1927 quis
925 1858 1107 1912 animo
1148 1866 1325 1912 versat
1373 1866 1625 1923 mortem,
1668 1872 1828 1927 quam
1877 1858 2005 1913 Adae

444 1950 801 2020 transgressio
832 1950 1033 2015 intulit,
1079 1949 1387 2020 plangendi:
1404 1950 1612 2019 festivos
1634 1960 1794 2004 caelus
1819 1951 2004 2020 agendi

444 2048 655 2101 contra.
681 2040 901 2110 quando
928 2041 981 2094 in
1012 2050 1241 2095 mentem
1268 2042 1414 2095 venit
1443 2057 1601 2111 quam
1626 2052 2005 2111 exspectamus

442 2150 537 2204 per
567 2150 766 2189 novum
798 2134 969 2188 Adam
1000 2134 1453 2188 resurreCtionem
1487 2149 1553 2187 ex
1581 2134 1829 2189 mortuis.

514 2224 576 2279 V.
618 2225 671 2280 6.
708 2225 928 2294 Tempus
956 2225 1305 2292 custodiendi,
1334 2234 1382 2278 et
1414 2235 1613 2294 tempus
1637 2226 1955 2296 proferendi.

514 2410 749 2483 Tempus
789 2411 1130 2467 custodiendi
1191 2410 1525 2479 Scripturam
1576 2409 1835 2464 adversus
1873 2408 2009 2463 indi-

444 2519 597 2573 gnos,
628 2502 940 2574 proferendi
974 2518 1105 2558 vero
1150 2502 1351 2573 dignis.
1385 2499 1483 2555 Vel
1523 2500 1708 2567 etiam,
1752 2501 1885 2571 legis
1923 2501 2012 2553 lit-

445 2604 553 2650 tera
588 2608 713 2650 ante
742 2594 1197 2659 lncarnatiouem,
1225 2604 1437 2658 tempus
1471 2594 1574 2649 fuit
1616 2604 1676 2649 ut
1709 2593 2012 2649 custodire-

447 2698 533 2740 tur
562 2707 573 2741 :
603 2696 661 2740 ut
689 2699 972 2757 promatur
1001 2702 1148 2753 vero,
1180 2688 1271 2741 ubi
1296 2686 1529 2741 etlloruit
1552 2685 1784 2739 Veritas.

519 2779 583 2833 V.
625 2780 674 2834 7.
721 2779 939 2849 Tempus
970 2780 1194 2845 tacendi,
1224 2789 1272 2832 et
1304 2788 1502 2848 tempus
1543 2777 1807 2847 loquendi.

514 2870 753 2943 Tempus
782 2872 1057 2942 loquendi,
1103 2871 1320 2941 quando
1366 2886 1475 2926 non
1520 2871 1700 2925 desint
1740 2870 2014 2925 auditores

443 2962 534 3033 qui
570 2978 879 3018 sermonem
907 2964 1244 3032 suscipiant:
1275 2961 1509 3027 tacendi,
1540 2960 1760 3030 quando
1796 2975 2013 3030 perver-

442 3064 564 3111 tunt
584 3070 890 3111 sermonem
930 3055 1224 3121 auditores,
1258 3064 1317 3109 ut
1356 3053 1486 3109 dicit
1514 3052 1754 3109 Paulus:
1788 3053 2013 3108 [hereti-

1297 344 1637 401 ADDENDA.
1680 374 1746 385 -—
1788 345 1843 399 S.
1883 340 2171 397 DlONYSll
2210 335 2672 394 ALEXANDRIN]

2993 297 3001 325 ¹
3534 330 3673 385 1583

2751 455 2905 508 ΚΕΦ.
2942 453 3014 507 I".

2172 552 2317 621 Στιχ.
2347 556 2414 619 γ’.
2443 547 2654 617 Καιρὸς
2684 546 2790 600 τοῦ
2812 543 3173 609 ἀποκτεῖναι,
3204 544 3299 597 καὶ
3325 543 3533 610 καιρὸς
3562 544 3674 597 τοῦ

2105 642 2382 697 ἰάσασθαι
2391 680 2404 694 .

2186 736 2522 787 Ἀποκτεῖναι
2574 733 2665 785 τὸν
2698 732 3055 801 ἀσύγγνωστα
3087 733 3365 795 πταίοντα,
3419 732 3676 787 ἰάσασθαι

2102 824 2193 878 τὸν
2244 822 2433 892 ἔχοντα
2472 822 2683 893 πληγὴν
2718 822 3041 894 ἀνεξομένην
3086 824 3378 895 φάρμακον
3426 823 3680 887 ἐπιδέξα-

2104 915 2245 970 σθαι.

2179 1012 2325 1081 Στιχ.
2360 1011 2422 1063 δ’.
2472 1009 2688 1077 Καῖρος
2723 1007 2829 1061 τοῦ
2870 1007 3150 1071 κλαῦσαι,
3192 1008 3287 1061 καὶ
3322 1006 3530 1075 καιρὸς
3567 1006 3677 1059 τοῦ

2106 1102 2377 1173 reiciam.

2177 1196 2384 1266 Καιρὸς
2432 1194 2526 1248 τοῦ
2578 1192 2832 1257 κλαῦσαι,
2885 1195 2973 1247 ὅτε
3020 1195 3048 1246 ὁ
3079 1194 3267 1265 καιρὸς
3305 1192 3399 1245 τοῦ
3450 1193 3675 1257 πάθους,

2104 1287 2352 1356 λέγοντος
2381 1287 2474 1340 τοῦ
2502 1286 2730 1357 Κυρίου·
2776 1285 2961 1355 Ἀμὴν
2990 1284 3142 1354 λέγω
3175 1284 3335 1354 ὑμῖν,
3371 1284 3461 1336 ὅτι
3494 1287 3681 1337 χλαύο

2105 1395 2245 1434 σετε
2276 1378 2376 1433 καὶ
2411 1376 2760 1445 θρηνήσετε.
2786 1377 3017 1429 Γελᾶσαι
3049 1377 3125 1440 δὲ,
3156 1375 3409 1446 περὶτῆς
3436 1376 3679 1428 invecti.-

2109 1489 2264 1535 σεως.
2305 1471 2365 1526 Ἠ
2387 1469 2496 1539 γὰρ
2525 1471 2690 1537 λύπη
2722 1468 2904 1538 ὑμῶν,
2932 1469 3115 1540 φησὶν,
3147 1469 3233 1532 εις
3276 1465 3472 1536 χαρὰν
3502 1466 3679 1532 γεγή-

2105 1581 2302 1619 σεται.

2179 1658 2327 1727 Στιχ.
2356 1656 2415 1709 δ’.
2450 1653 2666 1724 Καιρὸς
2692 1654 2798 1709 τοῦ
2832 1654 3152 1724 κόψασθαι,
3182 1656 3281 1709 καὶ
3324 1656 3537 1725 καιρὸς
3574 1656 3679 1709 αὖ

2108 1748 2429 1817 ὀρχεῖσθαι.

2181 1841 2348 1893 Ὅταν
2390 1837 2670 1909 λογίσηταί
2716 1854 2799 1902 τις
2846 1836 2937 1890 τὸν
2976 1837 3221 1902 θάνατον,
3275 1838 3447 1907 ὅνπερ
3491 1839 3526 1907 ἡ
3590 1835 3679 1889 τοῦ

2121 1929 2288 2000 Ἀδὰμ
2324 1928 2635 2000 παράϐασις
2667 1929 2954 1999 ἐπήνεγκε,
2990 1929 3309 1996 κόψασθαι·
3352 1930 3679 1997 mirari-pio

2107 2038 2209 2077 σαι
2239 2011 2332 2087 δὲ,’
2350 2025 2477 2076 ὃταν
2507 2023 2587 2085 εἰς
2626 2019 2750 2075 νοῦν
2791 2020 3042 2091 λάϐωμεν
3070 2021 3135 2091 ἣν
3178 2021 3573 2092 προσδοκῶμεν
3600 2020 3683 2073 διὰ

2107 2116 2197 2169 τὸν
2226 2116 2342 2167 νέον
2379 2113 2549 2184 Ἀδὰμ
2573 2114 2637 2167 ὲκ
2672 2113 2878 2184 νεκρῶν
2906 2111 3215 2165 ἀνάστασιν.

2179 2206 2326 2276 Στιχ.
2360 2198 2413 2265 ς’
2437 2246 2451 2258 .
2480 2204 2695 2272 Καιρὸς
2726 2203 2832 2257 τοῦ
2876 2201 3162 2272 φυλάξαι,
3203 2203 3297 2256 καὶ
3327 2201 3535 2271 καιρὸς
3580 2202 3685 2255 τοῦ

2108 2296 2401 2351 ἐκϐαλεῖν.

2181 2390 2386 2459 Καιρὺς
2410 2387 2502 2442 τοῦ
2532 2386 2760 2458 φυλάξαι
2783 2387 2881 2456 τὴν
2904 2387 3125 2459 Γραφὴν
3160 2386 3252 2440 ἐπὶ
3277 2387 3393 2448 τοῖς
3418 2384 3686 2448 ἀναξίοις,

2112 2480 2357 2534 ἐκϐαλεῖν
2386 2481 2442 2534 δῖε
2476 2483 2587 2544 τοῖς
2616 2480 2805 2544 ἀξίοις.
2840 2481 2912 2531 ’Ἡ
2941 2480 3054 2543 καὶ,
3100 2478 3160 2531 τὸ
3192 2478 3416 2549 νομικὸν
3448 2477 3689 2548 γράμμα

2113 2575 2218 2646 πρὸ
2261 2575 2359 2645 τῆς
2416 2574 2755 2645 Ἑπιδημίας,
2806 2573 2994 2643 καιρὸς
3038 2573 3246 2643 ὑπῆρχε
3297 2570 3687 2641 φυλάττεσθαιο

2112 2666 2441 2737 ἐκϐληθῆναι
2469 2666 2546 2730 δὲ,
2573 2666 2733 2736 ἡνίκα
2764 2665 2995 2736 ἦνθησεν
3021 2666 3055 2734 ἡ
3096 2663 3367 2733 Ἀλήθεια.

2184 2759 2331 2828 Στιχ.
2366 2757 2428 2823 ζ’.
2461 2757 2675 2825 Καιρός
2697 2755 2897 2826 σιγᾷν,
2940 2757 3035 2809 καὶ
3067 2755 3273 2823 καιρὸς
3307 2753 3412 2807 τοῦ
3448 2750 3687 2807 λαλεῖν.

2184 2852 2389 2924 Καιρὺς
2415 2852 2508 2905 τοῦ
2538 2852 2735 2917 λαλεῖν,
2779 2853 2907 2905 ὃταν
2937 2845 3066 2903 ὦσιν
3111 2851 3159 2901 οἱ
3202 2849 3293 2901 τὸν
3332 2848 3492 2915 λόγον
3537 2846 3686 2916 δεχό-

2118 2960 2266 3013 μενοι
2312 2944 2609 3015 ἀκροαταί⁹
2656 2942 2750 2996 τοῦ
2800 2943 2856 2996 δὲ
2902 2943 3075 3012 σιγᾷν,
3126 2940 3290 3010 ἡνίκα
3331 2939 3689 3009 διαστρέφον-

2114 3053 2205 3098 τες
2232 3035 2321 3087 τὸν
2351 3034 2506 3104 λόγον
2553 3037 2600 3087 οἱ
2643 3032 3000 3106 ἀκροώμενοι,
3037 3032 3112 3095 ὦς
3154 3049 3284 3102 φησι
3316 3030 3553 3093 Παῦλος⁸
3590 3032 3687 3084 Ai-

443 3164 561 3203 cum
582 3148 840 3202 hominem
868 3155 983 3217 post
1012 3164 1171 3201 unam
1197 3157 1245 3201 et
1285 3145 1567 3200 secundam
1601 3146 2009 3199 admonitionem

2141 3128 2347 3182 ›ετικὸν
2374 3127 2687 3197 ἄνθρωπον
2710 3127 2858 3197 μετὰ
2873 3128 3021 3197 μίαν
3045 3126 3142 3179 καὶ
3168 3124 3456 3192 δευτέραν
3484 3126 3693 3176 νουθε-

443 3242 631 3296 abdica
655 3244 719 3294 ”.

513 3333 580 3390 Υ.
614 3334 701 3389 10.
754 3335 873 3389 Vidi
899 3337 1059 3406 igitur
1092 3335 1685 3407 distractionem,quam
1708 3336 1850 3390 dedit
1873 3333 2011 3389 Deus

445 3426 576 3497 filiis
608 3428 897 3491 hominum,
930 3438 986 3481 ut
1008 3424 1496 3484 distralterenturin
1528 3447 1610 3484 ea.

513 3603 580 3657 V.
610 3603 698 3657 11.
740 3603 995 3659 Universa
1024 3622 1139 3675 qua:
1171 3606 1293 3675 fecit
1323 3606 1457 3659 bona
1495 3605 1546 3658 in
1580 3615 1825 3674 tempore.
1853 3604 2014 3675 Atqui

444 3696 697 3753 saxulum
722 3698 866 3751 dedit
899 3699 953 3751 in
979 3702 1134 3752 corde
1161 3715 1361 3760 eorum.
1389 3708 1444 3752 ut
1474 3715 1575 3751 non
1605 3699 1835 3751 inveniat
1861 3697 2013 3751 homo

445 3805 594 3858 opus,
622 3789 761 3859 quod
787 3799 1031 3859 operatus
1060 3802 1137 3845 est
1178 3790 1318 3845 Deus
1347 3792 1411 3844 ab
1462 3792 1615 3844 initio
1662 3800 1709 3843 et
1754 3807 1914 3859 usque
1960 3791 2013 3842 in

442 3884 618 3953 ﬁnem.

513 3973 581 4029 Et
609 3975 712 4028 hoc
740 3990 927 4029 verum
956 3982 1060 4029 est.
1094 3973 1260 4029 Nemo
1290 3974 1433 4030 enim
1476 3990 1638 4044 opera
1668 3974 1761 4030 Dei
1791 3972 2016 4028 omnino

443 4066 903 4136 comprehendere
934 4066 1092 4121 valet.
1120 4066 1269 4136 Opus
1306 4080 1470 4135 porro
1505 4064 1598 4119 Dei
1646 4074 1728 4120 est
1756 4064 2013 4118 mundus.

442 4157 620 4229 Hujus
658 4174 818 4214 nemo
851 4159 1094 4215 invenire
1137 4167 1318 4230 potest
1356 4160 1503 4230 quod
1536 4160 1608 4213 sit
1664 4159 1732 4214 ab
1780 4157 1935 4212 initio
1964 4165 2020 4211 et

441 4267 619 4321 usque
666 4252 721 4305 in
781 4252 964 4315 tinem,
995 4251 1049 4305 id
1101 4260 1205 4318 est,
1243 4251 1600 4307 constitutum
1654 4250 1703 4304 ei
1754 4259 1967 4317 tempus
2000 4288 2014 4311 ,

441 4354 495 4399 et
525 4343 818 4413 prteﬁnitos
871 4344 948 4397 illi
997 4346 1278 4400 terminos.
1327 4343 1607 4414 Siquidem
1654 4340 2015 4412 ignorantiam

445 4437 589 4493 Deus
613 4446 786 4492 totum
827 4436 1085 4492 saeculum
1112 4436 1167 4490 in
1202 4436 1460 4491 cordibus
1486 4434 1689 4489 n05tris
1726 4433 1874 4487 dedit
1903 4471 1918 4495 ,
1960 4439 2019 4484 ut

420 4528 665 4600 .quidam
697 4528 804 4583 ait:
841 4527 1181 4583 Paucitatem
1218 4527 1425 4580 dierum
1480 4540 1715 4579 meorum
1754 4525 2010 4577 annuntia

2141 4518 2238 4577 ταῖς
2272 4511 2521 4585 καρδίαις
2549 4508 2708 4580 ἡμῶν
2737 4506 2955 4568 ἔδωκεν,
3002 4501 3077 4564 ὦς
3111 4497 3240 4570 φησί
3270 4512 3373 4559 τις·

442 4622 573 4675 mihi
599 4623 665 4675 ³³.
698 4620 775 4677 Ita
822 4638 922 4692 pro
950 4629 1133 4677 nostra
1184 4620 1415 4675 utilitate
1449 4616 1571 4673 ﬁnis
1614 4616 1796 4673 saeculi
1825 4615 2010 4686 hujus,

444 4713 567 4768 vita:
590 4720 784 4783 nempe
809 4713 1114 4783 praesentis,
1145 4713 1443 4784 ignoratur.

2115 3220 2259 3274 σίαν
2288 3220 2597 3288 παραιτοῦ.

2184 3312 2329 3381 Στιχ.
2371 3318 2423 3366 ι’.
2453 3307 2632 3364 Εἶδον
2671 3308 2785 3366 οὖν
2814 3308 2920 3363 τὸν
2960 3304 3399 3377 περισπωμὸν,
3433 3304 3512 3358 ὃν
3549 3304 3692 3358 ἔδω-

2114 3422 2221 3459 κεν
2246 3408 2278 3458 ό
2310 3403 2453 3469 Θεὸς
2493 3403 2617 3469 τοῖς
2653 3402 2807 3468 υἱοῖς
2847 3400 2965 3455 τῶν
3002 3398 3345 3469 ἀνθρώπων,
3384 3397 3494 3450 τοῦ
3538 3412 3695 3464 περι-

2116 3495 2384 3552 σπᾶσθαι
2405 3496 2474 3550 ἐν
2500 3494 2677 3561 αὐτῷ.

2185 3592 2330 3663 Στιχ.
2359 3596 2446 3645 ια’.
2483 3591 2556 3645 Τὰ
2571 3590 2891 3658 σύμπαντα
2909 3584 2948 3641 d
2963 3585 3209 3651 ἐποίησε
3224 3580 3379 3636 καλὰ
3395 3581 3466 3633 ὲν
3485 3577 3692 3646 καιρῷ.

2118 3686 2229 3740 Kal
2274 3702 2341 3755 γε
2386 3684 2707 3752 σύμπαντα
2752 3680 2858 3733 τὸν
2887 3677 3071 3731 αἰῶνα
3104 3675 3323 3730 ἔδωκεν
3359 3672 3432 3727 ὲν
3475 3671 3695 3740 καρδίᾳ

2118 3777 2335 3843 αὐτῶν,
2386 3774 2544 3841 ὅπως
2586 3773 2671 3843 μὴ
2716 3773 2859 3841 εὕρῃ
2913 3770 3220 3837 ἄνθρωπος
3266 3765 3331 3819 τὸ
3378 3765 3634 3834 ποίημα,
3661 3762 3694 3815 ὃ

2116 3872 2403 3939 ἐποίησεν
2423 3872 2455 3923 ό
2477 3867 2620 3933 Θεὸς
2644 3867 2745 3920 ἀπ’
2775 3863 2968 3932 ἀρχῆς
2990 3860 3085 3914 καὶ
3106 3860 3277 3929 μέχρι
3307 3857 3548 3922 τέλους.

2187 3964 2297 4019 Καὶ
2330 3961 2485 4015 τοῦτο
2528 3957 2723 4030 ἀληθές
2757 3958 2924 4009 ἐστιν.
2960 3953 3145 4016 Οὐδεὶς
3186 3950 3293 4022 γὰρ
3326 3948 3393 4001 τὰ
3426 3948 3569 4019 ἔργα
3603 3946 3691 3999 τοῦ

2118 4056 2254 4112 Θεοῦ
2288 4052 2591 4125 ὁλοκλήρως
2632 4047 2957 4103 καταλαϐεῖν
2980 4045 3218 4099 δύναται.
3256 4042 3480 4111 Ποίημα
3512 4040 3574 4092 δὲ
3604 4037 3693 4090 τοῦ

2118 4145 2252 4200 Θεοῦ
2278 4148 2306 4199 ὁ
2328 4145 2548 4214 κόσμος.
2577 4140 2779 4195 Τούτου
2801 4137 2977 4199 οὐδεὶς
2998 4136 3174 4207 εὑρεῖν
3195 4133 3254 4185 τὸ
3279 4132 3375 4184 ἀπ’
3398 4128 3581 4198 ἀρχῆς
3605 4128 3695 4181 καὶ

2123 4240 2281 4311 μέχρι
2312 4234 2515 4298 τέλους,
2548 4230 2792 4284 τουτέστι
2821 4229 2911 4281 τὸν
2938 4224 3262 4295 τεταγμένον
3300 4221 3451 4292 αὐτῷ
3480 4220 3693 4290 χρόνον,

2120 4333 2214 4385 καὶ
2253 4330 2351 4401 τὴν
2396 4326 2702 4399 ὁρισθεῖσαν
2748 4324 2834 4377 ἐπ’
2878 4319 3025 4389 αὐτῷ
3073 4313 3409 4388 προθεσμίαν
3444 4312 3691 4364 δύναται.

2133 4422 2458 4491 Ἐπειδήπερ
2488 4419 2707 4488 ἄγνοιαν
2738 4418 2766 4469 ὁ
2798 4414 2931 4476 Θεὸς
2976 4410 3265 4481 σύμπαντα
3293 4405 3387 4458 τὸν
3433 4402 3609 4456 αἰῶνα
3639 4404 3694 4453 ἐν

3416 4492 3537 4561 Τὴν
3567 4493 3695 4544 ὀλι-

2119 4608 2341 4678 γότητα
2388 4603 2505 4658 τῶν
2550 4598 2787 4672 ’ἡμερῶν
2819 4614 2936 4667 μου
2982 4592 3336 4662 ἀνάγ-γαῖάν
3373 4605 3499 4658 μοι.
3538 4585 3697 4639 Οὕτω

2123 4702 2261 4773 πρὸς
2292 4698 2352 4752 τὸ
2387 4696 2663 4768 συμφέρον
2690 4695 2820 4764 ἡμῖν
2858 4689 2918 4742 τὸ
2948 4686 3098 4750 τέλος
3128 4683 3221 4737 τοῦ
3252 4682 3447 4745 αἰῶνος
3480 4678 3695 4741 τούτου,

2120 4792 2319 4865 δηλαδὴ
2342 4791 2441 4862 τῆς
2474 4786 2752 4861 παρούσης
2777 4782 2941 4853 ζωῆς,
2974 4779 3251 4851 ἠγνόηται.

509 4986 558 5021 ⁸⁸
608 4978 741 5045 Luc.
788 5004 874 5054 v1,
920 4987 1019 5053 25;
1065 4984 1220 5041 Joan.
1249 5002 1355 5055 xvn,
1381 4986 1469 5039 20.
1550 4984 1591 5015 ²¹
1627 4982 1784 5039 Joan.
1821 4998 1929 5045 ενι,
1958 4980 2010 5035 2(

2141 4982 2169 5011 ’ί
2204 4977 2309 5033 Tit.
2345 4993 2427 5039 ιιι,
2461 4973 2544 5029 10.
2624 4972 2668 5003 ’³
2696 4968 2839 5026 Psal.
2868 4982 2942 5035 οι,
2968 4965 3058 5021 Ἡ.
