3922 6500
255 345 396 403 B89

1392 346 1950 405 INTERPRETATIO
1990 345 2054 401 IN
2099 345 2354 404 LUCAM.

3366 335 3508 392 159-0

671 702 1583 839 ΔΙΟΝΥΣΙοΥ
1659 696 2924 835 ΑΛΕΞΑΝΔΡΕΙΑΣ
2987 691 3106 767 (ιο)

1593 946 2154 1032 ΕΡΜΗΝΕΙΑ

895 1129 995 1194 Eli;
1021 1126 1126 1182 τοῦ
1148 1127 1320 1195 ἁγίου
1344 1131 1709 1200 Εὑαγγελίου
1739 1129 1888 1183 κατὰ
1913 1129 2153 1184 Λουκᾶν
2178 1147 2309 1200 κεφ.
2341 1136 2434 1202 κβ⁹
2464 1135 2622 1199 στίχ.
2647 1134 2885 1212 μβ’-μη’.

928 1453 1632 1585 DIONYSII
1732 1453 2759 1579 ALEXANDRIN
2775 1453 2824 1576 Ι

1385 1707 2380 1799 INTEBPRETATIO

829 1908 900 1968 in
957 1909 1016 1970 S.
1075 1907 1402 1988 Evangelii
1462 1904 1816 1968 secundum
1857 1907 2087 1965 Lucam
2131 1919 2264 1981 cap.
2317 1921 2446 1964 xm
2490 1920 2648 1964 vers.
2685 1905 2894 1970 bQ-bs.

307 2225 452 2296 Σντιχ.
494 2225 596 2296 μβκ
635 2227 840 2297 Πάτερ,
874 2231 926 2282 εί
964 2230 1177 2294 βούλει
1203 2231 1591 2297 παρενεγκεῖν
1615 2231 1676 2283 τὸ
1709 2248 1800 2283 πο-

1987 2228 2050 2284 γ.
2086 2229 2174 2284 42.
2208 2229 2404 2298 Pater,
2437 2233 2483 2286 si
2512 2231 2586 2286 vis
2612 2233 2898 2302 transferre
2920 2234 3054 2288 Imm:
3085 2237 3301 2292 calicem
3331 2257 3361 2291 a
3391 2257 3488 2296 me.

235 2314 440 2381 τήριον
470 2315 642 2370 τοῦτο
682 2318 783 2371 ἀπ’
815 2319 982 2388 ἐμοῦ.
1015 2319 1191 2387 Πλὴν
1215 2319 1300 2388 μὴ
1327 2319 1390 2373 τὸ
1422 2319 1647 2390 θέλημά
1669 2339 1808 2388 μου,

231 2409 392 2465 ἀλλὰ
419 2409 480 2462 τό
508 2409 627 2463 σὺν
657 2411 937 2478 γενέσθω.
1345 2434 1353 2442 -

317 2500 474 2554 Ἀλλὰ
510 2499 684 2554 ταῦτα
728 2502 826 2572 μὲν
871 2501 1110 2572 εἰρήσθω
1163 2503 1289 2572 περὶ
1338 2501 1432 2555 τοῦ
1483 2501 1805 2574 Θελήματός.

232 2595 306 2648 Τό
334 2611 396 2663 γε
431 2593 557 2666 μὴν,
599 2594 948 2663 Παρελθέτω
975 2596 1041 2650 τὸ
1072 2594 1357 2662 ,ποτήριον
1376 2611 1392 2627 ·
1423 2597 1522 2652 οὐκ
1554 2597 1668 2649 ἐστι
1697 2596 1808 2667 (Η)

233 2685 309 2755 μὴ
328 2683 694 2756 προσελθέτω.
714 2685 746 2756 ἦ
767 2686 1042 2754 ὲγγισάτω
1064 2704 1174 2757 μοι.
1193 2685 1267 2740 Τὸ
1286 2686 1393 2759 γὰρ
1408 2688 1812 2760 παρερχόμενον

229 2777 451 2840 πάντως
471 2777 592 2829 κατ’
623 2777 826 2831 ἐκεῖνον
851 2778 1063 2846 γίνεται
1098 2779 1383 2850 πρότερον,
1419 2780 1512 2833 καὶ
1534 2782 1810 2852 πρόσεισιν

229 2868 380 2940 αὐτῷ
404 2869 540 2941 ὅπερ
585 2870 943 2942 παρέρχεται.
981 2873 1043 2924 Ei
1093 2872 1203 2944 γὰρ
1251 2874 1325 2944 μὴ
1371 2873 1666 2948 πλησιάσῃ,
1711 2877 1810 2930 οὐκ

229 2958 296 3012 ἂν
329 2959 610 3031 παρέλθοι.
656 2960 966 3015 Οίκειοῧται
999 2962 1109 3033 γὰρ
1148 2963 1209 3015 τὸ
1255 2964 1542 3034 πρόσωπον
1573 2965 1682 3017 τῶν
1714 2966 1808 3019 ἀν-

227 3050 485 3121 θρώπων,
529 3050 606 3114 ὼς
637 3051 926 3122 γενόμενος
958 3050 1266 3123 ἄνθρωπος.
1310 3053 1511 3122 Διόπερ
1539 3055 1632 3108 καὶ
1661 3056 1804 3119 τότε,

226 3143 290 3196 τὸ
317 3143 416 3214 μὲν
437 3144 496 3197 τὸ
518 3143 710 3197 ἑαυτοῦ
730 3144 792 3198 τὸ
813 3144 1029 3200 ἔλαττον
1054 3148 1399 3217 παραιτεῖται
1428 3151 1632 3200 ποιεῖν·
1666 3151 1808 3203 αἰτεῖ

228 3236 284 3291 δὲ
316 3239 376 3292 τὸ
403 3237 498 3290 τοῦ
530 3237 741 3309 Πατρὸς
778 3237 841 3290 τὸ
883 3236 1065 3308 μεῖζον
1098 3237 1370 3306 γενέσθαι,
1411 3239 1472 3292 τὸ
1508 3239 1688 3294 θεῖκὸν
1718 3239 1805 3293 Θέ-

228 3327 396 3397 λημα,
427 3327 562 3400 ὅπερ
597 3325 758 3380 πάλιν
780 3325 923 3380 κατὰ
948 3325 1046 3397 τὴν
1085 3325 1334 3396 θεότητα,
1363 3325 1422 3379 ἒν
1455 3325 1668 3398 θέλημά
1690 3329 1806 3379 ἐστι

225 3420 288 3474 τὸ
310 3419 474 3474 αὐτοῦ
501 3419 592 3473 καὶ
614 3419 926 3491 Πατρός.Τὸ
951 3418 1059 3489 γὰρ
1085 3419 1353 3491 Πατρικὺν
1379 3418 1609 3490 θέλημα,
1633 3417 1695 3472 τὸ
1720 3419 1805 3472 διὰ

1926 2317 2293 2374 Verumtamen
2317 2337 2418 2375 non
2443 2321 2684 2376 voluntas
2717 2339 2851 2390 mea,
2882 2325 2971 2378 sed
3004 2335 3095 2388 tua
3125 2327 3254 2401 ﬁat.

1983 2497 2042 2554 Et
2066 2499 2179 2555 haec
2200 2499 2417 2570 quidem
2439 2501 2507 2556 de
2541 2501 2817 2556 voluntate
2862 2500 3005 2556 dicta
3040 2501 3166 2556 sint.
3219 2502 3349 2557 Illud
3410 2513 3491 2558 ta-

1913 2607 2034 2646 men
2067 2611 2079 2645 :
2114 2591 2454 2648 Pertranseat
2492 2593 2656 2660 calix,
2691 2602 2808 2647 est:
2837 2591 2956 2648 Non
2981 2595 3214 2664 amplius
3241 2597 3487 2664 accedat,

1911 2684 2024 2739 sive
2062 2685 2457 2756 appropinquet
2508 2685 2663 2740 mihi.
2739 2685 2896 2751 Quod
2947 2687 3092 2743 enim
3168 2689 3486 2756 pertransit,

1911 2777 2136 2830 omnino
2166 2793 2333 2847 prope
2366 2777 2497 2833 illud
2541 2778 2599 2832 lit
2633 2777 2818 2847 prius,
2861 2785 2916 2832 et
2948 2777 3105 2848 juxta
3159 2777 3286 2832 illud
3339 2779 3484 2848 quod

1911 2867 2225 2935 pertransit.
2262 2865 2320 2920 Si
2354 2867 2500 2922 enim
2535 2882 2642 2922 non
2697 2867 3112 2938 appropinquet,
3156 2870 3488 2938 pertransire

1910 2973 2018 3011 non
2048 2965 2246 3026 potest.
2281 2955 2519 3027 Usurpat
2553 2974 2791 3028 namque
2822 2974 3112 3029 personam
3152 2961 3436 3015 hominum
3468 3002 3483 3024 ,

1908 3047 2304 3118 quippel‘actus
2336 3050 2523 3104 homo.
2557 3049 2929 3117 Quamobrem
2985 3062 3038 3106 et
3096 3060 3249 3118 tunc,
3304 3053 3485 3107 minus

1907 3141 2052 3210 quod
2077 3157 2240 3196 suum
2274 3150 2359 3197 est
2384 3151 2601 3197 recusat
2627 3141 2807 3198 facere
2844 3162 2856 3196 :
2922 3144 3162 3212 postulat
3188 3159 3318 3199 vero
3368 3146 3481 3198 lieri

1907 3229 2105 3298 majus,
2131 3231 2271 3300 quod
2305 3229 2482 3287 Patris
2504 3240 2607 3296 est,
2632 3232 2870 3288 divinam
2901 3249 3092 3303 nempe
3127 3233 3481 3301 voluntatem,

1906 3337 2027 3390 qua:
2081 3338 2274 3378 rursus
2309 3324 2610 3379 secundum
2653 3325 2994 3380 divinitatem
3028 3367 3042 3389 ,
3085 3342 3191 3380 una
3228 3327 3485 3383 voluntas

1905 3422 1986 3468 est
2012 3414 2130 3484 ejus
2159 3425 2212 3470 et
2242 3414 2440 3471 Patris.
2475 3414 2707 3472 Paterna
2746 3417 2893 3473 enim
2927 3419 3182 3473 voluntas
3212 3418 3314 3474 fuit
3341 3461 3357 3487 ,
3426 3430 3485 3475 ut

228 3511 534 3584 πειρασμοῦ
568 3511 771 3576 παντὸς
803 3512 1006 3582 ὲπίσκη
1049 3510 1298 3575 διελθεῖν,
1334 3511 1614 3579 διάγοντος
1639 3511 1800 3565 αὐτὸν

1909 3518 2001 3572 per
2043 3518 2259 3559 omnem
2315 3506 2667 3562 tentationem
2721 3506 3018 3562 irruentem
3045 3509 3339 3565 transiret:
3389 3510 3484 3564 de-

229 3606 547 3677 Θαυμασίως
577 3607 741 3662 αὑτοῦ
777 3606 872 3660 τοῦ
912 3607 1127 3678 Πατρὸς
1165 3605 1238 3679 μὴ
1282 3605 1444 3678 μέχρι
1481 3606 1576 3660 τοῦ
1608 3624 1800 3678 πειραο

1909 3595 2134 3652 ducente
2181 3612 2306 3653 eum
2359 3599 2684 3655 mirabiliter
2746 3600 2864 3669 ipso
2929 3599 3088 3655 Patre
3145 3617 3252 3657 non
3311 3619 3485 3673 usque

229 3697 390 3770 σμοῦ,
436 3699 570 3771 μηδὲ
620 3701 699 3763 είς
740 3699 902 3754 αὐτὸν
936 3699 1215 3764 εἰσελθεῖν,
1257 3699 1370 3752 ἀλλ’
1411 3698 1668 3770 ὑπεράνω
1707 3699 1801 3752 τοῦ

229 3787 574 3860 πειρασμοῦ,
642 3789 735 3842 καὶ
793 3792 912 3860 μετ’
969 3790 1134 3843 αὑτὸν
1197 3789 1485 3859 γενέσθαι·
1545 3789 1681 3854 ὅλως
1745 3788 1802 3842 δὲ

227 3879 347 3932 οὐδὲ
397 3878 692 3942 ἀδύνατον,
759 3879 881 3932 οὐδὲ
942 3881 1257 3953 ἄπρακτον,
1325 3882 1435 3935 οὐδ’
1486 3881 1802 3935 ὑπεναντίον

223 3971 320 4024 τοῦ
354 3970 690 4043 βουλήματος
745 3971 842 4024 τοῦ
883 3971 1095 4043 Πατρὸς
1128 3971 1218 4024 τὸν
1272 3973 1498 4043 Σωτῆρα
1554 3973 1724 4024 αἰτεῖν
1760 3975 1797 4024 ‘.

231 4064 385 4117 Ἐστι
436 4064 491 4118 δὲ
537 4063 780 4129 δυνατὸν,
814 4064 890 4127 ὡς
933 4065 962 4117 6
995 4065 1222 4136 Μάρκος
1256 4064 1420 4118 αὐτοῦ
1481 4063 1804 4135 ἀπεμνημό-

225 4175 380 4211 νευσε
420 4158 685 4226 λέγοντος·
729 4156 912 4222 Ἀϐϐᾶ,
962 4161 996 4212 ὀ
1052 4157 1258 4226 πάτερ,
1304 4157 1500 4210 πάντα
1558 4173 1656 4211 σοι
1693 4156 1800 4210 δυ-

195 4239 405 4303 ’νατὼ
454 4250 546 4302 καὶ¹
590 4249 790 4303 δυνατὰ
842 4251 889 4302 εί
933 4248 1199 4319 βούλεται,
1249 4249 1326 4312 ὡς
1373 4249 1588 4312 Λουκᾶς
1633 4264 1800 4318 φησιν

225 4341 388 4394 αὑτὸν
415 4342 723 4414 εἰρηκέναι·
759 4341 967 4408 Πάτερ,
1008 4344 1060 4394 εί
1097 4343 1333 4406 βούλει,
1367 4341 1698 4410 παρένεγκε
1733 4340 1798 4394 τὸ

225 4434 510 4503 ποτήριον
533 4435 707 4490 τοῦτο
741 4435 842 4488 ἀπ’
879 4433 1048 4504 ἐμοῦ.
1081 4436 1153 4488 Τὸ
1179 4431 1272 4488 οὖν
1305 4435 1526 4506 Πνεῦμα
1553 4435 1615 4488 τὸ
1647 4434 1800 4502 ἆγιον

224 4529 305 4592 εἰς
333 4529 457 4591 τοὺς
486 4527 877 4598 εὐαγγελιστάς
921 4526 1318 4597 κατανεμηθὲν,
1348 4525 1450 4597 τὴν
1490 4528 1670 4580 πᾶσαν
1704 4525 1798 4579 τοῦ

212 4618 655 4692 -Σωτῆρος’ἡμῶν
683 4619 944 4683 διάθεσιν,
972 4619 1036 4673 ὲκ
1066 4619 1168 4691 τῆς
1192 4620 1422 4672 ἑκάστου
1456 4619 1638 4689 φωνῆς
1677 4635 1799 4671 συν-

223 4712 453 4782 τίθησιν.
483 4712 619 4766 Οὕτε
644 4712 753 4784 γὰρ
779 4715 1010 4766 αἰτεῖται
1035 4710 1187 4783 παρὰ
1223 4711 1318 4764 τοῦ
1341 4711 1571 4781 Πατρδς,
1596 4711 1624 4764 ὃ
1671 4711 1746 4782 μὴ
1770 4712 1798 4762 6

225 4803 416 4875 Πατὴρ
447 4803 710 4874 βούλεται.
749 4805 822 4858 Τὸ
848 4804 956 4878 γάρ
977 4820 992 4834 ο
1030 4807 1099 4858 El
1123 4805 1358 4869 βούλει,
1389 4803 1670 4873 ὑποταγῆς
1705 4802 1798 4856 καὶ

223 4895 525 4958 ἐπιεικείας
545 4896 712 4961 ἐστὶν,
730 4897 830 4949 οὐκ
847 4895 1090 4963 ἀγνοίας,
1117 4895 1237 4948 οὐδὲ
1264 4895 1592 4966 ἀμφιϐολίας
1611 4891 1680 4966 ἦν
1699 4894 1794 4965 δη·

222 4985 474 5042 λωτικόν.
493 4987 591 5041 Διὰ
607 4987 766 5042 τοῦτο
786 4989 818 5058 ἡ
836 4986 998 5058 ἑτέρα
1025 4988 1215 5059 Γραφὴ
1249 5005 1412 5059 φησιν
1432 5005 1445 5017 ·
1473 4986 1676 5041 Πάντα
1695 5000 1794 5038 σοι

220 5077 470 5133 δυνατά.
515 5079 634 5134 Κᾶν
675 5079 833 5133 τοῦτο
867 5079 1026 5134 πάλιν
1056 5080 1116 5133 τὸ
1148 5080 1387 5133 είκτικδν
1423 5079 1534 5150 (12)
1577 5080 1669 5133 καὶ
1697 5095 1795 5132 τα-

222 5171 512 5242 πεινόφρον
557 5173 587 5225 6
626 5171 902 5236 Ματθατος
928 5171 1237 5243 διαγράφει,
1282 5174 1332 5225 εί
1365 5171 1626 5226 δυνατόν
1663 5173 1795 5226 ἐστι

220 5262 414 5331 λέγων.
437 5263 500 5317 Εί
533 5262 607 5335 μὴ
630 5264 742 5336 γὰρ
762 5263 885 5317 οὔτε
915 5264 1213 5336 ἁρμόσοιμι
1237 5264 1334 5335 τὴν
1367 5264 1626 5327 διάνοιαν,
1656 5266 1794 5336 τάχα

219 5355 364 5420 τινὲς
407 5354 706 5420 ὲκδέξοιντο
755 5355 968 5421 ἀσεϐῶς
1010 5355 1092 5420 τό,
1136 5358 1187 5410 ει
1223 5356 1485 5411 δυνατόν
1515 5357 1666 5421 ἐστι,
1719 5358 1794 5419 ὡς

207 5467 216 5508 τ
290 5489 337 5524 ³⁸
363 5490 531 5548 Marc.
551 5509 664 5560 xxv,
689 5494 776 5550 '56.
852 5494 896 5526 ’⁸
923 5493 1114 5551 Matth.
1150 5511 1298 5560 χχιι,
1335 5496 1423 5552 59.

291 5651 405 5778 2101)
439 5653 532 5710 Hae
561 5655 680 5710 dua:
706 5663 914 5711 tantum
945 5672 1106 5713 voces
1155 5665 1286 5711 sunt
1313 5674 1376 5711 ex
1427 5659 1546 5713 eod.
1587 5657 1786 5713 Veneto

330 5762 344 5778 .
402 5764 414 5776 .
441 5726 529 5778 56.
561 5726 703 5778 unde
736 5726 1092 5778 fraumemum
1130 5729 1459 5778 descrintum
1498 5741 1572 5778 est
1607 5747 1619 5778 :
1661 5731 1783 5778 reli-

217 5722 344 5784 69i,
371 5722 414 5799 ί.
441 5726 529 5799 56,
561 5726 703 5779 unde
736 5726 1459 5799 fragmentumdescriptum
1498 5741 1572 5784 est
1607 5747 1620 5791 ;
1661 5731 1783 5785 reli-

217 5809 324 5862 qua
347 5795 484 5850 tituli
512 5805 564 5872 et
597 5795 852 5853 numeros
887 5797 1000 5868 ipse
1035 5798 1224 5867 azljeci.

1904 3690 1970 3744 ad
2007 3691 2378 3758 tentationcm,
2407 3708 2506 3747 nec
2547 3703 2605 3747 ut
2637 3693 2690 3747 in
2737 3693 2910 3762 ipsam
2955 3693 3289 3765 ingrediatur
3316 3737 3330 3759 ,
3387 3695 3482 3754 sed

1905 3791 1964 3836 ut
2038 3784 2132 3838 liat
2195 3800 2358 3854 super
2425 3788 2818 3852 tentationem,
2884 3799 2936 3842 et
3010 3797 3204 3858 praeter
3283 3791 3479 3861 ipsam.

1903 3871 2139 3931 Omnino
2187 3889 2366 3932 autem
2427 3894 2604 3949 neque
2657 3881 2998 3950 impossibile
3027 3923 3042 3947 ,
3105 3898 3282 3952 neque
3331 3884 3478 3952 quod

1904 3968 2019 4021 ﬁeri
2045 3977 2298 4037 nequeat,
2341 3979 2436 4024 aut
2460 3971 2798 4025 contrarium
2833 3973 2905 4028 sit
2950 3974 3214 4028 voluntati
3255 3973 3434 4030 Patris
3463 4017 3476 4039 ,

1903 4059 2018 4114 lieri
2050 4060 2242 4117 credas
2272 4059 2609 4117 Salvatorem
2639 4065 2937 4133 postulare.
2972 4065 3242 4122 Possibile
3264 4077 3386 4131 est,
3423 4077 3482 4121 ut

1903 4150 2118 4206 Marcus
2149 4152 2271 4222 ejus
2297 4154 2545 4208 meminit
2591 4155 2822 4212 dicentis
2853 4176 2866 4210 :
2901 4157 3070 4223 Abba,
3092 4169 3276 4227 pater:
3303 4161 3479 4214 omnia

1905 4245 2000 4298 tibi
2031 4244 2304 4304 possibilia
2325 4246 2371 4276 ’δ
2398 4261 2416 4299 ;
2445 4249 2724 4316 possibilia
2753 4249 2796 4304 si
2832 4250 2964 4304 vult.
2998 4250 3152 4305 Sicut
3194 4251 3372 4307 Lucas
3403 4252 3480 4306 ait

1904 4340 2052 4393 illum
2081 4337 2288 4396 dixisse
2317 4356 2332 4395 :
2371 4342 2550 4410 Pater,
2573 4345 2623 4398 si
2647 4344 2742 4409 vis,
2775 4345 3008 4414 transfer
3039 4345 3259 4399 calicem
3288 4346 3424 4400 hunc
3444 4363 3476 4398 a

1903 4446 2000 4486 me.
2028 4428 2198 4501 Igitur
2221 4430 2457 4502 Spiritus
2478 4443 2701 4490 sanctus
2727 4436 2780 4489 in
2819 4436 3185 4507 evangelistas
3216 4436 3477 4491 distribu-

1904 4532 1990 4578 tus
2024 4523 2288 4595 integram
2340 4524 2639 4584 Salvatoris
2685 4530 2854 4582 nostri
2884 4528 3247 4590 aﬂ‘ectionem,
3287 4545 3353 4583 ex
3381 4545 3480 4583 cu-

1897 4617 2098 4689 jusque
2127 4620 2364 4676 dictioue
2395 4623 2690 4690 componit.
2724 4621 2908 4690 Neque
2940 4623 3088 4674 enim
3122 4638 3152 4675 a
3188 4620 3344 4675 Patre
3379 4638 3476 4691 po-

1903 4709 2153 4776 stulatur,
2180 4711 2324 4780 quo-.l
2360 4710 2519 4766 Pater
2569 4713 2685 4781 ipse
2718 4712 2873 4766 nolit.
2923 4710 3056 4766 Illud
3108 4727 3378 4782 namque:
3416 4712 3478 4768 Si

1903 4803 2000 4867 vis,
2030 4802 2385 4871 subjectionis
2419 4815 2474 4857 et
2504 4803 2799 4859 docilitatis
2828 4813 2933 4867 est,
2966 4819 3074 4858 non
3111 4805 3475 4874 ignorantiam

1901 4903 1996 4948 aut
2025 4893 2353 4949 dubietatem
2405 4894 2699 4951 indicabat.
2737 4895 3022 4966 Propterea
3052 4898 3155 4951 alia
3195 4897 3477 4967 Scriptura

1901 4987 2066 5042 dicit:
2095 4986 2289 5042 Omnia
2312 4989 2408 5042 tibi
2429 4989 2732 5059 possibilia.
2765 4989 3026 5056 Quamvis
3045 4993 3100 5044 in
3133 4992 3235 5046 boc
3260 5006 3475 5045 rursum

1903 5079 2047 5149 quod
2081 5079 2424 5150 deprecantis
2461 5098 2526 5137 ac
2558 5083 2784 5138 humilis
2825 5084 2896 5138 sit
2942 5083 3226 5140 Mattbaaus
3273 5085 3480 5140 descri-

1905 5172 2004 5231 bit.
2038 5172 2096 5226 Si
2125 5173 2373 5242 possibile
2400 5185 2476 5230 est
2502 5177 2546 5208 ’⁵
2578 5175 2850 5246 inquiens.
2876 5173 2991 5230 Nisi
3015 5177 3158 5230 enim
3176 5177 3280 5232 hoc
3317 5179 3477 5233 modo

1903 5279 2128 5318 sensum
2168 5275 2437 5335 coaptem,
2472 5265 2630 5322 facile
2662 5278 2887 5337 possent
2921 5268 3141 5338 quidam
3191 5269 3355 5338 impie
3386 5283 3478 5322 ae-

1905 5357 2085 5427 cipere
2115 5357 2244 5413 illud
2279 5376 2294 5412 :
2332 5358 2391 5413 Si
2412 5359 2661 5425 possibile
2708 5371 2823 5426 est,
2861 5360 3015 5430 quasi
3049 5361 3294 5430 quaedam
3335 5359 3477 5414 Deus

1968 5661 2012 5731 (Ι
2031 5661 2077 5720 Ι)
2109 5659 2267 5715 Forte
2291 5663 2492 5716 οὐκέτι.
3331 5695 3334 5699 '

1965 5731 2076 5814 (ιε)
2105 5731 2285 5797 Forte,
2318 5733 2418 5787 κᾶν
2443 5733 2616 5804 τούτῳ
2653 5753 2706 5788 π.
2744 5753 2793 5788 τ.
2829 5736 3092 5790 εὐκτικόν.
3137 5735 3257 5792 Mox
3303 5735 3475 5798 οὕτως

1891 5817 1988 5870 pro
2020 5819 2163 5855 ουτε.
