3922 6486
491 333 621 389 {59!

1434 333 1777 392 ADDENDA.
1816 365 1885 379 —
1917 333 1973 388 S.
2016 330 2309 389 DIONYSII
2350 333 2813 389 ALEXANDBINI

3591 333 3734 387 £393

493 450 671 505 facere
701 449 931 521 nequeat
962 492 977 518 ,
1022 452 1261 524 exceptis
1300 452 1368 510 iis
1406 470 1528 525 qua:
1560 454 1737 511 facere
1769 471 1876 509 non
1922 454 2051 508 vult.

2177 455 2320 508 τινῶν
2350 456 2517 509 ὅντων
2543 456 2818 510 ἀδυνάτων
2860 455 2936 527 τῷ
2969 455 3086 527 Θεῷ
3114 456 3358 527 ποιῆσαι,
3389 451 3533 525 πλὴν
3569 455 3729 524 μόνον

492 539 598 598 Sed
634 582 649 597 .
688 583 702 597 .
736 583 751 598 .
788 586 802 600 .
841 545 1125 601 confestim
1168 548 1458 604 roboratus
1508 550 1806 604 secundum
1860 550 2053 603 huma-

495 634 715 690 nitatem
748 652 777 691 a
802 636 1028 694 Paterna
1042 640 1340 707 divinitate,
1367 642 1617 697 tutiorem
1641 643 2055 713 postulationem

496 724 644 792 facit,
670 744 769 783 nec
804 731 1036 799 amplius
1069 731 1303 801 idipsum
1341 732 1474 798 vult,
1512 733 1605 787 sed
1632 743 1691 788 ut
1715 735 1891 803 placet
1911 732 2055 788 Patri

497 820 752 888 gloriose,
793 830 848 875 et
877 833 1209 891 constanter,
1239 834 1293 879 et
1328 826 1502 895 plene.
1536 825 1651 881 Hoc
1679 828 1825 881 enim
1854 827 2059 882 audivit

496 906 754 975 Joannes,
784 912 902 980 ipso
925 912 1159 981 dicente,
1183 916 1275 985 qui
1314 915 1701 972 sublimissima
1730 925 1785 972 et
1821 917 2057 973 divinis—-

496 1001 635 1055 sima
665 1018 893 1073 qumque
921 1020 1234 1061 sermonum
1276 1017 1329 1062 et
1356 1023 1579 1077 operum
1625 1008 1924 1064 Salvatoris
1978 1010 2059 1064 di-

497 1092 666 1160 gessit
695 1113 706 1147 :
748 1091 818 1146 Et
841 1093 1055 1147 calicem
1079 1111 1230 1164 quem
1256 1096 1399 1149 dedit
1428 1096 1555 1149 mihi
1586 1094 1741 1150 Pater
1772 1112 1937 1161 meus,
1961 1112 2058 1148 an-

499 1200 601 1236 non
618 1183 792 1237 bibam
819 1184 968 1238 illum
995 1185 1039 1216 "
1063 1185 1085 1238 ?
1125 1185 1315 1241 Bibere
1340 1203 1502 1257 porro
1523 1188 1747 1243 calicem
1776 1229 1790 1251 ,
1838 1197 1956 1242 erat
2002 1197 2059 1242 ut

500 1276 861 1329 ministerium
891 1277 1117 1346 impleas
1136 1318 1150 1342 ,
1195 1288 1472 1349 totamque
1500 1280 1815 1335 tentationis
1842 1295 2063 1335 (econo-

500 1366 687 1428 miam,
720 1365 928 1421 fortiter
955 1385 1157 1424 morem
1189 1380 1397 1442 gereret
1420 1371 1569 1427 Patri
1597 1373 1799 1427 volenti
1820 1430 1825 1433 _
1846 1382 1905 1428 ut
1955 1382 2064 1428 ter—

2155 540 2215 599 οὖ
2260 547 2333 618 μὴ
2374 546 2638 616 βούλεται.
2698 548 2926 602 Ἀλλὰ...
2984 547 3322 619 παραχρῆμα
3365 542 3730 616 ἐπιρρωσθεξ

2153 638 2292 692 κατὰ
2312 638 2701 711 ἀνθρωπότητα
2722 640 2823 694 ὑπὸ
2849 640 2947 710 τῆς
2968 640 3244 711 Πατρικῆς
3270 638 3547 707 θεότητος,
3568 638 3730 703 ἀσφα-

2154 727 2411 801 λεστέραν
2447 732 2677 784 ποιεῖται
2704 730 2802 801 τὴν
2830 730 3064 800 αἴτησιν,
3094 731 3186 783 καὶ
3217 729 3401 781 οὐκέτι
3436 728 3573 780 αὐτὸ
3608 725 3729 796 βού-

2154 818 2321 883 λεται,
2353 819 2466 872 ἀλλ’
2495 820 2571 883 ῶς
2597 821 2815 892 ἀρέσκει
2842 818 2921 889 τῷ
2943 819 3117 890 Πατρὶ
3148 818 3373 883 ἐνδόξως
3401 818 3499 870 καὶ
3534 832 3728 887 καρτε-

2158 913 2267 984 ρῶς
2295 913 2388 965 καὶ
2416 912 2619 985 πλῆρές
2652 913 2832 965 ποθεν.
2874 911 3040 965 Τοῦτο
3070 912 3178 983 γὰρ
3204 913 3440 982 ἤκουσεν
3482 911 3730 978 Ἰωάννης

2156 1007 2321 1060 αὐτοῦ
2351 1006 2617 1075 λέγοντος,
2650 1008 2679 1059 ό
2710 1005 2778 1059 τὰ
2808 1004 3199 1075 μεγαλειότατα
3230 1004 3325 1056 καὶ
3347 1002 3607 1055 θειότατα
3630 1002 3729 1052 τῶν

2155 1098 2250 1152 τοῦ
2284 1100 2533 1170 Σωτῆρος
2573 1098 2746 1168 λόγων
2779 1098 2874 1152 καί
2909 1096 3084 1168 ἔργων
3113 1094 3728 1166 ὑπομνηματισάμενοςθ

2157 1191 2265 1245 Καὶ
2296 1189 2361 1244 τὸ
2382 1190 2664 1258 ποτήριον
2693 1190 2723 1243 ὃ
2749 1188 2965 1243 δέδωκέ
2984 1206 3085 1257 μοι
3112 1191 3143 1241 ό
3171 1187 3377 1255 Πατήρ
3395 1204 3540 1255 μου,
3562 1188 3632 1238 οὐ
3652 1186 3730 1253 μὴ

2159 1282 2272 1335 πίω
2315 1284 2495 1344 αὐτό;
2528 1283 2676 1335 Πιείν
2704 1280 2760 1333 δὲ
2796 1277 2862 1351 ἦν
2902 1282 2962 1334 τὸ
3001 1282 3277 1350 ποτήριον,
3319 1277 3613 1349 πληρῶσαι
3644 1278 3733 1346 τὴν

2159 1375 2452 1437 διακονίαν,
2481 1376 2575 1427 καὶ
2606 1376 2784 1428 πᾶσαν
2808 1373 2901 1426 τοῦ
2930 1373 3233 1445 πειρασμοῦ
3264 1372 3364 1442 τὴν
3395 1369 3732 1439 οἰκονομίαν,

501 1457 733 1511 minaret
761 1466 812 1511 et
848 1463 1325 1530 supergrederetur
1376 1480 1669 1520 aerumnas.
1708 1464 1883 1519 Illud:
1919 1466 2061 1530 Quid

2177 1466 2421 1537 ὶνδρείως
2477 1466 2730 1538 ἐχόμενον
2774 1465 2867 1518 τοῦ
2917 1464 3128 1535 Πατρδς
3166 1464 3425 1534 ἑλομένου
3468 1462 3733 1523 διανύσαι,

500 1564 581 1601 me
633 1547 954 1619 dereliquisti
987 1553 1028 1582 "’
1062 1552 1085 1603 ?
1140 1554 1471 1623 sequebatur
1522 1555 1707 1625 utique
1747 1555 1908 1612 exiis
1939 1572 2061 1625 quae

2177 1558 2257 1612 καὶ
2290 1558 2589 1632 ὑπερϐῆναι
2617 1558 2687 1612 τὰ
2722 1558 2884 1611 δεινά·
2918 1558 2977 1610 τὸ
3006 1557 3085 1623 δέ,
3129 1557 3190 1610 Τί
3209 1573 3287 1625 με
3309 1555 3707 1625 ἐγκατέλιπες
3719 1570 3737 1616 ;

500 1650 656 1695 antea
689 1643 1074 1710 postulaverat.
1103 1644 1214 1699 Cur
1240 1644 1373 1698 mihi
1415 1646 1677 1701 hactenus
1725 1660 1872 1700 mors
1929 1661 2061 1700 con-

2177 1648 2231 1722 ἣν
2263 1652 2369 1723 ἄρα
2407 1646 2487 1715 οἷς
2515 1651 2852 1724 προηξίωσεν
2880 1649 3184 1704 ἀκόλουθον.
3219 1649 3284 1702 Τί
3319 1666 3411 1720 μοι
3451 1648 3621 1719 μέχρι
3652 1646 3736 1699 νῦν

496 1732 684 1803 juncta
711 1744 824 1800 est,
861 1744 914 1789 et
957 1736 1196 1790 nondum
1252 1738 1473 1793 calicem
1518 1737 1890 1794 circumfero?
1914 1736 2064 1792 Hanc

2177 1746 2194 1796 5
2225 1743 2451 1807 θάνατος
2490 1742 2854 1807 συνέζευκται,
2892 1744 2985 1796 καὶ
3013 1740 3163 1795 οὔπω
3201 1741 3263 1794 τὸ
3290 1742 3559 1811 ποτήριον
3594 1756 3739 1808 περι-

501 1834 632 1895 puto
664 1826 834 1882 fuisse
877 1827 1173 1884 Sal‘vatoris
1217 1831 1538 1884 sententiam
1591 1831 1645 1885 in
1691 1832 1909 1886 concisa
1966 1831 2066 1885 hac

2177 1829 2346 1901 ρέρω;
2375 1828 2593 1899 Ταύτην
2620 1814 2713 1881 τοῦ
2745 1828 2992 1898 Σωτῆρος
3013 1826 3110 1896 τὴν
3137 1824 3373 1878 διάνοιαν
3411 1807 3470 1878 ἐν
3503 1827 3576 1894 τῇ
3619 1807 3739 1876 συν-

501 1932 649 1972 γοοδ.

570 2006 636 2063 Et
661 2022 786 2063 vera
811 2024 940 2064 sane
970 2010 1137 2077 dicit,
1173 2021 1226 2066 et
1263 2020 1444 2066 tamen
1491 2028 1598 2067 non
1626 2013 1728 2067 fuit
1756 2013 2063 2069 derelictus.

503 2097 609 2156 Sed
638 2102 819 2156 statim
851 2102 1039 2167 ebibit,
1063 2103 1452 2173 utpostulavit,
1471 2113 1525 2160 et
1545 2107 2068 2175 pertransiit.Atque

499 2192 666 2263 hujus
700 2194 780 2249 rei
818 2195 1034 2250 videtur
1063 2196 1197 2250 mihi
1230 2196 1400 2252 fuisse
1418 2199 1744 2269 symbolum,
1766 2200 1912 2269 (ιυοά
1938 2215 2066 2269 por-

498 2294 706 2341 rectum
734 2296 816 2343 est
844 2288 919 2342 illi
946 2298 1181 2344 acetum.
1216 2288 1480 2344 Mutatum
1501 2289 1644 2346 enim
1667 2291 1852 2345 vinum
1877 2292 2069 2346 innue-

501 2379 595 2435 bat
624 2379 781 2443 facile
804 2392 1108 2452 promptam
1147 2383 1295 2438 illius
1346 2384 1701 2439 mutationem
1744 2394 1904 2454 atque
1938 2400 2069 2439 con-

498 2472 804 2528 versionem
827 2489 988 2544 quam
1024 2476 1259 2545 recepit,
1292 2490 1393 2547 pro
1428 2477 1691 2545 passione
1743 2492 1937 2547 nempe
1965 2477 2068 2531 im-

499 2565 930 2637 passibilitatem,
952 2578 1005 2623 et
1021 2585 1117 2639 pro
1138 2581 1312 2627 morte
1330 2572 1810 2635 immortalitatem,
1827 2581 1881 2625 et
1896 2588 1990 2641 pro
2005 2587 2068 2626 eo

478 2670 560 2737 tut
587 2660 942 2730 judicaretur,
974 2661 1255 2731 judicare;
1285 2672 1339 2717 et
1369 2679 1464 2732 pro
1492 2680 1557 2719 eo
1576 2672 1634 2717 ut
1663 2663 1764 2718 sibi
1790 2663 2069 2734 tyrannice

484 2746 883 2821 imperaretur,
920 2766 1148 2821 reg-nare
1188 2752 1483 2822 accipiens.
1533 2753 1768 2825 Spongia
1793 2754 1936 2808 enim
1964 2795 1978 2819 ,
2010 2762 2071 2807 ut

501 2842 757 2897 existimo
782 2883 798 2909 ,
859 2843 1124 2913 integram
1172 2846 1396 2899 omnino
1436 2846 1607 2900 sancti
1640 2845 1875 2914 Spiritus
1906 2846 1958 2898 in
2004 2861 2069 2899 eo

503 2943 804 2991 exstantem
854 2938 1355 3006 attemperationem
1398 2938 1681 3004 ostendit;
1725 2947 1777 2993 et
1827 2939 2069 2993 calamus

504 3037 777 3100 sceptrum
805 3030 1008 3099 regale,
1036 3045 1098 3086 ac
1119 3031 1358 3086 divinam
1386 3033 1558 3101 legem
1593 3031 1975 3085 subindicavit.
2004 3032 2070 3084 At

2166 1922 2316 1994 τόμῳ
2344 1924 2491 1993 φωνῇ
2522 1921 2887 1992 τεκμαίρομαι
2906 1918 3206 1987 γεγονέναι.

2237 2015 2346 2066 Καὶ
2374 2012 2547 2083 ἀληθῆ
2589 2030 2652 2080 γε
2696 2012 2878 2079 ἔλεγεν
2920 2009 3051 2081 (15),
3095 2009 3187 2062 καὶ
3216 2008 3317 2060 οὐκ
3362 2006 3741 2076 ἐγκαταλέλει-

2169 2117 2315 2154 πται.
2360 2100 2495 2153 Ἀλλ’
2542 2099 2699 2162 εὐθὺς
2741 2097 2971 2161 ἐξέπιεν,
3017 2096 3091 2159 ὡς
3124 2094 3346 2164 ἠξίωσε,
3377 2094 3477 2144 καὶ
3508 2093 3742 2163 παρελή-

2168 2194 2314 2249 λυθε.
2342 2194 2452 2247 Καὶ
2478 2191 2635 2245 τοῦτό
2674 2208 2762 2261 μοι
2803 2188 3025 2243 δοκεῖτὸ
3065 2186 3391 2258 παρενεχθὲν
3430 2186 3555 2250 ὅξος
3602 2186 3743 2253 αὑτῷ

2168 2285 2448 2354 γεγονέναι
2490 2281 2773 2354 σύμϐολον.
2826 2281 2884 2335 ’0
2921 2280 3028 2350 γὰρ
3062 2280 3348 2351 ἐντροπίας
3387 2274 3535 2342 οἶνος
3566 2279 3741 2348 Stas-ii.-

2173 2393 2357 2448 μαινεν
2380 2374 2507 2438 ἴσως
2534 2373 2630 2445 τὴν
2655 2372 2833 2440 ὀξεῖαν
2854 2372 3018 2426 αὑτοῦ
3048 2371 3255 2443 τροπὴν
3284 2372 3381 2424 καὶ
3412 2369 3739 2441 μεταϐολὴν,

2169 2470 2234 2540 ἢν
2272 2465 2610 2530 κατεδέξατο,
2652 2466 2771 2518 ἀντὶ
2802 2464 2896 2518 τοῦ
2942 2463 3145 2526 πάθους
3172 2463 3270 2533 τὴν
3316 2463 3619 2525 ἀπάθειαν,
3659 2464 3745 2515 καὶ

2169 2560 2289 2615 ἀντὶ
2309 2559 2401 2613 τοῦ
2432 2560 2658 2613 θανάτου
2690 2559 2789 2630 τὴν
2822 2557 3141 2621 ἀθανασίαν,
3175 2558 3269 2609 καὶ
3287 2557 3410 2609 ἀντὶ
3443 2556 3539 2608 τοῦ
3571 2557 3744 2625 κρίνε-

2171 2650 2294 2703 σθαι
2321 2650 2383 2702 τὸ
2412 2650 2640 2720 κρίνειν,
2675 2649 2796 2702 ἀντὶ
2819 2648 2914 2701 τοῦ
2942 2647 3315 2720 τυραννεῖσθαι
3348 2646 3410 2697 τὸ
3442 2645 3744 2715 βασιλεύειν

2173 2742 2505 2814 μεταλαϐών.
2544 2744 2609 2795 "0
2645 2760 2702 2795 τε
2732 2742 2840 2813 γὰρ
2889 2742 3143 2809 σπόγγος,
3165 2740 3237 2803 ὡς
3276 2734 3455 2809 οἶμαι,
3489 2738 3593 2807 τὴν
3625 2738 3744 2807 ὅλη-ι

2168 2838 2235 2890 δι’
2265 2836 2386 2890 ὅλου
2412 2836 2505 2889 τοῦ
2531 2837 2683 2905 ἁγίου
2711 2834 2851 2888 Πνεύ
2860 2851 3024 2904 ματος
3049 2836 3104 2886 ὲν
3124 2832 3272 2902 αὐτῷ
3291 2831 3601 2901 γενομένην
3624 2832 3745 2882 ἁνα-

2171 2947 2364 3002 κρασιν
2406 2931 2649 3000 ἐνέφηνε’
2692 2929 2783 2982 καὶ
2833 2929 2861 2980 ὁ
2908 2927 3150 2998 κάλαμος
3194 2926 3255 2978 τὸ
3302 2925 3579 2994 βασίλειον
3621 2924 3741 2992 σκῆ-

2172 3041 2360 3093 πτρον,
2390 3025 2483 3077 καὶ
2508 3023 2599 3077 τὸν
2625 3024 2766 3076 θεῖον
2790 3023 2950 3093 νόμον
2975 3023 3271 3093 ὑπέφηνεν.
3316 3021 3377 3073 '0
3408 3020 3468 3073 δὲ
3498 3020 3739 3079 ﬁscum;

505 3120 774 3191 hyss'Opus
804 3121 1071 3176 vivificam
1103 3121 1507 3191 salutaremque
1555 3120 1676 3190 ejus
1707 3121 2069 3188 resurrectio—

2177 3115 2272 3186 τὴν
2305 3116 2538 3187 ζωτικὴν
2568 3116 2661 3169 καὶ
2691 3116 2953 3185 σωτήριον
2983 3114 3197 3186 ἔγερσιν
3227 3111 3417 3178 αὑτοῦ,
3460 3112 3530 3164 δι’
3560 3107 3629 3183 ἧς
3656 3111 3740 3164 καὶ

504 3228 649 3276 nem,
680 3226 776 3282 per
796 3227 960 3281 quam
996 3222 1049 3268 et
1084 3227 1185 3267 nos
1226 3211 1587 3268 incolumitati
1627 3210 1906 3266 restitutos
1949 3212 2071 3265 red-

503 3305 657 3358 didit.

579 3393 643 3448 V.
675 3396 762 3449 43.
795 3396 1052 3466 Apparuit
1075 3405 1247 3449 autem
1278 3396 1358 3449 illi
1387 3395 1602 3466 angelus
1648 3412 1673 3448 ε
1710 3394 1837 3449 εωιο
1862 3395 2073 3463 confor-

507 3495 623 3540 tans
650 3503 788 3541 eum.

578 3576 644 3632 ν.
675 3578 764 3633 44.
796 3577 860 3631 Et
885 3595 1002 3632 cum
1020 3579 1136 3648 jam
1171 3587 1304 3633 esset
1346 3578 1401 3630 in
1428 3579 1621 3648 agonia
1659 3579 1913 3633 intensius
1951 3596 2075 3632 ora—

507 3667 616 3723 bat.
648 3667 777 3723 Fuit
811 3678 985 3723 autem
1019 3670 1185 3723 sudor
1210 3670 1345 3738 ejus,
1375 3681 1429 3723 ut
1456 3671 1681 3740 grummi
1704 3709 1719 3734 ,
1758 3672 1845 3740 qui
1866 3670 2077 3724 descen-

506 3762 640 3816 dunt
664 3762 718 3814 in
754 3771 964 3815 terram.

579 3853 940 3910 Proverbialis
970 3855 1175 3911 locutio
1207 3864 1290 3911 est
1310 3855 1377 3931 de
1396 3855 1465 3910 iis
1484 3855 1574 3925 qui
1600 3854 2079 3911 vehementissime

507 3945 691 4000 dolent
736 3954 793 4000 et
828 3946 1192 4002 colluctantur
1220 3966 1233 4001 :
1267 3945 1551 4019 Sanguinis
1579 3947 1782 4011 sudor;
1828 3958 1881 4002 et
1912 3948 1979 4004 de
2010 3947 2079 4002 iis

508 4039 604 4109 qui
649 4054 833 4093 amare
887 4048 1227 4109 queruntur:
1278 4039 1575 4111 Sanguines
1604 4041 1715 4109 ﬂet.
1747 4039 1944 4095 Dicens
1969 4080 1984 4105 ,
2021 4049 2077 4093 ut

506 4132 735 4202 grummi
756 4133 1066 4201 sanguinis,
1102 4148 1211 4187 non
1257 4148 1540 4203 grummos
1580 4134 1798 4190 sudoris
1843 4134 2080 4189 ostendit

508 4223 810 4292 sanguinis.
842 4221 961 4277 Non
991 4224 1137 4278 enim
1160 4224 1224 4279 ad
1252 4224 1629 4279 instarhorum
1653 4224 1880 4281 dixisset
1909 4226 2079 4282 fuisse

509 4315 757 4367 sudores.
796 4311 910 4368 Hoc
932 4313 1101 4378 enim,
1125 4322 1183 4366 ut
1206 4314 1451 4383 grummi,
1484 4313 1769 4383 significat.
1802 4315 1942 4381 Quin
1976 4331 2076 4385 po-

509 4402 619 4457 tius
642 4402 830 4456 volens
851 4401 1153 4466 ostendere,
1172 4402 1319 4471 quod
1340 4417 1448 4456 non
1475 4403 1729 4457 tenuibus
1748 4405 2072 4472 quibusdam

2176 3209 2322 3279 ἡμᾶς
2355 3207 2482 3277 ὓγια
2513 3207 2623 3279 (14)
2656 3206 2871 3271 ἔδειξεν.

2246 3393 2392 3462 Στιχ.
2431 3398 2540 3463 μγν.
2580 3391 2765 3458 Ὠφθη
2786 3387 2854 3441 δὲ
2881 3386 3040 3452 αὐτῷ
3065 3386 3318 3457 ἄγγελος
3346 3385 3451 3440 ἀπ’
3481 3384 3739 3453 οὐρανοῦ

2175 3483 2474 3550 ἐνισχύων
2497 3483 2703 3535 αὐτόν.
3470 3542 3485 3560 ε

2247 3577 2392 3644 Στιχ.
2428 3572 2528 3644 μδκ
2568 3573 2676 3626 Καὶ
2708 3572 3025 3642 γενόμενος
3051 3568 3120 3623 ὲν
3147 3567 3368 3637 ἀγωνίᾳ
3405 3565 3748 3619 ἐκτενέστε-

2171 3684 2285 3734 ρον
2310 3666 2706 3733 προσηύχετο.
2757 3662 3024 3732 Ἐγένετο
3048 3660 3116 3713 δὲ
3145 3663 3177 3713 ὁ
3218 3657 3394 3727 ἱδρὼς
3426 3657 3641 3721 αὑτοῦ,
3672 3658 3746 3724 ὡς

2178 3762 2229 3813 οἱ
2263 3758 2499 3826 θρόμϐοι
2530 3756 2640 3827 (15)
2671 3759 2723 3809 οἱ
2750 3754 3203 3817 καταϐαίνοντες
3238 3751 3334 3803 ἐπὶ
3368 3749 3487 3816 τὴν
3524 3748 3662 3819 γῆν.

2248 3850 2522 3922 Παροιμία
2549 3849 2761 3916 λέγεται
2788 3849 2878 3900 ἐπὶ
2903 3845 3010 3898 τῶν
3037 3844 3239 3914 σφόδρα
3259 3840 3626 3911 λυπουμένων
3658 3840 3743 3893 καὶ

2178 3941 2553 4012 ἀγωνιώντων,
2586 3941 2831 4009 αἵματος
2866 3936 3125 4005 ἵδρωσις·
3161 3936 3347 4003 ὥσπερ
3378 3935 3476 3986 καὶ
3520 3936 3620 3986 ἐπὶ
3647 3931 3743 3985 τῶν

2179 4035 2389 4108 πικρῶς
2409 4033 2767 4104 ὀδυρομένων,
2788 4032 3005 4098 αἵματα
3026 4030 3238 4082 κλαίει.
3267 4028 3389 4080 Ὅτι
3408 4028 3561 4080 ὡσεὶ
3590 4030 3742 4094 θρόμ-

2179 4133 2267 4183 ϐοι
2302 4130 2547 4198 αἵματος
2574 4126 2762 4190 εἰπὼν,
2788 4125 2848 4177 οὐ
2875 4123 3144 4195 θρόμϐους
3172 4121 3394 4193 ἱδρῶτος
3427 4122 3746 4195 ἀπεφήνατο

2178 4224 2426 4294 αἵματος.
2469 4223 2541 4276 Οὐ
2575 4221 2684 4293 γὰρ
2725 4221 2789 4274 ἂν
2829 4219 2946 4273 καθ’
2986 4217 3277 4289 ὁμοιότητα
3318 4215 3531 4268 τούτων
3566 4218 3745 4285 εἴρηκε

2176 4314 2424 4384 γενέσθαι
2447 4314 2569 4377 τοὺς
2597 4310 3021 4383 ἱδρῶτας.Τοῦτο
3043 4309 3149 4380 γὰρ
3172 4308 3311 4361 ὡσεὶ
3333 4308 3584 4375 θρόμϐοι
3614 4325 3747 4375 παρ-

2180 4408 2376 4477 ίστησι.
2420 4405 2599 4459 Θέλων
2648 4404 2704 4456 δὲ
2739 4402 2934 4474 μᾶλλον
2974 4400 3228 4471 δηλῶσαι,
3266 4399 3341 4462 ὡς
3368 4400 3493 4468 οὐχὶ
3523 4398 3749 4461 λεπταῖς

509 4493 768 4563 guttulis,
813 4492 1079 4564 quasique
1108 4492 1175 4547 ad
1199 4491 1459 4547 indicium
1500 4493 1661 4547 modo
1685 4497 2072 4563 apparentibus

2177 4516 2282 4552 τισι
2314 4496 2501 4560 νοτίσι,
2533 4498 2627 4550 καλ⁸
2644 4491 2754 4548 οἷον
2780 4493 3054 4557 ἐνδείξεως
3081 4492 3237 4563 χάριν
3269 4490 3747 4560 ἐπιφαινομένους,

509 4586 854 4642 Dominicum
906 4600 1108 4656 corpus
1154 4583 1574 4656 pcrstillaverit:
1625 4585 1717 4639 sed
1751 4589 1897 4657 quod
1950 4606 2075 4646 vere

509 4680 823 4736 uberiorum
850 4687 1124 4749 guttarum
1154 4678 1325 4734 instar
1346 4686 1516 4733 totum
1536 4678 1829 4734 sudoribus
1851 4679 2075 4750 perfun~

508 4773 757 4838 debatur,
810 4770 1094 4841 sanguinis
1143 4785 1426 4840 grummos
1463 4770 1529 4825 ad
1582 4772 2072 4842 repraesentandam

508 4866 588 4921 rei
618 4863 910 4935 imaginem
927 4864 1242 4933 assumpsit.
1275 4861 1669 4919 Ostendebatur
1694 4878 1858 4933 porro
1882 4880 2074 4934 quem-

508 4958 803 5014 admodum
850 4957 1014 5011 etiam
1050 4971 1145 5025 per
1181 4955 1607 5013 intensissimam
1638 4958 1940 5013 orationem
1972 4999 1989 5025 ,
2022 4968 2075 5013 et

508 5051 737 5105 multam
764 5050 1039 5118 agoniam,
1067 5048 1141 5103 ita
1163 5051 1326 5103 etiam
1351 5063 1447 5118 per
1469 5049 1731 5104 sudorum
1748 5050 2072 5114 crassitiem,

507 5143 637 5213 quia
660 5144 981 5198 naturaliter
1008 5151 1063 5197 et
1108 5143 1309 5212 reipsa,
1338 5157 1444 5197 non
1472 5158 1601 5198 vero
1652 5144 1993 5211 specietenus
2025 5154 2075 5199 et

505 5236 870 5306 phantastice,
901 5237 1066 5291 homo
1093 5244 1212 5289 erat
1238 5234 1505 5302 Salvator,
1540 5245 1594 5290 et
1614 5236 1954 5292 naturalibus
1980 5237 2077 5291 ho-

507 5324 744 5392 minum,
768 5325 1060 5394 inculpatis
1091 5334 1293 5391 tamen,
1343 5324 1673 5379 inserviehat
1705 5324 2070 5393 passionibus.

507 5414 875 5471 Nihilominus
897 5417 1027 5469 illud
1061 5433 1075 5471 :
1109 5415 1433 5470 Potestatem
1462 5415 1622 5469 habeo
1642 5419 2075 5484 poneream'mam

510 5528 700 5580 meam,
733 5526 783 5568 et
814 5522 1124 5585 potestatem
1152 5512 1313 5566 habeo
1348 5513 1539 5566 iterum
1583 5512 1824 5565 sumendi
1862 5528 1978 5566 eam
2008 5514 2072 5579 ’⁸,

580 5629 627 5661 ’⁸
656 5625 813 5682 Joan.
844 5643 1000 5691 xvm,
1040 5628 1126 5681 Η.

612 5745 695 5807 i5)
729 5744 947 5799 Confer.
979 5744 1275 5812 Theophyi.
1304 5746 1354 5798 in
1379 5742 1638 5796 Mart-um.

612 5745 695 5807 i5)
729 5745 947 5799 Confer.
979 5745 1223 5815 Theoph}

584 5745 696 5886 2H)
726 5814 867 5886 Lege
902 5815 1140 5883 ὑγίασεν.

2181 4591 2242 4643 τὸ
2294 4587 2606 4642 δεσποτικὸν
2665 4584 2931 4649 ὲνοτίζετο
2990 4583 3166 4655 σῶμα,
3223 4581 3335 4635 ἀλλ’
3394 4582 3473 4644 ὡς
3532 4582 3749 4651 ἀληθῶς

2182 4678 2356 4751 ἁδρῶν
2380 4678 2653 4745 σταγόνων
2675 4675 2827 4745 δίκην
2849 4675 2966 4728 ὅλον
2987 4676 3098 4736 τοῖς
3125 4672 3309 4743 ἱδρῶσι
3329 4673 3746 4742 περιεσταζετο,

2180 4774 2304 4835 τοὺς
2327 4771 2435 4823 τῶν
2458 4769 2700 4840 αἱμάτων
2727 4768 2995 4838 θρόμϐους
3018 4768 3096 4829 εἰς
3119 4766 3301 4818 εἰκόνα
3323 4764 3417 4817 τοῦ
3448 4767 3753 4835 γεγενημέ-

2182 4879 2271 4915 νου
2315 4860 2665 4930 παρείληφεν.
2709 4858 2925 4929 Ἐδήλου
2962 4857 3019 4910 δὲ
3046 4858 3153 4928 ἄρα
3182 4855 3371 4926 ῶσπερ
3403 4856 3499 4908 καὶ
3538 4855 3632 4908 διὰ
3661 4857 3751 4924 τῆς

2182 4952 2539 5023 ὲντεταμένης
2582 4950 2912 5021 προσευχῆς,
2960 4949 3050 5003 καὶ
3098 4948 3197 5017 τῆς
3239 4946 3440 5015 πολλῆς
3485 4946 3748 5011 ἀγωνίας.

2180 5046 2322 5099 οὕτω
2346 5046 2439 5099 καὶ
2470 5043 2558 5096 διὰ
2586 5042 2686 5112 τῆς
2712 5042 2817 5095 τῶν
2847 5042 3085 5114 ἱδρώτων
3118 5038 3449 5109 παχύτητος,
3483 5036 3558 5099 t'o;
3594 5036 3750 5104 φύσει

2180 5142 2273 5194 καὶ
2315 5138 2546 5210 ἀληθῶς,
2595 5137 2705 5191 ἀλλ’
2753 5137 2853 5190 οὐκ
2898 5134 3149 5200 ἐπιδείξει
3193 5133 3287 5186 καὶ
3326 5132 3624 5202 φαντασίᾳ,
3663 5132 3750 5185 ἄν-

2182 5235 2397 5307 θρωπός
2420 5251 2480 5287 τε
2512 5231 2878 5303 ἐχρημάτισεν
2918 5232 2945 5282 ὁ
2983 5228 3193 5299 Σωτὴρ,
3226 5227 3319 5280 καὶ
3347 5228 3463 5289 τοῖς
3502 5228 3749 5295 φυσικοῖς

2181 5330 2289 5382 τῶν
2317 5325 2615 5398 ἀνθρώπων
2639 5326 2730 5378 καὶ
2759 5322 3097 5392 ἁδιαῦλήτοις
3121 5320 3505 5391 ὑπηρετήσατο
3533 5320 3744 5374 πάθεσι.

2183 5422 2254 5475 Τὸ
2284 5421 2485 5491 μέντοι,
2533 5417 2847 5480 Ἐξουσίαν
2865 5414 2983 5482 ἔχω
3014 5413 3196 5467 θεῖναι
3227 5412 3342 5479 τὴν
3373 5412 3587 5481 ψυχήν
3608 5431 3742 5481 μου,

2182 5513 2277 5568 καὶ
2304 5509 2592 5574 ἐξουσίαν
2618 5508 2735 5576 ἔχω
2766 5503 2951 5559 πάλιν
2981 5503 3186 5557 λαϐεῖν
3212 5501 3428 5569 αὐτὴν,
3458 5504 3517 5555 ὲν
3541 5502 3741 5564 τούτοις

1206 5628 1250 5659 ’⁷
1286 5624 1475 5679 Matth.
1530 5640 1660 5686 xvu,
1697 5622 1786 5689 46;
1819 5623 1982 5681 Marc.
2018 5645 2103 5697 xv,
2134 5630 2223 5687 ⁸56.
2301 5627 2345 5657 ’⁸
2373 5624 2529 5679 Joan.
2557 5638 2613 5686 χ,
2641 5619 2726 5675 18.

2255 5744 2364 5816 (l5)
2403 5741 2557 5796 Deest
2593 5740 2840 5810 αἵματος,
2865 5746 2923 5792 ut
2952 5744 3095 5807 patet
3122 5751 3185 5790 cx
3217 5735 3590 5804 sequentibus.
