3922 6486
240 382 265 438 1
278 385 378 439 593

1380 386 1941 443 INTERPBETATIO
1980 385 2047 440 IN
2076 384 2333 444 LUCAM.

3335 389 3470 442 i596

233 501 404 573 δηλοῖ,
435 503 676 558 ἑκούσιον
706 500 843 559 εἶναι
868 508 926 561 τὸ
958 507 1142 571 πάθος’
1178 510 1269 562 καὶ
1303 508 1404 573 ἔτι,
1434 509 1509 573 ὡς
1532 509 1664 581 άλλη
1698 509 1795 581 μὲν

1931 525 1958 562 n
1993 509 2079 565 his
2111 511 2367 575 ostendit,
2399 510 2761 565 voluntariam
2794 524 2914 565 esse
2942 508 3249 580 passionem
3283 525 3297 561 :
3336 522 3475 577 prie-

234 595 275 669 ή
309 595 560 667 τιθεμένη
582 597 675 650 καὶ
698 597 1079 671 λαμϐανομένη
1111 600 1277 673 ψυχὴ,
1301 602 1430 672 ἄλλη
1453 602 1509 655 δὲ
1536 604 1567 673 ἡ
1599 605 1807 657 τιθεῖσα

233 687 333 742 καὶ
374 687 722 758 λαμϐάνουσα
757 688 1223 762 θεότης..(¹Ἀλλην
1257 692 1312 745 δὲ
1352 695 1445 746 καὶ
1472 693 1637 764 ἀλλην
1679 693 1805 763 5'91},

234 781 340 834 οὐκ
378 780 457 842 είς
492 778 585 833 δύο
616 783 880 853 πρόσωπα
912 783 1151 855 διαιρῶν,
1181 782 1313 837 ἀλλά
1339 785 1445 837 τῶν
1471 784 1563 838 δύο
1596 784 1809 853 φύσεων

236 871 452 934 δεικνὺς
471 872 529 924 τὸ
556 872 809 945 διάφορον
848 874 1000 945 (16).)
1033 875 1140 927 Καὶ
1166 874 1354 946 ῶσπερ
1396 877 1559 947 σαρκὶ⁸
1590 876 1682 928 τὸν
1716 876 1812 929 θά-

206 979 399 1019 «νατον
438 963 734 1035 ὑπομείνας
761 965 920 1029 ἑκὼν,
954 968 1010 1019 ὲν
1037 967 1171 1037 αὐτῇ
1209 968 1307 1038 τὴν
1348 966 1655 1039 ἀφθαρσίαν
1682 966 1812 1035 ἐφύ-

232 1070 449 1121 τευσεν,
474 1054 616 1108 οὔτω
645 1057 736 1109 καὶ
764 1057 821 1110 τὸ
842 1058 942 1125 τῆς
971 1056 1208 1122 δουλείας
1230 1059 1341 1129 (i7)
1371 1058 1619 1129 βουλήσει
1647 1074 1813 1128 προσ-

235 1148 514 1217 ηκάμενος
563 1147 752 1211 πάθος,
798 1151 933 1220 αὐτῇ
986 1149 1047 1203 τὸ
1073 1149 1269 1221 Θάρσος
1296 1152 1390 1203 καὶ
1429 1150 1524 1221 τὴν
1563 1149 1811 1220 ἀνδρείαν

241 1236 579 1310 ὲνέσπειρεν,
618 1238 676 1304 ἐξ
714 1236 783 1311 ἧς
807 1242 936 1305 τοὺς
971 1242 1323 1305 πιστεύοντας
1358 1244 1437 1305 είς
1481 1241 1644 1294 αὐτὸν
1678 1240 1812 1310 πρὸς

239 1330 370 1393 τοὺς
392 1329 485 1383 τοῦ
513 1332 811 1404 μαρτυρίου
840 1334 1103 1404 μεγάλους
1126 1334 1319 1396 ἄθλους
1341 1332 1605 1403 ὲνεύρισε.
1632 1332 1813 1405 Ταύτῃ

240 1438 325 1474 τοι
354 1422 449 1476 καὶ
491 1421 717 1495 Θρόμϐοι
754 1424 975 1494 ἱδρῶτος
1014 1422 1175 1477 αὑτοῦ
1219 1422 1535 1494 παραδόξως
1571 1417 1657 1474 οἷα
1689 1439 1814 1475 στα-

241 1509 396 1577 γόνες
432 1511 660 1581 αἵματος
694 1513 979 1584 ἀπέρρεον,
1030 1514 1117 1567 ἵνα
1156 1513 1254 1583 τῆς
1284 1513 1559 1583 ἡμετέρας
1601 1512 1813 1581 φύσεως

242 1598 431 1672 ὥσπερ
460 1603 771 1676 ἀναξηράνῃ
803 1606 896 1657 καὶ
930 1603 1169 1674 ὲξοικίσῃ
1206 1603 1315 1673 τὴν¹
1338 1603 1438 1672 τῆς
1468 1601 1671 1665 δειλίας
1706 1618 1812 1671 πη-

242 1695 365 1766 γήν.
406 1696 557 1749 Ἐπεὶ
588 1698 634 1747 εί
663 1696 737 1766 μὴ
781 1696 935 1749 τοῦτο
966 1692 1032 1767 ἦν
1057 1696 1132 1759 ὡς
1169 1700 1226 1750 ὲν
1268 1696 1548 1767 μυστηρίῳ
1583 1696 1815 1766 πραττό-

247 1805 428 1858 μενον,
446 1789 565 1842 οὐδὲ
595 1791 628 1861 ἠ
656 1790 703 1857 (1
717 1790 769 1859 8)
794 1792 995 1862 σφόδρα
1012 1790 1310 1854 δειλότατός
1321 1808 1405 1853 τις
1417 1790 1509 1843 καὶ
1526 1789 1747 1857 ἀγενέστ
1757 1805 1815 1841 α-

1910 611 2077 667 terea,
2115 604 2260 673 quod
2288 605 2391 658 alia
2419 604 2634 673 quidem
2672 604 2739 658 sil
2768 605 2941 673 posita
2957 611 3009 658 et
3025 612 3239 671 sumpta
3271 601 3474 663 anima.

1909 695 2013 748 alia
2044 710 2171 749 vero
2195 711 2399 765 ponens
2434 706 2486 749 et
2514 711 2734 749 sumens
2760 695 3035 749 divinitas.
3070 694 3281 765 (Aliam
3316 702 3477 762 atque

1910 787 2070 840 aliam
2103 787 2259 853 dixit,
2310 803 2417 841 non
2452 788 2665 850 induas
2690 802 2952 856 personas
2976 786 3291 854 dispescens
3314 823 3328 849 ,
3383 784 3477 838 sed

1909 880 2141 934 duarum
2168 888 2484 933 naturarum
2520 879 2765 933 indicans
2795 876 3137 946 discrimen.)
3181 877 3248 930 Et
3289 890 3480 945 quem-

1912 969 2201 1023 admodum
2225 985 2389 1024 carne
2423 978 2652 1023 mortem
2685 978 2875 1038 sponte
2914 968 3188 1024 sustinens
3209 1010 3223 1033 ,
3260 968 3314 1022 in
3365 968 3477 1037 ipsa

1910 1058 2476 1128 incorruptibilitatem
2521 1059 2828 1128 plantavit:
2877 1058 2955 1115 sic
2986 1060 3150 1113 etiam
3203 1060 3482 1113 voluntate

1912 1147 2125 1202 timoris
2153 1148 2496 1217 tristitiaeque
2526 1149 2837 1218 passionem
2868 1148 3157 1203 admittens
3188 1188 3202 1212 ,
3235 1164 3328 1217 per
3360 1162 3479 1201 eam

1914 1238 2109 1293 insevit
2129 1240 2487 1293 constantiam
2513 1237 2991 1308 fortitudinemque
3016 1280 3032 1306 ,
3074 1255 3176 1309 qua
3204 1242 3482 1294 credentes

1914 1331 1968 1384 in
1992 1331 2193 1398 ipsum,
2221 1330 2285 1383 ad
2314 1331 2558 1401 martyrii
2606 1346 2801 1399 magna
2830 1331 3124 1385 certamina
3162 1332 3484 1384 corrobora-

1913 1422 2009 1476 vit.
2034 1419 2322 1490 Propterea
2353 1422 2515 1475 etiam
2550 1421 2782 1489 grummi
2826 1422 3040 1475 sudoris
3092 1422 3211 1491 ejus
3255 1431 3481 1488 stupen-

1913 1512 2043 1565 dum
2078 1511 2131 1565 in
2157 1512 2379 1565 modum
2413 1513 2569 1581 quasi
2603 1521 2767 1580 gutta:
2816 1514 3099 1584 sanguinis
3146 1511 3481 1578 deﬂuebant,

1915 1612 1975 1656 ut
2009 1613 2207 1656 nostrae
2245 1611 2451 1655 natura:
2482 1603 2887 1671 quodammodo
2911 1602 3204 1658 arefaceret
3220 1612 3272 1657 et
3303 1613 3487 1657 extru-

1914 1694 2063 1748 deret
2092 1694 2319 1763 ignaviae
2346 1692 2571 1750 fontem.
2596 1691 2729 1747 Nam
2768 1695 2811 1749 si
2845 1695 2947 1748 hoc
2984 1702 3241 1764 tanquam
3284 1704 3484 1765 myste-

1916 1782 1999 1835 rio
2022 1780 2223 1836 factum
2258 1798 2365 1837 non
2398 1783 2627 1849 fuisset;
2659 1801 2723 1838 ne
2754 1785 2797 1838 si
2834 1784 3052 1853 quidem
3098 1784 3487 1853 ignavissimus

244 1898 335 1945 τος
370 1858 634 1953 ὑπῆρχεν,
680 1858 1169 1954 αἵματος-ἔμελλεν
1227 1884 1427 1937 νοτίσιν
1474 1883 1532 1947 ἐξ
1578 1882 1815 1951 ἀγωνίας

1931 1874 2546 1944 meticulosissimusque
2595 1874 2825 1940 fuisset,
2885 1875 3165 1944 sanguinis
3211 1875 3370 1929 stillis
3423 1891 3489 1929 ex

248 1973 407 2043 μόνον
449 1975 640 2044 ῶσπερ
682 1977 906 2047 ίκμάσιν
954 1977 1176 2046 ἱδρῶτος
1216 1977 1362 2048 παρά
1409 1975 1569 2046 φύσιν
1625 1974 1816 2047 ὑγραί-

247 2066 456 2119 νεσθαι.

315 2155 564 2210 Τοιοῦτόν
611 2158 726 2210 ἐστι
768 2158 987 2211 κάκεῖνο
1027 2156 1087 2210 τὸ
1123 2157 1430 2229 εἰρημένον,
1463 2157 1538 2221 ὡς
1587 2156 1815 2225 ἄγγελος

244 2242 313 2319 ἦν
343 2248 700 2320 παρεστηκὼς
726 2248 801 2320 τῷ
828 2250 1062 2321 Σωτῆρι,
1095 2251 1187 2303 καὶ
1208 2250 1467 2321 ἐνισχύων
1490 2251 1678 2305 αὐτόν.
1707 2252 1818 2328 Καὶ

244 2340 404 2393 τοῦτο
426 2340 532 2412 γὰρ
573 2342 671 2411 τῆς
700 2343 827 2412 περὶ
868 2342 1014 2411 ἡμᾶς
1038 2342 1221 2394 ἕνεκεν
1265 2342 1577 2412 οἰκονομίας
1612 2344 1817 2414 ἐπράτ-

246 2446 388 2483 τετο.
403 2430 524 2484 Τῶν
549 2430 655 2502 γὰρ
680 2431 819 2502 ὑπὲρ
851 2432 1129 2494 εὐσεϐείας
1152 2430 1376 2499 ἀγώνων
1402 2434 1450 2484 oi
1481 2432 1660 2485 ἀθλεῖν
1691 2434 1817 2502 μέλ-

246 2518 430 2584 λοντες
463 2521 590 2583 τοὺς
618 2521 794 2591 ἱεροὺς
822 2521 1034 2583 ἄθλους,
1069 2521 1331 2589 ἀγγέλους
1355 2521 1413 2589 ἐξ
1450 2522 1677 2593 ούρανοῦ
1704 2527 1821 2576 ἐπι-

249 2611 574 2683 κουροῦντας
602 2613 783 2675 αὐτοῖς
805 2612 1005 2682 ἔχουσι.
1034 2614 1185 2684 Τάχα
1210 2613 1266 2667 δὲ
1294 2615 1355 2667 τό
1374 2630 1387 2644 ·
1422 2612 1633 2681 Πάτερ,
1673 2629 1821 2682 παρ-

249 2703 453 2771 ένεγκε
496 2702 561 2755 τὸ
608 2701 910 2770 ποτήριον,
963 2704 1060 2773 ούχ
1108 2703 1183 2765 ὡς
1231 2702 1413 2768 δεδιὼς
1456 2704 1547 2757 τὸν
1596 2704 1821 2787 θάναξον

249 2792 468 2863 ἔφησεν,
499 2792 613 2845 ἀλλ’
646 2792 733 2845 ἵνα
762 2792 848 2845 διὰ
879 2792 1079 2846 τούτων
1116 2792 1553 2865 προσκαλέσηται
1584 2792 1673 2845 τὸν
1700 2792 1820 2845 διά-

251 2883 406 2937 σολον
453 2883 620 2954 πῆξαι
667 2884 816 2954 αὐτῷ
864 2885 953 2937 τὸν
1001 2887 1246 2957 σταυρόν.
1309 2886 1543 2956 Ῥήμασι
1587 2884 1823 2956 δολεροῑς

250 2975 531 3046 ἠπάτησεν
570 2978 774 3038 ἐκεῖνος
824 2976 915 3029 τὸν
959 2977 1149 3047 Ἀδάμ·
1196 2977 1403 3047 ῥήμασι
1438 2974 1637 3037 θεῖκοῖς
1683 2976 1825 3027 ἀπα-

248 3066 471 3138 τηθήτω
500 3070 529 3121 6
564 3067 793 3140 δολερός.
832 3068 968 3120 Ἀλλ’
996 3069 1113 3121 οὐδὲ
1147 3069 1275 3122 ἄλλο
1306 3068 1517 3138 θέλημα
1546 3067 1638 3121 τοῦ
1670 3067 1821 3131 Υἱοῦ,

252 3160 346 3213 καὶ
371 3159 496 3213 ἄλλο
516 3160 609 3213 τοῦ
641 3161 872 3233 Πατρός.
911 3161 967 3212 'U
993 3161 1101 3230 γὰρ
1128 3161 1294 3213 θέλων
1326 3161 1354 3213 6
1389 3160 1534 3213 θέλει
1559 3161 1587 3211 6
1618 3159 1823 3230 Πατὴρ,

252 3250 565 3323 εὑρίσκεται
614 3252 751 3323 ἔχων
798 3254 857 3306 τὸ
902 3251 1114 3322 θέλημα
1153 3252 1247 3306 τοῦ
1296 3252 1528 3324 Πατρός.
1582 3252 1826 3322 Σχήματι

253 3339 345 3396 οὖν
376 3342 547 3411 λέγει,
570 3343 655 3413 μὴ
686 3344 751 3396 τὸ
784 3343 948 3412 ἐμὸν,
983 3344 1144 3397 ἀλλὰ
1172 3344 1236 3397 τὸ
1268 3345 1403 3397 σόν.
1440 3345 1513 3396 Οὐ
1541 3343 1651 3413 γάρ
1684 3342 1827 3396 θέλει

253 3436 388 3490 αὐτὸ
420 3436 838 3507 παρενεχθῆναι,
874 3437 1009 3490 ἀλλά
1039 3436 1115 3507 τῷ
1157 3437 1455 3507 βουλήματι
1485 3435 1579 3489 τοῦ
1619 3436 1829 3505 Πατρὸς

253 3529 568 3600 ἀναπέμπει
610 3530 671 3582 τὸ
698 3531 761 3581 ὲκ
793 3530 887 3582 τοῦ
919 3530 1123 3593 πάθους
1165 3528 1517 3600 κατόρθωμα,
1553 3528 1628 3591 ὡς
1657 3528 1829 3599 ἀρχὴν

255 3621 433 3692 τιμῶν
464 3621 554 3675 τὸν
580 3621 818 3693 Πατέρα.
850 3623 911 3674 Εἰ
947 3621 1055 3693 γὰρ
1090 3620 1315 3692 γνώμην
1347 3622 1444 3691 τὴν
1476 3621 1709 3673 διάθεσιν
1735 3637 1831 3673 κα-

174 3715 187 3723 ’
256 3711 440 3764 λοῦσιν
466 3713 513 3763 oi
548 3710 790 3781 Πατέρες
810 3728 823 3740 ·
848 3711 1052 3779 γίνεται
1085 3710 1141 3762 δὲ
1171 3710 1409 3773 διάθεσις
1445 3709 1579 3780 πρὸς
1606 3708 1668 3760 τὸ
1700 3726 1832 3779 κρυ-

260 3804 352 3857 ϐὲν
396 3804 679 3875 ἐμφρόνως
723 3803 798 3866 ὼς
850 3802 956 3855 ἀπὸ
999 3803 1096 3872 τῆς
1149 3801 1508 3872 βουλεύσεως·
1548 3800 1665 3865 πῶς
1702 3802 1831 3869 φασί

258 3913 404 3959 τινες
427 3897 515 3949 τὸν
544 3896 767 3967 Κύριον,
801 3894 890 3947 τὸν
911 3894 1051 3964 ὑπὲρ
1075 3894 1249 3947 ταῦτα
1276 3896 1473 3957 πάντα,
1506 3893 1715 3963 θέλημα
1740 3894 1833 3962 φέ-

264 4006 379 4064 ρειν
404 3990 707 4059 γνωμικόν;
738 3988 770 4058 ἦ
796 3988 974 4059 δῆλον,
1011 3985 1067 4053 ἐξ
1101 3986 1342 4055 ἀλογίας.

331 4083 481 4152 Στιχ.
533 4086 633 4153 με’.
670 4080 778 4134 Καὶ
829 4080 1098 4146 ἀναστὰς
1146 4079 1263 4133 ἀπὸ
1311 4078 1421 4146 τῆς
1467 4076 1831 4147 προσευχῆς,

263 4175 457 4231 ἐλθὼν
483 4174 633 4243 πρὸς
666 4173 805 4239 τοὺς
843 4173 1133 4243 μαθητὰς,
1168 4168 1347 4241 εὗρεν
1374 4171 1595 4238 αὐτοὺς
1622 4189 1833 4240 κοιμω-

257 4266 481 4336 μένους
508 4266 625 4320 ἀπὸ
652 4264 762 4331 τῆς
799 4266 1019 4330 λύπης.

336 4360 485 4429 Στιχ.
543 4364 656 4429 μςα
708 4357 817 4411 Καὶ
866 4352 1037 4409 εἶπεν
1082 4357 1317 4422 αὐτοῖς·
1369 4356 1431 4410 Τί
1483 4354 1835 4417 καθεύδετε;

262 4446 636 4514 ἀναστάντες
677 4447 1109 4515 προσεύχεσθε,
1145 4447 1246 4498 ἵνα
1267 4444 1354 4515 μὴ
1390 4445 1701 4513 εἰσέλθητε
1748 4448 1836 4510 εἰς

264 4541 617 4609 πειρασμόν.

1922 1966 2117 2036 agonia
2149 1966 2411 2019 duntaxat
2440 2006 2454 2030 ,
2509 1975 2764 2035 tanquam
2796 1968 2960 2034 guttis
2991 1967 3208 2022 sudoris
3234 2007 3249 2031 ,
3300 1976 3490 2022 contra

1923 2064 2171 2110 naturam
2208 2054 2612 2125 perfundendus
2645 2054 2855 2109 luisset.

1994 2146 2124 2205 Tale
2151 2156 2232 2202 est
2260 2157 2312 2201 et
2338 2147 2468 2201 illud
2498 2146 2645 2216 quod
2674 2147 2904 2212 dicitur,
2949 2148 3074 2218 quia
3106 2150 3331 2216 angelus
3362 2150 3494 2203 asti-

1926 2247 2064 2293 terat
2112 2236 2379 2291 Salvatori
2407 2278 2420 2302 ,
2468 2246 2523 2291 et
2562 2236 2904 2291 confortabat
2949 2255 3095 2293 eum.
3135 2239 3306 2293 Etiam
3350 2241 3491 2293 istud

1926 2332 2068 2385 enim
2102 2330 2526 2399 dispensationis
2558 2342 2755 2385 nostra:
2789 2331 2958 2399 gratia
3000 2332 3181 2385 ﬁebat.
3218 2331 3319 2397 Qui
3348 2333 3493 2386 enini

1925 2438 2024 2492 pro
2056 2423 2316 2493 religione
2345 2422 2578 2478 subituri
2616 2430 2743 2476 sunt
2772 2424 2927 2492 quasi
2946 2438 3099 2477 sacra
3130 2440 3360 2492 agonum
3378 2439 3495 2477 cer-

1928 2515 2152 2581 tamina,
2182 2514 2401 2585 angelos
2435 2514 2634 2567 habent
2663 2515 2727 2568 de
2748 2515 2885 2569 caelo
2910 2530 3063 2583 opem
3084 2514 3319 2569 ferentes
3340 2516 3491 2585 ipsis.

1928 2604 2105 2660 Facile
2132 2607 2295 2661 etiam
2322 2607 2451 2661 illud
2483 2625 2495 2660 :
2532 2605 2727 2671 Pater,
2759 2610 2990 2676 transler
3029 2608 3242 2660 calicem
3273 2610 3317 2639 ²⁹
3337 2650 3351 2674 ,
3384 2622 3493 2661 non

1928 2706 2186 2768 tanquam
2221 2708 2467 2752 metuens
2494 2707 2721 2752 mortem
2749 2699 2900 2763 dixit,
2926 2699 3017 2753 sed
3042 2708 3098 2751 ut
3121 2714 3213 2767 per
3235 2700 3346 2753 lucc
3370 2715 3495 2770 pro-

1928 2800 2149 2845 voearet
2180 2791 2451 2845 diabolum
2479 2831 2493 2855 ,
2524 2802 2584 2844 ut
2627 2792 2810 2860 figeret
2863 2791 2966 2846 sibi
3006 2806 3242 2845 crucem.
3308 2790 3495 2846 Verbis

1929 2882 2135 2937 dolosis
2162 2881 2350 2936 fefellit
2381 2883 2469 2937 ille
2496 2883 2667 2935 Adam
2704 2902 2717 2936 :
2757 2884 2934 2937 verbis
2972 2884 3168 2939 divinis
3198 2884 3498 2954 decipiatur

1931 2973 2325 3028 fraudulentus.
2358 2973 2462 3027 Sed
2486 2988 2592 3025 non
2622 2982 2705 3027 est
2734 2975 2837 3028 alia
2860 2975 3111 3029 voluntas
3142 2974 3286 3039 Filii,
3312 2986 3365 3030 et
3392 2978 3497 3033 alia

1931 3064 2128 3120 Patris.
2156 3064 2261 3130 Qui
2294 3066 2438 3119 enim
2493 3064 2609 3117 vult
2656 3064 2797 3133 quod
2831 3066 2944 3119 vult
2978 3064 3137 3119 Pater
3162 3108 3177 3130 ,
3228 3067 3498 3120 invenitur

1934 3159 2133 3213 habere
2161 3158 2491 3211 voluntatem
2526 3156 2718 3211 Patris.
2746 3156 2849 3211 Per
2875 3159 3096 3226 figuram
3128 3158 3290 3228 igitur
3332 3160 3496 3226 dicit,

1931 3266 2033 3304 non
2063 3266 2197 3314 mea,
2225 3248 2312 3303 sed
2351 3259 2477 3313 tua;
2517 3264 2623 3302 non
2650 3250 2792 3302 enim
2812 3250 3162 3303 vultcalieem
3190 3250 3494 3318 transferri,

1930 3344 2023 3398 sed
2052 3342 2315 3396 voluntati
2348 3340 2523 3395 Patris
2555 3341 2724 3395 defert
2767 3341 3061 3411 perfectum
3090 3344 3359 3411 passionis
3410 3342 3499 3396 nf-

1930 3435 2134 3501 ﬁcium,
2168 3443 2428 3502 tanquam
2483 3434 2809 3502 principium
2858 3432 3071 3487 Patrem
3106 3434 3398 3488 bonoraus.
3439 3435 3497 3489 Si

1930 3523 2074 3577 enim
2107 3521 2426 3575 sententiam
2471 3530 2667 3574 vocant
2698 3521 2885 3575 Patres
2922 3522 3087 3575 animi
3114 3521 3449 3576 affectionem
3479 3563 3497 3589 ,

1931 3618 2196 3688 contingit
2226 3631 2353 3671 vero
2388 3615 2600 3671 affectio
2628 3617 2693 3671 ad
2728 3618 2779 3671 id
2803 3618 2945 3687 quod
2970 3617 3239 3671 occultum
3270 3624 3353 3668 est
3376 3632 3500 3684 pru-

1931 3710 2120 3764 denter
2155 3719 2411 3779 tanquam
2458 3723 2486 3761 a
2522 3709 2751 3762 consilio
2781 3729 2793 3763 :
2849 3710 3122 3780 quomodo
3153 3709 3343 3762 dicunt
3376 3711 3499 3777 qui-
3606 3736 3611 3741 ο

1932 3802 2055 3856 dam
2090 3800 2380 3855 Dominum
2407 3802 2499 3870 qui
2534 3816 2698 3871 super
2720 3802 2834 3856 haec
2875 3802 3055 3855 omnia
3083 3810 3166 3855 est
3193 3842 3208 3867 ,
3252 3803 3503 3853 volunta-

1934 3904 2041 3949 tem
2075 3893 2215 3948 ferre
2238 3896 2624 3949 sententiosam
2649 3895 2672 3947 ?
2694 3893 2869 3957 Certe,
2889 3905 2947 3948 ut
2973 3904 3137 3963 patet,
3174 3910 3239 3948 ex
3274 3896 3503 3949 rationis

1933 3984 2166 4042 defectu.

2004 4076 2069 4132 γ.
2102 4079 2189 4133 45.
2221 4078 2290 4132 Et
2322 4095 2536 4149 surgens
2570 4079 2633 4131 ab
2670 4078 2929 4139 oratione,
2967 4080 3171 4131 veniens
3220 4077 3288 4129 ad
3337 4075 3500 4129 disci-

1933 4168 2104 4236 pulos,
2138 4168 2329 4221 invenit
2355 4184 2439 4221 eos
2469 4168 2785 4220 dormientes
2819 4184 2848 4218 a
2875 4168 3117 4219 tristitia.

2006 4343 2072 4399 ν.
2110 4345 2199 4400 46.
2240 4345 2308 4399 Et
2358 4345 2492 4399 dixit
2529 4346 2645 4399 eis:
2705 4343 2846 4408 Quid
2901 4344 3185 4399 dormitis?
3234 4351 3509 4413 surgentes.

1936 4448 2102 4505 orate,
2140 4447 2195 4491 ut
2227 4454 2329 4490 non
2358 4437 2565 4489 intretis
2602 4437 2658 4489 in
2697 4438 3055 4490 tentationem.

334 4583 443 4685 Ῑῖαὶ
480 4583 592 4702 γὰρ
623 4629 901 4693 ἀδύνατον,
942 4629 1171 4699 μάλιστα
1221 4628 1319 4698 μὲν
1363 4630 1491 4691 ἴσως
1532 4629 1692 4681 παντὶ¹
1736 4629 1823 4679 ἀν-

2005 4612 2343 4683 lmpossibile
2372 4611 2519 4695 enim
2563 4620 2678 4673 est,
2732 4610 3032 4678 praesertim
3082 4608 3316 4662 fortasse
3356 4608 3505 4659 «nulli

264 4721 486 4795 ορώπῳ,
512 4724 574 4775 τὸ
607 4720 882 4783 παντελῶς
906 4721 1162 4789 ἄγευστον
1183 4718 1419 4789 χαλεποῦ
1445 4737 1585 4783 τινος
1611 4719 1827 4789 διαμεῖ-

265 4831 389 4868 ναιο
435 4814 618 4878 Ὅλος
650 4813 778 4883 γὰρ,
816 4812 1000 4882 φησὶν,
1046 4814 1079 4864 ό
1126 4813 1353 4878 κόσμος
1385 4810 1453 4861 ὲν
1484 4808 1563 4875 τῷ
1596 4808 1835 4876 πονηρῷ

266 4904 448 4960 κεῖται
464 4922 479 4935 ο
512 4905 625 4958 καί·
659 4904 728 4957 Τὸ
755 4902 945 4957 πλέον
965 4900 1081 4955 τῶν
1118 4900 1349 4969 ἡμερῶν
1369 4900 1475 4953 τοῦ
1499 4898 1833 4967 ἀνθρώπου,

266 5000 455 5062 κόπος
474 4998 567 5049 καὶ
600 4997 803 5061 πόνος.
846 4994 1003 5047 Ἀλλά
1022 4994 1070 5046 τί
1088 4994 1408 5064 διενήνοχεν,
1437 4994 1563 5055 ἴσως
1593 4994 1755 5061 ἐρεῖς,
1779 4992 1839 5043 τὸ

266 5087 592 5158 πειραθῆναι
619 5086 713 5139 καὶ
725 5086 786 5138 τὸ
807 5088 884 5148 είς
901 5085 1200 5155 πειρασμὸν
1222 5086 1497 5155 ἐμπεσεῖν,
1530 5084 1646 5153 ἦτοι
1667 5083 1838 5135 εἰσελ-

269 5178 422 5244 θείν;
466 5180 525 5231 '0
557 5178 654 5249 μὲν
688 5179 794 5250 γὰρ
826 5178 1078 5248 ἡττηθεὶς
1112 5177 1217 5229 ὑπὸ
1259 5177 1350 5230 τοῦ
1380 5174 1633 5246 πονηροῦο
1669 5176 1836 5246 ἡττη-

270 5272 493 5341 θήσεται
516 5272 571 5324 δὲ
599 5270 756 5342 εἴπερ
801 5271 873 5341 μὴ
903 5269 1240 5338 ἀγωνίζοιτο,
1277 5267 1637 5339 ύπερασπίζει
1660 5268 1715 5320 δὲ
1740 5268 1836 5320 αύ-

268 5363 362 5416 τοῦ
399 5364 492 5416 καὶ
519 5366 547 5416 6
579 5362 728 5426 Θεός·
760 5365 838 5426 εἰς
870 5362 1170 5433 πειρασμὸν
1199 5360 1432 5430 εἰσῆλθε,
1470 5362 1563 5413 καὶ
1601 5360 1746 5413 ἐστιν
1778 5361 1836 5412 ὲν

269 5453 439 5523 αὐτῷ,
471 5454 563 5507 καὶ
591 5454 680 5506 ὑπ’
722 5453 902 5515 αὑτὸν,
936 5451 1124 5521 ῶσπερ
1158 5452 1343 5521 ἀχθεὶς
1370 5451 1731 5520 αἰχμάλωτος.
1773 5449 1833 5502 'U

1940 4708 2179 4769 homini,
2223 4720 2440 4759 manere
2498 4719 2723 4772 prorsus
2776 4703 3113 4770 inexpertum
3149 4702 3225 4754 rei
3276 4701 3507 4767 alicujus

1941 4798 2293 4854 molestioris.
2321 4794 2481 4850 Totus
2509 4796 2680 4860 enim,
2706 4795 2801 4859 ait,
2827 4794 3053 4846 mundus
3083 4794 3139 4845 in
3170 4793 3399 4861 maligno
3420 4807 3509 4859 po-

1941 4892 2075 4944 situs
2103 4898 2180 4943 est
2212 4890 2258 4920 ³⁰
2292 4906 2306 4955 ;
2342 4895 2396 4942 et
2422 4906 2435 4940 :
2473 4886 2609 4940 Pars
2640 4886 2877 4938 maxima
2916 4886 3120 4939 dierum
3150 4886 3376 4938 hominis
3426 4884 3500 4938 la-

1945 4984 2039 5034 bor
2058 4989 2106 5033 et
2133 4978 2371 5031 molestia
2397 4978 2462 5030 ³¹.
2496 4976 2564 5030 At
2599 4976 2749 5030 dices
2781 4974 3034 5038 fortasse,
3074 4973 3213 5039 Quid
3255 4973 3509 5028 dilferunt

1938 5072 2158 5135 tentari,
2193 5080 2247 5126 et
2269 5071 2323 5123 in
2352 5070 2706 5123 tentationem
2739 5068 2977 5122 incidere
3007 5068 3091 5121 vel
3122 5066 3374 5136 ingredi?
3403 5065 3508 5131 Qui

1941 5167 2116 5219 victus
2138 5173 2221 5218 est
2248 5179 2276 5216 a
2304 5163 2542 5231 maligno
2569 5177 2584 5227 ;
2620 5162 2869 5214 vincetur
2915 5168 3095 5213 autem
3127 5199 3142 5224 ,
3178 5159 3223 5213 si
3266 5173 3371 5212 non
3410 5174 3510 5227 pu-

1942 5268 2086 5329 gnet,
2113 5267 2166 5312 et
2187 5263 2430 5325 protegat
2458 5268 2583 5307 eum
2616 5250 2795 5313 Deus;
2833 5251 2879 5305 is
2934 5251 2986 5304 in
3041 5250 3392 5304 tentationem
3431 5240 3526 5301 in-'

1941 5350 2091 5415 cidit,
2117 5358 2169 5403 et
2199 5350 2253 5401 in
2288 5347 2636 5402 tentationem
2672 5344 2915 5409 intravit,
2950 5350 3005 5397 et
3033 5351 3114 5396 est
3137 5342 3191 5395 in
3213 5356 3297 5404 ea,
3330 5348 3383 5393 et
3407 5339 3509 5393 sub

1943 5442 2081 5513 ipsa,
2106 5449 2364 5509 tanquam
2406 5439 2603 5493 ductus
2636 5435 2900 5507 captivus.
2953 5435 3021 5487 At
3056 5432 3148 5501 qui
3208 5429 3412 5485 resistit
3453 5436 3510 5483 et

352 5611 587 5668 "Marc.
627 5613 861 5679 xrv,‘56.
932 5614 1397 5678 “lJoan.v,19.
1478 5616 1517 5645 ³²
1566 5614 1767 5668 Psalm.
1820 5627 2055 5675 LXXXIX,
2109 5608 2195 5662 10.

344 5749 456 5822 (ιϐ)
491 5749 621 5815 Qua:
652 5760 667 5820 (
710 5752 727 5822 )
762 5751 1104 5821 inclusimus,
1134 5754 1295 5808 verba
1334 5754 1604 5809 habentur
1648 5767 1835 5811 aucto-

274 5821 347 5876 ris
377 5821 612 5875 Catenae.

2016 5752 2061 5823 (Ι
2077 5751 2127 5823 ἶ)
2155 5749 2312 5803 Forte
2350 5744 2570 5809 δειλίας.

2016 5822 2126 5893 (l8)
2169 5823 2251 5876 Et.
