3922 6472
488 342 511 399 ί
525 342 629 402 335

1395 344 1749 415 fADDENDA.
1790 377 1857 385 —
1893 343 1949 397 S.
1994 340 2290 397 DIONYSII
2332 336 2797 395 ALEXANDRINI

3612 336 3629 387 l
3650 338 3739 391 396

485 465 739 532 sustinet,
772 473 1009 522 tentatur
1038 466 1127 523 ille
1159 466 1376 536 quidem
1402 506 1415 531 ,
1451 483 1559 522 non
1588 478 1767 523 tamen
1796 468 1850 521 in
1881 475 2040 521 tenta-

2158 463 2212 517 δὲ
2252 463 2521 534 ἀντισχὼν
2561 463 2653 515 καὶ
2686 458 3003 531 ὑπομείνας,
3037 458 3291 532 πειρᾶται
3327 456 3425 528 μὲν
3462 450 3645 521 οὗτος,
3682 458 3736 509 οὐ

486 555 685 611 tionem
712 557 934 613 intravit
964 559 1047 614 vel
1078 559 1287 614 incidit.
1323 559 1576 615 Elevatus
1616 568 1701 614 est
1729 558 1873 614 enim
1895 557 2054 614 Iesus

484 661 514 700 a
543 646 769 717 spiritu,
802 664 912 704 non
943 660 1003 704 ut
1052 651 1105 704 in
1161 652 1511 707 tentationem
1562 651 1825 718 intraret,
1867 650 1962 706 sed
1996 658 2054 703 ut

485 748 773 793 tentaretur
800 757 833 793 ιι
858 741 1070 796 diabolo
1101 744 1166 797 ³³.
1192 741 1302 798 Nec
1328 743 1603 798 Abraham
1629 743 2053 798 intentationem

484 830 731 897 intravit,
749 832 842 887 sed
866 848 1042 904 neque
1059 834 1112 888 in
1138 836 1486 911 tentationem
1511 836 1723 890 induxit
1744 851 1866 890 eum
1889 836 2050 898 Deus,

483 920 572 973 sed
593 922 851 988 tentavit;
884 936 991 977 non
1016 924 1231 994 impulit
1249 939 1429 980 autem
1456 942 1581 981 eum
1599 928 1653 980 in
1672 926 2050 981 tentationem.

482 1004 625 1074 Quin
656 1019 711 1065 et
739 1009 1005 1068 Dominus
1032 1012 1146 1082 ipse
1176 1015 1415 1070 tentabat
1440 1015 1754 1085 discipulos.
1785 1014 2052 1084 Malignus

482 1110 722 1171 tentans,
755 1104 810 1158 in
840 1105 1163 1161 tentationes
1188 1109 1431 1174 attrahit,
1458 1108 1657 1178 quippe
1674 1116 1907 1163 tentator
1931 1123 2049 1161 ma-

480 1194 677 1248 lorum.
704 1194 846 1252 Deus
867 1212 997 1252 vero
1028 1206 1267 1263 tentans,
1306 1200 1634 1255 teutationes
1671 1199 1830 1253 aﬂ‘ert
1870 1207 1928 1252 ut
1960 1197 2048 1251 in—

481 1288 755 1344 tentabilis
783 1290 1070 1345 malorum.
1104 1291 1245 1345 Deus
1274 1292 1443 1355 enim,
1482 1292 1692 1361 inquit,
1722 1288 2051 1344 intentabilis

478 1390 557 1433 est
590 1382 848 1436 malomm
885 1384 949 1437 ³³.
975 1384 1236 1442 Diabolus
1262 1387 1318 1441 in
1351 1387 1629 1441 interitum
1680 1385 1901 1439 trahens
1938 1384 2047 1439 vim

481 1472 702 1528 adhibet
731 1492 743 1528 :
777 1483 832 1529 at
864 1474 1006 1530 Deus
1041 1477 1093 1530 in
1119 1478 1297 1533 salute
1325 1492 1585 1532 exercens
1615 1474 1959 1531 manudueit.

551 1735 613 1787 V.
642 1737 729 1790 47.
765 1738 949 1793 Adhuc
975 1756 1033 1794 eo
1064 1741 1303 1811 loquente
1324 1782 1338 1807 ,
1369 1758 1482 1795 ecce
1514 1744 1690 1805 turba,
1721 1752 1769 1795 et
1819 1744 1908 1814 qui
1966 1744 2051 1797 di-

2158 555 2265 627 μὴν
2297 556 2377 619 είς
2404 553 2711 627 πειρασμὸν
2733 552 3002 622 εἰσῆλθεν,
3027 552 3146 623 ἦτοι
3180 551 3460 603 ἐνέπεσεν.
3503 548 3736 619 Ἀνήχθη

2154 646 2260 716 γάρ
2287 649 2316 700 ὁ
2352 645 2561 716 Ἰησοῦς
2582 644 2686 697 ὑπὸ
2712 642 2804 697 τοῦ
2837 642 3165 713 πνεύματος,
3192 642 3289 695 οὐκ
3322 643 3403 705 εἰς
3436 639 3738 710 πειρασμὸν

2155 738 2436 802 εἰσελθεῖν,
2466 736 2600 791 ἀλλὰ
2628 734 2977 804 πειραθῆναι
3008 734 3125 789 ὑπὸ
3160 734 3266 788 τοῦ
3293 733 3607 787 διαϐόλου.
3636 732 3738 785 Kal

2153 830 2182 881 ὁ
2228 828 2480 900 Ἀϐραὰμ
2517 828 2619 881 οὐκ
2643 828 2724 890 εἰς
2746 824 3050 898 πειρασμὸν
3076 823 3343 895 εἰσῆλθεν,
3374 822 3493 876 ἀλλ’
3518 822 3644 875 οὐδὲ
3666 824 3738 883 εἰς

2155 920 2460 992 πειρασμὸν
2492 919 2658 974 αὐτὸν
2697 914 2831 988 ἦγεν
2874 919 2903 971 ὁ
2931 917 3085 981 Θεὸς,
3113 916 3247 970 ἀλλὰ
3278 915 3600 988 ἐπείραζενο
3644 915 3736 967 οὐκ

2153 1010 2372 1065 ἐνέϐαλε
2398 1009 2454 1063 δὲ
2488 1009 2649 1063 αὐτὸν
2684 1011 2765 1072 εἰς
2797 1005 3122 1079 πειρασμόν.
3152 1006 3264 1058 Καὶ
3285 1005 3451 1067 αὐτὸς
3481 1004 3542 1057 δὲ
3566 1007 3595 1057 ὁ
3628 1004 3733 1057 K6-

2158 1090 2287 1173 ριος
2314 1101 2573 1172 ὲπείραζε
2605 1100 2730 1164 τοὺς
2777 1099 3041 1170 μαθητάς.
3099 1098 3157 1150 Ὁ
3203 1097 3301 1168 μὲν
3344 1097 3456 1167 γὰρ
3509 1084 3735 1167 πονηρὸς

2154 1192 2428 1264 πειράζων
2459 1193 2540 1255 είς
2566 1191 2690 1255 τοὺς
2726 1190 3064 1262 πειρασμοὺς
3096 1188 3372 1251 καθέλκει,
3410 1184 3506 1241 οἶα
3549 1205 3736 1259 πειρα-

2156 1284 2286 1357 στὴς
2315 1282 2524 1338 κακῶν.
2576 1284 2636 1336 Ὁ
2671 1282 2728 1335 δὲ
2762 1282 2895 1346 Θεὸς
2936 1282 3210 1354 πειράζων
3235 1284 3360 1345 τούς
3398 1283 3736 1352 πειρασμοίις

2156 1377 2461 1450 περιφέρει,
2479 1376 2555 1440 ὡς
2572 1376 2899 1447 ἀπείραστος
2920 1374 3121 1429 κακῶν.
3158 1376 3223 1428 '0
3240 1374 3347 1445 γὰρ
3367 1374 3544 1440 Θεὸς,
3559 1373 3737 1443 φηέιν,

2154 1470 2519 1538 ἀπείραστός
2560 1468 2694 1524 ἐστι
2734 1465 2951 1521 κακῶν.
2994 1468 3049 1520 '0
3082 1468 3180 1538 μὲν
3223 1467 3333 1536 γάρ
3375 1466 3633 1529 διάϐολος
3661 1467 3738 1518 ἐπ’

2151 1561 2373 1633 ὄλεθρον
2401 1561 2580 1615 ’έλκων
2606 1559 2875 1631 βιάζεται,
2902 1560 2931 1611 ὁ
2956 1558 3013 1611 δὲ
3040 1559 3173 1621 Θεὸς
3198 1559 3290 1611 ἐπὶ
3325 1558 3619 1628 σωτηρίας
3649 1574 3739 1626 γυ-

2156 1652 2373 1725 μνάζων
2407 1672 2490 1726 χει
2497 1654 2756 1726 ραγωγεί.

2224 1745 2373 1815 Στιχ.
2415 1742 2523 1814 μςη
2566 1744 2695 1796 Ἔτι
2735 1739 2924 1796 αὑτοῦ
2960 1740 3321 1807 λαλοῦντος,
3374 1740 3512 1794 ἰδοὺ
3544 1741 3741 1809 ὄχλος,

476 1829 694 1883 cebatur
715 1829 909 1896 ludas,
934 1849 1068 1886 unus
1096 1833 1159 1886 de
1185 1833 1487 1901 duodecim,
1519 1837 1737 1889 accessit
1767 1836 1835 1889 ad
1863 1853 1969 1901 eos,
2001 1850 2040 1890 et

2154 1839 2251 1893 καὶ
2282 1841 2315 1892 ὁ
2345 1839 2671 1908 λεγόμενος
2714 1835 2964 1901 Ἰούδας,
2989 1831 3080 1901 εἷς
3120 1834 3238 1889 τῶν
3270 1835 3531 1901 δώδεκα,
3565 1854 3742 1903 zma-

476 1922 908 1990 appropinquavit
933 1922 1081 1985 Jesu,
1112 1923 1354 1978 osculans
1382 1941 1518 1980 eum.

549 2096 609 2152 V.
635 2099 724 2154 48.
752 2097 909 2153 Jesus
940 2116 1058 2154 vero
1085 2101 1161 2153 ait
1206 2100 1332 2154 illi:
1381 2100 1529 2154 Iuda
1550 2143 1564 2168 ,
1618 2102 1798 2156 osculo
1846 2102 2048 2157 Filium

474 2191 701 2245 hominis
731 2192 899 2245 tradis
924 2194 949 2245 ?

543 2281 588 2337 Ο
638 2282 981 2337 tolerantiam
1027 2283 1261 2351 Domini,
1291 2284 1383 2355 qui
1417 2296 1473 2340 et
1498 2286 1779 2341 osculatus
1808 2295 1891 2342 est
1919 2301 2047 2357 pro-

472 2376 724 2441 ditorem,
749 2386 798 2430 et
828 2376 1016 2431 osculo
1037 2377 1259 2432 meliora
1285 2379 1509 2447 protulit
1528 2378 1724 2433 verba!
1758 2377 1875 2432 Non
1901 2378 2045 2434 enim

470 2466 602 2521 dixit
636 2486 649 2521 :
681 2466 724 2522 Ο
745 2467 990 2532 sceleste,
1017 2478 1071 2522 et
1094 2469 1497 2535 seclcstissime,
1523 2481 1575 2525 et
1603 2471 1846 2539 proditor
1874 2472 1886 2524 !
1921 2472 2049 2526 has-

470 2559 594 2615 cine
632 2560 791 2618 nobis
825 2560 971 2616 vices
1008 2562 1258 2631 rependis
1282 2562 1414 2616 tanti
1447 2563 1738 2617 beneficii?
1775 2563 1880 2619 Sed
1910 2580 2050 2633 quo-

470 2651 635 2706 modo
663 2651 785 2705 ait?
814 2652 981 2717 Juda,
1009 2653 1287 2722 proprium
1318 2669 1513 2708 nomen
1548 2671 1820 2723 usurpans
1846 2695 1861 2720 ,
1901 2657 2046 2726 quod

469 2744 786 2799 miserantis
814 2754 930 2799 erat
958 2744 1137 2814 potius
1162 2758 1215 2799 et
1243 2747 1573 2810 revocantis,
1598 2762 1759 2816 quam
1814 2762 2044 2802 succen-

469 2837 659 2893 sentis.
688 2835 753 2890 Et
787 2853 894 2891 non
922 2837 1058 2890 dixit
1089 2855 1101 2889 :
1138 2836 1456 2907 Magistrum
1487 2848 1638 2891 tuum
1664 2880 1679 2899 ,
1710 2837 1999 2893 Dominum
2027 2881 2042 2907 ,

468 2927 892 2995 benefactorctn,
930 2929 1047 2987 sed.
1082 2928 1280 2983 Filium
1308 2929 1548 2984 hominis
1574 2970 1589 2995 ,
1634 2930 1686 2984 id
1719 2940 1803 2985 est
1828 2973 1843 2997 ,
1889 2946 2045 2985 man-

470 3032 709 3089 Iuctum,
740 3023 921 3076 mitem
948 3040 962 3076 :
990 3022 1035 3077 si
1058 3022 1203 3078 enim
1238 3022 1500 3092 magister
1530 3038 1637 3077 nou
1670 3021 1917 3089 fuissem,
1944 3039 2045 3079 nec

469 3111 755 3178 Dominus,
791 3130 890 3169 nec
930 3113 1283 3179 hencfaetor;
1321 3114 1596 3170 hominem
1642 3125 1749 3171 tam
1792 3118 2037 3181 sincere,

474 3212 581 3257 tam
613 3215 896 3259 mansuete
924 3220 1051 3275 erga
1078 3214 1128 3259 te
1162 3205 1438 3272 allectum,
1463 3216 1523 3261 ut
1551 3209 1605 3261 in
1638 3217 1881 3278 tempore
1917 3225 2043 3279 pro—

470 3296 697 3351 ditionis
731 3307 782 3351 te
814 3299 931 3367 ipse
961 3298 1239 3353 osculatus
1265 3298 1483 3366 fuerim,
1544 3310 1599 3355 et
1650 3302 1869 3371 quidem
1915 3318 2041 3358 cum

469 3372 720 3443 osculum
779 3389 1083 3459 symbolum
1130 3391 1454 3459 proditionis
1504 3402 1681 3457 esset,
1726 3393 1906 3459 hunc,
1961 3394 2044 3448 in-

471 3495 661 3551 quam,
682 3480 904 3550 prodis?
927 3480 1250 3538 Benedictus
1277 3498 1358 3549 es,
1383 3484 1640 3540 Domine!
1672 3493 1887 3554 quantm
1904 3486 2043 3540 tole-

466 3572 676 3639 rantite,
708 3583 924 3643 quanta:
957 3574 1280 3631 humilitatis
1309 3577 1619 3646 exemplum
1657 3577 1816 3632 nobis
1848 3576 2037 3633 fuisti!

467 3664 599 3734 quin
614 3673 823 3720 etutne
848 3665 1165 3722 deseramus
1195 3669 1481 3723 consilium
1509 3684 1635 3739 erga
1668 3667 1885 3733 fratres,
1905 3677 2044 3723 tam-

468 3758 569 3815 etsi
620 3758 755 3811 nihil
786 3760 1020 3828 amplius
1075 3776 1142 3814 ex
1166 3761 1370 3816 nostris
1402 3761 1588 3815 verbis
1606 3761 1904 3832 contingat,
1937 3762 2041 3818 hoc

468 3847 647 3918 ipsum
677 3849 953 3919 exemplar
981 3849 1150 3904 edidit
1172 3848 1459 3907 Dominus.

538 4022 1008 4089 Quemadmodum
1034 4026 1177 4081 enim
1212 4027 1437 4082 vulnera
1467 4027 1793 4084 incurabilia
1814 4069 1831 4095 ,
1866 4045 2041 4101 neque

466 4117 866 4173 austerioribus
895 4119 1228 4188 pharmaeis,
1255 4135 1433 4190 neque
1464 4121 1804 4177 dulcioribus
1855 4123 2039 4178 sanari

464 4224 698 4286 possunt
728 4234 740 4269 :
771 4217 846 4270 ita
878 4217 1043 4271 etiam
1074 4217 1277 4284 anima,
1310 4218 1402 4272 ubi
1430 4219 1598 4273 semel
1624 4219 1890 4288 eaptivata
1924 4219 2040 4274 fue-

467 4308 560 4371 rit,
616 4308 961 4378 seipsamque
1007 4310 1290 4364 tradiderit
1324 4312 1632 4381 cuicunque
1658 4311 1862 4381 ﬂagitio
1889 4352 1904 4378 ,
1941 4328 2042 4367 nec

465 4400 595 4454 velit
616 4401 759 4469 quod
790 4401 891 4454 sibi
928 4401 1101 4470 prosit
1157 4404 1471 4471 attendere;
1525 4404 1775 4473 quamvis
1830 4404 2039 4460 inﬁnita

2151 1931 2368 2001 ήρχετο
2412 1929 2653 1995 αὐτοὺς,
2689 1928 2783 1981 καὶ
2825 1927 3035 1999 ἥγτισε
3078 1927 3156 1993 τῷ
3206 1928 3438 1993 Ἰησοῦ,
3474 1929 3743 1997 φιλήσας

2151 2023 2356 2078 αὐτόν.

2221 2117 2370 2186 Στιχ.
2412 2122 2520 2186 μη¹.
2581 2115 2642 2167 Ὃ
2674 2113 2742 2167 δὲ
2801 2113 3038 2181 Ἰησοῦς
3082 2109 3251 2167 εἶπεν
3287 2113 3474 2179 αὐτῷ’
3526 2115 3743 2176 Ἰούδα,

2150 2208 2437 2278 φιλήματι
2466 2206 2572 2261 τόν
2613 2206 2749 2260 Υἱὸν
2774 2206 2879 2260 τοῦ
2904 2204 3216 2275 ἀνθρώπου
3245 2206 3633 2275 παραδίδως;

2222 2298 2395 2352 Βαϐαὶ
2419 2298 2519 2368 τῆς
2553 2296 2903 2361 ἀνεξικακίας
2924 2296 3015 2349 τοῦ
3050 2296 3341 2361 Δεσπότου,
3380 2297 3484 2350 τοῦ
3519 2300 3624 2351 καὶ
3659 2316 3743 2367 ᾳ-

2150 2391 2414 2462 λήσαντος
2440 2392 2531 2445 τὸν
2572 2391 2854 2461 προδότην,
2894 2390 2985 2444 καὶ
3026 2389 3118 2443 τοῦ
3169 2389 3481 2461 φιλήματος
3516 2391 3745 2445 ἁπαλώ-

2148 2500 2281 2555 τερα
2316 2485 2537 2555 ῥήματα
2562 2483 2939 2555 φθεγξαμένου
2966 2485 2978 2537 !
3015 2484 3087 2538 Οὐ
3122 2483 3231 2554 γὰρ
3264 2480 3439 2537 εἶπεν·
3469 2480 3543 2536 Ὦ
3581 2486 3743 2555 μιαρὲ

2149 2576 2243 2630 καὶ
2287 2576 2574 2647 παμμίαρε
2620 2576 2716 2629 καὶ
2758 2575 3009 2646 προδότα,
3059 2575 3261 2637 ταύτας
3294 2575 3428 2643 ἡμῖν
3476 2576 3743 2637 ἀποδίδως

2148 2668 2246 2739 τάς
2267 2667 2500 2739 ἀμοιϐὰς
2520 2669 2619 2739 τῆς
2633 2667 2899 2737 τοσαύτης
2918 2667 3257 2738 εὐεργεσίας;
3296 2666 3461 2718 Ἀλλά
3475 2666 3599 2729 1:13;
3614 2668 3741 2735 (59);

2162 2736 2378 2825 'Iozﬁda,
2413 2761 2505 2814 τὸν
2545 2736 2731 2835 κύριον
2764 2762 2937 2832 ὄνομα
2983 2736 3170 2823 τιθεὶς,
3215 2761 3243 2812 ὂ
3279 2759 3485 2829 μᾶλλον
3526 2761 3742 2812 ταλανέ-

2148 2850 2332 2916 ζοντος
2356 2848 2424 2922 ἧν
2456 2852 2549 2905 καὶ
2578 2852 2991 2916 ἀνακαλοῦντος,
3025 2852 3055 2922 ἦ
3084 2849 3467 2923 ὀργιζομένου.
3500 2852 3620 2903 Καὶ
3646 2854 3739 2911 οὐκ

2147 2938 2266 2995 εἷπε
2288 2960 2301 2972 ·
2330 2943 2435 2995 Τὸν
2461 2942 2779 2997 διδάσκαλόν
2812 2960 2926 3009 σου,
2953 2941 3043 2994 τὸν
3062 2942 3360 3010 Δεσπότην,
3392 2940 3489 2992 τὸν
3516 2940 3738 3011 εὐεργέ-

2144 3052 2265 3105 την,
2280 3034 2438 3099 ἀλλά,
2454 3035 2543 3090 τὸν
2562 3035 2688 3089 Υἱὸν
2704 3034 2794 3088 τοῦ
2813 3032 3121 3107 ἀνθρώπου,
3139 3033 3385 3086 τουτέστι
3399 3033 3497 3085 τὸν
3511 3034 3737 3103 ἥμερον.

2145 3123 2234 3177 τὸν
2258 3125 2450 3195 πρᾶον’
2483 3127 2531 3178 εἰ
2574 3124 2681 3194 γὰρ
2717 3125 2790 3196 μὴ
2822 3124 3139 3187 διδάσκαλος
3161 3120 3250 3195 ἦν,
3280 3124 3414 3194 μηδὲ
3431 3124 3739 3192 Δεσπότης,

2147 3218 2284 3289 μηδὲ
2301 3219 2618 3290 εὐεργέτης·
2644 3219 2733 3272 τὸν
2753 3216 2895 3270 οὕτω
2915 3216 3224 3281 ἀπλάστως,
3243 3217 3333 3269 τὸν
3348 3216 3499 3269 οὕτω
3512 3216 3624 3287 ἡμέ
3635 3233 3738 3287 ρως

2144 3311 2281 3382 πρὸς
2310 3311 2368 3364 σὲ
2393 3310 2751 3382 διακείμενον,
2768 3310 2843 3375 ὡς
2874 3312 2931 3363 ὲν
2946 3308 3022 3381 τῷ
3044 3308 3216 3381 καιρῷ
3234 3308 3335 3375 τῆς
3363 3308 3664 3379 πρώοσίας
3685 3323 3740 3360 σε

2145 3402 2340 3472 φιλεῖν,
2370 3402 2464 3455 καὶ
2494 3400 2665 3455 ταῦτα
2686 3399 2782 3453 τοῦ
2820 3399 3124 3471 φιλήματος
3149 3398 3421 3469 συμϐόλου
3458 3399 3566 3470 τῆς
3600 3416 3737 3469 προσ

2141 3495 2323 3559 δοσίας
2341 3494 2510 3560 ὄντος,
2534 3493 2722 3549 τοῦτον
2746 3493 3081 3565 παραδίδως;
3107 3492 3411 3561 Εὐλογητὸς
3435 3488 3512 3555 εἷ,
3542 3492 3737 3562 Κύριε·

2143 3590 2316 3660 πόσης
2358 3590 2730 3654 ἀνεξικακίας,
2773 3589 2944 3657 πόσης
2974 3586 3482 3657 ταπεινοφροσύνης
3526 3585 3740 3638 ὑπόδει-

2142 3699 2258 3751 γμα
2283 3684 2416 3752 ἡμῖν
2438 3681 2665 3751 γέγονας
2688 3683 2700 3734 ι
2743 3681 2817 3733 Οὐ
2846 3681 2952 3751 μὴν
2979 3680 3114 3734 ἀλλά
3138 3681 3231 3734 καὶ
3259 3680 3354 3731 τοὺ
3400 3680 3476 3750 μὴ
3502 3680 3738 3749 ἀφίστας-

2143 3755 2266 3827 σοαι
2297 3774 2395 3844 τῆς
2429 3774 2567 3844 πρὸς
2593 3774 2721 3837 τοὺς
2750 3774 3011 3844 ἀδελφοὺς
3040 3772 3379 3843 συμϐουλῆς,
3428 3772 3540 3825 κᾶν
3571 3773 3736 3843 μηδὲν

2143 3865 2302 3919 πλέον
2330 3866 2396 3917 ἐκ
2421 3863 2530 3918 τῶν
2549 3864 2832 3935 ἡμετέρων
2860 3862 3118 3935 ῥημάτων
3145 3862 3386 3934 γίνηται,
3417 3862 3729 3932 ὑπόδειγμα

2140 3956 2297 4009 τοῦτο
2326 3955 2622 4026 πεποίηκεν
2652 3956 2681 4007 ὁ
2712 3956 3007 4025 Δεσπότης.

2214 4046 2324 4118 (20)
2358 4047 2625 4120 Καθάπερ
2650 4048 2759 4119 γὰρ
2783 4048 2852 4102 τὰ
2872 4047 3065 4100 ἀνίατα
3088 4045 3196 4099 τῶν
3215 4046 3582 4118 τραυμάτων,
3615 4046 3729 4101 οὐδὲ

2146 4142 2260 4203 τοῖς
2294 4140 2586 4212 αὐστηροῖς
2619 4140 2727 4194 τῶν
2761 4141 3088 4211 φαρμάκων,
3117 4138 3236 4192 οὐδὲ
3260 4142 3374 4200 τοῖς
3412 4137 3731 4206 γλυκαίνειν

2141 4232 2279 4285 αὐτά
2304 4233 2620 4303 δυναμένοις
2647 4232 2779 4304 (21)’
2821 4231 2944 4285 οὐτε
2990 4232 3085 4286 καὶ
3113 4230 3278 4301 ψυχὴ,
3313 4231 3545 4285 ἐπειδὰν
3586 4231 3733 4295 ἅπαξ

2140 4322 2488 4395 αἰχμάλωτος
2532 4323 2779 4395 γένηται,
2829 4324 2924 4377 καὶ
2962 4322 3157 4392 ἑαυτὴν
3194 4320 3358 4391 ἐπιδῷ
3399 4323 3589 4376 ὁτιοῦν
3623 4323 3731 4393 (2‘2)

2140 4414 2594 4486 πλημμελήματι,
2626 4415 2721 4468 καὶ
2755 4413 2828 4485 μὴ
2859 4412 3116 4483 βούληται
3142 4411 3201 4464 τὸ
3221 4412 3418 4481 ἑαυτῆς
3448 4411 3733 4484 συμφέρον

464 4495 589 4564 quis
620 4494 845 4549 auribus
874 4493 1248 4561 ejusinsonet,
1278 4494 1410 4548 nihil
1435 4494 1657 4565 profuit.
1690 4496 1792 4550 Sed
1815 4497 2038 4564 perinde

2154 4506 2403 4571 συνιδεῖν,
2451 4505 2554 4559 κᾶν
2607 4506 2774 4577 μυρία
2827 4522 2908 4569 τις
2958 4506 3154 4575 ὲνηχῇ,
3218 4503 3369 4556 οὐδὲν
3427 4504 3730 4572 κερδαίνει.

463 4595 626 4656 atque
646 4594 892 4643 mortuos
938 4586 1159 4641 auditus
1207 4586 1453 4655 haberet,
1487 4588 1696 4642 nullum
1741 4603 1808 4643 ex
1843 4589 2035 4645 admo-

463 4680 671 4734 nitione
695 4679 888 4749 recipit
917 4681 1344 4735 emolumentum
1368 4698 1380 4733 :
1411 4695 1520 4734 non
1551 4680 1677 4750 quia
1708 4695 1815 4734 non
1835 4689 2032 4750 potest,

462 4774 557 4828 sed
586 4771 715 4843 quia
742 4788 850 4827 non
884 4773 1017 4827 vult.
1050 4771 1165 4829 Hoc
1192 4782 1246 4829 et
1270 4773 1325 4827 in
1352 4772 1492 4827 Juda
1520 4773 1767 4842 contigit.
1784 4773 2035 4829 Christus

462 4866 924 4935 tamen,quamvis
969 4865 1085 4920 haec
1116 4866 1299 4920 omnia
1350 4866 1667 4935 prazsciret,
1701 4881 1808 4921 non
1852 4867 2037 4924 omisit

462 4958 530 5011 ab
557 4957 711 5011 initio
733 4957 799 5011 ad
834 4955 995 5010 finem
1052 4955 1306 5011 exhibere
1358 4972 1699 5026 quzeeunque
1730 4972 1796 5011 ex
1851 4957 2031 5027 seipso

458 5058 633 5106 erant.
667 5049 797 5117 Qua:
823 5059 877 5105 et
905 5066 1004 5105 nos
1031 5051 1264 5105 scientes
1291 5091 1307 5115 ,
1362 5057 1573 5119 oportet
1605 5058 1666 5103 ut
1693 5050 2030 5121 corrigamus

461 5157 675 5210 semper
703 5142 795 5212 qui
836 5141 1167 5212 negligentes
1195 5152 1355 5208 sunt,
1406 5142 1659 5213 quamvis
1709 5143 1917 5198 nullum
1961 5161 2026 5200 ex

460 5236 691 5293 consilio
723 5245 911 5291 nostro
941 5235 1365 5290 emolumentum
1396 5244 1673 5306 sequatur.

566 5352 609 5383 ³²
644 5351 832 5406 Matth.
856 5367 928 5419 tv,
960 5352 1009 5406 l.
1086 5352 1130 5383 ³³
1157 5350 1342 5408 Iacob.
1375 5368 1412 5418 ι,
1447 5353 1530 5406 15.

530 5507 575 5579 (l
588 5508 642 5579 9)
668 5507 870 5563 Confer
894 5507 1368 5579 Chrysostomum.

527 5576 643 5719 φοὶ
669 5578 867 5633 Confer
893 5576 1367 5649 Chrysostomum.

551 5648 642 5718 'Zl)
671 5647 827 5705 Deest
870 5650 1081 5719 ίαθῆναι
1109 5650 1351 5715 δύναται,

551 5648 642 5718 21)
671 5647 827 5705 Deest
870 5647 1081 5719 ίαθῆναι
1109 5650 1351 5715 δύναται,
1379 5652 1458 5706 vel
1477 5651 1605 5721 quid
1641 5651 1837 5716 simile,
1872 5660 1923 5706 et
1952 5651 2025 5705 le-

2154 4597 2314 4655 Ἀλλὰ
2346 4597 2596 4668 καθάπερ
2635 4596 2833 4668 νεκρὰς
2875 4595 3046 4658 ἀκοὰς
3085 4595 3424 4666 κεκτημένη,
3465 4595 3730 4664 09659!“

2140 4689 2249 4743 ἀπὸ
2299 4690 2401 4760 τῆς
2451 4689 2820 4759 παραινέσεως
2860 4689 3074 4759 δέχεται
3120 4688 3219 4759 τὴν
3273 4687 3581 4757 ὼῳέλειαν·
3628 4688 3729 4740 οὐκ

2137 4782 2325 4853 ἐπειδὴ
2373 4783 2446 4853 μὴ
2479 4782 2722 4846 δύναται,
2770 4781 2886 4834 ἀλλ’
2929 4780 3115 4851 ἐπειδὴ
3165 4779 3239 4851 μὴ
3285 4778 3560 4849 βούλεται-
3611 4780 3726 4849 (23)

2138 4872 2306 4925 Τοῦτο
2332 4873 2427 4925 xal.
2459 4872 2551 4925 ἐπὶ
2577 4871 2669 4925 τοῦ
2710 4870 2875 4925 Ἰούδα
2902 4871 3142 4939 γέγονεν.
3187 4870 3244 4921 '0
3280 4867 3339 4920 δὲ
3354 4864 3615 4936 Χρισπ,
3634 4869 3728 4921 καὶ

2137 4965 2311 5019 ταῦτα
2354 4965 2529 5018 πάντα
2558 4963 2845 5036 προειδὼς,
2878 4965 2938 5016 οὐ
2978 4963 3213 5016 διέλιπεν
3257 4960 3316 5025 ἐξ
3346 4958 3525 5031 ἀρχῆς
3558 4961 3725 5035 μέχρι
3778 4942 3791 4989 τ

2134 5058 2319 5122 τέλους
2345 5058 2412 5112 τὰ
2442 5061 2572 5131 παρ’
2598 5058 2792 5111 ἑαυτοῦ
2822 5058 2995 5112 πάντα
3023 5054 3484 5126 ἐπιδεικνύμενος.
3522 5057 3594 5107 Ἃ
3628 5055 3722 5107 καὶ

2134 5149 2290 5220 ἡμῶν
2321 5150 2534 5204 εἰδότων
2577 5150 2856 5222 ῥυθμίζειν
2896 5151 3003 5223 χρὴ
3029 5151 3155 5211 τούς
3182 5148 3567 5220 ἡμελημένους
3597 5148 3717 5200 δια-

2134 5241 2353 5305 παντὸς,
2378 5238 2477 5297 κᾶν
2503 5242 2665 5314 μηδὲν
2697 5244 2761 5295 ἐκ
2783 5242 2883 5312 τῆς
2908 5241 3216 5313 συμϐουλῆς
3243 5241 3467 5312 γίνηται

2131 5508 2618 5583 gendum_videtur
2654 5506 2796 5583 οὖτέυ
2822 5522 2920 5576 pro
2956 5505 3097 5559 οὐτε.

2207 5578 2321 5649 (22)
2358 5577 2518 5649 Forte
2551 5576 2819 5649 ᾡτινιοῦν.

2206 5641 2319 5719 (‘23)
2344 5641 2895 5718 ConferIChrysost,
2914 5662 3067 5704 conc.
3094 5648 3145 5713 l,
3164 5644 3228 5700 de
3246 5642 3485 5713 Lazaro,
3511 5658 3553 5712 ι,
3582 5641 3714 5705 7η.
