3922 6496
199 374 220 426 l
232 374 334 430 597

1640 383 2082 439 FRAGMENTA.

3304 387 3434 442 I598

2641 613 2818 625 -ρ

272 744 387 826 (24)
421 748 542 826 Οὐκ
574 748 891 826 adoratae;
928 754 962 806 ό
987 753 1134 826 -Υίύς
1165 753 1276 823 τῆς
1304 757 1544 824 φύσεως
1568 759 1673 812 τοῦ

1832 812 1834 818 .
1897 761 2050 826 Quod
2079 778 2181 815 non
2215 763 2284 814 sit
2309 761 2516 815 alienus
2552 761 2723 814 Filius
2758 779 2790 814 a
2820 770 3013 815 natura
3052 761 3234 816 Patris
3258 804 3272 826 ,
3305 763 3394 818 sed

329 818 576 884 Πατρός,
602 820 739 874 ἀλλ’
761 818 1036 892 ὁμοφυής
1060 818 1123 876 τέ
1151 818 1263 878 καί
1279 818 1618 895 όᾷιοούσὶος.

507 933 873 988 ΔΙΟΝΥΣΙΟΥ
903 936 1434 992 ΑΛΕΞΑΝΔΡΕΙΑΣ.

259 1043 370 1097 Καὶ
403 1043 566 1112 φυτὸν
593 1047 698 1100 ἀπὺ
727 1047 880 1119 ῥίζης
903 1048 1140 1114 ἀνελθὸν,
1176 1050 1360 1123 ἕτερον
1391 1051 1488 1122 μὲν
1514 1051 1629 1106 ἔστι
1660 1052 1754 1107 τοῦ

181 1133 308 1189 ὅθεν
334 1135 684 1207 ἐϐλάστησεν⁸
717 1139 832 1192 ἔστι
869 1140 923 1193 δὲ
952 1142 1130 1213 ἐκείνῃ
1158 1142 1415 1213 ὁμοφυές.
1447 1145 1557 1197 Καὶ
1591 1161 1755 1198 ποτα-

184 1227 289 1296 μὸς
322 1227 428 1280 ἀπὸ
461 1230 639 1300 πηγῆς
684 1230 841 1301 ῥέων,
885 1232 1071 1304 ἕτερον
1111 1233 1208 1304 μὲν
1235 1232 1347 1286 ἐστι
1394 1235 1522 1306 παρ’
1564 1236 1752 1307 αὑτήν.

2176 833 2534 886 connaturalis
2555 843 2603 885 et
2633 832 3115 888 consubstantialis.

2233 939 2535 997 DlONYSlI
2571 941 3057 998 ALEXANDRINI.

1935 1053 2131 1110 Planta
2158 1071 2224 1111 ex
2257 1057 2438 1112 radice
2469 1058 2802 1127 germinans,
2838 1059 2942 1113 alia
2977 1059 3194 1130 quidem
3245 1067 3325 1114 est
3363 1057 3431 1112 ab

1851 1155 1928 1215 .‘eo
1963 1142 2106 1196 unde
2164 1144 2489 1214 germinavit
2521 1186 2536 1210 ,
2591 1154 2675 1200 est
2707 1155 2886 1201 tamen
2917 1148 2993 1201 illi
3037 1149 3428 1203 connaturalis.

1851 1229 2086 1291 ,Fluvius
2113 1231 2240 1287 item
2273 1249 2303 1288 a
2333 1232 2486 1288 fonte
2514 1234 2709 1300 ﬂuens,
2735 1237 2878 1292 aliud
2911 1245 2995 1292 est
3025 1238 3093 1291 ab
3123 1253 3206 1292 eo.
3244 1236 3431 1306 Neque

185 1320 346 1390 Μὴτε
368 1319 474 1391 γὰρ
499 1323 740 1394 ποταμὸν
766 1323 965 1396 πηγὴν,
1001 1327 1137 1398 μήτε
1171 1327 1269 1398 τὴν
1299 1327 1480 1398 πηγὴν
1514 1327 1725 1398 ποταμὸ

1856 1322 2000 1376 enim
2057 1324 2280 1379 ﬂuvium
2328 1325 2552 1393 fontem,
2605 1343 2780 1398 neque
2831 1327 3038 1384 fontem
3087 1330 3427 1384 ﬂuviumdici

178 1409 451 1479 λέγεσθαι⁸
476 1411 533 1465 ἓν
552 1413 606 1466 δὲ
633 1415 914 1487 ἀμφότερα
929 1417 1190 1488 ὑπάρχειν
1206 1417 1572 1488 ὁμολογοῦμεν
1591 1417 1728 1490 [ἔστι

1859 1413 1941 1468 fas
1960 1423 2061 1468 cst.
2096 1415 2275 1470 Unum
2311 1433 2440 1472 vero
2470 1426 2698 1488 utraque
2732 1435 2852 1474 esse
2880 1421 3204 1476 conﬁtemur
3233 1436 3430 1476 secun-

177 1501 321 1555 κατά
344 1504 441 1576 τὴν
475 1503 654 1573 φύσιν,
698 1505 790 1558 καὶ
823 1505 1106 1577 ὁμοούσια·
1144 1509 1238 1561 καὶ
1283 1509 1382 1580 τὴν
1419 1509 1515 1579 μὲν
1549 1508 1750 1580 πηγὴν,

175 1593 342 1646 οἱονεὶ
373 1595 584 1668 πατέρα
613 1596 867 1657 νοεῖσθαι,
893 1597 984 1651 τὸν
1016 1598 1072 1652 δὲ
1116 1599 1358 1670 ποταμὸν
1384 1595 1544 1666 εἶναι,
1591 1600 1652 1652 τὸ
1683 1602 1748 1653 ἐκ

173 1684 281 1756 τῆς
312 1688 490 1759 πηγῆς
524 1688 882 1760 γεννώμενον.

1858 1505 1988 1559 dum
2017 1516 2290 1572 naturam,
2319 1518 2373 1562 et
2389 1509 2870 1565 consulistantialia
2897 1510 3242 1582 :l'ontemque
3267 1511 3426 1582 quasi

1861 1606 2070 1664 patrem
2102 1610 2283 1653 mente
2317 1599 2556 1669 concipi,
2589 1599 2811 1655 ﬂuvium
2845 1618 2973 1657 vero
3015 1618 3136 1658 esse
3165 1601 3309 1672 quod
3359 1616 3427 1656 ex

1859 1689 2006 1744 fonte
2026 1692 2291 1747 nascitur.

394 1798 470 1854 Ex
502 1800 759 1873 Panoplia
785 1802 1059 1874 Eutllymii
1107 1803 1365 1878 Zigabeni
1399 1805 1453 1859 in
1496 1805 1618 1862 cod.
1644 1820 1749 1860 ms.
1791 1819 1885 1858 xxx
1938 1803 2196 1861 Nanianzn
2246 1805 2490 1862 biblioth.
2523 1803 2724 1860 Confer
2767 1817 2966 1862 nostra:
2998 1807 3138 1862 Bibl.
3168 1817 3298 1862 tom.
3331 1807 3422 1875 Ill,

175 1884 238 1938 p.
268 1871 394 1937 497,
421 1885 472 1925 a.

3203 2076 3393 2091 —

269 2218 710 2298 fragmentum
741 2219 1037 2298 Dionysii
1068 2219 1494 2298 Alexandrini
1523 2217 1718 2279 multo
1757 2218 2012 2298 longius
2049 2225 2104 2276 et
2132 2218 2382 2298 plenius
2420 2235 2601 2298 quam
2618 2226 2719 2298 Aest
2748 2218 2958 2298 Groace
2992 2217 3059 2298 ira
3091 2215 3417 2298 Gallandci

170 2296 561 2357 Bibliotheca
589 2306 644 2379 _t.
669 2299 838 2373 XIV,
863 2295 1133 2376 aﬁpend.
1164 2316 1231 2376 ρ.
1266 2299 1383 2359 115
1411 2300 1656 2379 (supra,
1691 2295 2565 2379 col._15_89),_etLol_ineapud
2597 2295 3137 2379 Corderiumpat.
3171 2297 3239 2379 in
3264 2296 3418 2356 Luc.

165 2393 312 2454 cap.
367 2394 541 2456 nu.
583 2377 682 2447 b2,
729 2373 1016 2456 seq.,3iec
1066 2373 1214 2456 non,
1253 2373 1762 2456 apud‘Cotenami
1791 2373 2014 2456 Latin.
2041 2373 2176 2435 divi
2212 2373 2460 2436 Thomda
2489 2375 2611 2436 loc.
2671 2375 2785 2435 cit.
2820 2376 2898 2436 In
2934 2374 3065 2435 illis
3119 2375 3274 2435 enim
3303 2393 3418 2453 per

165 2464 485 2532 excerpta,
525 2455 590 2514 in
618 2463 837 2516 nostra
875 2464 1073 2515 autem
1101 2455 1312 2516 codice
1336 2457 1574 2532 integer
1611 2463 1698 2514 est
1726 2455 2093 2533 Dionysius.

651 2617 765 2691 (Ex
801 2620 987 2675 codice
1016 2618 1138 2674 Vat.
1179 2619 1337 2687 1611,
1378 2619 1471 2673 fol.
1499 2619 1626 2682 291,
1657 2619 1750 2674 ubi
1784 2635 1981 2692 magna
2012 2619 2212 2674 Niceta:
2239 2618 2443 2674 Catena
2478 2619 2530 2673 in
2561 2617 2764 2675 Lucam
2798 2618 2896 2691 (l).
2929 2618 2946 2690 )

249 2761 411 2816 Ἀλλά
461 2763 632 2817 ταῦτα
678 2765 776 2834 μὲν
814 2763 1052 2836 εἰρήσθω
1090 2765 1219 2837 περὶ
1255 2764 1350 2818 τοῦ
1396 2764 1732 2836 θελήματος⁸
1755 2776 1808 2829 ’Β
1837 2765 2029 2830 ελθεῖν,
2076 2766 2190 2820 ἀλλ’
2216 2767 2472 2837 ὑπεράνω
2504 2764 2596 2819 τοῦ
2631 2765 2942 2837 πειρασμοῦ
2986 2768 3079 2820 καὶ
3111 2766 3225 2836 μετ’
3250 2766 3417 2820 αὑτὸν

155 2852 226 2908 τό
254 2871 316 2923 γε
353 2855 450 2926 μὲν
474 2854 816 2924 Παρελθέτω
844 2855 911 2909 τὸ
941 2856 1249 2924 ποτήριον,
1293 2858 1394 2910 οὐκ
1437 2857 1550 2910 ἐστι
1585 2857 1660 2929 μὴ
1685 2855 1743 2910 δέ

156 2945 504 3017 προσελθέτω
541 2947 573 3018 ἢ
617 2949 888 3016 ἐγγισάτω
918 2966 1005 3020 μοι
1025 2965 1038 2978 ⁸
1057 2949 1131 3001 ’τὸ
1158 2949 1268 3020 γὰρ
1298 2950 1706 3021 παρερχόμενον
1725 2990 1739 3015 ,

156 3036 379 3101 πάντως
407 3041 524 3092 κατ’
558 3039 763 3094 ἐκεῖνον
792 3041 998 3110 γίνεται
1023 3041 1310 3113 πρότερον,
1340 3042 1435 3094 καὶ
1465 3042 1742 3110 πρόσεισιν

155 3129 311 3202 αὐτῷ
341 3131 474 3203 ὅπερ
500 3132 832 3204 παρέρχεται
851 3150 865 3164 ⁸
890 3136 938 3187 εί
971 3134 1079 3204 γάρ
1112 3133 1186 3204 μὴ
1213 3132 1523 3203 πλησιάσοι,
1545 3133 1651 3186 οὐδ’
1674 3133 1740 3187 ἂν

154 3220 422 3292 παρέλθοι
443 3237 455 3252 ⁸
491 3222 565 3284 ὡς
589 3222 718 3291 γοῦν
752 3224 852 3296 ἤδη
881 3225 1146 3296 παρόντος
1169 3223 1509 3294 αἰσθόμενος,
1539 3224 1741 3296 ἤρξατο

149 3309 444 3365 λυπεῖσθαι
477 3312 572 3365 καὶ
599 3313 886 3384 ἀδημονεῖν
913 3315 1008 3368 καὶ
1041 3313 1434 3385 ἐκθαμϐεῖσθαι
1464 3315 1558 3368 καὶ
1585 3316 1733 3384 ἀγω-

149 3401 398 3468 νίζεσθαι
422 3421 436 3434 ⁸
485 3405 580 3458 καὶ
615 3405 691 3469 ὡς
731 3408 899 3475 ἐγγὺς
939 3407 1032 3473 ὃν,
1079 3408 1171 3461 καὶ
1201 3407 1596 3478 προκείμενον,
1639 3408 1736 3478 οὐχ

151 3494 344 3558 ἁπλῶς
378 3495 510 3565 φησὶ
551 3495 611 3548 τὸ
657 3498 912 3569 ποτήριον
935 3538 952 3561 ,
999 3497 1136 3552 ἀλλά
1179 3498 1417 3551 δείκνυσι
1445 3498 1631 3552 τοῦτο⁸
1659 3499 1734 3562 ὡς

151 3581 250 3641 οῦν
281 3587 340 3639 τὺ
366 3589 794 3660 παρερχόμενον,
827 3588 951 3644 οὔτε
982 3591 1274 3661 ἀπρόσιτόν
1303 3591 1450 3644 ἐστιν
1474 3588 1598 3643 οὔτε
1631 3607 1732 3642 κα-

152 3677 421 3750 ταμένον,
461 3679 602 3734 οὕτω
630 3681 726 3735 καὶ
756 3683 786 3735 ὁ
817 3681 1004 3754 Σωτὴρ
1035 3681 1216 3752 ἠρέμα
1256 3683 1350 3736 καὶ
1381 3683 1440 3747 ἐξ
1470 3681 1732 3754 ἐπιπολῆς

149 3768 518 3838 προσελθόντα
545 3771 636 3823 τὸν
669 3771 994 3840 πειρασμὸν,
1027 3772 1122 3823 καὶ¹
1147 3769 1362 3839 κούφως
1395 3771 1730 3842 προσομιλή-

154 3875 328 3914 σαντα
349 3900 364 3924 ,
413 3859 768 3932 παρωσθῆναι
813 3860 910 3932 τὴν
956 3858 1178 3930 πρώτην
1216 3860 1388 3924 ἀξιοῖ·
1433 3863 1526 3915 καὶ
1569 3862 1726 3914 τοῦτο

151 3951 368 4023 πρῶτον
402 3947 540 4015 εἶδός
578 3953 694 4006 ἐστι
725 3952 820 4005 τοῦ
859 3953 931 4024 μὴ
976 3956 1056 4016 εἰς
1096 3953 1398 4023 πειρασμὸν
1430 3955 1688 4024 ἐμπεσεῖν
1709 3972 1722 3985 ⁸

149 4045 290 4116 ὅπερ
335 4043 688 4114 συμϐουλεύει
725 4045 822 4099 καὶ
851 4047 962 4109 τοῖς
997 4045 1402 4114 ἀσθενεστέροις
1430 4046 1725 4118 προσεύχε-

1844 2857 2096 2924 γενέσθαι
2113 2877 2126 2888 ⁸
2157 2859 2293 2922 ὅλως
2321 2858 2376 2910 δὲ
2401 2859 2521 2911 οὐδὲ
2550 2858 2808 2912 ἀδύνατον
2835 2858 2955 2912 οὐδὲ
2984 2860 3264 2931 ἄπρακτον
3305 2861 3414 2915 οὐδ’

1843 2951 2158 3004 ὑπεναντίον
2196 2950 2273 3021 τῷ
2317 2949 2618 3020 βουλήματι
2657 2951 2750 3004 τοῦ
2805 2950 3019 3021 Πατρὸς
3063 2952 3153 3005 τὸν
3190 2952 3420 3022 Σωτῆρα

1841 3046 2037 3098 αἰτεῖν·
2083 3044 2198 3098 ἐστι
2251 3045 2310 3097 δὲ
2350 3044 2572 3097 δυνατὸν
2599 3084 2612 3107 ,
2649 3044 2724 3106 ὡς
2767 3046 2796 3097 ὁ
2841 3044 3066 3115 Μάρκος
3097 3045 3419 3115 ἀπεμνημο-

1839 3153 1996 3192 νευσε
2045 3136 2294 3206 λέγοντος
2325 3135 2488 3190 αὐτοῦ
2513 3151 2526 3165 ⁸
2569 3134 2735 3188 Ἀϐϐά
2767 3137 2796 3188 ὀ
2837 3135 3027 3205 Πατὴρ
3052 3174 3066 3196 ,
3110 3135 3288 3188 πάντα
3332 3151 3418 3198 σοι

1837 3227 2039 3282 δυνατά
2061 3245 2073 3258 ⁸
2099 3229 2194 3282 καὶ
2220 3226 2420 3282 δυνατά
2439 3228 2487 3279 εἰ
2514 3225 2773 3296 βούλοιτο,
2794 3224 2868 3289 ὼς
2897 3225 3110 3289 Λουκᾶς
3133 3226 3299 3297 φησὶν
3326 3225 3419 3280 αῦ-

1836 3321 1927 3376 τδν
1957 3321 2235 3392 εἰρηκέναι
2257 3338 2269 3351 ⁸
2298 3321 2480 3392 Πάτερ
2500 3360 2516 3383 ,
2549 3321 2597 3373 εἰ
2632 3319 2837 3389 βούλει,
2872 3320 3179 3392 παρένεγκε
3215 3319 3276 3373 τὸ
3319 3336 3418 3374 πο-

1834 3415 2021 3484 τήριον
2051 3412 2209 3466 τοῦτο
2237 3413 2331 3465 ἀπ’
2364 3412 2496 3483 ἐμοῦ
2517 3428 2531 3442 ⁸
2554 3411 2616 3463 τὸ
2645 3407 2736 3464 οὖν
2759 3410 2982 3482 Πνεῦμα
3009 3411 3160 3480 ἀγιον
3190 3412 3269 3475 είς
3289 3413 3414 3475 τοὺς

1835 3504 2225 3574 εὐαγγελιστάς
2257 3503 2632 3576 κατανεμηθὲν
2651 3544 2666 3566 ,
2701 3502 2799 3574 τὴν
2827 3505 3005 3556 πᾶσαν
3032 3502 3125 3556 τοῦ
3161 3501 3412 3572 Σωτῆρος

1832 3597 1987 3668 ἡμῶν
2028 3597 2264 3651 διάθεσιν
2316 3598 2380 3649 ἐκ
2411 3596 2512 3666 τῆς
2553 3595 2782 3649 ἑκάστου
2834 3596 3013 3667 φωνῆς
3061 3594 3402 3666 συντίθησιν⁸

1831 3687 1955 3741 οὕτε
1979 3689 2087 3760 γάρ
2111 3707 2164 3742 τι
2193 3691 2426 3742 αἰτεῖται
2455 3689 2606 3761 παρά
2633 3689 2726 3742 τοῦ
2757 3689 2968 3761 Πατρὸς
2999 3688 3028 3742 ὃ
3056 3689 3130 3758 μὴ
3167 3689 3195 3741 ὁ
3219 3687 3408 3759 Πατὴρ

1832 3779 2078 3850 βούλεται
2099 3798 2112 3810 ⁸
2139 3780 2199 3832 τὸ
2224 3779 2332 3851 γάρ
2349 3782 2401 3834 εὶ
2418 3781 2654 3845 βούλει,
2683 3781 2961 3849 ὑποταγῆς
2992 3779 3086 3832 καὶ
3111 3779 3412 3842 ἐπιεικείας

1829 3871 2010 3933 ἐστὶν,
2055 3872 2155 3925 οὐκ
2201 3873 2424 3940 ἀγνοίας
2478 3872 2598 3925 οὐδὲ
2660 3871 2989 3942 ἀμφιϐολίας
3034 3866 3102 3941 ἦν
3153 3870 3405 3941 δήλωμον

1827 3964 2016 4034 ὥσπερ
2044 3964 2140 4016 καὶ
2167 3965 2326 4033 ἡμεῖς
2365 3961 2634 4032 εἰώθαμεν
2662 3961 2810 4032 ποιρά
2840 3961 3051 4032 Ila-:90;
3081 3961 3112 4031 ἦ
3146 3961 3404 4031 ἄρχοντος

1825 4055 1858 4125 ῆ
1904 4052 2282 4122 διδασκάλουῆ
2320 4051 2466 4115 τινὸς
2509 4046 2584 4106 ὧν
2634 4050 3005 4122 θεραπεύομεν
3039 4050 3316 4116 ἀξιοῦντές
3348 4069 3400 4104 τι

149 4135 317 4190 σθαι·
362 4136 447 4200 τὸ,
491 4139 584 4191 τὸν
629 4138 726 4208 μὲν
770 4139 1072 4211 πειρασμὸν
1108 4139 1424 4209 προσελθεῖν
1445 4157 1458 4170 ⁸
1499 4141 1581 4194 δεῖ
1619 4141 1728 4212 γὰρ
1755 4139 1796 4196 C
1827 4143 1934 4196 τῶν
1965 4141 2159 4212 ἐκείνῳ
2189 4140 2537 4212 καταθυμίων
2563 4139 2738 4209 λέγειν
2763 4180 2778 4204 ,
2811 4141 2878 4192 Εἴ
2909 4159 2989 4194 σοι
3013 4141 3185 4209 φίλον,
3208 4142 3305 4212 οὐχ
3329 4143 3406 4207 ὡς

149 4229 324 4282 ἐλθεῖν
349 4230 417 4284 τά
445 4230 714 4285 σκάνδαλα
731 4271 745 4295 ,
770 4231 967 4295 αὐτοὺς
1007 4231 1062 4284 δὲ
1093 4231 1166 4303 μὴ
1198 4234 1277 4297 εἰς
1300 4234 1392 4288 τὸν
1421 4234 1725 4305 πειρασμὸν

151 4324 370 4374 πεσεῖν’
405 4325 434 4376 ὁ
460 4323 516 4376 δὲ
541 4324 876 4386 τελειότατος
907 4322 1002 4375 τοῦ
1038 4323 1111 4395 μὴ
1135 4326 1214 4388 εἰς
1244 4325 1548 4397 πειρασμόν
1579 4328 1724 4378 ἐστιν

145 4413 406 4469 εἰσελθεῖν
421 4415 639 4486 τρόπος,
654 4416 820 4484 ὅνπερ
836 4417 976 4468 αἰτεῖ
989 4417 1138 4469 δεῦτε
1147 4435 1235 4488 ρον
1251 4419 1346 4488 οὐχ
1361 4417 1544 4481 ἁπλῶς
1563 4435 1576 4448 ⁸
1599 4420 1724 4488 Οὐχ

145 4505 226 4570 ὡς
256 4504 370 4575 ἐγὼ
403 4505 574 4572 θέλω,
611 4507 748 4561 ἀλλ’
775 4509 855 4574 ὠς
883 4508 998 4561 σύ⁸
1029 4510 1056 4561 ό
1093 4509 1203 4579 γὰρ
1238 4511 1370 4574 Θεὸς
1395 4511 1724 4582 ἀπείραστός

145 4599 264 4652 ἐστι
310 4598 524 4651 κακῶν·
562 4598 704 4651 θέλει
743 4598 800 4651 δὲ
851 4598 920 4651 τά
963 4598 1140 4667 ἀγαθά
1181 4599 1375 4654 διδόναι
1419 4604 1550 4673 ἡμῖν
1581 4602 1722 4674 ὑπὲρ

145 4690 476 4762 ἐκπερισσοῦ
509 4684 584 4744 ὧν
616 4691 910 4762 αἰτούμεθα
937 4694 969 4763 ἦ
1000 4692 1224 4763 νοοῦμεν
1249 4710 1261 4722 ⁸
1297 4694 1357 4746 τὸ
1389 4694 1487 4765 μὲν
1517 4690 1609 4748 οὖν
1635 4693 1723 4746 θέ-

140 4780 295 4855 λημα
323 4782 484 4836 αὐτοῦ
527 4784 588 4836 τὸ
635 4783 856 4848 τέλειον,
899 4785 1060 4850 αὐτὸς
1107 4786 1386 4857 ἀγαπητὸς
1421 4787 1714 4856 ἠπίστατο·

143 4873 245 4929 καὶ
275 4871 430 4927 τοῦτο
457 4873 772 4944 ἐληλυθέναι
807 4875 1063 4938 πολλάκις
1093 4875 1226 4947 φησὶ
1261 4877 1499 4946 ποιήσων
1521 4917 1536 4942 ,
1568 4877 1629 4930 οὐ
1658 4877 1720 4930 τὸ

142 4965 330 5028 αὐτοῦ,
355 4965 598 5019 τουτέστι
629 4965 690 5018 τὸ
715 4965 826 5020 τῶν
853 4965 1173 5037 ἀνθρώπων·
1198 4967 1492 5020 οἰκειοῦται
1524 4967 1632 5038 γὰρ
1658 4967 1719 5020 τὸ

135 5059 430 5132 πρόσωπον
468 5059 577 5112 τῶν
607 5057 937 5130 ἀνθρώπων,
966 5061 1042 5124 ὠς
1072 5059 1360 5130 γενόμενος
1391 5058 1674 5131 ἄνθρωπος
1698 5075 1711 5089 ⁸

133 5149 324 5220 διόπερ
348 5150 443 5202 καὶ
468 5149 588 5203 τότε
607 5188 622 5212 ,
653 5149 714 5202 τὸ
742 5149 840 5219 μὲν
881 5150 1074 5204 ἐαυτοῦ
1093 5190 1109 5214 ,
1141 5149 1202 5204 τὸ
1227 5149 1447 5204 ἔλαττον
1467 5190 1482 5215 ,
1512 5167 1714 5222 παραι-

135 5241 310 5295 τεῖται
331 5243 502 5294 ποιεῖν
523 5258 536 5270 ⁸
563 5241 705 5295 αἰτεῖ
729 5242 786 5295 δὲ
815 5242 907 5296 τοῦ
936 5243 1148 5315 Πατρδς
1170 5244 1231 5297 τὸ
1253 5243 1438 5316 μεῖζον
1464 5241 1714 5311 γενέσθαι

137 5332 199 5384 τὸ
224 5330 399 5384 θεϊκδν
432 5332 661 5403 θέλημα,
691 5333 827 5406 ὅπερ
854 5333 1071 5397 πάντως
1095 5334 1236 5388 κατά
1263 5333 1361 5405 τὴν
1384 5333 1632 5404 θεότητα,
1656 5334 1714 5387 ἓν

141 5421 354 5493 θέλημά
375 5423 490 5474 ἐστι
513 5422 573 5474 τὸ
595 5422 758 5475 αὐτοῦ
785 5424 879 5477 καὶ
899 5423 994 5476 τοῦ
1021 5425 1233 5495 Πατρός
1254 5441 1267 5455 ⁸
1291 5424 1354 5477 τὸ
1376 5422 1481 5496 γὰρ
1505 5425 1711 5494 Πατρι-

1826 4233 2251 4306 ἀμφιγνοοῦντες
2269 4251 2282 4263 ⁸
2312 4233 2484 4297 οὕτως
2505 4233 2597 4287 καὶ
2618 4235 2646 4286 ὀ
2667 4234 2854 4306 Σωτὴρ
2875 4234 3060 4303 ἔλεγεν
3084 4238 3137 4287 εὶ
3151 4235 3365 4298 ,βούλει
3385 4251 3402 4266 ⁸

1824 4328 1923 4398 οὐχ
1956 4327 2141 4397 ἕτερόν
2163 4343 2216 4379 τι
2240 4325 2558 4396 βουλόμενον
2585 4325 2739 4389 εἰδὼς
2759 4365 2773 4387 ,
2806 4324 2923 4379 εἶτα
2947 4326 3104 4380 τοῦτο
3135 4327 3401 4380 πυνθανό-

1827 4436 1984 4490 μενος
2003 4458 2018 4482 ,
2044 4418 2156 4471 ἀλλ’
2187 4418 2433 4488 ἀκριϐῶς
2466 4417 2621 4482 εἰδὼς
2649 4419 2731 4471 ὅτι
2762 4418 3008 4488 βούλεται
3042 4424 3401 4492 παρενεγκεῖν

1824 4513 1918 4566 ἀπ’
1947 4511 2109 4566 αὐτοῦ
2137 4512 2200 4565 τὸ
2231 4513 2522 4585 ποτήριον,
2549 4512 2818 4583 ἠπίστατο
2845 4513 3067 4577 δικαίως
3095 4513 3122 4566 ὂ
3152 4513 3398 4584 βούλεται

1821 4601 2044 4656 δυνατὸν
2064 4602 2212 4674 αὐτῷ
2231 4620 2244 4633 ⁸
2267 4602 2355 4656 διὰ
2374 4603 2531 4657 τοῦτο
2551 4605 2583 4673 ή
2615 4603 2778 4674 ἑτέρα
2794 4605 2982 4675 Γραφή
3009 4620 3140 4674 φησι
3160 4622 3172 4635 ·
3196 4605 3400 4658 Πάντα

1821 4691 2048 4747 δυνατὰ
2072 4711 2170 4748 σοι
2192 4711 2205 4724 ⁸
2234 4695 2328 4748 καὶ¹
2354 4694 2509 4746 τοῦτο
2535 4693 2750 4757 πάντως
2777 4694 2837 4746 τὸ
2874 4694 3050 4748 εἱκτὸν
3086 4695 3179 4748 καὶ
3209 4713 3398 4748 ταπει-

1822 4784 1920 4853 νὸφ
1929 4802 2018 4855 ρον
2032 4787 2060 4838 ὁ
2075 4783 2351 4848 Ινῐατθαῖος
2363 4784 2670 4855 διαγράφει,
2685 4787 2737 4838 εί
2752 4785 3012 4839 δυνατόν
3023 4786 3174 4851 ἐστι,
3191 4784 3362 4854 λέγων
3378 4803 3392 4816 ⁸

1821 4876 1870 4928 εἰ
1903 4875 2011 4947 γὰρ
2041 4875 2118 4946 μὴ
2149 4875 2322 4939 οὕτως
2349 4876 2691 4948 ἀρμόσαιμεν
2722 4877 2820 4949 τὴν
2856 4877 3108 4941 διάνοιαν,
3139 4877 3277 4948 τάχα
3310 4895 3394 4930 τι-

1821 4966 1907 5030 νὲς
1924 4967 2222 5034 ἐκδέξοιντο
2243 4968 2454 5032 ἀσεϐῶς
2479 4969 2559 5033 τό,
2580 4971 2632 5023 εὶ
2651 4969 2914 5025 δυνατόν
2926 4971 3095 5024 ἐστιν
3112 4987 3124 5000 ⁸
3151 4970 3226 5034 ὡς
3254 4971 3393 5034 τινὸς

1816 5058 1968 5122 ὄντος
2005 5059 2268 5113 ἀδυνάτου
2300 5061 2378 5132 τῷ
2417 5062 2534 5134 Θεῷ
2567 5063 2823 5134 ποιῆσαι,
2861 5062 2998 5134 πλὴν
3030 5062 3188 5133 μόνου
3224 5057 3284 5117 οῦ
3317 5063 3390 5134 μὴ

1818 5149 2094 5220 βούλεται·
2128 5153 2228 5206 οὐκ
2265 5153 2601 5210 αὐθέκαστον
2627 5152 2719 5210 οῦν
2743 5197 2757 5218 ,
2788 5157 2910 5210 οὐδὲ
2945 5156 3093 5226 αὐτῴ
3126 5156 3272 5227 μόνῳ
3312 5157 3391 5208 δο-

1815 5244 2014 5298 κοῦσαν
2042 5245 2076 5317 ἢ
2105 5247 2483 5319 ἀντικειμένην
2511 5252 2576 5320 τῇ
2609 5249 2768 5320 βουλῇ
2796 5248 2888 5302 τοῦ
2919 5249 3132 5322 Πατρὸς
3159 5251 3391 5304 ἐποιεῖτο

1814 5333 1912 5404 τὴν
1937 5333 2178 5401 ἀξίωσιν,
2205 5335 2341 5390 ἀλλά
2363 5339 2458 5390 καὶ
2483 5338 2560 5410 τῷ
2589 5339 2706 5410 Θεῷ
2731 5339 3109 5395 συνδοκοῦσαν.
3137 5342 3247 5395 Καὶ
3278 5343 3386 5413 μὴν

1815 5425 1975 5495 φήσει
2004 5427 2108 5492 τίς,
2135 5429 2219 5482 ὅτι
2252 5430 2621 5498 ἀναγκάζεται
2650 5433 2743 5484 καὶ
2775 5435 3029 5502 μετανοεῖ
3040 5471 3056 5497 ,
3085 5435 3174 5486 καὶ
3200 5434 3385 5506 ἕτερον

139 5514 232 5570 nov
265 5514 494 5586 θέλημα,
528 5515 590 5568 τὸ
620 5516 708 5570 διὰ
733 5516 1040 5588 πειρασμοῦ
1077 5517 1276 5581 παντὸς
1307 5517 1707 5589 ἐπισκήψαντος
1741 5514 1785 5540 ν
1814 5517 1976 5581 εὐθὺς
2004 5519 2066 5572 οὐ
2091 5520 2153 5572 τὺ
2177 5521 2442 5594 πρότερον
2473 5525 2643 5585 αἰτεῖ,
2682 5523 2865 5578 οὐκέτι
2899 5524 2959 5577 τὸ
2985 5524 3151 5578 αὐτοῦ
3184 5525 3386 5596 κρατύ-

134 5604 388 5668 διελθεῖν,
436 5606 709 5674 διάγοντος
737 5609 900 5661 αὑτὸν
925 5609 1242 5680 θαυμασίως
1284 5608 1448 5664 αὐτοῦ
1477 5609 1569 5662 τοῦ
1596 5610 1706 5662 Πα-

131 5693 258 5765 τρδς
282 5733 297 5757 ,
333 5694 406 5766 μὴ
443 5694 606 5766 μέχρι
637 5695 726 5748 τοῦ
761 5697 1068 5768 πειρασμοῦ
1091 5737 1105 5759 ,
1137 5698 1269 5770 μηδὲ
1297 5699 1376 5762 εἰς
1403 5697 1563 5752 αὐτὸν
1597 5700 1704 5751 εἰσ-

199 5850 276 5922 (1)
317 5850 455 5915 MAI,
490 5851 816 5906 Bibliotheca
850 5869 1000 5920 nova,
1040 5853 1131 5919 Vl,
1165 5870 1217 5921 1,
1254 5854 1373 5909 165.

1812 5625 1892 5662 νει
1910 5625 1923 5638 ⁸
1958 5610 2019 5663 τὸ
2051 5611 2109 5664 δὲ
2135 5611 2230 5665 τοῦ
2251 5612 2463 5685 Πατρὸς
2492 5614 2671 5689 ἵστησι
2701 5614 2976 5686 βούλημαο
3004 5615 3120 5669 ναί⁸
3147 5616 3261 5669 ἀλλ’
3281 5617 3388 5672 οὐκ

1811 5701 1925 5756 ἀνθ’
1948 5702 2133 5774 ἐτέρου
2166 5704 2341 5777 πάντη
2366 5705 2689 5777 πράγματος
2726 5708 2911 5783 ἐτέρου
2948 5709 3344 5781 μεταλαμῦάνει
3366 5746 3384 5767 .
