3922 6484
515 350 649 402 ίῢυό

1964 348 2304 402 ΑΟΒΕΝΒΑ.

3643 338 3761 391 16ὶᾶ

1054 594 1759 709 ACTORUM
1854 593 2372 738 SANCT'I
2480 586 3251 705 HlPPOLYTl

1364 806 1575 866 Grzece
1614 812 1673 866 et
1712 805 1931 865 Latine
1962 802 2130 865 infra
2168 802 2189 883 (
2221 803 2340 865 col.
2372 802 2513 879 ΞΜ)
2579 801 2895 865 editorum

1739 970 2174 1064 VERSIO
2251 968 2614 1063 NOVA.

1097 1280 1509 1337 PROOEMIUM.

576 1374 617 1429 1.
645 1374 972 1443 lmperatore
998 1372 1226 1429 Claudio
1265 1391 1387 1429 cum
1429 1386 1574 1430 esset
1615 1376 1852 1432 vicarius
1892 1375 2080 1447 Ulpius

505 1466 789 1529 Romulus,
808 1466 1099 1520 vehemens
1119 1468 1321 1520 exarsit
1340 1472 1389 1520 in
1403 1466 1744 1522 Christianos
1760 1471 2077 1537 persecutio.

501 1555 636 1611 Nam
652 1556 982 1611 Censorinus
996 1558 1247 1628 magister
1262 1558 1558 1612 olliciorum
1570 1602 1583 1625 ,
1601 1561 1810 1614 occulte
1825 1560 2083 1617 Christia-

504 1663 608 1702 nus
643 1663 705 1702 ac
732 1646 926 1702 timens
954 1646 1142 1712 Deum,
1162 1649 1493 1717 apraesentia
1524 1649 1736 1717 quidem
1771 1661 2083 1720 conspectu-

503 1755 610 1810 que
628 1740 967 1809 imperatoris
979 1739 1189 1795 Claudii
1214 1756 1315 1792 non
1332 1740 1641 1807 recedebat;
1669 1742 1714 1795 si
1734 1758 1871 1811 quos
1894 1752 2076 1799 tamen

504 1832 730 1887 vidisset
755 1846 784 1885 e
808 1830 1135 1886 Christianis
1168 1831 1233 1885 ad
1260 1841 1489 1885 mortem
1522 1833 1605 1886 vel
1630 1848 1902 1888 carcerem
1929 1835 2076 1897 duci,

503 1923 641 1978 clam
674 1938 768 1978 eos
801 1923 1192 1989 conﬁrmabat,
1238 1933 1292 1976 et
1333 1924 1513 1992 quoad
1565 1935 1776 1993 poterat
1822 1926 2077 1981 alimenta

505 2018 589 2073 his
619 2017 711 2087 qui
753 2018 805 2070 in
845 2016 1090 2071 custodia
1120 2024 1173 2070 et
1206 2017 1437 2072 vinculis
1465 2027 1621 2072 erant
1647 2020 2025 2088 suppeditabat
2060 2034 2074 2072 :

500 2111 631 2179 quin
681 2110 843 2164 etiam
892 2111 1295 2166 catechumenis
1361 2119 1560 2179 praesto
1610 2120 1728 2165 erat
1772 2111 2075 2166 ministerio

501 2201 674 2256 verbi.
707 2202 828 2267 Quo
866 2202 1051 2273 agnito
1080 2201 1339 2255 Claudius
1367 2201 1549 2255 Caesar
1577 2203 1749 2256 iratus
1776 2202 1951 2273 ipsum
1981 2219 2075 2273 ap-

501 2291 798 2359 prehendi,
847 2301 900 2346 et
942 2292 1043 2346 sibi
1095 2306 1277 2346 coram
1334 2291 1451 2346 sisti
1498 2291 1652 2360 jubet
1694 2310 1708 2345 :
1754 2301 2073 2362 pneseutem

498 2397 629 2437 vero
661 2382 747 2437 bis
774 2398 941 2453 prope
966 2383 1147 2436 verbis
1180 2383 1447 2437 allocutus
1476 2391 1561 2437 cst
1596 2401 1607 2436 :
1647 2381 1725 2435 Tu
1768 2399 1828 2438 es
1867 2384 1949 2437 vir
1984 2383 2073 2437 ille

497 2473 723 2528 deorum
758 2474 965 2538 cultor,
1004 2484 1312 2545 nostraeque
1348 2474 1646 2544 tnajestatis
1675 2490 1852 2544 prmco
1884 2490 2074 2545 perpe-

497 2566 663 2621 tuus?
701 2566 963 2636 Equidem
994 2578 1177 2622 nostra
1209 2568 1494 2623 clementia
1525 2569 1797 2623 neminem
1829 2584 2068 2638 unquam

2110 1297 2154 1348 Α
2186 1284 2423 1354 luptates
2469 1289 2883 1350 temporaneas,
2939 1290 3102 1351 atque
3150 1282 3431 1351 agnoscite
3479 1280 3762 1336 Dominam

2186 1388 2429 1435 nostrum
2473 1375 2660 1432 Jesum
2686 1374 2986 1440 Christum,
3035 1386 3355 1445 perpetuum
3405 1391 3638 1445 regem,
3682 1382 3765 1444 qui

2183 1479 2299 1526 erat
2327 1479 2452 1524 ante
2483 1468 2700 1532 saecula,
2734 1466 2827 1536 qui
2849 1466 3011 1520 etiam
3037 1466 3215 1519 veniet
3234 1465 3600 1534 judicaturus
3628 1468 3768 1519 vivos

2182 1570 2236 1615 et
2265 1567 2533 1623 mortuos,
2577 1566 2632 1612 et
2663 1555 2919 1611 saeculum
2947 1555 3089 1610 istud
3121 1570 3218 1625 per
3245 1556 3451 1624 ignem.
3498 1553 3763 1620 Quoniam

2181 1650 2477 1721 pertransit
2506 1656 2751 1703 nostrum
2776 1663 2974 1713 azvum,
3004 1658 3058 1701 et
3088 1648 3286 1701 coelum
3316 1661 3383 1701 ac
3418 1656 3575 1699 terra
3599 1654 3767 1698 transp

2182 1743 2341 1797 ibunt
2376 1760 2389 1795 :
2428 1741 2695 1795 Dominus
2725 1747 2905 1793 autem
2956 1747 3139 1793 noster
3184 1736 3343 1791 Jesus
3387 1736 3658 1791 Christus
3695 1746 3769 1790 est

2182 1849 2430 1903 semper,
2472 1841 2635 1902 atque
2678 1831 2818 1885 idem
2855 1830 2977 1884 erit.
3019 1829 3288 1884 Custodes
3330 1843 3467 1882 vero
3518 1828 3767 1880 dixerunt

2179 1926 2337 1980 beato
2378 1924 2617 1979 Maximo
2656 1922 2969 1993 presbytero
3006 1941 3019 1975 :
3056 1920 3123 1974 Et
3166 1920 3298 1989 quid
3342 1918 3631 1973 faciemus
3672 1932 3762 1987 pro

2178 2017 2320 2082 isto,
2364 2032 2525 2087 quem
2567 2024 2626 2070 tu
2655 2013 3021 2084 deprazdicas,
3070 2027 3232 2080 quem
3279 2011 3550 2065 novimus
3589 2026 3685 2079 per
3710 2024 3765 2062 ea

2177 2128 2299 2182 quae
2337 2126 2368 2165 a
2416 2120 2468 2165 te
2508 2109 2653 2165 dicta
2684 2117 2832 2173 sunt,
2862 2123 2926 2163 ac
2955 2122 3052 2177 per
3077 2107 3231 2176 signa
3271 2106 3389 2175 ipsa
3432 2105 3489 2157 in
3517 2105 3647 2174 ejus
3676 2120 3765 2157 nos

2177 2204 2323 2257 mine
2348 2210 2581 2273 patrata,
2618 2200 2837 2271 quando
2872 2199 3044 2269 ipsius
3072 2197 3338 2268 potentia,
3374 2196 3613 2265 tuisque
3646 2209 3761 2265 prec

2176 2296 2330 2349 cibus
2361 2294 2575 2348 vincula
2614 2290 3063 2361 disrumpuntur?
3100 2290 3297 2345 Beatus
3330 2289 3632 2359 presbyter
3666 2287 3769 2341 Ma.

2176 2387 2357 2441 ximus
2387 2368 2666 2456 respondit
2695 2403 2708 2438 :
2738 2384 3053 2454 Baptizetur
3077 2381 3468 2451 unusquisque
3497 2390 3766 2441 vestrum,

2173 2487 2228 2534 et
2272 2478 2460 2534 credat
2510 2477 2565 2530 in
2617 2475 2894 2530 Christum
2954 2472 3150 2528 Filium
3189 2472 3285 2528 Dei
3328 2490 3341 2526 :
3384 2472 3488 2527 sed
3531 2481 3595 2526 et
3638 2485 3768 2525 vana

2174 2570 2316 2626 idola
2346 2568 2689 2638 derelinquat
2731 2575 2784 2621 et
2820 2565 3117 2636 poeniteat;
3160 2580 3226 2618 eo
3257 2562 3407 2632 quod
3445 2563 3765 2633 ignorantes

497 2660 877 2715 administrum
914 2660 1102 2729 rejecit
1133 2678 1145 2713 :
1177 2660 1287 2714 imo
1325 2675 1452 2714 vero
1500 2660 1567 2714 ad
1609 2675 1798 2715 eorum
1842 2659 2069 2717 famula-
2101 2656 2143 2710 Β
2174 2661 2592 2732 blasphemastis
2636 2673 2838 2713 nomen
2887 2656 3079 2726 ipsius,
3121 2664 3501 2725 praetereaque
3544 2666 3764 2711 sanctos

500 2760 612 2804 tum
645 2765 746 2805 nos
780 2749 999 2805 omnino
1035 2749 1428 2818 rempublicam
1468 2750 1799 2821 dirigentes,
1843 2750 2070 2806 feliciter

495 2842 883 2913 gubernamus.
927 2841 1063 2896 Tum
1089 2844 1420 2901 Censorinus
1449 2843 1727 2913 respondit
1762 2863 1775 2898 :
1823 2843 1936 2915 Ego
1992 2855 2070 2899 te-

496 2933 813 2989 stimonium
864 2933 1040 2988 dicam
1089 2932 1155 2987 de
1205 2933 1433 2987 Domino
1485 2949 1606 2988 meo
1646 2933 1772 2989 Jesu
1809 2935 2065 3003 Christo;

495 3024 751 3095 quoniam
787 3025 901 3093 ipse
948 3033 1027 3078 est
1069 3039 1232 3078 verus
1278 3023 1454 3090 Deus,
1505 3024 1599 3094 qui
1637 3025 1969 3093 cruciﬁxus,
2016 3036 2071 3082 et

495 3115 738 3184 sepultus
770 3112 888 3179 fuit,
918 3124 972 3167 et
1005 3113 1301 3168 resurrexit
1332 3114 1488 3168 tertia
1513 3115 1618 3180 die,
1648 3115 2068 3186 advigilantibus

493 3208 587 3278 qui
610 3223 735 3263 eum
765 3208 913 3262 cruci
935 3206 1263 3261 sutlixeraut.
1291 3205 1340 3261 ls
1367 3217 1719 3278 posteaquam
1750 3210 2065 3276 resurrexit,

493 3301 610 3357 suis
653 3300 902 3371 apparuit
948 3300 1149 3355 sanctis
1196 3300 1498 3369 discipulis,
1553 3302 1728 3371 iisque
1757 3302 2066 3357 videntibus

493 3392 738 3447 ascendit
768 3390 834 3445 ad
866 3391 1053 3445 caelos.
1087 3389 1186 3444 llic
1215 3392 1416 3445 nostris
1452 3392 1784 3461 temporibus
1815 3393 2067 3463 dignatus

491 3495 574 3537 est
593 3482 845 3536 advenire
872 3497 901 3535 a
924 3479 1083 3533 Patre
1108 3494 1230 3544 suo,
1255 3490 1308 3533 et
1331 3483 1481 3534 nasci
1513 3496 1542 3534 e
1572 3490 1759 3535 ventre
1790 3480 2022 3551 Virginis
2050 3500 2064 3537 :

493 3586 558 3625 ac
586 3570 700 3640 ipse
733 3569 950 3640 quidem
982 3569 1261 3623 descendit
1290 3570 1342 3623 in
1373 3581 1570 3625 terram
1601 3572 1880 3626 hominum
1910 3588 2065 3627 amo-

492 3678 571 3728 re,
604 3663 773 3717 cmlos
804 3676 913 3716 non
936 3656 1333 3732 derelinquens.
1366 3663 1446 3717 Ad
1472 3662 1588 3717 haec
1619 3663 1787 3719 iratus
1808 3663 2067 3721 Claudius

493 3755 630 3810 dixit
663 3773 675 3807 :
708 3754 940 3815 Insanis,
967 3752 1267 3808 Censorine
1299 3774 1311 3807 :
1347 3766 1398 3809 et
1426 3754 1712 3810 confestim
1736 3756 1926 3812 abduci
1947 3758 2065 3827 jus-

493 3848 567 3902 sit
608 3864 703 3917 per
737 3848 934 3901 milites
978 3847 1044 3901 ad
1091 3847 1395 3902 Ostiensem
1440 3849 1746 3913 civitatem,
1792 3850 1974 3920 ibique
2012 3852 2065 3905 in

493 3943 739 3998 custodia
793 3942 1044 3998 detineri.
1093 3941 1168 3997 Eo
1212 3956 1336 3997 cum
1382 3951 1526 3997 esset
1572 3942 1880 4009 abductus,
1920 3945 2062 3998 haud

495 4037 684 4106 procul
709 4037 775 4092 ab
805 4038 939 4092 urbe
970 4036 1166 4099 Roma,
1202 4037 1295 4091 sed
1327 4035 1578 4105 passibus
1606 4035 1777 4091 ferme
1807 4053 1877 4090 xv
1909 4037 2067 4090 milli-

494 4129 635 4188 bus.
690 4144 907 4183 carcere
953 4137 1008 4183 et
1045 4128 1280 4182 vinculis
1331 4126 1663 4182 constrictus
1706 4127 1893 4183 laudes
1953 4126 2064 4184 Deo

494 4221 846 4277 submittebat
874 4222 961 4276 die
991 4234 1284 4291 noctuque.

567 4312 629 4366 ll.
669 4312 725 4366 lu
754 4314 940 4367 eodem
985 4314 1105 4368 loco
1139 4328 1303 4382 prope
1333 4313 1507 4383 ipsam
1539 4312 1843 4368 Ostiensem
1874 4314 2064 4369 civita-

494 4414 625 4467 tem,
665 4405 913 4474 princeps
940 4406 1182 4474 quaadam
1226 4405 1353 4458 hera
1392 4406 1783 4473 diversabatur,
1830 4407 2065 4476 impera-

494 4496 636 4551 torio
666 4511 879 4565 genere,
911 4495 1130 4549 nomine
1160 4495 1401 4565 Chryse.
1439 4510 1561 4564 quae
1593 4496 1776 4564 plures
1810 4512 2062 4565 perpessa

494 4587 937 4657 persecutiones,
983 4596 1035 4640 et
1079 4585 1471 4649 condemnata,
1526 4602 1649 4641 cum
1685 4586 1790 4656 piis
1834 4587 1966 4643 viris
2011 4604 2065 4642 et

494 4679 795 4749 virginibus
839 4679 891 4733 in
946 4694 1046 4733 suo
1075 4678 1274 4747 praedio
1307 4677 1406 4732 sibi
1434 4678 1534 4748 ipsi
1566 4680 1808 4734 vacabat.
1853 4678 1977 4735 Haec
2003 4678 2060 4735 S.

493 4771 792 4826 Censorino
817 4785 847 4824 e
875 4771 1038 4825 domo
1065 4786 1161 4824 sua
1194 4771 1435 4840 quotidie
1461 4773 1659 4827 victum
1688 4772 2015 4842 largiebatur
2046 4790 2059 4826 :

495 4863 775 4933 ipsiusque
800 4864 1015 4917 vincula
1042 4864 1276 4933 propriis
1307 4865 1559 4919 manibus
1584 4865 1832 4928 abluens,
1878 4865 2063 4921 oculos

496 4965 550 5009 et
579 4954 769 5010 faciem
826 4956 1083 5026 tergebat.
1126 4954 1292 5010 Erant
1338 4957 1392 5009 in
1428 4959 1615 5012 eodem
1648 4958 1766 5013 loco
1793 4957 2063 5012 Maximus

498 5048 779 5118 presbyter
809 5049 1208 5115 sanctissimus,
1249 5061 1302 5103 et
1330 5049 1633 5104 Archelaus
1658 5050 1941 5115 diaconus,
1971 5050 2062 5119 qui

499 5140 728 5209 singulis
768 5140 959 5194 diebus
992 5140 1103 5194 Deo
1139 5141 1403 5196 sacriﬁcia
1429 5141 1723 5196 offerebant
1754 5157 1876 5196 cum
1910 5142 2065 5212 hym-

500 5231 584 5284 nis
618 5241 669 5285 et
701 5231 972 5286 laudibUs.
1030 5234 1108 5287 Ac
1156 5234 1502 5289 beatissimus
1533 5234 1749 5303 quidem
1783 5235 2064 5305 presbyter

497 5319 766 5378 Maximus
824 5324 880 5377 in
916 5323 1131 5377 Domini
1194 5328 1362 5379 nostri
1415 5324 1541 5380 Jesu
1595 5326 1794 5381 Christi
1847 5328 2064 5381 nomine

495 5414 812 5470 admiranda
842 5431 1082 5485 eousque
1111 5417 1458 5485 operabatur,
1507 5425 1564 5469 ut
1613 5416 1905 5485 aliquando
1932 5430 2065 5469 con-

498 5507 720 5563 veniens
749 5508 1132 5573 Ceusorinum,
1174 5508 1355 5563 subito
1392 5507 1536 5561 illius
1584 5507 1797 5561 vincula
1834 5524 1863 5560 e
1895 5507 2067 5560 ιιιίιιιίο

501 5599 601 5653 bus
646 5600 975 5669 pedibusque
1017 5598 1465 5653 dissnlverentur.
1517 5595 1671 5652 Tunc
1718 5596 1964 5666 aperiens
2006 5611 2068 5651 os

500 5706 658 5745 suum
686 5692 1030 5747 beatissimus
1056 5691 1357 5761 presbyter,
1387 5706 1683 5745 conversus
1710 5690 1777 5744 ad
1808 5688 1985 5759 ipsum
2017 5698 2071 5744 et

500 5784 786 5851 custodes,
828 5786 900 5839 ait
933 5803 947 5838 :
980 5784 1216 5850 Fratres,
1265 5785 1553 5845 relinquite
1583 5784 1857 5841 dmmones
1887 5793 1938 5840 et
1969 5798 2065 5838 vo-

2172 2754 2466 2809 alflixistis.
2505 2752 2659 2807 Tune
2691 2765 2799 2805 una
2836 2759 3016 2803 mente
3043 2763 3235 2802 omnes
3259 2788 3275 2814 ,
3329 2761 3535 2817 nempe
3583 2745 3765 2805 Felix,

2172 2848 2462 2913 Maximus,
2493 2844 2811 2907 Faustinus,
2854 2840 3233 2905 Herculianus,
3264 2837 3596 2904 Numerius,
3649 2837 3765 2891 Ste-

2171 2941 2428 3003 racinus,
2472 2937 2693 3001 Menas,
2742 2935 3127 2997 Commodius,
3179 2930 3443 2997 Hermes,
3498 2930 3763 2990 Maurus.

2173 3032 2461 3095 Eusebius,
2499 3027 2797 3092 Rusticius,
2822 3025 3158 3091 Monacrius,
3184 3022 3557 3086 Amandinus,
3583 3021 3764 3092 Olym-

2171 3126 2295 3195 pius
2319 3163 2333 3187 ,
2369 3122 2632 3194 Cyprius,
2671 3136 2793 3175 cum
2832 3118 3123 3173 Theodoro
3166 3115 3423 3180 tribuno,
3483 3114 3553 3169 ad
3604 3115 3763 3184 pedes

2171 3215 2471 3271 beatissimi
2514 3212 2812 3283 presbyteri
2863 3208 3079 3263 Maximi
3110 3206 3274 3263 simul
3311 3221 3372 3260 se
3412 3205 3762 3275 abiecerunt,

2168 3307 2528 3377 postulantes,
2579 3304 2659 3358 uti
2686 3309 2876 3357 sancto
2902 3301 3226 3371 baptismate
3264 3298 3464 3366 dignos
3493 3308 3761 3352 censeret.
3793 3356 3802 3363 _

2169 3396 2262 3452 llle
2290 3397 2358 3451 ad
2386 3396 2522 3460 haec,
2550 3409 2649 3464 pro
2684 3401 2944 3448 consueto
2966 3390 3073 3444 ritu
3102 3405 3225 3445 cum
3258 3390 3555 3443 universos
3589 3386 3766 3456 perfe-

2170 3488 2355 3551 cisset,
2383 3484 2627 3540 vestibus
2679 3498 2709 3535 a
2761 3481 2919 3536 beata
2951 3480 3160 3550 Chryse
3202 3478 3511 3545 adornatis,
3541 3478 3765 3533 eadem-

2168 3594 2273 3649 que
2327 3577 2528 3633 cibaria
2563 3575 2630 3629 ad
2662 3575 2864 3629 victum
2913 3572 3400 3637 subministrante;
3458 3571 3765 3640 baptizavit

2168 3685 2357 3725 omnes
2386 3670 2439 3723 in
2472 3668 2691 3722 nomine
2718 3666 2918 3733 Patris,
2947 3673 3001 3720 et
3022 3662 3165 3730 Filii,
3186 3673 3239 3717 ct
3270 3661 3517 3732 Spiritus
3544 3665 3760 3718 sancti:

2170 3760 2461 3815 illuminati
2488 3759 2724 3829 denique
2751 3773 2936 3814 secum
2969 3756 3271 3811 retulerunt
3300 3755 3540 3825 gratiam
3574 3754 3758 3809 omni-

2169 3852 2406 3924 potentis
2438 3851 2555 3907 Dei.
2601 3850 2912 3905 Adveniens
2952 3857 3133 3903 autem
3180 3858 3347 3901 noctu
3398 3847 3763 3901 beatissimus

2168 3946 2429 4018 Cyriacus
2457 3946 2746 4015 episcopus
2771 3984 2786 4010 ,
2846 3943 2995 4013 ipsos
3031 3956 3336 4011 pertingens
3371 3940 3589 3995 Christi
3627 3940 3765 3993 chri-

2171 4048 2342 4093 smate
2377 4037 2640 4108 signavit,
2674 4035 3040 4104 erudiensque
3071 4034 3124 4089 in
3151 4033 3398 4089 doctrina
3430 4032 3584 4099 ﬁdei,
3615 4040 3763 4103 posta

2170 4145 2335 4199 quam
2371 4128 2562 4194 abluit,
2592 4127 2933 4195 consignavit
2954 4126 3109 4196 signo
3144 4125 3344 4181 crucis.

2241 4221 2327 4276 lll.
2368 4221 2578 4277 Interea
2616 4220 2819 4275 sutoris
2848 4218 3155 4288 cujusdam,
3194 4217 3286 4289 qui
3316 4217 3512 4272 eodem
3546 4218 3603 4272 in
3644 4219 3761 4272 loco

2169 4316 2523 4380 morabatur,
2560 4314 2703 4368 ﬁlius
2746 4312 3033 4367 defunctus
3078 4320 3182 4379 est,
3234 4326 3297 4364 ac
3338 4311 3761 4365 transeuntibus

2170 4409 2345 4465 beatis
2374 4408 2602 4479 Cyriaco
2629 4414 2685 4460 et
2714 4404 2951 4460 Maximo
2984 4421 3109 4461 cum
3144 4406 3298 4460 beata
3328 4404 3570 4474 Chryse,
3605 4405 3764 4473 ipsis-

2169 4517 2276 4572 que
2314 4500 2477 4555 etiam
2526 4497 2728 4554 sanctis
2766 4497 2969 4553 Christi
3017 4497 3316 4561 militibus,
3352 4496 3765 4549 lamentabatur

2172 4603 2325 4647 sutor
2355 4602 2582 4646 mortem
2618 4592 2711 4645 ﬁlii
2742 4591 2850 4646 sui.
2900 4590 3055 4646 Tunc
3098 4589 3453 4644 beatissimus
3484 4586 3762 4642 Maximus

2169 4686 2450 4757 presbyter
2474 4685 2646 4740 sutori
2673 4683 2807 4739 dixit
2844 4702 2857 4737 :
2889 4682 3063 4738 Crede
3087 4684 3140 4736 in
3172 4679 3467 4735 Dominum
3503 4691 3759 4733 nostrum

2169 4778 2351 4836 Jcsum
2376 4778 2653 4834 Christum
2689 4779 2743 4833 in
2776 4787 3074 4847 conspectu
3108 4775 3350 4830 omnium
3384 4783 3667 4835 nostrum,
3700 4789 3761 4825 ac

2172 4882 2225 4927 tu
2273 4873 2452 4939 vives,
2502 4880 2557 4926 et
2600 4872 2769 4924 ﬁlium
2818 4879 2969 4924 tuum
3010 4866 3257 4936 recipies.
3297 4866 3393 4918 llle
3444 4880 3584 4918 vero
3634 4879 3760 4918 cum

2171 4964 2423 5036 lacrymis
2456 4982 2472 5017 :
2504 4962 2561 5016 ln
2601 4978 2761 5032 quem
2812 4958 3068 5015 credam?
3120 4958 3233 5011 ait:
3263 4956 3316 5009 in
3350 4971 3479 5009 eum
3526 4955 3759 5017 scilicet,

2170 5059 2257 5113 cui
2313 5058 2382 5111 ab
2431 5055 2794 5110 adolescentia
2840 5068 2961 5106 mea
3021 5064 3168 5104 nunc
3210 5064 3386 5117 usque
3447 5046 3759 5100 maledixi?

2170 5148 2437 5203 Maximus
2494 5146 2775 5215 presbyter
2832 5142 2970 5196 dixit
3017 5163 3029 5197 :
3074 5137 3462 5194 Pmnilendum
3523 5138 3627 5191 tibi
3677 5144 3760 5189 est

2169 5255 2356 5297 eorum
2388 5254 2509 5309 quae
2542 5237 2740 5301 fecisti,
2770 5234 3212 5306 quandoquidem
3254 5231 3649 5300 pteniteutium
3677 5237 3759 5283 est

2169 5331 2312 5387 Deus
2347 5340 2551 5395 noster,
2599 5345 2709 5383 non
2760 5329 2990 5383 reddens
3030 5324 3328 5381 secundum
3379 5334 3613 5391 peccata
3659 5335 3757 5374 no-

2167 5434 2300 5483 stra,
2329 5422 2421 5477 sed
2458 5420 2665 5475 faciens
2693 5420 2991 5475 secundum
3022 5432 3272 5487 magnam
3314 5413 3754 5469 misericordiam

2169 5526 2344 5565 suam.
2395 5510 2467 5563 At
2516 5519 2671 5563 sutor
2716 5510 2893 5563 dixit:
2930 5507 3070 5578 Ergo
3120 5506 3391 5576 baptizate
3431 5520 3523 5558 me
3562 5504 3619 5557 in
3658 5518 3752 5556 uo-

2170 5601 2315 5653 mine
2363 5598 2569 5668 ipsius,
2618 5606 2679 5652 ut
2725 5597 2963 5652 credam.
3008 5596 3161 5650 Tunc
3210 5593 3529 5663 baptizatus
3573 5602 3657 5645 est
3696 5590 3752 5643 in

2168 5692 2387 5746 nomine
2440 5700 2640 5747 sanetze
2670 5688 2952 5744 Trinitatis
2977 5730 2992 5751 ,
3043 5688 3327 5756 factusque
3365 5684 3748 5743 Christianus.

2169 5792 2521 5843 posteaquam
2569 5780 2809 5838 susccoit
2849 5781 3064 5840 sianum
3118 5778 3316 5835 Christi
3341 5818 3357 5834 .
3412 5776 3662 5838 gaudens
3698 5783 3750 5830 et
