3922 6500
234 342 374 399 1605

226 467 509 521 exsultans
544 482 794 523 reversus
838 477 920 522 est
952 468 1017 521 ad
1068 469 1233 523 filium
1266 486 1446 524 suum.
1493 470 1661 535 Quem
1708 468 1795 521 ubi
1829 479 1873 527 Α

138 548 145 549 ί
226 560 507 629 conspexit
554 558 820 615 Maximus
868 562 1166 632 presbyter,
1204 580 1310 618 non
1376 565 1493 619 sine
1545 566 1798 636 lacrymis

224 652 365 706 dixit
400 670 415 706 :
452 652 676 707 Domine
714 650 844 709 Jesu
887 654 1122 717 Christe,
1164 658 1256 726 qui
1284 658 1536 727 dignatus
1582 676 1642 715 es
1687 659 1797 715 for—

224 760 371 799 mam
406 744 546 799 servi
577 746 841 816 accipere,
871 756 931 801 ut
982 764 1013 802 a
1065 750 1323 805 servitute
1363 752 1561 806 diaboli
1606 768 1706 807 nos
1738 754 1798 807 li-

225 836 469 901 herares;
501 838 709 907 respice
754 838 807 896 in
851 854 987 909 opus
1034 856 1292 897 manuum
1330 854 1565 906 tuarum,
1599 854 1657 899 ut
1703 861 1795 900 co-

212 920 453 998 'gnoscat
480 941 531 985 te
561 930 868 986 eﬂ’ectorem
897 941 947 987 et
978 946 1374 1003 procreatorem
1409 953 1588 991 suum.
1641 937 1795 993 Tunc

221 1020 573 1077 beatissimus
606 1022 866 1094 Cyriacus
896 1026 1186 1096 episcopus
1221 1027 1360 1082 dixit
1397 1048 1409 1082 :
1449 1027 1693 1093 Domine,
1739 1031 1793 1084 in

222 1124 319 1169 tuo
368 1114 590 1169 nomine
646 1130 820 1185 genua
882 1128 1067 1173 nostra
1120 1118 1335 1189 figimus
1374 1140 1387 1174 :
1424 1136 1656 1190 ettmque
1695 1122 1787 1176 diu

220 1215 504 1270 orassent,
554 1206 628 1260 ait
693 1207 889 1261 iterum
934 1209 994 1263 B.
1032 1210 1339 1280 Cyriacus:
1386 1211 1612 1266 Domine
1662 1212 1789 1267 Jesu

218 1294 457 1361 Christe,
495 1297 586 1365 qui
634 1308 853 1366 prepter
887 1299 1291 1354 miserationem
1342 1300 1663 1354 immensam
1707 1310 1789 1354 at-

219 1405 327 1457 que
367 1388 646 1442 hominum
683 1389 910 1445 salutem
942 1391 1043 1445 sub
1069 1390 1262 1445 Pontio
1291 1390 1464 1445 Pilato
1494 1393 1789 1449 cruciﬁxus

219 1493 301 1539 es.
331 1479 423 1548 qui
454 1480 713 1535 Lazarum
747 1483 1047 1547 suscitasti,
1080 1491 1134 1537 et
1168 1464 1388 1538 unicum
1419 1484 1595 1539 vidua:
1619 1484 1786 1539 filium

219 1568 287 1621 ad
336 1569 503 1623 vitam
559 1573 845 1635 revocasti,
891 1573 1113 1629 ostende
1137 1574 1297 1628 etiam
1330 1590 1473 1629 nunc
1521 1576 1788 1631 mirabilia

220 1668 311 1713 tua
347 1660 398 1713 in
436 1661 540 1716 isto
570 1661 773 1719 famulo
796 1673 911 1729 tuo,
969 1676 1026 1720 ut
1077 1677 1366 1737 cognoscat
1413 1678 1463 1722 te
1491 1667 1659 1723 Deum
1708 1672 1790 1725 vi-

219 1766 346 1803 vum
377 1761 428 1805 et
461 1768 644 1806 verum
684 1754 738 1808 in
775 1756 1125 1809 renovatione
1150 1772 1269 1822 sua,
1312 1758 1439 1827 quia
1471 1770 1785 1828 procreator

1146 345 1476 402 ACTORUM
1522 344 1579 401 S.
1624 344 1989 401 lllPPOLYTl
2033 347 2282 406 VE'lSlO
2324 351 2535 408 NOVA.

3343 361 3479 416 1606

1904 471 2074 537 ipsam
2131 474 2183 527 in
2230 484 2345 529 rota
2392 476 2651 546 suspendi
2700 477 2886 545 jussit.
2934 476 3070 533 Dum
3125 489 3305 534 autem
3359 481 3481 549 ejus

1906 566 2052 618 nervi
2082 567 2539 633 distraherentur,
2586 569 2837 627 alacriter
2868 572 2957 625 illa
2990 582 3044 626 et
3077 573 3480 641 speciosissima

1904 658 2053 711 vultu
2109 658 2255 728 loqui
2309 659 2473 727 erepit
2516 677 2529 712 :
2574 659 2785 716 Gratias
2834 662 2930 715 tibi
2981 663 3195 729 refero,
3252 662 3481 719 Domine

1902 747 2029 802 Jesu
2062 747 2275 809 Christe
2300 791 2315 817 ,
2359 752 2453 820 qui
2491 767 2576 805 me
2607 767 2673 806 ex
2710 752 2901 808 inferis
2930 754 2999 808 ad
3031 754 3274 809 caelestia
3308 756 3479 810 subli-

1903 840 2009 893 mia
2063 840 2316 910 dignatus
2344 857 2403 897 es
2437 843 2667 898 elevare.
2714 845 2794 898 Ad
2832 861 2995 915 quam
3024 846 3261 900 vicarius
3289 846 3423 900 dixit
3458 863 3474 901 :

1905 929 2195 987 Videamus
2221 948 2289 986 an
2321 934 2543 988 veniens
2580 935 2834 989 Christus
2866 945 2991 991 tuus
3040 946 3089 991 te
3121 936 3330 991 liberet.
3371 935 3478 991 Re-

1901 1023 2119 1091 spondit
2157 1024 2311 1078 beata
2355 1023 2563 1096 Chryse
2609 1044 2621 1079 :
2659 1024 2776 1079 Non
2819 1041 2920 1097 ego
2964 1027 3181 1095 quidem
3228 1044 3347 1082 sum
3388 1026 3475 1081 di-

1899 1130 2024 1183 gna,
2070 1115 2162 1170 sed
2210 1117 2297 1170 ille
2328 1118 2422 1185 qui
2449 1132 2516 1171 ex
2551 1116 2777 1187 caligine
2806 1118 2995 1172 mundi
3035 1118 3196 1188 hujus
3226 1135 3311 1173 me
3344 1120 3477 1175 libe-

1898 1222 2021 1261 rare
2041 1208 2293 1278 dignatus
2312 1219 2414 1273 est,
2446 1218 2626 1278 potest
2649 1209 2811 1262 etiam
2840 1220 2891 1264 te
2923 1225 2987 1264 ac
3013 1220 3161 1264 tuum
3185 1210 3472 1265 Claudium

1898 1298 2142 1367 perdere.
2179 1299 2315 1355 Dum
2363 1300 2476 1355 haec
2508 1300 2848 1370 loqueretur,
2893 1302 3073 1355 subito
3110 1312 3228 1356 rota
3257 1301 3473 1358 confra-

1896 1398 1983 1444 cta
2012 1398 2113 1453 est,
2154 1390 2386 1459 indeque
2415 1390 2501 1443 illa
2531 1402 2829 1461 asportata,
2856 1394 3101 1447 constitit
3132 1410 3286 1449 sana.
3318 1394 3472 1449 Man-

1895 1482 2042 1536 davit
2067 1498 2195 1553 ergo
2228 1483 2491 1539 Romulus
2536 1485 2704 1554 ipsam
2740 1485 2972 1541 fustibus
3003 1488 3157 1552 caedi,
3203 1488 3305 1542 sub
3341 1504 3472 1544 voce

1896 1576 2160 1642 przeconis
2192 1574 2538 1631 inclamantis
2575 1597 2587 1631 :
2630 1578 2902 1646 Sacrilega
2936 1577 3162 1649 Chryse,
3192 1596 3313 1649 qua:
3339 1581 3470 1637 deos

1894 1666 2313 1736 blasphemavit,
2366 1678 2421 1723 et
2466 1670 2754 1739 imperium
2800 1671 3025 1725 rectoris
3058 1680 3258 1726 nostra:
3306 1673 3470 1727 liber-

1894 1760 2021 1815 tatis
2058 1759 2272 1815 Claudii
2332 1762 2694 1831 contempsit,
2753 1765 2986 1833 vapulet.
3038 1764 3238 1820 Sancta
3285 1776 3466 1820 autem

216 1858 278 1899 es
312 1845 573 1911 omnium,
605 1855 657 1900 et
686 1863 879 1917 regnas
911 1848 964 1902 in
1003 1849 1197 1903 srecula
1234 1852 1578 1907 szeculorum.
1615 1852 1786 1908 Cum-
1818 1833 1863 1888 Β
1894 1852 2047 1919 virgo
2095 1852 2382 1919 clamabat,
2425 1854 2616 1908 dicens
2668 1873 2681 1907 :
2731 1854 3054 1910 Benedictus
3096 1873 3191 1922 es,
3240 1856 3469 1912 Domine

218 1950 323 2004 que
377 1937 611 1992 universi
668 1940 1112 2009 respondissent,
1156 1943 1359 2010 Amen,
1399 1944 1594 1999 revixit
1646 1961 1789 2001 mor-

216 2038 344 2082 tuus
368 2070 383 2093 ,
426 2025 587 2099 atque
614 2032 725 2086 hzec
764 2031 911 2101 loqui
940 2033 1104 2103 cmpit
1142 2053 1155 2088 :
1190 2034 1303 2106 Ego
1354 2036 1464 2089 vidi
1494 2036 1784 2093 Dominum

215 2118 399 2175 Jesum
429 2122 705 2178 Christum
739 2126 1084 2181 reducentem
1130 2144 1215 2182 me
1246 2143 1276 2182 a
1313 2130 1551 2185 tenebris
1595 2132 1662 2186 ad
1708 2132 1787 2187 lu-

213 2228 351 2267 cem.
392 2213 528 2268 Tum
558 2232 687 2271 vero
717 2233 812 2287 per
843 2219 1169 2275 catechcsim
1196 2220 1438 2289 edoctus,
1476 2224 1781 2294 baptizatus

212 2317 297 2362 est
343 2306 397 2360 in
445 2308 665 2363 nomine
697 2308 895 2375 Patris,
944 2320 998 2365 et
1043 2311 1186 2379 Filii,
1215 2323 1269 2369 et
1298 2317 1472 2372 sancti
1506 2316 1742 2388 Spiritus
1763 2361 1779 2385 ,

212 2401 548 2469 signaculum
579 2401 812 2472 Spiritus
852 2416 1176 2463 consecutus
1208 2425 1221 2461 :
1255 2424 1417 2479 quem
1458 2410 1620 2466 etiam
1658 2428 1782 2468 sus-

212 2493 352 2561 cepit
398 2492 553 2548 beata
601 2495 826 2565 Chryse,
878 2512 1075 2552 nomen
1126 2498 1227 2569 ipsi
1294 2501 1618 2571 imponens,
1679 2520 1777 2559 vo-

209 2598 450 2653 eansque
501 2584 859 2651 Faustinum,
912 2603 1037 2642 eum
1088 2601 1234 2646 esset
1282 2607 1548 2649 annorum
1612 2611 1778 2666 prope

210 2675 517 2732 duodecim.
574 2678 727 2733 Haud
770 2681 942 2735 multo
1000 2694 1119 2751 post
1168 2694 1349 2739 autem
1407 2690 1773 2743 renuntiatum

208 2776 293 2823 est
328 2769 638 2839 imperatori
682 2771 940 2837 Claudio,
988 2789 1214 2845 puerum
1266 2779 1588 2833 exstinctum
1636 2783 1777 2835 revi-

208 2860 355 2915 xisse
384 2876 414 2915 a
448 2863 697 2925 mortuis,
723 2879 819 2933 per
843 2870 1141 2921 orationem
1166 2868 1443 2925 beatorqu
1472 2871 1770 2926 hominum.
1804 2907 1817 2919 ο

208 2953 276 3005 At
303 2951 563 3008 Claudius
597 2971 610 3007 :
647 2953 781 3021 Hoc,
828 2955 1025 3026 inquit,
1075 2959 1210 3013 nihil
1242 2972 1325 3015 est
1357 2961 1501 3016 aliud
1537 2962 1640 3017 nisi
1686 2978 1773 3018 ars

208 3044 457 3113 magica;
492 3044 757 3117 jussoque
804 3049 1059 3105 accersiri
1110 3051 1313 3106 vicario
1361 3054 1511 3108 urbis
1551 3054 1769 3120 Ronue,

207 3136 428 3191 nomine
457 3134 615 3207 Ulpio
652 3137 905 3205 Romulo,
951 3142 1074 3197 huic
1108 3146 1362 3214 prreeepit
1395 3164 1407 3199 :
1443 3144 1767 3217 Sacrilegam

201 3225 489 3299 Chrysem,
520 3229 730 3299 dicens,
764 3248 885 3303 qua:
911 3234 1217 3291 obscuravit
1263 3254 1430 3308 genus
1479 3239 1770 3309 imperato-

201 3318 301 3373 riae
328 3336 440 3375 sure
466 3324 783 3390 nobilitatis,
818 3342 1061 3426 (alguque
1096 3329 1269 3399 magis
1313 3330 1612 3386 artificibus
1642 3347 1773 3386 con-

202 3410 357 3466 tinuo
388 3415 535 3483 cupit
560 3431 680 3471 esse
703 3432 767 3471 ac
1109 3421 1277 3476 variis
1304 3432 1361 3476 tu
1392 3424 1565 3491 pinnis
1593 3425 1767 3495 adige,

200 3518 497 3575 quousque
516 3510 897 3578 obtemperans
930 3522 1215 3566 veneretur
1243 3514 1374 3567 deos
1399 3515 1657 3585 deasque.
1692 3518 1771 3569 Ac

201 3596 490 3665 siquidem
547 3602 821 3668 paruerit,
859 3602 1001 3656 vivet
1038 3622 1050 3656 :
1092 3605 1222 3673 quin
1277 3606 1437 3659 etiam
1488 3608 1768 3677 inscriptio

199 3700 306 3754 qua
342 3687 595 3742 danmata
640 3699 743 3753 est,
776 3692 1136 3747 rescindatur.
1176 3692 1229 3747 Si
1270 3695 1362 3764 qui
1402 3711 1529 3749 vero
1567 3696 1769 3751 fuerint

199 3792 324 3831 cum
353 3779 467 3849 ipsa
500 3780 842 3851 deprehensi,
873 3784 1040 3838 variis
1074 3785 1374 3855 plecteutur
1412 3789 1763 3844 cruciatibus.

686 3920 1030 3978 lNClPlUNT
1063 3924 1266 3982 ACTA.

269 4053 306 4108 l.
348 4056 481 4112 Cum
529 4062 763 4117 venisset
794 4061 984 4133 Ulpius
1029 4063 1294 4120 Romulus
1333 4066 1569 4124 vicarius
1598 4069 1649 4122 in
1688 4070 1765 4125 ci-

194 4150 411 4206 vitatem
439 4150 763 4221 Ostiensem,
800 4167 1020 4212 sanctos
1048 4157 1115 4212 ad
1142 4174 1308 4214 unum
1342 4160 1536 4215 abduci
1567 4162 1619 4216 in
1647 4178 1761 4218 car-

192 4256 370 4295 cerem
418 4242 601 4312 jussit.
658 4245 810 4301 Mane
871 4258 1053 4304 autem
1098 4266 1325 4321 surgens
1365 4255 1655 4323 praecepit,
1704 4264 1765 4309 ut

195 4329 475 4387 sisteretur
503 4336 655 4391 beata
683 4336 909 4409 Chryse,
937 4356 1097 4408 quam
1139 4342 1222 4396 his
1260 4358 1425 4413 prope
1464 4344 1643 4398 verbis
1671 4361 1762 4399 ex-

192 4425 336 4494 cepit
368 4444 381 4479 :
421 4424 466 4482 O
502 4428 711 4483 insania
741 4430 965 4500 magica:
1010 4434 1163 4492 artis.
1193 4450 1312 4504 qua:
1346 4437 1397 4489 in
1436 4445 1487 4490 te
1514 4437 1675 4506 viget,
1704 4446 1763 4491 ut

192 4518 391 4586 perdas
423 4520 828 4589 imperatorium
865 4512 1049 4587 deéus,
1086 4524 1435 4595 natalitiaque
1460 4536 1549 4581 tua
1582 4527 1759 4595 splen-
1792 4554 1838 4608 ι)

193 4610 320 4666 dida
371 4612 648 4669 obscures.
700 4615 837 4669 Tum
894 4615 1049 4670 beata
1103 4616 1309 4686 Chryse
1366 4620 1702 4687 resliondens
1744 4638 1757 4673 :

190 4704 306 4775 Ego
332 4709 532 4777 potius,
579 4708 772 4778 inquit,
818 4708 1103 4763 obscuravi
1138 4710 1429 4773 daemones,
1477 4712 1569 4780 qui
1605 4712 1760 4768 vobis

192 4798 461 4865 illudunt,
497 4815 560 4854 ac
608 4801 837 4855 desertis
881 4800 1134 4855 inanibus
1182 4800 1339 4855 idolis
1393 4803 1757 4871 manufactis,

186 4893 414 4962 cognovi
446 4910 612 4948 unum
644 4893 810 4949 Deum
854 4896 1060 4960 vivum,
1090 4903 1144 4948 et
1181 4909 1390 4956 verum,
1430 4903 1483 4947 et
1517 4896 1759 4963 unigeni-

190 4996 301 5041 tum
333 4986 525 5041 Ftlium
576 4987 693 5056 ejus
728 4986 1014 5040 Dominum
1063 4995 1309 5040 nostrum
1366 4984 1552 5040 Jesum
1597 4989 1756 5042 Chri-

188 5087 355 5139 stum,
388 5079 481 5149 qui
524 5081 718 5145 veniet,
766 5089 824 5133 ut
862 5078 1071 5147 judicet
1104 5078 1254 5132 vivos
1297 5087 1349 5131 et
1393 5088 1659 5142 mortuos,
1692 5095 1756 5134 ac

185 5181 395 5241 patrem
440 5180 592 5226 tuum
626 5170 901 5226 diabolum
950 5186 1054 5224 una
1088 5186 1213 5223 cum
1259 5168 1487 5224 Claudio
1519 5170 1754 5241 impera-

186 5273 303 5319 tore
336 5263 387 5317 in
428 5265 676 5319 tenebras
719 5263 1048 5317 amandabit.
1080 5260 1270 5332 Ulpius
1298 5261 1564 5318 Romulus
1604 5263 1754 5317 vica-

184 5356 299 5411 rius
332 5356 467 5409 dixit
501 5374 514 5410 :
543 5354 772 5425 Decepta
817 5364 899 5411 est
946 5355 1048 5409 ista
1096 5370 1189 5424 per
1241 5354 1506 5422 magicam
1558 5364 1748 5422 artem,

185 5447 395 5517 ipsique
423 5447 497 5502 ait
528 5465 541 5501 :
577 5447 897 5517 Derelinque
946 5447 1157 5501 tandem
1209 5445 1521 5515 hujusmodi
1553 5463 1747 5517 nugas,

182 5552 237 5599 et
266 5546 486 5601 consule
532 5547 712 5617 generi
760 5554 870 5601 tuo.
912 5546 978 5599 At
1020 5547 1174 5601 beata
1203 5544 1409 5617 Chryse
1455 5544 1750 5599 insulllavit

140 5640 145 5645 '
183 5636 238 5691 iu
284 5636 475 5691 faciem
514 5639 691 5703 illius,
738 5639 925 5693 dicens
964 5657 975 5691 :
1008 5637 1172 5693 Miser
1198 5679 1212 5703 ,
1264 5638 1311 5693 si
1354 5652 1546 5692 nosses
1580 5636 1747 5691 Deum

181 5728 483 5785 eﬂectorern
534 5732 654 5786 cceli
700 5740 752 5785 et
779 5740 952 5793 terrae,
997 5747 1105 5786 non
1138 5732 1322 5801 utique
1351 5747 1446 5786 ore
1479 5742 1572 5784 tuo
1606 5730 1751 5784 blas-

181 5821 448 5891 phemiam
501 5823 833 5892 protulisses.
886 5824 1038 5879 Tunc
1090 5839 1217 5879 vero
1274 5824 1444 5880 iratus
1489 5824 1743 5891 vicarius,

1800 3192 1842 3247 C

1892 1943 2017 1999 Jesu
2043 1944 2277 2009 Christe,
2314 1961 2473 2013 quem
2515 1960 2615 2015 ego
2660 1949 3047 2015 pr0pemodum
3088 1948 3321 2003 intueor.
3357 1947 3467 2003 Ro-

1894 2039 2072 2092 mulus
2116 2038 2352 2093 vicarius
2381 2038 2517 2093 dixit
2552 2057 2565 2093 :
2596 2038 2892 2094 Admovete
2918 2040 3192 2109 lampades
3214 2042 3465 2097 ardentes

1890 2129 1956 2182 ad
2000 2130 2167 2183 latera
2197 2129 2334 2197 ejus.
2368 2127 2439 2183 Ut
2464 2138 2646 2184 autem
2690 2129 3070 2195 admoverunt,
3104 2131 3290 2187 hilaris
3318 2133 3463 2187 clara

1888 2236 2021 2275 voce
2068 2230 2229 2290 atque
2277 2235 2370 2275 ore
2422 2222 2786 2291 pulcherrimo
2833 2223 2924 2277 illa
2960 2242 2972 2276 :
3007 2221 3123 2277 Non
3177 2233 3226 2277 te
3277 2225 3460 2293 pudet,

1888 2311 2101 2380 inquit,
2159 2325 2192 2365 ο
2238 2309 2459 2377 infelix,
2507 2312 2560 2365 in
2605 2313 2847 2367 membra
2893 2315 3136 2383 corporis
3184 2313 3464 2371 intendere

1887 2404 2033 2459 illius
2063 2418 2185 2473 quae
2237 2412 2288 2457 te
2339 2404 2566 2473 genuit,
2616 2420 2779 2473 quam
2820 2405 2915 2460 tibi
2961 2422 3143 2461 coram
3190 2409 3466 2463 statuisti?

1887 2494 2078 2565 Ulpius
2109 2494 2396 2561 Romulus,
2432 2497 2657 2551 adversa
2692 2506 2783 2551 tua
2813 2496 3050 2565 fortuna,
3079 2500 3233 2565 dixit,
3267 2500 3461 2569 hujus~

1884 2588 2031 2642 modi
2061 2598 2468 2659 consequetur:
2499 2604 2619 2658 qua:
2668 2589 3001 2646 immortales
3041 2591 3173 2646 deos
3219 2602 3457 2655 uestros,

1882 2694 2004 2749 quae
2031 2680 2433 2749 imperatoriam
2473 2680 2787 2747 dignitatem
2817 2680 3126 2747 deseruisti,
3160 2698 3281 2752 qua:
3306 2683 3453 2737 abuti

1882 2785 2165 2840 magorum
2196 2770 2401 2825 artibus
2434 2773 2722 2840 exoptasti.
2758 2772 2826 2825 At
2852 2774 2939 2826 illa
2968 2772 3117 2827 humi
3152 2790 3275 2829 cum
3303 2790 3465 2846 appa-

1882 2872 2025 2918 reret
2056 2866 2339 2927 semiassa,
2372 2865 2422 2917 in
2464 2880 2739 2919 carcerem
2772 2866 2976 2920 retrudi
3009 2866 3249 2934 jubetnr.

1950 2954 2011 3007 ll.
2038 2954 2173 3009 Tum
2212 2956 2397 3010 beatos
2426 2956 2569 3009 viros
2595 2956 2817 3025 produci
2849 2956 3141 3022 mandavit,
3171 2957 3461 3014 Maximum

1879 3046 2272 3116 presbyterum,
2304 3055 2357 3100 et
2382 3046 2703 3101 Archelaum
2731 3047 3017 3102 diaconum
3047 3067 3059 3102 :
3092 3065 3230 3119 quos
3274 3051 3345 3104 ita
3377 3063 3461 3106 est

1879 3138 2146 3191 allocutus
2174 3154 2186 3188 :
2212 3135 2416 3207 Ecquid
2444 3137 2663 3191 nomina
2692 3137 2959 3207 majorum
2983 3138 3207 3193 deorum
3238 3154 3332 3208 per
3362 3156 3461 3197 ves

1878 3230 2352 3300 blasphemantur,
2388 3238 2441 3284 et
2467 3230 2772 3299 pervertitis
2807 3230 3054 3285 homines
3084 3246 3150 3285 ne
3194 3231 3324 3301 ipsis
3350 3249 3463 3289 cre-

1878 3323 2042 3377 dant?
2083 3321 2144 3376 B.
2199 3322 2481 3393 presbyter
2520 3320 2787 3376 Maximus
2835 3324 3154 3392 respondit:
3196 3322 3306 3380 Nos
3345 3328 3460 3396 qui-

1877 3416 1998 3470 dem
2040 3415 2311 3469 nemiuem
2358 3414 2743 3484 pervcrtimus,
2776 3425 2831 3468 at
2867 3417 3047 3484 petius
3093 3432 3188 3486 per
3228 3418 3454 3487 gratiam

1876 3506 2091 3562 Domini
2127 3507 2297 3562 nostri
2327 3504 2455 3561 Jesu
2484 3506 2690 3561 Christi
2723 3522 2915 3562 omnes
2949 3508 3242 3564 liberamus
3270 3508 3339 3563 ab
3364 3525 3454 3563 er-

1877 3616 2001 3656 rore
2048 3602 2337 3656 idolorum.
2388 3599 2560 3655 Iratus
2610 3599 2875 3656 Romulus
2916 3601 3055 3655 dixit
3106 3618 3121 3656 :
3174 3601 3262 3657 lsti
3309 3610 3455 3657 certe

1876 3694 2023 3764 digni
2062 3702 2190 3749 sunt
2238 3701 2455 3748 morte:
2488 3692 2849 3762 praecepitque
2898 3694 3114 3747 beatum
3162 3694 3452 3748 diaconum

1874 3786 2199 3842 Archelaum
2251 3786 2377 3840 duci
2437 3785 2504 3840 ad
2543 3800 2730 3840 arcum
2778 3797 2903 3840 ante
2956 3786 3247 3848 theatrum,
3272 3786 3453 3857 ibique

1874 3879 2068 3950 capitis
2096 3893 2311 3949 poenam
2344 3879 2641 3943 sustinere;
2675 3878 2761 3931 cui
2799 3878 2983 3932 cervix
3015 3878 3208 3933 eodem
3246 3879 3298 3931 in
3334 3878 3451 3933 loco

1873 3972 2114 4027 abscissa
2153 3980 2253 4027 est.
2299 3970 2521 4026 Beatum
2570 3986 2699 4024 vero
2729 3970 3023 4025 Maximum
3068 3971 3137 4025 ad
3174 3986 3447 4026 carcerem

1872 4063 2077 4132 rejecit.
2107 4061 2281 4117 Noctu
2316 4072 2495 4117 autem
2527 4060 2589 4114 Β.
2621 4062 2903 4131 presbyter
2930 4059 3199 4116 Eusebius
3236 4060 3450 4131 collegit

1872 4172 2069 4226 corpus
2095 4156 2239 4209 beati
2266 4154 2539 4218 Archelai,
2571 4162 2625 4208 et
2655 4155 2706 4206 in
2741 4168 2871 4223 agro
2903 4153 3167 4223 sepelivit.
3204 4152 3283 4207 Ad
3310 4154 3446 4218 haec,

1871 4247 2071 4301 milites
2115 4247 2279 4299 etiam
2317 4244 2410 4314 qui
2467 4260 2629 4314 Opera
2679 4243 2739 4298 Β.
2796 4243 3015 4298 Maximi
3060 4245 3117 4298 in
3168 4246 3444 4301 Christum

1872 4338 2253 4401 crediderant,
2309 4337 2424 4407 pari
2478 4336 2669 4391 mortis
2708 4352 2904 4407 genere
2950 4339 3256 4407 consumpti
3294 4349 3441 4395 sunt.

1871 4430 2027 4498 Quod
2066 4446 2189 4486 eum
2241 4428 2443 4484 factum
2491 4430 2789 4499 accepisset
2840 4428 3143 4496 Romulus,
3192 4434 3444 4503 praecepit

1869 4524 2051 4578 statim
2099 4532 2158 4579 ut
2208 4524 2381 4579 sancti
2428 4534 2693 4593 martyres
2746 4521 3015 4576 Maximus
3069 4524 3345 4594 presbyter
3389 4534 3443 4579 et

1868 4615 2130 4687 Cyriacus
2173 4617 2462 4686 episcopus
2512 4617 2565 4669 in
2610 4631 2827 4669 carcere
2856 4616 3031 4685 capite
3056 4617 3218 4686 plexi,
3250 4633 3439 4673 eorum

1868 4725 2094 4779 corpora
2117 4709 2172 4762 in
2202 4724 2352 4762 mare
2383 4707 2800 4777 projicerentur.
2831 4706 2962 4773 Qua:
2991 4724 3114 4763 cum
3149 4710 3443 4767 invenisset

1865 4800 2059 4856 beatus
2088 4800 2356 4855 Eusebius
2386 4799 2684 4868 presbyter,
2717 4799 2905 4853 sedulo
2928 4800 3161 4872 collegit.
3181 4810 3342 4872 atque
3371 4804 3439 4859 ad

1865 4893 2033 4948 maris
2065 4893 2217 4947 littus
2250 4906 2417 4962 prope
2443 4889 2745 4947 Ostiensem
2777 4892 2968 4946 urbem
3003 4892 3054 4945 in
3088 4908 3219 4963 agro
3247 4895 3441 4964 sepeli—

1862 4984 1963 5048 vit,
2004 4984 2229 5053 ipsaque
2259 4983 2310 5036 in
2341 4983 2526 5037 eadem
2558 4983 2753 5037 vicinia
2786 4983 2838 5036 in
2878 4993 3064 5054 crypta
3101 4985 3356 5053 deposuit
3383 5004 3433 5039 a.

1861 5076 1915 5131 d.
1950 5091 2004 5129 v1
2049 5074 2125 5130 ld.
2172 5074 2403 5145 Augusti
2454 5074 2533 5127 via
2584 5070 2841 5128 Ostiensi.
2877 5072 3177 5128 Taurinum
3215 5090 3344 5129 vero
3383 5086 3438 5130 et

1861 5166 2247 5223 Iierculianum
2296 5167 2349 5219 iu
2390 5164 2555 5219 Portu
2590 5164 2836 5219 Romano
2866 5165 3188 5221 recondidit.
3228 5164 3433 5232 Quarto

1859 5258 2203 5329 postmodum
2242 5256 2327 5310 die
2357 5255 2563 5311 invenit
2600 5270 2828 5325 corpora
2865 5266 3183 5309 caeterorum
3216 5265 3435 5312 sancto-

1858 5368 1979 5409 rum
2009 5352 2075 5406 ad
2108 5350 2274 5405 maris
2316 5348 2466 5402 littus
2496 5348 2687 5416 ejecta,
2736 5355 2789 5401 et
2825 5347 3037 5401 beatum
3086 5347 3432 5404 Theodorum

1858 5446 2136 5499 tribunum
2170 5440 2420 5510 deposuit
2466 5439 2517 5492 in
2563 5439 2833 5493 testudine
2866 5458 2879 5493 :
2917 5439 3079 5494 simul
3124 5451 3303 5495 autem
3344 5457 3432 5494 1e-

1856 5510 2034 5608 iiqhos
2068 5549 2257 5589 omnes
2286 5531 2517 5601 collegit,
2549 5547 2750 5601 eosque
2776 5533 2930 5603 juxta
2970 5543 3157 5588 sancta
3201 5547 3433 5603 corpora

1856 5638 2155 5700 martyrum
2190 5624 2486 5685 sociorum,
2522 5621 2737 5693 Cyriaci
2764 5634 2817 5679 et
2848 5625 3090 5688 Maximi,
3119 5625 3391 5694 deposuit.

1926 5723 2014 5776 ΙΙΙ.
2056 5720 2257 5787 Quinto
2286 5727 2467 5771 autem
2492 5714 2579 5770 die
2606 5719 2857 5788 praecepit
2895 5718 3163 5774 Romulus
3197 5728 3252 5773 ut
3282 5720 3428 5773 exhi-

1854 5820 2069 5874 beretur
2105 5817 2257 5869 beata
2287 5810 2511 5879 Chryse,
2560 5826 2679 5881 quae
2727 5820 2785 5865 ιιι
2819 5811 2870 5865 in
2904 5821 3247 5882 conspectum
3283 5826 3421 5882 prte-
