3922 6492
1184 315 1968 379 ADDENDA.——AC'I'ORUM
2011 316 2069 369 S.
2112 309 2472 368 HIPPOLYTI
2508 305 2757 362 VERSIO
2796 303 3002 360 NOVA.

3580 300 3716 356 I608

476 452 609 506 sidis
637 451 801 512 venit,
844 448 1038 502 alacris
1078 446 1256 500 dixit:
1293 444 1474 509 Miser,
1514 458 1683 513 quare
1713 440 1889 509 perdis
1926 438 2043 491 dies
2076 466 2111 511 Α
2145 448 2267 486 cum
2306 446 2413 484 non
2449 428 2663 489 habere,
2720 424 2813 479 sed
2870 438 3044 492 neque
3084 429 3414 513 vomatatem
3466 415 3717 513 flectendi

476 543 643 597 tuos?
687 542 931 611 Agnosce
980 538 1193 595 tandem
1243 544 1638 606 procreatorem
1686 543 1835 587 tuom
1882 529 2041 583 Chri-

480 645 646 695 stum,
674 634 953 689 deﬁnitum
985 633 1150 686 Deum
1177 646 1317 694 esse,
1363 645 1461 683 nec
1490 628 1682 682 adores
1722 624 1925 693 lapides
1956 622 2040 675 vel

481 728 774 783 simulacra
804 743 869 780 ex
914 740 1039 789 aere,
1087 739 1242 787 auro,
1290 731 1579 791 argentove
1631 717 1897 781 conﬂata;
1947 712 2041 769 sed

482 821 646 875 adora
680 818 966 873 Dominum
998 832 1178 872 meum
1205 814 1388 869 Jesum
1416 813 1691 867 Christum
1722 810 2041 865 cruciﬁxum

484 911 586 965 sub
625 909 819 965 Pontio
861 909 1050 973 Pilato,
1079 908 1170 977 qui
1202 906 1499 961 resurrexit
1534 920 1563 957 a
1603 904 1831 957 mortuis
1864 901 2044 956 triduo

484 1012 770 1071 postquam
814 1000 987 1055 fuerat
1011 1001 1271 1069 sepultus,
1300 997 1541 1053 ascendit
1571 996 1636 1050 ad
1668 995 1864 1058 coelos,
1905 993 2046 1048 unde

484 1092 677 1146 iterum
726 1093 903 1146 veniet
936 1092 999 1145 ad
1031 1089 1377 1160 judicandum
1410 1088 1561 1141 vivos
1591 1096 1643 1140 et
1674 1092 1915 1139 mortuos
1940 1124 1954 1145 ,
1992 1091 2047 1135 et

484 1184 740 1238 saeculum
768 1183 916 1237 istud
948 1198 1040 1252 per
1067 1183 1265 1251 ignem.
1292 1180 1390 1235 Cui
1427 1178 1690 1233 Romulus
1719 1176 1997 1245 respondit
2030 1194 2042 1228 :

485 1275 643 1330 Modo
695 1275 898 1330 videbis
943 1274 1220 1328 Christum
1264 1282 1455 1335 tuum,
1505 1271 1607 1325 nisi
1658 1268 2047 1324 sacriﬁeaveris

486 1369 884 1424 immortalibus
925 1368 1048 1421 diis.
1095 1366 1292 1422 Sancta
1322 1366 1528 1435 Chryse
1560 1362 1701 1417 dixit
1738 1376 1749 1414 :
1782 1360 1922 1415 Bene
1959 1371 2045 1425 tu,

486 1462 814 1523 miserande,
872 1461 1081 1514 locutus
1120 1475 1200 1523 es,
1248 1474 1313 1512 ac
1352 1458 1437 1510 vel
1471 1470 1593 1510 sero
1630 1454 1905 1507 veritatem
1951 1453 2049 1505 ali-

487 1554 704 1623 quando
729 1568 794 1607 ex
824 1568 918 1606 ore
948 1563 1041 1605 tuo
1073 1549 1372 1620 protulisti,
1412 1548 1618 1611 dicens,
1650 1560 1765 1609 me,
1806 1545 1910 1599 n‘isi
1942 1545 2051 1597 dm-

490 1645 690 1699 moniis
739 1644 1155 1701 sacriﬁcavero,
1214 1642 1453 1695 visuram
1517 1639 1789 1693 Christum
1845 1652 2045 1690 meum.

489 1738 645 1815 Tunc
676 1738 755 1791 ira
785 1751 1080 1791 suecensus
1113 1733 1372 1788 Romulus
1416 1746 1481 1785 eo
1512 1731 1657 1799 quod
1704 1728 1849 1782 illius
1875 1727 2051 1781 verbis

490 1830 667 1883 victus
690 1826 885 1889 fuerat,
934 1824 1203 1895 lapidibus
1238 1824 1411 1878 malas
1439 1821 1557 1891 ejus
1581 1818 1839 1874 contundi
1864 1818 2049 1883 jussit.
2090 1848 2128 1901 Β

495 1917 695 1972 Saneta
721 1925 898 1969 autem
926 1916 1130 1985 Chryse
1160 1928 1352 1983 magna
1378 1926 1508 1966 voce
1538 1911 1805 1966 clamabat
1834 1931 1844 1963 :
1871 1908 2054 1964 Gloria

492 2008 615 2073 tibi,
647 2007 874 2062 Domine
907 2007 978 2060 mi
1005 2005 1132 2061 Jesu
1173 2004 1406 2070 Christe,
1456 2004 1581 2073 quia
1616 2018 1701 2056 me
1726 2002 1942 2071 dignam
1975 2000 2054 2054 fe-

493 2100 636 2165 cisti,
670 2109 729 2153 ut
780 2098 951 2154 servis
980 2108 1033 2152 et
1062 2096 1273 2152 ancillis
1310 2097 1415 2151 tuis
1441 2110 1783 2149 annumerer.
1838 2092 1905 2147 At
1947 2091 2054 2146 Ro-

495 2191 675 2245 mulus
703 2190 767 2243 ad
809 2190 983 2258 ipsam
1032 2207 1046 2243 :
1096 2187 1359 2258 Agedum,
1388 2185 1608 2240 consule
1640 2183 1905 2253 prosapiae
1934 2192 2057 2244 tum,

493 2296 560 2334 ac
589 2290 845 2336 venerata
887 2279 1022 2333 deos
1070 2286 1305 2340 nostros,
1355 2274 1486 2341 ipsis
1538 2271 1814 2333 sacriﬁca,
1860 2269 2062 2337 tibique

494 2387 654 2428 sume
692 2373 867 2425 virum
897 2385 994 2439 pro
1029 2366 1336 2423 conditione
1371 2374 1482 2419 tua.
1533 2362 1702 2429 Quem
1734 2362 1898 2416 libere
1929 2361 2061 2415 allo-

497 2478 693 2532 quens,
712 2458 965 2517 clamavit
981 2466 1164 2514 sancta
1180 2454 1354 2526 virgo,
1371 2455 1611 2526 dixitque
1625 2462 1877 2510 contenta
1893 2469 2022 2510 voce
2045 2467 2059 2504 :

500 2550 612 2622 Ego
657 2551 769 2621 jam
818 2549 992 2602 virum
1024 2548 1195 2601 habeo
1223 2554 1620 2615 procreatorem
1652 2542 1773 2597 coeli
1814 2556 1877 2597 ac
1908 2552 2065 2597 terra:

495 2642 686 2699 Jesum
730 2640 1007 2695 Christum
1043 2638 1237 2691 Filium
1297 2635 1391 2690 Dei
1416 2636 1519 2689 vivi
1546 2678 1560 2702 ,
1597 2652 1758 2705 quem
1806 2646 1863 2689 tu
1906 2647 2066 2689 nosse

501 2734 718 2797 renuis;
765 2742 819 2786 at
851 2731 1028 2799 potius
1061 2731 1333 2784 daemones
1360 2727 1524 2791 nosti,
1557 2727 1650 2795 qui
1684 2740 1779 2779 cor
1810 2735 1961 2779 tuum
1996 2722 2068 2778 fe-

500 2824 621 2877 rina
653 2822 802 2876 rabie
832 2821 1187 2892 repleverunt.
1232 2817 1422 2872 Subito
1456 2829 1633 2871 autem
1679 2816 1933 2871 incensus
1960 2816 2068 2868 Ro-

504 2916 689 2969 mulus
734 2914 987 2983 praicepit
1048 2912 1448 2981 apparitoribus
1494 2919 1553 2964 ut
1607 2908 1898 2978 plumbatis
1945 2922 2065 2963 eam

500 3006 769 3058 caederent
801 3022 814 3057 :
858 3018 979 3071 quae
1034 3002 1262 3055 multum
1312 3000 1591 3054 verberata
1616 3040 1632 3064 ,
1670 2998 1841 3068 magis
1873 2998 2068 3052 conﬁr-

504 3096 775 3149 mabatur.
814 3092 1012 3147 Iterum
1048 3107 1176 3147 vero
1201 3093 1366 3162 jussit
1394 3092 1663 3161 ingentem
1690 3089 1918 3159 lapidem
1950 3089 2068 3159 ejus

2145 540 2283 595 genu
2316 536 2496 577 coram
2531 517 2707 572 idolis.
2759 514 2884 569 llzec
2932 514 3126 583 hisque
3157 511 3355 566 similia
3390 525 3518 564 cum
3550 508 3720 564 dixis-

2148 626 2227 670 set
2267 613 2327 668 Β.
2376 611 2724 674 Sabinianus,
2760 607 3014 662 efferatus
3042 604 3306 658 Romulus
3335 604 3592 672 praecepit
3628 618 3721 670 ap-

2148 702 2496 774 paritoribus,
2519 709 2577 754 ut
2602 698 2773 768 ipsius
2802 696 3063 751 cervicem
3089 693 3383 765 plumbatis
3415 694 3722 747 contunde~

2148 806 2285 851 rent.

2220 884 2285 939 V.
2327 883 2381 937 Id
2408 898 2530 938 cum
2560 878 2902 949 cognovisset
2929 876 3278 931 beatissimus
3308 891 3475 930 senex
3518 872 3720 943 Hippo-

2150 978 2325 1048 lytns,
2360 974 2651 1029 adveniens
2699 985 2881 1024 coram
2913 967 3145 1022 Romulo
3192 967 3337 1023 stetit
3388 976 3551 1035 atque
3583 968 3722 1020 elata

2152 1087 2279 1125 voce
2302 1068 2438 1123 dixit
2468 1090 2478 1122 :
2501 1064 2545 1121 Ο
2570 1064 2751 1127 miser,
2784 1063 2828 1117 si
2859 1077 3046 1117 nosses
3072 1061 3346 1116 Clnistum
3384 1060 3477 1115 Dei
3505 1059 3725 1124 Filium,

2154 1162 2295 1216 haud
2326 1161 2483 1230 plane
2520 1166 2830 1213 sanctorum
2862 1154 2979 1222 ejus
3011 1154 3249 1207 cervices
3276 1153 3380 1207 hoc
3412 1153 3579 1205 modo
3615 1160 3722 1203 tor-

2152 1268 2379 1324 queres,
2425 1259 2483 1305 ut
2526 1250 2829 1304 subdantur
2883 1246 3132 1300 inanibus
3178 1244 3372 1299 vestris
3419 1244 3620 1308 idolis;
3674 1252 3725 1297 at

2154 1345 2413 1415 potiuste
2444 1343 2620 1412 ipsum
2657 1339 2915 1395 subderes
2948 1336 3213 1391 conditori
3246 1350 3309 1390 ac
3338 1333 3589 1390 eﬁectori
3615 1334 3725 1387 uni-

2155 1450 2434 1490 versorum
2462 1474 2477 1497 ,
2532 1443 2586 1488 et
2618 1433 2791 1488 servis
2837 1431 2996 1499 ejus;
3055 1443 3229 1497 neque
3277 1442 3446 1480 vanos
3502 1427 3723 1496 lapides,

2157 1539 2333 1582 mutos
2360 1534 2413 1581 et
2440 1523 2707 1579 inanimes
2732 1522 2957 1577 coleres.
2982 1504 3091 1571 llis
3115 1518 3332 1582 auditis,
3357 1516 3627 1570 Romulus
3651 1516 3727 1569 ira

2156 1620 2500 1674 vehementer
2530 1614 2849 1682 excanduit,
2880 1612 3150 1683 jussitque
3182 1610 3413 1679 pedihus
3444 1608 3727 1662 manibus

2157 1722 2262 1778 que
2308 1708 2490 1777 ligatis
2538 1705 2867 1775 praecipitem
2906 1704 2958 1756 in
3006 1701 3169 1754 altam
3206 1699 3419 1753 foveam
3467 1697 3726 1765 demergi.

2160 1799 2322 1853 Beato
2355 1807 2534 1852 autem
2576 1796 2861 1867 llippolyto
2887 1793 3118 1862 dejecto,
3148 1802 3207 1846 ut
3232 1789 3345 1844 fors
3375 1790 3526 1851 tulit,
3578 1790 3632 1841 in
3657 1788 3729 1840 LP

2158 1906 2351 1947 cunam
2385 1900 2591 1959 portus,
2619 1888 2710 1959 qui
2745 1887 2961 1957 proprio
2992 1884 3251 1941 vocabulo
3280 1881 3481 1936 Portus
3511 1880 3728 1939 dicitur,

2158 1980 2442 2035 confestim
2480 1996 2580 2033 vox
2610 1980 2790 2035 audita
2823 1987 2927 2044 est,
2957 1977 3119 2031 unius
3148 1975 3317 2030 ferme
3353 1973 3507 2026 bone
3542 1974 3732 2040 spatio,

2160 2072 2325 2126 veluti
2366 2071 2715 2141 puerulorum
2750 2071 2954 2142 gratias
2991 2066 3101 2122 Deo
3143 2066 3497 2120 referentium
3536 2083 3553 2114 :
3587 2064 3737 2117 dum-

2160 2179 2263 2232 que
2293 2162 2405 2217 hzec
2447 2162 2776 2227 dicerentur,
2831 2163 2917 2216 ille
2963 2160 3212 2231 spiritum
3247 2156 3486 2211 Domino
3513 2156 3740 2211 reddidit

2161 2272 2211 2308 a.
2250 2255 2304 2309 d.
2336 2271 2387 2308 xi
2416 2252 2533 2308 Kal.
2571 2254 2923 2325 Septembris.

2235 2366 2318 2422 VI.
2363 2366 2627 2424 Romulus
2673 2382 2800 2421 vero
2847 2368 3029 2422 dixit:
3064 2365 3187 2421 Hzec
3236 2366 3454 2420 insania
3495 2379 3626 2418 esse
3666 2360 3740 2415 di-

2162 2458 2443 2527 gnoscitur
2475 2459 2695 2529 magicae
2720 2458 2871 2511 artis.
2904 2456 3184 2526 Coepitque
3211 2455 3477 2508 iracunde
3505 2453 3739 2507 clamare

2164 2565 2227 2605 ac
2255 2550 2433 2604 dicere
2462 2568 2474 2603 :
2508 2548 2839 2603 Sabinianus
2882 2548 2985 2601 iste
3030 2563 3125 2616 per
3171 2546 3442 2617 magicam
3477 2546 3632 2598 illius
3663 2560 3742 2597 ar-

2164 2650 2268 2695 tem
2303 2650 2494 2711 captus
2546 2651 2648 2705 est,
2689 2640 2894 2711 argenti
2937 2640 3249 2709 cupiditate,
3286 2648 3342 2691 et
3385 2637 3743 2707 pecuniarum

2166 2734 2465 2801 illecebris;
2508 2733 2653 2788 hunc
2682 2750 2711 2787 e
2740 2733 2970 2802 vestigio
2995 2733 3243 2786 divellam
3279 2732 3350 2784 ab
3372 2731 3579 2785 insano
3605 2728 3746 2796 ejuso

2167 2825 2310 2879 modi
2348 2824 2549 2890 studio,
2594 2824 2698 2878 nisi
2729 2825 2913 2878 adoret
2943 2838 3007 2878 ac
3051 2822 3320 2877 sacrificet
3353 2820 3621 2874 maximis
3654 2833 3747 2871 no-

2165 2919 2291 2975 stris
2317 2920 2441 2973 diis.
2488 2918 2621 2985 Qua:
2664 2919 2876 2988 aliaque
2914 2918 2980 2971 ad
3006 2917 3151 2972 hunc
3175 2915 3396 2969 modum
3423 2930 3554 2967 cum
3585 2912 3745 2965 dixis-

2166 3017 2266 3072 set,
2315 3008 2489 3077 ipsum
2535 3007 2771 3062 fustibus
2804 3007 2933 3062 cmdi
2958 3007 3143 3076 jussit,
3176 3006 3278 3060 sub
3308 3017 3447 3057 voce
3480 3002 3746 3072 praeconia

2168 3099 2511 3154 inclamantis
2557 3117 2570 3152 :
2618 3098 2801 3154 Redde
2848 3100 3132 3167 thesauros
3176 3096 3608 3166 imperatoribus
3658 3109 3752 3146 no-

502 3191 644 3247 collo
666 3190 942 3259 suspendi,
974 3199 1134 3260 atque
1164 3191 1235 3244 ita
1267 3190 1319 3244 in
1349 3205 1496 3244 mare
1526 3188 1866 3259 praecipitari.
1898 3187 2067 3257 Cujus
2095 3204 2135 3259 ς,
2168 3193 2298 3247 stris
2321 3234 2337 3257 ,
2390 3202 2551 3262 atque
2593 3191 2757 3247 adora
2803 3194 3083 3263 omnipote.
3122 3204 3198 3263 ﬂes
3242 3192 3374 3247 deos
3399 3234 3415 3256 ,
3472 3207 3571 3261 per
3617 3204 3751 3259 quoa

505 3284 723 3352 quidem
758 3298 971 3337 sacrum
1014 3298 1215 3352 corpus
1241 3282 1306 3337 ad
1340 3282 1489 3336 littus
1521 3282 1754 3345 devenit,
1787 3280 2072 3349 ipsumque

507 3379 853 3433 beatissimus
875 3376 1082 3442 Nonus,
1115 3380 1206 3448 qui
1239 3388 1291 3433 et
1319 3378 1636 3448 Hippolytus
1660 3374 2072 3445 cognominatus

505 3481 607 3529 est,
644 3478 851 3535 avexit,
891 3486 955 3525 ac
983 3471 1036 3524 in
1067 3470 1284 3540 proprio
1327 3472 1471 3526 illius
1498 3470 1685 3535 fundo,
1733 3468 1823 3524 ubi
1865 3477 1920 3522 et
1959 3483 2073 3520 mo-

506 3563 749 3625 rabatur,
780 3561 1043 3630 sepelivit,
1071 3570 1223 3615 extra
1248 3576 1435 3618 muros
1465 3558 1732 3617 Ostiensis
1758 3558 1909 3613 urbis
1932 3572 1983 3611 a.
2013 3556 2066 3611 d.

508 3669 599 3708 xix
634 3652 751 3707 Kal.
780 3652 1135 3721 Septembris.

580 3745 667 3799 IV.
719 3744 873 3799 Tunc
944 3745 1182 3799 vicarius
1242 3744 1650 3815 comprehendit
1715 3742 2070 3797 Sabinianum

508 3837 823 3907 quemdam,
859 3846 1168 3892 curatorem
1203 3836 1351 3890 fundi
1396 3837 1560 3900 illius,
1598 3843 1653 3889 et
1679 3834 1963 3903 exquirere
2004 3832 2073 3885 ab

509 3944 573 3982 eo
608 3927 772 3996 cmpit
816 3943 929 3982 rem
983 3926 1300 3981 familiarem
1337 3928 1503 3981 beata:
1539 3926 1791 3995 Chryses,
1832 3923 2019 3978 dicens
2056 3941 2068 3976 :

510 4019 780 4087 Sacrilega
813 4017 1039 4089 Chryse,
1084 4033 1206 4087 qua:
1242 4026 1460 4087 propter
1487 4016 1750 4087 magicam
1800 4029 1954 4070 suam
1987 4028 2073 4066 ar-

509 4118 615 4163 tem
663 4109 823 4176 elegit
886 4108 1061 4178 potius
1110 4120 1336 4163 mortem
1396 4123 1556 4177 quam
1608 4108 1815 4173 vitam,
1860 4105 2075 4160 divitias

511 4202 711 4255 multas
751 4201 1079 4270 possidebat.
1111 4198 1286 4269 Ipsius
1332 4216 1462 4271 ergo
1498 4200 1784 4253 thesauros
1814 4209 1868 4251 et
1907 4213 2073 4250 mun-

508 4291 636 4346 dum
683 4291 1001 4357 muliebrem
1038 4290 1102 4344 ad
1135 4306 1233 4344 nos
1276 4289 1439 4357 aﬂer;
1481 4291 1724 4345 sacriﬁca
1751 4289 1913 4344 etiam
1946 4289 2073 4356 diis,

508 4391 563 4436 et
589 4381 725 4445 vive,
762 4381 1141 4449 obtemperans
1161 4380 1351 4434 edictis
1378 4381 1784 4450 imperatorum.
1827 4378 2077 4435 Sabinia-

511 4487 613 4525 nus
660 4471 797 4524 dixit
833 4489 846 4524 :
876 4469 987 4541 Ego
1048 4470 1100 4524 in
1167 4470 1420 4524 omnibus
1479 4471 1645 4524 animi
1690 4471 2072 4525 demissionem

2174 3284 2374 3353 regitur
2417 3286 2684 3339 universa:
2724 3284 3276 3357 reipublicaahmstrae
3319 3282 3751 3336 administratio.

2173 3373 2367 3431 Beatus
2393 3390 2522 3431 vero
2559 3376 2887 3431 Sabinianus
2935 3390 3238 3454 apijuyhore
3268 3376 3445 3428 aiebat
3483 3392 3498 3427 :
3534 3372 3751 3426 Gratias

2170 3467 2270 3520 tibi
2306 3483 2427 3537 ago,
2462 3466 2688 3523 Domine
2717 3467 2791 3522 mi
2820 3466 2949 3522 Jesu
2989 3466 3225 3531 (.nriste,
3256 3466 3351 3536 qui
3390 3466 3659 3533 dignatus
3697 3480 3754 3518 es

2171 3574 2257 3612 me
2287 3560 2426 3613 inter
2453 3574 2641 3614 servos
2675 3569 2797 3614 tuos
2842 3573 3153 3613 numerare.
3200 3556 3271 3615 Ut
3308 3565 3495 3610 autem
3530 3558 3626 3610 diu
3658 3572 3751 3609 va-

2172 3650 2398 3719 pulavit,
2429 3650 2585 3705 ﬁrmo
2612 3661 2729 3705 erat
2766 3660 2927 3719 atque
2950 3650 3117 3705 alacri
3143 3649 3326 3715 vultu;
3354 3649 3496 3703 adeo
3533 3648 3753 3717 quidem

2176 3752 2235 3797 ut
2269 3742 2466 3799 ardens
2501 3742 2779 3798 iracundia
2818 3740 3085 3797 Romulus
3115 3741 3453 3813 praeceperit,
3484 3740 3669 3810 ipsum
3702 3739 3755 3791 in

2171 3840 2401 3908 equuleo
2430 3839 2707 3909 suspendi.
2752 3837 2959 3893 Interea
2991 3837 3120 3892 dum
3160 3837 3405 3907 corporis
3435 3835 3594 3889 nervi
3639 3834 3752 3888 dis-

2174 3932 2490 3995 trahuntur,
2533 3930 2797 4001 przeconis
2831 3945 2963 3984 voce
3008 3929 3185 3984 adhuc
3221 3937 3589 3998 personante,
3641 3928 3754 3995 ipso

2174 4021 2308 4075 nihil
2351 4021 2496 4075 aliud
2538 4020 2832 4085 efferebat,
2880 4020 2985 4074 nisi
3037 4038 3050 4073 :
3107 4019 3323 4074 Gratias
3364 4031 3467 4085 ago
3522 4017 3752 4070 Domino

2175 4128 2296 4167 meo
2324 4111 2450 4167 Jesu
2480 4112 2718 4167 Christo.
2756 4112 3003 4166 Vicarius
3028 4120 3206 4165 autem
3230 4109 3544 4164 astantibus
3570 4110 3708 4163 dixit
3736 4126 3751 4160 -.

2175 4204 2274 4259 llic
2304 4204 2503 4259 insanit
2545 4213 2707 4273 atque
2750 4218 2973 4258 securus
2997 4212 3079 4257 est
3108 4201 3441 4272 magicarum
3474 4200 3757 4255 consan

2176 4296 2417 4360 tionum;
2461 4294 2728 4364 jussitque
2767 4292 2981 4348 facibus
3026 4294 3200 4362 ipsum
3237 4291 3418 4346 aduri.
3454 4292 3602 4347 Dum
3628 4308 3758 4347 γεω

2176 4389 2323 4443 faces
2354 4386 2497 4441 beati
2529 4385 2811 4439 Sabiniani
2854 4384 3112 4439 lateribus
3166 4384 3612 4446 admoverentur,
3652 4381 3759 4435 Ro-

2176 4479 2357 4533 mulus
2386 4477 2690 4532 exclamare
2727 4477 2894 4546 coepit
2930 4491 2995 4531 ac
3026 4476 3207 4529 dicere
3239 4493 3254 4529 z
3290 4472 3503 4541 Infelix,
3533 4476 3760 4529 consule

509 4563 671 4617 didici
718 4578 750 4616 a
804 4573 989 4617 sancta
1029 4561 1233 4631 virgine
1261 4560 1485 4633 Chryse.
1513 4578 1635 4631 quae
1682 4570 1734 4616 et
1782 4576 1867 4617 me
1895 4561 2078 4616 docuit
2108 4568 2152 4623 ι)
2181 4566 2299 4633 tibi,
2340 4575 2396 4621 et
2434 4566 2595 4620 redde
2649 4567 2953 4631 thesauros,
3004 4580 3142 4635 quos
3171 4564 3424 4619 novimus
3451 4580 3580 4619 esse
3615 4565 3759 4634 apud

510 4655 756 4711 conﬁteri
798 4672 962 4710 unum
1011 4654 1179 4709 Deum
1240 4653 1526 4708 Dominum
1584 4664 1830 4708 nostrum
1884 4652 2071 4709 Jesum

510 4746 807 4811 Christum,
857 4756 1042 4801 natum
1073 4747 1139 4802 de
1169 4745 1370 4816 Spiritu
1398 4760 1607 4813 saneto,
1655 4763 1722 4801 ex
1752 4745 1919 4801 Maria
1950 4744 2073 4799 Vir-

513 4840 634 4908 gine
670 4857 685 4893 :
723 4838 948 4907 ideoque
994 4855 1098 4893 non
1140 4855 1334 4893 aurum
1381 4839 1581 4905 nobis,
1613 4854 1721 4893 non
1767 4848 2070 4909 argentum,

514 4944 689 4999 neque
739 4930 1043 5000 margarita:
1090 4940 1234 4985 sunt.
1284 4930 1548 4986 Romulus
1578 4946 1707 4985 vero
1743 4931 1808 4985 ad
1843 4932 2019 5000 ipsum
2056 4948 2071 4984 ε

516 5018 753 5085 Festina,
793 5020 986 5089 inquit,
1016 5031 1070 5074 et
1097 5020 1440 5075 absconditos
1468 5020 1752 5075 thesauros
1779 5020 1940 5075 redde
1973 5020 2078 5073 im-

515 5110 897 5180 peratoribus,
940 5111 1167 5181 diisque.
1194 5112 1460 5167 sacrilica.
1518 5111 1846 5166 Sabinianus
1891 5112 2072 5167 dixit:

516 5200 634 5255 I‘ton
662 5201 909 5271 equidem
939 5216 1058 5255 sum
1088 5202 1305 5273 dignus,
1339 5211 1399 5255 ut
1426 5217 1523 5272 pro
1550 5203 1685 5257 meis
1716 5202 1951 5272 peccatis
1980 5204 2079 5256 ali-

517 5294 649 5364 quid
698 5292 1007 5364 perferam,
1041 5294 1146 5348 nisi
1181 5306 1443 5364 quantum
1502 5294 1764 5349 Dominus
1818 5310 1883 5349 ac
1935 5296 2078 5351 Deus

520 5402 674 5444 meus
707 5402 954 5443 annuens
991 5388 1177 5459 largiri
1214 5388 1343 5442 mihi
1372 5387 1626 5459 dignatus
1664 5386 1859 5454 fuerit;
1889 5404 2078 5459 quem-

517 5478 810 5535 admodum
844 5478 1055 5537 confido
1089 5496 1101 5531 :
1136 5479 1263 5536 hinc
1303 5494 1467 5535 nosce
1489 5521 1505 5548 ,
1558 5494 1645 5537 me
1693 5494 1884 5535 aurum
1912 5481 2077 5536 cadu-

2176 4667 2230 4713 te
2256 4656 2617 4711 absconditos.
2642 4656 2711 4710 At
2748 4656 2938 4710 beatus
2968 4654 3317 4718 Sabinianus,
3359 4668 3572 4725 martyr
3600 4656 3761 4709 Chri-

2178 4749 2277 4815 sti,
2311 4748 2512 4818 gratias
2543 4746 2771 4802 Domino
2808 4748 3035 4819 agebat,
3076 4747 3261 4801 dicens
3295 4766 3308 4800 :
3349 4746 3581 4801 Domine
3618 4750 3759 4804 Deus

2180 4842 2289 4906 mi,
2345 4840 2557 4910 suscipe
2601 4854 2631 4892 a
2666 4854 2750 4893 me
2778 4840 3029 4908 spiritum
3070 4854 3249 4894 meum
3287 4854 3304 4893 :
3347 4838 3547 4908 bisque
3576 4840 3758 4901 dictis.

2177 4934 2358 4989 emisit
2406 4934 2460 4987 in
2514 4947 2647 5003 pace
2701 4933 2951 5003 spiritum
2987 4951 3001 4986 :
3033 4947 3231 5001 corpus
3258 4947 3387 4986 vero
3428 4932 3518 4987 ille
3561 4949 3761 5002 prace-

2182 5028 2261 5096 pit
2287 5026 2339 5079 in
2368 5035 2587 5095 puteum
2620 5034 2677 5079 ut
2705 5025 3079 5095 projiceretur.
3125 5023 3229 5078 Per
3250 5023 3392 5078 idem
3426 5034 3647 5093 tempus
3670 5040 3761 5078 ve-

2184 5120 2338 5174 niens
2372 5118 2591 5189 quidam
2634 5118 2913 5189 presbyter
2936 5158 2951 5183 ,
2985 5116 3215 5171 Cordius
3264 5115 3510 5179 nomine,
3559 5131 3760 5185 corpus

2186 5216 2344 5262 noctu
2391 5208 2625 5262 extraxit
2656 5223 2685 5261 e
2726 5217 2919 5277 puteo,
2967 5207 3203 5277 illudque
3249 5207 3563 5277 composuit
3604 5207 3757 5276 juxta

2186 5301 2396 5355 beatam
2413 5300 2672 5371 Chrysem
2706 5317 2756 5353 a.
2790 5300 2842 5354 d.
2875 5317 2905 5350 ν
2940 5298 3057 5355 Kal.
3095 5297 3451 5369 Septembris,
3498 5310 3758 5370 regnante

2184 5389 2414 5445 Domino
2448 5400 2633 5447 nostro
2659 5390 2783 5447 Jesu
2804 5390 3041 5458 Christo,
3080 5393 3165 5447 cui
3191 5401 3275 5447 est
3298 5392 3475 5465 gloria
3504 5400 3562 5449 et
3591 5393 3756 5465 impe-

2184 5481 2328 5536 rium
2359 5481 2413 5537 in
2439 5481 2634 5538 sazcula
2666 5482 3007 5539 saeculorum.
3039 5482 3231 5539 Amen.
