3922 6488
453 338 477 391 1
489 339 594 392 607

1161 314 1946 382 ADDENDA.~—ACTORUM
1989 315 2046 368 5.
2089 305 2449 366 HIPPOLYTI
2486 299 2735 357 νεικειο
2774 297 2981 354 NOVA.

3557 289 3692 346 £608

454 457 588 512 sidis
616 456 781 516 venit,
822 452 1016 507 alacris
1056 448 1234 502 dixit:
1270 446 1452 510 Miser,
1492 458 1661 514 quare
1690 439 1867 509 perdis
1904 436 2021 489 dies
2054 464 2091 509 Α
2124 446 2246 484 cum
2285 443 2391 481 non
2428 423 2642 485 habere,
2699 418 2792 474 sed
2848 431 3022 486 neque
3062 420 3393 467 vomntatem
3445 404 3695 462 ﬂectendi

455 548 623 604 tuos?
666 548 909 615 Agnosce
958 541 1171 603 tandem
1221 545 1617 609 procreatorem
1665 542 1813 587 tuum
1861 528 2019 583 Citri-

460 651 625 700 stum,
653 638 932 694 deﬁnitum
963 636 1129 689 Deum
1156 649 1297 696 esse,
1341 646 1440 685 nec
1469 629 1661 683 adores
1701 624 1904 692 lapides
1935 620 2020 673 vel

460 734 753 789 simulacra
784 746 849 784 ex
894 744 1019 793 aere,
1066 742 1222 789 auro,
1270 732 1559 793 argentove
1611 717 1877 779 conﬁata;
1927 711 2021 768 sed

462 827 627 882 adora
660 824 946 877 Dominum
978 835 1157 875 meum
1184 817 1368 872 Jesum
1397 814 1671 868 Christum
1702 809 2021 865 cruciﬁxum

465 917 567 972 sub
606 914 800 970 Pontio
840 913 1030 976 Pilato,
1060 911 1150 980 qui
1183 907 1480 963 resurrexit
1514 920 1545 958 a
1584 904 1812 957 mortuis
1844 900 2025 955 triduo

465 1017 751 1076 postquam
794 1005 968 1059 fuerat
992 1004 1252 1072 sepultus,
1282 997 1523 1054 ascendit
1552 996 1617 1050 ad
1648 995 1845 1058 caelos,
1885 991 2027 1046 unde

465 1098 658 1152 iterum
707 1097 883 1151 veniet
917 1096 981 1149 ad
1013 1092 1359 1163 judicandum
1392 1089 1543 1142 vivos
1572 1096 1625 1140 et
1654 1092 1896 1139 mortuos
1921 1122 1935 1143 ,
1973 1089 2028 1134 et

466 1189 722 1244 saeculum
750 1188 898 1241 istud
930 1202 1022 1255 per
1049 1186 1247 1255 ignem.
1273 1181 1373 1237 Cu-i
1410 1180 1672 1234 Romulus
1700 1174 1978 1244 respondit
2012 1192 2023 1226 :

467 1281 627 1336 Modo
677 1280 880 1334 videbis
926 1278 1202 1332 Christum
1246 1284 1437 1336 tuum,
1488 1272 1590 1326 nisi
1641 1266 2029 1323 sacriﬁcaveris

468 1374 867 1430 immortalibus
908 1371 1031 1447 diis.
1077 1368 1275 1424 Sancta
1305 1368 1511 1436 Chryse
1551 1364 1684 1418 dixit
1720 1376 1732 1414 :
1765 1359 1905 1414 Bene
1942 1370 2028 1423 tu,

470 1466 797 1527 miserande,
855 1465 1065 1518 locutus
1103 1477 1183 1525 es,
1232 1475 1297 1514 ac
1335 1458 1419 1512 vel
1454 1470 1576 1511 sero
1613 1454 1888 1507 veritatem
1934 1451 2032 1503 ali-

470 1559 688 1629 quando
713 1573 778 1612 ex
808 1572 903 1610 ore
932 1567 1025 1609 tuo
1056 1551 1356 1623 protulisti,
1396 1549 1601 1611 dicens,
1634 1560 1749 1608 me,
1790 1544 1895 1597 n'isi
1925 1543 2035 1596 dae-

474 1650 674 1706 moniis
723 1648 1140 1705 sacriﬁcavero.
1198 1644 1438 1697 visuram
1501 1638 1773 1694 Christum
1830 1650 2029 1689 meum.

474 1744 630 1820 Tunc
662 1743 741 1796 ira
770 1754 1065 1795 succensus
1098 1736 1357 1791 Romulus
1401 1748 1465 1786 eo
1497 1731 1642 1799 quod
1688 1727 1833 1781 illius
1859 1725 2036 1779 verbis

475 1817 653 1889 victus
676 1831 871 1893 fuerat,
920 1827 1188 1898 lapidibus
1223 1826 1397 1880 malas
1424 1821 1542 1891 ejus
1566 1817 1824 1875 contundi
1849 1817 2034 1882 jussit.
2075 1846 2113 1899 Β

481 1923 683 1978 Sancta
708 1929 883 1974 autem
913 1919 1116 1988 Chryse
1146 1930 1337 1985 magna
1363 1928 1494 1967 voce
1523 1911 1791 1966 clamabat
1819 1930 1829 1962 :
1857 1907 2039 1963 Gloria

480 2013 602 2079 tibi,
634 2012 861 2066 Domine
893 2010 965 2063 mi
991 2008 1119 2064 Jesu
1159 2006 1392 2071 Christe,
1442 2004 1567 2073 quia
1601 2018 1687 2056 me
1712 2002 1929 2071 dignam
1961 1998 2041 2053 fe—

480 2104 624 2171 cisti,
658 2113 717 2157 ut
767 2101 938 2158 servis
967 2111 1019 2155 et
1048 2098 1259 2154 ancillis
1296 2098 1402 2152 tuis
1427 2110 1770 2151 annumerer.
1824 2092 1892 2146 At
1935 2090 2040 2145 Ro-

482 2196 663 2250 mulus
690 2194 755 2248 ad
796 2194 971 2262 ipsam
1019 2209 1033 2245 :
1082 2189 1346 2260 Agedum,
1375 2185 1595 2242 consule
1628 2183 1893 2253 prosapia:
1921 2190 2044 2243 tuae,

481 2302 548 2340 ac
578 2294 833 2341 venerata
875 2282 1009 2336 deos
1056 2288 1292 2342 nostros,
1343 2275 1474 2343 ipsis
1525 2270 1802 2332 sacriﬁca,
1848 2268 2050 2335 tibique

482 2392 643 2434 sume
680 2377 855 2430 virum
884 2389 982 2443 pro
1016 2368 1324 2427 conditione
1359 2376 1471 2421 tua.
1521 2362 1691 2430 Quem
1722 2362 1887 2415 libere
1918 2360 2049 2413 allo-

486 2484 682 2537 quens,
701 2462 954 2521 clamavit
969 2468 1153 2517 sancta
1169 2456 1343 2528 virgo,
1360 2456 1600 2527 dixitque
1614 2462 1865 2511 contenta
1881 2466 2010 2509 voce
2033 2465 2047 2502 :

489 2556 602 2627 Ego
647 2556 759 2625 jam
806 2553 981 2606 virum
1014 2550 1184 2604 habeo
1212 2554 1609 2617 procreatorem
1641 2541 1763 2598 coeli
1803 2555 1867 2597 ac
1896 2549 2054 2595 terra:

485 2647 675 2704 Jesum
720 2644 997 2700 Christum
1032 2641 1227 2695 Filium
1286 2637 1381 2691 Dei
1406 2637 1509 2690 vivi
1535 2678 1550 2703 ,
1587 2652 1747 2705 quem
1795 2644 1853 2689 tu
1896 2645 2056 2686 nosse

490 2739 709 2802 renuis;
756 2746 809 2789 at
840 2735 1019 2803 potius
1051 2734 1324 2787 dazmones
1350 2728 1514 2792 nosti,
1547 2727 1641 2795 qui
1674 2740 1769 2780 cor
1800 2734 1951 2778 tuum
1986 2720 2058 2776 fe-

492 2830 612 2883 rina
645 2827 793 2881 rabie
824 2824 1178 2895 repleverunt.
1223 2819 1413 2874 Subito
1446 2829 1625 2872 autem
1670 2816 1924 2870 incensus
1951 2814 2059 2867 Ro-

496 2920 681 2975 mulus
726 2918 978 2988 praecepit
1040 2913 1438 2984 apparitoribus
1485 2920 1545 2964 ut
1599 2906 1888 2978 plumbatis
1935 2921 2055 2961 eam

493 3010 761 3063 caaderent
793 3026 806 3061 :
850 3021 971 3075 qua:
1025 3005 1253 3059 multum
1304 3001 1583 3056 verberata
1608 3040 1623 3065 ,
1661 2998 1832 3067 magis
1864 2996 2059 3051 conﬁr-

497 3100 767 3154 mabatur.
806 3096 1003 3151 Iterum
1040 3110 1168 3149 vero
1192 3095 1358 3164 jussit
1385 3093 1655 3162 ingentem
1682 3088 1910 3159 lapidem
1942 3087 2059 3157 ejus

2124 537 2261 592 genu
2295 531 2475 574 coram
2509 512 2686 568 idolis.
2738 508 2864 563 Haec
2912 508 3106 575 hisque
3136 502 3335 558 similia
3370 516 3499 555 cum
3532 500 3698 555 dixis-

2126 623 2207 668 set
2247 611 2306 665 B.
2355 607 2703 668 Sabinianus,
2740 601 2994 656 efferatus
3022 596 3286 651 Romulus
3315 594 3571 664 praecepit
3609 608 3700 660 ap-

2128 698 2476 771 paritoribus,
2498 704 2557 749 ut
2582 693 2753 763 ipsius
2782 689 3044 745 cervicem
3068 685 3364 758 plumbatis
3397 684 3701 738 contundet

2128 803 2265 848 rent.

2200 881 2265 935 V.
2308 880 2361 935 Id
2388 893 2510 934 cum
2540 872 2884 944 cognovisset
2910 869 3261 924 beatissimus
3290 882 3457 922 senex
3500 863 3699 933 Hippo-

2132 975 2306 1046 lytus,
2340 970 2632 1025 adveniens
2681 979 2863 1019 coram
2894 961 3127 1016 Romulo
3172 959 3321 1015 stetit
3371 967 3535 1026 atque
3567 958 3703 1010 elata

2132 1083 2260 1122 voce
2283 1065 2420 1120 dixit
2449 1085 2459 1118 :
2483 1060 2526 1116 Ο
2550 1059 2733 1123 miser,
2766 1057 2810 1111 si
2840 1070 3028 1110 nosses
3054 1054 3330 1108 Chiistum
3367 1051 3462 1106 Dei
3490 1049 3706 1113 Filium,

2135 1159 2277 1213 haud
2308 1158 2465 1227 plane
2502 1160 2813 1209 sanctorum
2844 1147 2962 1215 ejus
2993 1145 3231 1200 cervices
3260 1144 3366 1198 hoc
3398 1143 3563 1196 modo
3599 1150 3705 1193 tor-

2135 1264 2361 1322 queres,
2408 1255 2465 1301 ut
2509 1245 2812 1299 subdantur
2866 1239 3116 1293 inanibus
3162 1235 3358 1290 vestris
3406 1235 3605 1299 idolis;
3657 1242 3707 1287 at

2137 1342 2396 1413 potiuste
2427 1339 2603 1408 ipsum
2640 1333 2898 1390 subderes
2930 1328 3197 1384 conditori
3230 1342 3295 1381 ac
3323 1324 3575 1381 eﬁectori
3599 1324 3707 1378 uni-

2138 1446 2460 1494 versorum,
2515 1438 2569 1483 et
2601 1427 2774 1483 servis
2821 1425 2980 1493 ejus;
3039 1435 3212 1489 neque
3262 1434 3435 1472 vanos
3490 1417 3707 1486 lapides,

2140 1536 2317 1579 mutos
2343 1531 2396 1577 et
2424 1518 2690 1575 inanimes
2716 1516 2942 1571 coleres.
2965 1496 3074 1564 .Ilis
3098 1510 3319 1575 auditis,
3344 1508 3615 1561 Romulus
3638 1506 3711 1559 ira

2139 1618 2484 1671 vehementer
2514 1609 2834 1676 excanduit,
2864 1606 3135 1678 jussilqne
3166 1603 3401 1671 pedibus
3430 1599 3686 1653 manibus

2142 1720 2247 1775 que
2292 1704 2475 1774 ligatis
2523 1700 2852 1771 praecipitem
2891 1698 2944 1750 in
2991 1695 3155 1748 altam
3191 1691 3407 1745 foveam
3456 1688 3712 1756 demergi.

2146 1796 2307 1851 Beato
2340 1804 2519 1849 autem
2560 1791 2846 1862 Hippolyto
2872 1787 3103 1856 dejecto,
3134 1794 3192 1839 ut
3218 1782 3333 1836 fors
3362 1780 3514 1843 tulit,
3566 1780 3620 1831 in
3645 1778 3715 1830 la-

2143 1902 2337 1945 cunam
2371 1895 2577 1955 portus,
2604 1883 2695 1955 qui
2730 1881 2947 1952 proprio
2977 1877 3237 1933 vocabulo
3266 1873 3469 1927 Portus
3500 1871 3715 1930 dicitur,

2145 1976 2428 2032 confestim
2465 1991 2565 2030 vox
2596 1976 2776 2030 audita
2809 1981 2913 2038 est,
2943 1971 3105 2025 unius
3133 1967 3305 2023 ferme
3342 1966 3495 2018 horae
3530 1964 3719 2031 spatio,

2145 2069 2313 2123 veluti
2352 2067 2701 2138 puerulorum
2737 2065 2941 2137 gratias
2977 2060 3087 2116 Deo
3129 2057 3485 2113 referentium
3524 2074 3542 2105 ι
3575 2055 3723 2107 dum—

2146 2176 2250 2230 que
2280 2160 2392 2213 bzec
2434 2159 2763 2223 dicerentur,
2817 2157 2903 2210 ille
2950 2154 3199 2224 spiritum
3234 2149 3475 2203 Domino
3502 2147 3726 2201 reddidit

2148 2270 2199 2306 a.
2238 2252 2291 2306 d.
2324 2268 2374 2305 χι
2402 2248 2521 2304 Kal.
2559 2249 2910 2321 Septembris.

2223 2363 2305 2419 Vl.
2351 2363 2615 2419 Romulus
2661 2377 2788 2416 vero
2835 2361 3017 2415 dixit:
3052 2358 3175 2414 llaac
3224 2358 3443 2411 insania
3484 2369 3613 2408 esse
3655 2351 3728 2404 di-

2151 2455 2431 2525 gnoscitur
2464 2454 2684 2524 magicae
2708 2452 2859 2505 artis.
2893 2450 3172 2519 Cmpitque
3198 2446 3465 2500 iracunde
3495 2444 3730 2497 clamare

2153 2562 2216 2602 ac
2244 2547 2422 2601 dicere
2451 2563 2463 2599 :
2497 2544 2827 2599 Sabinianus
2871 2542 2973 2595 iste
3018 2556 3113 2609 per
3160 2538 3431 2608 magicam
3466 2536 3622 2589 illius
3651 2549 3733 2587 ar-

2153 2648 2257 2693 tem
2293 2646 2483 2707 captus
2535 2646 2638 2700 est,
2678 2634 2884 2705 argenti
2926 2632 3239 2702 cupiditate,
3276 2639 3332 2683 et
3375 2627 3733 2698 pecuniarum

2155 2730 2454 2796 illecebris;
2498 2729 2643 2783 hunc
2672 2744 2701 2781 e
2728 2726 2960 2796 vestigio
2984 2725 3233 2779 divellam
3269 2723 3340 2776 ab
3362 2722 3568 2777 insano
3596 2718 3736 2787 ejus-

2157 2822 2300 2876 modi
2338 2819 2540 2885 studio,
2584 2818 2688 2873 nisi
2718 2818 2903 2872 adoret
2933 2831 2997 2871 ac
3041 2814 3310 2870 sacriﬁcet
3344 2810 3613 2865 maximis
3645 2824 3737 2861 no-

2156 2916 2282 2972 stris
2307 2916 2432 2970 diis.
2479 2914 2612 2981 Quae
2655 2913 2867 2982 aliaque
2904 2912 2970 2965 ad
2996 2910 3142 2965 hunc
3166 2906 3388 2962 modum
3415 2921 3546 2959 cum
3575 2903 3735 2955 dixis-

2157 3014 2257 3070 set,
2306 3005 2481 3073 ipsum
2526 3002 2763 3057 fustibus
2795 3001 2924 3056 caadi
2948 3000 3133 3069 jussit,
3168 2998 3269 3053 sub
3299 3009 3440 3049 voce
3472 2991 3737 3063 praeconia

2159 3096 2502 3151 inclamantis
2548 3113 2561 3147 :
2609 3093 2792 3149 Redde
2837 3093 3123 3159 thesaurqs
3167 3086 3601 3158 imperatoribus
3648 3099 3743 3137 nua

495 3197 637 3252 collo
659 3194 934 3263 suspendi,
966 3201 1127 3263 atque
1156 3193 1227 3246 ita
1259 3192 1312 3245 in
1340 3206 1489 3245 mare
1518 3187 1859 3259 praecipitari.
1890 3185 2059 3256 Cujus
2087 3202 2126 3257 (ζ
2161 3190 2290 3244 stris
2314 3231 2329 3253 ,
2382 3198 2543 3258 atque
2585 3186 2749 3242 adora
2796 3187 3069 3256 omnipote
3113 3198 3190 3256 ﬁes
3234 3184 3367 3239 deos
3392 3225 3409 3247 ,
3464 3198 3564 3252 per
3608 3194 3743 3249 quas

499 3288 716 3358 quidem
751 3302 965 3341 sacrum
1007 3300 1207 3354 corpus
1234 3284 1298 3339 ad
1333 3284 1482 3337 littus
1514 3282 1746 3344 devenit,
1780 3280 2064 3348 ipsumque

501 3383 847 3439 beatissimus
869 3379 1076 3445 Nonus,
1108 3382 1200 3450 qui
1232 3390 1284 3434 et
1312 3379 1628 3449 Hippolytus
1653 3373 2065 3443 cognominatus

499 3486 602 3534 est,
637 3482 845 3537 avexit,
884 3489 948 3528 ac
977 3473 1030 3527 in
1062 3472 1278 3542 proprio
1321 3472 1464 3527 illius
1491 3470 1680 3535 fundo,
1726 3467 1817 3523 ubi
1858 3475 1913 3521 et
1953 3480 2067 3519 mo-

501 3568 743 3629 rabatur,
774 3564 1038 3634 sepelivit,
1065 3572 1217 3618 extra
1243 3576 1429 3618 muros
1458 3558 1726 3617 Ostiensis
1751 3557 1902 3612 urbis
1926 3570 1977 3610 a.
2007 3554 2060 3609 d.

504 3674 593 3713 xix
628 3656 745 3711 Kal.
775 3655 1129 3725 Septembris.

574 3749 662 3803 IV.
714 3748 868 3802 Tunc
939 3748 1177 3802 vicarius
1237 3744 1645 3815 comprehendit
1710 3740 2064 3796 Sabinianum

505 3841 819 3912 quemdam,
855 3849 1164 3895 curatorem
1199 3837 1348 3892 fundi
1392 3837 1555 3901 illius,
1594 3843 1648 3889 et
1675 3832 1957 3902 exquirere
2000 3830 2068 3884 ab

505 3949 569 3987 eo
604 3930 768 4000 cmpit
812 3946 925 3985 rem
979 3928 1297 3984 familiarem
1332 3929 1499 3981 beatae
1534 3926 1787 3995 Chryses,
1828 3922 2015 3977 dicens
2052 3939 2064 3974 :

507 4023 776 4091 Sacrilega
809 4020 1036 4092 Chryse,
1081 4034 1203 4089 qua:
1238 4026 1456 4089 propter
1484 4016 1746 4087 magicam
1797 4027 1951 4069 suam
1983 4026 2070 4064 ar-

507 4123 612 4167 tem
660 4113 821 4181 elegit
882 4111 1059 4181 potius
1108 4122 1333 4164 mortem
1393 4124 1554 4178 quam
1603 4108 1812 4173 vitam,
1857 4103 2072 4159 divitias

510 4206 708 4260 multas
749 4203 1077 4274 possidebat.
1109 4200 1283 4271 Ipsius
1330 4216 1460 4272 ergo
1494 4200 1781 4253 thesauros
1811 4208 1866 4250 et
1905 4210 2069 4249 mun-

506 4296 634 4351 dum
681 4294 999 4361 muliebrem
1035 4293 1101 4347 ad
1132 4307 1231 4346 nos
1274 4290 1438 4358 aller;
1480 4290 1721 4345 sacriﬁca
1748 4287 1912 4343 etiam
1944 4286 2071 4353 diis,

507 4396 563 4441 et
588 4386 725 4448 vive,
762 4385 1139 4452 obtemperans
1160 4382 1350 4436 edictis
1377 4382 1783 4451 imperatorum.
1825 4377 2075 4432 Sabinia-

510 4492 612 4530 nus
660 4475 797 4529 dixit
832 4493 845 4528 :
875 4472 986 4544 Ego
1047 4473 1099 4526 in
1166 4471 1420 4526 omnibus
1478 4471 1645 4524 animi
1690 4468 2071 4524 demissionem

2167 3281 2367 3351 regitur
2410 3282 2676 3335 universa:
2716 3278 3269 3350 reipublicaahostra:
3312 3271 3742 3328 administratio.

2165 3370 2361 3427 Beatus
2387 3387 2515 3427 vero
2552 3370 2880 3425 Sabinianus
2928 3385 3079 3447 api.“
3109 3382 3231 3445 “ore
3261 3367 3440 3420 aiebat
3477 3383 3492 3417 :
3528 3362 3743 3417 Gratias

2163 3464 2263 3517 tibi
2299 3479 2421 3534 ago,
2455 3460 2681 3517 Domine
2710 3461 2785 3516 mi
2813 3460 2942 3515 Jesu
2983 3459 3218 3523 Christe,
3249 3457 3344 3528 qui
3384 3457 3653 3524 dignatus
3690 3470 3746 3507 es

2165 3571 2251 3609 me
2280 3557 2420 3610 inter
2447 3570 2635 3610 servos
2669 3564 2791 3608 tuos
2836 3566 3146 3606 numerare.
3194 3548 3266 3607 Ut
3302 3556 3489 3601 autem
3526 3548 3622 3601 diu
3653 3562 3743 3598 va-

2166 3648 2393 3717 pulavit,
2424 3646 2579 3701 ﬁrmo
2606 3654 2723 3700 erat
2760 3654 2922 3713 atque
2945 3643 3112 3697 alacri
3137 3641 3320 3707 vultu;
3349 3640 3491 3695 adeo
3528 3638 3747 3708 quidem

2170 3748 2230 3793 ut
2264 3739 2461 3795 ardens
2496 3737 2774 3793 iracundia
2813 3734 3080 3790 Romulus
3109 3732 3449 3804 przeceperit,
3479 3731 3664 3801 ipsum
3695 3728 3749 3780 in

2166 3836 2397 3905 equuleo
2426 3834 2703 3905 suspendi.
2746 3831 2954 3887 Interea
2987 3830 3116 3885 dum
3156 3829 3401 3899 corporis
3430 3826 3590 3880 nervi
3634 3823 3746 3878 dis-

2169 3928 2486 3992 trahuntur,
2529 3925 2792 3996 praeconis
2827 3938 2959 3979 voce
3004 3921 3181 3977 adhuc
3217 3928 3586 3990 personante,
3636 3918 3747 3985 ipse

2170 4018 2304 4072 nihil
2348 4017 2493 4071 aliud
2535 4016 2828 4079 efl‘erebat,
2877 4013 2981 4068 nisi
3033 4031 3047 4067 :
3103 4011 3319 4066 Gratias
3360 4022 3463 4077 ago
3518 4006 3747 4061 Domino

2172 4124 2292 4164 meo
2321 4108 2448 4163 Jesu
2477 4107 2715 4163 Christo.
2753 4106 3000 4160 Vicarius
3024 4112 3204 4158 autem
3228 4100 3542 4156 astantibus
3567 4100 3703 4153 dixit
3731 4115 3747 4149 :

2172 4201 2271 4255 llic
2301 4199 2501 4255 insanit
2542 4208 2704 4268 atque
2747 4210 2970 4253 securus
2994 4204 3077 4249 est
3105 4193 3438 4263 magicarum
3471 4189 3753 4246 consulta-

2173 4292 2415 4355 tionum;
2458 4289 2726 4359 jussitque
2765 4286 2979 4342 facibus
3023 4287 3198 4355 ipsum
3235 4283 3415 4338 aduri.
3452 4282 3600 4337 Dum
3625 4297 3754 4336 veru

2174 4386 2321 4439 faces
2352 4382 2495 4437 beati
2527 4379 2809 4434 Sabiniani
2852 4377 3110 4432 lateribus
3164 4376 3611 4437 admoverentur,
3650 4371 3757 4425 Ro-

2175 4476 2356 4530 mulus
2384 4473 2689 4528 exclamare
2726 4471 2892 4540 coepit
2928 4484 2994 4524 ac
3026 4468 3205 4522 dicere
3238 4485 3253 4521 :
3289 4464 3502 4530 Infelix,
3533 4465 3757 4519 consule

510 4567 671 4623 didici
719 4582 750 4620 a
803 4577 989 4621 sancta
1028 4563 1233 4633 virgine
1261 4562 1484 4634 Chryse.
1513 4578 1634 4632 quae
1681 4570 1734 4615 et
1781 4575 1865 4615 me
1894 4559 2077 4614 docuit
2107 4565 2150 4621 D
2179 4563 2298 4629 tibi,
2339 4570 2395 4617 et
2433 4562 2594 4616 redde
2648 4562 2953 4624 thesauros,
3003 4572 3142 4628 quos
3170 4556 3423 4610 novimus
3449 4570 3579 4610 esse
3615 4554 3758 4623 apud

511 4659 756 4717 conﬁteri
798 4676 962 4713 unum
1010 4657 1179 4712 Deum
1239 4654 1526 4708 Dominum
1583 4662 1830 4708 nostrum
1884 4650 2071 4707 Jesum

511 4752 807 4816 Christum,
858 4759 1042 4804 natum
1073 4749 1139 4804 de
1169 4747 1371 4818 Spiritu
1398 4760 1608 4813 sancto,
1656 4762 1722 4801 ex
1752 4744 1920 4799 Maria
1950 4742 2072 4798 Vir-

513 4846 635 4914 gine
671 4862 686 4898 :
724 4843 949 4911 ideoque
994 4858 1099 4895 non
1140 4856 1335 4895 aurum
1382 4839 1582 4905 nobis,
1614 4853 1723 4893 non
1768 4847 2070 4909 argentum,

516 4949 691 5004 neque
741 4933 1045 5004 margaritae
1092 4941 1235 4987 sunt.
1284 4931 1549 4987 Romulus
1580 4946 1709 4985 vero
1745 4930 1809 4984 ad
1844 4931 2020 4999 ipsum
2056 4946 2071 4983 :

517 5023 755 5089 Festina,
795 5023 987 5093 inquit,
1018 5034 1072 5077 et
1099 5022 1442 5077 absconditos
1470 5021 1755 5076 thesauros
1780 5018 1942 5074 redde
1974 5018 2079 5072 ini-

517 5114 861 5186 peratoribus
884 5155 898 5179 ,
943 5114 1168 5184 diisque.
1196 5114 1463 5169 sacrilica.
1520 5111 1849 5167 Sabinianus
1894 5110 2030 5165 dixit
2061 5128 2073 5162 :

518 5206 637 5261 rion
664 5206 911 5276 equidem
942 5220 1061 5259 sum
1091 5205 1307 5275 dignus,
1341 5213 1401 5257 ut
1429 5218 1526 5273 pro
1553 5202 1689 5258 meis
1719 5200 1953 5272 peccatis
1982 5201 2082 5254 ali-

520 5299 652 5370 quid
701 5296 964 5370 perferam
994 5337 1010 5363 ,
1044 5297 1149 5351 nisi
1184 5308 1446 5367 quantum
1505 5294 1767 5349 Dominus
1821 5308 1887 5347 ac
1940 5294 2080 5348 Deus

523 5408 677 5450 meus
709 5406 957 5448 annuens
994 5391 1180 5462 largiri
1217 5390 1347 5444 mihi
1376 5389 1630 5460 dignatus
1667 5386 1863 5453 fuerit;
1892 5402 2081 5457 quem-

520 5484 814 5541 admodum
847 5482 1059 5541 conﬁdo
1093 5499 1105 5534 :
1140 5482 1268 5539 hinc
1307 5496 1471 5537 nosce
1493 5522 1509 5550 ,
1562 5495 1649 5537 me
1697 5494 1889 5535 aurum
1916 5479 2081 5534 cadu-

2175 4664 2229 4710 te
2256 4651 2617 4708 absconditos.
2642 4650 2711 4704 At
2748 4650 2937 4704 beatus
2967 4647 3316 4711 Sabinianus,
3359 4657 3574 4715 martyr
3601 4644 3759 4698 Chri-

2178 4746 2277 4812 sti,
2312 4744 2511 4815 gratias
2543 4741 2771 4796 Domino
2808 4741 3035 4813 agebat,
3076 4739 3261 4793 dicens
3295 4756 3309 4791 :
3347 4736 3583 4791 Domine
3619 4739 3758 4793 Deus

2180 4838 2290 4904 mi,
2345 4836 2557 4905 suscipe
2601 4848 2632 4887 a
2666 4848 2751 4887 me
2779 4833 3030 4902 Spiritum
3071 4846 3250 4886 meum
3288 4846 3305 4884 :
3347 4829 3548 4899 hisque
3577 4830 3757 4890 dictis,

2177 4931 2359 4987 emisit
2407 4930 2462 4983 in
2516 4942 2648 4999 pace
2702 4927 2951 4997 spiritum
2988 4943 3002 4979 :
3034 4939 3232 4993 corpus
3259 4938 3388 4977 vero
3428 4922 3519 4976 ille
3564 4939 3762 4992 prace-

2182 5026 2261 5094 pit
2288 5024 2340 5076 in
2369 5031 2588 5092 puteum
2621 5029 2678 5075 ut
2707 5019 3081 5090 projiceretur.
3126 5015 3229 5070 Per
3252 5015 3393 5069 idem
3428 5024 3649 5084 tempus
3672 5030 3762 5068 ve-

2184 5118 2340 5171 niens
2373 5114 2593 5185 quidam
2635 5113 2915 5184 presbyter
2938 5152 2953 5177 ,
2986 5109 3217 5165 Cor'lius
3266 5106 3512 5168 nomine,
3561 5120 3762 5175 corpus

2188 5213 2345 5259 noctu
2393 5203 2628 5259 extraxit
2657 5218 2688 5256 e
2729 5212 2921 5272 puteo,
2969 5200 3206 5269 illudque
3252 5197 3565 5268 composuit
3605 5196 3759 5265 juxta

2189 5298 2399 5352 beatam
2416 5296 2674 5367 Chrysem
2709 5311 2759 5348 a.
2793 5294 2844 5348 d.
2877 5311 2909 5344 v
2942 5292 3059 5348 Kal.
3098 5290 3454 5362 Septembris,
3500 5298 3761 5361 regnante

2186 5385 2417 5441 Domino
2451 5395 2636 5442 nostro
2662 5384 2787 5441 Iesu
2807 5385 3045 5451 Christo,
3083 5386 3168 5441 cui
3195 5393 3279 5440 est
3301 5382 3478 5457 gloria
3507 5390 3563 5439 et
3594 5383 3759 5454 impe-

2187 5477 2331 5533 rium
2362 5477 2417 5533 in
2442 5476 2638 5533 saecula
2670 5477 3010 5533 saeculorum.
3043 5475 3234 5531 Amen.
