4006 6356
481 357 538 410 il
1750 358 1805 414 S.
1839 358 2079 417 ZEPHYI

2139 361 2200 416 Nl
2240 361 2441 418 ΡΛΡΛΕ
3650 365 3716 417 12

1571 676 2074 773 NOTITIA
2157 680 2654 782 ALTERA.

1263 867 1350 929 (D.
1369 856 1631 930 Consum,
1666 867 1899 932 Epistolan
1923 871 2063 934 Rom.
2090 870 2256 930 Pont.,
2278 873 2395 923 tom.
2420 868 2441 919 Ι
2462 877 2517 921 et
2534 872 2687 931 uuic.,
2708 884 2758 933 p.
2786 870 2922 935 107.)

549 1011 696 1067 Licet
726 1012 889 1081 hujus
917 1011 1183 1081 pontiﬁcis
1214 1027 1406 1067 nomen
1431 1013 1484 1066 in
1517 1012 1856 1069 Bucheriano
1887 1024 2037 1069 cata-
2069 1020 2114 1075 Α
2146 1029 2292 1069 anno
2319 1030 2377 1069 re
2410 1016 2525 1085 ipsa
2556 1015 2696 1071 idem
2742 1014 3009 1072 Eusebius
3038 1017 3093 1070 in
3139 1016 3395 1071 Chronico
3420 1016 3706 1075 Callistum

478 1101 602 1171 lngo
643 1100 997 1165 desideretur,
1043 1101 1097 1155 in
1145 1116 1212 1156 eo
1257 1111 1437 1157 tamen
1483 1111 1718 1173 tempus,
1742 1117 1852 1173 quo
1891 1104 2043 1159 illum

477 1191 733 1248 Ecclesia:
786 1190 1071 1263 praefuisse
1119 1193 1415 1247 arbitratus
1468 1202 1550 1247 est
1601 1194 1830 1264 catalogi
1879 1193 2043 1263 hujus

478 1283 728 1353 scriptor,
767 1283 871 1338 sub
900 1281 1136 1337 Victoris
1183 1283 1405 1337 nomine
1434 1281 1727 1348 indicatur,
1771 1283 1975 1337 scilicet
2012 1300 2045 1336 a

476 1375 751 1429 consulatu
775 1373 1049 1429 Saturnini
1077 1385 1123 1429 et
1151 1373 1293 1429 Galli
1318 1391 1477 1445 usque
1504 1374 1762 1430 Prtesente
1790 1385 1839 1429 et
1860 1375 2045 1429 Extri-

475 1478 612 1532 cato,
647 1466 753 1520 hoc
783 1475 868 1521 est
908 1465 976 1520 ab
1011 1480 1156 1519 anno
1182 1464 1386 1521 Christi
1419 1465 1521 1521 198
1563 1466 1629 1520 ad
1675 1464 1801 1522 217.
1844 1464 2043 1521 Eadem

475 1554 751 1610 consulari
783 1562 911 1611 nota
963 1552 1221 1608 mendose
1247 1568 1504 1623 expressa
1544 1553 1759 1607 initium
1788 1569 1851 1608 ac
1880 1553 2043 1609 ﬁnem

472 1643 819 1715 pontiﬁcatus
840 1642 1131 1715 Zephyriui
1159 1644 1297 1699 liber
1325 1643 1662 1699 Pontiﬁcalis
1687 1644 1951 1715 designat.
1985 1643 2042 1698 In

474 1736 702 1806 antiquo
749 1735 1097 1791 Corbeiensis
1142 1737 1345 1792 codicis
1375 1737 1621 1807 catalogo
1675 1751 1839 1790 annos
1884 1752 2039 1801 xvm,

474 1842 671 1880 menses
698 1842 793 1891 vn,
825 1826 934 1880 dies
964 1843 1019 1890 χ,
1054 1825 1259 1882 sedisse
1281 1827 1593 1883 adnotatur.
1622 1825 1888 1881 Eusebius
1914 1841 2041 1881 vero

475 1917 570 1973 lib.
597 1932 631 1971 ν
656 1914 824 1982 Hist.,
852 1932 899 1972 c.
927 1917 1017 1981 28,
1050 1932 1172 1971 eum
1203 1915 1377 1972 Severi
1402 1918 1735 1987 imperatoris
1770 1934 1906 1971 anno
1937 1917 2042 1970 cir~

474 2009 605 2062 citer
637 2024 793 2080 nono,
829 2009 932 2063 hoc
963 2017 1047 2063 est
1090 2007 1293 2063 Christi
1332 2009 1549 2065 circiter
1578 2009 1688 2063 202
1726 2010 2039 2063 ordinatum

474 2100 698 2155 scribit:
729 2109 843 2155 tum
879 2101 974 2155 lib.
1000 2116 1074 2164 vi,
1115 2116 1166 2156 c.
1198 2100 1288 2165 21,
1321 2101 1593 2167 eumdem,
1626 2117 1743 2154 cum
1762 2117 1854 2171 per
1875 2115 2038 2155 annos

474 2193 759 2247 octodecim
800 2193 1157 2247 sacerdotium
1204 2192 1533 2260 obtinuisset,
1578 2194 1747 2263 primo
1786 2192 2037 2246 Antonini

476 2283 811 2354 Heliogabali
834 2286 961 2354 imp.
994 2300 1132 2338 anno
1161 2284 1271 2339 vita
1292 2284 1540 2341 functum
1569 2268 1752 2341 tradit.
1782 2283 1935 2340 Unde
1954 2299 2039 2339 se-

475 2376 681 2444 quitur,
714 2384 773 2429 ut
803 2391 951 2431 mors
978 2376 1099 2447 ejus
1131 2393 1274 2432 anno
1304 2377 1506 2433 Christi
1530 2377 1634 2433 219
1662 2386 1755 2431 aut
1781 2375 1906 2441 220,
1936 2390 2045 2446 quo
2077 2373 2118 2429 Β

2148 1106 2198 1159 ei
2233 1106 2561 1162 successisse
2593 1113 2763 1169 notat,
2804 1106 3056 1175 illiganda
3088 1107 3179 1163 sit.
3229 1106 3334 1162 Sed
3374 1109 3427 1162 in
3460 1109 3564 1163 hoc
3590 1112 3709 1179 ipso

2146 1197 2402 1253 Chronico
2429 1202 2640 1267 primus
2672 1196 3000 1267 Ileliogabali
3043 1198 3173 1268 imp.
3206 1215 3383 1256 annus
3402 1200 3470 1254 ad
3504 1216 3706 1256 annum

2143 1290 2343 1345 Christi
2392 1289 2497 1343 218
2533 1288 2782 1344 refertur.
2832 1288 2899 1343 Et
2940 1304 3064 1343 eum
3094 1290 3310 1359 quidem
3361 1291 3392 1341 7
3432 1292 3519 1345 die
3560 1291 3706 1346 Junii

2144 1381 2382 1449 praedicti
2417 1381 2544 1435 anni
2573 1381 2677 1436 218
2712 1381 3088 1450 imperatorem
3134 1384 3503 1436 renuntiatum
3537 1383 3704 1440 fuisse

2143 1472 2361 1527 aliunde
2392 1482 2580 1526 notum
2613 1482 2714 1527 est.
2740 1470 2984 1543 Denique
3016 1471 3302 1543 Zephyrini
3337 1484 3484 1528 mors
3505 1473 3560 1527 in
3585 1473 3704 1529 Ilie-

2142 1563 2354 1634 ronymi
2386 1563 2615 1634 aliisque
2644 1564 3044 1633 antiquioribus
3070 1563 3464 1634 Martyrologiis
3492 1567 3703 1621 Decem-

2142 1656 2255 1711 bris
2283 1655 2353 1709 20
2381 1656 2487 1721 die,
2516 1657 2571 1711 in
2605 1656 2815 1711 caeteris
2839 1655 2908 1710 26
2947 1655 3198 1726 Augusti,
3227 1671 3339 1726 quo
3375 1673 3521 1711 nunc
3563 1659 3702 1714 cele-

2140 1746 2329 1802 bratur
2363 1748 2536 1818 ipsius
2581 1747 2866 1810 festivitas,
2901 1749 3178 1803 recolitur.
3215 1748 3271 1803 Si
3316 1750 3477 1820 igitur
3524 1750 3700 1820 ipsum

2142 1850 2266 1890 cum
2289 1835 2523 1891 Eusebio
2545 1836 2801 1915 Antonini
2830 1835 3159 1906 Heliogabali
3187 1838 3318 1908 imp.
3342 1840 3517 1908 primo
3536 1856 3700 1905 anno,

2140 1936 2347 1983 etcum
2393 1927 2788 1983 vetustioribus
2834 1927 3228 1999 Martyrologiis
3279 1930 3348 1983 20
3393 1930 3700 1987 Decembris

2140 2018 2228 2073 die
2276 2019 2479 2073 obiisse
2511 2034 2803 2088 ponamus,
2846 2020 2949 2075 sub
2979 2021 3181 2075 exitum
3222 2022 3350 2076 anni
3397 2022 3503 2077 218
3545 2040 3696 2079 mors

2139 2108 2257 2177 ejus
2287 2109 2649 2179 consignanda
2674 2109 2794 2163 erit.
3320 2122 3329 2129 ‘

2209 2199 2289 2253 Ad
2316 2200 2433 2271 ejus
2447 2198 2856 2272 epistolasquod
2868 2200 3081 2265 attinet,
3098 2199 3230 2254 nihil
3259 2200 3312 2254 in
3338 2201 3417 2255 eis
3441 2210 3524 2256 est
3542 2217 3641 2256 cur
3667 2217 3699 2257 τι

2142 2291 2367 2362 reliquis
2394 2290 2587 2348 Isidori
2616 2292 2887 2347 mercibus
2911 2302 3248 2361 separentur.
3754 2292 3757 2297 ”

928 2555 3641 2581 *Μ

1111 2728 1269 2886 S.
1361 2726 2415 2881 ZEPHYRINI
2527 2720 3073 2878 PAPAE

974 3276 1004 3311 .(

918 3416 934 3447 ⁸
968 3409 1303 3468 EPISTULA
1350 3407 1585 3464 PRIMA.

772 3543 834 3581 AD
870 3539 1148 3581 EPISCOPOS
1186 3537 1357 3579 OINES
1394 3533 1733 3577 SICILIENSES.

477 3664 551 3719 De
562 3662 779 3733 judiciis
801 3661 1178 3733 episcoporum,
1195 3665 1245 3733 et
1272 3652 1559 3733 majoribus
1586 3649 1833 3733 Ecclesia:
1863 3650 2038 3704 causis

800 3721 856 3786 in
880 3721 998 3785 sede
1020 3726 1312 3799 apostolica
1338 3721 1701 3779 terminandis.

542 3868 799 3923 Romanae
827 3864 979 3920 urbis
1006 3859 1449 3931 archiepiscopus
1472 3856 1831 3921 levaremus,
1861 3854 2040 3911 omni-

475 3954 579 4011 bus
613 3971 709 4027 per
744 3954 988 4011 Siciliam
1027 3952 1339 4009 constitutis
1387 3951 1659 4023 episcopis
1703 3950 1758 4005 in
1806 3946 2037 4006 Domino

471 4048 729 4103 salutem.

541 4137 747 4192 Divina!
764 4137 910 4192 circa
939 4150 1042 4192 nos
1068 4138 1255 4207 gratia:
1277 4147 1548 4189 memores
1568 4148 1691 4189 esse
1715 4132 1975 4188 debemus
1991 4136 2033 4198 ³,

470 4243 593 4300 quae
622 4243 724 4283 nos
747 4243 842 4298 per
866 4225 1200 4298 dignationis
1229 4239 1342 4279 suae
1366 4223 1816 4287 misericordiam,
1843 4221 1913 4276 ob
1931 4222 2038 4277 hoc

471 4318 541 4374 ad
576 4317 852 4389 fastigium
890 4316 1225 4374 sacerdotale
1260 4314 1335 4386 (4)
1372 4314 1643 4384 provexit,
1667 4321 1729 4368 ut
1764 4312 2035 4367 mandatis

469 4411 642 4482 ipsius
678 4411 1023 4478 inhaerentes,
1059 4417 1115 4464 et
1156 4408 1213 4463 in
1247 4406 1483 4477 quadam
1537 4404 1878 4462 sacerdotum
1914 4404 2033 4475 eju's

469 4504 841 4575 speculatione
876 4499 1181 4567 constituti,
1211 4499 1599 4568 prohibeamus
1638 4497 1826 4553 illicita
1854 4504 1908 4552 et
1942 4510 2032 4551 se-

467 4599 683 4666 quenda
708 4595 1020 4650 doceamus.
1051 4591 1207 4648 Sicut
1228 4589 1418 4647 stellas
1450 4589 1575 4646 caeli
1599 4605 1707 4644 non
1738 4589 2036 4659 exstinguit

469 4702 581 4744 nox
605 4687 647 4750 ³,
680 4686 760 4741 sic
780 4692 990 4740 mentes
1016 4683 1280 4748 ﬁdelium,
1299 4681 1639 4736 ﬁrmamento
1669 4678 1992 4734 inhaerentes
2011 4680 2034 4710 δ

1650 3014 2504 3145 EPISTOLAE.

2063 3415 2106 3473 ο
2139 3402 2451 3474 impletorcs
2477 3400 2808 3472 appareatis.

2210 3494 2537 3549 Patriareha:
2568 3507 2698 3549 vero
2723 3492 2807 3547 vel
2856 3492 3132 3569 primates,
3165 3501 3478 3547 accusatum
3506 3493 3696 3548 discn-

2141 3588 2337 3643 tientes
2363 3586 2679 3657 episcopum
2709 3586 2752 3651 ⁸,
2782 3599 2890 3638 ηοη
2918 3593 3043 3640 aute
3075 3586 3396 3641 sententiam
3421 3585 3657 3655 proferat
3681 3597 3703 3641 t

2140 3678 2427 3745 ﬁnitivam,
2475 3694 2641 3748 quam
2689 3676 2982 3746 apostolica
3021 3675 3138 3731 fulti
3202 3677 3548 3743 auctoritate,
3606 3685 3702 3731 aut

2141 3786 2296 3826 reum
2331 3770 2569 3840 seipsum
2612 3768 2957 3833 conﬁteatur,
3001 3776 3095 3822 aut
3140 3783 3235 3837 per
3285 3768 3598 3823 innocentes
3647 3778 3701 3822 et

2138 3864 2463 3937 regulariter
2509 3862 2848 3918 examinatos
2897 3860 3252 3915 convincatur
3297 3866 3463 3913 testes
3495 3860 3552 3925 ";
3602 3860 3697 3929 qui

2138 3956 2335 4011 minori
2388 3969 2496 4010 non
2548 3954 2657 4009 sint
2705 3968 2952 4019 numero,
2986 3966 3150 4021 quam
3186 3950 3259 4003 illi
3294 3950 3543 4019 discipuli
3580 3950 3698 4006 fue-

2138 4054 2288 4113 runt,
2332 4059 2471 4115 quos
2518 4042 2781 4097 Dominus
2812 4042 2877 4096 ad
2911 4040 3282 4109 adjumentum
3326 4040 3700 4106 apostolorum

2137 4135 2262 4205 eligi
2309 4132 2585 4204 praecepit,
2620 4132 2673 4185 id
2723 4139 2828 4193 est,
2870 4128 3208 4199 septuaginta
3240 4128 3371 4183 duo.
3416 4128 3701 4185 Detracto-

2135 4240 2224 4279 res
2252 4237 2470 4293 quoque
2508 4223 2602 4287 ⁸-⁸,
2647 4222 2741 4291 qui
2787 4221 2969 4276 divina
3021 4223 3341 4278 auctoritate
3386 4223 3700 4280 eradicandi

2136 4323 2283 4379 sunt,
2336 4323 2389 4370 et
2440 4303 2693 4367 auctores
2744 4312 3111 4377 inimicorum,
3143 4313 3211 4368 ab
3243 4313 3537 4385 episcopali
3569 4317 3701 4371 sub-

2134 4421 2418 4462 movemus
2461 4405 2810 4461 accusatione
2855 4405 2939 4460 vel
2998 4406 3359 4462 testimonio:
3395 4423 3492 4463 nec
3546 4424 3700 4463 sum-

2134 4512 2349 4553 morum
2381 4496 2652 4567 quispiam
2687 4496 2960 4551 minorum
2996 4499 3436 4555 accusationibus
3468 4500 3700 4569 impeta-

2134 4598 2222 4645 tur
2264 4596 2359 4643 aut
2406 4587 2765 4658 dispereat“.
2814 4584 2999 4657 Neque
3051 4589 3105 4643 in
3154 4605 3214 4645 re
3260 4590 3422 4645 dubia
3447 4591 3513 4655 “,
3547 4600 3694 4646 certa

2132 4679 2404 4748 iudicetur
2435 4679 2739 4745 sententia;
2772 4693 2874 4734 nec
2895 4679 3063 4733 ullum
3092 4680 3381 4750 judicium,
3407 4682 3511 4737 nisi
3543 4682 3695 4737 ordi-

469 4748 671 4835 sancta:
701 4776 1018 4847 Scriptum.
1062 4789 1171 4830 non
1215 4772 1473 4828 obscurat
1519 4768 1794 4824 mundana
1826 4766 2032 4837 iniqui-
2059 4748 2110 4808 υ
2136 4770 2389 4827 nabiliter
2440 4770 2685 4825 habitum
2734 4779 2999 4826 teneatur.
3052 4748 3265 4829 Absens
3308 4788 3436 4828 vero
3461 4774 3504 4807 ta
3536 4788 3697 4829 nemo

468 4879 555 4925 tas
586 4870 629 4923 ⁸.
664 4868 869 4924 Idcirco
897 4867 1144 4924 meditari
1173 4881 1273 4921 vos
1293 4871 1523 4935 oportet,
1554 4870 1609 4918 et
1640 4860 1952 4931 Scripturas
1979 4869 2034 4917 et
2121 4861 2423 4933 judicetur,
2467 4862 2595 4932 quia
2644 4870 2699 4917 et
2747 4862 2944 4918 divinae
2974 4872 3028 4919 et
3058 4863 3311 4920 humanae
3354 4866 3458 4920 hoc
3506 4865 3698 4935 prohi-

469 4969 738 5031 praecepta
771 4958 952 5016 divina
977 4948 1174 5029 quat‘in
1207 4955 1503 5026 Scripturis
1531 4953 1880 5010 continentur
1911 4952 2034 5007 dili—
2134 4954 2263 5009 bent
2304 4953 2469 5024 leges.
2522 4955 2881 5009 Accusatores
2927 4964 3107 5009 autem
3155 4970 3366 5021 eorum,
3402 4957 3551 5011 omni
3604 4972 3698 5012 ca-

468 5062 655 5126 genter
696 5052 992 5118 attendere,
1040 5065 1110 5106 ne
1143 5057 1573 5118 transgressores
1611 5043 1744 5115 legis
1787 5042 1905 5109 Dei,
1933 5042 2029 5100 sed
2133 5051 2289 5098 reant
2319 5044 2630 5114 suspicione
2663 5045 2727 5109 “,
2760 5045 2889 5115 quia
2938 5046 3220 5101 columnas
3273 5062 3399 5101 suas
3433 5045 3700 5104 Dominus

541 5192 559 5223 ¹
599 5188 724 5245 Haec
745 5204 866 5246 cum
898 5204 1013 5258 seq.
1042 5185 1601 5258 Ant.A_ug.galiisque
1629 5184 1763 5258 vi_r_is
1797 5180 2026 5258 eruditis
2057 5179 2395 5258 supposititia
2417 5250 2429 5258 _
2450 5177 2698 5258 habetur.
2817 5177 3040 5258 {Hilari
3097 5192 3246 5258 papte
3285 5180 3478 5258 sancti_
3493 5179 3700 5258 leonis

470 5260 806 5316 successoris
834 5275 919 5329 ep.
953 5246 1005 5313 ὅ.
1166 5257 1205 5329 '7
1228 5246 1478 5329 Distinet.
1513 5246 1628 5329 ξε)
1668 5253 1822 5309 Sicut
1875 5246 2059 5306 stellas
2088 5246 2281 5329 casu.“
2391 5250 2767 5329 Adhaerentcs.
2842 5249 2863 5279 ⁸
2887 5246 3416 5329 ῬιὊδΡθςζὲθιιῑειιῑ.
3586 5291 3602 5314 ,
3632 5266 3700 5305 ex

470 5330 528 5386 S.
556 5331 694 5399 Aug.
723 5330 775 5384 in
805 5317 898 5383 Ps.
926 5344 1078 5399 xcttt.
1189 5328 1212 5359 ⁸
1244 5327 1299 5380 2.
1324 5342 1389 5399 q._
1417 5327 1493 5399 ‘l_:
1520 5324 1744 5399 frlmat.
1781 5331 2052 5399 a_ceusa_t._;
2080 5332 2133 5375 et
2158 5321 2211 5374 in
2242 5318 2436 5399 Felicis
2460 5317 2478 5370 l
2504 5327 2599 5399 ;_et
2624 5318 2676 5371 in
2696 5320 2846 5399 decr.
2878 5317 3055 5399 Alvon.,
3106 5318 3199 5370 lih.
3248 5335 3321 5373 ιν.
3395 5322 3416 5351 ⁷
3452 5319 3701 5399 Arrianus

470 5401 524 5454 in
551 5387 739 5456 conust.
767 5416 820 5463 ι,
848 5401 933 5457 tit.
961 5398 1052 5461 40,
1099 5397 1191 5453 lib.
1246 5412 1300 5450 ιι
1342 5387 1484 5450 ‘Cod.
1520 5394 1726 5448 Theod.
1801 5394 1869 5426 3"
1905 5392 2154 5463 Adrian.,
2194 5391 2339 5463 (ξοιι.Δ
2364 5389 2432 5463 08
2461 5406 2475 5454 ;
2512 5390 2565 5440 5.
2600 5404 2654 5457 q.
2683 5387 2755 5441 4:
2787 5388 3389 5463 _Detractores(|i_l_oque.
3517 5390 3559 5421 ¹⁰
3597 5388 3702 5444 De-

471 5480 672 5538 speret.
781 5456 822 5502 ¹ί
864 5456 1135 5540 ϐὲεεξερ.
1170 5466 1272 5533 50,
1295 5466 1389 5521 lib.
1420 5481 1548 5529 vnt,
1575 5472 1629 5519 et
1653 5463 1742 5528 52,
1776 5478 1853 5515 x1.
1957 5462 1999 5492 ¹²
2036 5462 2079 5515 5.

2139 5477 2169 5530 ι.
2197 5459 2231 5513 9
2264 5478 2276 5511 :
2312 5459 2520 5513 Absens
2546 5456 2694 5511 vero.
2784 5456 2827 5488 ¹³
2864 5457 3087 5511 Adrian.
3130 5458 3255 5513 coll.
3282 5456 3398 5515 ⁷15.

541 5580 618 5652 (4)
654 5580 737 5653 Ad
773 5582 1046 5653 fastigium
1076 5576 1418 5653 sacerdotale.
1459 5574 1839 5653 Pontiﬁcatum
1884 5588 2031 5652 sum-
2136 5570 2225 5625 hic
2263 5578 2412 5653 recte
2446 5567 2818 5653 pontiﬁcatum
2861 5582 3020 5653 suum
3052 5569 3396 5653 sacerdotale
3424 5568 3697 5653 fastigium

468 5638 618 5705 mum
651 5638 927 5721 intelligit:
944 5651 1031 5706 cui
1058 5651 1217 5705 simul
1247 5663 1375 5721 oves
1404 5658 1457 5701 et
1489 5647 1611 5721 agni
1645 5647 1665 5721 (
1683 5646 1733 5698 id
1762 5653 1884 5721 est,
1912 5643 2032 5721 epis
2137 5640 2413 5721 nominat,
2443 5638 2601 5707 cujus
2634 5638 3026 5721 sacerdotium,
3054 5641 3313 5721 dignitate
3349 5646 3403 5717 et
3426 5638 3600 5693 oﬁicio
3624 5642 3698 5695 si-

468 5722 652 5791 scopi,
680 5709 939 5775 utPthre's
970 5719 1288 5789 exponunt),
1321 5732 1445 5791 eum
1479 5709 1700 5784 reliquis
1745 5709 2032 5791 clericiset
2138 5709 2284 5791 niul,
2324 5725 2484 5790 supra
2538 5709 2811 5791 omﬁuiumn
2836 5709 3177 5766 sacerdotum
3221 5720 3274 5765 et
3315 5709 3694 5779 episcoporum

469 5775 585 5847 tota
614 5775 769 5863 plebe
800 5775 1077 5848 commissi
1120 5775 1287 5851 sunt,
1311 5785 1468 5844 Joan.
1502 5775 1621 5855 cap'.
1658 5802 1768 5841 χχι.
1801 5782 2032 5852 Ideoque
2138 5780 2295 5850 longe
2326 5775 2577 5834 emineat.
2614 5775 2739 5833 Sev.
2772 5775 2887 5831 Bm.
