4006 6356
257 313 327 368 13
1157 332 1160 335 λ
1658 310 2036 370 ΕΡΙΞΤΟΙΛΕ.
3457 322 3475 370 l
3498 322 3522 372 ἰ

255 427 495 484 tirmiter
550 436 699 483 stare
748 428 922 487 valuit
947 469 962 494 ,
1010 442 1115 483 non
1164 443 1194 482 a
1243 426 1575 498 quibuslibet
1621 429 1840 499 agitari.
1872 436 1916 491 Α
1944 430 2048 485 rita
2075 429 2315 502 virtutis,
2346 434 2491 505 quod
2524 435 2861 507 propositum
2895 412 3004 490 non
3035 435 3197 491 violat
3217 436 3515 508 religionis.

253 519 481 574 Nullum
532 536 772 591 namque
818 535 1007 575 eorum
1054 520 1344 586 sententia,
1378 536 1485 575 non
1518 536 1621 577 suo
1658 521 1841 591 judice

254 614 404 667 dicta
443 613 511 675 ιδ,
545 613 921 682 constringat,
955 611 1082 682 quia
1111 619 1166 666 et
1195 611 1342 682 leges
1377 614 1563 667 saeculi
1599 612 1836 682 idipsum

257 706 370 759 fieri
412 705 761 775 praecipiunt.
817 702 1111 759 Duodecim
1142 703 1288 758 enim
1318 703 1532 774 judices
1572 705 1637 770 ",
1670 705 1839 775 quili-

262 796 351 851 bet
397 797 695 867 episcopus
745 796 1122 861 accusatus“,
1156 796 1201 852 si
1252 809 1475 853 necesse
1519 796 1701 862 fuerit,
1734 798 1834 853 eli-

261 897 369 959 gat,
402 904 433 942 a
470 889 676 958 quibus
707 887 829 957 ejus
861 900 1028 943 causa
1054 886 1204 955 juste
1228 885 1523 957 judicetur.
1548 885 1660 943 Nec
1684 888 1839 959 prius

261 977 534 1043 audiatur,
560 985 659 1031 aut
690 976 1216 1039 excommunicctur,
1239 975 1322 1031 vel
1350 976 1645 1047 judicetur,
1669 994 1832 1048 quam

260 1070 365 1140 ipsi
393 1085 493 1139 per
522 1084 587 1125 se
617 1069 911 1137 eligantur,
934 1078 988 1124 et
1019 1069 1340 1138 regulariter
1367 1079 1581 1134 vocato,
1607 1070 1676 1125 ad
1707 1086 1838 1126 suo-

259 1175 378 1215 rum
412 1160 594 1229 primo
639 1168 970 1215 conventum
1010 1160 1427 1230 episcoporum,
1460 1175 1556 1230 per
1587 1175 1683 1216 eos
1715 1162 1836 1231 ejus

253 1266 425 1306 causa
456 1251 608 1320 juste
637 1251 914 1314 audiatur,
948 1261 1003 1306 et
1044 1251 1439 1306 rationabiliter
1469 1251 1831 1308 discernatur.

251 1342 409 1397 Finis
440 1357 574 1397 vero
609 1343 731 1410 ejus
764 1357 945 1397 causa:
975 1342 1041 1397 ad
1078 1342 1261 1397 sedem
1296 1342 1651 1412 apostolicam
1683 1343 1834 1399 defe—

250 1446 430 1497 ratur,
488 1444 552 1488 ut
607 1432 811 1488 ibidem
868 1433 1212 1488 terminatur.
1247 1431 1358 1488 Nec
1396 1443 1555 1490 antea
1589 1435 1829 1503 ﬁniatur,

251 1525 393 1581 sicut
436 1525 510 1580 ab
562 1524 830 1595 apostolis
870 1525 956 1580 vel
999 1526 1414 1581 successoribus
1463 1541 1651 1582 eorum
1702 1529 1833 1583 olim

251 1623 519 1671 statutum
565 1626 668 1684 est,
705 1632 870 1686 quam
921 1617 1042 1688 ejus
1072 1615 1400 1672 auctoritate
1444 1615 1719 1672 fulciatnr.
1750 1617 1833 1673 Ad

248 1723 370 1762 eam
400 1723 626 1779 quoque
657 1709 728 1763 ab
756 1709 1013 1765 omnibus
1048 1709 1112 1775 ",
1146 1707 1381 1763 maxime
1412 1716 1592 1763 tamen
1627 1708 1698 1763 ab
1728 1722 1830 1777 op-

248 1801 482 1871 pressis,
526 1802 909 1872 appellandum
955 1809 1062 1865 est,
1107 1808 1163 1856 et
1204 1800 1642 1855 concurrendum
1674 1799 1834 1870 quasi
1867 1783 1906 1839 Β

242 1894 314 1948 ad
349 1903 606 1958 matrem,
639 1903 703 1949 ut
732 1895 852 1964 ejus
903 1893 1164 1949 uberibus
1207 1893 1543 1957 nutriantur,
1589 1892 1834 1948 auctori--

245 1992 365 2038 tate
396 1985 785 2053 defendamur,
809 1993 864 2041 et
895 2000 925 2040 a
958 1984 1074 2040 suis
1104 1982 1553 2054 oppressionibus
1584 1983 1830 2038 releveno

241 2084 361 2139 tur,
395 2075 527 2145 quia
560 2093 665 2130 non
698 2086 869 2146 potest
901 2091 1001 2131 nec
1045 2075 1207 2130 debet
1261 2085 1429 2129 mater
1476 2074 1717 2129 oblivisci
1757 2075 1828 2145 [i-

242 2168 382 2221 lium
412 2185 569 2222 suum
593 2167 884 2224 “.Judicia
934 2169 1081 2224 enim
1124 2168 1530 2238 episcoporum,
1567 2167 1833 2237 majores-

242 2275 356 2330 que
404 2260 664 2315 Ecclesia:
707 2276 909 2327 causae,
942 2275 973 2314 a
1006 2259 1134 2315 sede
1186 2260 1505 2331 apostolica,
1536 2268 1591 2314 ct
1622 2274 1731 2313 non
1763 2259 1832 2314 ab

243 2350 378 2415 alia,
430 2350 577 2404 sicut
629 2350 863 2420 apostoli
920 2355 976 2405 et
1026 2349 1200 2404 sancti
1247 2364 1597 2406 successores
1640 2364 1832 2404 eorum

240 2449 583 2508 statuerunt,
605 2457 729 2497 cum
751 2442 876 2498 aliis
908 2441 1180 2512 episcopis
1204 2442 1246 2474 ¹⁹
1277 2451 1409 2497 sunt
1440 2442 1827 2497 terminandm:

242 2534 377 2604 quia
430 2533 560 2588 licet
591 2533 647 2587 in
700 2534 837 2589 alios
889 2533 1286 2590 transferantur
1324 2533 1634 2603 episcopos.
1668 2534 1832 2589 beato

243 2633 431 2681 tamen
464 2627 716 2696 apostolo
745 2626 909 2682 Petro
944 2625 1149 2682 dictum
1181 2633 1265 2681 est
1292 2644 1305 2680 :
1331 2624 1666 2696 Quazcunque
1697 2625 1840 2697 liga-

241 2720 380 2774 ceris
412 2737 573 2789 super
595 2729 814 2787 terram,
842 2728 1001 2785 erunt
1031 2719 1199 2790 ligata
1226 2727 1276 2774 et
1308 2719 1363 2773 in
1397 2719 1575 2785 aclis;
1605 2728 1655 2773 et
1686 2736 1832 2791 quaa-

243 2828 451 2882 cunque
502 2812 722 2866 solveris
785 2827 944 2880 super
988 2818 1207 2875 terram,
1260 2818 1414 2864 erunt
1461 2809 1639 2864 soluta
1680 2819 1730 2864 et
1774 2810 1830 2864 in

243 2902 391 2956 uelis
423 2904 493 2957 ³⁸.
525 2901 596 2955 Et
628 2902 841 2971 reliqua
875 2900 1187 2973 privilegia,
1228 2915 1353 2970 quae
1395 2899 1495 2954 soli
1532 2900 1661 2956 huic
1693 2916 1822 2956 san-

245 3004 343 3049 cte
366 2994 486 3049 sedi
518 3009 785 3050 concessa
848 3002 998 3060 sunt,
1031 3003 1085 3048 ct
1127 2991 1514 3063 injconstitutis
1548 2993 1827 3063 apostolo-

247 3102 368 3140 rum
398 3084 506 3157 (5),
556 3100 865 3157 eorumque
915 3099 1322 3152 successorum,
1355 3085 1588 3154 aliisque
1638 3101 1827 3155 quam-

242 3177 495 3248 plurimis
537 3193 665 3233 cum
699 3178 781 3234 eis
821 3176 1258 3244 concinentibus,
1294 3176 1565 3231 habentur
1598 3176 1823 3232 inserta.

244 3267 606 3341 Septuaginta
643 3271 690 3301 ’ί
738 3270 886 3324 enim
948 3268 1182 3340 apostoli
1230 3268 1529 3324 sententias
1583 3267 1827 3338 preﬁxe-

242 3375 367 3419 runt
396 3364 499 3435 (6),
534 3379 662 3419 cum
695 3363 819 3419 aliis
850 3363 1268 3433 quamplurimis
1301 3361 1593 3432 episcopis,
1627 3368 1682 3416 ct
1711 3376 1827 3416 ser-

242 3456 445 3510 vandas
475 3464 833 3534 censuerunt.
869 3453 947 3509 De
978 3456 1209 3511 occultis
1260 3455 1405 3509 enim
1439 3452 1599 3507 alieni
1635 3452 1824 3508 cordis

245 3556 446 3603 temere
460 3547 716 3617 judicare
732 3549 800 3614 ",
826 3554 1109 3617 peccatum
1140 3554 1253 3612 est;
1290 3554 1341 3599 et
1372 3560 1497 3600 eum
1526 3543 1689 3614 cujus
1712 3558 1823 3598 non

252 3638 492 3694 videntur
532 3653 702 3708 Opera
748 3638 859 3694 nisi
903 3638 1067 3704 bona,
1117 3638 1362 3709 iniquum
1413 3646 1499 3693 est
1544 3652 1612 3691 ex
1645 3635 1823 3704 suspi-

254 3731 390 3785 tione
422 3730 853 3800 reprehendere,
902 3746 1027 3786 cum
1075 3746 1289 3797 eorum,
1334 3738 1456 3801 quae
1505 3730 1822 3785 hominibus

250 3833 367 3878 sunt
421 3824 731 3893 incognita,
788 3823 942 3878 solus
983 3822 1125 3879 Deus
1165 3823 1334 3894 judex
1381 3822 1470 3878 sit.
1528 3820 1648 3890 Ipse
1692 3832 1841 3875 vero‘

246 3914 387 3968 novit
432 3914 761 3970 abscondita
808 3912 992 3968 cordis
1012 3914 1078 3979 ",
1126 3921 1181 3967 et
1239 3927 1349 3967 non
1402 3911 1564 3966 alios.
1613 3908 1821 3979 lnjusta

241 4007 378 4061 enim
426 4006 635 4075 judicia
687 4005 757 4060 ab
796 4005 1054 4060 omnibus
1091 4003 1328 4060 cavenda
1391 4011 1548 4068 sunt;
1585 4002 1822 4056 maxime

242 4106 422 4153 tamen
454 4112 486 4151 a
519 4097 697 4152 servis
743 4095 859 4151 Dei.
893 4094 1113 4151 Servum
1145 4105 1320 4149 autem
1352 4094 1450 4149 Dei
1480 4111 1584 4149 non
1619 4102 1820 4164 oportet

239 4189 451 4258 litigare
472 4190 541 4254 ³⁸,
566 4204 670 4244 nec
701 4203 1028 4257 quemquam
1062 4188 1345 4244 damnare.
1379 4186 1633 4257 Episcopi
1664 4201 1820 4251 name

238 4294 339 4349 que
370 4294 405 4333 a
440 4279 696 4348 plebibus
725 4287 781 4333 et
812 4279 979 4345 clero,
1014 4286 1069 4333 et
1098 4277 1308 4333 domini
1342 4293 1375 4332 a
1407 4278 1580 4332 servis
1611 4275 1819 4331 ferendi

1946 522 2310 593 Satagendum
2351 536 2434 583 est
2478 528 2653 596 vobis,
2707 544 2774 583 ne
2817 530 3017 600 aliquis
3050 527 3278 583 fratrum
3311 537 3521 583 vestro-

1943 606 2066 671 rum
2128 618 2365 689 graviter
2421 619 2692 676 laceretur
2748 621 2833 676 vel
2913 629 3119 691 pereat.
3185 618 3521 677 Succurrere

1941 723 2070 781 ergo
2101 724 2198 766 vos
2230 720 2440 780 oportet
2466 714 2763 782 oppressis,
2787 724 2841 769 et
2872 715 3106 769 liberare
3135 729 3232 770 eos
3260 714 3329 769 de
3350 730 3519 770 manu

1941 806 2405 875 persequentium,
2443 817 2503 862 ut
2548 822 2671 863 cum
2716 808 2873 862 beato
2918 806 3020 864 Job
3073 810 3310 866 dicatis:
3343 810 3514 865 Bene-

1938 895 2103 952 dictio
2133 900 2360 968 perituri
2388 916 2545 971 super
2574 918 2655 955 me
2697 902 2951 967 veniebat,
2987 913 3036 958 et
3068 921 3158 958 cor
3178 905 3352 962 vidule
3385 923 3517 960 con-

1939 990 2143 1045 solatus
2175 1008 2310 1046 sum.
2343 992 2835 1070 Iustitia-indutus.
2855 984 2995 1059 sum,
3027 1007 3076 1050 et
3109 1000 3290 1052 uestiui
3321 1016 3402 1053 me
3433 1016 3517 1054 ve-

1938 1084 2184 1139 stimento
2214 1094 2263 1139 et
2293 1085 2615 1151 diademate,
2641 1086 2851 1157 judicio
2890 1089 3232 1144 meo.0culus
3254 1091 3333 1160 fui
3353 1108 3515 1157 60360,

1937 1185 1985 1230 et
2015 1192 2103 1247 pes
2147 1176 2359 1232 claudo.
2403 1178 2568 1233 Pater
2636 1197 2781 1235 eram
2826 1198 3137 1252 pauperum,
3170 1194 3221 1237 et
3268 1201 3513 1252 causam,

1936 1286 2096 1341 quam
2139 1272 2451 1333 nesciebam,
2485 1272 2886 1344 diligentissime
2929 1276 3332 1347 inuestigabam.
3367 1277 3513 1332 Con-

1938 1362 2167 1416 terebam
2200 1363 2366 1417 molas
2398 1364 2607 1435 iniqui,
2660 1376 2710 1419 et
2759 1367 2824 1421 de
2853 1366 3096 1421 dentibus
3128 1367 3276 1422 illius
3313 1369 3517 1439 aufere-

1938 1452 2058 1507 bam
2089 1455 2324 1522 pra-dam
2360 1457 2406 1489 ’°
2440 1476 2453 1511 :
2488 1467 2543 1512 et
2576 1458 2809 1528 reliqua.
2850 1458 2959 1514 Vos
2991 1475 3144 1533 ergo,
3176 1462 3269 1532 qui
3303 1461 3358 1517 in
3391 1479 3516 1534 spe-

1935 1546 2057 1600 cula
2088 1562 2118 1600 a
2146 1545 2375 1602 Domino
2404 1550 2536 1605 estis
2562 1551 2745 1619 positi,
2781 1552 3142 1621 comprimere
3169 1563 3224 1609 et
3249 1555 3515 1625 repellere

1935 1652 2029 1693 eos
2060 1654 2407 1710 summopere
2440 1642 2669 1706 debetis,
2693 1643 2788 1713 qui
2823 1643 3084 1702 fratribus
3116 1646 3343 1705 insidias
3375 1664 3516 1719 prte-

1935 1741 2152 1801 parant,
2202 1743 2297 1787 aut
2346 1735 2401 1789 in
2452 1750 2550 1790 eos
2601 1737 2895 1793 seditiones
2943 1747 2997 1793 et
3054 1739 3313 1795 scandala
3362 1742 3514 1796 exci-

1934 1830 2054 1876 tant
2074 1823 2139 1877 ³⁷.
2174 1822 2355 1880 Facile
2385 1833 2469 1880 est
2496 1825 2640 1881 enim
2670 1828 2835 1882 verbo
2866 1827 3050 1884 fallere
3068 1829 3367 1897 hominem,
3399 1849 3510 1887 non

1934 1923 2115 1969 tamen
2152 1914 2321 1970 Deum
2345 1918 2408 1971 “.
2447 1916 2574 1973 ldeo
2615 1919 2714 1973 bos
2762 1900 3040 1989 repellere,
3091 1928 3145 1977 et
3185 1923 3254 1978 ab
3287 1924 3372 1981 bis
3411 1942 3513 1982 vos

1933 2021 2125 2062 cavere
2156 2018 2388 2077 oportet,
2424 2018 2697 2078 quatenus
2727 2012 2994 2066 exstincta
3041 2010 3293 2070 funditus
3321 2016 3514 2085 hujus-

1932 2098 2078 2153 modi
2102 2099 2350 2171 caligine,
2387 2098 2603 2155 Lucifer
2645 2101 2726 2156 eis
2760 2102 3111 2172 resplendeat
3133 2106 3202 2172 ",
3234 2115 3289 2161 et
3320 2106 3509 2163 laetitia

1932 2190 2160 2257 oriatur,
2208 2191 2542 2247 sanctissimi
2576 2192 2794 2249 fratres.
2852 2194 2987 2250 Data
3032 2194 3363 2253 duodecimo
3397 2198 3510 2253 Ka-

1931 2280 2075 2336 lend.
2115 2279 2391 2347 Octobris,
2427 2282 2725 2339 Saturnino
2755 2294 2811 2340 et
2839 2284 3119 2344 Gallicana
3139 2288 3184 2321 ’°
3218 2289 3353 2346 viris
3382 2291 3500 2346 cla-

1931 2374 2162 2433 rissimis
2189 2377 2512 2434 consulibus
2538 2378 2581 2410 ⁸¹
2598 2402 2615 2422 ο

2492 2551 2832 2609 EPISTULA
2872 2555 2937 2610 ll.

2229 2682 2295 2721 AD
2331 2683 2539 2723 EGTPTI
2576 2684 2872 2725 PROVINCIE
2910 2686 3212 2729 EPISCOPOS.

1998 2799 2355 2859 Charissimis
2417 2803 2681 2861 fratribus
2751 2822 2847 2877 per
2909 2805 3204 2880 Egyptum
3275 2809 3508 2871 Domino

1928 2895 2288 2953 militantibus
2335 2897 2672 2958 Zernvnmus
2725 2899 2987 2958 Romana:
3034 2905 3187 2961 urbis
3236 2906 3509 2978 archiepi-

1929 3001 2147 3057 scopus.

2000 3075 2229 3133 Tantam
2263 3096 2292 3134 a
2327 3080 2581 3149 Domino,
2608 3083 2775 3155 hujus
2802 3095 3005 3142 sancta:
3035 3088 3180 3143 sedis
3208 3100 3260 3145 et
3289 3099 3509 3161 aposto-

1930 3169 2049 3225 lica:
2100 3169 2357 3227 Ecclesia:
2408 3172 2714 3243 fundatore,
2766 3187 2819 3232 ct
2866 3178 3026 3234 beato
3059 3180 3222 3236 Petro
3263 3184 3510 3254 principe

1930 3260 2324 3330 apostolorum,
2356 3264 2667 3332 accepimus
2696 3265 2950 3320 ﬁduciam
2974 3268 3040 3332 ³⁸,
3076 3276 3133 3322 ut
3156 3284 3255 3338 pro
3290 3270 3509 3325 univer-

1931 3351 2034 3406 sali
2080 3350 2285 3407 Christi
2330 3354 2596 3423 sanguine
2638 3354 2915 3427 redempta
2956 3356 3221 3426 Ecclesia,
3274 3361 3509 3432 impigro

1933 3443 2247 3499 laboremus
2274 3444 2470 3500 all’ectu
2505 3447 2570 3513 ³³,
2598 3456 2651 3502 et
2684 3450 2939 3504 omnibus
2974 3448 3206 3508 Domino
3236 3451 3510 3508 famulan-

1930 3534 2078 3590 tibus
2102 3551 2513 3604 succurramus,
2533 3548 2587 3594 et
2606 3541 2820 3595 cunctis
2850 3542 2936 3611 pie
2951 3543 3258 3600 viventibus
3282 3558 3506 3617 aposto-

1930 3627 2034 3682 lica
2093 3631 2417 3686 auctoritate
2488 3647 2644 3702 opem
2707 3631 2970 3689 feramus.
3034 3634 3238 3693 Omnes
3293 3640 3387 3709 qui
3450 3642 3507 3696 in

1927 3721 2149 3777 Christo
2179 3724 2367 3778 volunt
2399 3725 2485 3793 pie
2526 3727 2708 3780 vivere
2735 3726 2802 3794 “,
2850 3743 3072 3785 necesse
3098 3741 3180 3786 est
3211 3741 3268 3786 ut
3296 3734 3367 3788 ab
3399 3734 3500 3788 im-

1928 3814 2033 3884 piis
2058 3822 2112 3869 et
2154 3814 2510 3869 dissimilibus
2560 3817 2835 3886 patiantur
2879 3821 3198 3889 opprobria,
3232 3832 3289 3877 et
3317 3825 3504 3895 despi-

1927 3906 2143 3960 ciantur
2174 3918 2433 3976 tanquam
2486 3907 2636 3961 stulti
2683 3917 2738 3963 et
2788 3908 2990 3977 insani,
3033 3919 3095 3965 ut
3145 3913 3399 3971 meliores
3449 3927 3505 3971 et

1925 3999 2269 4070 purgatiores
2312 3999 2614 4055 elﬁciautur
2668 4002 2761 4072 qui
2803 4003 2950 4057 bona
3003 4004 3322 4075 temporalia
3379 4022 3506 4078 pcr-

1927 4090 2086 4154 dunt,
2119 4102 2180 4145 ut
2208 4091 2513 4162 percipiant
2559 4101 2782 4149 aeterna.
2815 4092 3019 4150 Eorum
3060 4112 3189 4152 vero
3225 4098 3504 4168 despectio

1926 4191 1980 4238 et
2029 4182 2213 4238 irrisio
2268 4182 2355 4240 in.
2398 4185 2546 4254 ipsos
2597 4186 3008 4256 retorquebitur
3060 4189 3155 4258 qui
3214 4204 3310 4243 eos
3366 4190 3505 4244 allii-

1926 4284 2130 4346 guntet
2152 4277 2497 4332 contumeliis
2527 4277 2787 4347 alliciunt,
2816 4294 2940 4334 cum
2964 4292 3018 4335 et
3041 4282 3375 4337 abundantia
3409 4298 3500 4338 eo—

238 4381 362 4426 sunt
382 4372 453 4437 “,
487 4379 552 4425 ut
575 4371 680 4425 sub
704 4372 1097 4426 exercitatione
1129 4370 1451 4436 tolerantiae,
1509 4370 1821 4425 sustinean-
1853 4352 1895 4406 ί)
1926 4378 2046 4422 rum
2081 4367 2136 4421 in
2168 4376 2484 4439 egestatem,
2526 4379 2585 4424 et
2611 4371 2869 4440 superbia
2914 4373 3191 4429 transierit
3222 4374 3276 4428 in
3308 4373 3505 4431 confu-

237 4471 324 4518 tur
352 4462 705 4532 temporalia,
738 4473 1024 4533 sperentur
1055 4472 1279 4520 aeterna.
1314 4462 1491 4533 Auget
1522 4462 1668 4517 enim
1704 4478 1820 4517 me-

1928 4460 2161 4515 sionem.

277 4620 323 4652 “
355 4604 893 4682 Cod.const.unica,
929 4622 967 4676 l.
1008 4636 1081 4683 Iv,
1111 4621 1194 4675 tit.
1230 4601 1316 4676 lii.
1395 4620 1438 4652 "‘
1479 4620 1531 4674 5.
1565 4609 1759 4689 quaest.
1793 4618 1826 4673 4
1856 4637 1870 4672 :
1895 4617 2190 4689 Duodecim
2215 4619 2449 4689 judices.
2525 4621 2570 4652 ι’
2610 4636 2662 4675 Iv
2690 4621 2915 4687 Carth.,
2943 4620 3031 4680 lO,
3050 4629 3102 4674 et
3125 4636 3214 4683 III,
3244 4621 3297 4675 7.
3377 4621 3420 4653 ‘7
3444 4621 3497 4675 2.

242 4691 386 4758 q.6:
420 4691 499 4744 Ad
536 4690 838 4745 Romanam
874 4691 1190 4746 Ecclesiam.
1294 4691 1335 4722 ¹⁸
1374 4689 1499 4746 Isai.
1532 4706 1691 4754 xux,
1726 4689 1811 4744 15.

243 4760 324 4815 19.
398 4761 445 4792 ⁸⁸
486 4763 575 4814 Al.
602 4762 906 4831 sexaginta,
935 4762 1066 4831 utin
1106 4777 1208 4818 ms.
1266 4759 1405 4815 Just.
1427 4779 1449 4831 ;7
1476 4761 1547 4814 al.
1579 4758 2167 4831 quinquagintaLdist.
2205 4759 2312 4815 16:
2350 4758 2639 4831 sexaginta
2700 4761 3013 4816 sententias.

1922 4690 1964 4723 ¹⁹
2006 4687 2156 4755 Vox,
2218 4687 2508 4757 episcopis.
2548 4691 2702 4746 abest
2741 4707 2772 4745 a
2811 4707 2914 4744 ms.
3022 4692 3067 4722 ‘°
3123 4690 3315 4745 Matth.
3366 4707 3495 4757 xvi,

2231 4690 2508 4760 episcopis.
2548 4691 2702 4746 abest
2741 4707 2772 4745 a
2811 4707 2914 4744 ms.
3022 4692 3067 4722 ‘°
3123 4690 3315 4745 Matth.
3366 4707 3495 4757 xvi,

2240 4759 2312 4815 6:
2350 4758 2639 4829 Sexaginta
2700 4761 3013 4816 sententias.
3159 4763 3205 4793 “
3245 4760 3496 4830 Prosperi

241 4841 373 4902 seu}.
401 4831 496 4896 2|,
522 4847 593 4885 ex
619 4831 680 4885 S.
708 4828 847 4902 Aug.
884 4833 939 4886 in
966 4830 1058 4886 Ps.
1082 4847 1267 4886 cvaII.
1346 4832 1391 4863 ⁸³
1430 4830 1521 4885 Ps.
1548 4828 1704 4894 XLIII,
1738 4828 1847 4902 22f
1906 4832 1953 4861 ”
1983 4828 2029 4882 Il
2063 4830 2205 4902 Tim.
2236 4848 2298 4895 ll,
2328 4831 2420 4887 24.
2497 4828 2543 4864 ’⁸
2576 4830 2827 4902 Prosperi
2853 4839 2991 4902 sent.
3016 4831 3093 4902 754i
3114 4873 3129 4898 ε
3159 4846 3224 4886 ex
3265 4830 3325 4902 S.
3357 4828 3496 4899 Aug.

240 4901 295 4955 in
323 4899 411 4956 Ps.
439 4917 630 4956 cxxIv.

732 4904 778 4933 “
802 4900 913 4957 Ἰοῖ)
944 4918 1070 4957 xxIx
1092 4943 1107 4966 ,
1136 4902 1203 4956 15
1230 4917 1385 4971 seqq-
1408 4917 1474 4971 93
1513 4917 1657 4956 Vers'
1679 4901 1920 4971 “ﬁgam:

240 4969 494 5043 Dorensis
533 4972 769 5027 consult.
798 4973 835 5026 2
856 5014 871 5035 ,
897 4988 1016 5043 syn.
1042 4970 1227 5043 _I_.ater.
1277 4966 1380 5027 sub
1417 4970 1655 5043 δέητρὶηο
1689 4966 1709 5022 l
1779 4966 1865 5043 '3°‘
1890 4969 2066 5043 Gallo.

2039 4903 2082 4934 ³⁷
2120 4901 2397 4956 Nutriunt.
2512 4902 2558 4934 ³³
2593 4901 2729 4956 Sixti
2775 4911 2915 4957 sent.
2973 4901 3098 4957 176.
3210 4904 3255 4934 ²⁹
3307 4900 3496 4970 Steph.

2192 4972 2235 5003 ⁸¹
2275 4972 2603 5027 Saturninus
2664 4971 2753 5026 hic
2810 4981 2864 5027 et
2888 4970 3075 5026 Gallus
3098 4987 3243 5027 coss.
3280 4973 3496 5026 fuerunt

241 5056 325 5094 an.
362 5042 507 5107 198,
554 5043 768 5098 vivente
808 5039 990 5098 adhuc
1040 5041 1276 5098 Victore.
1351 5043 1395 5074 ³²
1436 5039 1492 5095 S.
1545 5040 1692 5107 Leo,
1723 5055 1811 5111 ep.
1839 5040 1930 5095 24.
1996 5042 2041 5074 ³³
2074 5042 2300 5098 Eﬂ'ectu.
2368 5043 2414 5074 “
2448 5040 2506 5097 S.
2532 5042 2785 5111 Prosperi
2818 5051 2958 5097 sent.
2993 5043 3082 5110 52,
3130 5058 3196 5098 ex
3244 5042 3301 5097 S.
3354 5042 3496 5111 Aug.

237 5111 290 5167 in
309 5110 406 5168 Ps.
426 5127 605 5169 cxxu.

305 5254 384 5325 (5)
426 5253 497 5329 Et
550 5253 607 5306 in
647 5254 954 5329 constitutis
1000 5252 1379 5329 apostolorum.
1426 5250 1495 5306 75
1536 5248 1813 5329 Canonent

233 5323 617 5395 apostolorum
646 5323 912 5395 intelligit,
938 5339 1047 5394 quo
1078 5325 1430 5395 constitutum
1454 5330 1583 5395 est._
1614 5323 1815 5395 ut_cpi-

231 5388 480 5465 scopales
514 5388 842 5465 causaanimi
862 5388 974 5449 nisi
998 5397 1066 5449 ab
1103 5394 1373 5465 episcopis
1403 5388 1811 5465 superioribus,

233 5455 518 5530 conciliis,
555 5473 653 5519 aut
691 5463 941 5519 Romano
978 5455 1234 5534 pontiﬁce
1268 5455 1652 5531 diiudicentur.
1684 5455 1815 5512 Vide

344 5537 634 5663 :Sgixirgus
673 5535 752 5590 ibi
794 5535 850 5589 in
890 5536 1036 5591 notis
1076 5535 1145 5590 ad
1186 5534 1505 5607 praedictum
1548 5543 1810 5586 canoncm

426 5625 477 5661 v.
558 5624 631 5662 IN.

301 5648 316 5660 .
344 5624 477 5662 δεῖν.
512 5624 631 5662 DIN.

294 5680 376 5749 (6)
419 5677 775 5750 Septuaginta
806 5677 946 5750 enim
987 5676 1211 5750 apostoli
1246 5674 1529 5750 sententias
1568 5670 1811 5750 prwﬁac-

238 5740 369 5803 mit:
425 5740 547 5801 Alia
583 5740 838 5818 quaedam
889 5740 1049 5802 lectio
1095 5748 1295 5808 habet,
1344 5745 1661 5813 sexaginta,
1705 5740 1812 5793 alia

240 5821 662 5890 quinquaginta;
704 5819 904 5888 quovis
957 5819 1118 5875 modo
1172 5818 1413 5883 legatur,
1453 5828 1641 5874 verum,
1696 5821 1810 5878 est,

1918 5248 2063 5318 quod
2097 5263 2191 5317 per
2224 5248 2323 5304 has
2361 5249 2660 5304 sententias
2682 5289 2699 5313 ,
2728 5261 2968 5304 canones
3003 5245 3374 5317 apostolorum
3411 5245 3498 5301 in-

1921 5319 2438 5389 telligatzgquorum
2486 5334 2781 5385 numerus,
2826 5318 2961 5389 licet
2995 5318 3498 5389 quinquagenarius

1916 5399 2124 5443 tantum
2173 5386 2355 5453 fuerit,
2422 5398 2481 5443 ut
2540 5405 2705 5459 supra
2749 5390 2806 5443 in
2850 5386 3248 5444 notis’nostris
3299 5386 3497 5459 ibidem

1916 5460 2277 5524 ostendimus,
2322 5470 2535 5524 tamen,
2580 5455 2708 5530 quia
2749 5475 2858 5514 uno
2897 5472 3107 5530 canone
3167 5455 3497 5530 quapdoqne

1915 5531 2096 5599 plures
2130 5532 2410 5585 sententiae
2441 5526 2998 5600 comprehenduntur,
3036 5526 3111 5600 60_
3143 5535 3234 5581 aut
3275 5526 3341 5581 70
3374 5526 3498 5583 sen-

1914 5597 2205 5654 tentiarum
2232 5597 2653 5670 apostolicarnm
2689 5616 2985 5660 numerus,
3024 5597 3494 5670 quinquagenario

1919 5668 2309 5741 apostolorum
2337 5687 2607 5729 canonum
2658 5687 2920 5736 numero,
2982 5668 3116 5723 nihil
3173 5670 3354 5725 Obstat
3406 5680 3498 5724 aut

1921 5740 2256 5814 pratjudicat.
2292 5740 2373 5800 lo.
