4006 6356
241 382 306 438 17
1234 386 1436 446 CAIUS
1467 387 1882 445 PRESBYTER

1952 390 2268 448 omnes.
2296 424 2367 433 —
2394 378 2694 448 Nomm.
3441 395 3506 450 ts

1006 496 1073 552 ll.

294 608 369 662 De
401 609 746 665 ordinatione
771 610 1193 681 presbyterorum
1223 620 1377 681 atque
1413 612 1780 667 diaconorum.

314 722 709 780 Ordinationes
735 741 868 780 vero
889 727 1330 797 presbyterorum
1353 727 1396 758 ⁸⁷
1420 735 1475 781 et
1499 726 1830 793 Levitarum,

255 825 499 886 tsmpore
539 832 785 888 congruo
835 829 888 873 et
934 819 1119 872 multis
1151 834 1335 874 coram
1381 820 1707 889 astantibus,
1739 835 1834 875 so-

256 908 505 964 lemniter
536 910 706 978 agite,
732 919 786 964 et
819 910 1127 980 probabiles
1159 919 1212 965 et
1238 912 1427 967 doctos
1455 912 1606 966 viros
1634 914 1700 967 ad
1730 913 1835 967 hoc

258 1013 394 1068 epos
424 1000 710 1070 pr0vebite
739 1001 815 1067 ⁵⁸,
865 1010 924 1055 ut
960 1001 1028 1056 de
1065 1016 1255 1056 eorum
1291 1002 1548 1058 societate
1585 1011 1639 1057 et
1680 1003 1835 1072 adju-

329 1139 372 1213 '_'
401 1136 656 1213 Distinet.
691 1138 780 1196 75.
807 1137 1188 1197 Ordinationes
1217 1141 1676 1213 presbyterorum.
1733 1141 1778 1174 ⁸⁸
1803 1139 2150 1198 Constituite.

263 1207 304 1243 ⁶¹
334 1205 512 1264 Gallo.

1862 547 1909 602 Δ

1937 513 2123 558 mento
2176 503 2472 573 plurimum
2532 505 2830 575 gaudeatis.
2891 504 3079 562 Ponite
3140 505 3506 562 indesinenter

1939 594 2106 649 corda
2136 607 2314 650 vestra
2345 596 2399 650 in
2435 597 2636 652 virtute
2685 595 2776 652 Dei
2810 598 2876 663 '9,
2929 608 2984 653 et
3030 609 3280 654 enarratc
3315 599 3428 654 haec
3455 609 3510 654 et

1939 696 2131 741 caetera
2170 688 2352 742 divina
2387 689 2549 743 verba
2593 688 2645 742 in
2687 690 2971 761 progenies
3001 691 3220 758 alteras,
3261 693 3510 762 quoniam

1938 777 2021 830 hic
2049 788 2127 832 est
2169 779 2310 833 Deus
2375 791 2548 834 noster
2577 782 2631 834 in
2667 793 2919 836 reternum
2945 825 2960 849 ,
2993 794 3042 838 et
3085 785 3195 854 ipse
3240 793 3379 854 reget
3403 801 3508 854 ⁵ιιοε

1943 871 1994 922 in
2023 871 2220 925 scecula
2252 872 2319 926 ⁶⁰.
2355 871 2486 926 Data
2523 873 2553 925 7
2585 872 2709 928 ldus
2730 872 3071 941 Novembris,
3111 875 3409 932 Saturnino
3457 885 3512 931 et

1939 957 2218 1015 Gallicano
2252 963 2294 1000 σι
2330 963 2461 1018 viris
2492 963 2811 1021 clarissimis
2839 969 3170 1024 consulibus.

2253 1146 2298 1177 ”
2329 1144 2602 1212 Gelasius,
2643 1161 2730 1217 ep.
2763 1147 2817 1201 9.
2917 1148 2959 1178 ‘°
2987 1147 3186 1202 Psalm.
3223 1163 3388 1213 xuvn,
3419 1146 3508 1202 15.

277 1355 3502 1382 Ἥ

274 1518 827 1671 ὄζω]
1470 1535 1706 1601 δηιῙο
1755 1535 1882 1600 Dom

1952 1533 2236 1602 f1__90X!.V.
2288 1529 2399 1595 Π.
2446 1542 2524 1593 .2
2561 1533 2798 1594 ~32.
2909 1497 3387 1618 οὔκ-Λάιμῆ

1151 1624 1220 1632 λοιδο-

221 1696 356 1780 ιϐί.
381 1713 630 1773 xxx”.
699 1682 939 1791 Wand,
961 1711 1247 1823 12374
1270 1716 1622 1929 -ωοσΟ

1980 1715 2335 1934 US

703 2098 714 2106 ’
804 2077 1942 2236 PRESBYTER
2027 2074 2694 2236 ROMAN
2703 2077 2936 2238 US

1559 2518 2210 2634 NOTlTIA.

1127 2739 1398 2804 (6mm,
1435 2737 1662 2793 Biblioth.
1687 2741 1910 2802 Patrum,
1933 2745 2054 2792 tom.
2082 2741 2145 2803 II,
2172 2741 2394 2806 Proleg.,
2418 2754 2470 2805 ρ.
2496 2740 2690 2805 urat.)

333 3037 374 3094 ἰ.
400 3037 594 3099 Caius.
625 3039 799 3094 sancti
829 3035 1025 3093 [reniti
1059 3040 1468 3108 contubernalis,
1501 3058 1570 3096 an
1599 3041 1753 3096 domo
1784 3040 2140 3097 Corinthius?
2166 3039 2414 3094 Ecclesia:
2437 3039 2694 3094 Romana:
2729 3037 3000 3108 presbyter
3027 3047 3079 3091 et
3098 3038 3370 3108 episcopus
3395 3055 3522 3109 gen-

271 3111 416 3183 tium.
455 3110 538 3183 De
566 3110 688 3164 Caii
721 3109 1084 3180 presbyteratu
1114 3118 1165 3165 et
1192 3112 1494 3183 episcopatu
1543 3112 1840 3168 Dodwellus
1875 3122 1925 3167 et
1967 3112 2251 3167 Fabricius
2292 3112 2468 3165 minus
2503 3109 2634 3164 belle
2659 3109 2858 3180 opinati
2883 3126 2994 3163 esse
3018 3109 3281 3166 ridentur.
3311 3109 3523 3164 Rectius

265 3181 612 3235 Bacchinius.

329 3251 396 3305 ll.
447 3251 568 3317 Quo
605 3263 835 3322 tempore
861 3251 1056 3305 claruit
1091 3261 1307 3320 auctor,
1342 3253 1422 3307 vir
1461 3253 1867 3308 disertissimus.
1909 3252 2334 3322 Disputationem
2361 3251 2572 3321 scripsit
2603 3249 2852 3304 adversus
2877 3248 3181 3322 _Proculun_t
3214 3246 3521 3322 Cataphry-

263 3339 456 3394 garum
501 3317 838 3378 sectatorem.
900 3322 985 3376 Ea:
1028 3332 1258 3376 veterum
1294 3317 1360 3378 et
1418 3326 1766 3379 recentiorum
1815 3317 2074 3380 sententia
2131 3339 2259 3394 opus
2311 3317 2480 3375 eidem
2537 3322 2794 3375 asseritur
2823 3361 2837 3388 ,
2877 3317 3097 3374 Parvus
3154 3317 3524 3391 Labyrinthus

261 3393 607 3464 inscriptum.

331 3457 441 3519 Ill.'
465 3462 758 3532 Scripsisse
771 3479 972 3534 quoque
1007 3462 1168 3518 Caius
1205 3465 1276 3519 De
1305 3464 1531 3520 Canone
1558 3481 1839 3519 sacrarum
1877 3463 2287 3534 Scripturarum
2311 3462 2651 3517 existimatur
2678 3475 2696 3515 :
2723 3461 2779 3515 in
2805 3478 2869 3534 ea
2894 3460 3131 3534 fortasse
3166 3457 3527 3534 disputatione

264 3551 424 3602 quam
449 3529 653 3587 habu'it-
667 3529 917 3606 adversus
950 3534 1240 3606 Proculum
1283 3536 1686 3589 Montanistum.
1715 3535 1950 3606 Hujusce
1983 3529 2281 3605 argumenti
2306 3535 2656 3606 fragmentum
2683 3533 3016 3606 acepltalum,
3051 3530 3192 3606 haud
3217 3532 3296 3584 ita
3321 3529 3525 3606 pridem

266 3601 570 3677 rutgatam,
617 3605 938 3669 adducitur;
983 3605 1184 3676 ipsique
1235 3607 1396 3660 variis
1453 3606 1768 3677 conjecturis
1799 3601 2072 3660 tribuitur
2121 3607 2183 3660 ab
2230 3601 2431 3658 editore
2477 3601 2782 3657 Muratorio
2833 3601 2892 3658 V.
2950 3604 3036 3665 (3.,

273 3675 570 3728 exhibetur.

3086 3600 3236 3670 cujus
3269 3601 3526 3654 monitum

335 3743 427 3798 iV.
472 3744 880 3800 Observationes
911 3745 1180 3800 nonnulla:
1205 3755 1314 3800 tum
1351 3747 1408 3800 in
1434 3745 1660 3800 allatum
1691 3747 2065 3817 fragmentum,
2093 3755 2202 3798 tum
2235 3748 2288 3798 in
2323 3745 2582 3797 monitum
2616 3742 3047 3796 Muratorianum
3077 3742 3452 3812 subjiciuntur.

334 3860 375 3916 l.
409 3861 612 3924 Caius,
675 3861 762 3916 vel
815 3861 1004 3928 Gaius,
1055 3879 1162 3918 una
1218 3878 1342 3918 cum
1407 3872 1597 3919 saneto
1645 3867 1849 3918 Irenaeo

269 3963 630 4008 conversatus
671 3952 841 4007 fuisse
860 3994 874 4018 ,
917 3953 975 4017 ὃς
1020 3954 1115 4007 καὶ
1146 3953 1627 4007 συνεπολιτεύσατο
1656 3953 1733 4024 τῷ
1759 3955 1850 4006 Εἰ-

269 4046 500 4114 ρηναίῳ,
541 4061 610 4098 ex
643 4045 1046 4114 subscriptione
1073 4045 1333 4102 Actorum
1359 4046 1605 4117 martyrii
1652 4045 1710 4099 S.
1742 4044 1848 4098 Po-

262 4133 476 4207 l}carpi
502 4137 852 4191 existimatur
874 4137 940 4191 θ’.
971 4136 1049 4191 Ex
1073 4153 1179 4208 qua
1207 4138 1425 4210 quidem
1451 4139 1854 4208 subscriptione

1955 3862 2061 3916 νῶν
2095 3881 2108 3915 :
2141 3862 2276 3916 adeo
2301 3870 2379 3925 ut,
2410 3861 2512 3915 hac
2546 3861 2774 3914 lectione
2805 3859 3036 3913 ﬁdenter
3065 3859 3323 3925 admissa,
3358 3855 3528 3912 fuisse

1953 3953 2145 4007 Caium
2200 3953 2584 4007 Atheniensem
2636 3951 2953 4022 episcopum
3005 3965 3230 4006 securus
3279 3965 3527 4019 pronun-

1955 4046 2072 4100 tiet.
2104 4045 2239 4111 Quis
2283 4059 2448 4114 porro
2496 4042 2704 4097 nesciat
2749 4043 2818 4097 ab
2875 4042 3030 4097 initio
3073 4042 3152 4097 rei
3204 4042 3530 4098 Christianae

1959 4137 2015 4190 in
2047 4153 2196 4192 more
2229 4137 2468 4207 positum
2513 4135 2872 4204 institutoque
2913 4135 3185 4205 majorum
3229 4134 3432 4200 fuisse,
3469 4143 3530 4188 ut

267 4227 442 4283 fuisse
486 4229 670 4297 ipsum
721 4228 883 4282 domo
920 4227 1261 4284 Corinthium
1289 4270 1304 4296 ,
1354 4239 1410 4285 et
1465 4245 1589 4285 eum
1642 4229 1847 4286 Irenzeo
1878 4227 1920 4282 Β
1948 4230 2187 4300 episcopi
2218 4237 2534 4284 crearentur
2557 4228 2650 4297 qui
2685 4228 2817 4281 nulli
2849 4237 3011 4282 certa:
3045 4226 3305 4282 Ecclesiae
3336 4229 3526 4298 ρι’ωεί-

265 4317 501 4373 Romam
537 4317 843 4387 profectum
874 4319 1096 4388 conjicil.
1128 4319 1437 4391 Moynius“
1471 4337 1486 4376 :
1523 4320 1617 4375 sed
1657 4329 1853 4390 praeter

263 4426 406 4478 rem,
445 4421 506 4466 ut
544 4421 774 4466 censent
797 4412 992 4466 eruditi
1034 4410 1289 4466 Historia:
1323 4412 1598 4467 litterario:
1631 4413 1854 4467 Gallica:

262 4513 522 4558 auctores
547 4504 614 4558 “.
650 4502 785 4558 Illud
816 4503 1018 4559 certius
1040 4518 1108 4558 ex
1137 4503 1334 4560 Photio
1360 4505 1426 4573 ⁸⁸,
1462 4505 1630 4562 fuisse
1658 4505 1853 4559 Caium

262 4597 533 4652 Romana:
583 4594 842 4650 Ecclesia:
882 4595 1293 4667 presbyterumf,
1336 4596 1755 4666 ordinatumque
1801 4606 1854 4650 et

262 4693 513 4761 gentium
556 4689 899 4759 episcopum.
946 4688 1146 4741 Τοῦτον
1186 4687 1277 4742 τὸν
1306 4689 1464 4743 Γάϊον
1487 4688 1855 4760 πρεσϐύτερόν

267 4800 401 4852 φασι
427 4779 760 4852 γεγενῆσθαι
782 4780 883 4851 τῆς
920 4778 1063 4833 κατὰ
1095 4779 1312 4852 Ῥώμην
1355 4781 1676 4854 Ἐκκλησίας
1699 4801 1715 4816 ο
1743 4799 1857 4854 χει-

269 4876 628 4947 ρπονηθῆναι
673 4873 731 4926 δὲ
767 4872 926 4927 αὐτὸν
959 4872 1065 4926 τῶν
1104 4869 1268 4926 ἐθνῶν
1302 4873 1614 4928 ἐπίσκοπον.
1658 4874 1854 4931 Mirum

265 4980 397 5021 sane
419 4963 763 5020 Dodwellum
795 4962 1134 5032 conjectasse
1157 4961 1225 5028 “,
1249 4961 1439 5018 Caium
1472 4963 1730 5020 Romanae
1755 4965 1856 5021 Ec-

264 5058 451 5113 clesia:
473 5050 861 5126 presbyterum,
906 5064 1128 5125 propter
1170 5054 1318 5125 ipsas
1366 5056 1676 5110 traditiones
1719 5073 1857 5127 quas

261 5149 639 5213 conservarit,
682 5148 1013 5217 appellatum
1046 5165 1060 5201 :
1097 5162 1220 5202 cum
1264 5157 1459 5218 przeler
1488 5146 1666 5202 Photii
1705 5150 1859 5204 testi--

260 5242 549 5304 monium,
599 5239 865 5295 Eusebius
908 5255 1127 5310 quoque
1191 5241 1362 5294 virum
1421 5240 1856 5310 ecclesiasticum,

262 5331 729 5404 ἐκκλησιαστικὸν
753 5331 944 5403 ἄνδρα,
978 5333 1130 5386 illum
1159 5331 1404 5386 nominet
1427 5332 1494 5385 ⁸⁷.
1538 5329 1723 5402 Neque
1755 5333 1858 5387 mi-

257 5443 369 5481 nus
416 5423 615 5480 mirari
662 5424 810 5479 subit
862 5423 1041 5479 visum
1092 5423 1266 5480 fuisse
1307 5422 1558 5479 Fabricio
1597 5426 1663 5492 θ’,
1713 5426 1856 5494 apud

254 5517 528 5571 Pbotium
566 5531 667 5586 pro
695 5515 864 5570 ἐθνῶν
890 5516 1186 5570 ἐπίσκοπον
1217 5515 1501 5588 legendum
1536 5530 1657 5571 esse
1701 5515 1859 5589 Ἀθη·-

333 5630 386 5660 ﬂ
425 5625 564 5682 Vide
596 5636 730 5682 tom.
758 5625 804 5681 ν
846 5637 1020 5683 nostr.
1075 5627 1333 5683 Biblioth.

253 5699 308 5753 la
341 5697 584 5770 Eranee,
608 5709 757 5770 _t_om.
793 5698 833 5762 1,
872 5709 1010 5767 part.
1036 5715 1073 5760 t,
1099 5699 1361 5770 pag.556.

258 5770 311 5850 ξτ.
340 5767 556 5850 Euseb.
608 5766 748 5850 Hist.
795 5766 963 5850 ecCl.,
997 5766 1194 5834 libﬁtt,
1230 5785 1354 5850 c_ap1
1563 5775 1608 5806 ⁸⁸
1639 5773 2112 5850 [ξψτίαΒὶωῶΓ.
2134 5820 2148 5848 ,
2175 5787 2306 5835 tom.
2341 5777 2408 5846 γ,
2461 5795 2586 5850 pag.
2619 5777 2748 5836 267.

258 5840 555 5895 hierarch.
608 5839 987 5911 origin.,part.
1026 5858 1065 5906 ι,
1089 5856 1208 5911 cap.
1242 5842 1294 5909 5,
1331 5841 1360 5914 §
1393 5844 1479 5911 l9,
1511 5845 1774 5917 pag.266.

1486 5629 1846 5706 f_'§ioyn.__ad
1886 5631 2013 5690 Var.
2067 5651 2208 5691 sacr.
2269 5651 2425 5706 pagg.
2471 5636 2605 5703 937.
2653 5636 2777 5691 940·

1474 5701 1516 5734 ⁸⁸
1547 5701 1702 5758 Phot.
1727 5702 1887 5765 BibL,
1927 5707 2046 5760 cod.
2072 5707 2162 5761 48.

1953 4323 2167 4378 tierent?
2202 4340 2220 4374 ι
2266 4321 2323 4376 In
2360 4321 2620 4377 Ecelesiis
2652 4335 2716 4374 ex
2758 4321 3009 4389 gentibus
3046 4329 3253 4374 tantum
3295 4319 3524 4373 fundan-

1954 4416 2037 4471 dis
2059 4415 2244 4486 (verba
2277 4421 2404 4470 sunt
2432 4410 2792 4468 BacchiniiV.
2826 4411 2966 4482 (1.“)
3002 4411 3524 4467 Petrutnsuccesso-

1953 4523 2151 4578 resque
2187 4507 2473 4578 pontiﬁces
2501 4505 2734 4575 priores,
2790 4503 2842 4558 id
2892 4520 3141 4560 servasse
3164 4511 3522 4573 compertum,

1957 4606 2016 4652 ut
2046 4598 2288 4668 episcopi
2319 4605 2658 4663 crearentur,
2703 4605 2998 4666 antequam
3054 4596 3281 4668 gentiles
3330 4595 3543 4664 quibus.

1955 4691 2032 4745 illi
2070 4705 2306 4761 praeesse
2340 4689 2631 4752 debebant,
2685 4697 3151 4742 converterentur.
3185 4688 3242 4741 1d
3277 4702 3340 4741 ex
3382 4697 3530 4741 vete—

1955 4783 2106 4838 ribus
2135 4789 2191 4837 et
2230 4781 2625 4836 sincerioribus
2653 4777 3020 4834 Ecclesiarum
3053 4781 3424 4834 monumentis
3463 4779 3530 4832 li-

1955 4876 2123 4945 quido
2160 4881 2394 4929 constat.
2428 4871 2579 4926 Missi
2618 4880 2747 4927 sunt
2781 4872 2962 4942 plures
3002 4873 3298 4944 episcopali
3337 4873 3529 4926 chara-

1956 4974 2103 5020 etere
2148 4964 2390 5036 insignili
2428 4979 2460 5020 a
2501 4963 2662 5019 Petro
2703 4971 2759 5020 et
2798 4965 3212 5020 successoribus
3252 4965 3304 5019 in
3340 4964 3507 5020 Italiae

1957 5057 2388 5128 Hispaniarum,
2477 5057 2823 5124 Britanniae,
2907 5056 3148 5124 Africae,
3222 5057 3524 5114 Galliarum

1957 5150 2230 5219 regiones,
2263 5150 2355 5219 qui
2393 5148 2668 5204 Eceles'ns
2713 5148 2817 5204 sibi
2862 5149 3276 5216 constituerent,
3310 5149 3527 5219 gentili-

1957 5242 2060 5298 bus
2107 5242 2176 5295 ad
2208 5242 2454 5298 veritatis
2500 5242 2684 5296 lumen
2735 5241 3034 5296 conversis.
3074 5241 3149 5296 lta
3204 5242 3259 5295 in
3311 5239 3530 5294 Oriente

1957 5336 2050 5391 ubi
2093 5333 2262 5390 Judaai
2312 5335 2626 5406 frequentes
2671 5335 2960 5406 degebant,
3005 5335 3284 5392 conversis
3321 5349 3388 5387 ex
3424 5335 3532 5388 cir-

1957 5428 2295 5484 cumcisione
2337 5438 2391 5483 et
2429 5429 2693 5498 praeputio
2724 5429 2834 5483 dati
2870 5439 2997 5484 sunt
3021 5427 3262 5498 episcOpi
3291 5445 3306 5480 :
3335 5426 3387 5480 in
3421 5425 3535 5483 Oc-

1958 5522 2194 5586 cidente,
2234 5522 2325 5578 ubi
2367 5520 2537 5577 Judaei
2576 5523 2659 5576 vel
2702 5523 2812 5577 rari
2853 5523 2937 5578 vel
2970 5538 3154 5577 eorum
3185 5522 3388 5588 nullus,
3418 5524 3530 5591 epi-

2953 5637 2998 5669 ⁴⁵δ
3051 5635 3183 5691 Hist.
3237 5637 3400 5695 litlér.
3467 5641 3534 5696 de

2275 5705 2538 5780 “Podw.
2597 5706 2822 5780 Dissert.
2858 5707 2895 5780 ᾇ
2921 5705 3057 5780 lrcn.
3099 5709 3125 5780 §
3161 5709 3250 5775 51,
3278 5727 3352 5780 ίρ.
3405 5712 3530 5765 284.

2859 5778 2902 5812 ⁸⁸
2935 5778 3215 5850 Βθεειιίη.,
3268 5778 3342 5836 De
3393 5783 3535 5837 eccl.
