3936 6358
502 407 569 463 ta
1705 406 1908 462 CAIUS
1943 398 2735 487 PRESBYTER-ROMANUS.
3662 406 3729 464 ω

498 522 645 592 scopi
684 524 848 578 creati
877 524 967 594 qui
996 523 1222 594 gentiles
1260 533 1655 580 converterent.
1694 525 1773 578 ibi
1807 523 2061 579 Ecclesia:
2089 526 2133 580 Α
2163 524 2266 577 tari
2300 538 2408 576 non
2433 521 2612 578 debet.
2649 522 2909 588 Quamvis
2937 522 3080 577 enim
3112 521 3380 580 Eusebius
3402 539 3503 579 nec
3529 540 3727 580 nomen

498 614 786 685 episcopos
826 624 1147 685 receperunt
1186 635 1200 670 :
1236 617 1324 672 hic
1354 618 1615 687 episcopi,
1645 632 1783 687 quas
1815 626 2061 686 regerent

500 705 769 763 Ecclesias
814 707 1130 763 fundarunt.
1180 706 1474 765 Ordinatos
1524 718 1807 779 pr0ptcrea
1864 708 2060 778 primis

495 796 751 853 Ecclesire
777 799 1113 867 temporibus
1140 799 1194 853 in
1221 797 1531 867 Occidente,
1564 816 1673 855 non
1706 801 1866 855 modo
1899 806 2061 855 certae

494 888 670 957 gemis
693 905 815 959 quae
846 890 899 943 in
933 892 1036 945 lide
1064 891 1270 947 erudiri
1302 892 1542 955 deberet,
1584 894 1678 948 sed
1706 894 1872 948 etiam
1916 906 2063 947 crea-

494 991 578 1035 tos
603 995 710 1034 non
756 990 917 1036 certae
955 983 1131 1052 gentis
1173 999 1275 1040 nec
1304 993 1467 1039 certae
1515 985 1754 1056 regionis
1776 985 2060 1055 episcopos

493 1068 764 1135 novimus,
790 1070 881 1139 qui
916 1071 1166 1141 gentibus
1191 1073 1565 1141 praedicantes,
1589 1073 1678 1127 ubi
1702 1073 2062 1128 consisterent

491 1161 565 1215 ibi
598 1169 800 1216 certam
847 1163 951 1217 sibi
985 1164 1165 1219 sedem
1205 1163 1517 1220 luridarent.
1563 1164 1695 1235 Ejus
1730 1166 1829 1230 rei,
1857 1174 1911 1220 et
1937 1174 2061 1235 post

490 1254 785 1320 apostolica
814 1263 1055 1324 tempora
1082 1256 1132 1308 in
1165 1257 1411 1312 moribus
1444 1257 1651 1326 positae,
1674 1266 1728 1312 et
1748 1258 1815 1312 ab
1841 1265 2062 1327 aposto-

487 1344 556 1398 lis
594 1347 782 1414 procul
814 1346 981 1401 dubio
1007 1347 1224 1403 ﬂuentis
1244 1387 1259 1412 ,
1302 1357 1511 1403 certum
1545 1350 1933 1404 documentum
1965 1363 2061 1404 ex-

490 1436 636 1491 hibet
669 1434 898 1494 Pliotius
930 1439 1107 1496 ’°...ld
1137 1455 1330 1510 nempe
1355 1441 1424 1495 ab
1455 1441 1611 1496 initio
1639 1442 1966 1506 obtinuerat,
2000 1451 2060 1497 ut

486 1527 804 1597 hujusmodi
849 1527 1130 1601 Evangelii
1157 1532 1479 1598 emissariis,
1516 1533 1665 1587 orbis
1686 1533 1966 1603 gentilium
1991 1534 2059 1589 ad

484 1617 763 1674 Clu-istum
818 1628 1245 1688 converteretur,
1300 1623 1394 1693 qui
1452 1622 1710 1680 Romanae
1740 1626 1896 1696 [sedis
1940 1638 2061 1680 tan-

485 1725 650 1775 quam
664 1713 999 1782 metropolis
1017 1714 1263 1769 colonias
1281 1712 1335 1769 lu
1346 1715 1571 1769 ndarent
1593 1716 1645 1770 in
1669 1713 1979 1784 Occidente,
1993 1718 2059 1772 de

484 1801 684 1868 quibus
713 1800 1062 1859 Innocentius
1101 1804 1121 1857 Ι
1168 1807 1329 1875 epist.
1363 1806 1431 1861 ad
1478 1805 1791 1862 Decentium
1823 1808 2060 1880 Eugubi-

2164 616 2407 673 auctoris
2428 630 2528 670 uec
2559 615 2683 670 libri
2715 614 2928 669 titulum
2956 630 3019 669 ex
3048 631 3157 686 quo
3181 624 3433 685 excerpta
3463 617 3727 671 verbatim

2164 708 2528 777 transcripsit,
2567 716 2972 768 commemoret,
3002 708 3219 761 titulum
3261 718 3440 762 tamen
3474 708 3599 762 libri
3625 725 3728 765 co-

2163 798 2481 869 gnoscimus
2521 796 2736 866 μικρὸν
2774 796 3140 865 Λαϐύρινθον
3190 796 3374 852 fuisse.
3429 796 3564 851 Nam
3616 814 3728 852 non

2162 878 2371 945 tantum
2392 886 2729 957 Nicephorus
2750 887 2980 940 allirmat
3005 886 3072 950 ⁸ο,
3092 886 3181 939 τὸν
3195 886 3411 956 μικρὸν
3438 890 3730 961 εἰρημένον

2168 982 2543 1048 Λαϐύρινθον
2556 978 2896 1048 redarguisse
2920 978 3309 1033 absurditatem
3334 982 3645 1035 Artemonis
3674 992 3731 1035 et

2163 1070 2452 1133 Theodoti,
2491 1084 2654 1138 quam
2700 1069 2890 1122 beatus
2920 1065 3108 1122 Victor
3145 1068 3512 1140 depugnavit;
3550 1072 3643 1124 sed
3672 1080 3729 1124 et

2163 1160 2539 1218 Theodoretus
2567 1161 2611 1191 '"
2648 1160 2811 1214 trium
2846 1160 3224 1230 pericoparum
3260 1162 3401 1231 apud
3429 1161 3729 1217 Eusebium

2163 1269 2432 1310 summam
2464 1269 2531 1308 ex
2565 1269 2724 1323 parvo
2740 1251 3063 1323 Labyrintho
3094 1253 3333 1318 deducit,
3365 1255 3432 1310 de
3449 1254 3729 1311 Theodoto

2162 1361 2346 1416 agens.
2406 1345 2633 1400 Parvum
2674 1354 2856 1400 autem
2907 1345 3054 1400 hunc
3094 1344 3477 1415 Labyrinthum
3498 1346 3727 1404 Photius

2162 1438 2322 1492 Γαΐου
2351 1438 2571 1509 πόνημα
2602 1438 2848 1509 agnoscit
2878 1438 2923 1471 ⁸³
2946 1480 2962 1506 ,
2996 1442 3061 1511 τῇ
3090 1439 3318 1513 ἀληθείᾳ
3343 1441 3505 1495 αὑτοῦ
3538 1459 3726 1495 συντε-

2164 1528 2411 1599 ταχότος,
2450 1527 2588 1598 quod
2620 1544 2674 1582 re
2703 1544 2824 1582 vera
2854 1527 2944 1582 ille
2985 1531 3290 1599 composuit,
3324 1532 3417 1600 qui
3450 1542 3504 1587 et
3548 1532 3727 1586 διάλεο

2163 1622 2244 1686 ξιν
2272 1629 2462 1676 contra
2485 1619 2779 1675 Proculum
2814 1619 3196 1677 Montanistam
3248 1623 3432 1678 edidit.
3464 1644 3483 1676 ι
3540 1624 3730 1682 Hacte-

2160 1729 2266 1768 nus
2297 1713 2380 1766 vir
2412 1712 2677 1768 eruditus.
2709 1711 2860 1768 [laud
2890 1713 3047 1769 velim
3074 1722 3254 1769 tamen
3284 1717 3504 1774 omittas
3528 1735 3647 1789 quar
3670 1721 3727 1774 in

2160 1805 2405 1859 eamdem
2436 1804 2762 1859 sententiam
2801 1805 3095 1859 observant
3121 1806 3423 1861 doctissimi
3456 1808 3581 1874 viri,
3614 1808 3727 1862 Til-

485 1908 616 1946 num
651 1893 768 1949 hac
799 1895 963 1950 habet
1004 1915 1017 1951 :
1062 1895 1263 1968 Legaut
1307 1899 1354 1952 si
1385 1900 1441 1952 in
1468 1901 1548 1953 his
1587 1902 1871 1969 provinciis
1915 1902 2055 1957 alia;
2089 1898 2131 1955 Β
2159 1895 2532 1959 lemontius”,
2563 1894 2816 1949 Historia:
2840 1895 3120 1951 litterario:
3142 1895 3360 1952 Galliae
3390 1900 3721 1966 auctores”,

485 1985 847 2053 apostolorum
880 1990 1166 2055 invenitur,
1198 2000 1290 2043 aut
1324 1990 1514 2062 legitur
1536 1995 1796 2048 docuisse.
1828 1994 1981 2059 Quod
2009 1997 2056 2051 si

484 2092 587 2130 non
622 2077 821 2147 legant,
866 2081 991 2150 quia
1020 2097 1280 2152 nusquam
1302 2085 1596 2150 invenitur,
1625 2094 1825 2155 oportet
1847 2101 1932 2139 eos
1960 2086 2056 2141 hoc

484 2169 630 2237 sequi
664 2169 803 2239 quod
835 2169 1071 2226 Romana
1098 2171 1340 2228 Ecclesia
1370 2175 1620 2241 custodit,
1654 2192 1687 2228 a
1714 2193 1819 2245 qua
1844 2193 1930 2231 eos
1948 2178 2054 2232 ini-

485 2262 616 2313 tium
660 2263 921 2331 accepisse
966 2281 1067 2319 non
1097 2266 1315 2321 dubiunt
1356 2277 1452 2323 est.
1494 2288 1513 2321 ι
1544 2267 1820 2325 Hactenus
1850 2270 1933 2324 vir
1959 2271 2056 2325 do-

484 2359 626 2405 ctus.
656 2349 761 2405 Sed
788 2351 889 2408 hac
912 2354 980 2408 de
999 2370 1057 2408 re
1080 2353 1487 2411 Tillemontium
1507 2372 1724 2427 quoque
1740 2358 2052 2414 consulas"

482 2438 667 2494 velim.

555 2527 616 2584 ll.
651 2528 859 2587 Claruit
883 2532 1068 2601 Caius,
1111 2535 1192 2588 vir
1239 2536 1635 2592 disertissimus
1659 2579 1674 2604 ,
1731 2536 2055 2607 λογιώτατος

483 2621 625 2695 ἀνήρ
650 2623 716 2688 τ’,
750 2625 851 2679 sub
874 2624 1182 2698 Zephyrino
1222 2627 1483 2685 Romanae
1519 2630 1670 2686 urbis
1688 2631 1965 2701 episcopo,
1996 2642 2056 2687 ut

483 2723 606 2781 post
632 2712 929 2795 Eusebium
964 2718 1010 2750 ⁷³
1033 2719 1197 2774 tradit
1218 2729 1443 2778 sanctus
1476 2720 1836 2794 Hieronymus
1862 2723 1929 2790 7‘,
1952 2723 2057 2778 An-

485 2804 671 2861 tonino
701 2804 979 2864 Caracalla
1014 2810 1333 2880 imperante,
1358 2812 1435 2887 id
1462 2822 1564 2878 est,
1597 2814 1795 2869 suacqu
1852 2830 1913 2868 ιιι
1969 2816 2055 2868 in-

482 2904 663 2963 eunte,
692 2897 803 2953 sive
819 2899 961 2955 circa
986 2916 1109 2956 terte
1128 2902 1364 2973 vulgaris
1390 2918 1591 2957 annum
1614 2904 1739 2958 21%.
1767 2904 1912 2960 lnter
1934 2905 2055 2975 ejus

485 2988 685 3060 scripta
741 2990 1048 3048 celebratur
1103 2992 1405 3064 Disputatio
1461 2996 1723 3051 adversus
1759 2996 2052 3052 Proculum

483 3078 725 3136 Montani
752 3092 1095 3148 sectatorem,
1149 3102 1312 3156 quam
1360 3089 1510 3142 valde
1551 3090 1808 3160 insignem
1849 3087 2054 3144 Doctor

486 3172 779 3241 maximus;
797 3186 1124 3242 accuratam,
1144 3180 1456 3244 σπουδαίαν,
1474 3180 1701 3236 Photius
1720 3181 1953 3252 appellat
1966 3181 2016 3214 "
2035 3200 2048 3235 :

485 3264 643 3333 cujus
675 3264 974 3337 fragmenta
1003 3283 1070 3321 ex
1096 3267 1329 3324 Eusebio
1350 3272 1758 3342 descripsimus.

560 3356 770 3429 Stylum
802 3358 931 3413 item
969 3358 1257 3416 strinxisse
1287 3360 1453 3418 Caius
1496 3364 1759 3419 adversus
1807 3365 2030 3419 Artemo

486 3450 571 3504 nis
600 3448 874 3515 haeresim,
910 3466 1178 3522 suamque
1206 3455 1642 3511 lucubrationem
1674 3473 1895 3526 parvum
1944 3455 2025 3510 La

486 3539 790 3610 byrintlmm
845 3540 1213 3613 inscripsisse,
1266 3560 1331 3600 ex
1387 3556 1629 3602 veterum
1689 3549 2058 3605 monumentis

487 3631 817 3700 perhibetur.
854 3632 1028 3702 Hujus
1056 3634 1275 3704 quidem
1305 3636 1495 3707 scripti
1528 3637 1631 3692 tria
1667 3637 1906 3709 insignia
1949 3638 2062 3694 fra-

484 3736 701 3795 gmenta
731 3727 888 3782 nobis
909 3730 1142 3784 servavit
1169 3728 1440 3785 Eusebius
1467 3730 1548 3794 '5;
1592 3730 1683 3801 qui
1726 3740 1906 3785 tamen
1941 3738 2056 3785 tum

483 3817 726 3872 auctoris
756 3833 977 3885 nomen,
1003 3828 1115 3874 tum
1163 3821 1343 3890 operis
1388 3820 1605 3875 titulum
1665 3822 1873 3877 reticet.
1921 3820 2059 3878 Hinc

486 3910 733 3970 nonnulli
758 3912 902 3982 apud
940 3910 1345 3969 Thcodoretum
1376 3913 1419 3945 ⁷⁷
1452 3911 1671 3985 Origeni
1695 3930 1834 3985 opus
1864 3929 2060 3986 perpe-

484 4017 602 4054 ram
636 4001 893 4057 tribuisse
927 4013 1251 4059 noscuntur.
1285 4003 1376 4059 Sic
1403 4004 1547 4059 enim
1602 4005 1722 4059 ille:
1773 4005 1932 4059 Κατὰ
1962 4005 2061 4076 τῆς

480 4092 686 4149 τούτων
713 4095 975 4166 αἱρέσεως
1014 4099 1043 4148 ὁ
1073 4094 1322 4164 σμικρὸς
1344 4096 1654 4167 συνεγράφη
1677 4096 2059 4164 Λαϐύρινθος,

482 4186 542 4239 ὃν
568 4202 711 4249 τινες
756 4186 1058 4257 Ὠριγένους
1114 4187 1552 4257 ὑπολαμϐάνουσι
1595 4188 1846 4258 πόνημα·
1898 4186 2009 4241 ἀλλ’
2035 4189 2063 4240 ὀ

486 4278 774 4351 χαρακτὴρ
805 4277 1016 4349 ἐλέγχει
1044 4278 1170 4342 τοὺς
1198 4277 1473 4347 λέγοντας.
1525 4297 1542 4329 ι
1580 4278 1784 4334 Contra
1832 4278 2062 4335 istorum

2158 2002 2259 2043 nec
2292 2002 2400 2041 non
2432 1976 2822 2057 Wesselingius
2852 1987 2917 2039 ⁸⁵.

2228 2076 2316 2132 Ill.
2348 2076 2550 2133 Tribus
2579 2077 2809 2146 hujusce
2837 2077 3019 2148 operis
3076 2080 3346 2149 excerptis
3400 2080 3727 2138 Eusebianis

2157 2185 2281 2241 quae
2309 2185 2434 2224 cum
2466 2169 2611 2224 notis
2642 2158 2839 2223 Vale'sii
2869 2178 2924 2222 et
2953 2167 3226 2224 Contantii
3248 2170 3594 2240 protulimus,
3620 2172 3728 2226 fra—

2157 2271 2430 2332 gmentum
2454 2261 2771 2331 acephalum
2804 2261 2867 2315 de
2889 2259 3100 2315 Conone
3126 2277 3397 2316 sacrarum
3422 2261 3727 2333 Scriptura-

2157 2370 2275 2408 rum
2307 2354 2634 2419 addidimus,
2670 2352 2815 2408 haud
2862 2353 2936 2406 ita
2973 2354 3182 2423 pridem
3237 2370 3268 2408 a
3321 2355 3387 2410 cl.
3424 2354 3724 2412 Muratorio

2156 2444 2501 2514 evulgatum:
2545 2442 2703 2514 cujus
2757 2442 2985 2513 proinde
3037 2444 3298 2498 monitum
3334 2445 3424 2500 hic
3454 2461 3725 2516 apponere

2157 2552 2335 2607 opera:
2358 2536 2593 2605 pretium
2623 2535 3023 2590 existimamus.
3046 2532 3137 2590 Sic
3165 2544 3344 2589 autem
3371 2551 3429 2591 se
3459 2536 3619 2592 habet
3636 2538 3687 2571 ⁸⁸
3711 2558 3722 2591 :

2163 2646 2181 2677 ι
2217 2627 2472 2681 Asservat
2520 2625 2879 2697 Ambrosiana
2933 2623 3351 2681 Mediolanensis
3397 2626 3726 2683 bibliotheca

2157 2720 2633 2775 membranaceum
2664 2719 2926 2786 codicem,
2957 2734 2987 2773 e
3016 2717 3269 2775 Bobiensi
3298 2730 3599 2789 acceptum,
3628 2738 3726 2775 cu-

2152 2813 2245 2882 jus
2274 2811 2574 2881 antiquitas
2600 2825 2751 2880 pzene
2780 2811 2847 2865 ad
2900 2826 3075 2866 annos
3132 2810 3279 2865 mille
3304 2813 3559 2867 accedere
3590 2814 3721 2867 mihi

2158 2905 2275 2958 visa
2306 2913 2408 2959 est.
2443 2902 2689 2972 Scriptus
2721 2903 2866 2957 enim
2921 2900 3023 2956 fuit
3072 2902 3269 2958 litteris
3308 2902 3624 2972 majusrulis
3670 2912 3723 2958 et

2158 2997 2460 3066 quadratis.
2502 2994 2719 3050 Titulus
2777 2994 3030 3065 praeﬁxus
3085 2994 3266 3049 omnia
3299 2995 3487 3050 tribuit
3529 2994 3723 3050 Joanni

2157 3089 2667 3160 Chrysostomo,sed
2686 3087 2977 3142 immerito.
3001 3085 3248 3142 Mutilum
3267 3088 3320 3141 in
3342 3087 3603 3157 principio
3631 3101 3727 3142 eo»

2157 3181 2332 3235 dicem
2358 3179 2709 3250 deprehendi.
2733 3219 2747 3232 .
2771 3219 2783 3232 .
2804 3219 2817 3232 .
2856 3178 2935 3233 Ex
2970 3179 3072 3235 hoc
3099 3195 3227 3251 ergo
3271 3179 3458 3234 codice
3488 3194 3588 3250 ego
3625 3181 3721 3236 de-

2157 3273 2334 3342 cerpsi
2364 3270 2727 3343 fragmentum
2757 3271 3221 3341 antiquissimum,
3251 3272 3318 3326 ad
3346 3271 3619 3327 Canonem
3637 3273 3721 3328 di-

2161 3363 2411 3418 vinarum
2439 3360 2840 3433 Scripturarum
2861 3372 3134 3433 spectans.
3160 3361 3303 3417 Nulli
3332 3363 3617 3434 diligentia:
3638 3379 3726 3434 pe-

2166 3456 2316 3527 perci
2373 3464 2434 3510 ut
2480 3455 2599 3525 ejus
2633 3464 2914 3509 auctorem
2947 3454 3253 3527 detegerem
3287 3496 3304 3522 ,
3339 3456 3608 3525 simulque
3637 3472 3727 3512 re-

2160 3548 2354 3603 scirem
2390 3563 2518 3602 num
2548 3548 2812 3603 hactenus
2840 3547 3045 3602 editum
3075 3547 3256 3602 fuerit.
3309 3545 3425 3603 Nisi
3459 3563 3545 3602 me
3571 3546 3727 3603 fefel-

2159 3637 2339 3693 lerunt
2384 3638 2551 3701 oculi,
2587 3647 2685 3692 aut
2734 3639 3099 3709 complurium
3156 3638 3421 3692 librorum
3480 3638 3727 3709 defectus

2159 3746 2321 3800 quem
2356 3746 2466 3786 non
2494 3731 2663 3786 semel
2694 3731 2877 3798 doleo,
2909 3746 3178 3798 nusquam
3219 3731 3543 3800 deprehendi
3570 3732 3730 3787 evul-

2160 3831 2374 3893 gatum;
2404 3837 2469 3879 ac
2497 3833 2779 3894 propterea
2804 3838 2927 3893 spes
2963 3822 3098 3876 mihi
3130 3833 3397 3892 superest,
3427 3822 3541 3879 fore
3572 3835 3632 3878 ut
3655 3825 3727 3877 li-

2162 3914 2381 3970 bentius
2412 3930 2441 3970 a
2479 3915 2780 3971 lectoribus
2809 3914 3132 3984 excipiatur,
3189 3929 3253 3969 ac
3282 3914 3550 3984 prmcipue
3578 3916 3731 3985 quod

2164 4006 2542 4077 antiquitatem
2567 4006 2806 4062 redoleat
2836 4006 3072 4060 maxime
3094 4004 3474 4059 venerabilem.
3510 4005 3566 4059 Si
3593 4022 3729 4060 con-

2159 4096 2426 4166 jecturam
2458 4111 2633 4150 meam
2650 4111 2902 4151 exserere
2932 4096 3014 4150 las
3039 4102 3140 4159 est,
3169 4094 3222 4148 in
3245 4095 3387 4149 illam
3412 4095 3731 4165 Opinionem

2162 4186 2331 4253 feror,
2370 4188 2652 4246 tribuenda
2687 4189 2801 4243 haec
2827 4204 2948 4243 esse
3005 4187 3135 4242 Caio
3185 4185 3433 4242 Ecclesia:
3475 4185 3735 4241 Romana:
3806 4204 3809 4205 ν

2162 4280 2481 4351 presbytero,
2519 4281 2609 4351 qui
2634 4280 2727 4334 sub
2760 4279 2966 4335 Victore
2984 4291 3031 4335 et
3055 4279 3346 4351 Zephyrino
3369 4281 3733 4350 pontificibus,

486 4370 825 4442 (Artemonis
857 4379 910 4425 et
941 4369 1207 4425 Theodoti
1259 4370 1501 4440 coriarii)
1546 4371 1793 4427 haeresim
1823 4372 2066 4427 conscri-
2165 4380 2299 4428 teste
2328 4371 2523 4429 Photio
2556 4374 2622 4438 ⁸⁷,
2659 4374 2763 4431 hoc
2793 4382 2897 4438 est,
2925 4374 3020 4444 qui
3059 4374 3274 4429 circiter
3311 4388 3515 4429 annum
3564 4371 3732 4429 Chri-

484 4474 612 4536 ptus
635 4472 720 4520 est
733 4480 924 4534 parvus
943 4462 1506 4534 Labyrinthus,quetu
1530 4463 1779 4519 nonnulli
1812 4460 2064 4534 Origenis
2166 4466 2237 4522 sti
2268 4465 2369 4522 196
2398 4466 2600 4521 ﬂoruit.
2636 4465 3070 4536 Disputationcm
3106 4467 3223 4521 Caii
3276 4467 3456 4530 istius,
3489 4464 3735 4518 disertis-

485 4544 628 4628 opus
650 4572 771 4612 esse
796 4565 1020 4627 putant:
1054 4557 1149 4613 sed
1173 4572 1268 4613 eos
1295 4557 1389 4628 qui
1412 4558 1515 4613 hoc
1537 4557 1744 4622 dicunt,
1771 4556 1944 4628 stylus
1970 4571 2058 4611 re-
2089 4575 2133 4631 ι)
2165 4559 2287 4611 simi
2314 4558 2434 4625 viri,
2458 4558 2692 4614 habitam
2724 4557 2907 4614 Roma:
2958 4556 3273 4627 temporibus
3315 4555 3596 4627 Zep/tyrini
3628 4556 3735 4607 ari--

488 4652 726 4723 darguit.
754 4670 772 4702 ι
793 4648 980 4721 Neque
1010 4651 1168 4706 aliter
1194 4650 1445 4708 Photius.
1475 4650 1727 4720 Plerique
1767 4659 1945 4705 tamen
1974 4666 2063 4704 re-

487 4741 793 4801 centiorum
826 4740 1123 4811 genuinum
1164 4739 1309 4797 fetus
1341 4751 1621 4812 parentem
1650 4740 1844 4797 Caium
1868 4755 2067 4811 agnos-

488 4835 643 4888 cunt.
693 4832 923 4904 Jamque
975 4848 1089 4892 rem
1136 4831 1437 4889 confecisse
1482 4835 1697 4890 videtur
1728 4833 2065 4888 Pearsonius

490 4926 576 4981 his
604 4926 782 4981 verbis
800 4926 876 4980 "z
907 4942 926 4975 ι
952 4924 1094 4992 Quin
1111 4927 1348 4995 scriptor
1372 4924 2068 4996 quiadversusArtemonis

489 5017 740 5073 haeresim
776 5017 879 5075 sub
923 5015 1230 5088 Zephyrino
1278 5017 1519 5087 scripsit,
1555 5017 1696 5073 idem
1741 5015 1902 5070 fuerit
1936 5032 2062 5071 cum

493 5126 562 5167 eo
609 5111 703 5180 qui
755 5109 857 5166 sub
900 5110 1182 5164 Antonino
1240 5108 1423 5165 Severi
1468 5110 1579 5165 lilio
1629 5110 2054 5180 disputationem

489 5220 615 5259 cum
648 5200 881 5259 Proculo
918 5200 1247 5259 Montanista
1283 5201 1427 5267 iniit,
1454 5218 1648 5272 nempe
1675 5200 1865 5269 Caius,
1898 5201 2056 5256 dubi-

585 5364 632 5394 "
679 5360 838 5427 Phot.
893 5358 1031 5413 Bibl.

490 5444 629 5487 tom.
690 5430 784 5501 tl,
834 5445 956 5501 pag.
1010 5429 1122 5501 255
1156 5470 1171 5494 ,
1228 5440 1333 5484 art.
1389 5431 1471 5495 5“,

1115 5358 1240 5432 cod.
1284 5358 1523 5432 ὀδμαὶιί
1574 5360 1640 5414 de
1686 5360 1840 5426 Caio,
1895 5361 2054 5432 cujus
2109 5362 2215 5418 loci
2244 5362 2436 5417 'vcrha
2500 5360 2675 5432 modo,
2724 5360 3029 5432 retulimus.

490 5444 629 5487 tom.
690 5432 734 5485 tl
769 5473 784 5492 ,
834 5445 956 5501 pag.
1014 5432 1122 5484 255
1156 5470 1171 5494 ,
1228 5440 1333 5484 art.
1389 5432 1471 5495 5“,
1539 5446 1636 5485 sur
1687 5432 1737 5486 la
1797 5432 2069 5502 persécut.
2133 5434 2408 5488 d’Adrien.
2563 5433 2608 5462 "
2636 5432 2837 5485 Euseb.
2892 5432 3011 5484 Hist

487 5503 580 5558 20.
657 5502 705 5533 "
734 5500 810 5562 Id.
849 5501 977 5556 ibid.
1006 5500 1099 5554 lib.
1129 5516 1193 5571 l_l,
1220 5515 1339 5570 cap.
1370 5500 1541 5571 ‘25.__“
1572 5499 1817 5568 llieron.,
1853 5501 1928 5558 De
1955 5504 2058 5558 vir.
2093 5502 2313 5568 illustr.,
2334 5518 2452 5571 cap.
2474 5502 2562 5557 59.
2637 5503 2682 5534 ⁷⁵
2700 5502 2856 5555 Phot.
2882 5501 2922 5554 l.
2963 5515 3011 5554 c.

2164 4667 2343 4706 versus
2392 4650 2643 4707 Proclum
2693 4652 2970 4721 quemdam
3020 4649 3473 4721 Cataphrygarum
3515 4651 3735 4705 Itwresis

2163 4754 2632 4816 propugnatorem,
2673 4750 2944 4797 memorat
2971 4740 3240 4798 Eusebius
3270 4740 3616 4796 Caesariensis
3646 4742 3733 4810 δὴ

2166 4837 2223 4891 in
2255 4852 2362 4907 qua
2394 4835 2483 4891 ille
2508 4835 2636 4890 dum
2669 4835 3106 4890 adversariorum
3136 4834 3188 4889 in
3219 4835 3602 4904 componendis
3623 4850 3733 4888 no-

2166 4930 2249 4983 vis
2274 4926 2572 4997 Scripturis
2590 4925 2949 4981 temeritatem
2973 4934 3027 4978 et
3057 4926 3340 4983 audaciam
3361 4925 3596 4995 sugillat,
3623 4926 3737 4980 τῶν

2167 5022 2261 5074 τοῦ
2316 5019 2460 5091 ἱεροῦ
2502 5018 2821 5072 Ἀποστόλου
2868 5017 3166 5089 δεκατριῶν
3214 5016 3387 5088 μόνων
3440 5016 3737 5071 ἐπιστολῶν

2165 5112 2511 5187 μνημονεύει,
2554 5112 2652 5184 τὴν
2716 5111 2852 5183 πρὸς
2892 5110 3174 5180 Ἐϐραίους
3205 5111 3278 5183 μὴ
3332 5109 3735 5182 συναριθμήσας

2162 5210 2282 5270 ταῖς
2311 5206 2549 5269 λοιπαῖςσ
2582 5204 2705 5257 ἐπεὶ
2730 5205 2824 5258 καὶ
2855 5204 2933 5267 εἰς
2956 5202 3114 5276 δεῦρο
3155 5202 3304 5276 παρὰ
3349 5202 3628 5273 Ῥωμαίων
3654 5220 3736 5255 τι-

3172 5359 3216 5391 ⁷¹
3268 5357 3503 5421 Tillem.,
3564 5356 3731 5412 Mém.

2563 5433 2608 5462 "
2636 5431 2837 5485 Euseb.
2892 5428 3028 5484 Hist.
3111 5430 3245 5484 eccl.
3299 5430 3394 5483 lib.
3463 5443 3536 5509 vt,
3612 5444 3731 5498 cap.

2637 5503 2682 5534 ⁷⁵
2700 5501 2922 5555 Phot.l.
2963 5515 3011 5554 c.
3108 5500 3392 5565 "Euseb.,
3443 5497 3583 5553 Hist.
3618 5514 3732 5555 ecc.

491 5574 583 5626 li'n.
613 5588 669 5638 v,
701 5587 819 5691 cap.
863 5571 954 5627 28.
1033 5571 1075 5603 ⁷⁷
1127 5568 1423 5634 Theodor.,
1459 5569 1654 5626 Haeret.
1691 5571 1799 5653 lab.
1846 5572 1940 5627 lib.
1972 5588 2031 5639 ιι,

493 5644 723 5691 Dissert.
798 5683 812 5691 .
842 5657 963 5691 can.
1000 5642 1053 5691 1-
1087 5639 1113 5691 8
1139 5641 1192 5691 5.
1219 5656 1338 5691 nan.
1369 5639 1487 5691 148.
1563 5641 1608 5673 ⁸ο
1640 5639 1889 5691 Nicenh_-
1925 5642 2058 5691 Hist.

2162 5598 2182 5626 ι.
2211 5573 2262 5637 5,
2300 5589 2355 5644 p.
2380 5568 2507 5628 200.
2581 5573 2626 5605 ⁷⁸
2654 5571 2834 5627 Ριιοι..
2866 5571 2900 5626 ι.
2930 5585 2979 5625 c.
3050 5570 3096 5602 ⁷⁸
3129 5570 3410 5636 Pearson.,
3444 5585 3568 5640 opp.
3576 5578 3736 5691 lpost.

2162 5644 2238 5691 sel-
2271 5643 2363 5691 lib.
2394 5658 2466 5691 IV.
2495 5658 2615 5691 can.
2644 5642 2734 5691 20.
2809 5642 2853 5673 ⁸¹
2892 5639 3185 5691 Theodon.
3240 5642 3277 5691 Ι.
3329 5656 3379 5691 c.
3509 5642 3553 5672 ⁸³
3622 5642 3735 5691 Ιιοῑ.

492 5644 736 5721 ριειιοιιι
757 5639 963 5721 {,Heap.
1000 5639 1114 5721 1,-§
1139 5641 1193 5707 5,
1217 5656 1351 5721 pag._
1362 5639 1487 5721 148.
1563 5641 1608 5673 ⁸ο
1640 5639 1889 5721 Nicepbr
1915 5642 2058 5721 _l_l_ist.

2162 5644 2238 5721 :cl.
2271 5639 2363 5721 lib.
2394 5658 2615 5721 ivncap.
2644 5642 2734 5695 20.
2809 5642 2853 5673 ⁸¹
2892 5639 3185 5721 Theodon,
3240 5642 3277 5697 Ι.
3329 5656 3379 5695 c.
3480 5639 3712 5721 ifil’lio‘t

491 5714 527 5766 l.
565 5729 612 5766 c.
690 5711 736 5743 ⁸³
767 5710 1002 5779 Tillem.,
1030 5710 1231 5773 Mean,
1269 5710 1309 5765 t.
1337 5710 1427 5775 lll,

1485 5683 1610 5781 pag.
1636 5678 1889 5766 -ῖῖἰξῗμέὲ
1912 5678 2063 5768 iis}?
2086 5678 2248 5767 ιῖιῖἓῖ.
2394 5678 2734 5777 Ῑᾷἰῖῖῗὲιῖοῖιῗ
2774 5678 2923 5765 tom.‘
2941 5678 3197 5782 ’ίξνᾙέέιῖ
3240 5678 3298 5778 ’ἱ,
3329 5678 3460 5782 ἶπες.
3495 5678 3737 5782 δδόῙ⁶ᾜ

491 5781 971 5854 ἫυεερΙιιιεἏΙὼ.
1010 5782 1278 5854 Erobabil.
1313 5798 1432 5854 cap.
1460 5779 1742 5854 2],;pagg.
1781 5783 1901 5854 ηδ,
1938 5784 2057 5836 177.

2169 5783 2388 5846 Μιποι..
2420 5782 2635 5851 Antiqq.
2668 5781 2781 5837 Ital.
2809 5781 2949 5837 med.
2996 5779 3118 5850 ani,
3147 5792 3281 5840 tom.
3312 5779 3434 5849 lll,‘
3456 5797 3578 5854 pag.
3631 5780 3731 5838 851

496 5870 658 5929 st'th.

740 5852 762 5885 ⁸
786 5850 990 5920 ’Pbot.,
1015 5851 1151 5909 Bibl.
1179 5853 1298 5910 cod.
1331 5852 1417 5908 48.
1498 5854 1541 5883 ’⁵⁸
1569 5850 1793 5922 suae,
1815 5853 1950 5911 llist.
1984 5854 2118 5910 eccl.
2150 5854 2244 5909 lib.
2276 5869 2349 5919 vt,
2380 5868 2502 5922 cup.
2532 5850 2620 5908 ‘20.
