  <div class='ocr_page' id='page_1' title='image "/cluster/home/n/w/nwhite01/storage/ocr_20150623/10/hvd.32044073501348/016.png"; bbox 0 0 4006 6356; ppageno 0'>
   <div class='ocr_carea' id='block_1_1' title="bbox 320 353 3586 436">
    <p class='ocr_par' dir='ltr' id='par_1_1' title="bbox 320 353 3586 436">
     <span class='ocr_line' id='line_1_1' title="bbox 320 353 3586 436; baseline -0.01 0"><span class='ocrx_word' id='word_1_1' title='bbox 320 381 389 436; x_wconf 74' lang='lat'><strong>9.!</strong></span> <span class='ocrx_word' id='word_1_2' title='bbox 1832 363 2133 424; x_wconf 80' lang='grc' dir='ltr'><strong>ΝΟἸΊἸΊΑ.</strong></span> <span class='ocrx_word' id='word_1_3' title='bbox 3514 353 3586 404; x_wconf 72' lang='lat'><strong>&#39;29.</strong></span> 
     </span>
    </p>
   </div>
   <div class='ocr_carea' id='block_1_2' title="bbox 327 460 1896 566">
    <p class='ocr_par' dir='ltr' id='par_1_2' title="bbox 327 479 1896 566">
     <span class='ocr_line' id='line_1_2' title="bbox 327 479 1896 566; baseline -0.01 -18"><span class='ocrx_word' id='word_1_4' title='bbox 327 497 434 559; x_wconf 75' lang='grc' dir='ltr'><strong>σὶν,</strong></span> <span class='ocrx_word' id='word_1_5' title='bbox 466 493 528 548; x_wconf 79' lang='grc' dir='ltr'>οὐ</span> <span class='ocrx_word' id='word_1_6' title='bbox 558 494 840 566; x_wconf 71' lang='grc' dir='ltr'><strong>νομίζεται</strong></span> <span class='ocrx_word' id='word_1_7' title='bbox 867 492 964 546; x_wconf 83' lang='grc' dir='ltr'><strong>τοῦ</strong></span> <span class='ocrx_word' id='word_1_8' title='bbox 1015 489 1336 544; x_wconf 80' lang='grc' dir='ltr'><strong>Ἀποστόλου</strong></span> <span class='ocrx_word' id='word_1_9' title='bbox 1389 484 1708 556; x_wconf 74' lang='grc' dir='ltr'><strong>τυγχάνεινε</strong></span> <span class='ocrx_word' id='word_1_10' title='bbox 1747 479 1896 533; x_wconf 83' lang='lat' dir='ltr'><strong>trede-</strong></span> 
     </span>
    </p>
   </div>
   <div class='ocr_carea' id='block_1_3' title="bbox 2001 460 3588 566">
    <p class='ocr_par' dir='ltr' id='par_1_3' title="bbox 2019 460 3588 534">
     <span class='ocr_line' id='line_1_3' title="bbox 2019 460 3588 534; baseline -0.007 -8"><span class='ocrx_word' id='word_1_11' title='bbox 2019 471 2260 526; x_wconf 92' lang='lat' dir='ltr'><strong>veniunt.</strong></span> <span class='ocrx_word' id='word_1_12' title='bbox 2293 467 2558 523; x_wconf 78' lang='lat' dir='ltr'><strong>Eusebius</strong></span> <span class='ocrx_word' id='word_1_13' title='bbox 2577 466 2720 521; x_wconf 90' lang='lat' dir='ltr'><strong>enim</strong></span> <span class='ocrx_word' id='word_1_14' title='bbox 2743 462 3114 534; x_wconf 71' lang='lat' dir='ltr'><strong>Apocalypsin:</strong></span> <span class='ocrx_word' id='word_1_15' title='bbox 3151 460 3296 515; x_wconf 89' lang='lat' dir='ltr'><strong>Petri</strong></span> <span class='ocrx_word' id='word_1_16' title='bbox 3326 461 3465 516; x_wconf 90' lang='lat' dir='ltr'><strong>inter</strong></span> <span class='ocrx_word' id='word_1_17' title='bbox 3489 463 3588 516; x_wconf 85' lang='lat' dir='ltr'><strong>du-</strong></span> 
     </span>
    </p>
   </div>
   <div class='ocr_carea' id='block_1_4' title="bbox 323 575 1907 654">
    <p class='ocr_par' dir='ltr' id='par_1_4' title="bbox 323 575 1907 654">
     <span class='ocr_line' id='line_1_4' title="bbox 323 575 1907 654; baseline -0.013 -12"><span class='ocrx_word' id='word_1_18' title='bbox 323 590 430 642; x_wconf 80' lang='lat' dir='ltr'><strong>eim</strong></span> <span class='ocrx_word' id='word_1_19' title='bbox 485 597 698 641; x_wconf 87' lang='lat' dir='ltr'><strong>tantum</strong></span> <span class='ocrx_word' id='word_1_20' title='bbox 730 586 895 640; x_wconf 78' lang='lat' dir='ltr'><strong>divini</strong></span> <span class='ocrx_word' id='word_1_21' title='bbox 917 584 1160 654; x_wconf 83' lang='lat' dir='ltr'><strong>Apostoli</strong></span> <span class='ocrx_word' id='word_1_22' title='bbox 1208 588 1434 636; x_wconf 83' lang='lat' dir='ltr'><strong>recenset</strong></span> <span class='ocrx_word' id='word_1_23' title='bbox 1469 575 1758 646; x_wconf 87' lang='lat' dir='ltr'><strong>Epistolas,</strong></span> <span class='ocrx_word' id='word_1_24' title='bbox 1791 586 1907 626; x_wconf 89' lang='lat' dir='ltr'><strong>eam</strong></span> 
     </span>
    </p>
   </div>
   <div class='ocr_carea' id='block_1_5' title="bbox 325 665 1908 754">
    <p class='ocr_par' dir='ltr' id='par_1_5' title="bbox 325 665 1908 754">
     <span class='ocr_line' id='line_1_5' title="bbox 325 665 1908 754; baseline -0.011 -19"><span class='ocrx_word' id='word_1_25' title='bbox 325 699 447 754; x_wconf 67' lang='lat' dir='ltr'><strong>quin</strong></span> <span class='ocrx_word' id='word_1_26' title='bbox 472 683 545 734; x_wconf 87' lang='lat' dir='ltr'><strong>ad</strong></span> <span class='ocrx_word' id='word_1_27' title='bbox 570 679 826 734; x_wconf 62' lang='lat' dir='ltr'><strong>Hebraeos</strong></span> <span class='ocrx_word' id='word_1_28' title='bbox 858 679 1114 746; x_wconf 84' lang='lat' dir='ltr'><strong>inscripta</strong></span> <span class='ocrx_word' id='word_1_29' title='bbox 1147 685 1244 736; x_wconf 89' lang='lat' dir='ltr'><strong>est,</strong></span> <span class='ocrx_word' id='word_1_30' title='bbox 1275 691 1393 728; x_wconf 86' lang='lat' dir='ltr'><strong>cum</strong></span> <span class='ocrx_word' id='word_1_31' title='bbox 1434 670 1646 741; x_wconf 76' lang='lat' dir='ltr'><strong>reliquis</strong></span> <span class='ocrx_word' id='word_1_32' title='bbox 1674 683 1776 721; x_wconf 90' lang='lat' dir='ltr'><strong>non</strong></span> <span class='ocrx_word' id='word_1_33' title='bbox 1807 665 1908 719; x_wconf 89' lang='lat' dir='ltr'><strong>ad-</strong></span> 
     </span>
    </p>
   </div>
   <div class='ocr_carea' id='block_1_6' title="bbox 329 755 1909 835">
    <p class='ocr_par' dir='ltr' id='par_1_6' title="bbox 329 755 1909 835">
     <span class='ocr_line' id='line_1_6' title="bbox 329 755 1909 835; baseline -0.009 -13"><span class='ocrx_word' id='word_1_34' title='bbox 329 784 638 822; x_wconf 79' lang='lat' dir='ltr'><strong>numerans.</strong></span> <span class='ocrx_word' id='word_1_35' title='bbox 672 766 812 821; x_wconf 84' lang='lat' dir='ltr'><strong>Sane</strong></span> <span class='ocrx_word' id='word_1_36' title='bbox 837 767 948 820; x_wconf 76' lang='lat' dir='ltr'><strong>hcce</strong></span> <span class='ocrx_word' id='word_1_37' title='bbox 976 765 1199 835; x_wconf 88' lang='lat' dir='ltr'><strong>epistola</strong></span> <span class='ocrx_word' id='word_1_38' title='bbox 1211 763 1516 817; x_wconf 70' lang='lat' dir='ltr'><strong>Etiamnunc</strong></span> <span class='ocrx_word' id='word_1_39' title='bbox 1543 776 1575 812; x_wconf 93' lang='lat' dir='ltr'><strong><em>a</em></strong></span> <span class='ocrx_word' id='word_1_40' title='bbox 1594 755 1909 828; x_wconf 71' lang='lat' dir='ltr'><strong>quibusdam</strong></span> 
     </span>
    </p>
   </div>
   <div class='ocr_carea' id='block_1_7' title="bbox 332 847 1908 928">
    <p class='ocr_par' dir='ltr' id='par_1_7' title="bbox 332 847 1908 928">
     <span class='ocr_line' id='line_1_7' title="bbox 332 847 1908 928; baseline -0.009 -15"><span class='ocrx_word' id='word_1_41' title='bbox 332 860 584 913; x_wconf 77' lang='lat' dir='ltr'><strong>Romanis</strong></span> <span class='ocrx_word' id='word_1_42' title='bbox 613 859 856 928; x_wconf 80' lang='lat' dir='ltr'><strong>Apostoli</strong></span> <span class='ocrx_word' id='word_1_43' title='bbox 877 875 990 912; x_wconf 87' lang='lat' dir='ltr'><strong>esse</strong></span> <span class='ocrx_word' id='word_1_44' title='bbox 1014 873 1114 909; x_wconf 88' lang='lat' dir='ltr'><strong>non</strong></span> <span class='ocrx_word' id='word_1_45' title='bbox 1145 854 1398 910; x_wconf 77' lang='lat' dir='ltr'><strong>creditur.</strong></span> <span class='ocrx_word' id='word_1_46' title='bbox 1451 850 1686 905; x_wconf 88' lang='lat' dir='ltr'><strong>Sanctus</strong></span> <span class='ocrx_word' id='word_1_47' title='bbox 1717 847 1908 901; x_wconf 84' lang='lat' dir='ltr'><strong>Hiero-</strong></span> 
     </span>
    </p>
   </div>
   <div class='ocr_carea' id='block_1_8' title="bbox 330 937 1906 1020">
    <p class='ocr_par' dir='ltr' id='par_1_8' title="bbox 330 937 1906 1020">
     <span class='ocr_line' id='line_1_8' title="bbox 330 937 1906 1020; baseline -0.006 -19"><span class='ocrx_word' id='word_1_48' title='bbox 330 965 531 1020; x_wconf 83' lang='lat' dir='ltr'><strong>nymus</strong></span> <span class='ocrx_word' id='word_1_49' title='bbox 563 949 794 1003; x_wconf 88' lang='lat' dir='ltr'><strong>totidem</strong></span> <span class='ocrx_word' id='word_1_50' title='bbox 822 949 935 1004; x_wconf 87' lang='lat' dir='ltr'><strong>fere</strong></span> <span class='ocrx_word' id='word_1_51' title='bbox 958 946 1160 1010; x_wconf 90' lang='lat' dir='ltr'><strong>verbis,</strong></span> <span class='ocrx_word' id='word_1_52' title='bbox 1191 945 1259 1000; x_wconf 91' lang='lat' dir='ltr'><strong>de</strong></span> <span class='ocrx_word' id='word_1_53' title='bbox 1287 943 1422 998; x_wconf 85' lang='lat' dir='ltr'><strong>Caio</strong></span> <span class='ocrx_word' id='word_1_54' title='bbox 1451 942 1556 996; x_wconf 91' lang='lat' dir='ltr'><strong>isto</strong></span> <span class='ocrx_word' id='word_1_55' title='bbox 1578 941 1808 1010; x_wconf 87' lang='lat' dir='ltr'><strong>loquens</strong></span> <span class='ocrx_word' id='word_1_56' title='bbox 1839 937 1906 1000; x_wconf 72' lang='grc'><strong>⁸⁸,</strong></span> 
     </span>
    </p>
   </div>
   <div class='ocr_carea' id='block_1_9' title="bbox 332 1025 1907 1105">
    <p class='ocr_par' dir='ltr' id='par_1_9' title="bbox 332 1025 1907 1105">
     <span class='ocr_line' id='line_1_9' title="bbox 332 1025 1907 1105; baseline -0.009 -10"><span class='ocrx_word' id='word_1_57' title='bbox 332 1041 566 1095; x_wconf 85' lang='lat' dir='ltr'><strong>reddidit</strong></span> <span class='ocrx_word' id='word_1_58' title='bbox 595 1041 923 1096; x_wconf 89' lang='lat' dir='ltr'><strong>sententiam</strong></span> <span class='ocrx_word' id='word_1_59' title='bbox 951 1038 1167 1094; x_wconf 85' lang='lat' dir='ltr'><strong>Eusebii</strong></span> <span class='ocrx_word' id='word_1_60' title='bbox 1190 1056 1202 1090; x_wconf 93' lang='lat'>:</span> <span class='ocrx_word' id='word_1_61' title='bbox 1230 1036 1334 1091; x_wconf 91' lang='lat' dir='ltr'><strong>nisi</strong></span> <span class='ocrx_word' id='word_1_62' title='bbox 1359 1035 1505 1105; x_wconf 92' lang='lat' dir='ltr'><strong>quod</strong></span> <span class='ocrx_word' id='word_1_63' title='bbox 1536 1025 1706 1092; x_wconf 81' lang='lat' dir='ltr'><strong>addit,</strong></span> <span class='ocrx_word' id='word_1_64' title='bbox 1725 1029 1907 1098; x_wconf 86' lang='lat' dir='ltr'><strong>dispu-</strong></span> 
     </span>
    </p>
   </div>
   <div class='ocr_carea' id='block_1_10' title="bbox 333 1122 1912 1194">
    <p class='ocr_par' dir='ltr' id='par_1_10' title="bbox 333 1122 1912 1194">
     <span class='ocr_line' id='line_1_10' title="bbox 333 1122 1912 1194; baseline -0.011 -9"><span class='ocrx_word' id='word_1_65' title='bbox 333 1132 585 1185; x_wconf 76' lang='lat' dir='ltr'><strong>tationem</strong></span> <span class='ocrx_word' id='word_1_66' title='bbox 620 1147 652 1183; x_wconf 89' lang='lat' dir='ltr'><strong><em>a</em></strong></span> <span class='ocrx_word' id='word_1_67' title='bbox 676 1129 809 1184; x_wconf 88' lang='lat' dir='ltr'><strong>Caio</strong></span> <span class='ocrx_word' id='word_1_68' title='bbox 841 1129 1073 1182; x_wconf 82' lang='lat' dir='ltr'><strong>habitam</strong></span> <span class='ocrx_word' id='word_1_69' title='bbox 1100 1128 1192 1180; x_wconf 96' lang='lat' dir='ltr'><strong>sub</strong></span> <span class='ocrx_word' id='word_1_70' title='bbox 1223 1125 1515 1194; x_wconf 77' lang='lat' dir='ltr'><strong>Zephyrino</strong></span> <span class='ocrx_word' id='word_1_71' title='bbox 1548 1122 1802 1175; x_wconf 70' lang='lat' dir='ltr'><strong>Romam?</strong></span> <span class='ocrx_word' id='word_1_72' title='bbox 1827 1135 1912 1170; x_wconf 89' lang='lat' dir='ltr'><strong>ur-</strong></span> 
     </span>
    </p>
   </div>
   <div class='ocr_carea' id='block_1_11' title="bbox 330 1213 1910 1292">
    <p class='ocr_par' dir='ltr' id='par_1_11' title="bbox 330 1213 1910 1292">
     <span class='ocr_line' id='line_1_11' title="bbox 330 1213 1910 1292; baseline -0.009 -16"><span class='ocrx_word' id='word_1_73' title='bbox 330 1227 411 1276; x_wconf 77' lang='lat' dir='ltr'><strong>bis</strong></span> <span class='ocrx_word' id='word_1_74' title='bbox 431 1225 697 1292; x_wconf 85' lang='lat' dir='ltr'><strong>episcopo,</strong></span> <span class='ocrx_word' id='word_1_75' title='bbox 730 1223 783 1275; x_wconf 88' lang='lat' dir='ltr'><strong><em>id</em></strong></span> <span class='ocrx_word' id='word_1_76' title='bbox 807 1231 884 1276; x_wconf 85' lang='lat' dir='ltr'><strong>est</strong></span> <span class='ocrx_word' id='word_1_77' title='bbox 908 1225 1002 1275; x_wconf 82' lang='lat' dir='ltr'><strong>sub</strong></span> <span class='ocrx_word' id='word_1_78' title='bbox 1028 1218 1292 1273; x_wconf 80' lang='lat' dir='ltr'><strong><em>Antonino</em></strong></span> <span class='ocrx_word' id='word_1_79' title='bbox 1316 1215 1488 1271; x_wconf 80' lang='lat' dir='ltr'><strong>Severi</strong></span> <span class='ocrx_word' id='word_1_80' title='bbox 1512 1213 1664 1282; x_wconf 77' lang='lat' dir='ltr'><strong>ﬁlio;</strong></span> <span class='ocrx_word' id='word_1_81' title='bbox 1689 1227 1754 1265; x_wconf 88' lang='lat' dir='ltr'><strong>ac</strong></span> <span class='ocrx_word' id='word_1_82' title='bbox 1780 1225 1910 1280; x_wconf 82' lang='lat' dir='ltr'><strong>pro-</strong></span> 
     </span>
    </p>
   </div>
   <div class='ocr_carea' id='block_1_12' title="bbox 328 1303 1909 1386">
    <p class='ocr_par' dir='ltr' id='par_1_12' title="bbox 328 1303 1909 1386">
     <span class='ocr_line' id='line_1_12' title="bbox 328 1303 1909 1386; baseline -0.01 -16"><span class='ocrx_word' id='word_1_83' title='bbox 328 1325 516 1386; x_wconf 88' lang='lat' dir='ltr'><strong>pterea</strong></span> <span class='ocrx_word' id='word_1_84' title='bbox 539 1314 848 1370; x_wconf 88' lang='lat' dir='ltr'><strong>secundum</strong></span> <span class='ocrx_word' id='word_1_85' title='bbox 877 1313 1030 1367; x_wconf 90' lang='lat' dir='ltr'><strong>illum</strong></span> <span class='ocrx_word' id='word_1_86' title='bbox 1053 1311 1221 1366; x_wconf 86' lang='lat' dir='ltr'><strong>Caius</strong></span> <span class='ocrx_word' id='word_1_87' title='bbox 1252 1311 1368 1365; x_wconf 77' lang='lat' dir='ltr'><strong>hzec</strong></span> <span class='ocrx_word' id='word_1_88' title='bbox 1392 1307 1671 1377; x_wconf 85' lang='lat' dir='ltr'><strong>scripserit</strong></span> <span class='ocrx_word' id='word_1_89' title='bbox 1695 1303 1909 1360; x_wconf 86' lang='lat' dir='ltr'><strong>circiter</strong></span> 
     </span>
    </p>
   </div>
   <div class='ocr_carea' id='block_1_13' title="bbox 329 1393 1906 1473">
    <p class='ocr_par' dir='ltr' id='par_1_13' title="bbox 329 1393 1906 1473">
     <span class='ocr_line' id='line_1_13' title="bbox 329 1393 1906 1473; baseline -0.01 -14"><span class='ocrx_word' id='word_1_90' title='bbox 329 1421 538 1459; x_wconf 83' lang='lat' dir='ltr'><strong>annum</strong></span> <span class='ocrx_word' id='word_1_91' title='bbox 563 1404 807 1473; x_wconf 83' lang='lat' dir='ltr'><strong>vulgaris</strong></span> <span class='ocrx_word' id='word_1_92' title='bbox 831 1403 1051 1472; x_wconf 73' lang='lat' dir='ltr'><strong>epocba:</strong></span> <span class='ocrx_word' id='word_1_93' title='bbox 1077 1401 1206 1455; x_wconf 73' lang='grc'><strong>212.</strong></span> <span class='ocrx_word' id='word_1_94' title='bbox 1232 1400 1397 1454; x_wconf 82' lang='lat' dir='ltr'><strong>Addit</strong></span> <span class='ocrx_word' id='word_1_95' title='bbox 1426 1397 1588 1454; x_wconf 86' lang='lat' dir='ltr'><strong>etiam</strong></span> <span class='ocrx_word' id='word_1_96' title='bbox 1623 1397 1688 1450; x_wconf 87' lang='lat' dir='ltr'><strong>de</strong></span> <span class='ocrx_word' id='word_1_97' title='bbox 1719 1393 1906 1448; x_wconf 86' lang='lat' dir='ltr'><strong>eadem</strong></span> 
     </span>
    </p>
   </div>
   <div class='ocr_carea' id='block_1_14' title="bbox 322 1480 1912 1566">
    <p class='ocr_par' dir='ltr' id='par_1_14' title="bbox 322 1480 1912 1566">
     <span class='ocr_line' id='line_1_14' title="bbox 322 1480 1912 1566; baseline -0.011 -16"><span class='ocrx_word' id='word_1_98' title='bbox 322 1496 578 1566; x_wconf 85' lang='lat' dir='ltr'><strong>cpistola:</strong></span> <span class='ocrx_word' id='word_1_99' title='bbox 602 1494 704 1548; x_wconf 88' lang='lat' dir='ltr'><strong>Sed</strong></span> <span class='ocrx_word' id='word_1_100' title='bbox 719 1504 767 1548; x_wconf 88' lang='lat' dir='ltr'><strong>et</strong></span> <span class='ocrx_word' id='word_1_101' title='bbox 789 1495 927 1556; x_wconf 79' lang='lat' dir='ltr'><strong>apud</strong></span> <span class='ocrx_word' id='word_1_102' title='bbox 952 1493 1212 1546; x_wconf 76' lang='lat' dir='ltr'><strong>Romanos</strong></span> <span class='ocrx_word' id='word_1_103' title='bbox 1235 1507 1393 1560; x_wconf 81' lang='lat' dir='ltr'><strong>usque</strong></span> <span class='ocrx_word' id='word_1_104' title='bbox 1415 1489 1566 1541; x_wconf 84' lang='lat' dir='ltr'><strong><em>hodie</em></strong></span> <span class='ocrx_word' id='word_1_105' title='bbox 1580 1485 1732 1556; x_wconf 82' lang='lat' dir='ltr'><strong>quasi</strong></span> <span class='ocrx_word' id='word_1_106' title='bbox 1747 1480 1912 1536; x_wconf 81' lang='lat' dir='ltr'><strong><em>Pauli</em></strong></span> 
     </span>
    </p>
   </div>
   <div class='ocr_carea' id='block_1_15' title="bbox 326 1577 1908 1656">
    <p class='ocr_par' dir='ltr' id='par_1_15' title="bbox 326 1577 1908 1656">
     <span class='ocr_line' id='line_1_15' title="bbox 326 1577 1908 1656; baseline -0.009 -16"><span class='ocrx_word' id='word_1_107' title='bbox 326 1587 573 1656; x_wconf 68' lang='lat' dir='ltr'><strong>Apostoli</strong></span> <span class='ocrx_word' id='word_1_108' title='bbox 627 1603 730 1639; x_wconf 88' lang='lat' dir='ltr'><strong>non</strong></span> <span class='ocrx_word' id='word_1_109' title='bbox 776 1585 1037 1648; x_wconf 76' lang='lat' dir='ltr'><strong>habetur;</strong></span> <span class='ocrx_word' id='word_1_110' title='bbox 1082 1599 1206 1637; x_wconf 88' lang='lat' dir='ltr'><strong>cum</strong></span> <span class='ocrx_word' id='word_1_111' title='bbox 1265 1590 1449 1635; x_wconf 90' lang='lat' dir='ltr'><strong>tamen</strong></span> <span class='ocrx_word' id='word_1_112' title='bbox 1495 1577 1762 1633; x_wconf 82' lang='lat' dir='ltr'><strong>Eusebius</strong></span> <span class='ocrx_word' id='word_1_113' title='bbox 1795 1584 1908 1628; x_wconf 86' lang='lat' dir='ltr'><strong>tau-</strong></span> 
     </span>
    </p>
   </div>
   <div class='ocr_carea' id='block_1_16' title="bbox 331 1667 1910 1748">
    <p class='ocr_par' dir='ltr' id='par_1_16' title="bbox 331 1667 1910 1748">
     <span class='ocr_line' id='line_1_16' title="bbox 331 1667 1910 1748; baseline -0.009 -17"><span class='ocrx_word' id='word_1_114' title='bbox 331 1690 447 1731; x_wconf 87' lang='lat' dir='ltr'><strong>tum</strong></span> <span class='ocrx_word' id='word_1_115' title='bbox 471 1676 758 1748; x_wconf 85' lang='lat' dir='ltr'><strong>scripserit</strong></span> <span class='ocrx_word' id='word_1_116' title='bbox 785 1677 927 1745; x_wconf 88' lang='lat' dir='ltr'><strong>apud</strong></span> <span class='ocrx_word' id='word_1_117' title='bbox 946 1674 1200 1744; x_wconf 85' lang='lat' dir='ltr'><strong>quosdam</strong></span> <span class='ocrx_word' id='word_1_118' title='bbox 1218 1672 1500 1726; x_wconf 83' lang='lat' dir='ltr'><strong>Romanos.</strong></span> <span class='ocrx_word' id='word_1_119' title='bbox 1528 1667 1757 1723; x_wconf 83' lang='lat' dir='ltr'><strong>Photius</strong></span> <span class='ocrx_word' id='word_1_120' title='bbox 1779 1682 1910 1735; x_wconf 86' lang='lat' dir='ltr'><strong>quo-</strong></span> 
     </span>
    </p>
   </div>
   <div class='ocr_carea' id='block_1_17' title="bbox 328 1758 1904 1840">
    <p class='ocr_par' dir='ltr' id='par_1_17' title="bbox 328 1758 1904 1840">
     <span class='ocr_line' id='line_1_17' title="bbox 328 1758 1904 1840; baseline -0.008 -17"><span class='ocrx_word' id='word_1_121' title='bbox 328 1787 438 1840; x_wconf 85' lang='lat' dir='ltr'><strong>que</strong></span> <span class='ocrx_word' id='word_1_122' title='bbox 464 1770 500 1824; x_wconf 88' lang='lat'><strong>1.</strong></span> <span class='ocrx_word' id='word_1_123' title='bbox 536 1786 585 1825; x_wconf 91' lang='lat' dir='ltr'><strong>c.</strong></span> <span class='ocrx_word' id='word_1_124' title='bbox 613 1778 806 1823; x_wconf 80' lang='lat' dir='ltr'><strong>auctor</strong></span> <span class='ocrx_word' id='word_1_125' title='bbox 835 1775 952 1832; x_wconf 90' lang='lat' dir='ltr'><strong>est,</strong></span> <span class='ocrx_word' id='word_1_126' title='bbox 988 1766 1178 1820; x_wconf 87' lang='lat' dir='ltr'><strong>Caium</strong></span> <span class='ocrx_word' id='word_1_127' title='bbox 1204 1765 1449 1818; x_wconf 77' lang='lat' dir='ltr'><strong>tredecim</strong></span> <span class='ocrx_word' id='word_1_128' title='bbox 1474 1763 1737 1815; x_wconf 76' lang='lat' dir='ltr'><strong>duntaxat</strong></span> <span class='ocrx_word' id='word_1_129' title='bbox 1766 1758 1904 1811; x_wconf 86' lang='lat' dir='ltr'><strong>beati</strong></span> 
     </span>
    </p>
   </div>
   <div class='ocr_carea' id='block_1_18' title="bbox 2014 553 3585 633">
    <p class='ocr_par' dir='ltr' id='par_1_18' title="bbox 2014 553 3585 633">
     <span class='ocr_line' id='line_1_18' title="bbox 2014 553 3585 633; baseline -0.007 -14"><span class='ocrx_word' id='word_1_130' title='bbox 2014 564 2132 619; x_wconf 83' lang='lat' dir='ltr'><strong>bins</strong></span> <span class='ocrx_word' id='word_1_131' title='bbox 2151 563 2368 633; x_wconf 84' lang='lat' dir='ltr'><strong>quidem</strong></span> <span class='ocrx_word' id='word_1_132' title='bbox 2402 560 2569 614; x_wconf 91' lang='lat' dir='ltr'><strong>libros</strong></span> <span class='ocrx_word' id='word_1_133' title='bbox 2619 566 2866 612; x_wconf 89' lang='lat' dir='ltr'><strong>recenset</strong></span> <span class='ocrx_word' id='word_1_134' title='bbox 2896 555 3107 627; x_wconf 46' lang='grc' dir='ltr'><strong>θηρσί]</strong></span> <span class='ocrx_word' id='word_1_135' title='bbox 3162 563 3343 608; x_wconf 90' lang='lat' dir='ltr'><strong>tamen</strong></span> <span class='ocrx_word' id='word_1_136' title='bbox 3398 553 3585 622; x_wconf 74' lang='lat' dir='ltr'><strong>abiicit</strong></span> 
     </span>
    </p>
   </div>
   <div class='ocr_carea' id='block_1_19' title="bbox 2014 648 3580 717">
    <p class='ocr_par' dir='ltr' id='par_1_19' title="bbox 2014 648 3580 717">
     <span class='ocr_line' id='line_1_19' title="bbox 2014 648 3580 717; baseline -0.005 -9"><span class='ocrx_word' id='word_1_137' title='bbox 2014 656 2158 709; x_wconf 89' lang='lat' dir='ltr'><strong>velut</strong></span> <span class='ocrx_word' id='word_1_138' title='bbox 2191 654 2565 708; x_wconf 66' lang='lat' dir='ltr'><strong>haereticorum</strong></span> <span class='ocrx_word' id='word_1_139' title='bbox 2595 649 2781 704; x_wconf 85' lang='lat' dir='ltr'><strong>letum.</strong></span> <span class='ocrx_word' id='word_1_140' title='bbox 2837 648 3036 703; x_wconf 89' lang='lat' dir='ltr'><strong>Eodem</strong></span> <span class='ocrx_word' id='word_1_141' title='bbox 3083 661 3301 717; x_wconf 88' lang='lat' dir='ltr'><strong>quoque</strong></span> <span class='ocrx_word' id='word_1_142' title='bbox 3332 655 3580 710; x_wconf 84' lang='lat' dir='ltr'><strong>testante,</strong></span> 
     </span>
    </p>
   </div>
   <div class='ocr_carea' id='block_1_20' title="bbox 2013 738 3580 810">
    <p class='ocr_par' dir='ltr' id='par_1_20' title="bbox 2013 738 3580 810">
     <span class='ocr_line' id='line_1_20' title="bbox 2013 738 3580 810; baseline -0.005 -9"><span class='ocrx_word' id='word_1_143' title='bbox 2013 747 2264 801; x_wconf 80' lang='lat' dir='ltr'><strong>Clemens</strong></span> <span class='ocrx_word' id='word_1_144' title='bbox 2290 742 2693 798; x_wconf 83' lang='lat' dir='ltr'><strong>Alexandrinus</strong></span> <span class='ocrx_word' id='word_1_145' title='bbox 2721 739 2908 794; x_wconf 88' lang='lat' dir='ltr'><strong>eadem</strong></span> <span class='ocrx_word' id='word_1_146' title='bbox 2957 738 3283 810; x_wconf 80' lang='lat' dir='ltr'><strong>Apocalypsi</strong></span> <span class='ocrx_word' id='word_1_147' title='bbox 3313 748 3396 792; x_wconf 91' lang='lat' dir='ltr'><strong>est</strong></span> <span class='ocrx_word' id='word_1_148' title='bbox 3427 755 3580 803; x_wconf 89' lang='lat' dir='ltr'><strong>usus,</strong></span> 
     </span>
    </p>
   </div>
   <div class='ocr_carea' id='block_1_21' title="bbox 2013 829 3584 904">
    <p class='ocr_par' dir='ltr' id='par_1_21' title="bbox 2013 829 3584 904">
     <span class='ocr_line' id='line_1_21' title="bbox 2013 829 3584 904; baseline -0.005 -11"><span class='ocrx_word' id='word_1_149' title='bbox 2013 855 2121 893; x_wconf 88' lang='lat' dir='ltr'><strong>non</strong></span> <span class='ocrx_word' id='word_1_150' title='bbox 2152 854 2311 893; x_wconf 89' lang='lat' dir='ltr'><strong>secus</strong></span> <span class='ocrx_word' id='word_1_151' title='bbox 2340 852 2404 889; x_wconf 91' lang='lat' dir='ltr'><strong>ac</strong></span> <span class='ocrx_word' id='word_1_152' title='bbox 2431 834 2670 904; x_wconf 81' lang='lat' dir='ltr'><strong>Epistula</strong></span> <span class='ocrx_word' id='word_1_153' title='bbox 2723 833 3006 888; x_wconf 67' lang='lat' dir='ltr'><strong>Barnabas.</strong></span> <span class='ocrx_word' id='word_1_154' title='bbox 3043 829 3382 886; x_wconf 83' lang='lat' dir='ltr'><strong>Sozomenus</strong></span> <span class='ocrx_word' id='word_1_155' title='bbox 3437 831 3584 900; x_wconf 87' lang='lat' dir='ltr'><strong>pari-</strong></span> 
     </span>
    </p>
   </div>
   <div class='ocr_carea' id='block_1_22' title="bbox 2013 921 3582 993">
    <p class='ocr_par' dir='ltr' id='par_1_22' title="bbox 2013 921 3582 993">
     <span class='ocr_line' id='line_1_22' title="bbox 2013 921 3582 993; baseline -0.006 -11"><span class='ocrx_word' id='word_1_156' title='bbox 2013 939 2094 982; x_wconf 87' lang='lat' dir='ltr'><strong>ter</strong></span> <span class='ocrx_word' id='word_1_157' title='bbox 2119 944 2218 983; x_wconf 86' lang='lat' dir='ltr'><strong>nos</strong></span> <span class='ocrx_word' id='word_1_158' title='bbox 2245 925 2456 980; x_wconf 89' lang='lat' dir='ltr'><strong>monuit</strong></span> <span class='ocrx_word' id='word_1_159' title='bbox 2486 925 2556 988; x_wconf 71' lang='lat'><strong>9&#39;,</strong></span> <span class='ocrx_word' id='word_1_160' title='bbox 2587 922 2729 976; x_wconf 91' lang='lat' dir='ltr'><strong>hanc</strong></span> <span class='ocrx_word' id='word_1_161' title='bbox 2748 921 3129 993; x_wconf 71' lang='lat' dir='ltr'><strong>Apocalypsin]</strong></span> <span class='ocrx_word' id='word_1_162' title='bbox 3165 923 3219 975; x_wconf 88' lang='lat' dir='ltr'><strong>in</strong></span> <span class='ocrx_word' id='word_1_163' title='bbox 3265 923 3582 992; x_wconf 76' lang='lat' dir='ltr'><strong>quibusdam</strong></span> 
     </span>
    </p>
   </div>
   <div class='ocr_carea' id='block_1_23' title="bbox 2013 1013 3583 1084">
    <p class='ocr_par' dir='ltr' id='par_1_23' title="bbox 2013 1013 3583 1084">
     <span class='ocr_line' id='line_1_23' title="bbox 2013 1013 3583 1084; baseline -0.003 -14"><span class='ocrx_word' id='word_1_164' title='bbox 2013 1017 2268 1070; x_wconf 82' lang='lat' dir='ltr'><strong>Ecclesiis</strong></span> <span class='ocrx_word' id='word_1_165' title='bbox 2304 1016 2610 1070; x_wconf 69' lang='lat' dir='ltr'><strong>Palazstina:</strong></span> <span class='ocrx_word' id='word_1_166' title='bbox 2650 1030 2809 1084; x_wconf 86' lang='lat' dir='ltr'><strong>usque</strong></span> <span class='ocrx_word' id='word_1_167' title='bbox 2854 1013 3024 1066; x_wconf 86' lang='lat' dir='ltr'><strong>adhuc</strong></span> <span class='ocrx_word' id='word_1_168' title='bbox 3073 1014 3296 1083; x_wconf 76' lang='lat' dir='ltr'><strong>singulis</strong></span> <span class='ocrx_word' id='word_1_169' title='bbox 3325 1013 3478 1066; x_wconf 86' lang='lat' dir='ltr'><strong>annis</strong></span> <span class='ocrx_word' id='word_1_170' title='bbox 3502 1028 3583 1066; x_wconf 85' lang='lat' dir='ltr'><strong>se-</strong></span> 
     </span>
    </p>
   </div>
   <div class='ocr_carea' id='block_1_24' title="bbox 2013 1110 2268 1179">
    <p class='ocr_par' dir='ltr' id='par_1_24' title="bbox 2013 1110 2268 1179">
     <span class='ocr_line' id='line_1_24' title="bbox 2013 1110 2268 1179; baseline -0.004 -17"><span class='ocrx_word' id='word_1_171' title='bbox 2013 1110 2114 1163; x_wconf 90' lang='lat' dir='ltr'><strong>mel</strong></span> <span class='ocrx_word' id='word_1_172' title='bbox 2149 1111 2268 1179; x_wconf 88' lang='lat' dir='ltr'><strong>legi.</strong></span> 
     </span>
    </p>
   </div>
   <div class='ocr_carea' id='block_1_25' title="bbox 2089 1195 3582 1270">
    <p class='ocr_par' dir='ltr' id='par_1_25' title="bbox 2089 1195 3582 1270">
     <span class='ocr_line' id='line_1_25' title="bbox 2089 1195 3582 1270; baseline -0.001 -18"><span class='ocrx_word' id='word_1_173' title='bbox 2089 1220 2106 1252; x_wconf 72' lang='grc'><strong>(</strong></span> <span class='ocrx_word' id='word_1_174' title='bbox 2150 1199 2514 1270; x_wconf 79' lang='lat' dir='ltr'><strong>Temporibus</strong></span> <span class='ocrx_word' id='word_1_175' title='bbox 2546 1197 2712 1252; x_wconf 88' lang='lat' dir='ltr'><strong>etiam</strong></span> <span class='ocrx_word' id='word_1_176' title='bbox 2746 1195 2862 1250; x_wconf 93' lang='lat' dir='ltr'><strong>Caii</strong></span> <span class='ocrx_word' id='word_1_177' title='bbox 2899 1196 3070 1266; x_wconf 87' lang='lat' dir='ltr'><strong>ipsius</strong></span> <span class='ocrx_word' id='word_1_178' title='bbox 3100 1196 3582 1252; x_wconf 86' lang='lat' dir='ltr'><strong>circumferebatur</strong></span> 
     </span>
    </p>
   </div>
   <div class='ocr_carea' id='block_1_26' title="bbox 2010 1286 3584 1362">
    <p class='ocr_par' dir='ltr' id='par_1_26' title="bbox 2010 1286 3584 1362">
     <span class='ocr_line' id='line_1_26' title="bbox 2010 1286 3584 1362; baseline -0.004 -14"><span class='ocrx_word' id='word_1_179' title='bbox 2010 1293 2238 1362; x_wconf 88' lang='lat' dir='ltr'><strong>epistola</strong></span> <span class='ocrx_word' id='word_1_180' title='bbox 2271 1290 2453 1361; x_wconf 87' lang='lat' dir='ltr'><strong>spuria</strong></span> <span class='ocrx_word' id='word_1_181' title='bbox 2481 1288 2634 1342; x_wconf 88' lang='lat' dir='ltr'><strong>Pauli</strong></span> <span class='ocrx_word' id='word_1_182' title='bbox 2659 1287 2888 1358; x_wconf 91' lang='lat' dir='ltr'><strong>apostoli</strong></span> <span class='ocrx_word' id='word_1_183' title='bbox 2907 1288 2975 1340; x_wconf 90' lang='lat' dir='ltr'><strong>ad</strong></span> <span class='ocrx_word' id='word_1_184' title='bbox 2998 1286 3366 1354; x_wconf 85' lang='lat' dir='ltr'><strong>Laodicenses,</strong></span> <span class='ocrx_word' id='word_1_185' title='bbox 3397 1303 3425 1342; x_wconf 91' lang='lat' dir='ltr'><strong>a</strong></span> <span class='ocrx_word' id='word_1_186' title='bbox 3457 1303 3584 1342; x_wconf 87' lang='lat' dir='ltr'><strong>san-</strong></span> 
     </span>
    </p>
   </div>
   <div class='ocr_carea' id='block_1_27' title="bbox 2011 1379 3584 1453">
    <p class='ocr_par' dir='ltr' id='par_1_27' title="bbox 2011 1379 3584 1453">
     <span class='ocr_line' id='line_1_27' title="bbox 2011 1379 3584 1453; baseline -0.003 -14"><span class='ocrx_word' id='word_1_187' title='bbox 2011 1394 2098 1439; x_wconf 88' lang='lat' dir='ltr'><strong>cto</strong></span> <span class='ocrx_word' id='word_1_188' title='bbox 2129 1382 2459 1453; x_wconf 82' lang='lat' dir='ltr'><strong>Hieronymo</strong></span> <span class='ocrx_word' id='word_1_189' title='bbox 2490 1391 2544 1435; x_wconf 90' lang='lat' dir='ltr'><strong>et</strong></span> <span class='ocrx_word' id='word_1_190' title='bbox 2576 1379 2915 1433; x_wconf 88' lang='lat' dir='ltr'><strong>Theodoreto</strong></span> <span class='ocrx_word' id='word_1_191' title='bbox 2959 1379 3200 1449; x_wconf 72' lang='lat' dir='ltr'><strong>explosa,</strong></span> <span class='ocrx_word' id='word_1_192' title='bbox 3226 1395 3390 1448; x_wconf 89' lang='lat' dir='ltr'><strong>quam</strong></span> <span class='ocrx_word' id='word_1_193' title='bbox 3442 1379 3584 1434; x_wconf 76' lang='lat' dir='ltr'><strong>illar-</strong></span> 
     </span>
    </p>
   </div>
   <div class='ocr_carea' id='block_1_28' title="bbox 2011 1471 3582 1538">
    <p class='ocr_par' dir='ltr' id='par_1_28' title="bbox 2011 1471 3582 1538">
     <span class='ocr_line' id='line_1_28' title="bbox 2011 1471 3582 1538; baseline -0.004 -7"><span class='ocrx_word' id='word_1_194' title='bbox 2011 1475 2132 1531; x_wconf 91' lang='lat' dir='ltr'><strong>cion</strong></span> <span class='ocrx_word' id='word_1_195' title='bbox 2166 1473 2526 1529; x_wconf 65' lang='lat' dir='ltr'><strong>ha&#39;resiarcba</strong></span> <span class='ocrx_word' id='word_1_196' title='bbox 2564 1474 2616 1526; x_wconf 91' lang='lat' dir='ltr'><strong>in</strong></span> <span class='ocrx_word' id='word_1_197' title='bbox 2650 1471 2960 1527; x_wconf 87' lang='lat' dir='ltr'><strong>subsidium</strong></span> <span class='ocrx_word' id='word_1_198' title='bbox 2996 1471 3080 1526; x_wconf 93' lang='lat' dir='ltr'><strong>sui</strong></span> <span class='ocrx_word' id='word_1_199' title='bbox 3109 1471 3285 1526; x_wconf 87' lang='lat' dir='ltr'><strong>delirii</strong></span> <span class='ocrx_word' id='word_1_200' title='bbox 3314 1471 3582 1538; x_wconf 90' lang='lat' dir='ltr'><strong>adhibuit,</strong></span> 
     </span>
    </p>
   </div>
   <div class='ocr_carea' id='block_1_29' title="bbox 2010 1565 3585 1635">
    <p class='ocr_par' dir='ltr' id='par_1_29' title="bbox 2010 1565 3585 1635">
     <span class='ocr_line' id='line_1_29' title="bbox 2010 1565 3585 1635; baseline -0.001 -13"><span class='ocrx_word' id='word_1_201' title='bbox 2010 1569 2087 1622; x_wconf 91' lang='lat' dir='ltr'><strong>uti</strong></span> <span class='ocrx_word' id='word_1_202' title='bbox 2118 1583 2218 1623; x_wconf 91' lang='lat' dir='ltr'><strong>nos</strong></span> <span class='ocrx_word' id='word_1_203' title='bbox 2244 1567 2402 1622; x_wconf 90' lang='lat' dir='ltr'><strong>docet</strong></span> <span class='ocrx_word' id='word_1_204' title='bbox 2424 1575 2648 1621; x_wconf 87' lang='lat' dir='ltr'><strong>sanctus</strong></span> <span class='ocrx_word' id='word_1_205' title='bbox 2671 1565 3008 1635; x_wconf 82' lang='lat' dir='ltr'><strong>Epiphanius</strong></span> <span class='ocrx_word' id='word_1_206' title='bbox 3030 1566 3094 1617; x_wconf 71' lang='grc'><strong>⁸⁸.</strong></span> <span class='ocrx_word' id='word_1_207' title='bbox 3129 1565 3198 1619; x_wconf 91' lang='lat' dir='ltr'><strong>At</strong></span> <span class='ocrx_word' id='word_1_208' title='bbox 3221 1575 3414 1634; x_wconf 70' lang='lat' dir='ltr'><strong>przeter</strong></span> <span class='ocrx_word' id='word_1_209' title='bbox 3442 1565 3585 1620; x_wconf 89' lang='lat' dir='ltr'><strong>hanc</strong></span> 
     </span>
    </p>
   </div>
   <div class='ocr_carea' id='block_1_30' title="bbox 2009 1655 3584 1730">
    <p class='ocr_par' dir='ltr' id='par_1_30' title="bbox 2009 1655 3584 1730">
     <span class='ocr_line' id='line_1_30' title="bbox 2009 1655 3584 1730; baseline -0.003 -14"><span class='ocrx_word' id='word_1_210' title='bbox 2009 1677 2075 1716; x_wconf 79' lang='lat' dir='ltr'><strong>ex</strong></span> <span class='ocrx_word' id='word_1_211' title='bbox 2105 1660 2222 1730; x_wconf 89' lang='lat' dir='ltr'><strong>ipso</strong></span> <span class='ocrx_word' id='word_1_212' title='bbox 2267 1658 2570 1729; x_wconf 83' lang='lat' dir='ltr'><strong>fragmento</strong></span> <span class='ocrx_word' id='word_1_213' title='bbox 2599 1674 2742 1712; x_wconf 91' lang='lat' dir='ltr'><strong>nunc</strong></span> <span class='ocrx_word' id='word_1_214' title='bbox 2800 1657 3090 1722; x_wconf 88' lang='lat' dir='ltr'><strong>discimus,</strong></span> <span class='ocrx_word' id='word_1_215' title='bbox 3145 1657 3370 1712; x_wconf 88' lang='lat' dir='ltr'><strong>alteram</strong></span> <span class='ocrx_word' id='word_1_216' title='bbox 3414 1655 3584 1712; x_wconf 88' lang='lat' dir='ltr'><strong>Paulo</strong></span> 
     </span>
    </p>
   </div>
   <div class='ocr_carea' id='block_1_31' title="bbox 2009 1749 3584 1822">
    <p class='ocr_par' dir='ltr' id='par_1_31' title="bbox 2009 1749 3584 1822">
     <span class='ocr_line' id='line_1_31' title="bbox 2009 1749 3584 1822; baseline -0.001 -16"><span class='ocrx_word' id='word_1_217' title='bbox 2009 1752 2346 1822; x_wconf 87' lang='lat' dir='ltr'><strong>suppositam</strong></span> <span class='ocrx_word' id='word_1_218' title='bbox 2386 1752 2579 1816; x_wconf 90' lang='lat' dir='ltr'><strong>fuisse,</strong></span> <span class='ocrx_word' id='word_1_219' title='bbox 2629 1765 2829 1820; x_wconf 87' lang='lat' dir='ltr'><strong>nempe</strong></span> <span class='ocrx_word' id='word_1_220' title='bbox 2882 1749 2949 1802; x_wconf 88' lang='lat' dir='ltr'><strong>ad</strong></span> <span class='ocrx_word' id='word_1_221' title='bbox 2982 1749 3392 1814; x_wconf 75' lang='lat' dir='ltr'><strong>Alexandrinos,</strong></span> <span class='ocrx_word' id='word_1_222' title='bbox 3427 1750 3584 1819; x_wconf 89' lang='lat' dir='ltr'><strong>cujus</strong></span> 
     </span>
    </p>
   </div>
   <div class='ocr_carea' id='block_1_32' title="bbox 329 1840 1896 1927">
    <p class='ocr_par' dir='ltr' id='par_1_32' title="bbox 329 1859 1896 1927">
     <span class='ocr_line' id='line_1_32' title="bbox 329 1859 1896 1927; baseline -0.003 -14"><span class='ocrx_word' id='word_1_223' title='bbox 329 1860 495 1915; x_wconf 81' lang='lat' dir='ltr'><strong>Pauli</strong></span> <span class='ocrx_word' id='word_1_224' title='bbox 520 1859 792 1926; x_wconf 81' lang='lat' dir='ltr'><strong>Epistolas</strong></span> <span class='ocrx_word' id='word_1_225' title='bbox 816 1874 1168 1924; x_wconf 81' lang='lat' dir='ltr'><strong>enumerasse,</strong></span> <span class='ocrx_word' id='word_1_226' title='bbox 1200 1874 1301 1911; x_wconf 80' lang='lat' dir='ltr'><strong>non</strong></span> <span class='ocrx_word' id='word_1_227' title='bbox 1346 1869 1550 1927; x_wconf 86' lang='lat' dir='ltr'><strong>recepta</strong></span> <span class='ocrx_word' id='word_1_228' title='bbox 1598 1859 1651 1912; x_wconf 89' lang='lat' dir='ltr'><strong>in</strong></span> <span class='ocrx_word' id='word_1_229' title='bbox 1693 1873 1896 1912; x_wconf 82' lang='lat' dir='ltr'><strong>censum</strong></span> 
     </span>
    </p>
   </div>
   <div class='ocr_carea' id='block_1_33' title="bbox 2001 1840 3583 1927">
    <p class='ocr_par' dir='ltr' id='par_1_33' title="bbox 2006 1840 3583 1912">
     <span class='ocr_line' id='line_1_33' title="bbox 2006 1840 3583 1912; baseline -0.003 -13"><span class='ocrx_word' id='word_1_230' title='bbox 2006 1843 2190 1898; x_wconf 87' lang='lat' dir='ltr'><strong>nescio</strong></span> <span class='ocrx_word' id='word_1_231' title='bbox 2217 1859 2284 1897; x_wconf 88' lang='lat' dir='ltr'><strong>an</strong></span> <span class='ocrx_word' id='word_1_232' title='bbox 2306 1842 2597 1912; x_wconf 89' lang='lat' dir='ltr'><strong>quisquam</strong></span> <span class='ocrx_word' id='word_1_233' title='bbox 2623 1841 2763 1896; x_wconf 90' lang='lat' dir='ltr'><strong>alius</strong></span> <span class='ocrx_word' id='word_1_234' title='bbox 2786 1840 3112 1895; x_wconf 88' lang='lat' dir='ltr'><strong>meminerit.</strong></span> <span class='ocrx_word' id='word_1_235' title='bbox 3135 1840 3272 1894; x_wconf 87' lang='lat' dir='ltr'><strong>Cum</strong></span> <span class='ocrx_word' id='word_1_236' title='bbox 3293 1856 3421 1895; x_wconf 88' lang='lat' dir='ltr'><strong>vero</strong></span> <span class='ocrx_word' id='word_1_237' title='bbox 3444 1841 3583 1908; x_wconf 83' lang='lat' dir='ltr'><strong>Apu-</strong></span> 
     </span>
    </p>
   </div>
   <div class='ocr_carea' id='block_1_34' title="bbox 322 1949 1899 2024">
    <p class='ocr_par' dir='ltr' id='par_1_34' title="bbox 322 1949 1899 2024">
     <span class='ocr_line' id='line_1_34' title="bbox 322 1949 1899 2024; baseline -0.002 -17"><span class='ocrx_word' id='word_1_238' title='bbox 322 1972 450 2024; x_wconf 69' lang='lat' dir='ltr'><strong>qua!</strong></span> <span class='ocrx_word' id='word_1_239' title='bbox 479 1953 647 2007; x_wconf 81' lang='lat' dir='ltr'><strong>estad</strong></span> <span class='ocrx_word' id='word_1_240' title='bbox 683 1951 955 2005; x_wconf 69' lang='lat' dir='ltr'><strong>Hebratos.</strong></span> <span class='ocrx_word' id='word_1_241' title='bbox 1005 1949 1098 2003; x_wconf 89' lang='lat' dir='ltr'><strong>lllc</strong></span> <span class='ocrx_word' id='word_1_242' title='bbox 1122 1965 1339 2018; x_wconf 83' lang='lat' dir='ltr'><strong>quoque</strong></span> <span class='ocrx_word' id='word_1_243' title='bbox 1385 1949 1500 2003; x_wconf 65' lang='lat' dir='ltr'><strong>haec</strong></span> <span class='ocrx_word' id='word_1_244' title='bbox 1547 1949 1614 2003; x_wconf 87' lang='lat' dir='ltr'><strong>ab</strong></span> <span class='ocrx_word' id='word_1_245' title='bbox 1667 1949 1899 2005; x_wconf 87' lang='lat' dir='ltr'><strong>Eusebio</strong></span> 
     </span>
    </p>
   </div>
   <div class='ocr_carea' id='block_1_35' title="bbox 325 2035 1899 2106">
    <p class='ocr_par' dir='ltr' id='par_1_35' title="bbox 325 2035 1899 2106">
     <span class='ocr_line' id='line_1_35' title="bbox 325 2035 1899 2106; baseline -0.005 -10"><span class='ocrx_word' id='word_1_246' title='bbox 325 2045 534 2100; x_wconf 81' lang='lat' dir='ltr'><strong>hausit.</strong></span> <span class='ocrx_word' id='word_1_247' title='bbox 572 2042 841 2097; x_wconf 58' lang='lat' dir='ltr'><strong>Caeterum</strong></span> <span class='ocrx_word' id='word_1_248' title='bbox 867 2055 974 2093; x_wconf 89' lang='lat' dir='ltr'><strong>non</strong></span> <span class='ocrx_word' id='word_1_249' title='bbox 1007 2047 1092 2093; x_wconf 89' lang='lat' dir='ltr'><strong>est</strong></span> <span class='ocrx_word' id='word_1_250' title='bbox 1115 2037 1279 2106; x_wconf 83' lang='lat' dir='ltr'><strong>hujus</strong></span> <span class='ocrx_word' id='word_1_251' title='bbox 1317 2037 1422 2091; x_wconf 91' lang='lat' dir='ltr'><strong>loci</strong></span> <span class='ocrx_word' id='word_1_252' title='bbox 1446 2051 1749 2100; x_wconf 87' lang='lat' dir='ltr'><strong>recensere,</strong></span> <span class='ocrx_word' id='word_1_253' title='bbox 1775 2035 1899 2106; x_wconf 94' lang='lat' dir='ltr'><strong>qui-</strong></span> 
     </span>
    </p>
   </div>
   <div class='ocr_carea' id='block_1_36' title="bbox 324 2129 1898 2190">
    <p class='ocr_par' dir='ltr' id='par_1_36' title="bbox 324 2129 1898 2190">
     <span class='ocr_line' id='line_1_36' title="bbox 324 2129 1898 2190; baseline -0.005 -1"><span class='ocrx_word' id='word_1_254' title='bbox 324 2137 433 2190; x_wconf 85' lang='lat' dir='ltr'><strong>bus</strong></span> <span class='ocrx_word' id='word_1_255' title='bbox 467 2134 790 2190; x_wconf 85' lang='lat' dir='ltr'><strong>auctoribns</strong></span> <span class='ocrx_word' id='word_1_256' title='bbox 813 2143 866 2186; x_wconf 87' lang='lat' dir='ltr'><strong>et</strong></span> <span class='ocrx_word' id='word_1_257' title='bbox 890 2131 1194 2184; x_wconf 84' lang='lat' dir='ltr'><strong>rationibus</strong></span> <span class='ocrx_word' id='word_1_258' title='bbox 1228 2129 1281 2182; x_wconf 92' lang='lat' dir='ltr'><strong>in</strong></span> <span class='ocrx_word' id='word_1_259' title='bbox 1310 2129 1588 2183; x_wconf 89' lang='lat' dir='ltr'><strong>Canonem</strong></span> <span class='ocrx_word' id='word_1_260' title='bbox 1619 2144 1898 2184; x_wconf 90' lang='lat' dir='ltr'><strong>sacrarum</strong></span> 
     </span>
    </p>
   </div>
   <div class='ocr_carea' id='block_1_37' title="bbox 327 2219 1902 2294">
    <p class='ocr_par' dir='ltr' id='par_1_37' title="bbox 327 2219 1902 2294">
     <span class='ocr_line' id='line_1_37' title="bbox 327 2219 1902 2294; baseline -0.003 -15"><span class='ocrx_word' id='word_1_261' title='bbox 327 2225 743 2294; x_wconf 82' lang='lat' dir='ltr'><strong>Scripturarum</strong></span> <span class='ocrx_word' id='word_1_262' title='bbox 789 2222 986 2278; x_wconf 88' lang='lat' dir='ltr'><strong>merito</strong></span> <span class='ocrx_word' id='word_1_263' title='bbox 1033 2228 1254 2289; x_wconf 88' lang='lat' dir='ltr'><strong>recepta</strong></span> <span class='ocrx_word' id='word_1_264' title='bbox 1293 2219 1487 2273; x_wconf 87' lang='lat' dir='ltr'><strong>deinde</strong></span> <span class='ocrx_word' id='word_1_265' title='bbox 1536 2219 1603 2272; x_wconf 90' lang='lat' dir='ltr'><strong>ab</strong></span> <span class='ocrx_word' id='word_1_266' title='bbox 1645 2219 1902 2274; x_wconf 91' lang='lat' dir='ltr'><strong>omnibus</strong></span> 
     </span>
    </p>
   </div>
   <div class='ocr_carea' id='block_1_38' title="bbox 326 2310 1900 2387">
    <p class='ocr_par' dir='ltr' id='par_1_38' title="bbox 326 2310 1900 2387">
     <span class='ocr_line' id='line_1_38' title="bbox 326 2310 1900 2387; baseline -0.004 -16"><span class='ocrx_word' id='word_1_267' title='bbox 326 2318 498 2371; x_wconf 72' lang='lat' dir='ltr'><strong>fuerit</strong></span> <span class='ocrx_word' id='word_1_268' title='bbox 530 2317 778 2387; x_wconf 84' lang='lat' dir='ltr'><strong>Epistula</strong></span> <span class='ocrx_word' id='word_1_269' title='bbox 816 2316 882 2368; x_wconf 89' lang='lat' dir='ltr'><strong>ad</strong></span> <span class='ocrx_word' id='word_1_270' title='bbox 909 2312 1186 2375; x_wconf 73' lang='lat' dir='ltr'><strong>Hebraeos,</strong></span> <span class='ocrx_word' id='word_1_271' title='bbox 1221 2311 1290 2365; x_wconf 89' lang='lat' dir='ltr'><strong>de</strong></span> <span class='ocrx_word' id='word_1_272' title='bbox 1322 2326 1429 2380; x_wconf 91' lang='lat' dir='ltr'><strong>qua</strong></span> <span class='ocrx_word' id='word_1_273' title='bbox 1485 2310 1623 2363; x_wconf 89' lang='lat' dir='ltr'><strong>idem</strong></span> <span class='ocrx_word' id='word_1_274' title='bbox 1677 2323 1900 2365; x_wconf 87' lang='lat' dir='ltr'><strong>sanctus</strong></span> 
     </span>
    </p>
   </div>
   <div class='ocr_carea' id='block_1_39' title="bbox 323 2399 1900 2478">
    <p class='ocr_par' dir='ltr' id='par_1_39' title="bbox 323 2399 1900 2478">
     <span class='ocr_line' id='line_1_39' title="bbox 323 2399 1900 2478; baseline -0.006 -16"><span class='ocrx_word' id='word_1_275' title='bbox 323 2409 692 2478; x_wconf 84' lang='lat' dir='ltr'><strong>Hieronymus</strong></span> <span class='ocrx_word' id='word_1_276' title='bbox 751 2406 818 2460; x_wconf 86' lang='lat' dir='ltr'><strong>ad</strong></span> <span class='ocrx_word' id='word_1_277' title='bbox 867 2402 1154 2474; x_wconf 78' lang='lat' dir='ltr'><strong>Evagrium</strong></span> <span class='ocrx_word' id='word_1_278' title='bbox 1203 2401 1468 2467; x_wconf 89' lang='lat' dir='ltr'><strong>scribens,</strong></span> <span class='ocrx_word' id='word_1_279' title='bbox 1517 2401 1679 2455; x_wconf 86' lang='lat' dir='ltr'><strong>dicit:</strong></span> <span class='ocrx_word' id='word_1_280' title='bbox 1729 2399 1900 2464; x_wconf 84' lang='lat' dir='ltr'><strong>Quam</strong></span> 
     </span>
    </p>
   </div>
   <div class='ocr_carea' id='block_1_40' title="bbox 321 2493 1902 2566">
    <p class='ocr_par' dir='ltr' id='par_1_40' title="bbox 321 2493 1902 2566">
     <span class='ocr_line' id='line_1_40' title="bbox 321 2493 1902 2566; baseline -0.004 -14"><span class='ocrx_word' id='word_1_281' title='bbox 321 2517 505 2552; x_wconf 83' lang='lat' dir='ltr'><strong>omnes</strong></span> <span class='ocrx_word' id='word_1_282' title='bbox 529 2498 700 2553; x_wconf 69' lang='lat' dir='ltr'><strong>Gnaei</strong></span> <span class='ocrx_word' id='word_1_283' title='bbox 718 2498 976 2566; x_wconf 87' lang='lat' dir='ltr'><strong>recipiunt</strong></span> <span class='ocrx_word' id='word_1_284' title='bbox 993 2507 1038 2550; x_wconf 87' lang='lat' dir='ltr'><strong>et</strong></span> <span class='ocrx_word' id='word_1_285' title='bbox 1052 2495 1290 2550; x_wconf 89' lang='lat' dir='ltr'><strong>nonnulli</strong></span> <span class='ocrx_word' id='word_1_286' title='bbox 1311 2493 1640 2548; x_wconf 86' lang='lat' dir='ltr'><strong>Latinorum.</strong></span> <span class='ocrx_word' id='word_1_287' title='bbox 1661 2493 1737 2547; x_wconf 86' lang='lat' dir='ltr'><strong>lta</strong></span> <span class='ocrx_word' id='word_1_288' title='bbox 1755 2509 1902 2562; x_wconf 69' lang='lat' dir='ltr'><strong>quaa-</strong></span> 
     </span>
    </p>
   </div>
   <div class='ocr_carea' id='block_1_41' title="bbox 320 2587 1898 2660">
    <p class='ocr_par' dir='ltr' id='par_1_41' title="bbox 320 2587 1898 2660">
     <span class='ocr_line' id='line_1_41' title="bbox 320 2587 1898 2660; baseline -0.004 -14"><span class='ocrx_word' id='word_1_289' title='bbox 320 2594 561 2646; x_wconf 88' lang='lat' dir='ltr'><strong>stionem</strong></span> <span class='ocrx_word' id='word_1_290' title='bbox 592 2592 732 2646; x_wconf 87' lang='lat' dir='ltr'><strong>hanc</strong></span> <span class='ocrx_word' id='word_1_291' title='bbox 757 2590 868 2660; x_wconf 89' lang='lat' dir='ltr'><strong>jam</strong></span> <span class='ocrx_word' id='word_1_292' title='bbox 896 2589 988 2643; x_wconf 89' lang='lat' dir='ltr'><strong>diu</strong></span> <span class='ocrx_word' id='word_1_293' title='bbox 1018 2597 1306 2644; x_wconf 80' lang='lat' dir='ltr'><strong>versarunt</strong></span> <span class='ocrx_word' id='word_1_294' title='bbox 1334 2604 1398 2642; x_wconf 87' lang='lat' dir='ltr'><strong>ac</strong></span> <span class='ocrx_word' id='word_1_295' title='bbox 1428 2587 1771 2644; x_wconf 85' lang='lat' dir='ltr'><strong>illustrarunt</strong></span> <span class='ocrx_word' id='word_1_296' title='bbox 1798 2587 1898 2640; x_wconf 84' lang='lat' dir='ltr'><strong>viri</strong></span> 
     </span>
    </p>
   </div>
   <div class='ocr_carea' id='block_1_42' title="bbox 319 2681 1896 2753">
    <p class='ocr_par' dir='ltr' id='par_1_42' title="bbox 319 2681 1896 2753">
     <span class='ocr_line' id='line_1_42' title="bbox 319 2681 1896 2753; baseline -0.004 -14"><span class='ocrx_word' id='word_1_297' title='bbox 319 2685 655 2748; x_wconf 90' lang='lat' dir='ltr'><strong>doctissimi,</strong></span> <span class='ocrx_word' id='word_1_298' title='bbox 685 2693 744 2738; x_wconf 91' lang='lat' dir='ltr'><strong>ut</strong></span> <span class='ocrx_word' id='word_1_299' title='bbox 773 2699 969 2738; x_wconf 89' lang='lat' dir='ltr'><strong>rursus</strong></span> <span class='ocrx_word' id='word_1_300' title='bbox 1002 2683 1247 2738; x_wconf 89' lang='lat' dir='ltr'><strong>eamdem</strong></span> <span class='ocrx_word' id='word_1_301' title='bbox 1288 2685 1492 2753; x_wconf 80' lang='lat' dir='ltr'><strong>agitare</strong></span> <span class='ocrx_word' id='word_1_302' title='bbox 1521 2681 1676 2746; x_wconf 78' lang='lat' dir='ltr'><strong>velle,</strong></span> <span class='ocrx_word' id='word_1_303' title='bbox 1705 2696 1896 2750; x_wconf 81' lang='lat' dir='ltr'><strong>super-</strong></span> 
     </span>
    </p>
   </div>
   <div class='ocr_carea' id='block_1_43' title="bbox 321 2775 810 2831">
    <p class='ocr_par' dir='ltr' id='par_1_43' title="bbox 321 2775 810 2831">
     <span class='ocr_line' id='line_1_43' title="bbox 321 2775 810 2831; baseline -0.004 -2"><span class='ocrx_word' id='word_1_304' title='bbox 321 2791 625 2831; x_wconf 79' lang='lat' dir='ltr'><strong>vacaneum</strong></span> <span class='ocrx_word' id='word_1_305' title='bbox 653 2775 810 2829; x_wconf 88' lang='lat' dir='ltr'><strong>foret.</strong></span> 
     </span>
    </p>
   </div>
   <div class='ocr_carea' id='block_1_44' title="bbox 400 2861 1898 2937">
    <p class='ocr_par' dir='ltr' id='par_1_44' title="bbox 400 2861 1898 2937">
     <span class='ocr_line' id='line_1_44' title="bbox 400 2861 1898 2937; baseline -0.003 -18"><span class='ocrx_word' id='word_1_306' title='bbox 400 2886 420 2918; x_wconf 73' lang='grc' dir='ltr'>ι</span> <span class='ocrx_word' id='word_1_307' title='bbox 443 2867 580 2920; x_wconf 91' lang='lat' dir='ltr'><strong>lllud</strong></span> <span class='ocrx_word' id='word_1_308' title='bbox 597 2865 738 2936; x_wconf 88' lang='lat' dir='ltr'><strong>quod</strong></span> <span class='ocrx_word' id='word_1_309' title='bbox 757 2865 824 2921; x_wconf 92' lang='lat' dir='ltr'><strong>ad</strong></span> <span class='ocrx_word' id='word_1_310' title='bbox 843 2881 927 2921; x_wconf 90' lang='lat' dir='ltr'><strong>me</strong></span> <span class='ocrx_word' id='word_1_311' title='bbox 942 2875 1170 2937; x_wconf 86' lang='lat' dir='ltr'><strong>spectat,</strong></span> <span class='ocrx_word' id='word_1_312' title='bbox 1189 2864 1408 2934; x_wconf 86' lang='lat' dir='ltr'><strong>arripio.</strong></span> <span class='ocrx_word' id='word_1_313' title='bbox 1429 2861 1746 2934; x_wconf 81' lang='lat' dir='ltr'><strong>Hippolytus</strong></span> <span class='ocrx_word' id='word_1_314' title='bbox 1761 2875 1898 2930; x_wconf 87' lang='lat' dir='ltr'><strong>quo-</strong></span> 
     </span>
    </p>
   </div>
   <div class='ocr_carea' id='block_1_45' title="bbox 320 2955 1896 3027">
    <p class='ocr_par' dir='ltr' id='par_1_45' title="bbox 320 2955 1896 3027">
     <span class='ocr_line' id='line_1_45' title="bbox 320 2955 1896 3027; baseline -0.004 -16"><span class='ocrx_word' id='word_1_315' title='bbox 320 2974 430 3027; x_wconf 92' lang='lat' dir='ltr'><strong>que</strong></span> <span class='ocrx_word' id='word_1_316' title='bbox 459 2956 784 3012; x_wconf 88' lang='lat' dir='ltr'><strong>Portuensis</strong></span> <span class='ocrx_word' id='word_1_317' title='bbox 811 2958 1122 3027; x_wconf 88' lang='lat' dir='ltr'><strong>episcopus,</strong></span> <span class='ocrx_word' id='word_1_318' title='bbox 1151 2957 1266 3011; x_wconf 91' lang='lat' dir='ltr'><strong>Caii</strong></span> <span class='ocrx_word' id='word_1_319' title='bbox 1300 2972 1465 3026; x_wconf 89' lang='lat' dir='ltr'><strong>supra</strong></span> <span class='ocrx_word' id='word_1_320' title='bbox 1484 2955 1685 3009; x_wconf 88' lang='lat' dir='ltr'><strong>laudati</strong></span> <span class='ocrx_word' id='word_1_321' title='bbox 1713 2968 1896 3022; x_wconf 68' lang='lat' dir='ltr'><strong>aequa-</strong></span> 
     </span>
    </p>
   </div>
   <div class='ocr_carea' id='block_1_46' title="bbox 327 3043 1895 3116">
    <p class='ocr_par' dir='ltr' id='par_1_46' title="bbox 327 3043 1895 3116">
     <span class='ocr_line' id='line_1_46' title="bbox 327 3043 1895 3116; baseline -0.003 -17"><span class='ocrx_word' id='word_1_322' title='bbox 327 3048 410 3112; x_wconf 86' lang='lat' dir='ltr'><strong>lis,</strong></span> <span class='ocrx_word' id='word_1_323' title='bbox 446 3047 644 3102; x_wconf 90' lang='lat' dir='ltr'><strong>Pbotio</strong></span> <span class='ocrx_word' id='word_1_324' title='bbox 671 3056 811 3102; x_wconf 84' lang='lat' dir='ltr'><strong>teste</strong></span> <span class='ocrx_word' id='word_1_325' title='bbox 835 3048 904 3110; x_wconf 83' lang='lat'><strong>’°,</strong></span> <span class='ocrx_word' id='word_1_326' title='bbox 930 3046 1405 3116; x_wconf 85' lang='lat' dir='ltr'><strong>scnsitEpistolam</strong></span> <span class='ocrx_word' id='word_1_327' title='bbox 1427 3047 1495 3099; x_wconf 87' lang='lat' dir='ltr'><strong>ad</strong></span> <span class='ocrx_word' id='word_1_328' title='bbox 1520 3043 1767 3099; x_wconf 76' lang='lat' dir='ltr'><strong>Ilebrwos</strong></span> <span class='ocrx_word' id='word_1_329' title='bbox 1794 3058 1895 3096; x_wconf 90' lang='lat' dir='ltr'><strong>non</strong></span> 
     </span>
    </p>
   </div>
   <div class='ocr_carea' id='block_1_47' title="bbox 323 3136 1891 3208">
    <p class='ocr_par' dir='ltr' id='par_1_47' title="bbox 323 3136 1891 3208">
     <span class='ocr_line' id='line_1_47' title="bbox 323 3136 1891 3208; baseline -0.003 -16"><span class='ocrx_word' id='word_1_330' title='bbox 323 3156 429 3192; x_wconf 82' lang='lat' dir='ltr'><strong>esse</strong></span> <span class='ocrx_word' id='word_1_331' title='bbox 491 3138 654 3192; x_wconf 84' lang='lat' dir='ltr'><strong>Pauli</strong></span> <span class='ocrx_word' id='word_1_332' title='bbox 706 3138 952 3208; x_wconf 66' lang='lat' dir='ltr'><strong>apostoli.</strong></span> <span class='ocrx_word' id='word_1_333' title='bbox 1009 3136 1124 3193; x_wconf 87' lang='lat' dir='ltr'><strong>lmo</strong></span> <span class='ocrx_word' id='word_1_334' title='bbox 1166 3153 1235 3192; x_wconf 89' lang='lat' dir='ltr'><strong>ne</strong></span> <span class='ocrx_word' id='word_1_335' title='bbox 1293 3137 1629 3207; x_wconf 84' lang='lat' dir='ltr'><strong>temporibus</strong></span> <span class='ocrx_word' id='word_1_336' title='bbox 1674 3136 1891 3206; x_wconf 88' lang='lat' dir='ltr'><strong>quidem</strong></span> 
     </span>
    </p>
   </div>
   <div class='ocr_carea' id='block_1_48' title="bbox 2001 1931 3584 2004">
    <p class='ocr_par' dir='ltr' id='par_1_48' title="bbox 2001 1931 3584 2004">
     <span class='ocr_line' id='line_1_48' title="bbox 2001 1931 3584 2004; baseline -0.002 -16"><span class='ocrx_word' id='word_1_337' title='bbox 2001 1935 2255 2004; x_wconf 81' lang='lat' dir='ltr'><strong>calypsim</strong></span> <span class='ocrx_word' id='word_1_338' title='bbox 2280 1931 2458 1996; x_wconf 86' lang='lat' dir='ltr'><strong>Pauli,</strong></span> <span class='ocrx_word' id='word_1_339' title='bbox 2492 1932 2870 2002; x_wconf 82' lang='lat' dir='ltr'><strong>abAugustino</strong></span> <span class='ocrx_word' id='word_1_340' title='bbox 2897 1941 2950 1986; x_wconf 90' lang='lat' dir='ltr'><strong>et</strong></span> <span class='ocrx_word' id='word_1_341' title='bbox 2985 1931 3288 1987; x_wconf 78' lang='lat' dir='ltr'><strong>Sozomeno</strong></span> <span class='ocrx_word' id='word_1_342' title='bbox 3315 1947 3584 1986; x_wconf 78' lang='lat' dir='ltr'><strong>memora-</strong></span> 
     </span>
    </p>
   </div>
   <div class='ocr_carea' id='block_1_49' title="bbox 2002 2023 3580 2092">
    <p class='ocr_par' dir='ltr' id='par_1_49' title="bbox 2002 2023 3580 2092">
     <span class='ocr_line' id='line_1_49' title="bbox 2002 2023 3580 2092; baseline -0.003 -13"><span class='ocrx_word' id='word_1_343' title='bbox 2002 2034 2138 2092; x_wconf 89' lang='lat' dir='ltr'><strong>tam,</strong></span> <span class='ocrx_word' id='word_1_344' title='bbox 2175 2024 2409 2092; x_wconf 85' lang='lat' dir='ltr'><strong>scriptor</strong></span> <span class='ocrx_word' id='word_1_345' title='bbox 2439 2024 2527 2078; x_wconf 88' lang='lat' dir='ltr'><strong>hic</strong></span> <span class='ocrx_word' id='word_1_346' title='bbox 2559 2037 2902 2091; x_wconf 89' lang='lat' dir='ltr'><strong>nequaquam</strong></span> <span class='ocrx_word' id='word_1_347' title='bbox 2939 2031 3254 2088; x_wconf 85' lang='lat' dir='ltr'><strong>recenseat;</strong></span> <span class='ocrx_word' id='word_1_348' title='bbox 3287 2023 3580 2076; x_wconf 80' lang='lat' dir='ltr'><strong>conﬁrma-</strong></span> 
     </span>
    </p>
   </div>
   <div class='ocr_carea' id='block_1_50' title="bbox 2005 2113 3577 2183">
    <p class='ocr_par' dir='ltr' id='par_1_50' title="bbox 2005 2113 3577 2183">
     <span class='ocr_line' id='line_1_50' title="bbox 2005 2113 3577 2183; baseline -0.002 -12"><span class='ocrx_word' id='word_1_349' title='bbox 2005 2127 2092 2172; x_wconf 89' lang='lat' dir='ltr'><strong>tur</strong></span> <span class='ocrx_word' id='word_1_350' title='bbox 2129 2116 2396 2170; x_wconf 87' lang='lat' dir='ltr'><strong>sententia</strong></span> <span class='ocrx_word' id='word_1_351' title='bbox 2419 2113 2647 2168; x_wconf 83' lang='lat' dir='ltr'><strong>Joannis</strong></span> <span class='ocrx_word' id='word_1_352' title='bbox 2669 2115 2877 2168; x_wconf 84' lang='lat' dir='ltr'><strong>Ernesti</strong></span> <span class='ocrx_word' id='word_1_353' title='bbox 2911 2113 3118 2176; x_wconf 88' lang='lat' dir='ltr'><strong>Grabii,</strong></span> <span class='ocrx_word' id='word_1_354' title='bbox 3148 2115 3240 2183; x_wconf 92' lang='lat' dir='ltr'><strong>qui</strong></span> <span class='ocrx_word' id='word_1_355' title='bbox 3291 2113 3505 2168; x_wconf 87' lang='lat' dir='ltr'><strong>censuit</strong></span> <span class='ocrx_word' id='word_1_356' title='bbox 3531 2114 3577 2146; x_wconf 71' lang='grc' dir='ltr'><strong>θ’</strong></span> 
     </span>
    </p>
   </div>
   <div class='ocr_carea' id='block_1_51' title="bbox 2001 2205 3582 2277">
    <p class='ocr_par' dir='ltr' id='par_1_51' title="bbox 2001 2205 3582 2277">
     <span class='ocr_line' id='line_1_51' title="bbox 2001 2205 3582 2277; baseline -0.003 -13"><span class='ocrx_word' id='word_1_357' title='bbox 2001 2209 2246 2277; x_wconf 87' lang='lat' dir='ltr'><strong>erupisse</strong></span> <span class='ocrx_word' id='word_1_358' title='bbox 2279 2208 2422 2262; x_wconf 90' lang='lat' dir='ltr'><strong>hanc</strong></span> <span class='ocrx_word' id='word_1_359' title='bbox 2458 2207 2817 2276; x_wconf 87' lang='lat' dir='ltr'><strong>imposturam</strong></span> <span class='ocrx_word' id='word_1_360' title='bbox 2852 2206 3059 2260; x_wconf 77' lang='lat' dir='ltr'><strong>saeculo</strong></span> <span class='ocrx_word' id='word_1_361' title='bbox 3091 2206 3358 2260; x_wconf 76' lang='lat' dir='ltr'><strong>duntaxat</strong></span> <span class='ocrx_word' id='word_1_362' title='bbox 3393 2205 3582 2260; x_wconf 88' lang='lat' dir='ltr'><strong>Eccle-</strong></span> 
     </span>
    </p>
   </div>
   <div class='ocr_carea' id='block_1_52' title="bbox 2002 2295 3581 2366">
    <p class='ocr_par' dir='ltr' id='par_1_52' title="bbox 2002 2295 3581 2366">
     <span class='ocr_line' id='line_1_52' title="bbox 2002 2295 3581 2366; baseline -0.002 -13"><span class='ocrx_word' id='word_1_363' title='bbox 2002 2300 2096 2354; x_wconf 60' lang='lat' dir='ltr'><strong>siae</strong></span> <span class='ocrx_word' id='word_1_364' title='bbox 2118 2299 2444 2353; x_wconf 75' lang='lat' dir='ltr'><strong>Christiana:</strong></span> <span class='ocrx_word' id='word_1_365' title='bbox 2467 2314 2540 2353; x_wconf 79' lang='lat' dir='ltr'><strong>tv.</strong></span> <span class='ocrx_word' id='word_1_366' title='bbox 2577 2295 2675 2350; x_wconf 86' lang='lat' dir='ltr'><strong>llic</strong></span> <span class='ocrx_word' id='word_1_367' title='bbox 2703 2312 2919 2366; x_wconf 92' lang='lat' dir='ltr'><strong>quoque</strong></span> <span class='ocrx_word' id='word_1_368' title='bbox 2954 2297 3139 2350; x_wconf 85' lang='lat' dir='ltr'><strong>videas</strong></span> <span class='ocrx_word' id='word_1_369' title='bbox 3174 2297 3466 2351; x_wconf 88' lang='lat' dir='ltr'><strong>memorari</strong></span> <span class='ocrx_word' id='word_1_370' title='bbox 3513 2295 3581 2350; x_wconf 86' lang='lat' dir='ltr'><strong>li-</strong></span> 
     </span>
    </p>
   </div>
   <div class='ocr_carea' id='block_1_53' title="bbox 2003 2387 3582 2444">
    <p class='ocr_par' dir='ltr' id='par_1_53' title="bbox 2003 2387 3582 2444">
     <span class='ocr_line' id='line_1_53' title="bbox 2003 2387 3582 2444; baseline 0.001 -2"><span class='ocrx_word' id='word_1_371' title='bbox 2003 2389 2152 2442; x_wconf 89' lang='lat' dir='ltr'><strong>brum</strong></span> <span class='ocrx_word' id='word_1_372' title='bbox 2189 2389 2526 2443; x_wconf 84' lang='lat' dir='ltr'><strong>Psalmorum</strong></span> <span class='ocrx_word' id='word_1_373' title='bbox 2558 2404 2589 2442; x_wconf 94' lang='lat' dir='ltr'><strong>a</strong></span> <span class='ocrx_word' id='word_1_374' title='bbox 2626 2387 2916 2443; x_wconf 82' lang='lat' dir='ltr'><strong>Valentino</strong></span> <span class='ocrx_word' id='word_1_375' title='bbox 2941 2389 3305 2443; x_wconf 69' lang='lat' dir='ltr'><strong>haeresiarcba</strong></span> <span class='ocrx_word' id='word_1_376' title='bbox 3336 2389 3582 2444; x_wconf 80' lang='lat' dir='ltr'><strong>elabora-</strong></span> 
     </span>
    </p>
   </div>
   <div class='ocr_carea' id='block_1_54' title="bbox 2002 2480 3582 2550">
    <p class='ocr_par' dir='ltr' id='par_1_54' title="bbox 2002 2480 3582 2550">
     <span class='ocr_line' id='line_1_54' title="bbox 2002 2480 3582 2550; baseline -0.001 -13"><span class='ocrx_word' id='word_1_377' title='bbox 2002 2492 2137 2537; x_wconf 89' lang='lat' dir='ltr'><strong>tum.</strong></span> <span class='ocrx_word' id='word_1_378' title='bbox 2164 2481 2318 2536; x_wconf 91' lang='lat' dir='ltr'><strong>Unus</strong></span> <span class='ocrx_word' id='word_1_379' title='bbox 2351 2480 2738 2545; x_wconf 88' lang='lat' dir='ltr'><strong>Tertullianus,</strong></span> <span class='ocrx_word' id='word_1_380' title='bbox 2773 2481 2919 2550; x_wconf 89' lang='lat' dir='ltr'><strong>quod</strong></span> <span class='ocrx_word' id='word_1_381' title='bbox 2950 2482 3144 2544; x_wconf 90' lang='lat' dir='ltr'><strong>sciam,</strong></span> <span class='ocrx_word' id='word_1_382' title='bbox 3215 2481 3350 2536; x_wconf 92' lang='lat' dir='ltr'><strong>istos</strong></span> <span class='ocrx_word' id='word_1_383' title='bbox 3373 2481 3582 2536; x_wconf 82' lang='lat' dir='ltr'><strong>indica-</strong></span> 
     </span>
    </p>
   </div>
   <div class='ocr_carea' id='block_1_55' title="bbox 1999 2571 3580 2643">
    <p class='ocr_par' dir='ltr' id='par_1_55' title="bbox 1999 2571 3580 2643">
     <span class='ocr_line' id='line_1_55' title="bbox 1999 2571 3580 2643; baseline -0.003 -14"><span class='ocrx_word' id='word_1_384' title='bbox 1999 2575 2098 2641; x_wconf 80' lang='lat' dir='ltr'><strong>vit,</strong></span> <span class='ocrx_word' id='word_1_385' title='bbox 2128 2575 2374 2629; x_wconf 88' lang='lat' dir='ltr'><strong>scribens</strong></span> <span class='ocrx_word' id='word_1_386' title='bbox 2392 2574 2457 2626; x_wconf 82' lang='grc'><strong>⁹⁸;</strong></span> <span class='ocrx_word' id='word_1_387' title='bbox 2483 2572 2650 2626; x_wconf 88' lang='lat' dir='ltr'><strong>Nobis</strong></span> <span class='ocrx_word' id='word_1_388' title='bbox 2666 2589 2867 2643; x_wconf 86' lang='lat' dir='ltr'><strong>quoque</strong></span> <span class='ocrx_word' id='word_1_389' title='bbox 2887 2577 2954 2625; x_wconf 86' lang='lat' dir='ltr'><strong>ad</strong></span> <span class='ocrx_word' id='word_1_390' title='bbox 2971 2573 3105 2626; x_wconf 86' lang='lat' dir='ltr'><strong>hanc</strong></span> <span class='ocrx_word' id='word_1_391' title='bbox 3130 2573 3348 2642; x_wconf 86' lang='lat' dir='ltr'><strong>speciem</strong></span> <span class='ocrx_word' id='word_1_392' title='bbox 3377 2571 3580 2627; x_wconf 85' lang='lat' dir='ltr'><strong>Psalmi</strong></span> 
     </span>
    </p>
   </div>
   <div class='ocr_carea' id='block_1_56' title="bbox 2001 2667 3578 2738">
    <p class='ocr_par' dir='ltr' id='par_1_56' title="bbox 2001 2667 3578 2738">
     <span class='ocr_line' id='line_1_56' title="bbox 2001 2667 3578 2738; baseline 0 -18"><span class='ocrx_word' id='word_1_393' title='bbox 2001 2667 2500 2738; x_wconf 76' lang='lat' dir='ltr'><strong>patrocinabantur,</strong></span> <span class='ocrx_word' id='word_1_394' title='bbox 2529 2683 2635 2719; x_wconf 87' lang='lat' dir='ltr'><strong>non</strong></span> <span class='ocrx_word' id='word_1_395' title='bbox 2665 2667 2875 2734; x_wconf 85' lang='lat' dir='ltr'><strong>quidem</strong></span> <span class='ocrx_word' id='word_1_396' title='bbox 2909 2675 3167 2734; x_wconf 80' lang='lat' dir='ltr'><strong>apostatte</strong></span> <span class='ocrx_word' id='word_1_397' title='bbox 3189 2675 3238 2720; x_wconf 87' lang='lat' dir='ltr'><strong>et</strong></span> <span class='ocrx_word' id='word_1_398' title='bbox 3266 2667 3499 2720; x_wconf 77' lang='lat' dir='ltr'><strong>hwretici</strong></span> <span class='ocrx_word' id='word_1_399' title='bbox 3529 2679 3578 2720; x_wconf 87' lang='lat' dir='ltr'><strong>et</strong></span> 
     </span>
    </p>
   </div>
   <div class='ocr_carea' id='block_1_57' title="bbox 2003 2757 3580 2828">
    <p class='ocr_par' dir='ltr' id='par_1_57' title="bbox 2003 2757 3580 2828">
     <span class='ocr_line' id='line_1_57' title="bbox 2003 2757 3580 2828; baseline -0.001 -17"><span class='ocrx_word' id='word_1_400' title='bbox 2003 2757 2272 2811; x_wconf 88' lang='lat' dir='ltr'><strong>Platonici</strong></span> <span class='ocrx_word' id='word_1_401' title='bbox 2305 2757 2593 2822; x_wconf 84' lang='lat' dir='ltr'><strong>Valentini,</strong></span> <span class='ocrx_word' id='word_1_402' title='bbox 2645 2758 2735 2812; x_wconf 87' lang='lat' dir='ltr'><strong>sed</strong></span> <span class='ocrx_word' id='word_1_403' title='bbox 2785 2759 3110 2813; x_wconf 89' lang='lat' dir='ltr'><strong>sanctissimi</strong></span> <span class='ocrx_word' id='word_1_404' title='bbox 3152 2767 3203 2813; x_wconf 89' lang='lat' dir='ltr'><strong>et</strong></span> <span class='ocrx_word' id='word_1_405' title='bbox 3236 2761 3580 2828; x_wconf 85' lang='lat' dir='ltr'><strong>receptissimi</strong></span> 
     </span>
    </p>
   </div>
   <div class='ocr_carea' id='block_1_58' title="bbox 1999 2847 3577 2919">
    <p class='ocr_par' dir='ltr' id='par_1_58' title="bbox 1999 2847 3577 2919">
     <span class='ocr_line' id='line_1_58' title="bbox 1999 2847 3577 2919; baseline 0.003 -17"><span class='ocrx_word' id='word_1_406' title='bbox 1999 2849 2264 2919; x_wconf 71' lang='lat' dir='ltr'><strong>propheta:</strong></span> <span class='ocrx_word' id='word_1_407' title='bbox 2289 2847 2476 2903; x_wconf 84' lang='lat' dir='ltr'><strong>David.</strong></span> <span class='ocrx_word' id='word_1_408' title='bbox 2512 2849 2646 2915; x_wconf 84' lang='lat' dir='ltr'><strong>Quis</strong></span> <span class='ocrx_word' id='word_1_409' title='bbox 2674 2865 2801 2904; x_wconf 86' lang='lat' dir='ltr'><strong>vero</strong></span> <span class='ocrx_word' id='word_1_410' title='bbox 2835 2848 3000 2904; x_wconf 90' lang='lat' dir='ltr'><strong>fuerit</strong></span> <span class='ocrx_word' id='word_1_411' title='bbox 3025 2849 3294 2904; x_wconf 81' lang='lat' dir='ltr'><strong>Miltiades</strong></span> <span class='ocrx_word' id='word_1_412' title='bbox 3321 2850 3412 2906; x_wconf 74' lang='lat' dir='ltr'><strong>ille</strong></span> <span class='ocrx_word' id='word_1_413' title='bbox 3464 2851 3577 2906; x_wconf 77' lang='lat' dir='ltr'><strong>ba:-</strong></span> 
     </span>
    </p>
   </div>
   <div class='ocr_carea' id='block_1_59' title="bbox 2000 2940 3579 3012">
    <p class='ocr_par' dir='ltr' id='par_1_59' title="bbox 2000 2940 3579 3012">
     <span class='ocr_line' id='line_1_59' title="bbox 2000 2940 3579 3012; baseline 0.001 -18"><span class='ocrx_word' id='word_1_414' title='bbox 2000 2941 2223 3006; x_wconf 89' lang='lat' dir='ltr'><strong>reticus,</strong></span> <span class='ocrx_word' id='word_1_415' title='bbox 2256 2941 2370 2996; x_wconf 88' lang='lat' dir='ltr'><strong>sive</strong></span> <span class='ocrx_word' id='word_1_416' title='bbox 2404 2940 2674 2995; x_wconf 82' lang='lat' dir='ltr'><strong>Miltiades</strong></span> <span class='ocrx_word' id='word_1_417' title='bbox 2700 2941 2859 3010; x_wconf 84' lang='lat' dir='ltr'><strong>cujus</strong></span> <span class='ocrx_word' id='word_1_418' title='bbox 2886 2953 2968 2996; x_wconf 89' lang='lat' dir='ltr'><strong>est</strong></span> <span class='ocrx_word' id='word_1_419' title='bbox 2992 2942 3199 2996; x_wconf 88' lang='lat' dir='ltr'><strong>mentio</strong></span> <span class='ocrx_word' id='word_1_420' title='bbox 3224 2942 3277 2994; x_wconf 91' lang='lat' dir='ltr'><strong>in</strong></span> <span class='ocrx_word' id='word_1_421' title='bbox 3307 2942 3409 2996; x_wconf 90' lang='lat' dir='ltr'><strong>hoc</strong></span> <span class='ocrx_word' id='word_1_422' title='bbox 3434 2941 3579 3012; x_wconf 85' lang='lat' dir='ltr'><strong>frag-</strong></span> 
     </span>
    </p>
   </div>
   <div class='ocr_carea' id='block_1_60' title="bbox 2001 3032 3576 3096">
    <p class='ocr_par' dir='ltr' id='par_1_60' title="bbox 2001 3032 3576 3096">
     <span class='ocr_line' id='line_1_60' title="bbox 2001 3032 3576 3096; baseline 0 -10"><span class='ocrx_word' id='word_1_423' title='bbox 2001 3043 2204 3096; x_wconf 87' lang='lat' dir='ltr'><strong>mento,</strong></span> <span class='ocrx_word' id='word_1_424' title='bbox 2242 3033 2487 3088; x_wconf 87' lang='lat' dir='ltr'><strong>divinent</strong></span> <span class='ocrx_word' id='word_1_425' title='bbox 2520 3033 2632 3088; x_wconf 82' lang='lat' dir='ltr'><strong>alii.</strong></span> <span class='ocrx_word' id='word_1_426' title='bbox 2667 3032 2918 3087; x_wconf 86' lang='lat' dir='ltr'><strong>Profecto</strong></span> <span class='ocrx_word' id='word_1_427' title='bbox 2946 3048 3054 3086; x_wconf 90' lang='lat' dir='ltr'><strong>non</strong></span> <span class='ocrx_word' id='word_1_428' title='bbox 3111 3032 3276 3087; x_wconf 90' lang='lat' dir='ltr'><strong>fuerit</strong></span> <span class='ocrx_word' id='word_1_429' title='bbox 3305 3033 3576 3087; x_wconf 76' lang='lat' dir='ltr'><strong>Miltiades</strong></span> 
     </span>
    </p>
   </div>
   <div class='ocr_carea' id='block_1_61' title="bbox 2001 3124 3577 3198">
    <p class='ocr_par' dir='ltr' id='par_1_61' title="bbox 2001 3124 3577 3198">
     <span class='ocr_line' id='line_1_61' title="bbox 2001 3124 3577 3198; baseline 0.002 -18"><span class='ocrx_word' id='word_1_430' title='bbox 2001 3127 2211 3194; x_wconf 90' lang='lat' dir='ltr'><strong>rhetor,</strong></span> <span class='ocrx_word' id='word_1_431' title='bbox 2237 3127 2305 3182; x_wconf 94' lang='lat' dir='ltr'><strong>ab</strong></span> <span class='ocrx_word' id='word_1_432' title='bbox 2332 3125 2571 3182; x_wconf 88' lang='lat' dir='ltr'><strong>Eusebio</strong></span> <span class='ocrx_word' id='word_1_433' title='bbox 2600 3141 2664 3182; x_wconf 90' lang='lat' dir='ltr'><strong>ac</strong></span> <span class='ocrx_word' id='word_1_434' title='bbox 2690 3124 3018 3198; x_wconf 86' lang='lat' dir='ltr'><strong>Hieronymo</strong></span> <span class='ocrx_word' id='word_1_435' title='bbox 3045 3126 3323 3195; x_wconf 90' lang='lat' dir='ltr'><strong>laudatus,</strong></span> <span class='ocrx_word' id='word_1_436' title='bbox 3352 3129 3445 3198; x_wconf 89' lang='lat' dir='ltr'><strong>qui</strong></span> <span class='ocrx_word' id='word_1_437' title='bbox 3475 3129 3577 3184; x_wconf 92' lang='lat' dir='ltr'><strong>sub</strong></span> 
     </span>
    </p>
   </div>
   <div class='ocr_carea' id='block_1_62' title="bbox 319 3201 3580 3299">
    <p class='ocr_par' dir='ltr' id='par_1_62' title="bbox 319 3201 3580 3299">
     <span class='ocr_line' id='line_1_62' title="bbox 319 3201 3580 3299; baseline -0.002 -15"><span class='ocrx_word' id='word_1_438' title='bbox 319 3230 497 3284; x_wconf 77' lang='lat' dir='ltr'><strong>sancti</strong></span> <span class='ocrx_word' id='word_1_439' title='bbox 521 3201 838 3299; x_wconf 78' lang='lat' dir='ltr'><strong>Hieronymi</strong></span> <span class='ocrx_word' id='word_1_440' title='bbox 861 3227 1108 3282; x_wconf 82' lang='lat' dir='ltr'><strong>Romana</strong></span> <span class='ocrx_word' id='word_1_441' title='bbox 1130 3226 1373 3284; x_wconf 87' lang='lat' dir='ltr'><strong>Ecclesia</strong></span> <span class='ocrx_word' id='word_1_442' title='bbox 1398 3201 1542 3282; x_wconf 77' lang='lat' dir='ltr'><strong>illam</strong></span> <span class='ocrx_word' id='word_1_443' title='bbox 1574 3201 1715 3281; x_wconf 79' lang='lat' dir='ltr'><strong>inter</strong></span> <span class='ocrx_word' id='word_1_444' title='bbox 1735 3241 1890 3281; x_wconf 51' lang='lat' dir='ltr'><strong>cano.</strong></span> <span class='ocrx_word' id='word_1_445' title='bbox 1917 3201 1963 3260; x_wconf 61' lang='grc' dir='ltr'><strong>θ</strong></span> <span class='ocrx_word' id='word_1_446' title='bbox 1994 3219 2270 3274; x_wconf 71' lang='lat' dir='ltr'><strong>Antonino</strong></span> <span class='ocrx_word' id='word_1_447' title='bbox 2303 3218 2603 3274; x_wconf 76' lang='lat' dir='ltr'><strong>CommOdO</strong></span> <span class='ocrx_word' id='word_1_448' title='bbox 2622 3218 2789 3272; x_wconf 66' lang='grc' dir='ltr'><strong>ῐηυὶιε</strong></span> <span class='ocrx_word' id='word_1_449' title='bbox 2821 3219 3038 3288; x_wconf 65' lang='lat' dir='ltr'><strong>scripsit</strong></span> <span class='ocrx_word' id='word_1_450' title='bbox 3075 3235 3174 3288; x_wconf 90' lang='lat' dir='ltr'><strong>pro</strong></span> <span class='ocrx_word' id='word_1_451' title='bbox 3199 3220 3460 3276; x_wconf 85' lang='lat' dir='ltr'><strong>catholica</strong></span> <span class='ocrx_word' id='word_1_452' title='bbox 3485 3218 3580 3277; x_wconf 87' lang='lat' dir='ltr'><strong>Ec-</strong></span> 
     </span>
    </p>
   </div>
   <div class='ocr_carea' id='block_1_63' title="bbox 317 3318 1895 3392">
    <p class='ocr_par' dir='ltr' id='par_1_63' title="bbox 317 3318 1895 3392">
     <span class='ocr_line' id='line_1_63' title="bbox 317 3318 1895 3392; baseline -0.002 -16"><span class='ocrx_word' id='word_1_453' title='bbox 317 3323 475 3377; x_wconf 87' lang='lat' dir='ltr'><strong>nicas</strong></span> <span class='ocrx_word' id='word_1_454' title='bbox 505 3323 756 3392; x_wconf 85' lang='lat' dir='ltr'><strong>Apostoli</strong></span> <span class='ocrx_word' id='word_1_455' title='bbox 789 3321 940 3375; x_wconf 86' lang='lat' dir='ltr'><strong>Pauli</strong></span> <span class='ocrx_word' id='word_1_456' title='bbox 970 3321 1242 3391; x_wconf 80' lang='lat' dir='ltr'><strong>Epistolas</strong></span> <span class='ocrx_word' id='word_1_457' title='bbox 1263 3328 1556 3390; x_wconf 87' lang='lat' dir='ltr'><strong>receperat.</strong></span> <span class='ocrx_word' id='word_1_458' title='bbox 1598 3318 1734 3373; x_wconf 90' lang='lat' dir='ltr'><strong>Cum</strong></span> <span class='ocrx_word' id='word_1_459' title='bbox 1765 3333 1895 3389; x_wconf 82' lang='lat' dir='ltr'><strong>ergo</strong></span> 
     </span>
    </p>
   </div>
   <div class='ocr_carea' id='block_1_64' title="bbox 317 3410 1895 3484">
    <p class='ocr_par' dir='ltr' id='par_1_64' title="bbox 317 3410 1895 3484">
     <span class='ocr_line' id='line_1_64' title="bbox 317 3410 1895 3484; baseline -0.005 -14"><span class='ocrx_word' id='word_1_460' title='bbox 317 3432 436 3470; x_wconf 87' lang='lat' dir='ltr'><strong>eam</strong></span> <span class='ocrx_word' id='word_1_461' title='bbox 471 3415 725 3469; x_wconf 88' lang='lat' dir='ltr'><strong>omiserit</strong></span> <span class='ocrx_word' id='word_1_462' title='bbox 774 3414 942 3469; x_wconf 86' lang='lat' dir='ltr'><strong>Caius</strong></span> <span class='ocrx_word' id='word_1_463' title='bbox 1001 3414 1280 3484; x_wconf 84' lang='lat' dir='ltr'><strong>presbyter</strong></span> <span class='ocrx_word' id='word_1_464' title='bbox 1330 3412 1627 3475; x_wconf 79' lang='lat' dir='ltr'><strong>Romanus,</strong></span> <span class='ocrx_word' id='word_1_465' title='bbox 1663 3410 1895 3480; x_wconf 89' lang='lat' dir='ltr'><strong>scriptor</strong></span> 
     </span>
    </p>
   </div>
   <div class='ocr_carea' id='block_1_65' title="bbox 320 3503 1892 3576">
    <p class='ocr_par' dir='ltr' id='par_1_65' title="bbox 320 3503 1892 3576">
     <span class='ocr_line' id='line_1_65' title="bbox 320 3503 1892 3576; baseline -0.003 -16"><span class='ocrx_word' id='word_1_466' title='bbox 320 3507 762 3576; x_wconf 80' lang='lat' dir='ltr'><strong>antiquissimus,</strong></span> <span class='ocrx_word' id='word_1_467' title='bbox 794 3514 1019 3561; x_wconf 65' lang='lat' dir='ltr'><strong>caeteras</strong></span> <span class='ocrx_word' id='word_1_468' title='bbox 1064 3520 1384 3569; x_wconf 85' lang='lat' dir='ltr'><strong>recensens;</strong></span> <span class='ocrx_word' id='word_1_469' title='bbox 1423 3503 1537 3558; x_wconf 88' lang='lat' dir='ltr'><strong>veri</strong></span> <span class='ocrx_word' id='word_1_470' title='bbox 1580 3503 1792 3557; x_wconf 79' lang='lat' dir='ltr'><strong>videtur</strong></span> <span class='ocrx_word' id='word_1_471' title='bbox 1815 3503 1892 3556; x_wconf 90' lang='lat' dir='ltr'><strong>si-</strong></span> 
     </span>
    </p>
   </div>
   <div class='ocr_carea' id='block_1_66' title="bbox 314 3593 1894 3666">
    <p class='ocr_par' dir='ltr' id='par_1_66' title="bbox 314 3593 1894 3666">
     <span class='ocr_line' id='line_1_66' title="bbox 314 3593 1894 3666; baseline -0.001 -16"><span class='ocrx_word' id='word_1_472' title='bbox 314 3599 442 3652; x_wconf 91' lang='lat' dir='ltr'><strong>mile</strong></span> <span class='ocrx_word' id='word_1_473' title='bbox 480 3599 659 3653; x_wconf 87' lang='lat' dir='ltr'><strong>eidem</strong></span> <span class='ocrx_word' id='word_1_474' title='bbox 687 3598 817 3652; x_wconf 86' lang='lat' dir='ltr'><strong>Caio</strong></span> <span class='ocrx_word' id='word_1_475' title='bbox 839 3598 1184 3651; x_wconf 79' lang='lat' dir='ltr'><strong>tribuendum</strong></span> <span class='ocrx_word' id='word_1_476' title='bbox 1219 3610 1339 3650; x_wconf 90' lang='lat' dir='ltr'><strong>esse</strong></span> <span class='ocrx_word' id='word_1_477' title='bbox 1367 3593 1728 3666; x_wconf 80' lang='lat' dir='ltr'><strong>fragmentum</strong></span> <span class='ocrx_word' id='word_1_478' title='bbox 1754 3594 1894 3648; x_wconf 88' lang='lat' dir='ltr'><strong>infra</strong></span> 
     </span>
    </p>
   </div>
   <div class='ocr_carea' id='block_1_67' title="bbox 313 3687 1895 3762">
    <p class='ocr_par' dir='ltr' id='par_1_67' title="bbox 313 3687 1895 3762">
     <span class='ocr_line' id='line_1_67' title="bbox 313 3687 1895 3762; baseline -0.003 -16"><span class='ocrx_word' id='word_1_479' title='bbox 313 3692 706 3762; x_wconf 74' lang='lat' dir='ltr'><strong>evulgandum,</strong></span> <span class='ocrx_word' id='word_1_480' title='bbox 732 3691 787 3745; x_wconf 91' lang='lat' dir='ltr'><strong>in</strong></span> <span class='ocrx_word' id='word_1_481' title='bbox 816 3708 927 3762; x_wconf 85' lang='lat' dir='ltr'><strong>quo</strong></span> <span class='ocrx_word' id='word_1_482' title='bbox 948 3691 1367 3762; x_wconf 66' lang='lat' dir='ltr'><strong>praetermissam</strong></span> <span class='ocrx_word' id='word_1_483' title='bbox 1396 3689 1552 3758; x_wconf 90' lang='lat' dir='ltr'><strong>plane</strong></span> <span class='ocrx_word' id='word_1_484' title='bbox 1569 3688 1752 3742; x_wconf 86' lang='lat' dir='ltr'><strong>videas</strong></span> <span class='ocrx_word' id='word_1_485' title='bbox 1768 3687 1895 3756; x_wconf 73' lang='lat' dir='ltr'><strong>Epi~</strong></span> 
     </span>
    </p>
   </div>
   <div class='ocr_carea' id='block_1_68' title="bbox 318 3779 1894 3838">
    <p class='ocr_par' dir='ltr' id='par_1_68' title="bbox 318 3779 1894 3838">
     <span class='ocr_line' id='line_1_68' title="bbox 318 3779 1894 3838; baseline -0.001 -2"><span class='ocrx_word' id='word_1_486' title='bbox 318 3784 508 3837; x_wconf 69' lang='lat' dir='ltr'><strong>stolam</strong></span> <span class='ocrx_word' id='word_1_487' title='bbox 532 3783 602 3838; x_wconf 89' lang='lat' dir='ltr'><strong>ad</strong></span> <span class='ocrx_word' id='word_1_488' title='bbox 635 3783 974 3837; x_wconf 69' lang='lat' dir='ltr'><strong>Hebraeos“.</strong></span> <span class='ocrx_word' id='word_1_489' title='bbox 1004 3781 1223 3836; x_wconf 85' lang='lat' dir='ltr'><strong>Accedit</strong></span> <span class='ocrx_word' id='word_1_490' title='bbox 1275 3789 1329 3835; x_wconf 90' lang='lat' dir='ltr'><strong>et</strong></span> <span class='ocrx_word' id='word_1_491' title='bbox 1363 3781 1592 3833; x_wconf 88' lang='lat' dir='ltr'><strong>alterum</strong></span> <span class='ocrx_word' id='word_1_492' title='bbox 1617 3779 1894 3834; x_wconf 86' lang='lat' dir='ltr'><strong>robustius</strong></span> 
     </span>
    </p>
   </div>
   <div class='ocr_carea' id='block_1_69' title="bbox 313 3868 1895 3944">
    <p class='ocr_par' dir='ltr' id='par_1_69' title="bbox 313 3868 1895 3944">
     <span class='ocr_line' id='line_1_69' title="bbox 313 3868 1895 3944; baseline -0.001 -18"><span class='ocrx_word' id='word_1_493' title='bbox 313 3873 988 3944; x_wconf 76' lang='lat' dir='ltr'><strong>argunientum.Mernorat</strong></span> <span class='ocrx_word' id='word_1_494' title='bbox 1002 3873 1090 3928; x_wconf 87' lang='lat' dir='ltr'><strong>hic</strong></span> <span class='ocrx_word' id='word_1_495' title='bbox 1111 3873 1392 3942; x_wconf 78' lang='lat' dir='ltr'><strong>scriptor”</strong></span> <span class='ocrx_word' id='word_1_496' title='bbox 1407 3871 1668 3926; x_wconf 84' lang='lat' dir='ltr'><strong>celebrem</strong></span> <span class='ocrx_word' id='word_1_497' title='bbox 1684 3868 1895 3924; x_wconf 78' lang='lat' dir='ltr'><strong>llerma:</strong></span> 
     </span>
    </p>
   </div>
   <div class='ocr_carea' id='block_1_70' title="bbox 313 3961 1893 4033">
    <p class='ocr_par' dir='ltr' id='par_1_70' title="bbox 313 3961 1893 4033">
     <span class='ocr_line' id='line_1_70' title="bbox 313 3961 1893 4033; baseline -0.002 -16"><span class='ocrx_word' id='word_1_498' title='bbox 313 3968 537 4031; x_wconf 91' lang='lat' dir='ltr'><strong>librum,</strong></span> <span class='ocrx_word' id='word_1_499' title='bbox 562 3966 720 4019; x_wconf 91' lang='lat' dir='ltr'><strong>titulo</strong></span> <span class='ocrx_word' id='word_1_500' title='bbox 749 3964 989 4018; x_wconf 84' lang='lat' dir='ltr'><strong>Pastoris</strong></span> <span class='ocrx_word' id='word_1_501' title='bbox 1005 3965 1347 4033; x_wconf 86' lang='lat' dir='ltr'><strong>inscriptum,</strong></span> <span class='ocrx_word' id='word_1_502' title='bbox 1369 3963 1453 4017; x_wconf 89' lang='lat' dir='ltr'><strong>his</strong></span> <span class='ocrx_word' id='word_1_503' title='bbox 1471 3962 1649 4016; x_wconf 85' lang='lat' dir='ltr'><strong>verbis</strong></span> <span class='ocrx_word' id='word_1_504' title='bbox 1669 3980 1680 4014; x_wconf 90' lang='lat'>:</span> <span class='ocrx_word' id='word_1_505' title='bbox 1699 3961 1893 4016; x_wconf 89' lang='lat' dir='ltr'><strong>Pasto-</strong></span> 
     </span>
    </p>
   </div>
   <div class='ocr_carea' id='block_1_71' title="bbox 312 4053 1890 4112">
    <p class='ocr_par' dir='ltr' id='par_1_71' title="bbox 312 4053 1890 4112">
     <span class='ocr_line' id='line_1_71' title="bbox 312 4053 1890 4112; baseline -0.003 -2"><span class='ocrx_word' id='word_1_506' title='bbox 312 4074 422 4110; x_wconf 86' lang='lat' dir='ltr'><strong>rem</strong></span> <span class='ocrx_word' id='word_1_507' title='bbox 435 4074 556 4110; x_wconf 70' lang='lat' dir='ltr'><strong>vero</strong></span> <span class='ocrx_word' id='word_1_508' title='bbox 579 4073 885 4112; x_wconf 67' lang='lat' dir='ltr'><strong>NUPERBIIE</strong></span> <span class='ocrx_word' id='word_1_509' title='bbox 913 4072 1244 4110; x_wconf 73' lang='lat' dir='ltr'><strong>reuromnus</strong></span> <span class='ocrx_word' id='word_1_510' title='bbox 1261 4069 1482 4108; x_wconf 75' lang='lat' dir='ltr'><strong>NOSTRlS</strong></span> <span class='ocrx_word' id='word_1_511' title='bbox 1501 4054 1552 4106; x_wconf 90' lang='lat' dir='ltr'><strong>in</strong></span> <span class='ocrx_word' id='word_1_512' title='bbox 1587 4053 1709 4107; x_wconf 87' lang='lat' dir='ltr'><strong>urbe</strong></span> <span class='ocrx_word' id='word_1_513' title='bbox 1725 4053 1890 4106; x_wconf 87' lang='lat' dir='ltr'><strong>Roma</strong></span> 
     </span>
    </p>
   </div>
   <div class='ocr_carea' id='block_1_72' title="bbox 312 4145 1893 4219">
    <p class='ocr_par' dir='ltr' id='par_1_72' title="bbox 312 4145 1893 4219">
     <span class='ocr_line' id='line_1_72' title="bbox 312 4145 1893 4219; baseline -0.003 -15"><span class='ocrx_word' id='word_1_514' title='bbox 312 4149 515 4204; x_wconf 81' lang='lat' dir='ltr'><strong>Henna</strong></span> <span class='ocrx_word' id='word_1_515' title='bbox 552 4151 885 4219; x_wconf 87' lang='lat' dir='ltr'><strong>conscripsit,</strong></span> <span class='ocrx_word' id='word_1_516' title='bbox 931 4151 1137 4204; x_wconf 87' lang='lat' dir='ltr'><strong>sedente</strong></span> <span class='ocrx_word' id='word_1_517' title='bbox 1171 4151 1222 4202; x_wconf 90' lang='lat' dir='ltr'><strong>in</strong></span> <span class='ocrx_word' id='word_1_518' title='bbox 1255 4148 1504 4201; x_wconf 83' lang='lat' dir='ltr'><strong>cathedra</strong></span> <span class='ocrx_word' id='word_1_519' title='bbox 1531 4145 1674 4199; x_wconf 88' lang='lat' dir='ltr'><strong>urbis</strong></span> <span class='ocrx_word' id='word_1_520' title='bbox 1715 4145 1893 4199; x_wconf 64' lang='lat' dir='ltr'><strong>Romae</strong></span> 
     </span>
    </p>
   </div>
   <div class='ocr_carea' id='block_1_73' title="bbox 315 4231 1890 4306">
    <p class='ocr_par' dir='ltr' id='par_1_73' title="bbox 315 4231 1890 4306">
     <span class='ocr_line' id='line_1_73' title="bbox 315 4231 1890 4306; baseline -0.005 -14"><span class='ocrx_word' id='word_1_521' title='bbox 315 4238 568 4293; x_wconf 75' lang='lat' dir='ltr'><strong>Ecclesite</strong></span> <span class='ocrx_word' id='word_1_522' title='bbox 601 4237 703 4291; x_wconf 87' lang='lat' dir='ltr'><strong>Pio</strong></span> <span class='ocrx_word' id='word_1_523' title='bbox 741 4239 1002 4306; x_wconf 80' lang='lat' dir='ltr'><strong>episcopo,</strong></span> <span class='ocrx_word' id='word_1_524' title='bbox 1044 4237 1212 4305; x_wconf 78' lang='lat' dir='ltr'><strong>fratre</strong></span> <span class='ocrx_word' id='word_1_525' title='bbox 1231 4236 1366 4304; x_wconf 83' lang='lat' dir='ltr'><strong>ejus.</strong></span> <span class='ocrx_word' id='word_1_526' title='bbox 1398 4232 1517 4288; x_wconf 81' lang='lat' dir='ltr'><strong>Jam</strong></span> <span class='ocrx_word' id='word_1_527' title='bbox 1554 4231 1890 4286; x_wconf 88' lang='lat' dir='ltr'><strong>intererudi-</strong></span> 
     </span>
    </p>
   </div>
   <div class='ocr_carea' id='block_1_74' title="bbox 312 4323 1890 4395">
    <p class='ocr_par' dir='ltr' id='par_1_74' title="bbox 312 4323 1890 4395">
     <span class='ocr_line' id='line_1_74' title="bbox 312 4323 1890 4395; baseline -0.006 -10"><span class='ocrx_word' id='word_1_528' title='bbox 312 4339 396 4386; x_wconf 80' lang='lat' dir='ltr'><strong>tos</strong></span> <span class='ocrx_word' id='word_1_529' title='bbox 419 4339 657 4395; x_wconf 88' lang='lat' dir='ltr'><strong>constat,</strong></span> <span class='ocrx_word' id='word_1_530' title='bbox 686 4328 944 4384; x_wconf 82' lang='lat' dir='ltr'><strong>Hermam</strong></span> <span class='ocrx_word' id='word_1_531' title='bbox 996 4327 1246 4382; x_wconf 84' lang='lat' dir='ltr'><strong>ﬂoruisse</strong></span> <span class='ocrx_word' id='word_1_532' title='bbox 1277 4327 1343 4382; x_wconf 91' lang='lat' dir='ltr'><strong>ad</strong></span> <span class='ocrx_word' id='word_1_533' title='bbox 1389 4325 1671 4382; x_wconf 88' lang='lat' dir='ltr'><strong>dimidium</strong></span> <span class='ocrx_word' id='word_1_534' title='bbox 1708 4323 1890 4378; x_wconf 64' lang='lat' dir='ltr'><strong>saeculi</strong></span> 
     </span>
    </p>
   </div>
   <div class='ocr_carea' id='block_1_75' title="bbox 311 4416 1890 4477">
    <p class='ocr_par' dir='ltr' id='par_1_75' title="bbox 311 4416 1890 4477">
     <span class='ocr_line' id='line_1_75' title="bbox 311 4416 1890 4477; baseline -0.004 -1"><span class='ocrx_word' id='word_1_535' title='bbox 311 4438 340 4476; x_wconf 92' lang='lat' dir='ltr'><strong>a</strong></span> <span class='ocrx_word' id='word_1_536' title='bbox 386 4422 611 4476; x_wconf 85' lang='lat' dir='ltr'><strong>Christo</strong></span> <span class='ocrx_word' id='word_1_537' title='bbox 642 4431 772 4475; x_wconf 89' lang='lat' dir='ltr'><strong>nato</strong></span> <span class='ocrx_word' id='word_1_538' title='bbox 804 4421 1047 4476; x_wconf 87' lang='lat' dir='ltr'><strong>secundi.</strong></span> <span class='ocrx_word' id='word_1_539' title='bbox 1084 4419 1149 4473; x_wconf 92' lang='lat' dir='ltr'><strong>Et</strong></span> <span class='ocrx_word' id='word_1_540' title='bbox 1177 4427 1323 4477; x_wconf 89' lang='lat' dir='ltr'><strong>certe</strong></span> <span class='ocrx_word' id='word_1_541' title='bbox 1357 4419 1402 4473; x_wconf 91' lang='lat' dir='ltr'><strong>si</strong></span> <span class='ocrx_word' id='word_1_542' title='bbox 1435 4429 1563 4473; x_wconf 88' lang='lat' dir='ltr'><strong>tunc</strong></span> <span class='ocrx_word' id='word_1_543' title='bbox 1587 4416 1890 4470; x_wconf 76' lang='lat' dir='ltr'><strong>Romanam</strong></span> 
     </span>
    </p>
   </div>
   <div class='ocr_carea' id='block_1_76' title="bbox 1997 3311 3575 3384">
    <p class='ocr_par' dir='ltr' id='par_1_76' title="bbox 1997 3311 3575 3384">
     <span class='ocr_line' id='line_1_76' title="bbox 1997 3311 3575 3384; baseline 0 -16"><span class='ocrx_word' id='word_1_544' title='bbox 1997 3313 2181 3368; x_wconf 87' lang='lat' dir='ltr'><strong>clesia.</strong></span> <span class='ocrx_word' id='word_1_545' title='bbox 2215 3313 2325 3383; x_wconf 80' lang='lat' dir='ltr'><strong>Age</strong></span> <span class='ocrx_word' id='word_1_546' title='bbox 2347 3327 2477 3368; x_wconf 89' lang='lat' dir='ltr'><strong>vero</strong></span> <span class='ocrx_word' id='word_1_547' title='bbox 2497 3312 2610 3382; x_wconf 84' lang='lat' dir='ltr'><strong>jam</strong></span> <span class='ocrx_word' id='word_1_548' title='bbox 2635 3311 2978 3382; x_wconf 78' lang='lat' dir='ltr'><strong>proferamus</strong></span> <span class='ocrx_word' id='word_1_549' title='bbox 3000 3312 3362 3384; x_wconf 80' lang='lat' dir='ltr'><strong>fragmentum</strong></span> <span class='ocrx_word' id='word_1_550' title='bbox 3397 3313 3575 3384; x_wconf 87' lang='lat' dir='ltr'><strong>ipsum</strong></span> 
     </span>
    </p>
   </div>
   <div class='ocr_carea' id='block_1_77' title="bbox 1995 3404 3576 3477">
    <p class='ocr_par' dir='ltr' id='par_1_77' title="bbox 1995 3404 3576 3477">
     <span class='ocr_line' id='line_1_77' title="bbox 1995 3404 3576 3477; baseline 0.001 -17"><span class='ocrx_word' id='word_1_551' title='bbox 1995 3422 2026 3461; x_wconf 91' lang='lat' dir='ltr'><strong>e</strong></span> <span class='ocrx_word' id='word_1_552' title='bbox 2048 3405 2420 3461; x_wconf 88' lang='lat' dir='ltr'><strong>vetustissimo</strong></span> <span class='ocrx_word' id='word_1_553' title='bbox 2446 3404 2635 3460; x_wconf 85' lang='lat' dir='ltr'><strong>codice</strong></span> <span class='ocrx_word' id='word_1_554' title='bbox 2661 3404 3024 3460; x_wconf 82' lang='lat' dir='ltr'><strong>Alnbrosiano</strong></span> <span class='ocrx_word' id='word_1_555' title='bbox 3043 3407 3386 3477; x_wconf 86' lang='lat' dir='ltr'><strong>decerptum,</strong></span> <span class='ocrx_word' id='word_1_556' title='bbox 3413 3415 3576 3476; x_wconf 91' lang='lat' dir='ltr'><strong>atque</strong></span> 
     </span>
    </p>
   </div>
   <div class='ocr_carea' id='block_1_78' title="bbox 1996 3499 3575 3572">
    <p class='ocr_par' dir='ltr' id='par_1_78' title="bbox 1996 3499 3575 3572">
     <span class='ocr_line' id='line_1_78' title="bbox 1996 3499 3575 3572; baseline 0.002 -19"><span class='ocrx_word' id='word_1_557' title='bbox 1996 3499 2129 3555; x_wconf 93' lang='lat' dir='ltr'><strong>illud</strong></span> <span class='ocrx_word' id='word_1_558' title='bbox 2146 3499 2485 3554; x_wconf 88' lang='lat' dir='ltr'><strong>eruditorum</strong></span> <span class='ocrx_word' id='word_1_559' title='bbox 2512 3500 2756 3556; x_wconf 89' lang='lat' dir='ltr'><strong>omnium</strong></span> <span class='ocrx_word' id='word_1_560' title='bbox 2773 3501 3012 3555; x_wconf 76' lang='lat' dir='ltr'><strong>examini</strong></span> <span class='ocrx_word' id='word_1_561' title='bbox 3043 3502 3420 3572; x_wconf 70' lang='lat' dir='ltr'><strong>subjiciamus,</strong></span> <span class='ocrx_word' id='word_1_562' title='bbox 3455 3503 3575 3556; x_wconf 89' lang='lat' dir='ltr'><strong>nul-</strong></span> 
     </span>
    </p>
   </div>
   <div class='ocr_carea' id='block_1_79' title="bbox 1997 3590 3575 3662">
    <p class='ocr_par' dir='ltr' id='par_1_79' title="bbox 1997 3590 3575 3662">
     <span class='ocr_line' id='line_1_79' title="bbox 1997 3590 3575 3662; baseline 0.003 -18"><span class='ocrx_word' id='word_1_563' title='bbox 1997 3591 2108 3645; x_wconf 91' lang='lat' dir='ltr'><strong>lum</strong></span> <span class='ocrx_word' id='word_1_564' title='bbox 2138 3590 2404 3646; x_wconf 90' lang='lat' dir='ltr'><strong>demendo</strong></span> <span class='ocrx_word' id='word_1_565' title='bbox 2432 3607 2499 3646; x_wconf 78' lang='lat' dir='ltr'><strong>ex</strong></span> <span class='ocrx_word' id='word_1_566' title='bbox 2531 3592 2836 3658; x_wconf 87' lang='lat' dir='ltr'><strong>erroribus,</strong></span> <span class='ocrx_word' id='word_1_567' title='bbox 2862 3593 3062 3662; x_wconf 92' lang='lat' dir='ltr'><strong>quibus</strong></span> <span class='ocrx_word' id='word_1_568' title='bbox 3090 3593 3439 3649; x_wconf 88' lang='lat' dir='ltr'><strong>librariorum</strong></span> <span class='ocrx_word' id='word_1_569' title='bbox 3473 3595 3575 3648; x_wconf 87' lang='lat' dir='ltr'><strong>im-</strong></span> 
     </span>
    </p>
   </div>
   <div class='ocr_carea' id='block_1_80' title="bbox 1994 3684 3572 3757">
    <p class='ocr_par' dir='ltr' id='par_1_80' title="bbox 1994 3684 3572 3757">
     <span class='ocr_line' id='line_1_80' title="bbox 1994 3684 3572 3757; baseline 0.003 -19"><span class='ocrx_word' id='word_1_570' title='bbox 1994 3684 2184 3753; x_wconf 86' lang='lat' dir='ltr'><strong>peritia</strong></span> <span class='ocrx_word' id='word_1_571' title='bbox 2199 3684 2518 3754; x_wconf 84' lang='lat' dir='ltr'><strong>scripturam</strong></span> <span class='ocrx_word' id='word_1_572' title='bbox 2540 3685 2803 3740; x_wconf 88' lang='lat' dir='ltr'><strong>saturavit</strong></span> <span class='ocrx_word' id='word_1_573' title='bbox 2820 3693 2981 3755; x_wconf 89' lang='lat' dir='ltr'><strong>atque</strong></span> <span class='ocrx_word' id='word_1_574' title='bbox 2999 3686 3242 3754; x_wconf 74' lang='lat' dir='ltr'><strong>fmdavit,</strong></span> <span class='ocrx_word' id='word_1_575' title='bbox 3261 3703 3572 3757; x_wconf 87' lang='lat' dir='ltr'><strong>quanquam</strong></span> 
     </span>
    </p>
   </div>
   <div class='ocr_carea' id='block_1_81' title="bbox 1994 3775 3566 3850">
    <p class='ocr_par' dir='ltr' id='par_1_81' title="bbox 1994 3775 3566 3850">
     <span class='ocr_line' id='line_1_81' title="bbox 1994 3775 3566 3850; baseline 0.001 -22"><span class='ocrx_word' id='word_1_576' title='bbox 1994 3775 2129 3828; x_wconf 91' lang='lat' dir='ltr'><strong>nihil</strong></span> <span class='ocrx_word' id='word_1_577' title='bbox 2160 3775 2423 3830; x_wconf 89' lang='lat' dir='ltr'><strong>iiobstent</strong></span> <span class='ocrx_word' id='word_1_578' title='bbox 2440 3777 2736 3844; x_wconf 89' lang='lat' dir='ltr'><strong>quominus</strong></span> <span class='ocrx_word' id='word_1_579' title='bbox 2759 3777 2993 3846; x_wconf 88' lang='lat' dir='ltr'><strong>pretium</strong></span> <span class='ocrx_word' id='word_1_580' title='bbox 3027 3778 3105 3833; x_wconf 86' lang='lat' dir='ltr'><strong>rei</strong></span> <span class='ocrx_word' id='word_1_581' title='bbox 3135 3778 3519 3850; x_wconf 81' lang='lat' dir='ltr'><strong>intelligamus.</strong></span> <span class='ocrx_word' id='word_1_582' title='bbox 3549 3799 3566 3829; x_wconf 71' lang='grc' dir='ltr'>ι</span> 
     </span>
    </p>
   </div>
   <div class='ocr_carea' id='block_1_82' title="bbox 1995 3866 3082 3936">
    <p class='ocr_par' dir='ltr' id='par_1_82' title="bbox 1995 3866 3082 3936">
     <span class='ocr_line' id='line_1_82' title="bbox 1995 3866 3082 3936; baseline 0.006 -19"><span class='ocrx_word' id='word_1_583' title='bbox 1995 3866 2111 3922; x_wconf 83' lang='lat' dir='ltr'><strong>lluc</strong></span> <span class='ocrx_word' id='word_1_584' title='bbox 2140 3884 2311 3936; x_wconf 91' lang='lat' dir='ltr'><strong>usque</strong></span> <span class='ocrx_word' id='word_1_585' title='bbox 2338 3868 2690 3924; x_wconf 84' lang='lat' dir='ltr'><strong>doctissimus</strong></span> <span class='ocrx_word' id='word_1_586' title='bbox 2732 3869 3082 3925; x_wconf 83' lang='lat' dir='ltr'><strong>Muratorius.</strong></span> 
     </span>
    </p>
   </div>
   <div class='ocr_carea' id='block_1_83' title="bbox 2063 3957 3571 4032">
    <p class='ocr_par' dir='ltr' id='par_1_83' title="bbox 2063 3957 3571 4032">
     <span class='ocr_line' id='line_1_83' title="bbox 2063 3957 3571 4032; baseline 0.004 -20"><span class='ocrx_word' id='word_1_587' title='bbox 2063 3957 2154 4014; x_wconf 65' lang='grc' dir='ltr'><strong>ιγ.</strong></span> <span class='ocrx_word' id='word_1_588' title='bbox 2183 3957 2314 4014; x_wconf 90' lang='lat' dir='ltr'><strong>Post</strong></span> <span class='ocrx_word' id='word_1_589' title='bbox 2341 3961 2472 4014; x_wconf 90' lang='lat' dir='ltr'><strong>tanti</strong></span> <span class='ocrx_word' id='word_1_590' title='bbox 2505 3961 2605 4015; x_wconf 84' lang='lat' dir='ltr'><strong>viri</strong></span> <span class='ocrx_word' id='word_1_591' title='bbox 2638 3961 2903 4032; x_wconf 86' lang='lat' dir='ltr'><strong>judicium</strong></span> <span class='ocrx_word' id='word_1_592' title='bbox 2936 3961 3096 4016; x_wconf 90' lang='lat' dir='ltr'><strong>liceat</strong></span> <span class='ocrx_word' id='word_1_593' title='bbox 3132 3971 3187 4017; x_wconf 90' lang='lat' dir='ltr'><strong>et</strong></span> <span class='ocrx_word' id='word_1_594' title='bbox 3217 3963 3377 4019; x_wconf 88' lang='lat' dir='ltr'><strong>nobis</strong></span> <span class='ocrx_word' id='word_1_595' title='bbox 3432 3979 3571 4018; x_wconf 65' lang='lat' dir='ltr'><strong>non»</strong></span> 
     </span>
    </p>
   </div>
   <div class='ocr_carea' id='block_1_84' title="bbox 1995 4051 3568 4123">
    <p class='ocr_par' dir='ltr' id='par_1_84' title="bbox 1995 4051 3568 4123">
     <span class='ocr_line' id='line_1_84' title="bbox 1995 4051 3568 4123; baseline 0.004 -20"><span class='ocrx_word' id='word_1_596' title='bbox 1995 4051 2172 4106; x_wconf 87' lang='lat' dir='ltr'><strong>nullas</strong></span> <span class='ocrx_word' id='word_1_597' title='bbox 2201 4051 2612 4107; x_wconf 88' lang='lat' dir='ltr'><strong>observationes</strong></span> <span class='ocrx_word' id='word_1_598' title='bbox 2641 4053 2900 4122; x_wconf 87' lang='lat' dir='ltr'><strong>adjicere,</strong></span> <span class='ocrx_word' id='word_1_599' title='bbox 2925 4053 3124 4122; x_wconf 91' lang='lat' dir='ltr'><strong>quibus</strong></span> <span class='ocrx_word' id='word_1_600' title='bbox 3154 4052 3272 4123; x_wconf 88' lang='lat' dir='ltr'><strong>ejus</strong></span> <span class='ocrx_word' id='word_1_601' title='bbox 3303 4056 3568 4110; x_wconf 86' lang='lat' dir='ltr'><strong>sententia</strong></span> 
     </span>
    </p>
   </div>
   <div class='ocr_carea' id='block_1_85' title="bbox 1995 4143 3568 4216">
    <p class='ocr_par' dir='ltr' id='par_1_85' title="bbox 1995 4143 3568 4216">
     <span class='ocr_line' id='line_1_85' title="bbox 1995 4143 3568 4216; baseline 0.004 -21"><span class='ocrx_word' id='word_1_602' title='bbox 1995 4144 2168 4212; x_wconf 81' lang='lat' dir='ltr'><strong>magis</strong></span> <span class='ocrx_word' id='word_1_603' title='bbox 2200 4144 2484 4214; x_wconf 78' lang='lat' dir='ltr'><strong>magisque</strong></span> <span class='ocrx_word' id='word_1_604' title='bbox 2515 4143 2782 4200; x_wconf 82' lang='lat' dir='ltr'><strong>firmetur.</strong></span> <span class='ocrx_word' id='word_1_605' title='bbox 2820 4144 2885 4200; x_wconf 85' lang='lat' dir='ltr'><strong>Et</strong></span> <span class='ocrx_word' id='word_1_606' title='bbox 2909 4146 3145 4216; x_wconf 91' lang='lat' dir='ltr'><strong>primum</strong></span> <span class='ocrx_word' id='word_1_607' title='bbox 3187 4146 3405 4216; x_wconf 89' lang='lat' dir='ltr'><strong>quidem</strong></span> <span class='ocrx_word' id='word_1_608' title='bbox 3436 4147 3568 4202; x_wconf 86' lang='lat' dir='ltr'><strong>illud</strong></span> 
     </span>
    </p>
   </div>
   <div class='ocr_carea' id='block_1_86' title="bbox 1993 4234 3566 4308">
    <p class='ocr_par' dir='ltr' id='par_1_86' title="bbox 1993 4234 3566 4308">
     <span class='ocr_line' id='line_1_86' title="bbox 1993 4234 3566 4308; baseline 0.002 -21"><span class='ocrx_word' id='word_1_609' title='bbox 1993 4234 2348 4301; x_wconf 81' lang='lat' dir='ltr'><strong>advertimus,</strong></span> <span class='ocrx_word' id='word_1_610' title='bbox 2383 4235 2675 4308; x_wconf 77' lang='lat' dir='ltr'><strong>fragmenti</strong></span> <span class='ocrx_word' id='word_1_611' title='bbox 2709 4246 2989 4293; x_wconf 89' lang='lat' dir='ltr'><strong>auctorem</strong></span> <span class='ocrx_word' id='word_1_612' title='bbox 3025 4252 3092 4292; x_wconf 80' lang='lat' dir='ltr'><strong>ex</strong></span> <span class='ocrx_word' id='word_1_613' title='bbox 3125 4253 3190 4291; x_wconf 91' lang='lat' dir='ltr'><strong>eo</strong></span> <span class='ocrx_word' id='word_1_614' title='bbox 3228 4237 3372 4308; x_wconf 91' lang='lat' dir='ltr'><strong>quod</strong></span> <span class='ocrx_word' id='word_1_615' title='bbox 3425 4239 3566 4294; x_wconf 82' lang='lat' dir='ltr'><strong>haud</strong></span> 
     </span>
    </p>
   </div>
   <div class='ocr_carea' id='block_1_87' title="bbox 1993 4328 3568 4399">
    <p class='ocr_par' dir='ltr' id='par_1_87' title="bbox 1993 4328 3568 4399">
     <span class='ocr_line' id='line_1_87' title="bbox 1993 4328 3568 4399; baseline 0.003 -18"><span class='ocrx_word' id='word_1_616' title='bbox 1993 4336 2280 4382; x_wconf 81' lang='lat' dir='ltr'><strong>recenseat</strong></span> <span class='ocrx_word' id='word_1_617' title='bbox 2316 4328 2456 4384; x_wconf 90' lang='lat' dir='ltr'><strong>inter</strong></span> <span class='ocrx_word' id='word_1_618' title='bbox 2492 4329 2802 4398; x_wconf 84' lang='lat' dir='ltr'><strong>Scripturas</strong></span> <span class='ocrx_word' id='word_1_619' title='bbox 2831 4330 3123 4385; x_wconf 83' lang='lat' dir='ltr'><strong>canonicas</strong></span> <span class='ocrx_word' id='word_1_620' title='bbox 3150 4328 3445 4399; x_wconf 89' lang='lat' dir='ltr'><strong>Epistolam</strong></span> <span class='ocrx_word' id='word_1_621' title='bbox 3502 4333 3568 4385; x_wconf 85' lang='lat' dir='ltr'><strong>ad</strong></span> 
     </span>
    </p>
   </div>
   <div class='ocr_carea' id='block_1_88' title="bbox 1993 4415 3566 4489">
    <p class='ocr_par' dir='ltr' id='par_1_88' title="bbox 1993 4415 3566 4489">
     <span class='ocr_line' id='line_1_88' title="bbox 1993 4415 3566 4489; baseline 0.004 -19"><span class='ocrx_word' id='word_1_622' title='bbox 1993 4415 2273 4484; x_wconf 66' lang='lat' dir='ltr'><strong>Hebraeos,</strong></span> <span class='ocrx_word' id='word_1_623' title='bbox 2301 4420 2544 4489; x_wconf 89' lang='lat' dir='ltr'><strong>apprime</strong></span> <span class='ocrx_word' id='word_1_624' title='bbox 2596 4419 2801 4475; x_wconf 89' lang='lat' dir='ltr'><strong>referre</strong></span> <span class='ocrx_word' id='word_1_625' title='bbox 2837 4421 2950 4475; x_wconf 79' lang='lat' dir='ltr'><strong>sive</strong></span> <span class='ocrx_word' id='word_1_626' title='bbox 2981 4420 3220 4476; x_wconf 80' lang='lat' dir='ltr'><strong>sodalem</strong></span> <span class='ocrx_word' id='word_1_627' title='bbox 3265 4422 3376 4476; x_wconf 88' lang='lat' dir='ltr'><strong>sive</strong></span> <span class='ocrx_word' id='word_1_628' title='bbox 3401 4422 3566 4477; x_wconf 83' lang='lat' dir='ltr'><strong>disci-</strong></span> 
     </span>
    </p>
   </div>
   <div class='ocr_carea' id='block_1_89' title="bbox 309 4508 3568 4601">
    <p class='ocr_par' dir='ltr' id='par_1_89' title="bbox 309 4508 3568 4601">
     <span class='ocr_line' id='line_1_89' title="bbox 309 4508 3568 4601; baseline -0.001 -33"><span class='ocrx_word' id='word_1_629' title='bbox 309 4514 627 4568; x_wconf 83' lang='lat' dir='ltr'><strong>cathedram</strong></span> <span class='ocrx_word' id='word_1_630' title='bbox 658 4514 832 4568; x_wconf 90' lang='lat' dir='ltr'><strong>tenuit</strong></span> <span class='ocrx_word' id='word_1_631' title='bbox 855 4512 984 4568; x_wconf 88' lang='lat' dir='ltr'><strong>Pius</strong></span> <span class='ocrx_word' id='word_1_632' title='bbox 1007 4511 1036 4566; x_wconf 74' lang='grc' dir='ltr'>Ι</span> <span class='ocrx_word' id='word_1_633' title='bbox 1057 4527 1216 4582; x_wconf 88' lang='lat' dir='ltr'><strong>papa,</strong></span> <span class='ocrx_word' id='word_1_634' title='bbox 1241 4512 1389 4566; x_wconf 87' lang='lat' dir='ltr'><strong>illius</strong></span> <span class='ocrx_word' id='word_1_635' title='bbox 1411 4511 1596 4577; x_wconf 82' lang='lat' dir='ltr'><strong>frater,</strong></span> <span class='ocrx_word' id='word_1_636' title='bbox 1620 4509 1666 4564; x_wconf 92' lang='lat' dir='ltr'><strong>is</strong></span> <span class='ocrx_word' id='word_1_637' title='bbox 1689 4508 1888 4562; x_wconf 90' lang='lat' dir='ltr'><strong>librum</strong></span> <span class='ocrx_word' id='word_1_638' title='bbox 1920 4547 1964 4601; x_wconf 66' lang='grc' dir='ltr'>Β</span> <span class='ocrx_word' id='word_1_639' title='bbox 1993 4511 2176 4581; x_wconf 89' lang='lat' dir='ltr'><strong>pulum</strong></span> <span class='ocrx_word' id='word_1_640' title='bbox 2211 4513 2418 4576; x_wconf 66' lang='lat' dir='ltr'><strong>lrenwi,</strong></span> <span class='ocrx_word' id='word_1_641' title='bbox 2477 4511 2672 4568; x_wconf 83' lang='lat' dir='ltr'><strong>Caium</strong></span> <span class='ocrx_word' id='word_1_642' title='bbox 2725 4512 2984 4566; x_wconf 88' lang='lat' dir='ltr'><strong>nimirum</strong></span> <span class='ocrx_word' id='word_1_643' title='bbox 3022 4511 3279 4568; x_wconf 64' lang='lat' dir='ltr'><strong>Eccleslm</strong></span> <span class='ocrx_word' id='word_1_644' title='bbox 3311 4511 3568 4568; x_wconf 71' lang='lat' dir='ltr'><strong>Romana:</strong></span> 
     </span>
    </p>
   </div>
   <div class='ocr_carea' id='block_1_90' title="bbox 313 4603 1882 4675">
    <p class='ocr_par' dir='ltr' id='par_1_90' title="bbox 313 4603 1882 4675">
     <span class='ocr_line' id='line_1_90' title="bbox 313 4603 1882 4675; baseline -0.005 -14"><span class='ocrx_word' id='word_1_645' title='bbox 313 4609 554 4661; x_wconf 81' lang='lat' dir='ltr'><strong>Pastoris</strong></span> <span class='ocrx_word' id='word_1_646' title='bbox 605 4607 894 4675; x_wconf 88' lang='lat' dir='ltr'><strong>scripsisse</strong></span> <span class='ocrx_word' id='word_1_647' title='bbox 949 4604 1211 4660; x_wconf 90' lang='lat' dir='ltr'><strong>dicendus</strong></span> <span class='ocrx_word' id='word_1_648' title='bbox 1263 4612 1347 4658; x_wconf 89' lang='lat' dir='ltr'><strong>est</strong></span> <span class='ocrx_word' id='word_1_649' title='bbox 1405 4603 1624 4658; x_wconf 88' lang='lat' dir='ltr'><strong>circiter</strong></span> <span class='ocrx_word' id='word_1_650' title='bbox 1678 4616 1882 4654; x_wconf 91' lang='lat' dir='ltr'><strong>annum</strong></span> 
     </span>
    </p>
   </div>
   <div class='ocr_carea' id='block_1_91' title="bbox 306 4693 1885 4768">
    <p class='ocr_par' dir='ltr' id='par_1_91' title="bbox 306 4693 1885 4768">
     <span class='ocr_line' id='line_1_91' title="bbox 306 4693 1885 4768; baseline -0.006 -13"><span class='ocrx_word' id='word_1_651' title='bbox 306 4701 508 4758; x_wconf 83' lang='lat' dir='ltr'><strong>Christi</strong></span> <span class='ocrx_word' id='word_1_652' title='bbox 548 4700 672 4754; x_wconf 78' lang='grc'><strong>150.</strong></span> <span class='ocrx_word' id='word_1_653' title='bbox 709 4701 777 4754; x_wconf 84' lang='lat' dir='ltr'><strong>At</strong></span> <span class='ocrx_word' id='word_1_654' title='bbox 802 4716 905 4754; x_wconf 90' lang='lat' dir='ltr'><strong>nos</strong></span> <span class='ocrx_word' id='word_1_655' title='bbox 946 4715 1110 4768; x_wconf 89' lang='lat' dir='ltr'><strong>supra</strong></span> <span class='ocrx_word' id='word_1_656' title='bbox 1137 4697 1397 4763; x_wconf 82' lang='lat' dir='ltr'><strong>vidimus,</strong></span> <span class='ocrx_word' id='word_1_657' title='bbox 1431 4695 1622 4750; x_wconf 91' lang='lat' dir='ltr'><strong>Caium</strong></span> <span class='ocrx_word' id='word_1_658' title='bbox 1682 4693 1885 4747; x_wconf 78' lang='lat' dir='ltr'><strong>Roma-</strong></span> 
     </span>
    </p>
   </div>
   <div class='ocr_carea' id='block_1_92' title="bbox 307 4783 1884 4859">
    <p class='ocr_par' dir='ltr' id='par_1_92' title="bbox 307 4783 1884 4859">
     <span class='ocr_line' id='line_1_92' title="bbox 307 4783 1884 4859; baseline -0.004 -16"><span class='ocrx_word' id='word_1_659' title='bbox 307 4806 438 4844; x_wconf 88' lang='lat' dir='ltr'><strong>num</strong></span> <span class='ocrx_word' id='word_1_660' title='bbox 500 4789 880 4859; x_wconf 89' lang='lat' dir='ltr'><strong>presbyterum</strong></span> <span class='ocrx_word' id='word_1_661' title='bbox 914 4787 1117 4843; x_wconf 73' lang='lat' dir='ltr'><strong>vixisse</strong></span> <span class='ocrx_word' id='word_1_662' title='bbox 1151 4787 1368 4842; x_wconf 86' lang='lat' dir='ltr'><strong>circiter</strong></span> <span class='ocrx_word' id='word_1_663' title='bbox 1413 4800 1617 4840; x_wconf 90' lang='lat' dir='ltr'><strong>annum</strong></span> <span class='ocrx_word' id='word_1_664' title='bbox 1673 4783 1798 4851; x_wconf 67' lang='lat'><strong>£96,</strong></span> <span class='ocrx_word' id='word_1_665' title='bbox 1831 4791 1884 4839; x_wconf 89' lang='lat' dir='ltr'><strong>et</strong></span> 
     </span>
    </p>
   </div>
   <div class='ocr_carea' id='block_1_93' title="bbox 309 4877 1884 4950">
    <p class='ocr_par' dir='ltr' id='par_1_93' title="bbox 309 4877 1884 4950">
     <span class='ocr_line' id='line_1_93' title="bbox 309 4877 1884 4950; baseline -0.002 -16"><span class='ocrx_word' id='word_1_666' title='bbox 309 4882 444 4935; x_wconf 88' lang='lat' dir='ltr'><strong>nihil</strong></span> <span class='ocrx_word' id='word_1_667' title='bbox 472 4883 678 4947; x_wconf 89' lang='lat' dir='ltr'><strong>obstat,</strong></span> <span class='ocrx_word' id='word_1_668' title='bbox 715 4882 854 4950; x_wconf 89' lang='lat' dir='ltr'><strong>quin</strong></span> <span class='ocrx_word' id='word_1_669' title='bbox 887 4890 1046 4935; x_wconf 90' lang='lat' dir='ltr'><strong>antea</strong></span> <span class='ocrx_word' id='word_1_670' title='bbox 1095 4881 1210 4935; x_wconf 74' lang='lat' dir='ltr'><strong>htec</strong></span> <span class='ocrx_word' id='word_1_671' title='bbox 1244 4879 1541 4949; x_wconf 88' lang='lat' dir='ltr'><strong>scripserit.</strong></span> <span class='ocrx_word' id='word_1_672' title='bbox 1571 4878 1641 4933; x_wconf 86' lang='lat' dir='ltr'><strong>At</strong></span> <span class='ocrx_word' id='word_1_673' title='bbox 1666 4877 1884 4948; x_wconf 88' lang='lat' dir='ltr'><strong>quando</strong></span> 
     </span>
    </p>
   </div>
   <div class='ocr_carea' id='block_1_94' title="bbox 309 4972 1882 5045">
    <p class='ocr_par' dir='ltr' id='par_1_94' title="bbox 309 4972 1882 5045">
     <span class='ocr_line' id='line_1_94' title="bbox 309 4972 1882 5045; baseline -0.003 -18"><span class='ocrx_word' id='word_1_674' title='bbox 309 4973 598 5045; x_wconf 77' lang='lat' dir='ltr'><strong>iragmenti</strong></span> <span class='ocrx_word' id='word_1_675' title='bbox 629 4982 820 5027; x_wconf 89' lang='lat' dir='ltr'><strong>auctor</strong></span> <span class='ocrx_word' id='word_1_676' title='bbox 847 4981 1096 5040; x_wconf 90' lang='lat' dir='ltr'><strong>testatur,</strong></span> <span class='ocrx_word' id='word_1_677' title='bbox 1129 4972 1380 5027; x_wconf 88' lang='lat' dir='ltr'><strong>llermam</strong></span> <span class='ocrx_word' id='word_1_678' title='bbox 1417 4973 1712 5041; x_wconf 88' lang='lat' dir='ltr'><strong>nuperrime</strong></span> <span class='ocrx_word' id='word_1_679' title='bbox 1749 4979 1882 5025; x_wconf 89' lang='lat' dir='ltr'><strong>tem-</strong></span> 
     </span>
    </p>
   </div>
   <div class='ocr_carea' id='block_1_95' title="bbox 304 5063 1886 5133">
    <p class='ocr_par' dir='ltr' id='par_1_95' title="bbox 304 5063 1886 5133">
     <span class='ocr_line' id='line_1_95' title="bbox 304 5063 1886 5133; baseline -0.002 -14"><span class='ocrx_word' id='word_1_680' title='bbox 304 5068 522 5133; x_wconf 84' lang='lat' dir='ltr'><strong>poribus</strong></span> <span class='ocrx_word' id='word_1_681' title='bbox 548 5068 744 5120; x_wconf 75' lang='lat' dir='ltr'><strong>nostris</strong></span> <span class='ocrx_word' id='word_1_682' title='bbox 768 5066 970 5120; x_wconf 91' lang='lat' dir='ltr'><strong>librum</strong></span> <span class='ocrx_word' id='word_1_683' title='bbox 990 5065 1233 5120; x_wconf 83' lang='lat' dir='ltr'><strong>Pastoris</strong></span> <span class='ocrx_word' id='word_1_684' title='bbox 1255 5063 1663 5132; x_wconf 90' lang='lat' dir='ltr'><strong>conscripsisse,</strong></span> <span class='ocrx_word' id='word_1_685' title='bbox 1697 5079 1886 5132; x_wconf 51' lang='lat' dir='ltr'><strong>quem-</strong></span> 
     </span>
    </p>
   </div>
   <div class='ocr_carea' id='block_1_96' title="bbox 306 5157 1889 5229">
    <p class='ocr_par' dir='ltr' id='par_1_96' title="bbox 306 5157 1889 5229">
     <span class='ocr_line' id='line_1_96' title="bbox 306 5157 1889 5229; baseline 0 -17"><span class='ocrx_word' id='word_1_686' title='bbox 306 5175 426 5212; x_wconf 88' lang='lat' dir='ltr'><strong>nam</strong></span> <span class='ocrx_word' id='word_1_687' title='bbox 460 5159 823 5228; x_wconf 89' lang='lat' dir='ltr'><strong>opportunius</strong></span> <span class='ocrx_word' id='word_1_688' title='bbox 871 5174 1035 5229; x_wconf 91' lang='lat' dir='ltr'><strong>quam</strong></span> <span class='ocrx_word' id='word_1_689' title='bbox 1085 5158 1334 5213; x_wconf 86' lang='lat' dir='ltr'><strong>eumdem</strong></span> <span class='ocrx_word' id='word_1_690' title='bbox 1361 5157 1552 5214; x_wconf 89' lang='lat' dir='ltr'><strong>Caium</strong></span> <span class='ocrx_word' id='word_1_691' title='bbox 1605 5157 1889 5228; x_wconf 81' lang='lat' dir='ltr'><strong>fragmenti</strong></span> 
     </span>
    </p>
   </div>
   <div class='ocr_carea' id='block_1_97' title="bbox 305 5249 1889 5321">
    <p class='ocr_par' dir='ltr' id='par_1_97' title="bbox 305 5249 1889 5321">
     <span class='ocr_line' id='line_1_97' title="bbox 305 5249 1889 5321; baseline 0.001 -17"><span class='ocrx_word' id='word_1_692' title='bbox 305 5252 478 5320; x_wconf 89' lang='lat' dir='ltr'><strong>ipsius</strong></span> <span class='ocrx_word' id='word_1_693' title='bbox 518 5261 790 5321; x_wconf 86' lang='lat' dir='ltr'><strong>parentem</strong></span> <span class='ocrx_word' id='word_1_694' title='bbox 850 5251 1021 5307; x_wconf 91' lang='lat' dir='ltr'><strong>fuisse</strong></span> <span class='ocrx_word' id='word_1_695' title='bbox 1062 5252 1372 5321; x_wconf 87' lang='lat' dir='ltr'><strong>conjicias?</strong></span> <span class='ocrx_word' id='word_1_696' title='bbox 1415 5249 1656 5305; x_wconf 88' lang='lat' dir='ltr'><strong>Tandem</strong></span> <span class='ocrx_word' id='word_1_697' title='bbox 1701 5251 1889 5305; x_wconf 89' lang='lat' dir='ltr'><strong>scribit</strong></span> 
     </span>
    </p>
   </div>
   <div class='ocr_carea' id='block_1_98' title="bbox 304 5339 1886 5414">
    <p class='ocr_par' dir='ltr' id='par_1_98' title="bbox 304 5339 1886 5414">
     <span class='ocr_line' id='line_1_98' title="bbox 304 5339 1886 5414; baseline -0.002 -17"><span class='ocrx_word' id='word_1_698' title='bbox 304 5343 595 5414; x_wconf 80' lang='lat' dir='ltr'><strong>fragmeuli</strong></span> <span class='ocrx_word' id='word_1_699' title='bbox 636 5351 826 5397; x_wconf 89' lang='lat' dir='ltr'><strong>auctor</strong></span> <span class='ocrx_word' id='word_1_700' title='bbox 855 5342 937 5396; x_wconf 67' lang='lat'><strong>9’:</strong></span> <span class='ocrx_word' id='word_1_701' title='bbox 973 5343 1345 5413; x_wconf 80' lang='lat' dir='ltr'><strong>Apocalypsim</strong></span> <span class='ocrx_word' id='word_1_702' title='bbox 1388 5343 1550 5396; x_wconf 83' lang='lat' dir='ltr'><strong>etiam</strong></span> <span class='ocrx_word' id='word_1_703' title='bbox 1583 5339 1806 5394; x_wconf 83' lang='lat' dir='ltr'><strong>Joannis</strong></span> <span class='ocrx_word' id='word_1_704' title='bbox 1837 5351 1886 5394; x_wconf 92' lang='lat' dir='ltr'><strong>et</strong></span> 
     </span>
    </p>
   </div>
   <div class='ocr_carea' id='block_1_99' title="bbox 298 5434 1878 5506">
    <p class='ocr_par' dir='ltr' id='par_1_99' title="bbox 298 5434 1878 5506">
     <span class='ocr_line' id='line_1_99' title="bbox 298 5434 1878 5506; baseline -0.003 -14"><span class='ocrx_word' id='word_1_705' title='bbox 298 5437 470 5501; x_wconf 88' lang='lat' dir='ltr'><strong>Petri,</strong></span> <span class='ocrx_word' id='word_1_706' title='bbox 492 5445 698 5490; x_wconf 86' lang='lat' dir='ltr'><strong>tantum</strong></span> <span class='ocrx_word' id='word_1_707' title='bbox 724 5436 1030 5506; x_wconf 88' lang='lat' dir='ltr'><strong>recipimus,</strong></span> <span class='ocrx_word' id='word_1_708' title='bbox 1057 5452 1214 5506; x_wconf 87' lang='lat' dir='ltr'><strong>quam</strong></span> <span class='ocrx_word' id='word_1_709' title='bbox 1240 5437 1454 5506; x_wconf 83' lang='lat' dir='ltr'><strong>quidam</strong></span> <span class='ocrx_word' id='word_1_710' title='bbox 1468 5452 1531 5489; x_wconf 74' lang='lat' dir='ltr'><strong>ea:</strong></span> <span class='ocrx_word' id='word_1_711' title='bbox 1557 5435 1750 5488; x_wconf 86' lang='lat' dir='ltr'><strong>nostris</strong></span> <span class='ocrx_word' id='word_1_712' title='bbox 1776 5434 1878 5504; x_wconf 88' lang='lat' dir='ltr'><strong>legi</strong></span> 
     </span>
    </p>
   </div>
   <div class='ocr_carea' id='block_1_100' title="bbox 297 5526 1874 5597">
    <p class='ocr_par' dir='ltr' id='par_1_100' title="bbox 297 5526 1874 5597">
     <span class='ocr_line' id='line_1_100' title="bbox 297 5526 1874 5597; baseline -0.002 -14"><span class='ocrx_word' id='word_1_713' title='bbox 297 5532 351 5583; x_wconf 85' lang='lat' dir='ltr'><strong>in</strong></span> <span class='ocrx_word' id='word_1_714' title='bbox 386 5527 623 5582; x_wconf 82' lang='lat' dir='ltr'><strong>Ecclesia</strong></span> <span class='ocrx_word' id='word_1_715' title='bbox 650 5529 860 5582; x_wconf 86' lang='lat' dir='ltr'><strong>uolunt.</strong></span> <span class='ocrx_word' id='word_1_716' title='bbox 899 5526 1065 5583; x_wconf 78' lang='lat' dir='ltr'><strong>Recte</strong></span> <span class='ocrx_word' id='word_1_717' title='bbox 1087 5527 1202 5582; x_wconf 67' lang='lat' dir='ltr'><strong>haec</strong></span> <span class='ocrx_word' id='word_1_718' title='bbox 1232 5528 1285 5581; x_wconf 89' lang='lat' dir='ltr'><strong>in</strong></span> <span class='ocrx_word' id='word_1_719' title='bbox 1313 5526 1431 5582; x_wconf 85' lang='lat' dir='ltr'><strong>Caii</strong></span> <span class='ocrx_word' id='word_1_720' title='bbox 1469 5537 1710 5597; x_wconf 84' lang='lat' dir='ltr'><strong>tempora</strong></span> <span class='ocrx_word' id='word_1_721' title='bbox 1742 5542 1874 5582; x_wconf 78' lang='lat' dir='ltr'><strong>con-</strong></span> 
     </span>
    </p>
   </div>
   <div class='ocr_carea' id='block_1_101' title="bbox 368 5638 2262 5709">
    <p class='ocr_par' dir='ltr' id='par_1_101' title="bbox 368 5638 2262 5709">
     <span class='ocr_line' id='line_1_101' title="bbox 368 5638 2262 5709; baseline 0.003 -18"><span class='ocrx_word' id='word_1_722' title='bbox 368 5640 412 5709; x_wconf 52' lang='grc' dir='ltr'><strong>δ’</strong></span> <span class='ocrx_word' id='word_1_723' title='bbox 445 5638 672 5694; x_wconf 85' lang='lat' dir='ltr'><strong>Hieron.</strong></span> <span class='ocrx_word' id='word_1_724' title='bbox 720 5639 798 5694; x_wconf 89' lang='lat' dir='ltr'><strong>De</strong></span> <span class='ocrx_word' id='word_1_725' title='bbox 814 5639 930 5709; x_wconf 81' lang='lat' dir='ltr'><strong>_vir.</strong></span> <span class='ocrx_word' id='word_1_726' title='bbox 964 5639 1184 5705; x_wconf 90' lang='lat' dir='ltr'><strong>illustr.,</strong></span> <span class='ocrx_word' id='word_1_727' title='bbox 1212 5655 1330 5709; x_wconf 87' lang='lat' dir='ltr'><strong>cap.</strong></span> <span class='ocrx_word' id='word_1_728' title='bbox 1365 5639 1452 5694; x_wconf 81' lang='lat'><strong>59.</strong></span> <span class='ocrx_word' id='word_1_729' title='bbox 1533 5640 1578 5673; x_wconf 87' lang='grc'><strong>⁹⁰</strong></span> <span class='ocrx_word' id='word_1_730' title='bbox 1609 5639 1789 5703; x_wconf 89' lang='lat' dir='ltr'><strong>Phot.,</strong></span> <span class='ocrx_word' id='word_1_731' title='bbox 1819 5639 1954 5696; x_wconf 90' lang='lat' dir='ltr'><strong>Bibl.</strong></span> <span class='ocrx_word' id='word_1_732' title='bbox 1983 5642 2105 5698; x_wconf 91' lang='lat' dir='ltr'><strong>cod.</strong></span> <span class='ocrx_word' id='word_1_733' title='bbox 2140 5642 2262 5697; x_wconf 70' lang='lat' dir='ltr'><strong>liii.</strong></span> 
     </span>
    </p>
   </div>
   <div class='ocr_carea' id='block_1_102' title="bbox 744 5707 3554 5784">
    <p class='ocr_par' dir='ltr' id='par_1_102' title="bbox 744 5707 3554 5784">
     <span class='ocr_line' id='line_1_102' title="bbox 744 5707 3554 5784; baseline 0.001 -21"><span class='ocrx_word' id='word_1_734' title='bbox 744 5712 791 5784; x_wconf 57' lang='grc' dir='ltr'><strong>ξι</strong></span> <span class='ocrx_word' id='word_1_735' title='bbox 814 5707 1206 5784; x_wconf 13' lang='grc' dir='ltr'><strong>Ευεεὶξηῌίίει.</strong></span> <span class='ocrx_word' id='word_1_736' title='bbox 1242 5707 1385 5784; x_wconf 80' lang='lat' dir='ltr'><strong>cccl._</strong></span> <span class='ocrx_word' id='word_1_737' title='bbox 1409 5711 1498 5762; x_wconf 90' lang='lat' dir='ltr'><strong>lib.</strong></span> <span class='ocrx_word' id='word_1_738' title='bbox 1533 5727 1613 5784; x_wconf 80' lang='lat' dir='ltr'><strong>nt,</strong></span> <span class='ocrx_word' id='word_1_739' title='bbox 1649 5727 1766 5784; x_wconf 57' lang='grc' dir='ltr'><strong>(εειρέ</strong></span> <span class='ocrx_word' id='word_1_740' title='bbox 1831 5713 1921 5767; x_wconf 75' lang='lat'><strong>25.</strong></span> <span class='ocrx_word' id='word_1_741' title='bbox 2001 5715 2045 5746; x_wconf 72' lang='lat'><strong>9&quot;</strong></span> <span class='ocrx_word' id='word_1_742' title='bbox 2071 5713 2315 5784; x_wconf 22' lang='lat' dir='ltr'><strong>SoAzom.,</strong></span> <span class='ocrx_word' id='word_1_743' title='bbox 2353 5712 2490 5768; x_wconf 86' lang='lat' dir='ltr'><strong>llist.</strong></span> <span class='ocrx_word' id='word_1_744' title='bbox 2548 5716 2680 5769; x_wconf 81' lang='lat' dir='ltr'><strong>ercl.</strong></span> <span class='ocrx_word' id='word_1_745' title='bbox 2713 5717 2806 5771; x_wconf 93' lang='lat' dir='ltr'><strong>lib.</strong></span> <span class='ocrx_word' id='word_1_746' title='bbox 2838 5733 2932 5782; x_wconf 85' lang='lat' dir='ltr'><strong>vu,</strong></span> <span class='ocrx_word' id='word_1_747' title='bbox 2967 5707 3086 5783; x_wconf 72' lang='lat' dir='ltr'><strong>cap.</strong></span> <span class='ocrx_word' id='word_1_748' title='bbox 3109 5717 3194 5772; x_wconf 76' lang='lat'><strong>19.</strong></span> <span class='ocrx_word' id='word_1_749' title='bbox 3269 5716 3314 5782; x_wconf 54' lang='lat' dir='ltr'><strong>9i</strong></span> <span class='ocrx_word' id='word_1_750' title='bbox 3345 5707 3554 5784; x_wconf 59' lang='lat' dir='ltr'><strong>Epiiih.,</strong></span> 
     </span>
    </p>
   </div>
   <div class='ocr_carea' id='block_1_103' title="bbox 1451 5782 2862 5856">
    <p class='ocr_par' dir='ltr' id='par_1_103' title="bbox 1451 5782 2862 5856">
     <span class='ocr_line' id='line_1_103' title="bbox 1451 5782 2862 5856; baseline 0.004 -22"><span class='ocrx_word' id='word_1_751' title='bbox 1451 5798 1501 5850; x_wconf 94' lang='lat' dir='ltr'><strong>p.</strong></span> <span class='ocrx_word' id='word_1_752' title='bbox 1537 5783 1624 5856; x_wconf 63' lang='lat' dir='ltr'><strong>8i.</strong></span> <span class='ocrx_word' id='word_1_753' title='bbox 1655 5783 1701 5812; x_wconf 73' lang='grc'><strong>⁸⁸</strong></span> <span class='ocrx_word' id='word_1_754' title='bbox 1724 5782 1973 5856; x_wconf 66' lang='lat' dir='ltr'><strong>Tertull,</strong></span> <span class='ocrx_word' id='word_1_755' title='bbox 2007 5785 2100 5838; x_wconf 92' lang='lat' dir='ltr'><strong>lib.</strong></span> <span class='ocrx_word' id='word_1_756' title='bbox 2137 5782 2210 5856; x_wconf 85' lang='lat' dir='ltr'><strong>De</strong></span> <span class='ocrx_word' id='word_1_757' title='bbox 2245 5801 2395 5840; x_wconf 88' lang='lat' dir='ltr'><strong>carn.</strong></span> <span class='ocrx_word' id='word_1_758' title='bbox 2431 5785 2582 5851; x_wconf 88' lang='lat' dir='ltr'><strong>Cbr.,</strong></span> <span class='ocrx_word' id='word_1_759' title='bbox 2615 5803 2733 5856; x_wconf 82' lang='lat' dir='ltr'><strong>cap.</strong></span> <span class='ocrx_word' id='word_1_760' title='bbox 2773 5786 2862 5841; x_wconf 74' lang='lat'><strong>20.</strong></span> 
     </span>
    </p>
   </div>
   <div class='ocr_carea' id='block_1_104' title="bbox 1991 4604 3566 4675">
    <p class='ocr_par' dir='ltr' id='par_1_104' title="bbox 1991 4604 3566 4675">
     <span class='ocr_line' id='line_1_104' title="bbox 1991 4604 3566 4675; baseline 0.002 -20"><span class='ocrx_word' id='word_1_761' title='bbox 1991 4605 2391 4674; x_wconf 82' lang='lat' dir='ltr'><strong>presbyterum,</strong></span> <span class='ocrx_word' id='word_1_762' title='bbox 2447 4613 2505 4658; x_wconf 91' lang='lat' dir='ltr'><strong>ut</strong></span> <span class='ocrx_word' id='word_1_763' title='bbox 2551 4604 2820 4674; x_wconf 87' lang='lat' dir='ltr'><strong>superius.</strong></span> <span class='ocrx_word' id='word_1_764' title='bbox 2857 4604 3232 4674; x_wconf 64' lang='lat' dir='ltr'><strong>iostendimus.</strong></span> <span class='ocrx_word' id='word_1_765' title='bbox 3285 4604 3566 4675; x_wconf 85' lang='lat' dir='ltr'><strong>Siquidem</strong></span> 
     </span>
    </p>
   </div>
   <div class='ocr_carea' id='block_1_105' title="bbox 1993 4693 3566 4766">
    <p class='ocr_par' dir='ltr' id='par_1_105' title="bbox 1993 4693 3566 4766">
     <span class='ocr_line' id='line_1_105' title="bbox 1993 4693 3566 4766; baseline 0 -17"><span class='ocrx_word' id='word_1_766' title='bbox 1993 4706 2216 4750; x_wconf 89' lang='lat' dir='ltr'><strong>sanctus</strong></span> <span class='ocrx_word' id='word_1_767' title='bbox 2241 4697 2330 4750; x_wconf 90' lang='lat' dir='ltr'><strong>ille</strong></span> <span class='ocrx_word' id='word_1_768' title='bbox 2386 4693 2767 4766; x_wconf 83' lang='lat' dir='ltr'><strong>Lugdunensis</strong></span> <span class='ocrx_word' id='word_1_769' title='bbox 2821 4697 3069 4764; x_wconf 85' lang='lat' dir='ltr'><strong>antistes,</strong></span> <span class='ocrx_word' id='word_1_770' title='bbox 3111 4705 3246 4751; x_wconf 86' lang='lat' dir='ltr'><strong>teste</strong></span> <span class='ocrx_word' id='word_1_771' title='bbox 3293 4696 3566 4765; x_wconf 87' lang='lat' dir='ltr'><strong>Stephano</strong></span> 
     </span>
    </p>
   </div>
   <div class='ocr_carea' id='block_1_106' title="bbox 1991 4789 3565 4859">
    <p class='ocr_par' dir='ltr' id='par_1_106' title="bbox 1991 4789 3565 4859">
     <span class='ocr_line' id='line_1_106' title="bbox 1991 4789 3565 4859; baseline 0.001 -16"><span class='ocrx_word' id='word_1_772' title='bbox 1991 4789 2460 4845; x_wconf 86' lang='lat' dir='ltr'><strong>Coharotritheita</strong></span> <span class='ocrx_word' id='word_1_773' title='bbox 2490 4791 2632 4859; x_wconf 86' lang='lat' dir='ltr'><strong>apud</strong></span> <span class='ocrx_word' id='word_1_774' title='bbox 2671 4790 2924 4844; x_wconf 88' lang='lat' dir='ltr'><strong>Photium</strong></span> <span class='ocrx_word' id='word_1_775' title='bbox 2961 4789 3028 4854; x_wconf 73' lang='lat'><strong>°’,</strong></span> <span class='ocrx_word' id='word_1_776' title='bbox 3075 4791 3321 4845; x_wconf 87' lang='lat' dir='ltr'><strong>eamdem</strong></span> <span class='ocrx_word' id='word_1_777' title='bbox 3346 4790 3565 4859; x_wconf 78' lang='lat' dir='ltr'><strong>Episto—</strong></span> 
     </span>
    </p>
   </div>
   <div class='ocr_carea' id='block_1_107' title="bbox 1990 4881 3564 4952">
    <p class='ocr_par' dir='ltr' id='par_1_107' title="bbox 1990 4881 3564 4952">
     <span class='ocr_line' id='line_1_107' title="bbox 1990 4881 3564 4952; baseline 0 -16"><span class='ocrx_word' id='word_1_778' title='bbox 1990 4883 2097 4936; x_wconf 90' lang='lat' dir='ltr'><strong>lam</strong></span> <span class='ocrx_word' id='word_1_779' title='bbox 2135 4885 2356 4952; x_wconf 81' lang='lat' dir='ltr'><strong>perinde</strong></span> <span class='ocrx_word' id='word_1_780' title='bbox 2387 4899 2494 4937; x_wconf 91' lang='lat' dir='ltr'><strong>non</strong></span> <span class='ocrx_word' id='word_1_781' title='bbox 2528 4884 2866 4938; x_wconf 86' lang='lat' dir='ltr'><strong>admittebat.</strong></span> <span class='ocrx_word' id='word_1_782' title='bbox 2911 4881 3009 4937; x_wconf 80' lang='lat' dir='ltr'><strong>llic</strong></span> <span class='ocrx_word' id='word_1_783' title='bbox 3038 4892 3216 4937; x_wconf 89' lang='lat' dir='ltr'><strong>tamen</strong></span> <span class='ocrx_word' id='word_1_784' title='bbox 3241 4881 3383 4937; x_wconf 88' lang='lat' dir='ltr'><strong>haud</strong></span> <span class='ocrx_word' id='word_1_785' title='bbox 3411 4883 3564 4936; x_wconf 80' lang='lat' dir='ltr'><strong>omit-</strong></span> 
     </span>
    </p>
   </div>
   <div class='ocr_carea' id='block_1_108' title="bbox 1991 4974 3558 5045">
    <p class='ocr_par' dir='ltr' id='par_1_108' title="bbox 1991 4974 3558 5045">
     <span class='ocr_line' id='line_1_108' title="bbox 1991 4974 3558 5045; baseline -0.001 -17"><span class='ocrx_word' id='word_1_786' title='bbox 1991 4975 2212 5028; x_wconf 90' lang='lat' dir='ltr'><strong>tendum</strong></span> <span class='ocrx_word' id='word_1_787' title='bbox 2242 4976 2474 5041; x_wconf 84' lang='lat' dir='ltr'><strong>edicere,</strong></span> <span class='ocrx_word' id='word_1_788' title='bbox 2499 4992 2530 5028; x_wconf 87' lang='lat' dir='ltr'><strong>a</strong></span> <span class='ocrx_word' id='word_1_789' title='bbox 2555 4976 2746 5045; x_wconf 83' lang='lat' dir='ltr'><strong>primis</strong></span> <span class='ocrx_word' id='word_1_790' title='bbox 2769 4974 3096 5030; x_wconf 66' lang='lat' dir='ltr'><strong>Christianae</strong></span> <span class='ocrx_word' id='word_1_791' title='bbox 3115 4974 3394 5044; x_wconf 80' lang='lat' dir='ltr'><strong>religionis</strong></span> <span class='ocrx_word' id='word_1_792' title='bbox 3427 4985 3558 5028; x_wconf 87' lang='lat' dir='ltr'><strong>tem-</strong></span> 
     </span>
    </p>
   </div>
   <div class='ocr_carea' id='block_1_109' title="bbox 1991 5065 3563 5138">
    <p class='ocr_par' dir='ltr' id='par_1_109' title="bbox 1991 5065 3563 5138">
     <span class='ocr_line' id='line_1_109' title="bbox 1991 5065 3563 5138; baseline 0 -18"><span class='ocrx_word' id='word_1_793' title='bbox 1991 5067 2217 5136; x_wconf 88' lang='lat' dir='ltr'><strong>poribus</strong></span> <span class='ocrx_word' id='word_1_794' title='bbox 2245 5065 2576 5121; x_wconf 89' lang='lat' dir='ltr'><strong>Clementem</strong></span> <span class='ocrx_word' id='word_1_795' title='bbox 2603 5067 2909 5123; x_wconf 84' lang='lat' dir='ltr'><strong>Romanum</strong></span> <span class='ocrx_word' id='word_1_796' title='bbox 2943 5068 3093 5124; x_wconf 88' lang='lat' dir='ltr'><strong>Pauli</strong></span> <span class='ocrx_word' id='word_1_797' title='bbox 3118 5069 3346 5138; x_wconf 82' lang='lat' dir='ltr'><strong>apostoli</strong></span> <span class='ocrx_word' id='word_1_798' title='bbox 3375 5083 3563 5138; x_wconf 78' lang='grc' dir='ltr'><strong>συνερ-</strong></span> 
     </span>
    </p>
   </div>
   <div class='ocr_carea' id='block_1_110' title="bbox 1989 5157 3561 5229">
    <p class='ocr_par' dir='ltr' id='par_1_110' title="bbox 1989 5157 3561 5229">
     <span class='ocr_line' id='line_1_110' title="bbox 1989 5157 3561 5229; baseline 0 -19"><span class='ocrx_word' id='word_1_799' title='bbox 1989 5159 2085 5228; x_wconf 85' lang='grc' dir='ltr'><strong>γόν</strong></span> <span class='ocrx_word' id='word_1_800' title='bbox 2118 5159 2158 5222; x_wconf 74' lang='grc'><strong>⁸,</strong></span> <span class='ocrx_word' id='word_1_801' title='bbox 2183 5159 2426 5229; x_wconf 87' lang='lat' dir='ltr'><strong>adeoque</strong></span> <span class='ocrx_word' id='word_1_802' title='bbox 2448 5157 2752 5213; x_wconf 77' lang='lat' dir='ltr'><strong>Romanam</strong></span> <span class='ocrx_word' id='word_1_803' title='bbox 2785 5159 3104 5226; x_wconf 83' lang='lat' dir='ltr'><strong>Ecclesiam,</strong></span> <span class='ocrx_word' id='word_1_804' title='bbox 3129 5159 3450 5215; x_wconf 76' lang='lat' dir='ltr'><strong>canonicam</strong></span> <span class='ocrx_word' id='word_1_805' title='bbox 3495 5157 3561 5210; x_wconf 84' lang='lat' dir='ltr'><strong>il-</strong></span> 
     </span>
    </p>
   </div>
   <div class='ocr_carea' id='block_1_111' title="bbox 1991 5251 3560 5326">
    <p class='ocr_par' dir='ltr' id='par_1_111' title="bbox 1991 5251 3560 5326">
     <span class='ocr_line' id='line_1_111' title="bbox 1991 5251 3560 5326; baseline 0.001 -20"><span class='ocrx_word' id='word_1_806' title='bbox 1991 5253 2098 5307; x_wconf 93' lang='lat' dir='ltr'><strong>lius</strong></span> <span class='ocrx_word' id='word_1_807' title='bbox 2131 5251 2388 5322; x_wconf 60' lang='lat' dir='ltr'><strong>Epistolas</strong></span> <span class='ocrx_word' id='word_1_808' title='bbox 2414 5254 2794 5310; x_wconf 89' lang='lat' dir='ltr'><strong>auctoritatem</strong></span> <span class='ocrx_word' id='word_1_809' title='bbox 2813 5257 3108 5326; x_wconf 79' lang='lat' dir='ltr'><strong>agnovisse</strong></span> <span class='ocrx_word' id='word_1_810' title='bbox 3133 5257 3187 5310; x_wconf 77' lang='grc' dir='ltr'>ἐ</span> <span class='ocrx_word' id='word_1_811' title='bbox 3219 5254 3362 5325; x_wconf 89' lang='lat' dir='ltr'><strong>quod</strong></span> <span class='ocrx_word' id='word_1_812' title='bbox 3389 5253 3560 5310; x_wconf 91' lang='lat' dir='ltr'><strong>miror</strong></span> 
     </span>
    </p>
   </div>
   <div class='ocr_carea' id='block_1_112' title="bbox 1991 5345 3559 5418">
    <p class='ocr_par' dir='ltr' id='par_1_112' title="bbox 1991 5345 3559 5418">
     <span class='ocr_line' id='line_1_112' title="bbox 1991 5345 3559 5418; baseline 0.001 -20"><span class='ocrx_word' id='word_1_813' title='bbox 1991 5345 2518 5414; x_wconf 88' lang='lat' dir='ltr'><strong>sacrosinterpretes</strong></span> <span class='ocrx_word' id='word_1_814' title='bbox 2535 5346 2798 5403; x_wconf 89' lang='lat' dir='ltr'><strong>hactenus</strong></span> <span class='ocrx_word' id='word_1_815' title='bbox 2826 5349 3170 5418; x_wconf 64' lang='lat' dir='ltr'><strong>praeteriisse.</strong></span> <span class='ocrx_word' id='word_1_816' title='bbox 3207 5348 3264 5402; x_wconf 90' lang='lat' dir='ltr'><strong>Si</strong></span> <span class='ocrx_word' id='word_1_817' title='bbox 3291 5347 3559 5416; x_wconf 77' lang='lat' dir='ltr'><strong>ejusmodi</strong></span> 
     </span>
    </p>
   </div>
   <div class='ocr_carea' id='block_1_113' title="bbox 1986 5436 3561 5506">
    <p class='ocr_par' dir='ltr' id='par_1_113' title="bbox 1986 5436 3561 5506">
     <span class='ocr_line' id='line_1_113' title="bbox 1986 5436 3561 5506; baseline 0.003 -16"><span class='ocrx_word' id='word_1_818' title='bbox 1986 5436 2348 5506; x_wconf 80' lang='lat' dir='ltr'><strong>fragmentum</strong></span> <span class='ocrx_word' id='word_1_819' title='bbox 2385 5437 2606 5494; x_wconf 89' lang='lat' dir='ltr'><strong>ineunte</strong></span> <span class='ocrx_word' id='word_1_820' title='bbox 2660 5440 2762 5494; x_wconf 94' lang='lat' dir='ltr'><strong>hoc</strong></span> <span class='ocrx_word' id='word_1_821' title='bbox 2817 5440 3017 5495; x_wconf 69' lang='lat' dir='ltr'><strong>smculo</strong></span> <span class='ocrx_word' id='word_1_822' title='bbox 3063 5441 3117 5494; x_wconf 93' lang='lat' dir='ltr'><strong>in</strong></span> <span class='ocrx_word' id='word_1_823' title='bbox 3159 5439 3334 5494; x_wconf 91' lang='lat' dir='ltr'><strong>lucem</strong></span> <span class='ocrx_word' id='word_1_824' title='bbox 3369 5438 3561 5494; x_wconf 74' lang='lat' dir='ltr'><strong>fuisset</strong></span> 
     </span>
    </p>
   </div>
   <div class='ocr_carea' id='block_1_114' title="bbox 1985 5529 3633 5610">
    <p class='ocr_par' dir='ltr' id='par_1_114' title="bbox 1985 5529 3633 5610">
     <span class='ocr_line' id='line_1_114' title="bbox 1985 5529 3633 5610; baseline -0.001 -25"><span class='ocrx_word' id='word_1_825' title='bbox 1985 5529 2211 5595; x_wconf 85' lang='lat' dir='ltr'><strong>editum,</strong></span> <span class='ocrx_word' id='word_1_826' title='bbox 2238 5529 2419 5585; x_wconf 90' lang='lat' dir='ltr'><strong>nullus</strong></span> <span class='ocrx_word' id='word_1_827' title='bbox 2457 5531 2645 5586; x_wconf 90' lang='lat' dir='ltr'><strong>dubito</strong></span> <span class='ocrx_word' id='word_1_828' title='bbox 2671 5533 2802 5602; x_wconf 91' lang='lat' dir='ltr'><strong>quin</strong></span> <span class='ocrx_word' id='word_1_829' title='bbox 2835 5531 2965 5588; x_wconf 91' lang='lat' dir='ltr'><strong>illud</strong></span> <span class='ocrx_word' id='word_1_830' title='bbox 3001 5532 3053 5586; x_wconf 90' lang='lat' dir='ltr'><strong>in</strong></span> <span class='ocrx_word' id='word_1_831' title='bbox 3088 5546 3216 5586; x_wconf 90' lang='lat' dir='ltr'><strong>suos</strong></span> <span class='ocrx_word' id='word_1_832' title='bbox 3261 5547 3392 5587; x_wconf 88' lang='lat' dir='ltr'><strong>usus</strong></span> <span class='ocrx_word' id='word_1_833' title='bbox 3425 5547 3558 5586; x_wconf 80' lang='lat' dir='ltr'><strong>con-</strong></span> <span class='ocrx_word' id='word_1_834' title='bbox 3631 5608 3633 5610; x_wconf 14' lang='grc' dir='ltr'><strong>η</strong></span> 
     </span>
    </p>
   </div>
   <div class='ocr_carea' id='block_1_115' title="bbox 2359 5641 3549 5715">
    <p class='ocr_par' dir='ltr' id='par_1_115' title="bbox 2359 5641 3549 5715">
     <span class='ocr_line' id='line_1_115' title="bbox 2359 5641 3549 5715; baseline -0.007 -17"><span class='ocrx_word' id='word_1_835' title='bbox 2359 5644 2401 5715; x_wconf 63' lang='grc' dir='ltr'><strong>ξιξ</strong></span> <span class='ocrx_word' id='word_1_836' title='bbox 2439 5641 2560 5697; x_wconf 87' lang='lat' dir='ltr'><strong>Vid.</strong></span> <span class='ocrx_word' id='word_1_837' title='bbox 2595 5644 2721 5698; x_wconf 83' lang='lat' dir='ltr'><strong>infr.</strong></span> <span class='ocrx_word' id='word_1_838' title='bbox 2763 5646 2867 5701; x_wconf 92' lang='lat' dir='ltr'><strong>col.</strong></span> <span class='ocrx_word' id='word_1_839' title='bbox 2907 5647 2997 5711; x_wconf 77' lang='lat'><strong>55,</strong></span> <span class='ocrx_word' id='word_1_840' title='bbox 3032 5645 3059 5715; x_wconf 63' lang='grc' dir='ltr'><strong>ς</strong></span> <span class='ocrx_word' id='word_1_841' title='bbox 3093 5645 3145 5698; x_wconf 78' lang='lat'><strong>5.</strong></span> <span class='ocrx_word' id='word_1_842' title='bbox 3197 5647 3242 5677; x_wconf 66' lang='grc' dir='ltr'><strong>θ’</strong></span> <span class='ocrx_word' id='word_1_843' title='bbox 3273 5643 3403 5715; x_wconf 79' lang='lat' dir='ltr'><strong>Ibid.</strong></span> <span class='ocrx_word' id='word_1_844' title='bbox 3439 5643 3549 5715; x_wconf 65' lang='lat' dir='ltr'><strong>gs.</strong></span> 
     </span>
    </p>
   </div>
   <div class='ocr_carea' id='block_1_116' title="bbox 2989 5780 3553 5855">
    <p class='ocr_par' dir='ltr' id='par_1_116' title="bbox 2989 5780 3553 5855">
     <span class='ocr_line' id='line_1_116' title="bbox 2989 5780 3553 5855; baseline -0.002 -15"><span class='ocrx_word' id='word_1_845' title='bbox 2989 5780 3227 5855; x_wconf 37' lang='lat' dir='ltr'><strong>rerum”</strong></span> <span class='ocrx_word' id='word_1_846' title='bbox 3255 5780 3397 5842; x_wconf 51' lang='lat' dir='ltr'><strong>Bibl:</strong></span> <span class='ocrx_word' id='word_1_847' title='bbox 3430 5780 3553 5840; x_wconf 71' lang='lat' dir='ltr'><strong>cod.</strong></span> 
     </span>
    </p>
   </div>
   <div class='ocr_carea' id='block_1_117' title="bbox 295 5707 663 5780">
    <p class='ocr_par' dir='ltr' id='par_1_117' title="bbox 295 5707 663 5780">
     <span class='ocr_line' id='line_1_117' title="bbox 295 5707 663 5780; baseline 0.008 -19"><span class='ocrx_word' id='word_1_848' title='bbox 295 5710 341 5780; x_wconf 59' lang='lat' dir='ltr'><strong>‘ff</strong></span> <span class='ocrx_word' id='word_1_849' title='bbox 365 5707 499 5762; x_wconf 80' lang='lat' dir='ltr'><strong>ibid.</strong></span> <span class='ocrx_word' id='word_1_850' title='bbox 545 5711 572 5780; x_wconf 84' lang='lat'>§</span> <span class='ocrx_word' id='word_1_851' title='bbox 609 5712 663 5764; x_wconf 73' lang='lat' dir='ltr'><strong>s.</strong></span> 
     </span>
    </p>
   </div>
   <div class='ocr_carea' id='block_1_118' title="bbox 300 5777 1408 5850">
    <p class='ocr_par' dir='ltr' id='par_1_118' title="bbox 300 5777 1408 5850">
     <span class='ocr_line' id='line_1_118' title="bbox 300 5777 1408 5850; baseline 0.005 -23"><span class='ocrx_word' id='word_1_852' title='bbox 300 5777 568 5834; x_wconf 53' lang='grc' dir='ltr'><strong>μειλιξὶ</strong></span> <span class='ocrx_word' id='word_1_853' title='bbox 647 5781 692 5811; x_wconf 78' lang='grc'><strong>⁸⁷</strong></span> <span class='ocrx_word' id='word_1_854' title='bbox 733 5780 926 5844; x_wconf 89' lang='lat' dir='ltr'><strong>Grab.,</strong></span> <span class='ocrx_word' id='word_1_855' title='bbox 976 5780 1160 5850; x_wconf 91' lang='lat' dir='ltr'><strong>Spicil.</strong></span> <span class='ocrx_word' id='word_1_856' title='bbox 1209 5791 1340 5836; x_wconf 89' lang='lat' dir='ltr'><strong>tom.</strong></span> <span class='ocrx_word' id='word_1_857' title='bbox 1370 5779 1408 5846; x_wconf 93' lang='lat' dir='ltr'><strong>I,</strong></span> 
     </span>
    </p>
   </div>
   <div class='ocr_carea' id='block_1_119' title="bbox 295 5850 2248 5924">
    <p class='ocr_par' dir='ltr' id='par_1_119' title="bbox 295 5850 2248 5924">
     <span class='ocr_line' id='line_1_119' title="bbox 295 5850 2248 5924; baseline 0.003 -21"><span class='ocrx_word' id='word_1_858' title='bbox 295 5850 398 5896; x_wconf 63' lang='lat'><strong>“33&quot;</strong></span> <span class='ocrx_word' id='word_1_859' title='bbox 532 5853 547 5881; x_wconf 79' lang='grc' dir='ltr'>ι</span> <span class='ocrx_word' id='word_1_860' title='bbox 577 5850 776 5915; x_wconf 80' lang='lat' dir='ltr'><strong>Philip.</strong></span> <span class='ocrx_word' id='word_1_861' title='bbox 804 5867 878 5904; x_wconf 78' lang='lat' dir='ltr'><strong>iv.</strong></span> <span class='ocrx_word' id='word_1_862' title='bbox 903 5851 957 5904; x_wconf 81' lang='grc'><strong>5.</strong></span> <span class='ocrx_word' id='word_1_863' title='bbox 1061 5855 1078 5882; x_wconf 82' lang='grc'>²</span> <span class='ocrx_word' id='word_1_864' title='bbox 1103 5853 1274 5906; x_wconf 82' lang='lat' dir='ltr'><strong>Clem.</strong></span> <span class='ocrx_word' id='word_1_865' title='bbox 1322 5850 1502 5914; x_wconf 76' lang='lat' dir='ltr'><strong>Rom.,</strong></span> <span class='ocrx_word' id='word_1_866' title='bbox 1532 5853 1687 5917; x_wconf 87' lang='lat' dir='ltr'><strong>epist.</strong></span> <span class='ocrx_word' id='word_1_867' title='bbox 1720 5856 1745 5908; x_wconf 85' lang='grc'><strong>1</strong></span> <span class='ocrx_word' id='word_1_868' title='bbox 1785 5853 1851 5909; x_wconf 87' lang='lat' dir='ltr'><strong>ad</strong></span> <span class='ocrx_word' id='word_1_869' title='bbox 1878 5854 2148 5924; x_wconf 89' lang='lat' dir='ltr'><strong>Corinth.,</strong></span> <span class='ocrx_word' id='word_1_870' title='bbox 2179 5855 2248 5909; x_wconf 75' lang='lat'><strong>56</strong></span> 
     </span>
    </p>
   </div>
  </div>
