4006 6356
384 392 456 447 23
1565 388 1700 444 CAll
1739 389 2008 444 ROMANI
2044 387 2470 444 PRESBYTERI
3569 383 3639 438 24

388 505 640 562 vertisset
669 503 916 560 eruditus
941 501 1271 558 Humfredus
1301 501 1527 569 Hodius,
1549 501 1677 557 dum
1701 501 1956 556 librorum
1985 509 2030 564 Α
2061 501 2404 572 conslgnavit
2431 498 2628 555 Pastor
2669 499 3017 569 inscriptum.
3050 499 3217 554 Docet
3245 497 3409 568 igitur
3435 496 3638 552 Fonta-

387 596 699 651 biblicorum
745 611 1017 649 numerum
1070 611 1134 647 ac
1165 593 1402 648 ordinem
1433 594 1591 664 juxta
1622 594 1968 648 saeculorum

383 689 580 744 seriem
611 697 892 759 pertexere
924 687 1175 742 studebat
1197 688 1238 740 ³.

456 779 593 834 illud
665 793 882 849 quoque
953 777 1430 834 animadversione
1461 777 1684 849 dignum
1709 777 1969 840 occurrit,

387 885 447 929 ut
491 872 653 927 modo
693 869 946 925 monebat
992 878 1178 924 noster
1220 869 1431 934 editor,
1475 870 1621 940 quod
1672 869 1966 941 fragmenti

387 966 616 1036 scriptor
641 963 668 1035 ᾖ
693 961 760 1017 ιν
787 961 1048 1016 Miltiadis
1094 960 1333 1016 haeretici
1355 962 1686 1016 mentionem
1709 961 1920 1032 injiciat
1949 1001 1963 1016 .

388 1066 447 1111 ut
486 1063 766 1126 propterea
799 1067 1013 1123 aequum
1063 1050 1229 1106 fuerit
1269 1051 1616 1119 existimare,
1661 1063 1970 1122 excerptum

389 1151 532 1205 istud
559 1149 626 1204 ad
673 1148 822 1202 illam
855 1145 1280 1214 disputationem
1324 1144 1628 1214 pertinere,
1662 1160 1829 1215 quam
1876 1144 1974 1199 ad-

388 1259 580 1298 versus
603 1240 898 1297 Proculum
940 1239 1412 1312 Cataphrygarum
1454 1247 1780 1294 sectatorem
1805 1238 1972 1294 Caius

389 1335 648 1391 instituit.
685 1333 934 1389 Asterius
975 1333 1120 1388 enim
1149 1331 1403 1388 Urbanus
1445 1332 1589 1402 apud
1623 1330 1919 1386 Eusebium
1949 1331 1972 1363 ⁸

390 1425 495 1482 sub
527 1425 705 1495 ipsum
741 1424 955 1479 initium
983 1425 1162 1494 operis
1196 1423 1343 1495 quod
1369 1424 1637 1480 adversus
1671 1423 1972 1496 Cataphry-

391 1533 487 1589 gas
523 1517 867 1587 composuit,
908 1515 1167 1571 Miltiadis
1202 1515 1450 1571 haeresim
1494 1517 1760 1572 nominat.
1822 1515 1972 1572 Unde

393 1614 753 1668 confirmatur
800 1609 1020 1665 Eusebii
1068 1609 1261 1675 lectio,
1293 1609 1376 1664 lut
1411 1620 1464 1665 et
1511 1608 1802 1680 Nicephori
1851 1625 1971 1665 eam

391 1701 752 1757 exscribentis
785 1702 828 1767 ⁸,
877 1717 907 1756 a
941 1699 1159 1756 Valesio
1199 1709 1253 1756 et
1283 1699 1472 1771 Laugo
1508 1701 1835 1767 sollicitata,
1875 1702 1970 1773 qui

393 1797 514 1852 loco
577 1793 842 1848 Miltiadis
894 1794 1332 1850 substituendum
1392 1795 1722 1850 Alcibiadem
1779 1795 1970 1851 existi-

2076 592 2238 648 ninus
2259 609 2328 649 ex
2356 593 2612 664 Catalogo
2645 591 2984 648 Buclteriano
3005 630 3024 658 ,
3054 591 3346 644 Anastasio
3376 589 3636 660 aliisque,

2074 682 2380 740 Hermetem
2415 685 2496 740 Pii
2529 685 2752 740 fratrem
2784 683 2982 738 librum
3027 682 3338 752 scripsisse,
3379 697 3526 736 nunc
3544 682 3640 736 de-

2073 780 2379 847 perditum,
2420 778 2485 832 de
2536 778 2795 832 Paschate
2824 777 2912 832 die
2950 775 3234 830 Dominico
3281 774 3632 841 celebrando,

2074 873 2130 926 in
2166 888 2266 942 quo
2306 869 2619 924 mandatum
2657 866 3022 922 continebatur
3060 865 3198 936 quod
3235 865 3285 919 ei
3327 874 3640 934 preceperat

2075 963 2333 1034 Angelus,
2362 979 2479 1016 cum
2513 962 2649 1016 venit
2679 959 2749 1014 ad
2769 975 2886 1015 eum
2910 960 2966 1013 in
2991 957 3177 1012 habitu
3205 961 3455 1026 pastoris.
3490 957 3644 1014 Unde

2075 1057 2152 1112 illi
2183 1056 2251 1111 ab
2280 1055 2526 1127 angelico
2557 1054 2779 1108 Pastore
2808 1052 2965 1123 cujus
2993 1051 3170 1106 visum
3203 1051 3257 1104 in
3290 1066 3390 1107 suo
3411 1051 3474 1106 de
3507 1050 3645 1106 Pas-

2074 1149 2224 1202 cliate
2255 1147 2396 1203 libro
2431 1146 2735 1211 enarravit,
2777 1154 2965 1216 postea
3005 1154 3427 1214 cognomentum
3458 1144 3642 1201 adha-

2074 1240 2145 1296 sit
2163 1281 2178 1307 ,
2206 1241 2488 1310 dictusque
2522 1239 2647 1294 inde

2145 1331 2423 1402 Angelicus
2453 1331 2667 1395 Pastor,
2696 1333 2822 1402 quia
2853 1332 3056 1387 tradita
3095 1332 3253 1387 verba
3291 1331 3499 1385 locutus
3519 1371 3536 1396 ,

2073 1433 2133 1480 ut
2160 1424 2734 1480 canitvetustissimus
2768 1424 3002 1495 scriptor
3036 1422 3303 1493 poematis
3339 1424 3392 1478 in
3415 1422 3644 1477 Marcio-

2072 1533 2197 1572 nem
2223 1517 2325 1572 sub
2362 1517 2522 1573 tinem
2547 1516 2670 1571 libri
2704 1533 2783 1571 nt.
2811 1515 2935 1573 Haec
2968 1517 3183 1588 aliaque
3212 1518 3366 1588 plura
3406 1517 3459 1572 in
3498 1533 3646 1572 eam-

2072 1609 2193 1664 dem
2242 1609 2562 1664 sententiam
2613 1609 2866 1664 laudatus
2919 1610 3005 1664 vir
3052 1610 3322 1665 eruditus.
3373 1607 3646 1664 Habemus

2073 1699 2238 1769 igitur
2265 1699 2515 1778 Hermem
2532 1699 2612 1754 Pii
2638 1699 2659 1753 l
2688 1699 2929 1766 fratrem,
2961 1711 3324 1772 cognomento
3347 1702 3645 1768 Pastorem,

2073 1794 2168 1862 qui
2197 1792 2399 1847 librum
2433 1793 2498 1847 de
2522 1793 2783 1848 Paschate
2813 1794 3051 1864 scripsit.

393 1896 566 1942 maut.
606 1885 794 1956 Neque
836 1885 992 1941 aliter
1027 1885 1337 1942 Dodwellus
1371 1887 1412 1954 °,
1443 1886 1569 1942 licet
1610 1886 1772 1942 aliam
1810 1887 1974 1958 hujus
2005 1863 2047 1918 Β
2143 1883 2213 1938 At
2251 1886 2394 1939 enim
2433 1884 2724 1956 fragmenti
2767 1863 2960 1941 auctor
2991 1899 3099 1940 non
3129 1884 3384 1941 Hermam
3425 1886 3514 1940 cui
3544 1901 3645 1941 no-

393 1979 500 2035 loci
533 1995 750 2034 causam
779 1991 831 2033 et
866 1979 1132 2034 rationem
1165 1980 1331 2035 ineat.

469 2071 608 2126 Sunt
638 2081 897 2141 praetcrea
931 2080 1122 2127 notatu
1150 2073 1308 2142 plane
1340 2070 1662 2143 dignissima
1683 2111 1698 2137 ,
1727 2085 1848 2140 qua:
1877 2084 1974 2124 eo-

395 2164 518 2217 dem
559 2160 586 2234 §
632 2160 723 2223 IV,
773 2164 1046 2218 memoria:
1105 2162 1342 2233 prodidit
1393 2162 1683 2233 fragmenti
1730 2170 1972 2216 auctor:

394 2254 945 2323 Pssroneanquit,
988 2255 1285 2324 nuperrime
1331 2255 1644 2322 temporibus
1686 2253 1878 2308 nostris
1920 2252 1976 2304 in

397 2344 522 2399 urbe
550 2343 717 2397 Roma
749 2341 946 2396 flerma
978 2343 1289 2412 conscripsit
1310 2382 1326 2407 ,
1359 2344 1564 2397 sedente
1602 2344 1853 2398 cathedra
1882 2360 1976 2397 ur-

399 2437 476 2491 bis
511 2437 686 2491 Romte
719 2434 970 2490 Ecclesia:
1001 2434 1104 2488 Pio
1139 2437 1378 2506 episcopo
1411 2435 1577 2506 fratre
1597 2435 1730 2506 ejus.
1766 2435 1978 2502 Quibus

397 2529 578 2584 verbis
608 2529 717 2582 vim
753 2527 936 2582 inesse
987 2527 1283 2582 max-imam
1325 2527 1449 2596 jure
1481 2528 1694 2582 censuit
1723 2527 1980 2584 eruditis-

399 2622 577 2677 simus
607 2620 803 2676 editor.
840 2619 967 2686 Sed,
995 2627 1056 2674 ut
1090 2635 1217 2675 vere
1247 2619 1448 2686 dicam,
1479 2626 1563 2674 est
1596 2620 1649 2673 in
1679 2619 1783 2674 loci
1817 2619 1980 2689 hujus

397 2713 842 2784 interpretatione
893 2711 1263 2768 Muratoriana
1286 2752 1301 2775 ,
1338 2712 1485 2782 quod
1521 2727 1630 2766 non
1669 2713 1802 2768 satis
1834 2728 1982 2768 asse.

406 2821 567 2874 quor.
607 2804 833 2859 Videtur
887 2805 1031 2858 enim
1078 2804 1193 2874 ipse
1239 2804 1401 2858 allata
1450 2805 1616 2859 verba
1666 2805 1733 2859 de
1781 2804 1981 2860 lic-rma

401 2913 520 2951 viro
568 2895 869 2966 apostolico
903 2895 1207 2965 accepisse,
1240 2896 1470 2965 ejusque
1509 2897 1814 2966 respexisse
1846 2913 1983 2968 opus

403 2987 548 3056 quod
570 2988 872 3043 etiamnum
901 2995 1140 3056 supcrat,
1169 2987 1327 3042 titulo
1359 2987 1602 3042 Pastoris
1637 2989 1980 3060 inscriptum.

405 3089 464 3139 tn
494 3078 635 3133 hanc
667 3086 848 3133 autem
871 3079 1194 3133 sententiam
1226 3095 1292 3134 ex
1326 3095 1394 3134 eo
1425 3079 1768 3149 potissimum
1811 3081 1985 3137 addu-

2074 1992 2197 2030 men
2227 1977 2458 2031 inditum
2481 1976 2700 2042 Pastor,
2736 1978 2830 2032 sed
2861 1976 3115 2032 Hermam
3148 1977 3388 2034 Pastoris
3419 1979 3649 2048 scripto-

2075 2084 2190 2123 rem
2235 2069 2487 2138 appellat.
2529 2067 2629 2124 Cui
2662 2069 2876 2138 quidem
2912 2070 3207 2139 objectioni
3255 2079 3316 2124 ut
3359 2070 3644 2134 llatsatis,

2077 2161 2208 2217 illud
2241 2177 2408 2216 unum
2436 2162 2751 2232 reponimus
2783 2162 2928 2232 quod
2966 2162 3033 2217 de
3054 2161 3268 2218 Hermas
3294 2162 3515 2218 Pastore
3548 2179 3646 2219 nos

2078 2253 2201 2307 alibi
2238 2254 2442 2309 dixisse
2464 2253 2836 2309 meminimus.
2860 2252 3126 2308 Nimirum
3148 2297 3162 2321 ,
3187 2257 3646 2324 quemadmodum

2077 2349 2178 2402 viri
2228 2348 2510 2419 apostolici
2553 2363 2692 2419 opus
2731 2347 2970 2418 antiquis
3016 2347 3271 2404 Patribus
3312 2346 3508 2402 Pastor
3551 2364 3648 2404 seu

2079 2441 2212 2496 liber
2233 2441 2477 2496 Pastoris
2510 2441 2807 2512 appellatus
2835 2439 2955 2506 fuit,
2989 2441 3114 2496 inde
3143 2441 3374 2496 fortasse
3405 2441 3648 2498 derivata

2079 2531 2523 2587 denominatione
2572 2531 2926 2601 hujusmodi,
2981 2531 3126 2602 quod
3188 2531 3243 2586 in
3308 2539 3424 2586 toto
3481 2530 3652 2587 ferme

2080 2639 2244 2694 opere
2260 2623 2455 2679 Pastor
2489 2624 2763 2680 inducitur
2789 2622 3041 2678 Hermam
3080 2624 3364 2694 alloquens
3393 2632 3447 2679 et
3474 2622 3652 2678 infor-

2082 2732 2237 2771 mans
2269 2733 2280 2768 :
2311 2717 2382 2772 ita
2409 2732 2627 2786 quoque
2667 2715 2984 2785 contigerit,
3021 2725 3080 2770 ut
3119 2725 3173 2770 et
3210 2714 3481 2770 Hermetis
3514 2715 3652 2770 liber

2081 2809 2144 2862 de
2163 2807 2422 2862 Paschate
2439 2807 2620 2873 fuerit,
2640 2805 2920 2862 nonnullis
2945 2805 3158 2870 saltem,
3187 2806 3386 2860 Pastor
3411 2805 3654 2860 nomina-

2082 2909 2170 2954 tus
2196 2917 2210 2965 ;
2235 2899 2363 2968 quia
2400 2898 2546 2952 illius
2573 2906 2766 2953 auctor
2792 2897 2855 2951 de
2881 2897 2948 2950 iis
2970 2896 3214 2965 scripsit,
3246 2912 3364 2966 qua:
3385 2896 3432 2949 ei
3454 2911 3648 2964 prlece-

2082 2993 2161 3062 pit
2194 2991 2422 3062 Angelus
2444 3030 2460 3055 ,
2497 3007 2615 3044 cum
2644 2991 2780 3044 venit
2811 2990 2879 3042 ad
2909 3006 3027 3044 eum
3061 2990 3117 3042 in
3149 2989 3337 3042 habitu
3367 2986 3608 3041 Pastoris
3631 3025 3647 3051 ,

2083 3092 2143 3138 ut
2181 3082 2341 3137 habet
2376 3080 2666 3152 Catalogus
2708 3079 2751 3133 ll
2795 3078 3244 3135 Henschenianus
3281 3094 3296 3131 :
3347 3078 3490 3132 unde
3542 3092 3651 3132 non

404 3186 519 3236 cor,
554 3170 700 3240 quod
732 3169 795 3223 V.
820 3170 881 3224 C.
917 3170 1068 3224 illum
1113 3169 1326 3227 Hermae
1357 3172 1555 3227 librum
1599 3172 1846 3226 celebrem
1887 3190 1983 3229 vo-
2011 3207 2052 3263 ο
2086 3173 2263 3230 solum
2309 3173 2596 3244 scriptori,
2623 3172 2714 3228 sed
2745 3171 2864 3241 ejus
2898 3171 3062 3225 etiam
3098 3169 3237 3224 libro
3275 3168 3514 3223 Pastoris
3552 3183 3650 3223 no-

407 3273 512 3329 cet,
544 3273 604 3318 ut
633 3279 760 3318 vere
793 3273 876 3318 est
903 3262 1143 3318 Pastoris
1175 3280 1313 3335 opus
1341 3270 1497 3335 cujus
1525 3276 1715 3320 auctor
1732 3264 1980 3331 Hermas,

407 3355 645 3446 antiquis
689 3353 943 3409 Patribus
993 3356 1224 3411 summis
1247 3356 1510 3446 jaudibus
1543 3359 1891 3414 celebratum.
1927 3359 1982 3413 Si

406 3443 675 3514 ejusmodi
705 3445 775 3499 sit
802 3443 1084 3500 Maratorii
1118 3443 1310 3502 sensus
1339 3458 1393 3502 et
1424 3449 1629 3519 opinio,
1664 3449 1716 3503 in
1753 3450 1980 3506 nihilum

411 3536 526 3591 abit
562 3537 682 3606 ejus
713 3548 1077 3607 argumentum
1114 3539 1379 3594 robustius
1413 3554 1432 3593 :
1470 3540 1734 3611 siquidem
1767 3552 1986 3614 aposto-

411 3627 551 3683 licus
584 3625 811 3683 Hermas
843 3643 1019 3698 neque
1063 3627 1154 3683 Pii
1190 3627 1220 3682 1
1255 3631 1422 3699 frater
1441 3632 1680 3697 exstitit,
1707 3649 1881 3702 neque
1916 3634 1985 3687 ad

411 3716 692 3770 dimidium
722 3718 902 3772 saeculi
930 3735 963 3772 a
993 3718 1201 3773 Christo
1235 3729 1360 3774 nato
1391 3721 1604 3776 secundi
1637 3722 1820 3777 floruit
1845 3742 1859 3792 ;
1891 3724 1986 3794 qui

412 3807 672 3863 nimirum
717 3817 939 3864 centum
985 3819 1111 3866 ante
1165 3826 1340 3868 annos
1388 3813 1491 3868 sub
1540 3812 1833 3870 Clementis
1875 3813 1987 3870 Ro-

414 3899 561 3954 mani
599 3900 914 3970 pontiﬁcatu
967 3901 1170 3957 vixisse
1217 3905 1572 3974 comperitur,
1620 3916 1678 3960 ut
1723 3907 1790 3961 ad
1835 3907 1988 3961 volu-

414 4005 537 4044 men
569 3989 593 4050 ι
621 3991 966 4048 Bibliotheca:
1024 4002 1227 4049 nostra:
1273 3995 1482 4065 praefati
1526 4012 1718 4053 sumus
1749 3999 1787 4052 ⁷.
1835 3996 1989 4054 Alius

414 4083 580 4153 igitur
619 4087 946 4158 quaerendus
1001 4086 1228 4146 Hermas
1285 4091 1370 4146 vel
1421 4090 1694 4160 Hermes,
1744 4094 1836 4164 qui
1894 4111 1990 4150 sae-

414 4174 540 4228 culo
581 4187 620 4229 tt
663 4176 882 4239 clarus,
926 4175 1061 4230 Piil
1107 4177 1274 4234 frater
1305 4178 1498 4248 fuerit,
1542 4183 1744 4253 quique
1789 4185 1987 4239 librum

417 4263 664 4319 Pastoris
705 4265 860 4321 titulo
892 4268 1212 4338 scripserit:
1249 4287 1357 4340 quo
1397 4273 1562 4329 semel
1603 4275 1809 4344 posito,
1846 4274 1991 4346 frag-

419 4356 588 4412 menti
627 4358 871 4426 acephali
904 4371 1181 4414 auctorem
1213 4361 1404 4416 Caium
1444 4379 1565 4419 esse
1599 4374 1829 4422 constet.
1868 4365 1990 4422 Jam

419 4462 550 4503 vero
582 4447 663 4502 vir
692 4449 1000 4504 eruditione
1029 4459 1294 4520 praestans
1329 4451 1517 4510 Justus
1550 4454 1886 4512 Fontaninus
1907 4457 1991 4510 lu-

2085 3280 2211 3321 men
2239 3264 2532 3319 inhaeserit.
2568 3263 2693 3318 Παῖς
2721 3270 2930 3317 tantum
2963 3262 3014 3315 in
3041 3260 3449 3330 praesentiarum
3481 3259 3650 3315 habe-

2086 3372 2230 3422 mus,
2258 3355 2458 3425 quibus
2495 3351 3117 3424 propositazldillicultati
3139 3364 3514 3404 occurramus.
3549 3347 3652 3404 Ve-

2085 3461 2206 3500 rum
2243 3445 2579 3500 eruditorum
2623 3441 2850 3498 arbitrio
2888 3456 3000 3496 rem
3034 3438 3395 3496 deliniendam
3428 3438 3655 3494 dimitti-

2086 3553 2233 3592 mus.

2157 3630 2424 3685 Caeterum
2479 3627 2638 3683 doleo
2681 3626 2933 3697 equidem
2978 3622 3247 3694 ejusmodi
3291 3622 3653 3691 fragmentum

2084 3739 2205 3779 esse
2237 3721 2393 3778 foedis
2419 3720 2778 3776 deformatum
2810 3720 3108 3775 erroribus.
3143 3716 3244 3772 Sed
3266 3755 3281 3782 ,
3308 3724 3368 3770 ut
3389 3729 3512 3769 cum
3539 3729 3656 3767 ma-

2087 3831 2195 3886 gno
2237 3813 2469 3868 Baronio
2513 3813 2709 3884 loquar
2747 3814 2790 3880 ’,
2828 3811 3083 3884 quidquid
3130 3809 3418 3880 antiquitas
3459 3807 3650 3875 offert,

2087 3909 2192 3962 sive
2232 3923 2498 3960 corrosum
2539 3906 2903 3960 mendosumve
2934 3905 3037 3970 sit,
3081 3903 3250 3972 accipi
3296 3911 3464 3954 tamen
3505 3908 3656 3970 grato

2089 3999 2265 4052 animo
2293 3999 2444 4053 solet.

2160 4090 2234 4145 De
2260 4091 2368 4145 alio
2402 4099 2581 4145 autem
2614 4104 2776 4159 opere
2807 4088 2941 4161 Περὶ
2968 4087 3069 4157 τῆς
3095 4084 3189 4139 τοῦ
3219 4083 3417 4146 παντὸς
3447 4082 3654 4146 οὐσίας,

2087 4182 2232 4252 quod
2256 4197 2287 4236 a
2312 4197 2372 4237 se
2397 4182 2655 4252 scriptum
2687 4181 2740 4234 in
2777 4181 2883 4236 line
2909 4179 3216 4249 Labyrinthi
3241 4184 3471 4232 testatur
3493 4176 3656 4230 Caius

2091 4273 2232 4344 apud
2271 4272 2524 4328 Photium
2556 4273 2680 4327 loco
2712 4271 2966 4341 superius
2989 4273 3151 4326 citato
3171 4310 3186 4336 ,
3220 4276 3415 4339 praeter
3443 4283 3506 4323 ea
3537 4283 3660 4337 qua:

2090 4363 2231 4421 infra
2265 4365 2490 4421 dicenda
2533 4373 2662 4421 sunt
2701 4363 2794 4419 ubi
2843 4364 2909 4419 de
2943 4363 3219 4435 Hippolyti
3250 4361 3502 4432 scriptis,
3534 4376 3660 4416 con-

2092 4459 2244 4516 sulas
2285 4460 2444 4515 velim
2487 4475 2599 4531 pra:
2635 4459 2832 4515 ceteris
2869 4456 3269 4513 Tillemontium
3303 4457 3367 4522 ¹⁰,
3408 4471 3509 4512 nec
3548 4469 3656 4508 non

422 4540 666 4597 culenter
708 4541 946 4596 ostendit
996 4541 1041 4609 ⁸,
1085 4540 1391 4600 liermetem
1440 4548 1613 4602 sancti
1650 4547 1732 4604 Pii
1772 4548 1992 4604 fratrem
2024 4548 2069 4607 D
2099 4561 2352 4607 auctores
2392 4551 2648 4608 Historiae
2677 4551 2958 4608 litterariae
2987 4550 3206 4607 Gallica:
3233 4550 3296 4616 “,
3336 4548 3430 4604 sed
3463 4548 3519 4602 in
3548 4546 3660 4617 pri-

421 4633 580 4703 plane
617 4631 892 4686 diversum
937 4647 1059 4688 esse
1105 4635 1174 4689 ab
1211 4634 1406 4692 Herma
1432 4678 1446 4704 ,
1476 4640 1569 4708 qui
1616 4655 1752 4710 opus
1794 4640 1988 4698 litteris

493 4747 512 4779 ³
552 4745 710 4832 llud”
740 4746 821 4832 de_
841 4747 1059 4832 Biblior.
1091 4753 1279 4832 textili.
1309 4754 1504 4822 origin.
1541 4754 1978 4832 libLIv,_cap._4,

2085 4775 2138 4828 g.
2170 4760 2272 4815 644
2291 4803 2306 4828 ,
2333 4777 2485 4832 seqq.

583 4816 886 4903 'Jﬁieeplt”
915 4817 1049 4903 Hist.
1073 4823 1204 4903 eccl.
1227 4823 1319 4903 lib:
1346 4816 1552 4903 t_v'.'ca’p.
1576 4825 1667 4881 23.
1723 4816 1759 4857 ’⁸
1787 4816 1985 4903 ᾒιὼξνέ
2010 4816 2245 4903 i)_i§sert._
2267 4816 2305 4886 ί
2368 4816 2508 4903 1ὼῇ.
2530 4873 2546 4896 ,
2578 4831 2605 4903 §
2641 4831 2709 4886 58
2732 4873 2747 4896 ,
2785 4816 2925 4903 pag.
2970 4831 3093 4903 37f.

425 4886 564 4972 βξυι.
608 4885 711 4941 PP.
750 4885 1220 4972 toni.m_l,_cap.ﬁ2,
1257 4893 1318 4964 §§
1345 4895 1458 4972 luet
1489 4885 1559 4958 Ξ,
1595 4896 1887 4972 pagg._26,
1921 4899 1990 4953 28
2016 4897 2181 4972 (Patr.
2217 4885 2311 4958 Cr.
2335 4943 2349 4965 ,
2384 4885 2537 4972 LII).

425 4957 521 5010 lib.
555 4973 760 5041 n_,_t;ap.
783 4959 848 5041 Α,
1021 4956 1083 5041 et
1103 4963 1156 5026 9.,
1178 4956 1443 5041 _pa;,';g._55
1473 4956 1625 5036 seqq'.
1665 4956 1728 5000 ’Ὗ
1763 4956 1978 5041 Harum,

2079 4968 2086 5020 Ι
2113 4956 2244 5029 ann.
2277 4956 2417 5041 4'51,
2444 4956 2576 5041 §§7.

427 5043 550 5114 pag.
584 5027 727 5114 t76.’
783 5029 825 5061 “
862 5027 1000 5087 Hist.
1023 5029 1127 5090 litt.
1160 5027 1226 5089 de
1252 5027 1566 5102 la'Frauce,
1590 5027 1730 5094 'tom.
1761 5035 1812 5106 Ι,
1846 5027 1986 5112 part.
2016 5054 2066 5107 ι,
2091 5027 2371 5114 ραεξῦὄέ).

426 5099 534 5153 4ϋό
562 5113 716 5170 seqq.

2097 4643 2204 4700 mis
2238 4643 2569 4701 Dodwellum
2602 4647 2670 4702 “.

2603 4762 2624 4793 δ
2658 4760 2854 4816 Euseb.
2881 4801 2895 4825 ,
2945 4757 3078 4813 Hist.
3139 4757 3270 4813 eccl.
3321 4755 3415 4809 lib.
3456 4769 3508 4816 v,
3538 4767 3656 4820 cap-

2641 4831 2707 4860 ἰο
2804 4847 2907 4860 ...ιη
2971 4831 3065 4860 σιτ-η
3182 4829 3201 4860 ’1
3241 4825 3519 4860 ιδιηηιοηηηι
3593 4822 3656 4860 ml

2696 4831 2747 4896 ι,
2804 4822 2925 4901 pag.
2970 4831 3093 4886 571.
3182 4829 3201 4860 ⁷
3240 4825 3542 4896 Prolegom.
3593 4822 3660 4877 ad

2696 4903 2718 4934 ⁸
2773 4902 3040 4964 Fontan.,
3085 4898 3222 4954 Hist.
3279 4897 3380 4951 litt.
3438 4895 3660 4966 Aquil.,

2749 4974 2790 5004 ¹⁰
2831 4963 3083 5034 Tillem.,
3107 4969 3268 5024 Métn.
3293 5009 3306 5034 ,
3368 4963 3519 5020 tom;
3559 4963 3662 5030 ΙΙΙ,

2471 5047 2490 5076 ³
2528 5041 2714 5098 Dodw.
2759 5040 3047 5098 Dissert.6
3098 5041 3266 5106 lren.,
3317 5036 3345 5110 θ
3388 5035 3474 5103 18,
3536 5051 3659 5107 pag.
