4006 6356
408 434 417 447 .
463 380 537 439 27
1641 388 1778 444 CAll
1811 386 2078 445 ROMANI
2118 360 2544 446 PRESBYTER!
3631 389 3703 444 es

265 452 275 561 ί
456 499 606 568 pisse
636 505 691 551 et
724 495 1011 563 docuisse;
1044 512 1108 553 ac
1150 498 1555 568 praedicationis
1590 502 1810 571 quidem
1840 503 2040 558 veritam

2148 503 2354 575 Βαχέναι
2403 501 2594 567 ταῦτα,
2635 500 2672 556 ἀ
2714 500 2808 555 νῦν
2833 493 2975 555 οὗτοι
3008 498 3241 569 λέγουσι·
3273 500 3367 555 καὶ
3385 503 3714 575 τετηρῆσθαι

408 646 415 652 ,
458 602 564 645 tem
590 604 711 645 esse
738 589 1066 645 custoditum
1098 606 1271 661 usque
1298 592 1365 647 ad
1389 591 1622 650 Victoris
1646 602 1910 665 tempora,
1938 596 2031 666 qui

2148 596 2235 666 τὴν
2275 594 2534 666 ἀλήθειαν
2573 591 2668 647 τοῦ
2720 592 3073 666 κηρύγματος
3124 593 3284 665 μέχρι
3315 592 3423 647 τῶν
3461 595 3714 669 Βίκτορος

456 680 653 736 tertius
666 681 954 737 dccimusa
975 681 1134 739 Petro
1151 683 1412 740 Romana:
1424 686 1575 740 urbis
1590 687 1879 757 episcopus
1896 686 2030 755 fuit;

454 772 810 849 wing-iui
843 782 1023 829 autem
1048 775 1385 845 temporibus
1404 775 2031 851 qwtgrisucpgssit,

458 862 818 931 a'lulteratam
864 862 1036 919 fuisse
1074 864 1380 919 veritatem.
1425 865 1504 921 Ac
1539 864 1770 923 fortasse
1803 867 1857 922 id
1886 867 2035 937 quod

459 954 669 1021 dicunt,
701 954 962 1009 credibile
1006 954 1301 1019 videretur,
1358 956 1463 1011 nisi
1501 958 1583 1012 eis
1631 957 2037 1028 refragarentur

818 833 1053 846 ww—

458 923 755 935 Μ

784 925 1028 935 Μ

460 1045 699 1115 primum
734 1044 951 1114 quidem
994 1044 1192 1099 divina:
1227 1042 1544 1116 Scriptum,
1582 1046 1776 1102 deinde
1803 1047 2032 1103 fratrum

459 1137 819 1206 quorumdam
845 1128 1070 1206 scripta,
1101 1135 1340 1194 Victoris
1365 1147 1524 1193 astate
1547 1139 1878 1209 antiquiora,
1914 1156 2037 1211 quae

462 1228 539 1282 illi
570 1229 832 1283 adversus
865 1237 1052 1297 gentes
1079 1236 1133 1282 et
1167 1237 1358 1283 contra
1400 1229 1486 1284 sui
1525 1230 1787 1301 temporis
1824 1233 2038 1287 lucreti-

462 1334 555 1373 cos
579 1333 677 1388 pro
709 1319 956 1373 veritatis
989 1318 1306 1375 defensione
1341 1321 1678 1390 scripserunt
1715 1340 1728 1376 :
1759 1321 2065 1379 Justinum'

463 1412 722 1482 intelligo,
748 1420 802 1466 et
826 1411 1214 1476 Miltiadem,et
1244 1411 1556 1480 Tatianum,
1585 1429 1649 1468 ac
1679 1413 2033 1481 Clementem,

462 1504 709 1573 aliosque
739 1505 1173 1574 quamplurimos
1209 1522 1223 1559 :
1255 1504 1309 1558 in
1339 1519 1577 1574 quorum
1606 1506 1852 1560 omnium
1880 1506 2037 1562 libris

461 1595 663 1650 Christi
695 1595 953 1651 divinitas
999 1596 1283 1651 astruitur.
1333 1594 1471 1651 Nam.
1505 1596 1694 1652 laenaei
1727 1598 1946 1668 quidem
1984 1606 2039 1654 et

464 1686 732 1742 hlelitonis
777 1696 832 1742 et
864 1688 1199 1758 reliquorum
1236 1689 1437 1758 scripta
1471 1686 1598 1757 quis
1627 1699 1710 1745 est
1748 1690 1843 1759 qui
1884 1689 2038 1760 igno—

462 1786 565 1844 ret,
603 1777 660 1833 in
711 1779 911 1848 quibus
944 1779 1221 1834 Christum
1259 1779 1428 1835 Deum
1464 1779 1631 1835 simul
1664 1791 1826 1851 atque
1859 1780 2037 1834 homi-

462 1885 585 1924 nem
639 1872 1036 1940 praedicarunt?
1097 1872 1299 1927 Psalmi
1345 1888 1564 1943 quoque
1600 1882 1654 1929 et
1687 1874 1895 1930 cantica
1926 1873 2038 1928 fra-

465 1970 605 2015 trum
643 1960 758 2031 jam
792 1963 1002 2032 pridem
1038 1979 1067 2017 a
1105 1964 1354 2019 fidelibus
1385 1966 1715 2036 conscripta,
1756 1964 2035 2020 Christum

469 2051 700 2107 Verbum
733 2053 824 2108 Dei
849 2056 1255 2121 concelebrant,
1290 2058 1629 2112 divinitatem
1651 2057 1700 2111 ei
1728 2056 2034 2111 tribuendo.

462 2143 599 2195 Cum
654 2143 819 2213 igitur
852 2153 928 2198 tot
963 2145 1163 2199 abhinc
1195 2148 1355 2202 annis
1384 2148 1757 2203 ecclesiastica
1790 2147 2036 2202 doctrina

463 2233 753 2299 praedicata
795 2237 887 2300 sit,
930 2239 1025 2306 qui
1061 2238 1175 2291 ﬁeri
1206 2247 1404 2308 pctest,
1459 2248 1519 2293 ut
1552 2254 1744 2293 omnes
1773 2254 1947 2308 usque
1974 2238 2040 2293 ad

464 2328 702 2385 Victoris
735 2341 976 2402 tempora
1018 2348 1138 2388 eam
1183 2349 1346 2403 quam
1383 2334 1470 2389 isti
1505 2335 1694 2389 dicunt
1738 2334 2040 2388 doctrinam

465 2423 967 2494 promulgaverint?
992 2423 1277 2491 Quomodo
1298 2441 1392 2481 eos
1411 2441 1519 2480 non
1541 2425 1704 2495 pudet
1730 2423 2043 2495 hujusmodi

465 2513 793 2566 ralumuiam
856 2514 1116 2571 adversus
1173 2514 1444 2571 Victorem
1501 2516 1869 2580 concinnare,
1914 2530 2039 2569 cum

466 2611 617 2658 (crto
665 2605 861 2669 sciant,
909 2604 1248 2661 Theodotum
1289 2607 1610 2670 coriarium,
1654 2607 1745 2676 qui
1778 2605 2039 2661 defectio-

468 2695 553 2749 nis
583 2696 728 2752 illius
766 2696 931 2752 Deum
966 2699 1287 2769 abnegantis
1346 2716 1544 2771 parens
1588 2709 1644 2753 et
1680 2707 1871 2753 auctor
1913 2697 2036 2763 fuit,

468 2786 786 2857 primusque
819 2788 1097 2862 Christum
1138 2794 1343 2845 nudum
1389 2807 1512 2846 esse
1558 2791 1835 2846 hominem
1886 2805 2039 2845 asse-

468 2878 596 2943 ruit,
625 2894 721 2946 per
754 2877 1023 2934 Victorem
1051 2897 1080 2935 a
1120 2882 1504 2937 communione
1533 2881 1788 2936 Ecclesiae
1809 2880 2041 2950 ejectum

2135 686 2362 757 χρόνων,
2392 685 2451 749 δς
2480 681 2548 757 ἦν
2586 684 3027 756 τρισκαιδέκατος
3055 684 3163 739 ἀπὸ
3190 684 3395 756 Πέτρου
3429 687 3487 739 ὲν
3526 685 3707 761 Ῥώμης

2137 777 2451 841 ἐπίσκοπος·
2504 775 2612 830 ἀπὸ
2665 775 2722 829 δὲ
2766 775 2859 829 τοῦ
2904 774 3146 846 διαδόχου
3178 773 3345 828 αὑτοῦ
3390 776 3711 849 Ζεφυρίνου,

2138 867 2628 941 παρακεχαράχθαι
2675 868 2774 939 τὴν
2807 868 3082 940 ἀλήθειαν.
3123 864 3232 923 Ἦν
3254 868 3296 922 δ’
3337 867 3404 923 ἂν
3435 868 3596 939 τυχὸν
3625 885 3716 922 πι-

2138 961 2292 1016 θανὸν
2322 961 2384 1014 τὸ
2427 961 2738 1032 λεγόμενον,
2775 963 2823 1014 εί
2866 961 2939 1033 μὴ
2987 962 3201 1034 πρῶτον
3242 961 3339 1032 μὲν
3384 962 3713 1017 ἀντιπιπτον

2138 1053 2322 1116 αὐτοῖς
2347 1053 2403 1105 αἱ
2437 1052 2573 1105 θεῖαι
2605 1052 2835 1121 Γραφαί·
2883 1053 2978 1107 καὶ
3019 1052 3260 1122 ἀδελφῶν
3303 1051 3360 1105 δέ
3390 1070 3549 1107 τινων
3595 1055 3713 1108 ἐστὶ

2136 1144 2435 1214 γράμματα
2468 1142 2811 1215 πρεσϐύτερα
2838 1143 2945 1197 τῶν
2965 1144 3219 1217 Βίκτορος
3244 1145 3470 1216 χρόνων,
3503 1144 3540 1199 ἃ
3572 1147 3714 1200 έκεῖ-

2137 1253 2215 1288 νοι
2261 1234 2399 1307 πρὸς
2436 1235 2507 1288 τὰ
2551 1234 2676 1308 ἔθνη
2722 1236 2864 1309 ὑπὲρ
2899 1237 2996 1308 τῆς
3025 1235 3301 1309 ἀληθείας,
3332 1238 3427 1290 καὶ
3458 1238 3588 1308 πρὸς
3612 1237 3712 1302 τὰς

2136 1326 2256 1380 τότε
2293 1326 2530 1396 αἱρέσεις
2574 1326 2836 1399 ἔγραψανο
2884 1326 3026 1397 λέγω
3053 1328 3110 1382 δὲ
3150 1329 3430 1382 Ἰουστίνου
3464 1330 3558 1383 καὶ
3576 1329 3712 1383 Μιλ-

2137 1417 2315 1471 τιάδου
2339 1418 2435 1470 καὶ
2454 1419 2715 1473 Τατιανοῧ
2737 1420 2828 1473 καὶ
2848 1419 3161 1490 Κλήμεντος
3181 1420 3273 1473 καὶ
3302 1419 3502 1490 ἐτέρων
3531 1419 3712 1473 πλειό-

2137 1526 2261 1574 νων,
2298 1511 2356 1562 ὲν
2387 1503 2467 1572 οἷς
2497 1510 2667 1563 ἅπασι
2700 1510 3031 1584 θεολογεζερ
3058 1511 3132 1583 (6)
3160 1514 3188 1564 ό
3216 1511 3464 1583 Χριστός.
3497 1511 3577 1564 Τά
3603 1512 3713 1584 γὰρ

2138 1601 2426 1673 Εὶρηναίου
2478 1619 2539 1654 τε
2585 1603 2679 1656 acati.
2731 1602 3036 1666 Μελίτωνος
3085 1604 3179 1657 καὶ
3219 1602 3328 1656 τῶν
3374 1602 3575 1659 λοιπῶν
3629 1604 3713 1668 τίς

2139 1694 2322 1762 ἀγνοεί
2368 1694 2571 1765 βιϐλία,
2619 1694 2749 1748 Θεὸν
2799 1695 2892 1748 καὶ
2959 1693 3240 1766 ἄνθρωπον
3284 1695 3715 1764 καταγγέλλοντα

2139 1787 2229 1840 τὸν
2257 1786 2518 1859 Χριστόν;
2543 1787 2760 1858 Ψαλμοὶ
2781 1787 2837 1839 δὲ
2864 1789 2977 1841 ὅσοι
3001 1788 3095 1841 καὶ
3125 1786 3258 1858 ᾠδαὶ
3276 1787 3515 1858 ἀδελφῶν
3539 1789 3716 1861 ἀπαρ-

2143 1880 2248 1949 χῆς
2280 1879 2383 1932 ὑπὸ
2427 1879 2634 1933 πιστῶν
2675 1883 2968 1951 γραφεῖσαι
3016 1880 3090 1951 (7)
3123 1880 3214 1934 τὸν
3257 1880 3424 1950 Λόγον
3457 1880 3550 1934 τοῦ
3578 1880 3715 1935 Θεοῦ

2141 1974 2232 2026 τὸν
2266 1975 2496 2044 Χριστὸν
2528 1972 2755 2044 ὑμνοῦσι
2786 1971 3178 2045 θερκ-ογοῇν-Ξεῆς.
3218 1971 3345 2035 Πῶς
3385 1968 3476 2026 οὖν
3506 1974 3569 2027 ὲκ
3593 1989 3718 2026 τοσ-

2138 2065 2328 2132 ούτων,
2359 2064 2494 2118 ὲτῶν
2544 2064 3045 2135 καταγγελλομένου
3113 2062 3207 2117 τοῦ
3265 2062 3716 2135 ἐκκλησιαστικοῦ

2143 2157 2507 2227 φρονήματος,
2539 2155 2809 2226 ἐνδέχεται
2855 2157 2981 2218 τοὺς
3029 2155 3195 2227 μέχρι
3245 2155 3500 2226 Βίκτορος
3543 2153 3719 2218 οὕτως

2141 2246 2217 2310 ὡς
2246 2241 2391 2300 οὗτοι
2423 2247 2636 2314 λέγουσι
2658 2245 3053 2317 κεκηρυχέναις
3083 2244 3208 2308 Πῶς
3234 2244 3291 2297 δὲ
3318 2245 3418 2297 οὐκ
3446 2243 3718 2298 αἰδοῦνται

2140 2339 2313 2392 ταῦτα
2347 2339 2605 2409 Βίκτορος
2635 2337 3086 2408 καταψεύδεσθαι·
3118 2335 3359 2408 ἀκριϐῶς
3390 2336 3605 2400 εἰδότες,
3632 2337 3717 2390 ὅτι

2143 2430 2356 2501 Βίκτωρ
2377 2430 2467 2484 τὸν
2495 2431 2695 2484 σκυτέα
2722 2428 2975 2482 Θεόδοτον
2997 2428 3087 2481 τὸν
3115 2427 3356 2501 ἀρχηγὸν
3380 2428 3474 2482 καὶ
3506 2428 3717 2500 πατέρα

2141 2521 2342 2593 ταύτῃς
2388 2520 2501 2591 τῆς,
2526 2519 3244 2593 ἀρνῃσιρέουπάποστασίας,
3285 2520 3594 2592 ἀπεκήρυξε
3619 2520 3718 2590 τῆς

2145 2611 2447 2675 κοινωνίας,
2471 2610 2685 2681 πρῶτον
2717 2610 2938 2664 εἰπόντα
2967 2610 3117 2680 ψιλὸν
3144 2610 3425 2682 ἄνθρωπον
3455 2610 3543 2664 τὸν
3581 2612 3716 2682 Χρι-

2702 1577 2859 1588 --.-ι-

2786 2035 2941 2047 δ”-σύ..-

2146 2702 2266 2756 στόν
2291 2717 2305 2767 ;
2336 2702 2398 2754 Εί
2427 2702 2535 2773 γὰρ
2574 2702 2787 2773 Βίκτωρ
2816 2703 2935 2755 κατ’
2958 2702 3150 2766 αὐτοὺς
3176 2701 3348 2766 οὕτως
3380 2701 3612 2773 ἐφρόνει,
3641 2701 3719 2766 ὡς

2146 2795 2179 2863 ἡ
2225 2793 2430 2846 τούτων
2487 2793 2724 2848 διδάσκει
2771 2792 3106 2866 βλασφημία,
3164 2793 3281 2857 πῶς
3326 2792 3391 2846 ἂν
3448 2791 3715 2847 ἀπέϐαλλε

2149 2884 2401 2939 Θεόδοτον
2432 2885 2524 2939 τὸν
2555 2886 2653 2957 τῆς
2685 2887 2946 2959 αἱρέσεως
2970 2884 3171 2956 ταύτης
3199 2886 3460 2957 superﬁxa;

430 2967 668 3030 :l‘aisse?
722 2966 855 3024 Nam
904 2970 973 3034 si,
1005 2982 1064 3026 ut
1111 2973 1285 3037 aiunt,
1339 2972 1526 3029 Victor
1561 2975 1751 3029 eadem
1793 2974 2060 3032 sentiebat
2108 2991 2230 3046 quae
2286 2978 2504 3033 illorum
2562 2980 2721 3035 docet
2776 2978 3046 3049 impietas,
3081 2995 3180 3035 cur
3224 2977 3559 3034 Theodotum
3598 2977 3715 3048 opi-

468 3060 651 3116 nionis
677 3062 825 3117 illius
846 3073 1126 3120 auctorem
1166 3068 1237 3123 ab
1266 3066 1509 3124 Ecclesia
1540 3068 1803 3124 removit?

2054 3192 2104 3248 ll

1954 3278 2032 3337 In.
2061 3273 2202 3329 Ibid.

540 3361 775 3420 Facinus
826 3372 1014 3420 nostra
1063 3375 1223 3423 aetate
1276 3376 1512 3440 gestum,
1563 3369 1752 3425 multis
1806 3367 2035 3424 fratrum
2064 3374 2106 3431 C.

469 3462 782 3507 nostrormn
819 3453 874 3507 in
914 3456 1234 3511 memoriam
1275 3458 1545 3513 revocabo
1583 3476 1597 3511 :
1644 3458 1787 3528 quod
1822 3458 2041 3529 quidem

471 3543 517 3596 si
542 3541 794 3600 Sodomis
827 3546 1128 3602 admissum
1174 3546 1387 3614 fuisset,
1433 3550 1584 3619 ipsos
1616 3592 1632 3616 ,
1674 3558 1734 3605 ut
1787 3551 2044 3614 arbitror,

473 3632 681 3688 incolas
706 3636 774 3689 ad
816 3638 1190 3705 paenitentiam
1248 3654 1543 3709 provocare
1585 3642 1870 3711 potuisset.
1918 3640 2049 3695 Erat

470 3726 691 3795 quidam
724 3726 931 3783 Natalis
967 3728 1209 3798 nomine,
1234 3728 1539 3795 confessor,
1568 3731 1662 3801 qui
1693 3748 1800 3786 non
1836 3730 1908 3786 ita
1934 3732 2047 3802 pri-

470 3818 615 3882 dem,
652 3820 745 3873 sed
790 3830 972 3875 nostra
1008 3830 1164 3877 astate
1207 3823 1361 3877 vixit.
1389 3820 1487 3878 Hic
1533 3822 1674 3878 forte
1708 3823 1759 3877 in
1800 3821 2049 3880 fraudem

472 3911 726 3968 inductus
777 3920 862 3969 est
913 3913 982 3969 ab
1028 3914 1435 3985 Asclepiodoto,
1482 3924 1537 3970 et
1591 3915 1763 3970 altero
1809 3914 2046 3985 quodam

471 4001 754 4058 Theodoto
803 4007 1135 4075 argentario.
1183 4007 1358 4061 Ambo
1418 4014 1601 4061 autem
1652 4007 1740 4062 isti
1791 4006 2045 4075 discipuli

470 4102 627 4147 erant
670 4093 936 4149 Theodoti
962 4096 1108 4151 illius
1140 4097 1388 4164 coriarii,
1419 4098 1510 4167 qui
1543 4098 1755 4166 primus
1793 4099 1865 4152 ob
1904 4097 2047 4153 hanc

472 4226 821 4308 ρὶίζιίυιιιςεα,
859 4231 1112 4308 φιλ-ιβ,
1153 4228 1364 4308 Caiurn
1394 4233 1556 4308 hujus
1599 4232 1721 4287 libri
1768 4241 2046 4308 auctorem

474 4297 624 4377 facit,
656 4297 839 4377 τορτρχ
860 4297 953 4377 τὸν
981 4300 1137 4377 Γαῖον
1158 4297 1525 4377 πρεσϐύτερόν
1561 4319 1692 4377 φασι
1722 4301 2049 4377 χεγενῆσθαι

473 4366 575 4437 τῆς
596 4365 739 4450 κατὰ
780 4369 996 4450 ίξιῦμην
1043 4365 1399 4450 ᾞκκυλῖησίας,
1432 4365 1685 4450 συντ-ἆξαι
1716 4365 1773 4450 δὲ.
1801 4365 2050 4426 καὶ’ἓτε-

477 4454 568 4561 ρον
596 4438 752 4521 λόγον
785 4438 928 4522 ἰδίως
954 4438 1097 4493 κατά
1120 4438 1584 4522 τῆςἌρτέμωνος
1622 4443 1916 4526 αἱρέσεως,
1940 4454 2045 4498 etc.

502 4508 574 4561 lic
599 4519 683 4561 est
716 4525 832 4561 mse
865 4511 1024 4561 liber.
1063 4526 1220 4561 Cllllls
1250 4512 1550 4561 fragmenta
1583 4513 1671 4561 hlc
1703 4512 1907 4561 nmlert
1939 4512 2045 4561 Eu-

502 4508 683 4589 li_c_est
716 4510 832 4579 ipse
865 4511 1025 4573 liber,
1063 4508 1220 4580 cujus
1249 4508 1550 4589 fragmenta
1583 4513 1671 4589 hic
1697 4508 1907 4589 profert
1939 4512 2049 4568 Eu—
2074 4583 2109 4589 _
2153 4518 2225 4571 Τὸ
2267 4519 2440 4589 στόμα

476 4579 680 4653 sebius,
724 4596 892 4653 quem
942 4592 1119 4653 tamen
1166 4597 1196 4635 a
1245 4579 1566 4653 Lnliyrintho
1600 4579 1826 4638 Pholius
1861 4594 2046 4653 aperte
2074 4583 2119 4638 D

475 4649 781 4721 distinguit.
863 4651 966 4706 Sed
1033 4651 1324 4720 Nicephori
1361 4649 1706 4708 'sententiam
1761 4649 2050 4709 confirmat

480 4717 857 4792 Theodoretus
888 4723 941 4776 iu
983 4723 1075 4777 lil).
1111 4717 1569 4792 ti'llazreticarum
1600 4722 1928 4792 fabularum,
1956 4739 2051 4778 ca--

477 4790 585 4864 pile
608 4790 662 4864 5,
692 4791 783 4864 ubi
820 4807 985 4862 agens
1020 4793 1088 4864 dc
1118 4789 1398 4848 Theodoto
1423 4789 1678 4856 coriarin,
1715 4810 1943 4864 eamque
1987 4796 2054 4849 de

476 4860 666 4933 Natale
705 4860 961 4932 episcdpo
996 4863 1236 4918 referens
1279 4864 1563 4933 historiam
1607 4881 1768 4933 quam
1802 4860 1889 4921 hic
1920 4881 2053 4920 uar-

478 4940 563 4983 rat
596 4930 981 5004 Eusebiumicx
1021 4934 1158 4989 libro
1181 4935 1274 5003 qui
1302 4932 1506 4988 Parvus
1537 4930 1870 5004 labyrinthus
1909 4936 2049 4991 dici-

480 5001 740 5074 turjllam
776 5018 896 5056 esse
917 5001 1290 5074 depromptum
1323 5015 1573 5060 testatur.

550 5071 626 5140 (6)
672 5071 1062 5141 Θεολογεῖτάι.
1097 5071 1169 5129 ne
1217 5076 1267 5128 vi
1312 5091 1376 5130 ac
1422 5075 1641 5130 notione
1682 5075 1832 5130 verbi
1876 5074 2054 5129 θεολο-

478 5141 965 5216 γείνηίιιειίιιυᾼΜ.
1005 5145 1276 5216 primitus
1307 5147 1572 5216 usurpati,
1611 5147 1807 5201 videsis
1852 5157 2054 5201 nostra:

481 5213 643 5280 hujus
672 5212 1020 5267 Bibliotheca;
1048 5225 1179 5269 tom.
1212 5215 1300 5275 Vl.
1334 5218 1388 5269 in
1423 5212 1603 5270 Iudice
1630 5217 1838 5271 Graeco.
1897 5216 2051 5270 Alio-

479 5299 601 5337 rum
648 5295 889 5339 veterum
941 5283 1162 5355 Patrum
1217 5287 1494 5355 complura
1538 5289 1653 5340 loca
1702 5287 1755 5340 in
1804 5288 2052 5341 eamdem

478 5355 799 5407 sententiam
847 5356 1049 5422 profert
1091 5354 1359 5411 Svicerus
1399 5357 1455 5409 in
1502 5355 1543 5409 Τ
1546 5358 1653 5412 lies.
1688 5356 1816 5411 εδει.
1850 5366 1980 5411 tom.
2007 5356 2050 5424 l,

478 5436 611 5495 pag.
631 5422 789 5487 1555,
815 5424 842 5495 ς
871 5424 951 5495 2.,
1532 5494 1541 5495 ί
2034 5494 2037 5495 ν

477 5436 599 5492 pag.
631 5424 789 5487 1555,
815 5424 842 5492 ς
871 5424 925 5477 2.

551 5441 997 5571 ῗίῇῗβὲἇιὲοῗδὲ
1027 5495 1135 5571 καί
1152 5495 1294 5571 ᾠδαὶ
1321 5494 1599 5571 ἀδελφῶν
1617 5495 1896 5571 ᾀεταρχῆς
1934 5494 2051 5550 ὑπὸ

481 5564 712 5638 ,πιστῶν
740 5564 1068 5638 γραφεῖς-αι.
1104 5564 1574 5638 δενὶθοιιάιηηξεει
1606 5568 1700 5620 ἀπ’
1750 5564 1944 5638 ἀρχῆς,
1994 5575 2053 5620 ut

486 5633 646 5706 habet
692 5638 862 5706 codex
917 5634 1082 5703 Med.,
1148 5634 1309 5699 Fuk.,
1358 5636 1525 5691 Savil.
1576 5646 1630 5691 et
1692 5633 2048 5706 Nicephorus.

484 5700 654 5777 Porro
688 5719 753 5777 ex
786 5705 872 5777 llis
897 5700 1082 5777 verbis
1103 5715 1324 5776 apparet
1352 5722 1561 5760 morem
1599 5706 1768 5762 fuisse
1784 5700 2052 5777 antiquis-

487 5772 684 5849 simum
710 5773 763 5826 in
788 5771 1048 5841 Ecclesia,
1086 5771 1403 5849 hj'muos_et_
1426 5778 1663 5849 psalmos
1701 5779 1754 5830 in
1788 5771 2048 5831 honorem

485 5843 687 5898 Christi
735 5859 1078 5915 componere.
1125 5843 1295 5905 'Ccrte
1326 5843 1534 5904 Plinius
1584 5849 1637 5903 in
1688 5848 1914 5917 epistola
1979 5849 2045 5903 ad

2221 3369 2551 3443 Ὑπομνήσω
2612 3369 2739 3439 γοῦν
2790 3369 3013 3435 πολλοὺς
3056 3370 3162 3425 τῶν
3205 3371 3444 3440 ἀδελφῶν
3491 3371 3721 3442 πρᾶγμα
3796 3419 3801 3424 .

2150 3464 2234 3532 ἐφ’
2263 3463 2418 3535 ἡμῶν
2442 3462 2747 3533 γενόμενον·
2783 3462 2811 3515 ὃ
2838 3462 3041 3534 νομίζω
3073 3464 3153 3516 ὅτι
3186 3464 3233 3516 εἰ
3254 3465 3311 3516 ὲν
3338 3462 3587 3533 Σοδόμοις
3601 3463 3722 3532 ἐγε-

2150 3556 2316 3625 γόνει,
2352 3555 2512 3625 τυχὸν
2558 3554 2622 3608 ἂν
2667 3555 2950 3619 κάκείνους
2987 3554 3322 3627 ἐνουθέτησε.
3356 3536 3621 3618 Νατάλιος
3650 3550 3722 3625 ἦν

2151 3662 2234 3708 τις
2267 3644 2340 3715 (8)
2373 3643 2707 3715 ὁμολογητὴς
2736 3644 2797 3697 ού
2832 3644 3017 3709 πάλαι,
3050 3644 3161 3698 ἀλλ’
3190 3646 3281 3698 ἐπὶ
3310 3644 3417 3697 τῶν
3438 3643 3721 3715 ἡμετέρων

2152 3737 2441 3808 γενόμενος
2491 3736 2698 3809 καιρῶν
2752 3737 2848 3808 (9).
2907 3732 3072 3801 υῦτος
3128 3737 3382 3808 ἠπατήθη
3440 3736 3568 3790 ποτὲ
3616 3736 3722 3790 ὑπὸ

2164 3828 2608 3900 Ἀσκληπιοδότου
2660 3831 2752 3884 καὶ
2802 3830 2987 3901 ἐτέρου
3037 3829 3288 3884 Θεοδότου
3329 3828 3472 3893 τινὸς
3518 3845 3721 3900 τραπεε

2151 3920 2300 3986 ζίτου
2321 3939 2335 3953 ·
2383 3918 2523 3993 ἦσαν
2568 3922 2623 3975 δὲ
2663 3915 2807 3975 οὗτοι
2852 3923 3018 3993 ἄμφω
3054 3920 3304 3982 Θεοδότου
3345 3920 3438 3975 τοῦ
3484 3921 3719 3983 σκυτέως

2156 4010 2413 4083 μαθηταὶ,
2434 4010 2528 4064 τοῦ
2558 4013 2772 4083 πρώτου
2803 4012 2895 4064 ἐπὶ
2922 4010 3094 4084 ταύτῃ
3117 4014 3182 4083 τῇ
3218 4012 3493 4083 φρονήσει,
3527 4010 3726 4081 μᾶλλον

2150 4103 2207 4156 δὲ
2251 4103 2563 4176 ἀφροσύνῃ,
2600 4103 2985 4176 ἀφορισθέντος
3019 4103 3118 4174 τῆς
3158 4101 3439 4166 κοινωνίας
3486 4103 3591 4155 ὑπὸ
3634 4101 3727 4155 Βί-

2157 4235 2449 4307 Trajanum
2477 4247 2667 4293 auctor
2714 4245 2816 4303 est,
2853 4235 3195 4292 Christianos
3234 4235 3288 4290 in
3318 4251 3486 4290 unum
3520 4252 3721 4307 conve-

2154 4306 2364 4363 nientes
2394 4306 2613 4362 Christo
2646 4308 2877 4379 hymnos
2908 4323 3101 4379 canere
3126 4307 3495 4379 consuevisse.
3528 4306 3602 4379 De
3638 4308 3728 4363 his

2153 4379 2379 4449 psalmis
2405 4387 2460 4432 ct
2488 4375 2701 4449 hymnis
2744 4377 3124 4448 intelligendus
3158 4378 3370 4449 videtur
3396 4375 3718 4449 Hippolytus

2154 4447 2209 4500 in
2248 4449 2495 4503 oratione
2528 4447 2601 4503 Vde
2642 4447 3110 4503 consummatione
3149 4448 3335 4502 mundi
3372 4448 3474 4502 sub
3505 4447 3664 4501 finem
3702 4466 3717 4502 :

2470 4517 2633 4641 ἓμῶν
2670 4520 2805 4591 πρὸς
2836 4515 3140 4586 δοξολογίαν
3172 4517 3266 4571 καὶ
3292 4512 3437 4570 αἶνον
3467 4518 3560 4599 καὶ
3586 4516 3725 4587 ψαλ-

2470 4591 2472 4623 τ
2524 4590 2587 4641 ὰς
2624 4588 2995 4641 πνευματικὰς
3031 4588 3333 4641 ηὐτοέπισα
3365 4588 3562 4641 λαλειν.
3604 4588 3720 4641 Hu-

2154 4591 2285 4670 μοὺς
2313 4588 2405 4670 κα)
2433 4588 2587 4670 ᾠδὰς
2624 4588 2995 4670 πνευματικὰς
3031 4588 3338 4670 ηὐτρέπισά
3365 4588 3562 4670 λαλεῖν.
3604 4588 3720 4670 δμ-

2150 4657 2392 4727 jusmodi
2432 4657 2664 4729 hymnus
2711 4657 2776 4714 in'
2818 4657 3078 4715 honorem
3109 4657 3236 4713 Jesu
3279 4658 3480 4729 Christi
3527 4672 3557 4711 a
3599 4657 3722 4729 Cle-

2157 4738 2336 4799 mente
2362 4728 2726 4799 Alexaudrino
2750 4730 3084 4799 compositus
3116 4738 3295 4797 exstat
3318 4728 3384 4783 ad
3416 4730 3575 4782 linem
3596 4728 3719 4799 ejus

2157 4798 2445 4885 librorum,
2472 4800 2565 4885 qui
2600 4798 2889 4885 Paidagogi
2908 4800 3307 4885 ἐξιευιςίιηιηῑυιιοἲ

2226 4870 2303 4941 (8)
2340 4868 2635 4936 Νατὰλιος
2660 4868 2740 4941 ἦν
2765 4868 2878 4936 τις.
2908 4868 3124 4941 Nescio,
3157 4885 3224 4941 an
3251 4870 3343 4941 _hic
3380 4868 3723 4941 sitthcilius

2155 4937 2383 5010 Natalis,
2438 4941 2531 5010 qui
2581 4937 2950 5010 disputatione
2989 4939 3204 5010 Octavii
3244 4937 3487 5010 Januarii
3535 4956 3718 4994 coram

2155 5009 2384 5065 Minutio
2409 5007 2586 5065 Felice
2616 5007 2802 5065 Romae
2828 5010 3030 5075 habita,
3066 5010 3132 5063 ad
3168 5007 3367 5063 Christi
3395 5008 3553 5063 ﬁdem
3588 5024 3722 5065 con-

2153 5097 2347 5137 versus
2374 5094 2476 5143 est,
2522 5089 2581 5134 ut
2624 5081 2883 5135 scribitur
2928 5080 2983 5133 in
3018 5080 3231 5148 dialogo
3276 5077 3487 5131 Minutii
3525 5079 3722 5135 Felicis
3804 5138 3807 5141 ,

2156 5152 2300 5273 (cap.
2335 5152 2445 5232 ιβ).
2486 5150 2698 5206 Nomen
2736 5158 2882 5206 certe
2924 5148 3195 5213 convenit,
3228 5159 3283 5203 et
3308 5158 3522 5218 tempus
3555 5160 3721 5220 atque

2158 5239 2251 5273 Dl’O
2277 5236 2443 5273 BSSIO.

2192 5236 2443 5277 l’OIBSSIO.

2154 5239 2486 5362 Βιῖἳόξεδὲξτὶ
2544 5289 2663 5344 τῶν
2713 5289 3011 5362 ἡμετέρων
3067 5287 3302 5362 καιρῷν.
3350 5289 3430 5362 Ad
3483 5289 3718 5343 litteram

2155 5357 2422 5429 Graecam,
2457 5363 2656 5416 nostris
2689 5357 3043 5431 temporibus;
3080 5374 3188 5427 qua
3221 5359 3493 5414 locutione
3519 5373 3578 5413 se
3610 5375 3717 5431 non

2155 5448 2272 5486 rem
2309 5432 2641 5503 praeteritam
2686 5447 2755 5503 ea
2796 5430 3032 5503 aliorum
3063 5431 3325 5484 memoria
3358 5445 3603 5503 narrare,
3625 5430 3718 5487 sed

2156 5500 2465 5566 recentem,
2517 5517 2683 5570 quam
2733 5501 2851 5570 ipse
2894 5500 3068 5554 oculis
3112 5510 3448 5569 perspectam
3485 5502 3724 5570 habere

2154 5575 2413 5643 potuerit,
2441 5583 2497 5626 et
2535 5568 2701 5641 quam
2740 5568 2983 5639 proxime
3010 5568 3344 5643 ὠκεῖαι-Ἐφ’
3379 5568 3534 5643 ἡμῶν
3567 5570 3721 5638 γενόο

2157 5640 2338 5713 μενον,
2391 5640 2577 5698 testari
2607 5650 2792 5713 noster
2830 5640 3355 5713 auctorrsignilicat.
3404 5640 3719 5713 Cousuar,

2156 5710 2352 5781 Episu.
2382 5713 2533 5766 Rom.
2568 5712 2776 5782 pontiﬂ'.
2808 5727 2929 5780 pag.
2958 5712 3080 5777 109,
3110 5710 3203 5767 ubi
3249 5711 3561 5782 huiusmOdi
3598 5710 3716 5765 Caii

2156 5782 2519 5855 fragmentum
2545 5784 2600 5838 in
2635 5783 2872 5839 medium
2905 5783 3125 5853 profert.
