4006 6356
359 410 434 459 '29
1853 400 2295 459 FRAGMENTA.

3550 399 3643 483 ω.

363 536 579 591 κτορος,
605 518 683 583 ὡς
717 517 879 590 ἔφην,
914 515 1010 571 τοῦ
1035 516 1153 570 τότε
1188 516 1508 570 ἐπισκόπου.
1533 512 1853 586 Ἀνεπεισθη
1889 513 1930 567 δί

2049 510 2499 579 ἁοειτίιιοιιι,ἐευ
2524 512 2705 583 potius
2736 508 3059 570 insaniam'a
3090 509 3331 577 Victore,
3379 510 3616 591 utdixi,
3666 550 3675 559 .

358 615 389 664 ὁ
424 611 698 675 Νατάλιος
727 613 821 665 ὑπ’
859 610 1041 665 αὐτῶν
1086 610 1179 664 ἐπὶ
1223 609 1465 681 σαλαρίῳ
1505 607 1801 670 ἐπίσκοπος
1833 605 1944 678 (10)

360 703 718 775 κληρωθῆναι
749 704 861 775 (11)
894 703 1095 774 ταύτης
1124 702 1223 773 τῆς
1247 701 1528 774 αἱρέσεως,
1562 698 1703 754 ὥστε
1736 698 1935 770 λαμϐάο

359 811 477 846 νειν
534 795 667 865 παρ’
714 794 895 847 αὐτῶν
949 796 1173 865 μηνιαῖα
1224 792 1454 864 δηνάρια
1499 789 1693 844 ἑκατὸν
1747 789 1946 860 πεντή-

360 903 548 940 κοντα.
608 886 906 958 Γενόμενος
953 882 1046 941 οὖν
1108 886 1204 940 σὺν
1253 885 1435 949 αὐτοῖς
1457 924 1473 949 ,
1535 883 1602 937 δι’
1657 880 1946 956 ὁραμάτων

310 1017 319 1033 ς
360 980 627 1044 πολλάκις
653 980 987 1034 ὲνουθετεῖτο
1024 979 1133 1051 (12)
1183 978 1286 1032 ὑπὸ
1338 978 1432 1031 τοῦ
1479 976 1723 1049 Κυρίουο
1759 977 1788 1028 ὁ
1837 974 1945 1046 γὰρ

362 1072 742 1143 εὔσπλαγχνος
786 1071 923 1136 Θεὸς
967 1073 1064 1127 καὶ
1117 1072 1321 1144 Κύριος
1359 1070 1515 1143 ἡμῶν
1564 1068 1770 1139 Ἰησοῦς
1814 1069 1946 1139 Χρι-

361 1163 487 1226 στὸς
534 1163 694 1234 (15),
742 1164 843 1216 οὐκ
886 1162 1136 1217 ὲὸούλετο
1179 1163 1284 1230 ἔξω
1338 1160 1664 1233 Ἐκκλησίας
1714 1159 1943 1230 γενόμε-

354 1270 487 1318 νον,
545 1252 847 1308 ἀπολέσθαι
913 1256 1168 1328 μάρτυρα
1205 1254 1316 1309 τῶν
1368 1254 1512 1308 ἰδίων
1564 1251 1752 1306 παθῶν
1792 1251 1940 1322 (14).

366 1346 525 1399 Ἐπεὶ
555 1347 613 1400 δὲ
646 1346 1018 1420 ῥαθυμότερον
1053 1350 1165 1412 τοῖς
1194 1347 1432 1420 δράμασι
1452 1349 1728 1418 προσεῖχε,
1760 1344 1945 1398 δελεα-

351 1439 589 1509 ζόμενος
632 1442 697 1512 τῇ
732 1457 790 1493 τε
832 1441 962 1512 παρ’
1010 1440 1194 1503 αὐτοῖς
1229 1438 1704 1512 πρωτοκαθεδρίᾳ,
1750 1438 1846 1491 καὶ
1876 1439 1941 1509 τῇ

350 1530 650 1596 πλείστους
704 1532 1046 1605 ἁπολλυούσῃ
1108 1530 1559 1603 αἰσχροκερδείᾳ,
1639 1531 1943 1584 τελευταῖον

349 1621 461 1673 ὑπὸ
492 1622 667 1690 ἁγίων
698 1621 947 1690 ἀγγέλων
977 1619 1349 1694 ὲμαστιγώθη,
1379 1619 1446 1674 δι’
1473 1619 1600 1691 ὅλης
1625 1619 1724 1690 τῆς
1750 1618 1941 1681 νυκτὸς

347 1713 409 1765 οὐ
442 1713 706 1785 σμικρῶς
745 1713 1044 1778 αἰκισθείς·
1080 1712 1221 1766 ὥστε
1265 1711 1434 1765 ἕωθεν
1480 1710 1811 1781 ἀναστῆναι,
1846 1708 1941 1763 καὶ

344 1803 722 1874 ἐνδυσάμενον
760 1804 962 1857 σάκκον
982 1844 996 1868 ,
1044 1803 1145 1883 litat
1193 1801 1387 1856 σποδὸν
1450 1798 1903 1869 καταπασάμενον
1922 1836 1937 1862 ,

347 1893 501 1966 μετὰ
525 1894 728 1964 πολλῆς
773 1892 1012 1963 σπουδῆς
1044 1878 1143 1947 καὶ
1182 1891 1436 1965 δακρύων
1474 1891 1803 1962 προσπεσεῖν
1845 1890 1940 1941 Ζε-
1970 1878 2013 1934 Β

345 1985 569 2057 φυρίνῳ
606 1985 686 2056 τῷ
736 1985 1052 2056 ὲπισκόπῳ,
1097 1985 1412 2056 κυλιόμενον
1462 1983 1569 2037 ὑπὸ
1616 1983 1742 2047 τοὺς
1772 1982 1936 2046 πόδας

344 2079 409 2131 οὐ
443 2079 610 2149 μόνον
651 2077 761 2131 τῶν
809 2081 866 2132 ὲν
895 2076 975 2148 τῷ
1011 2076 1219 2151 κλήρῳ,
1267 2075 1402 2130 ἀλλὰ
1436 2076 1530 2129 καὶ
1560 2074 1669 2128 τῶν
1699 2073 1933 2128 λαῖκῶνο

346 2170 583 2241 συγχέαι
616 2188 675 2224 τε
699 2172 809 2235 τοῖς
839 2170 1066 2241 δάκρυσι
1093 2167 1191 2240 τὴν
1221 2165 1588 2239 εὕσπλαγχνον
1615 2165 1937 2237 Ἐκκλησίαν

342 2262 445 2317 τοῦ
481 2262 775 2333 ὲλεήμονος
806 2260 1045 2333 Χριστοῦ
1066 2277 1079 2291 ·
1114 2260 1281 2332 πολλῇ
1311 2276 1371 2313 τε
1413 2262 1479 2331 τῇ
1512 2259 1690 2331 δεήσει
1729 2256 1937 2329 χρησά-

345 2369 537 2424 μενον,
578 2351 835 2419 δεὶξαντά
869 2368 929 2404 τε
974 2351 1101 2415 τοὺς
1130 2349 1400 2422 μώλωπας
1437 2342 1512 2404 ὧν
1546 2348 1759 2421 εἰλήφει
1804 2347 1940 2418 πλη-

341 2444 467 2513 γῶν
497 2444 632 2518 (15),
668 2443 825 2517 μόλις
858 2442 1254 2515 κοινωνηθῆναι
1279 2441 1411 2514 (16).

2047 615 2179 663 tunc
2212 607 2476 677 temporis
2524 605 2781 677 episcOpo
2812 606 2881 661 ab
2926 605 3182 661 Ecclesiae
3224 603 3618 662 communione

2047 707 2291 755 remotus
2344 708 2451 753 εει.
2491 696 2557 752 lli
2603 706 2995 768 persuaserunt
3039 695 3240 763 Natali,
3288 705 3349 750 ut
3393 704 3617 765 accepto

2046 792 2249 849 salario
2270 792 2495 848 haeresis
2514 791 2663 846 illius
2687 789 2977 861 episcopus
3007 798 3306 853 crearetur,
3321 802 3382 841 ea
3406 782 3617 842 scilicet

2046 883 2402 946 conditione,
2455 891 2514 936 ut
2573 889 2884 935 menstruos
2941 886 3160 934 centum
3218 876 3614 948 quinquaginta

2044 975 2301 1031 denarios
2335 975 2405 1030 ab
2437 973 2545 1029 illis
2587 972 2880 1041 acciperet.
2927 967 3178 1025 Sociatus
3210 968 3375 1040 igitur
3396 967 3613 1022 illorum

2044 1068 2310 1139 partibus,
2345 1082 2487 1136 sazpe
2518 1080 2548 1119 a
2587 1064 2821 1119 Domino
2843 1062 3342 1132 reprehendebatur
3373 1062 3428 1116 in
3455 1060 3613 1116 visis.

2045 1159 2517 1221 Clementissimus
2535 1157 2679 1213 enim
2698 1156 2843 1213 Deus
2859 1173 2924 1212 ac
2948 1155 3211 1212 Dominus
3243 1169 3429 1212 noster
3453 1154 3613 1211 Jesus

2043 1253 2319 1319 Christus,
2348 1267 2473 1307 eum
2501 1252 2596 1322 qui
2637 1250 2958 1321 passionum
2994 1263 3219 1304 suarum
3258 1251 3416 1304 testis
3444 1248 3613 1304 exsti-

2042 1351 2201 1411 terat,
2248 1344 2428 1413 perire
2462 1351 2618 1398 extra
2669 1341 2974 1398 Ecclesiam
3032 1341 3273 1396 nolebat;
3330 1340 3437 1397 Sed
3485 1355 3612 1396 cum

2042 1439 2173 1491 visis
2206 1436 2314 1492 illis
2367 1436 2746 1506 obtemperare
2795 1434 3093 1506 negligeret
3137 1432 3377 1499 Natalis,
3428 1441 3612 1504 utpote

2043 1526 2252 1582 honore
2280 1526 2470 1597 prima:
2495 1526 2638 1596 apud
2663 1526 2788 1581 illos
2814 1525 2982 1591 sedis,
3009 1533 3065 1580 et
3090 1526 3265 1595 turpis
3296 1525 3432 1580 lucri
3462 1523 3610 1596 cupi-

2040 1619 2210 1674 ditate
2254 1618 2407 1691 (quae
2452 1618 2642 1674 multis
2688 1618 3013 1674 mortalibus
3043 1618 3211 1674 exitio
3253 1618 3366 1689 est)
3400 1618 3611 1673 inesca-

2039 1719 2130 1768 tus
2154 1754 2168 1779 ,
2214 1712 2432 1767 tandem
2458 1727 2488 1766 a
2524 1712 2733 1767 sanctis
2781 1712 2988 1783 angelis
3046 1726 3145 1782 per
3194 1720 3363 1766 totam
3399 1718 3611 1765 noctem

2041 1802 2227 1877 ﬂagris’
2258 1821 2435 1861 caesus
2481 1813 2536 1860 et
2584 1804 2903 1875 gravissime
2940 1805 3260 1860 verberatus
3311 1812 3435 1858 est:
3477 1801 3611 1857 adeo

2043 1906 2103 1952 ut
2130 1898 2309 1968 primo
2339 1897 2581 1953 diluculo
2607 1911 2968 1967 consurgens,
3002 1910 3223 1951 saccum
3263 1895 3525 1959 induerit,
3559 1903 3609 1950 et

2042 1990 2225 2044 cinere
2246 2004 2577 2060 conspersus
2603 1989 2893 2045 confestim
2921 2004 3044 2045 cum
3072 1986 3329 2059 lacrymis
3349 1986 3414 2041 ad
3448 1985 3610 2057 pedes

2043 2079 2335 2151 Zephyriui
2369 2080 2613 2151 episc0pi
2645 2095 2766 2135 sese
2812 2080 3095 2149 abjecerit,
3118 2094 3228 2133 non
3270 2079 3449 2134 solum
3501 2076 3608 2132 cle-

2041 2169 2313 2236 ricorum,
2371 2185 2562 2225 verum
2615 2171 2779 2225 etiam
2828 2170 3093 2225 laicorum
3144 2169 3390 2240 vestigiis
3438 2169 3610 2224 advo-

2042 2263 2237 2330 lutus;
2298 2272 2351 2318 et
2397 2262 2600 2319 Christi
2649 2264 3018 2319 misericordis
3069 2262 3372 2319 Ecclesiam
3432 2264 3608 2333 ipsam

2043 2370 2261 2425 quoque
2312 2355 2723 2411 misericordem
2779 2355 3002 2411 ﬂetibus
3061 2356 3175 2412 suis
3219 2355 3607 2423 commoverit,
3695 2377 3698 2381 ’

2033 2456 2195 2516 atque
2226 2448 2600 2514 concusserit;
2628 2446 2929 2517 multisque
2958 2449 3213 2519 precibus
3243 2464 3400 2515 usus,
3424 2458 3609 2506 osten-

2033 2537 2109 2593 sis
2146 2538 2311 2594 etiam
2359 2538 2632 2595 vibicibus
2676 2540 2959 2610 plagarum
3002 2555 3139 2610 quas
3164 2542 3479 2611 pertulerat,
3514 2542 3605 2597 vix

2020 2630 2252 2703 tandem
2283 2630 2351 2687 ad
2382 2632 2825 2687 communionem
2862 2632 3136 2688 admissus
3169 2641 3271 2688 est.

1855 2834 1932 2888 in.
1963 2832 2105 2887 Ibid.

419 2938 650 3011 Γραφὰς
682 2938 786 3010 μὲν
827 2937 978 3001 θείας
1021 2937 1239 3006 ἀφόϐως
1278 2937 1794 3011 ῥεραδιοιιργσῐικασι⁸
1843 2939 1935 2992 πί-

349 3047 522 3093 στεως
575 3029 631 3084 δὲ
673 3026 910 3102 ἀρχαίας
958 3026 1162 3081 κανόνα
1210 3027 1532 3100 ὴθετήκασι·
1582 3029 1813 3102 Χριστὸν
1872 3029 1930 3084 δὲ

2116 2935 2314 2993 Sacras
2363 2935 2580 3007 quidem
2621 2934 3227 3005 Scripturas‘auoacter
3263 2933 3603 2989 adulterave-

2036 3039 2195 3097 runt,
2230 3028 2516 3101 primitivm
2563 3038 2742 3084 autem
2792 3028 2918 3084 fidei
2966 3027 3209 3097 regulam
3257 3027 3601 3097 rejecerunt,

417 3147 467 3226 (_i
478 3147 535 3211 0)
558 3146 939 3226 ’Ἐπίσκοπος
963 3142 1273 3226 unauana.
1299 3143 1676 3226 ‘ltanseriptum
1709 3145 1927 3226 praefert

2033 3146 2297 3226 gellorum
2329 3145 2529 3226 quibus
2547 3144 2754 3226 Natalis
2774 3160 2803 3199 a
2835 3145 3042 3226 sanctis
3062 3144 3270 3226 angelis
3296 3158 3472 3226 caesus
3494 3156 3599 3209 est,

346 3213 519 3271 codex
558 3214 795 3284 Regius,
838 3214 929 3286 cui
954 3214 1254 3286 consentit
1298 3213 1478 3286 iiuliui
1508 3213 1921 3286 interpretatio.

346 3287 457 3340 Sed
488 3283 732 3356 quatuor
773 3284 967 3356 reliqui
1005 3283 1251 3356 codices,
1300 3284 1462 3356 Mam,
1502 3283 1683 3350 Med;
1708 3285 1842 3341 Fuk.
1871 3298 1923 3342 et

348 3354 521 3419 Savill
556 3355 1077 3425 scriptumhhabe‘nt,
1108 3354 1473 3425 κληρωθῆναι.

418 3428 500 3499 (11
516 3434 536 3493 )
574 3422 980 3493 Ιαήοιιθῆναι.
993 3422 1110 3479 Non
1142 3422 1411 3499 displicet,
1439 3425 1582 3494 quod
1607 3425 1928 3499 apudAVRuli-

347 3495 513 3559 num,
546 3505 950 3557 nominaretur;
1006 3509 1073 3549 es
1111 3510 1223 3564 quo
1259 3503 1313 3551 et
1358 3495 1526 3565 liquet
1572 3511 1696 3550 eum
1741 3496 1927 3552 Graece

348 3569 547 3640 legisse
574 3565 863 3647 κληθῆναι.
895 3564 1083 3647 Neque
1119 3580 1248 3619 vero
1273 3567 1578 3647 obscurum;
1603 3576 1706 3633 εει,
1736 3567 1925 3647 _N_atali

349 3636 551 3692 va'num
600 3636 843 3706 episcopi
882 3636 1105 3706 sinere
1158 3649 1360 3690 nomen
1410 3637 1680 3691 indultum
1732 3638 1923 3701 fuisse,

356 3725 471 3762 rum
500 3722 620 3762 non
640 3705 794 3761 esset
822 3707 962 3777 inter
979 3705 1100 3760 illos
1123 3705 1409 3777 haereticos
1432 3707 1725 3776 episcopus
1753 3709 1846 3777 qui
1873 3709 1921 3761 ei

366 3778 763 3848 ordinationem
799 3775 1049 3848 conferre
1098 3785 1300 3848 posset.
1358 3775 1495 3830 Hinc
1539 3775 1645 3831 non
1693 3775 1925 3848 alicujus

366 3850 525 3912 urbis,
563 3847 661 3904 sed
693 3846 905 3901 haeresis
936 3844 1081 3917 illius
1114 3844 1404 3917 episcopus
1441 3857 1788 3917 nuncupatus
1818 3844 1922 3903 est.

356 3919 623 3985 Quocirca
650 3926 706 3971 et
729 3917 870 3971 infra
898 3916 1099 3970 dicitur
1122 3916 1294 3984 prima
1328 3917 1579 3969 cathedra
1606 3917 1920 3985 insignitus,

351 4006 455 4043 non
483 3989 620 4059 quia
654 3987 926 4059 episcopis
977 3986 1269 4055 aliquibus,
1298 3987 1391 4042 sed
1417 3987 1545 4058 quia
1590 3988 1688 4042 toti
1723 3986 1924 4044 haeresi

347 4057 687 4130 praesideret.
719 4057 1029 4130 Cousjnnr.

417 4130 541 4200 (12)Δ
575 4130 657 4181 Δι’
688 4127 1087 4200 (implicuit...
1114 4127 1498 4200 ἐνουρετεῒτο.
1545 4127 1774 4183 Ruﬁnus
1805 4143 1926 4182 ver-

348 4198 435 4263 tit,
470 4198 859 4253 admonebatur
897 4198 953 4251 in
977 4200 1215 4253 somniis.
1250 4198 1496 4254 Valesius
1543 4215 1704 4263 vero,
1757 4200 1925 4252 corri-

345 4271 599 4340 piebatur
629 4268 950 4340 insomnis;
994 4276 1048 4340 et
1088 4267 1251 4334 infra,
1306 4269 1397 4323 sed
1430 4285 1574 4340 cum
1633 4279 1921 4340 nocturnas

345 4338 621 4410 ejusmodi
653 4339 882 4410 uisiones
928 4339 1242 4410 negligeret;
1273 4355 1384 4410 quo
1424 4338 1479 4410 in
1526 4340 1645 4395 loco
1695 4338 1923 4396 Ruﬁnus

347 4408 460 4464 rion
495 4409 708 4480 addidit
735 4408 1042 4480 nocturnas.
1070 4408 1134 4464 In
1178 4408 1408 4478 utroque
1454 4408 1576 4465 loco
1605 4410 1810 4480 placuit
1835 4411 1925 4465 lit-

347 4494 479 4535 tera:
504 4479 711 4536 ϐαθείῃ
735 4479 1031 4545 adbzerere,
1062 4480 1117 4533 in
1156 4496 1265 4549 qua
1301 4480 1434 4534 nihil
1467 4490 1571 4545 est,
1604 4479 1922 4537 undesom-

346 4552 601 4605 uiantine
622 4565 694 4619 an
745 4549 990 4619 vigilanti
1020 4551 1132 4605 haec
1154 4551 1270 4605 visa
1320 4555 1540 4605 ostensa
1570 4550 1699 4615 sint,
1736 4551 1921 4619 conje-

345 4601 594 4704 gigas;
619 4601 734 4674 imo
771 4601 1299 4702 peragamus?"
1329 4601 1539 4674 ίέῷὲῖἆ
1571 4601 1919 4704 inaures
1950 4601 1994 4654 Ι)

341 4690 557 4763 ὅραμα,
582 4705 693 4763 quo
715 4698 1028 4763 constanter
1048 4692 1219 4763 utitur
1250 4701 1434 4763 noster
1455 4700 1665 4763 auctor,
1695 4690 1763 4763 de
1787 4691 1919 4763 visis

347 4759 694 4832 vigilantium
718 4761 937 4832 proprie
969 4760 1095 4815 dici.
1126 4760 1202 4815 In.
1225 4791 1296 4801 —
1319 4759 1395 4814 De
1420 4759 1732 4829 hujusmodi
1760 4761 1915 4826 visis,

344 4830 426 4885 εἰ
449 4831 856 4901 probatissimis
890 4830 1147 4901 Ecclesia:
1186 4832 1556 4901 monumentis
1596 4832 1921 4901 antiquiori-

345 4898 751 4971 bus—complura
776 4901 982 4971 profert
1009 4898 1254 4971 exempla
1285 4900 1594 4957 Dodweilus
1610 4898 1831 4956 Dissert.
1861 4902 1917 4969 4,

346 4972 634 5041 Cyprium,
657 4986 778 5042 pag.
801 4971 868 5025 57
894 4986 1046 5042 seqq.

420 5040 539 5110 (13)
581 5040 1200 5115 θεός-ζηληΧΪΝειηο
1236 5042 1455 5115 (ἥξει-ει
1480 5041 1574 5115 Dei
1614 5056 1807 5115 nomen
1851 5041 1914 5115 (7a

347 5113 486 5169 Caio
514 5113 608 5184 qui
633 5111 942 5184 Artemtinis
961 5114 1210 5184 haeresim
1234 5113 1466 5184 refutat)
1496 5112 1587 5167 hic
1626 5111 1919 5184 improprie

343 5181 574 5239 Christo
596 5182 848 5237 attribui:
869 5183 1139 5251 siquidem
1160 5184 1310 5237 illum
1335 5184 1403 5238 ab
1428 5183 1722 5237 Artemoue
1747 5181 1917 5237 Deum

345 5253 542 5326 negari
560 5269 677 5326 non
702 5254 924 5326 patitur,
952 5269 1111 5326 quem
1136 5269 1166 5308 a
1192 5254 1512 5320 majoribus,
1531 5262 1719 5326 contra
1748 5253 1919 5326 haere-

345 5322 439 5379 tici
472 5325 641 5394 hujus
669 5322 972 5389 mendacia,
1006 5323 1175 5380 Deum
1218 5333 1488 5380 assertum
1521 5339 1663 5394 esse,
1684 5322 1914 5394 ,Justini,

345 5392 640 5458 Miltiadis,
668 5394 916 5459 Tatiani,
963 5394 1292 5463 Clementis,
1323 5394 1510 5450 lrenaei
1555 5404 1607 5450 et
1647 5392 1916 5451 Melitonis

342 5467 571 5536 scriptis
597 5466 817 5536 evincit.
851 5464 1162 5536 Cops'rsnr.

414 5534 530 5604 (t4)
562 5535 846 5604 Μάρτυρα
874 5534 992 5589 τῶν
1018 5534 1183 5589 ἰδίων
1211 5534 1434 5591 παθῶν.
1453 5534 1609 5606 Apud
1635 5535 1914 5601 Rufinum,

345 5618 633 5731 martgrlem
658 5623 814 5661 suum
843 5607 932 5676 qui
961 5605 1060 5661 sibi
1090 5607 1147 5659 in
1175 5606 1355 5661 multis
1386 5605 1725 5678 passionibus
1751 5609 1917 5663 exsti-

345 5687 504 5731 terat.
557 5696 612 5731 ο.

345 5687 504 5731 terat.
538 5687 612 5733 In.

420 5749 545 5819 (15),
569 5750 883 5813 Μώλωπας
929 5741 1018 5800 ὧν
1061 5746 1295 5817 εἰλήφει
1350 5749 1618 5819 πληγῶν.
1670 5747 1916 5805 Valesius

383 5829 487 5891 ost,
519 5817 775 5875 Rufinum
809 5818 1045 5891 addidit,
1073 5834 1181 5891 pro
1213 5819 1414 5875 Christi
1474 5817 1818 5891 confessione.
1851 5819 1916 5873 Et

367 5894 435 5945 uc
476 5889 792 5948 merendum
824 5889 1014 5945 Cia-co
1053 5889 1345 5948 duximus:
1388 5889 1622 5949 maxime
1660 5908 1784 5946 cum
1819 5891 1915 5946 ila-

2036 3213 2283 3286 proxima
2322 3213 2546 3280 titentio,
2577 3216 2762 3285 plagas
2790 3231 2886 3285 pro
2914 3214 3118 3270 Christi
3144 3213 3468 3269 desertione
3497 3228 3601 3286 po—

2033 3284 2176 3351 tius,
2223 3302 2386 3356 quam
2449 3303 2544 3355 pro
2578 3284 2803 3341 Christi
2829 3286 3153 3355 confessione
3185 3295 3475 3354 acceptas,
3511 3284 3602 3339 hic

2029 3356 2254 3428 intelligi
2282 3357 2538 3426 postulet.
2566 3357 2643 3412 In.

2100 3428 2190 3499 (16
2195 3424 2228 3497 )’
2247 3424 2432 3492 Μόλις
2460 3424 2909 3499 κοινωνηθῆνιιι.
2933 3425 3279 3499 Allujusmodi
3311 3425 3599 3496 indulgen-

2027 3496 2243 3553 tiaVnOn
2276 3498 2449 3553 solum
2485 3497 2555 3551 iis
2581 3499 2676 3565 qui
2705 3514 2735 3551 a
2768 3496 3034 3552 catholica
3079 3496 3184 3551 ﬁde
3217 3496 3601 3552 abscesseraut

2027 3579 2081 3623 et
2109 3568 2178 3622 ad
2227 3584 2345 3623 eam
2382 3569 2729 3636 postmodum
2773 3567 3085 3632 redierant,
3124 3567 3219 3621 sed
3277 3577 3332 3620 et
3365 3566 3597 3623 mtechis

2065 3638 2417 3694 uariitentibus
2443 3638 2737 3708 impertita,
2757 3636 3090 3692 Tertulliano
3113 3636 3269 3708 valde
3294 3636 3594 3706 displicuit.

2057 3708 2161 3762 iam
2184 3709 2252 3763 ob
2276 3724 2497 3763 causam
2524 3706 2580 3762 in
2610 3710 2702 3762 lib.
2730 3708 2804 3761 De
2823 3708 3072 3776 pudicit.,
3095 3722 3151 3760 n.
3173 3706 3261 3776 15,
3278 3709 3598 3776 episcopum

2027 3778 2186 3848 cujus
2217 3793 2413 3831 nomen
2475 3780 2688 3841 reticet,
2753 3775 2831 3832 sic
2883 3777 3139 3848 sugillat;
3179 3775 3248 3829 Et
3303 3789 3358 3829 tu
3385 3775 3597 3847 quidem

2024 3846 2385 3918 painitentiapc
2418 3849 2602 3901 mwchi
2653 3848 2722 3900 ad
2754 3846 3078 3918 exorandam
3109 3846 3503 3914 fraternitatem
3534 3848 3592 3901 in

2027 3914 2300 3973 ecclesiam
2347 3917 2619 3983 inducens,
2660 3914 3044 3969 conci/iciatum
3087 3924 3135 3969 et
3163 3918 3591 3982 concineratum,

2026 4005 2147 4042 cum
2179 3987 2427 4041 dedecore
2455 3996 2504 4041 et
2554 3989 2769 4041 horrore
2799 3989 3164 4055 compositum,
3206 3988 3495 4056 prosternis
3538 3991 3596 4045 in

2026 4058 2253 4112 medium
2278 4068 2402 4110 ante
2431 4056 2638 4121 viduas,
2669 4065 2791 4110 ante
2818 4060 3169 4127 presbyteros,
3202 4060 3434 4112 omnium
3459 4058 3595 4115 laci-

2024 4130 2141 4182 nias
2169 4127 2521 4193 inpudentem,
2561 4128 2795 4180 omnium
2837 4126 3056 4195 vestigia
3093 4126 3442 4193 lambentem,
3478 4148 3594 4185 om-

2024 4201 2172 4253 nium
2202 4214 2369 4268 genua
2401 4199 2750 4263 detinentem;
2780 4198 2935 4268 inque
2964 4213 3084 4268 eum
3114 4198 3341 4253 hominis
3364 4200 3589 4267 exitum,

2022 4267 2237 4340 quantis
2281 4279 2425 4339 potes
2470 4267 2856 4323 misericordia:
2892 4267 3173 4333 illecebris,
3210 4268 3376 4323 bonus
3408 4282 3593 4339 pastor

2023 4339 2071 4394 et
2105 4339 2406 4394 benedictus
2435 4356 2573 4411 papa
2618 4341 2972 4411 concionaris‘,
3004 4348 3052 4391 et
3087 4340 3141 4394 in
3187 4343 3446 4408 parabole
3479 4345 3590 4396 ovis

2024 4427 2211 4483 capras
2257 4420 2378 4483 tuas
2424 4411 2617 4483 quaeris
2643 4451 2683 4483 ,γ
2712 4420 2819 4483 tua
2847 4410 3063 4483 ovisne.
3099 4427 3282 4483 rursus
3327 4413 3392 4465 de
3439 4429 3592 4483 grege

2022 4479 2258 4535 exsiliat.
2291 4479 2441 4545 Quae
2464 4481 2628 4537 verba
2674 4482 2760 4535 hic
2790 4480 3095 4534 describere
3129 4482 3307 4535 visum
3348 4479 3588 4538 estnon

2024 4560 2234 4622 tantum
2280 4552 2351 4604 ob
2385 4551 2801 4622 consensionem
2844 4550 3057 4603 illorum
3096 4566 3223 4605 cum
3271 4554 3339 4607 iis
3371 4570 3493 4622 qua:
3523 4555 3589 4618 (a

2022 4621 2188 4692 Caio)
2209 4621 2454 4690 proxime
2482 4621 2648 4673 relata
2672 4630 2818 4681 sunt,
2852 4630 2945 4672 aut
2970 4630 3027 4692 ut
3052 4634 3115 4674 ea
3146 4637 3266 4688 qua:
3296 4621 3426 4677 tunc
3450 4633 3589 4679 tem-

2020 4694 2172 4761 poris
2194 4694 2338 4745 circa
2376 4692 2721 4762 paenitcutcs
2742 4692 2946 4759 vigeret
2977 4691 3285 4760 disciplina,
3332 4695 3587 4762 exemplo

2021 4760 2195 4816 altero
2226 4764 2578 4816 firmaretur:
2634 4760 2724 4815 sed
2751 4771 2806 4814 et
2854 4761 3086 4814 maxime
3131 4762 3258 4831 quia
3301 4760 3584 4826 nonnulli,

2021 4832 2455 4899 nominatimque
2478 4830 2804 4886 Paschasius
2833 4830 3159 4895 Quesuellus
3195 4834 3425 4888 Dissert.
3462 4837 3485 4887 1
3520 4835 3587 4889 de

2019 4904 2130 4955 vita
2152 4912 2208 4975 et
2238 4903 2398 4975 gestis
2429 4899 2643 4975 Leonis,
2666 4916 2785 4975 cap.
2811 4901 2900 4975 i2,
2932 4918 2988 4955 ιι.
3018 4904 3077 4975 li,
3110 4921 3305 4975 papam
3329 4906 3482 4960 illum
3517 4905 3586 4959 de

2020 4987 2130 5040 quo
2152 4970 2266 5027 hinc
2298 4970 2667 5047 Tertullianus
2694 4972 2988 5047 eloquitur,
3013 4970 3380 5047 Zephjrinum
3416 4977 3584 5047 inter-

2021 5050 2323 5113 pretantur.
2346 5040 2422 5096 De
2451 5042 2569 5113 ipso
2592 5057 2807 5110 quoque
2836 5040 3102 5113 Barouius
3135 5040 3201 5100 aii
3226 5062 3430 5101 annum
3452 5045 3581 5108 216,

2019 5112 2076 5186 η.
2109 5112 2165 5186 1,
2199 5114 2402 5166 dictum
2439 5112 2686 5186 intelligit
2718 5112 2845 5166 illud
2888 5112 3131 5182 ejusdem
3163 5118 3253 5172 lib.
3287 5133 3325 5181 ι,
3367 5133 3486 5186 cap.
3515 5116 3537 5167 1
3567 5135 3580 5168 :

2016 5182 2192 5235 Audio
2239 5185 2396 5256 etiam
2441 5182 2668 5256 edictum
2686 5200 2809 5256 esse
2863 5188 3226 5255 propositum,
3278 5198 3327 5241 et
3373 5182 3583 5256 quidem

2016 5255 2466 5327 peremptorium:
2518 5253 2753 5323 pontifex
2781 5253 2978 5310 scilicet
3023 5260 3286 5312 maximus
3327 5253 3464 5327 quod
3504 5265 3584 5310 est

2017 5324 2289 5398 episcopus
2329 5325 2721 5398 episcoporum,
2755 5328 2909 5382 edicit
2941 5344 2960 5382 :
3007 5326 3126 5398 Ego
3162 5339 3211 5382 et
3255 5324 3489 5381 moéchia:
3532 5336 3582 5380 et

2017 5395 2389 5517 “inuentionis
2437 5395 2633 5448 delicta
2656 5436 2671 5459 ,
2729 5400 3035 5468 poenitentia
3058 5395 3072 5398 ’
3101 5397 3297 5467 [unctis
3345 5397 3580 5450 dimitto.

2067 5480 2204 5517 eque
2227 5466 2543 5517 ambiauum
2572 5474 2675 5517 est-
2693 5471 2824 5517 (ltlin
2850 5471 2895 5517 si
2925 5472 3213 5517 (ιριιοίριιιιι
3236 5468 3580 5517 Zenhvritms

2067 5480 2204 5540 eque
2227 5466 2543 5540 ambiguum
2560 5474 2675 5540 est,
2693 5466 2825 5536 quin
2850 5471 2896 5524 si
2925 5466 3213 5526 denotetur
3236 5468 3585 5540 Zephyriuus

2019 5536 2106 5590 his
2129 5552 2251 5605 cap.
2273 5538 2296 5590 1
2324 5538 2525 5611 verbis,
2556 5538 2699 5592 idem
2726 5555 2947 5611 quoque
2966 5536 3344 5610 superioribus
3366 5536 3487 5609 cap.
3514 5538 3584 5591 15

2017 5618 2291 5682 carpatur.
2324 5605 2439 5662 Non
2486 5608 2685 5682 desunt
2720 5605 2902 5666 tamen
2942 5605 3359 5682 qui'utrumque
3402 5605 3580 5665 locum

2017 5678 2084 5750 ad
2132 5679 2449 5747 episcopqu
2484 5678 2992 5750 Carthaginiensem
3034 5678 3303 5748 referant;
3352 5683 3493 5736 adeo
3520 5687 3584 5734 ut

2017 5748 2066 5802 is
2095 5763 2191 5819 per
2214 5748 3050 5820 exaggerationemTertulliano
3096 5769 3203 5808 non
3236 5753 3584 5813 insolentem,

2017 5820 2251 5893 pontifeg:
2283 5823 2547 5893 maximus
2583 5822 2762 5877 dictus
2796 5823 2868 5875 sit
2905 5831 2960 5877 et
3000 5824 3271 5893 episcopus
3314 5825 3583 5888 episcopo-

2019 5908 2155 5945 rum.
2192 5889 2387 5946 Verum
2434 5892 2545 5948 sive
2580 5895 2643 5956 is,
2682 5895 2796 5948 sive
2824 5893 3005 5957 quivis
3029 5889 3185 5949 alius
3233 5894 3582 5949 intelligatur.
